  <div class='ocr_page' id='page_1' title='image "/cluster/home/n/w/nwhite01/storage/ocr_20150623/42/mdp.39015052824052/427.png"; bbox 0 0 3986 6224; ppageno 0'>
   <div class='ocr_carea' id='block_1_1' title="bbox 405 301 509 367">
    <p class='ocr_par' dir='ltr' id='par_1_1' title="bbox 405 301 509 367">
     <span class='ocr_line' id='line_1_1' title="bbox 405 301 509 367; baseline 0 0"><span class='ocrx_word' id='word_1_1' title='bbox 405 301 509 367; x_wconf 70' lang='lat'><strong>73.5</strong></span> 
     </span>
    </p>
   </div>
   <div class='ocr_carea' id='block_1_2' title="bbox 1843 310 2280 369">
    <p class='ocr_par' dir='ltr' id='par_1_2' title="bbox 1843 310 2280 369">
     <span class='ocr_line' id='line_1_2' title="bbox 1843 310 2280 369; baseline 0 -2"><span class='ocrx_word' id='word_1_2' title='bbox 1843 312 1904 369; x_wconf 83' lang='lat' dir='ltr'><strong>S.</strong></span> <span class='ocrx_word' id='word_1_3' title='bbox 1936 310 2280 369; x_wconf 77' lang='lat' dir='ltr'><strong>EPIPHANII</strong></span> 
     </span>
    </p>
   </div>
   <div class='ocr_carea' id='block_1_3' title="bbox 3555 310 3662 368">
    <p class='ocr_par' dir='ltr' id='par_1_3' title="bbox 3555 310 3662 368">
     <span class='ocr_line' id='line_1_3' title="bbox 3555 310 3662 368; baseline -0.019 0"><span class='ocrx_word' id='word_1_4' title='bbox 3555 310 3662 368; x_wconf 75' lang='lat'><strong>796</strong></span> 
     </span>
    </p>
   </div>
   <div class='ocr_carea' id='block_1_4' title="bbox 404 419 1991 499">
    <p class='ocr_par' dir='ltr' id='par_1_4' title="bbox 404 419 1975 497">
     <span class='ocr_line' id='line_1_4' title="bbox 404 419 1975 497; baseline 0.005 -22"><span class='ocrx_word' id='word_1_5' title='bbox 404 419 718 493; x_wconf 73' lang='lat' dir='ltr'><strong>diligentem</strong></span> <span class='ocrx_word' id='word_1_6' title='bbox 747 435 969 491; x_wconf 81' lang='lat' dir='ltr'><strong>operam</strong></span> <span class='ocrx_word' id='word_1_7' title='bbox 1006 420 1176 477; x_wconf 88' lang='lat' dir='ltr'><strong>dedit.</strong></span> <span class='ocrx_word' id='word_1_8' title='bbox 1224 422 1438 479; x_wconf 81' lang='lat' dir='ltr'><strong>Bonum</strong></span> <span class='ocrx_word' id='word_1_9' title='bbox 1477 433 1712 497; x_wconf 75' lang='lat' dir='ltr'><strong>sapienti</strong></span> <span class='ocrx_word' id='word_1_10' title='bbox 1750 428 1975 484; x_wconf 90' lang='lat' dir='ltr'><strong>cuilibet</strong></span> 
     </span>
    </p>
   </div>
   <div class='ocr_carea' id='block_1_5' title="bbox 2106 419 3661 499">
    <p class='ocr_par' dir='ltr' id='par_1_5' title="bbox 2106 425 3661 499">
     <span class='ocr_line' id='line_1_5' title="bbox 2106 425 3661 499; baseline -0.001 -14"><span class='ocrx_word' id='word_1_11' title='bbox 2106 431 2178 485; x_wconf 76' lang='grc' dir='ltr'><strong>τὸν</strong></span> <span class='ocrx_word' id='word_1_12' title='bbox 2224 430 2426 485; x_wconf 71' lang='grc' dir='ltr'>Πόντον</span> <span class='ocrx_word' id='word_1_13' title='bbox 2476 427 2705 493; x_wconf 80' lang='grc' dir='ltr'>πόλεως,</span> <span class='ocrx_word' id='word_1_14' title='bbox 2756 428 2824 481; x_wconf 83' lang='grc' dir='ltr'>τὰ</span> <span class='ocrx_word' id='word_1_15' title='bbox 2877 426 3055 481; x_wconf 84' lang='grc' dir='ltr'>πάντα</span> <span class='ocrx_word' id='word_1_16' title='bbox 3107 425 3430 481; x_wconf 77' lang='grc' dir='ltr'><strong>Ἀντισθένει</strong></span> <span class='ocrx_word' id='word_1_17' title='bbox 3473 429 3661 499; x_wconf 69' lang='grc' dir='ltr'>συνῆν.</span> 
     </span>
    </p>
   </div>
   <div class='ocr_carea' id='block_1_6' title="bbox 401 514 1985 591">
    <p class='ocr_par' dir='ltr' id='par_1_6' title="bbox 401 514 1985 591">
     <span class='ocr_line' id='line_1_6' title="bbox 401 514 1985 591; baseline 0.005 -23"><span class='ocrx_word' id='word_1_18' title='bbox 401 528 527 570; x_wconf 82' lang='lat' dir='ltr'><strong>esse</strong></span> <span class='ocrx_word' id='word_1_19' title='bbox 564 514 869 583; x_wconf 72' lang='lat' dir='ltr'><strong>tolerabile,</strong></span> <span class='ocrx_word' id='word_1_20' title='bbox 903 523 1103 571; x_wconf 63' lang='lat' dir='ltr'><strong>caetera</strong></span> <span class='ocrx_word' id='word_1_21' title='bbox 1132 517 1370 587; x_wconf 77' lang='lat' dir='ltr'><strong>nugacia</strong></span> <span class='ocrx_word' id='word_1_22' title='bbox 1415 525 1469 574; x_wconf 88' lang='lat' dir='ltr'><strong>et</strong></span> <span class='ocrx_word' id='word_1_23' title='bbox 1515 519 1700 575; x_wconf 87' lang='lat' dir='ltr'><strong>inania</strong></span> <span class='ocrx_word' id='word_1_24' title='bbox 1735 536 1985 591; x_wconf 86' lang='lat' dir='ltr'><strong>pronun-</strong></span> 
     </span>
    </p>
   </div>
   <div class='ocr_carea' id='block_1_7' title="bbox 406 608 580 662">
    <p class='ocr_par' dir='ltr' id='par_1_7' title="bbox 406 608 580 662">
     <span class='ocr_line' id='line_1_7' title="bbox 406 608 580 662; baseline 0.006 -2"><span class='ocrx_word' id='word_1_25' title='bbox 406 608 580 662; x_wconf 72' lang='lat' dir='ltr'><strong>tiavit.</strong></span> 
     </span>
    </p>
   </div>
   <div class='ocr_carea' id='block_1_8' title="bbox 472 695 1986 772">
    <p class='ocr_par' dir='ltr' id='par_1_8' title="bbox 472 695 1986 772">
     <span class='ocr_line' id='line_1_8' title="bbox 472 695 1986 772; baseline 0.007 -24"><span class='ocrx_word' id='word_1_26' title='bbox 472 695 664 751; x_wconf 82' lang='lat' dir='ltr'><strong>Crates</strong></span> <span class='ocrx_word' id='word_1_27' title='bbox 685 695 890 755; x_wconf 82' lang='lat' dir='ltr'><strong>Thebis</strong></span> <span class='ocrx_word' id='word_1_28' title='bbox 918 695 973 754; x_wconf 92' lang='lat' dir='ltr'><strong>in</strong></span> <span class='ocrx_word' id='word_1_29' title='bbox 991 700 1201 756; x_wconf 60' lang='lat' dir='ltr'><strong>Boeotia</strong></span> <span class='ocrx_word' id='word_1_30' title='bbox 1227 698 1519 766; x_wconf 80' lang='lat' dir='ltr'><strong>oriundus,</strong></span> <span class='ocrx_word' id='word_1_31' title='bbox 1547 708 1697 756; x_wconf 89' lang='lat' dir='ltr'><strong>secta</strong></span> <span class='ocrx_word' id='word_1_32' title='bbox 1723 700 1986 772; x_wconf 84' lang='lat' dir='ltr'><strong>Cynicus,</strong></span> 
     </span>
    </p>
   </div>
   <div class='ocr_carea' id='block_1_9' title="bbox 401 790 1985 862">
    <p class='ocr_par' dir='ltr' id='par_1_9' title="bbox 401 790 1985 862">
     <span class='ocr_line' id='line_1_9' title="bbox 401 790 1985 862; baseline 0.006 -23"><span class='ocrx_word' id='word_1_33' title='bbox 401 800 586 841; x_wconf 83' lang='lat' dir='ltr'><strong>rerum</strong></span> <span class='ocrx_word' id='word_1_34' title='bbox 638 790 887 844; x_wconf 79' lang='lat' dir='ltr'><strong>omnium</strong></span> <span class='ocrx_word' id='word_1_35' title='bbox 940 791 1183 862; x_wconf 88' lang='lat' dir='ltr'><strong>inoptam</strong></span> <span class='ocrx_word' id='word_1_36' title='bbox 1257 806 1438 847; x_wconf 85' lang='lat' dir='ltr'><strong>veram</strong></span> <span class='ocrx_word' id='word_1_37' title='bbox 1501 807 1625 848; x_wconf 84' lang='lat' dir='ltr'><strong>esse</strong></span> <span class='ocrx_word' id='word_1_38' title='bbox 1681 792 1985 850; x_wconf 84' lang='lat' dir='ltr'><strong>libertatem</strong></span> 
     </span>
    </p>
   </div>
   <div class='ocr_carea' id='block_1_10' title="bbox 401 876 713 932">
    <p class='ocr_par' dir='ltr' id='par_1_10' title="bbox 401 876 713 932">
     <span class='ocr_line' id='line_1_10' title="bbox 401 876 713 932; baseline 0.016 -5"><span class='ocrx_word' id='word_1_39' title='bbox 401 876 713 932; x_wconf 79' lang='lat' dir='ltr'><strong>allirmavit.</strong></span> 
     </span>
    </p>
   </div>
   <div class='ocr_carea' id='block_1_11' title="bbox 471 969 1986 1046">
    <p class='ocr_par' dir='ltr' id='par_1_11' title="bbox 471 969 1986 1046">
     <span class='ocr_line' id='line_1_11' title="bbox 471 969 1986 1046; baseline 0.007 -24"><span class='ocrx_word' id='word_1_40' title='bbox 471 969 790 1026; x_wconf 82' lang='lat' dir='ltr'><strong>Arcesilaus</strong></span> <span class='ocrx_word' id='word_1_41' title='bbox 829 972 1009 1026; x_wconf 90' lang='lat' dir='ltr'><strong>solum</strong></span> <span class='ocrx_word' id='word_1_42' title='bbox 1052 972 1222 1028; x_wconf 90' lang='lat' dir='ltr'><strong>Deum</strong></span> <span class='ocrx_word' id='word_1_43' title='bbox 1263 973 1549 1029; x_wconf 87' lang='lat' dir='ltr'><strong>veritatem</strong></span> <span class='ocrx_word' id='word_1_44' title='bbox 1596 977 1839 1046; x_wconf 82' lang='lat' dir='ltr'><strong>assequi,</strong></span> <span class='ocrx_word' id='word_1_45' title='bbox 1883 978 1986 1033; x_wconf 89' lang='lat' dir='ltr'><strong>ho-</strong></span> 
     </span>
    </p>
   </div>
   <div class='ocr_carea' id='block_1_12' title="bbox 402 1061 1415 1125">
    <p class='ocr_par' dir='ltr' id='par_1_12' title="bbox 402 1061 1415 1125">
     <span class='ocr_line' id='line_1_12' title="bbox 402 1061 1415 1125; baseline 0.006 -11"><span class='ocrx_word' id='word_1_46' title='bbox 402 1061 613 1116; x_wconf 88' lang='lat' dir='ltr'><strong>minum</strong></span> <span class='ocrx_word' id='word_1_47' title='bbox 657 1079 786 1118; x_wconf 84' lang='lat' dir='ltr'><strong>vero</strong></span> <span class='ocrx_word' id='word_1_48' title='bbox 818 1065 1115 1125; x_wconf 87' lang='lat' dir='ltr'><strong>neminem,</strong></span> <span class='ocrx_word' id='word_1_49' title='bbox 1150 1065 1415 1120; x_wconf 77' lang='lat' dir='ltr'><strong>decrevit.</strong></span> 
     </span>
    </p>
   </div>
   <div class='ocr_carea' id='block_1_13' title="bbox 471 1153 1913 1214">
    <p class='ocr_par' dir='ltr' id='par_1_13' title="bbox 471 1153 1913 1214">
     <span class='ocr_line' id='line_1_13' title="bbox 471 1153 1913 1214; baseline 0.004 -6"><span class='ocrx_word' id='word_1_50' title='bbox 471 1153 790 1210; x_wconf 84' lang='lat' dir='ltr'><strong>Carneades</strong></span> <span class='ocrx_word' id='word_1_51' title='bbox 819 1157 1101 1211; x_wconf 82' lang='lat' dir='ltr'><strong>Arcesilao</strong></span> <span class='ocrx_word' id='word_1_52' title='bbox 1133 1157 1187 1210; x_wconf 89' lang='lat' dir='ltr'><strong>in</strong></span> <span class='ocrx_word' id='word_1_53' title='bbox 1218 1158 1479 1212; x_wconf 88' lang='lat' dir='ltr'><strong>omnibus</strong></span> <span class='ocrx_word' id='word_1_54' title='bbox 1511 1172 1774 1214; x_wconf 81' lang='lat' dir='ltr'><strong>assensus</strong></span> <span class='ocrx_word' id='word_1_55' title='bbox 1806 1167 1913 1214; x_wconf 84' lang='lat' dir='ltr'><strong>est.</strong></span> 
     </span>
    </p>
   </div>
   <div class='ocr_carea' id='block_1_14' title="bbox 472 1245 1982 1321">
    <p class='ocr_par' dir='ltr' id='par_1_14' title="bbox 472 1245 1982 1321">
     <span class='ocr_line' id='line_1_14' title="bbox 472 1245 1982 1321; baseline 0.005 -25"><span class='ocrx_word' id='word_1_56' title='bbox 472 1245 798 1302; x_wconf 78' lang='lat' dir='ltr'><strong>Aristoteles</strong></span> <span class='ocrx_word' id='word_1_57' title='bbox 826 1246 1145 1302; x_wconf 78' lang='lat' dir='ltr'><strong>Nicomachi</strong></span> <span class='ocrx_word' id='word_1_58' title='bbox 1186 1248 1356 1314; x_wconf 84' lang='lat' dir='ltr'><strong>ﬁlius,</strong></span> <span class='ocrx_word' id='word_1_59' title='bbox 1391 1259 1448 1303; x_wconf 91' lang='lat' dir='ltr'><strong>ut</strong></span> <span class='ocrx_word' id='word_1_60' title='bbox 1469 1252 1753 1306; x_wconf 86' lang='lat' dir='ltr'><strong>nonnullis</strong></span> <span class='ocrx_word' id='word_1_61' title='bbox 1784 1252 1982 1321; x_wconf 85' lang='lat' dir='ltr'><strong>placet,</strong></span> 
     </span>
    </p>
   </div>
   <div class='ocr_carea' id='block_1_15' title="bbox 404 1336 1981 1413">
    <p class='ocr_par' dir='ltr' id='par_1_15' title="bbox 404 1336 1981 1413">
     <span class='ocr_line' id='line_1_15' title="bbox 404 1336 1981 1413; baseline 0.004 -23"><span class='ocrx_word' id='word_1_62' title='bbox 404 1336 668 1406; x_wconf 78' lang='lat' dir='ltr'><strong>Macedo,</strong></span> <span class='ocrx_word' id='word_1_63' title='bbox 724 1356 789 1396; x_wconf 91' lang='lat' dir='ltr'><strong>ac</strong></span> <span class='ocrx_word' id='word_1_64' title='bbox 844 1341 1073 1413; x_wconf 83' lang='lat' dir='ltr'><strong>Stagiris</strong></span> <span class='ocrx_word' id='word_1_65' title='bbox 1124 1345 1437 1407; x_wconf 83' lang='lat' dir='ltr'><strong>oriundus.</strong></span> <span class='ocrx_word' id='word_1_66' title='bbox 1498 1358 1813 1413; x_wconf 86' lang='lat' dir='ltr'><strong>quanquam</strong></span> <span class='ocrx_word' id='word_1_67' title='bbox 1888 1343 1981 1397; x_wconf 87' lang='lat' dir='ltr'><strong>alii</strong></span> 
     </span>
    </p>
   </div>
   <div class='ocr_carea' id='block_1_16' title="bbox 404 1429 1981 1505">
    <p class='ocr_par' dir='ltr' id='par_1_16' title="bbox 404 1429 1981 1505">
     <span class='ocr_line' id='line_1_16' title="bbox 404 1429 1981 1505; baseline 0.003 -23"><span class='ocrx_word' id='word_1_68' title='bbox 404 1429 672 1486; x_wconf 63' lang='lat' dir='ltr'><strong>Thracem</strong></span> <span class='ocrx_word' id='word_1_69' title='bbox 724 1432 897 1488; x_wconf 80' lang='lat' dir='ltr'><strong>fuisse</strong></span> <span class='ocrx_word' id='word_1_70' title='bbox 936 1437 1148 1498; x_wconf 86' lang='lat' dir='ltr'><strong>malint,</strong></span> <span class='ocrx_word' id='word_1_71' title='bbox 1183 1434 1294 1490; x_wconf 91' lang='lat' dir='ltr'><strong>duo</strong></span> <span class='ocrx_word' id='word_1_72' title='bbox 1342 1435 1611 1505; x_wconf 85' lang='lat' dir='ltr'><strong>principia</strong></span> <span class='ocrx_word' id='word_1_73' title='bbox 1658 1434 1981 1500; x_wconf 88' lang='lat' dir='ltr'><strong>constituit,</strong></span> 
     </span>
    </p>
   </div>
   <div class='ocr_carea' id='block_1_17' title="bbox 404 1521 1982 1597">
    <p class='ocr_par' dir='ltr' id='par_1_17' title="bbox 404 1521 1982 1597">
     <span class='ocr_line' id='line_1_17' title="bbox 404 1521 1982 1597; baseline 0.003 -24"><span class='ocrx_word' id='word_1_74' title='bbox 404 1521 573 1577; x_wconf 87' lang='lat' dir='ltr'><strong>Deum</strong></span> <span class='ocrx_word' id='word_1_75' title='bbox 619 1537 684 1577; x_wconf 87' lang='lat' dir='ltr'><strong>ac</strong></span> <span class='ocrx_word' id='word_1_76' title='bbox 732 1525 1042 1580; x_wconf 81' lang='lat' dir='ltr'><strong>materiam.</strong></span> <span class='ocrx_word' id='word_1_77' title='bbox 1081 1525 1213 1591; x_wconf 70' lang='lat' dir='ltr'><strong>Quae</strong></span> <span class='ocrx_word' id='word_1_78' title='bbox 1254 1541 1418 1597; x_wconf 83' lang='lat' dir='ltr'><strong>supra</strong></span> <span class='ocrx_word' id='word_1_79' title='bbox 1466 1526 1652 1579; x_wconf 87' lang='lat' dir='ltr'><strong>lunam</strong></span> <span class='ocrx_word' id='word_1_80' title='bbox 1698 1532 1853 1589; x_wconf 88' lang='lat' dir='ltr'><strong>sunt,</strong></span> <span class='ocrx_word' id='word_1_81' title='bbox 1900 1524 1982 1578; x_wconf 87' lang='lat' dir='ltr'><strong>di-</strong></span> 
     </span>
    </p>
   </div>
   <div class='ocr_carea' id='block_1_18' title="bbox 402 1614 1982 1688">
    <p class='ocr_par' dir='ltr' id='par_1_18' title="bbox 402 1614 1982 1688">
     <span class='ocr_line' id='line_1_18' title="bbox 402 1614 1982 1688; baseline 0.003 -22"><span class='ocrx_word' id='word_1_82' title='bbox 402 1614 531 1666; x_wconf 86' lang='lat' dir='ltr'><strong>vina</strong></span> <span class='ocrx_word' id='word_1_83' title='bbox 584 1614 923 1683; x_wconf 88' lang='lat' dir='ltr'><strong>providentia</strong></span> <span class='ocrx_word' id='word_1_84' title='bbox 970 1617 1295 1687; x_wconf 81' lang='lat' dir='ltr'><strong>gubernari;</strong></span> <span class='ocrx_word' id='word_1_85' title='bbox 1350 1616 1610 1672; x_wconf 78' lang='lat' dir='ltr'><strong>inferiora</strong></span> <span class='ocrx_word' id='word_1_86' title='bbox 1665 1618 1813 1672; x_wconf 90' lang='lat' dir='ltr'><strong>nulla</strong></span> <span class='ocrx_word' id='word_1_87' title='bbox 1868 1618 1982 1688; x_wconf 80' lang='lat' dir='ltr'><strong>regi</strong></span> 
     </span>
    </p>
   </div>
   <div class='ocr_carea' id='block_1_19' title="bbox 400 1706 1982 1779">
    <p class='ocr_par' dir='ltr' id='par_1_19' title="bbox 400 1706 1982 1779">
     <span class='ocr_line' id='line_1_19' title="bbox 400 1706 1982 1779; baseline 0.001 -19"><span class='ocrx_word' id='word_1_88' title='bbox 400 1723 450 1776; x_wconf 35' lang='lat' dir='ltr'><strong>p.</strong></span> <span class='ocrx_word' id='word_1_89' title='bbox 470 1706 767 1774; x_wconf 89' lang='lat' dir='ltr'><strong>evidentia,</strong></span> <span class='ocrx_word' id='word_1_90' title='bbox 799 1710 893 1763; x_wconf 85' lang='lat' dir='ltr'><strong>sed</strong></span> <span class='ocrx_word' id='word_1_91' title='bbox 945 1717 1152 1763; x_wconf 80' lang='lat' dir='ltr'><strong>temere</strong></span> <span class='ocrx_word' id='word_1_92' title='bbox 1180 1724 1244 1762; x_wconf 89' lang='lat' dir='ltr'><strong>ac</strong></span> <span class='ocrx_word' id='word_1_93' title='bbox 1273 1710 1391 1764; x_wconf 84' lang='lat' dir='ltr'><strong>sine</strong></span> <span class='ocrx_word' id='word_1_94' title='bbox 1428 1710 1642 1763; x_wconf 88' lang='lat' dir='ltr'><strong>ratione</strong></span> <span class='ocrx_word' id='word_1_95' title='bbox 1686 1707 1800 1763; x_wconf 83' lang='lat' dir='ltr'><strong>ﬁeri</strong></span> <span class='ocrx_word' id='word_1_96' title='bbox 1830 1718 1982 1779; x_wconf 87' lang='lat' dir='ltr'><strong>puta-</strong></span> 
     </span>
    </p>
   </div>
   <div class='ocr_carea' id='block_1_20' title="bbox 2093 516 3663 591">
    <p class='ocr_par' dir='ltr' id='par_1_20' title="bbox 2093 516 3663 591">
     <span class='ocr_line' id='line_1_20' title="bbox 2093 516 3663 591; baseline 0 -17"><span class='ocrx_word' id='word_1_97' title='bbox 2093 521 2303 591; x_wconf 80' lang='grc' dir='ltr'>Ἔφησε</span> <span class='ocrx_word' id='word_1_98' title='bbox 2342 520 2404 573; x_wconf 79' lang='grc' dir='ltr'>τὸ</span> <span class='ocrx_word' id='word_1_99' title='bbox 2447 519 2652 589; x_wconf 78' lang='grc' dir='ltr'>ἀγαθὸν</span> <span class='ocrx_word' id='word_1_100' title='bbox 2696 519 2875 573; x_wconf 74' lang='grc' dir='ltr'>οἰστὸν</span> <span class='ocrx_word' id='word_1_101' title='bbox 2920 518 3083 572; x_wconf 70' lang='grc' dir='ltr'>παντὶ</span> <span class='ocrx_word' id='word_1_102' title='bbox 3121 517 3270 589; x_wconf 82' lang='grc' dir='ltr'><strong>σοφῷ</strong></span> <span class='ocrx_word' id='word_1_103' title='bbox 3309 516 3483 582; x_wconf 82' lang='grc' dir='ltr'>εἶναι,</span> <span class='ocrx_word' id='word_1_104' title='bbox 3526 520 3596 573; x_wconf 78' lang='grc' dir='ltr'>τὰ</span> <span class='ocrx_word' id='word_1_105' title='bbox 3619 520 3663 574; x_wconf 84' lang='grc' dir='ltr'>δ’</span> 
     </span>
    </p>
   </div>
   <div class='ocr_carea' id='block_1_21' title="bbox 2089 609 3284 684">
    <p class='ocr_par' dir='ltr' id='par_1_21' title="bbox 2089 609 3284 684">
     <span class='ocr_line' id='line_1_21' title="bbox 2089 609 3284 684; baseline -0.001 -19"><span class='ocrx_word' id='word_1_106' title='bbox 2089 611 2224 665; x_wconf 82' lang='grc' dir='ltr'>ἄλλα</span> <span class='ocrx_word' id='word_1_107' title='bbox 2258 612 2436 684; x_wconf 82' lang='grc' dir='ltr'>πάντα</span> <span class='ocrx_word' id='word_1_108' title='bbox 2461 611 2614 664; x_wconf 80' lang='grc' dir='ltr'>οὐδὲν</span> <span class='ocrx_word' id='word_1_109' title='bbox 2641 610 2674 681; x_wconf 82' lang='grc' dir='ltr'><strong>ἢ</strong></span> <span class='ocrx_word' id='word_1_110' title='bbox 2705 609 2976 680; x_wconf 82' lang='grc' dir='ltr'>φλυαρίας</span> <span class='ocrx_word' id='word_1_111' title='bbox 3005 610 3284 679; x_wconf 78' lang='grc' dir='ltr'><strong>ὑπάρχειν.</strong></span> 
     </span>
    </p>
   </div>
   <div class='ocr_carea' id='block_1_22' title="bbox 2159 697 3664 776">
    <p class='ocr_par' dir='ltr' id='par_1_22' title="bbox 2159 697 3664 776">
     <span class='ocr_line' id='line_1_22' title="bbox 2159 697 3664 776; baseline -0.004 -18"><span class='ocrx_word' id='word_1_112' title='bbox 2159 705 2383 776; x_wconf 76' lang='grc' dir='ltr'>Κράτης</span> <span class='ocrx_word' id='word_1_113' title='bbox 2406 704 2514 758; x_wconf 80' lang='grc' dir='ltr'>ἀπὸ</span> <span class='ocrx_word' id='word_1_114' title='bbox 2535 702 2732 774; x_wconf 75' lang='grc' dir='ltr'>Θηϐῶν</span> <span class='ocrx_word' id='word_1_115' title='bbox 2756 703 2866 757; x_wconf 84' lang='grc' dir='ltr'>τῶν</span> <span class='ocrx_word' id='word_1_116' title='bbox 2887 697 3217 766; x_wconf 73' lang='grc' dir='ltr'>Βοιωτικῶν,</span> <span class='ocrx_word' id='word_1_117' title='bbox 3242 703 3337 754; x_wconf 76' lang='grc' dir='ltr'>καὶ</span> <span class='ocrx_word' id='word_1_118' title='bbox 3360 700 3526 763; x_wconf 75' lang='grc' dir='ltr'>αὐτὸς</span> <span class='ocrx_word' id='word_1_119' title='bbox 3553 700 3664 753; x_wconf 78' lang='lat' dir='ltr'><strong>Ku-</strong></span> 
     </span>
    </p>
   </div>
   <div class='ocr_carea' id='block_1_23' title="bbox 2086 787 3547 864">
    <p class='ocr_par' dir='ltr' id='par_1_23' title="bbox 2086 787 3547 864">
     <span class='ocr_line' id='line_1_23' title="bbox 2086 787 3547 864; baseline -0.005 -15"><span class='ocrx_word' id='word_1_120' title='bbox 2086 795 2254 859; x_wconf 85' lang='grc' dir='ltr'>νικὺς,</span> <span class='ocrx_word' id='word_1_121' title='bbox 2286 794 2468 863; x_wconf 76' lang='grc' dir='ltr'>ἔλεγεν</span> <span class='ocrx_word' id='word_1_122' title='bbox 2494 792 2808 862; x_wconf 74' lang='grc' dir='ltr'><strong>ἐλευθερίας</strong></span> <span class='ocrx_word' id='word_1_123' title='bbox 2838 787 2981 846; x_wconf 77' lang='grc' dir='ltr'>εἶναι</span> <span class='ocrx_word' id='word_1_124' title='bbox 3011 792 3110 864; x_wconf 82' lang='grc' dir='ltr'>τὴν</span> <span class='ocrx_word' id='word_1_125' title='bbox 3138 789 3547 862; x_wconf 61' lang='grc' dir='ltr'>άκημοσύνην.</span> 
     </span>
    </p>
   </div>
   <div class='ocr_carea' id='block_1_24' title="bbox 2170 970 3663 1050">
    <p class='ocr_par' dir='ltr' id='par_1_24' title="bbox 2170 970 3663 1050">
     <span class='ocr_line' id='line_1_24' title="bbox 2170 970 3663 1050; baseline -0.002 -19"><span class='ocrx_word' id='word_1_126' title='bbox 2170 977 2517 1050; x_wconf 86' lang='grc' dir='ltr'>Ἀρκεσίλαος</span> <span class='ocrx_word' id='word_1_127' title='bbox 2539 975 2747 1046; x_wconf 70' lang='grc' dir='ltr'>ἔφασκε</span> <span class='ocrx_word' id='word_1_128' title='bbox 2793 977 2871 1046; x_wconf 87' lang='grc' dir='ltr'>τῷ</span> <span class='ocrx_word' id='word_1_129' title='bbox 2896 974 3015 1047; x_wconf 75' lang='grc' dir='ltr'><strong>Θεῷ</strong></span> <span class='ocrx_word' id='word_1_130' title='bbox 3054 973 3275 1045; x_wconf 74' lang='grc' dir='ltr'>ἐφικτὸν</span> <span class='ocrx_word' id='word_1_131' title='bbox 3323 970 3465 1029; x_wconf 71' lang='grc' dir='ltr'>εἶναι</span> <span class='ocrx_word' id='word_1_132' title='bbox 3504 974 3663 1046; x_wconf 76' lang='grc' dir='ltr'>μόνον</span> 
     </span>
    </p>
   </div>
   <div class='ocr_carea' id='block_1_25' title="bbox 2087 1064 2888 1138">
    <p class='ocr_par' dir='ltr' id='par_1_25' title="bbox 2087 1064 2888 1138">
     <span class='ocr_line' id='line_1_25' title="bbox 2087 1064 2888 1138; baseline -0.002 -16"><span class='ocrx_word' id='word_1_133' title='bbox 2087 1069 2147 1122; x_wconf 86' lang='grc' dir='ltr'><strong>τδ</strong></span> <span class='ocrx_word' id='word_1_134' title='bbox 2180 1068 2398 1138; x_wconf 80' lang='grc' dir='ltr'>ἀληθὲς,</span> <span class='ocrx_word' id='word_1_135' title='bbox 2426 1065 2697 1138; x_wconf 79' lang='grc' dir='ltr'><strong>ἀνθρώπῳ</strong></span> <span class='ocrx_word' id='word_1_136' title='bbox 2720 1065 2779 1120; x_wconf 82' lang='grc' dir='ltr'>δὲ</span> <span class='ocrx_word' id='word_1_137' title='bbox 2805 1064 2888 1120; x_wconf 78' lang='grc' dir='ltr'><strong>οὖ.</strong></span> 
     </span>
    </p>
   </div>
   <div class='ocr_carea' id='block_1_26' title="bbox 2156 1152 3527 1230">
    <p class='ocr_par' dir='ltr' id='par_1_26' title="bbox 2156 1152 3527 1230">
     <span class='ocr_line' id='line_1_26' title="bbox 2156 1152 3527 1230; baseline -0.009 -16"><span class='ocrx_word' id='word_1_138' title='bbox 2156 1159 2473 1230; x_wconf 84' lang='grc' dir='ltr'><strong>Καρνεάδης</strong></span> <span class='ocrx_word' id='word_1_139' title='bbox 2505 1157 2575 1211; x_wconf 75' lang='grc' dir='ltr'><strong>τά</strong></span> <span class='ocrx_word' id='word_1_140' title='bbox 2598 1156 2738 1211; x_wconf 81' lang='grc' dir='ltr'>αὐτὰ</span> <span class='ocrx_word' id='word_1_141' title='bbox 2766 1157 2843 1228; x_wconf 83' lang='grc' dir='ltr'>τῷ</span> <span class='ocrx_word' id='word_1_142' title='bbox 2879 1154 3212 1225; x_wconf 80' lang='grc' dir='ltr'><strong>Ἀρκεσιλάῳ</strong></span> <span class='ocrx_word' id='word_1_143' title='bbox 3240 1152 3491 1219; x_wconf 69' lang='grc' dir='ltr'>ἐδόξασεν</span> <span class='ocrx_word' id='word_1_144' title='bbox 3508 1185 3527 1202; x_wconf 92' lang='grc'><strong>.</strong></span> 
     </span>
    </p>
   </div>
   <div class='ocr_carea' id='block_1_27' title="bbox 2172 1242 3657 1319">
    <p class='ocr_par' dir='ltr' id='par_1_27' title="bbox 2172 1242 3657 1319">
     <span class='ocr_line' id='line_1_27' title="bbox 2172 1242 3657 1319; baseline -0.003 -19"><span class='ocrx_word' id='word_1_145' title='bbox 2172 1249 2222 1299; x_wconf 85' lang='grc' dir='ltr'><strong>Ἀ</strong></span> <span class='ocrx_word' id='word_1_146' title='bbox 2238 1247 2548 1319; x_wconf 78' lang='grc' dir='ltr'>ριστοτέλης</span> <span class='ocrx_word' id='word_1_147' title='bbox 2574 1249 2602 1298; x_wconf 94' lang='grc' dir='ltr'><strong>ό</strong></span> <span class='ocrx_word' id='word_1_148' title='bbox 2632 1246 2970 1316; x_wconf 81' lang='grc' dir='ltr'><strong>Νικομάχου,</strong></span> <span class='ocrx_word' id='word_1_149' title='bbox 3007 1242 3149 1297; x_wconf 82' lang='grc' dir='ltr'>κατὰ</span> <span class='ocrx_word' id='word_1_150' title='bbox 3175 1242 3272 1313; x_wconf 85' lang='grc' dir='ltr'>μέν</span> <span class='ocrx_word' id='word_1_151' title='bbox 3305 1259 3461 1305; x_wconf 82' lang='grc' dir='ltr'>τινας</span> <span class='ocrx_word' id='word_1_152' title='bbox 3486 1243 3657 1296; x_wconf 83' lang='grc' dir='ltr'>Μακε-</span> 
     </span>
    </p>
   </div>
   <div class='ocr_carea' id='block_1_28' title="bbox 2084 1330 3669 1408">
    <p class='ocr_par' dir='ltr' id='par_1_28' title="bbox 2084 1330 3669 1408">
     <span class='ocr_line' id='line_1_28' title="bbox 2084 1330 3669 1408; baseline -0.003 -16"><span class='ocrx_word' id='word_1_153' title='bbox 2084 1338 2210 1402; x_wconf 84' lang='grc' dir='ltr'>δὼν,</span> <span class='ocrx_word' id='word_1_154' title='bbox 2257 1339 2365 1392; x_wconf 85' lang='grc' dir='ltr'>ἀπὸ</span> <span class='ocrx_word' id='word_1_155' title='bbox 2427 1337 2771 1408; x_wconf 76' lang='grc' dir='ltr'>Σταγείρωνο</span> <span class='ocrx_word' id='word_1_156' title='bbox 2819 1337 2895 1399; x_wconf 87' lang='grc' dir='ltr'>ὡς</span> <span class='ocrx_word' id='word_1_157' title='bbox 2947 1336 3002 1389; x_wconf 84' lang='grc' dir='ltr'>δὲ</span> <span class='ocrx_word' id='word_1_158' title='bbox 3039 1335 3168 1389; x_wconf 72' lang='grc' dir='ltr'>ἔνιοι</span> <span class='ocrx_word' id='word_1_159' title='bbox 3232 1334 3368 1404; x_wconf 58' lang='grc'>(54),</span> <span class='ocrx_word' id='word_1_160' title='bbox 3423 1333 3572 1405; x_wconf 77' lang='grc' dir='ltr'>Θρᾲξ</span> <span class='ocrx_word' id='word_1_161' title='bbox 3602 1330 3669 1405; x_wconf 84' lang='grc' dir='ltr'><strong>ἦν</strong></span> 
     </span>
    </p>
   </div>
   <div class='ocr_carea' id='block_1_29' title="bbox 2083 1423 3663 1499">
    <p class='ocr_par' dir='ltr' id='par_1_29' title="bbox 2083 1423 3663 1499">
     <span class='ocr_line' id='line_1_29' title="bbox 2083 1423 3663 1499; baseline -0.004 -16"><span class='ocrx_word' id='word_1_162' title='bbox 2083 1432 2143 1484; x_wconf 87' lang='grc' dir='ltr'><strong>τὸ</strong></span> <span class='ocrx_word' id='word_1_163' title='bbox 2174 1430 2348 1499; x_wconf 79' lang='grc' dir='ltr'>γένος.</span> <span class='ocrx_word' id='word_1_164' title='bbox 2396 1429 2588 1498; x_wconf 82' lang='grc' dir='ltr'>Ἔλεγε</span> <span class='ocrx_word' id='word_1_165' title='bbox 2619 1428 2675 1481; x_wconf 81' lang='grc' dir='ltr'>δὲ</span> <span class='ocrx_word' id='word_1_166' title='bbox 2704 1428 2797 1482; x_wconf 83' lang='grc' dir='ltr'>δύο</span> <span class='ocrx_word' id='word_1_167' title='bbox 2829 1427 3000 1499; x_wconf 81' lang='grc' dir='ltr'>ἀρχὰς</span> <span class='ocrx_word' id='word_1_168' title='bbox 3028 1423 3350 1491; x_wconf 75' lang='grc' dir='ltr'>εἶναι,.Θεὸν</span> <span class='ocrx_word' id='word_1_169' title='bbox 3385 1426 3478 1479; x_wconf 80' lang='grc' dir='ltr'><strong>καὶ</strong></span> <span class='ocrx_word' id='word_1_170' title='bbox 3504 1426 3663 1496; x_wconf 74' lang='grc' dir='ltr'>ὕλην·</span> 
     </span>
    </p>
   </div>
   <div class='ocr_carea' id='block_1_30' title="bbox 2086 1517 3669 1591">
    <p class='ocr_par' dir='ltr' id='par_1_30' title="bbox 2086 1517 3669 1591">
     <span class='ocr_line' id='line_1_30' title="bbox 2086 1517 3669 1591; baseline -0.004 -17"><span class='ocrx_word' id='word_1_171' title='bbox 2086 1522 2177 1574; x_wconf 74' lang='grc' dir='ltr'><strong>καὶ</strong></span> <span class='ocrx_word' id='word_1_172' title='bbox 2209 1521 2277 1575; x_wconf 83' lang='grc' dir='ltr'>τὰ</span> <span class='ocrx_word' id='word_1_173' title='bbox 2305 1521 2404 1591; x_wconf 83' lang='grc' dir='ltr'><strong>μὲν</strong></span> <span class='ocrx_word' id='word_1_174' title='bbox 2430 1520 2688 1590; x_wconf 80' lang='grc' dir='ltr'><strong>ὑπεράνω</strong></span> <span class='ocrx_word' id='word_1_175' title='bbox 2712 1520 2810 1589; x_wconf 86' lang='grc' dir='ltr'><strong>τῆς</strong></span> <span class='ocrx_word' id='word_1_176' title='bbox 2836 1518 3064 1588; x_wconf 82' lang='grc' dir='ltr'>σελήνης</span> <span class='ocrx_word' id='word_1_177' title='bbox 3086 1517 3235 1578; x_wconf 80' lang='grc' dir='ltr'>θείας</span> <span class='ocrx_word' id='word_1_178' title='bbox 3263 1517 3519 1589; x_wconf 80' lang='grc' dir='ltr'><strong>προνοίας</strong></span> <span class='ocrx_word' id='word_1_179' title='bbox 3542 1533 3669 1585; x_wconf 85' lang='grc' dir='ltr'>τυγ-</span> 
     </span>
    </p>
   </div>
   <div class='ocr_carea' id='block_1_31' title="bbox 2083 1608 3670 1682">
    <p class='ocr_par' dir='ltr' id='par_1_31' title="bbox 2083 1608 3670 1682">
     <span class='ocr_line' id='line_1_31' title="bbox 2083 1608 3670 1682; baseline -0.003 -16"><span class='ocrx_word' id='word_1_180' title='bbox 2083 1614 2303 1682; x_wconf 88' lang='grc' dir='ltr'>χάνειν·</span> <span class='ocrx_word' id='word_1_181' title='bbox 2344 1611 2413 1664; x_wconf 83' lang='grc' dir='ltr'>τὰ</span> <span class='ocrx_word' id='word_1_182' title='bbox 2468 1610 2523 1663; x_wconf 81' lang='grc' dir='ltr'>δὲ</span> <span class='ocrx_word' id='word_1_183' title='bbox 2555 1609 2798 1663; x_wconf 82' lang='grc' dir='ltr'>κάτωθεν</span> <span class='ocrx_word' id='word_1_184' title='bbox 2834 1611 2933 1680; x_wconf 83' lang='grc' dir='ltr'><strong>τῆς</strong></span> <span class='ocrx_word' id='word_1_185' title='bbox 2968 1608 3195 1680; x_wconf 83' lang='grc' dir='ltr'>σελήνης</span> <span class='ocrx_word' id='word_1_186' title='bbox 3230 1610 3544 1680; x_wconf 81' lang='grc' dir='ltr'><strong>ἀπρονόητα</strong></span> <span class='ocrx_word' id='word_1_187' title='bbox 3569 1608 3670 1661; x_wconf 84' lang='grc' dir='ltr'>ὑπ-</span> 
     </span>
    </p>
   </div>
   <div class='ocr_carea' id='block_1_32' title="bbox 2084 1699 3656 1776">
    <p class='ocr_par' dir='ltr' id='par_1_32' title="bbox 2084 1699 3656 1776">
     <span class='ocr_line' id='line_1_32' title="bbox 2084 1699 3656 1776; baseline -0.004 -18"><span class='ocrx_word' id='word_1_188' title='bbox 2084 1707 2299 1776; x_wconf 82' lang='grc' dir='ltr'>άρχειν,</span> <span class='ocrx_word' id='word_1_189' title='bbox 2344 1703 2439 1756; x_wconf 69' lang='grc' dir='ltr'>καὶ</span> <span class='ocrx_word' id='word_1_190' title='bbox 2467 1702 2611 1773; x_wconf 78' lang='grc' dir='ltr'>φορᾷ</span> <span class='ocrx_word' id='word_1_191' title='bbox 2652 1719 2758 1756; x_wconf 84' lang='grc' dir='ltr'>τινι</span> <span class='ocrx_word' id='word_1_192' title='bbox 2797 1700 2976 1772; x_wconf 81' lang='grc' dir='ltr'><strong>ἀλόγῳ</strong></span> <span class='ocrx_word' id='word_1_193' title='bbox 3014 1699 3298 1770; x_wconf 83' lang='grc' dir='ltr'>φέρεσθαι,</span> <span class='ocrx_word' id='word_1_194' title='bbox 3327 1699 3403 1762; x_wconf 83' lang='grc' dir='ltr'>ὡς</span> <span class='ocrx_word' id='word_1_195' title='bbox 3446 1699 3656 1769; x_wconf 77' lang='grc' dir='ltr'>ἔτυχεν.</span> 
     </span>
    </p>
   </div>
   <div class='ocr_carea' id='block_1_33' title="bbox 403 1792 1991 1872">
    <p class='ocr_par' dir='ltr' id='par_1_33' title="bbox 403 1799 1991 1872">
     <span class='ocr_line' id='line_1_33' title="bbox 403 1799 1991 1872; baseline 0.001 -21"><span class='ocrx_word' id='word_1_196' title='bbox 403 1799 498 1852; x_wconf 86' lang='lat' dir='ltr'><strong>vit.</strong></span> <span class='ocrx_word' id='word_1_197' title='bbox 534 1799 665 1854; x_wconf 83' lang='lat' dir='ltr'><strong>Item</strong></span> <span class='ocrx_word' id='word_1_198' title='bbox 687 1799 825 1855; x_wconf 85' lang='lat' dir='ltr'><strong>duos</strong></span> <span class='ocrx_word' id='word_1_199' title='bbox 862 1816 986 1855; x_wconf 89' lang='lat' dir='ltr'><strong>esse</strong></span> <span class='ocrx_word' id='word_1_200' title='bbox 1016 1802 1272 1867; x_wconf 89' lang='lat' dir='ltr'><strong>mundos,</strong></span> <span class='ocrx_word' id='word_1_201' title='bbox 1312 1802 1528 1872; x_wconf 82' lang='lat'><strong>1090</strong></span> <span class='ocrx_word' id='word_1_202' title='bbox 1556 1801 1893 1871; x_wconf 82' lang='lat' dir='ltr'><strong>superiorem</strong></span> <span class='ocrx_word' id='word_1_203' title='bbox 1938 1807 1991 1855; x_wconf 92' lang='lat' dir='ltr'><strong>et</strong></span> 
     </span>
    </p>
   </div>
   <div class='ocr_carea' id='block_1_34' title="bbox 2106 1792 3663 1872">
    <p class='ocr_par' dir='ltr' id='par_1_34' title="bbox 2106 1792 3663 1865">
     <span class='ocr_line' id='line_1_34' title="bbox 2106 1792 3663 1865; baseline -0.005 -13"><span class='ocrx_word' id='word_1_204' title='bbox 2106 1794 2248 1852; x_wconf 76' lang='grc' dir='ltr'>Εἶναι</span> <span class='ocrx_word' id='word_1_205' title='bbox 2280 1797 2336 1850; x_wconf 79' lang='grc' dir='ltr'>δὲ</span> <span class='ocrx_word' id='word_1_206' title='bbox 2364 1796 2510 1865; x_wconf 79' lang='grc' dir='ltr'>λέγει</span> <span class='ocrx_word' id='word_1_207' title='bbox 2544 1794 2637 1848; x_wconf 77' lang='grc' dir='ltr'>δύο</span> <span class='ocrx_word' id='word_1_208' title='bbox 2675 1794 2931 1865; x_wconf 75' lang='grc' dir='ltr'><strong>κόσμους,</strong></span> <span class='ocrx_word' id='word_1_209' title='bbox 2963 1793 3053 1846; x_wconf 77' lang='grc' dir='ltr'>τὸν</span> <span class='ocrx_word' id='word_1_210' title='bbox 3089 1794 3203 1847; x_wconf 80' lang='grc' dir='ltr'>ἄνω</span> <span class='ocrx_word' id='word_1_211' title='bbox 3243 1794 3336 1845; x_wconf 69' lang='grc' dir='ltr'><strong>καὶ</strong></span> <span class='ocrx_word' id='word_1_212' title='bbox 3374 1792 3467 1845; x_wconf 83' lang='grc' dir='ltr'>τὸν</span> <span class='ocrx_word' id='word_1_213' title='bbox 3495 1792 3663 1845; x_wconf 84' lang='grc' dir='ltr'>κάτω·</span> 
     </span>
    </p>
   </div>
   <div class='ocr_carea' id='block_1_35' title="bbox 403 1890 1990 1963">
    <p class='ocr_par' dir='ltr' id='par_1_35' title="bbox 403 1890 1990 1963">
     <span class='ocr_line' id='line_1_35' title="bbox 403 1890 1990 1963; baseline 0.001 -19"><span class='ocrx_word' id='word_1_214' title='bbox 403 1890 685 1958; x_wconf 81' lang='lat' dir='ltr'><strong>intimum;</strong></span> <span class='ocrx_word' id='word_1_215' title='bbox 734 1890 888 1945; x_wconf 90' lang='lat' dir='ltr'><strong>illum</strong></span> <span class='ocrx_word' id='word_1_216' title='bbox 936 1892 1313 1962; x_wconf 85' lang='lat' dir='ltr'><strong>incorruptum</strong></span> <span class='ocrx_word' id='word_1_217' title='bbox 1366 1909 1508 1955; x_wconf 84' lang='lat' dir='ltr'><strong>esse,</strong></span> <span class='ocrx_word' id='word_1_218' title='bbox 1543 1893 1817 1963; x_wconf 88' lang='lat' dir='ltr'><strong>corrumpi</strong></span> <span class='ocrx_word' id='word_1_219' title='bbox 1863 1908 1990 1946; x_wconf 85' lang='lat' dir='ltr'><strong>vero</strong></span> 
     </span>
    </p>
   </div>
   <div class='ocr_carea' id='block_1_36' title="bbox 394 1978 1990 2052">
    <p class='ocr_par' dir='ltr' id='par_1_36' title="bbox 394 1978 1990 2052">
     <span class='ocr_line' id='line_1_36' title="bbox 394 1978 1990 2052; baseline 0.003 -21"><span class='ocrx_word' id='word_1_220' title='bbox 394 1979 659 2034; x_wconf 81' lang='lat' dir='ltr'><strong>alterum.</strong></span> <span class='ocrx_word' id='word_1_221' title='bbox 705 1978 991 2035; x_wconf 85' lang='lat' dir='ltr'><strong>Postremo</strong></span> <span class='ocrx_word' id='word_1_222' title='bbox 1029 1981 1265 2035; x_wconf 85' lang='lat' dir='ltr'><strong>animam</strong></span> <span class='ocrx_word' id='word_1_223' title='bbox 1302 1983 1550 2052; x_wconf 89' lang='lat' dir='ltr'><strong>corporis</strong></span> <span class='ocrx_word' id='word_1_224' title='bbox 1600 1997 1724 2037; x_wconf 87' lang='lat' dir='ltr'><strong>esse</strong></span> <span class='ocrx_word' id='word_1_225' title='bbox 1772 1980 1990 2036; x_wconf 86' lang='lat' dir='ltr'><strong>cndele-</strong></span> 
     </span>
    </p>
   </div>
   <div class='ocr_carea' id='block_1_37' title="bbox 403 2069 1975 2142">
    <p class='ocr_par' dir='ltr' id='par_1_37' title="bbox 403 2069 1975 2142">
     <span class='ocr_line' id='line_1_37' title="bbox 403 2069 1975 2142; baseline 0.002 -20"><span class='ocrx_word' id='word_1_226' title='bbox 403 2069 588 2133; x_wconf 81' lang='lat' dir='ltr'><strong>chian,</strong></span> <span class='ocrx_word' id='word_1_227' title='bbox 613 2070 715 2124; x_wconf 88' lang='lat' dir='ltr'><strong>hoc</strong></span> <span class='ocrx_word' id='word_1_228' title='bbox 742 2078 846 2133; x_wconf 86' lang='lat' dir='ltr'><strong>est,</strong></span> <span class='ocrx_word' id='word_1_229' title='bbox 887 2072 1202 2126; x_wconf 88' lang='lat' dir='ltr'><strong>continuam</strong></span> <span class='ocrx_word' id='word_1_230' title='bbox 1238 2073 1531 2127; x_wconf 88' lang='lat' dir='ltr'><strong>motionem</strong></span> <span class='ocrx_word' id='word_1_231' title='bbox 1562 2087 1625 2126; x_wconf 88' lang='lat' dir='ltr'><strong>ac</strong></span> <span class='ocrx_word' id='word_1_232' title='bbox 1659 2087 1975 2142; x_wconf 86' lang='lat' dir='ltr'><strong>perennem.</strong></span> 
     </span>
    </p>
   </div>
   <div class='ocr_carea' id='block_1_38' title="bbox 478 2158 1989 2232">
    <p class='ocr_par' dir='ltr' id='par_1_38' title="bbox 478 2158 1989 2232">
     <span class='ocr_line' id='line_1_38' title="bbox 478 2158 1989 2232; baseline 0.004 -19"><span class='ocrx_word' id='word_1_233' title='bbox 478 2158 897 2232; x_wconf 83' lang='lat' dir='ltr'><strong>Theophrastus</strong></span> <span class='ocrx_word' id='word_1_234' title='bbox 938 2161 1162 2219; x_wconf 86' lang='lat' dir='ltr'><strong>Eresius</strong></span> <span class='ocrx_word' id='word_1_235' title='bbox 1190 2164 1540 2220; x_wconf 83' lang='lat' dir='ltr'><strong>Aristotelem</strong></span> <span class='ocrx_word' id='word_1_236' title='bbox 1572 2165 1799 2219; x_wconf 89' lang='lat' dir='ltr'><strong>omnino</strong></span> <span class='ocrx_word' id='word_1_237' title='bbox 1830 2179 1989 2220; x_wconf 89' lang='lat' dir='ltr'><strong>secu-</strong></span> 
     </span>
    </p>
   </div>
   <div class='ocr_carea' id='block_1_39' title="bbox 404 2258 631 2306">
    <p class='ocr_par' dir='ltr' id='par_1_39' title="bbox 404 2258 631 2306">
     <span class='ocr_line' id='line_1_39' title="bbox 404 2258 631 2306; baseline 0.009 -2"><span class='ocrx_word' id='word_1_238' title='bbox 404 2258 497 2306; x_wconf 83' lang='lat' dir='ltr'><strong>tus</strong></span> <span class='ocrx_word' id='word_1_239' title='bbox 528 2260 631 2306; x_wconf 89' lang='lat' dir='ltr'><strong>est.</strong></span> 
     </span>
    </p>
   </div>
   <div class='ocr_carea' id='block_1_40' title="bbox 477 2338 1991 2410">
    <p class='ocr_par' dir='ltr' id='par_1_40' title="bbox 477 2338 1991 2410">
     <span class='ocr_line' id='line_1_40' title="bbox 477 2338 1991 2410; baseline 0.003 -18"><span class='ocrx_word' id='word_1_240' title='bbox 477 2338 661 2393; x_wconf 84' lang='lat' dir='ltr'><strong>Strato</strong></span> <span class='ocrx_word' id='word_1_241' title='bbox 693 2338 1103 2410; x_wconf 86' lang='lat' dir='ltr'><strong>Lampsacenus</strong></span> <span class='ocrx_word' id='word_1_242' title='bbox 1132 2356 1356 2396; x_wconf 89' lang='lat' dir='ltr'><strong>causam</strong></span> <span class='ocrx_word' id='word_1_243' title='bbox 1394 2342 1639 2396; x_wconf 91' lang='lat' dir='ltr'><strong>omnium</strong></span> <span class='ocrx_word' id='word_1_244' title='bbox 1673 2359 1856 2398; x_wconf 86' lang='lat' dir='ltr'><strong>rerum</strong></span> <span class='ocrx_word' id='word_1_245' title='bbox 1899 2356 1991 2398; x_wconf 89' lang='lat' dir='ltr'><strong>ca-</strong></span> 
     </span>
    </p>
   </div>
   <div class='ocr_carea' id='block_1_41' title="bbox 405 2430 1985 2505">
    <p class='ocr_par' dir='ltr' id='par_1_41' title="bbox 405 2430 1985 2505">
     <span class='ocr_line' id='line_1_41' title="bbox 405 2430 1985 2505; baseline 0.006 -23"><span class='ocrx_word' id='word_1_246' title='bbox 405 2430 527 2483; x_wconf 63' lang='lat' dir='ltr'><strong>liske</strong></span> <span class='ocrx_word' id='word_1_247' title='bbox 553 2437 761 2484; x_wconf 70' lang='lat' dir='ltr'><strong>naturae</strong></span> <span class='ocrx_word' id='word_1_248' title='bbox 788 2432 1085 2486; x_wconf 81' lang='lat' dir='ltr'><strong>tribuebat.</strong></span> <span class='ocrx_word' id='word_1_249' title='bbox 1137 2431 1388 2488; x_wconf 83' lang='lat' dir='ltr'><strong>lnﬁnitas</strong></span> <span class='ocrx_word' id='word_1_250' title='bbox 1408 2450 1532 2489; x_wconf 87' lang='lat' dir='ltr'><strong>esse</strong></span> <span class='ocrx_word' id='word_1_251' title='bbox 1559 2435 1749 2489; x_wconf 86' lang='lat' dir='ltr'><strong>mundi</strong></span> <span class='ocrx_word' id='word_1_252' title='bbox 1776 2444 1985 2505; x_wconf 84' lang='lat' dir='ltr'><strong>partes,</strong></span> 
     </span>
    </p>
   </div>
   <div class='ocr_carea' id='block_1_42' title="bbox 404 2521 1652 2592">
    <p class='ocr_par' dir='ltr' id='par_1_42' title="bbox 404 2521 1652 2592">
     <span class='ocr_line' id='line_1_42' title="bbox 404 2521 1652 2592; baseline 0.003 -17"><span class='ocrx_word' id='word_1_253' title='bbox 404 2537 581 2591; x_wconf 79' lang='lat' dir='ltr'><strong>neque</strong></span> <span class='ocrx_word' id='word_1_254' title='bbox 614 2521 821 2574; x_wconf 87' lang='lat' dir='ltr'><strong>animal</strong></span> <span class='ocrx_word' id='word_1_255' title='bbox 848 2537 975 2576; x_wconf 90' lang='lat' dir='ltr'><strong>esse</strong></span> <span class='ocrx_word' id='word_1_256' title='bbox 1008 2538 1181 2592; x_wconf 77' lang='lat' dir='ltr'><strong>capax</strong></span> <span class='ocrx_word' id='word_1_257' title='bbox 1213 2538 1377 2577; x_wconf 89' lang='lat' dir='ltr'><strong>omne</strong></span> <span class='ocrx_word' id='word_1_258' title='bbox 1410 2524 1652 2580; x_wconf 89' lang='lat' dir='ltr'><strong>dicebat.</strong></span> 
     </span>
    </p>
   </div>
   <div class='ocr_carea' id='block_1_43' title="bbox 479 2696 1989 2770">
    <p class='ocr_par' dir='ltr' id='par_1_43' title="bbox 479 2696 1989 2770">
     <span class='ocr_line' id='line_1_43' title="bbox 479 2696 1989 2770; baseline 0.005 -21"><span class='ocrx_word' id='word_1_259' title='bbox 479 2696 853 2765; x_wconf 60' lang='lat' dir='ltr'><strong>Praviphanes</strong></span> <span class='ocrx_word' id='word_1_260' title='bbox 905 2696 1157 2752; x_wconf 85' lang='lat' dir='ltr'><strong>Rhodius</strong></span> <span class='ocrx_word' id='word_1_261' title='bbox 1203 2697 1393 2753; x_wconf 85' lang='lat' dir='ltr'><strong>eadem</strong></span> <span class='ocrx_word' id='word_1_262' title='bbox 1446 2715 1511 2754; x_wconf 92' lang='lat' dir='ltr'><strong>ac</strong></span> <span class='ocrx_word' id='word_1_263' title='bbox 1573 2698 1989 2770; x_wconf 88' lang='lat' dir='ltr'><strong>Theophrastus</strong></span> 
     </span>
    </p>
   </div>
   <div class='ocr_carea' id='block_1_44' title="bbox 408 2787 717 2842">
    <p class='ocr_par' dir='ltr' id='par_1_44' title="bbox 408 2787 717 2842">
     <span class='ocr_line' id='line_1_44' title="bbox 408 2787 717 2842; baseline -0.006 0"><span class='ocrx_word' id='word_1_264' title='bbox 408 2787 717 2842; x_wconf 83' lang='lat' dir='ltr'><strong>asserebat.</strong></span> 
     </span>
    </p>
   </div>
   <div class='ocr_carea' id='block_1_45' title="bbox 474 2876 1855 2939">
    <p class='ocr_par' dir='ltr' id='par_1_45' title="bbox 474 2876 1855 2939">
     <span class='ocr_line' id='line_1_45' title="bbox 474 2876 1855 2939; baseline 0.001 -5"><span class='ocrx_word' id='word_1_265' title='bbox 474 2877 752 2934; x_wconf 86' lang='lat' dir='ltr'><strong>Critolaus</strong></span> <span class='ocrx_word' id='word_1_266' title='bbox 790 2876 1070 2935; x_wconf 86' lang='lat' dir='ltr'><strong>Phaselita</strong></span> <span class='ocrx_word' id='word_1_267' title='bbox 1110 2880 1463 2937; x_wconf 79' lang='lat' dir='ltr'><strong>Aristotelem</strong></span> <span class='ocrx_word' id='word_1_268' title='bbox 1494 2891 1720 2939; x_wconf 86' lang='lat' dir='ltr'><strong>secutus</strong></span> <span class='ocrx_word' id='word_1_269' title='bbox 1749 2892 1855 2938; x_wconf 89' lang='lat' dir='ltr'><strong>est.</strong></span> 
     </span>
    </p>
   </div>
   <div class='ocr_carea' id='block_1_46' title="bbox 477 3052 1990 3126">
    <p class='ocr_par' dir='ltr' id='par_1_46' title="bbox 477 3052 1990 3126">
     <span class='ocr_line' id='line_1_46' title="bbox 477 3052 1990 3126; baseline 0.003 -18"><span class='ocrx_word' id='word_1_270' title='bbox 477 3054 624 3108; x_wconf 89' lang='lat' dir='ltr'><strong>Zeno</strong></span> <span class='ocrx_word' id='word_1_271' title='bbox 654 3053 919 3110; x_wconf 88' lang='lat' dir='ltr'><strong>Citiensis</strong></span> <span class='ocrx_word' id='word_1_272' title='bbox 967 3052 1189 3110; x_wconf 89' lang='lat' dir='ltr'><strong>Stoicus</strong></span> <span class='ocrx_word' id='word_1_273' title='bbox 1225 3057 1425 3126; x_wconf 85' lang='lat' dir='ltr'><strong>templa</strong></span> <span class='ocrx_word' id='word_1_274' title='bbox 1463 3057 1570 3113; x_wconf 89' lang='lat' dir='ltr'><strong>diis</strong></span> <span class='ocrx_word' id='word_1_275' title='bbox 1597 3058 1805 3112; x_wconf 84' lang='lat' dir='ltr'><strong>exstrui</strong></span> <span class='ocrx_word' id='word_1_276' title='bbox 1840 3058 1990 3113; x_wconf 85' lang='lat' dir='ltr'><strong>nole-</strong></span> 
     </span>
    </p>
   </div>
   <div class='ocr_carea' id='block_1_47' title="bbox 2092 1883 3660 1958">
    <p class='ocr_par' dir='ltr' id='par_1_47' title="bbox 2092 1883 3660 1958">
     <span class='ocr_line' id='line_1_47' title="bbox 2092 1883 3660 1958; baseline -0.004 -16"><span class='ocrx_word' id='word_1_277' title='bbox 2092 1890 2186 1943; x_wconf 71' lang='grc' dir='ltr'><strong>καὶ</strong></span> <span class='ocrx_word' id='word_1_278' title='bbox 2225 1889 2317 1941; x_wconf 82' lang='grc' dir='ltr'><strong>τὸν</strong></span> <span class='ocrx_word' id='word_1_279' title='bbox 2366 1889 2462 1958; x_wconf 75' lang='grc' dir='ltr'>μὲν</span> <span class='ocrx_word' id='word_1_280' title='bbox 2499 1889 2610 1941; x_wconf 79' lang='grc' dir='ltr'>ἄνω</span> <span class='ocrx_word' id='word_1_281' title='bbox 2650 1886 2946 1956; x_wconf 68' lang='grc' dir='ltr'>ἄφθαρτον,</span> <span class='ocrx_word' id='word_1_282' title='bbox 2990 1885 3080 1937; x_wconf 80' lang='grc' dir='ltr'><strong>τὸν</strong></span> <span class='ocrx_word' id='word_1_283' title='bbox 3108 1884 3165 1937; x_wconf 79' lang='grc' dir='ltr'>δὲ</span> <span class='ocrx_word' id='word_1_284' title='bbox 3214 1886 3362 1938; x_wconf 83' lang='grc' dir='ltr'>κάτω</span> <span class='ocrx_word' id='word_1_285' title='bbox 3394 1883 3660 1952; x_wconf 81' lang='grc' dir='ltr'>φθαρτόν·</span> 
     </span>
    </p>
   </div>
   <div class='ocr_carea' id='block_1_48' title="bbox 2092 1974 3473 2051">
    <p class='ocr_par' dir='ltr' id='par_1_48' title="bbox 2092 1974 3473 2051">
     <span class='ocr_line' id='line_1_48' title="bbox 2092 1974 3473 2051; baseline -0.005 -16"><span class='ocrx_word' id='word_1_286' title='bbox 2092 1981 2187 2034; x_wconf 73' lang='grc' dir='ltr'><strong>καὶ</strong></span> <span class='ocrx_word' id='word_1_287' title='bbox 2210 1980 2308 2051; x_wconf 82' lang='grc' dir='ltr'><strong>τὴν</strong></span> <span class='ocrx_word' id='word_1_288' title='bbox 2334 1978 2510 2049; x_wconf 76' lang='grc' dir='ltr'>ψυχὴν</span> <span class='ocrx_word' id='word_1_289' title='bbox 2543 1976 2872 2047; x_wconf 79' lang='grc' dir='ltr'>ἐνδελέχειαν</span> <span class='ocrx_word' id='word_1_290' title='bbox 2894 1974 3007 2047; x_wconf 82' lang='grc'>(55)</span> <span class='ocrx_word' id='word_1_291' title='bbox 3030 1975 3278 2046; x_wconf 80' lang='grc' dir='ltr'>σώματος</span> <span class='ocrx_word' id='word_1_292' title='bbox 3301 1974 3473 2043; x_wconf 76' lang='grc' dir='ltr'>λέγει.</span> 
     </span>
    </p>
   </div>
   <div class='ocr_carea' id='block_1_49' title="bbox 2160 2151 3667 2230">
    <p class='ocr_par' dir='ltr' id='par_1_49' title="bbox 2160 2151 3667 2230">
     <span class='ocr_line' id='line_1_49' title="bbox 2160 2151 3667 2230; baseline -0.005 -17"><span class='ocrx_word' id='word_1_293' title='bbox 2160 2159 2501 2230; x_wconf 84' lang='grc' dir='ltr'>Θεόφραστος</span> <span class='ocrx_word' id='word_1_294' title='bbox 2540 2156 2784 2227; x_wconf 80' lang='grc' dir='ltr'>Ἐφέσιος</span> <span class='ocrx_word' id='word_1_295' title='bbox 2814 2157 2831 2187; x_wconf 76' lang='grc' dir='ltr'><strong>ί</strong></span> <span class='ocrx_word' id='word_1_296' title='bbox 2878 2154 2947 2208; x_wconf 80' lang='grc' dir='ltr'>τὰ</span> <span class='ocrx_word' id='word_1_297' title='bbox 2982 2153 3122 2208; x_wconf 81' lang='grc' dir='ltr'>αὐτὰ</span> <span class='ocrx_word' id='word_1_298' title='bbox 3162 2152 3524 2224; x_wconf 81' lang='grc' dir='ltr'>Ἀριστοτέλει</span> <span class='ocrx_word' id='word_1_299' title='bbox 3555 2151 3667 2205; x_wconf 76' lang='grc' dir='ltr'>ἐδό-</span> 
     </span>
    </p>
   </div>
   <div class='ocr_carea' id='block_1_50' title="bbox 2091 2251 3671 2413">
    <p class='ocr_par' dir='ltr' id='par_1_50' title="bbox 2091 2251 3671 2413">
     <span class='ocr_line' id='line_1_50' title="bbox 2091 2251 3671 2413; baseline -0.006 -16"><span class='ocrx_word' id='word_1_300' title='bbox 2091 2251 2513 2413; x_wconf 46' lang='lat' dir='ltr'><strong>51;”:me</strong></span> <span class='ocrx_word' id='word_1_301' title='bbox 2547 2341 2613 2393; x_wconf 81' lang='grc' dir='ltr'>ὲκ</span> <span class='ocrx_word' id='word_1_302' title='bbox 2644 2338 2945 2409; x_wconf 75' lang='grc' dir='ltr'><strong>Λαμψάκου</strong></span> <span class='ocrx_word' id='word_1_303' title='bbox 2964 2338 3061 2410; x_wconf 83' lang='grc' dir='ltr'><strong>τὴν</strong></span> <span class='ocrx_word' id='word_1_304' title='bbox 3093 2337 3304 2409; x_wconf 82' lang='grc' dir='ltr'>θερμὴν</span> <span class='ocrx_word' id='word_1_305' title='bbox 3329 2335 3517 2388; x_wconf 82' lang='grc' dir='ltr'>οὐσίαν</span> <span class='ocrx_word' id='word_1_306' title='bbox 3558 2334 3671 2388; x_wconf 79' lang='grc' dir='ltr'>ἕλε-</span> 
     </span>
    </p>
   </div>
   <div class='ocr_carea' id='block_1_51' title="bbox 2090 2427 3669 2506">
    <p class='ocr_par' dir='ltr' id='par_1_51' title="bbox 2090 2427 3669 2506">
     <span class='ocr_line' id='line_1_51' title="bbox 2090 2427 3669 2506; baseline -0.007 -17"><span class='ocrx_word' id='word_1_307' title='bbox 2090 2454 2185 2506; x_wconf 89' lang='grc' dir='ltr'>γεν</span> <span class='ocrx_word' id='word_1_308' title='bbox 2233 2435 2411 2488; x_wconf 82' lang='grc' dir='ltr'>αἰτίαν</span> <span class='ocrx_word' id='word_1_309' title='bbox 2458 2433 2673 2487; x_wconf 85' lang='grc' dir='ltr'>πάντων</span> <span class='ocrx_word' id='word_1_310' title='bbox 2721 2431 3007 2501; x_wconf 84' lang='grc' dir='ltr'>ὑπάρχειν.</span> <span class='ocrx_word' id='word_1_311' title='bbox 3075 2429 3315 2500; x_wconf 82' lang='grc' dir='ltr'>Ἀπειρα</span> <span class='ocrx_word' id='word_1_312' title='bbox 3376 2427 3434 2481; x_wconf 82' lang='grc' dir='ltr'>δὲ</span> <span class='ocrx_word' id='word_1_313' title='bbox 3486 2427 3669 2494; x_wconf 74' lang='grc' dir='ltr'>ἔλεγεν</span> 
     </span>
    </p>
   </div>
   <div class='ocr_carea' id='block_1_52' title="bbox 2092 2515 3668 2594">
    <p class='ocr_par' dir='ltr' id='par_1_52' title="bbox 2092 2515 3668 2594">
     <span class='ocr_line' id='line_1_52' title="bbox 2092 2515 3668 2594; baseline -0.008 -13"><span class='ocrx_word' id='word_1_314' title='bbox 2092 2524 2230 2580; x_wconf 77' lang='grc' dir='ltr'>εἶναι</span> <span class='ocrx_word' id='word_1_315' title='bbox 2270 2523 2339 2577; x_wconf 86' lang='grc' dir='ltr'>τὰ</span> <span class='ocrx_word' id='word_1_316' title='bbox 2374 2522 2517 2594; x_wconf 79' lang='grc' dir='ltr'>μέρη</span> <span class='ocrx_word' id='word_1_317' title='bbox 2562 2521 2655 2574; x_wconf 77' lang='grc' dir='ltr'>τοῦ</span> <span class='ocrx_word' id='word_1_318' title='bbox 2691 2520 2929 2591; x_wconf 85' lang='grc' dir='ltr'>κόσμου·</span> <span class='ocrx_word' id='word_1_319' title='bbox 2968 2519 3063 2574; x_wconf 73' lang='grc' dir='ltr'>καὶ</span> <span class='ocrx_word' id='word_1_320' title='bbox 3090 2520 3197 2573; x_wconf 77' lang='grc' dir='ltr'>πᾶν</span> <span class='ocrx_word' id='word_1_321' title='bbox 3226 2518 3366 2583; x_wconf 79' lang='grc' dir='ltr'>ζῶον</span> <span class='ocrx_word' id='word_1_322' title='bbox 3399 2517 3582 2584; x_wconf 74' lang='grc' dir='ltr'>ἔλεγεν</span> <span class='ocrx_word' id='word_1_323' title='bbox 3608 2515 3668 2569; x_wconf 81' lang='grc' dir='ltr'>οὐ</span> 
     </span>
    </p>
   </div>
   <div class='ocr_carea' id='block_1_53' title="bbox 2091 2611 2548 2670">
    <p class='ocr_par' dir='ltr' id='par_1_53' title="bbox 2091 2611 2548 2670">
     <span class='ocr_line' id='line_1_53' title="bbox 2091 2611 2548 2670; baseline -0.009 0"><span class='ocrx_word' id='word_1_324' title='bbox 2091 2615 2362 2670; x_wconf 81' lang='grc' dir='ltr'>δεικτικὸν</span> <span class='ocrx_word' id='word_1_325' title='bbox 2388 2611 2548 2667; x_wconf 78' lang='grc' dir='ltr'>εἶναι.</span> 
     </span>
    </p>
   </div>
   <div class='ocr_carea' id='block_1_54' title="bbox 2160 2694 3672 2776">
    <p class='ocr_par' dir='ltr' id='par_1_54' title="bbox 2160 2694 3672 2776">
     <span class='ocr_line' id='line_1_54' title="bbox 2160 2694 3672 2776; baseline -0.004 -18"><span class='ocrx_word' id='word_1_326' title='bbox 2160 2700 2511 2776; x_wconf 78' lang='grc' dir='ltr'>Πραξιφάνης</span> <span class='ocrx_word' id='word_1_327' title='bbox 2548 2701 2749 2766; x_wconf 88' lang='grc' dir='ltr'>Ῥόδιος</span> <span class='ocrx_word' id='word_1_328' title='bbox 2787 2698 2856 2754; x_wconf 77' lang='grc' dir='ltr'>τὰ</span> <span class='ocrx_word' id='word_1_329' title='bbox 2886 2700 3025 2755; x_wconf 77' lang='grc' dir='ltr'>αὐτὰ</span> <span class='ocrx_word' id='word_1_330' title='bbox 3068 2698 3148 2769; x_wconf 83' lang='grc' dir='ltr'>τῷ</span> <span class='ocrx_word' id='word_1_331' title='bbox 3184 2697 3517 2768; x_wconf 74' lang='grc' dir='ltr'>Θεοφράστῳ</span> <span class='ocrx_word' id='word_1_332' title='bbox 3549 2694 3672 2752; x_wconf 70' lang='grc' dir='ltr'>ἐδό-</span> 
     </span>
    </p>
   </div>
   <div class='ocr_carea' id='block_1_55' title="bbox 2097 2796 3671 2954">
    <p class='ocr_par' dir='ltr' id='par_1_55' title="bbox 2097 2796 3671 2954">
     <span class='ocr_line' id='line_1_55' title="bbox 2097 2796 3671 2954; baseline -0.004 -18"><span class='ocrx_word' id='word_1_333' title='bbox 2097 2796 2459 2954; x_wconf 53' lang='grc' dir='ltr'><strong>ξαἰεέῑιτόλαος</strong></span> <span class='ocrx_word' id='word_1_334' title='bbox 2503 2881 2532 2932; x_wconf 87' lang='grc' dir='ltr'><strong>ό</strong></span> <span class='ocrx_word' id='word_1_335' title='bbox 2558 2879 2883 2953; x_wconf 82' lang='grc' dir='ltr'>Φασηλίτης,</span> <span class='ocrx_word' id='word_1_336' title='bbox 2936 2882 3005 2935; x_wconf 83' lang='grc' dir='ltr'>τὰ</span> <span class='ocrx_word' id='word_1_337' title='bbox 3035 2879 3176 2935; x_wconf 74' lang='grc' dir='ltr'>αὐτὰ</span> <span class='ocrx_word' id='word_1_338' title='bbox 3198 2879 3275 2951; x_wconf 82' lang='grc' dir='ltr'>τῷ</span> <span class='ocrx_word' id='word_1_339' title='bbox 3316 2878 3671 2951; x_wconf 76' lang='grc' dir='ltr'>Ἀριστοτέλει</span> 
     </span>
    </p>
   </div>
   <div class='ocr_carea' id='block_1_56' title="bbox 2095 2974 2337 3040">
    <p class='ocr_par' dir='ltr' id='par_1_56' title="bbox 2095 2974 2337 3040">
     <span class='ocr_line' id='line_1_56' title="bbox 2095 2974 2337 3040; baseline 0 -10"><span class='ocrx_word' id='word_1_340' title='bbox 2095 2974 2337 3040; x_wconf 81' lang='grc' dir='ltr'>ὲδόξασε.</span> 
     </span>
    </p>
   </div>
   <div class='ocr_carea' id='block_1_57' title="bbox 2163 3061 3678 3137">
    <p class='ocr_par' dir='ltr' id='par_1_57' title="bbox 2163 3061 3678 3137">
     <span class='ocr_line' id='line_1_57' title="bbox 2163 3061 3678 3137; baseline -0.003 -18"><span class='ocrx_word' id='word_1_341' title='bbox 2163 3068 2348 3137; x_wconf 82' lang='grc' dir='ltr'><strong>Ζήνων</strong></span> <span class='ocrx_word' id='word_1_342' title='bbox 2361 3069 2389 3121; x_wconf 87' lang='grc' dir='ltr'><strong>ό</strong></span> <span class='ocrx_word' id='word_1_343' title='bbox 2408 3069 2627 3131; x_wconf 78' lang='grc' dir='ltr'>Κιτιεὺς</span> <span class='ocrx_word' id='word_1_344' title='bbox 2644 3066 2754 3135; x_wconf 82' lang='grc'>(56)</span> <span class='ocrx_word' id='word_1_345' title='bbox 2768 3067 2795 3118; x_wconf 91' lang='grc' dir='ltr'><strong>ό</strong></span> <span class='ocrx_word' id='word_1_346' title='bbox 2819 3063 3055 3127; x_wconf 81' lang='grc' dir='ltr'>Στωϊκὸς</span> <span class='ocrx_word' id='word_1_347' title='bbox 3097 3061 3199 3135; x_wconf 77' lang='grc' dir='ltr'><strong>ἔφη</strong></span> <span class='ocrx_word' id='word_1_348' title='bbox 3229 3062 3304 3132; x_wconf 81' lang='grc' dir='ltr'><strong>μὴ</strong></span> <span class='ocrx_word' id='word_1_349' title='bbox 3317 3061 3428 3114; x_wconf 85' lang='grc' dir='ltr'>δεῖν</span> <span class='ocrx_word' id='word_1_350' title='bbox 3444 3062 3584 3125; x_wconf 81' lang='grc' dir='ltr'>θεοῖς</span> <span class='ocrx_word' id='word_1_351' title='bbox 3598 3061 3678 3115; x_wconf 75' lang='grc' dir='ltr'><strong>οὶ-</strong></span> 
     </span>
    </p>
   </div>
   <div class='ocr_carea' id='block_1_58' title="bbox 409 3132 1991 3228">
    <p class='ocr_par' dir='ltr' id='par_1_58' title="bbox 409 3143 1987 3214">
     <span class='ocr_line' id='line_1_58' title="bbox 409 3143 1987 3214; baseline 0.003 -16"><span class='ocrx_word' id='word_1_352' title='bbox 409 3143 499 3198; x_wconf 82' lang='lat' dir='ltr'><strong>bnt</strong></span> <span class='ocrx_word' id='word_1_353' title='bbox 536 3163 550 3198; x_wconf 85' lang='lat'>:</span> <span class='ocrx_word' id='word_1_354' title='bbox 583 3144 784 3214; x_wconf 83' lang='lat' dir='ltr'><strong>quippe</strong></span> <span class='ocrx_word' id='word_1_355' title='bbox 819 3144 1065 3198; x_wconf 86' lang='lat' dir='ltr'><strong>divinum</strong></span> <span class='ocrx_word' id='word_1_356' title='bbox 1100 3161 1304 3199; x_wconf 92' lang='lat' dir='ltr'><strong>numen</strong></span> <span class='ocrx_word' id='word_1_357' title='bbox 1338 3146 1454 3200; x_wconf 89' lang='lat' dir='ltr'><strong>sola</strong></span> <span class='ocrx_word' id='word_1_358' title='bbox 1487 3155 1669 3202; x_wconf 87' lang='lat' dir='ltr'><strong>mente</strong></span> <span class='ocrx_word' id='word_1_359' title='bbox 1700 3147 1987 3202; x_wconf 81' lang='lat' dir='ltr'><strong>continen-</strong></span> 
     </span>
    </p>
   </div>
   <div class='ocr_carea' id='block_1_59' title="bbox 2106 3132 3670 3228">
    <p class='ocr_par' dir='ltr' id='par_1_59' title="bbox 2106 3132 3670 3228">
     <span class='ocr_line' id='line_1_59' title="bbox 2106 3132 3670 3228; baseline -0.018 -6"><span class='ocrx_word' id='word_1_360' title='bbox 2106 3132 2339 3228; x_wconf 50' lang='grc' dir='ltr'>(οδοελεῖν</span> <span class='ocrx_word' id='word_1_361' title='bbox 2375 3157 2516 3228; x_wconf 72' lang='grc' dir='ltr'>ἱερὰ,</span> <span class='ocrx_word' id='word_1_362' title='bbox 2550 3132 2664 3211; x_wconf 50' lang='grc' dir='ltr'>άλλδ</span> <span class='ocrx_word' id='word_1_363' title='bbox 2703 3132 2847 3226; x_wconf 51' lang='grc' dir='ltr'>ἔχειν</span> <span class='ocrx_word' id='word_1_364' title='bbox 2885 3152 2948 3206; x_wconf 83' lang='grc' dir='ltr'><strong>τὸ</strong></span> <span class='ocrx_word' id='word_1_365' title='bbox 2979 3153 3132 3206; x_wconf 85' lang='grc' dir='ltr'>Θεῖον</span> <span class='ocrx_word' id='word_1_366' title='bbox 3174 3132 3233 3204; x_wconf 66' lang='grc' dir='ltr'><strong>ἐν</strong></span> <span class='ocrx_word' id='word_1_367' title='bbox 3282 3151 3430 3222; x_wconf 82' lang='grc' dir='ltr'><strong>μόνῳ</strong></span> <span class='ocrx_word' id='word_1_368' title='bbox 3457 3148 3536 3221; x_wconf 85' lang='grc' dir='ltr'>τῷ</span> <span class='ocrx_word' id='word_1_369' title='bbox 3564 3149 3670 3220; x_wconf 79' lang='grc' dir='ltr'><strong>νῷ·</strong></span> 
     </span>
    </p>
   </div>
   <div class='ocr_carea' id='block_1_60' title="bbox 408 3232 1985 3306">
    <p class='ocr_par' dir='ltr' id='par_1_60' title="bbox 408 3232 1985 3306">
     <span class='ocr_line' id='line_1_60' title="bbox 408 3232 1985 3306; baseline 0.001 -19"><span class='ocrx_word' id='word_1_370' title='bbox 408 3232 535 3287; x_wconf 91' lang='lat' dir='ltr'><strong>dum</strong></span> <span class='ocrx_word' id='word_1_371' title='bbox 560 3252 572 3287; x_wconf 91' lang='lat'><strong>:</strong></span> <span class='ocrx_word' id='word_1_372' title='bbox 594 3234 708 3287; x_wconf 85' lang='lat' dir='ltr'><strong>sive</strong></span> <span class='ocrx_word' id='word_1_373' title='bbox 732 3233 917 3302; x_wconf 90' lang='lat' dir='ltr'><strong>potius</strong></span> <span class='ocrx_word' id='word_1_374' title='bbox 939 3233 1243 3288; x_wconf 82' lang='lat' dir='ltr'><strong>habendam</strong></span> <span class='ocrx_word' id='word_1_375' title='bbox 1268 3249 1367 3303; x_wconf 90' lang='lat' dir='ltr'><strong>pro</strong></span> <span class='ocrx_word' id='word_1_376' title='bbox 1393 3234 1504 3289; x_wconf 87' lang='lat' dir='ltr'><strong>Deo</strong></span> <span class='ocrx_word' id='word_1_377' title='bbox 1531 3244 1763 3290; x_wconf 84' lang='lat' dir='ltr'><strong>mentem</strong></span> <span class='ocrx_word' id='word_1_378' title='bbox 1792 3238 1985 3306; x_wconf 80' lang='lat' dir='ltr'><strong>ipsam;</strong></span> 
     </span>
    </p>
   </div>
   <div class='ocr_carea' id='block_1_61' title="bbox 410 3324 1992 3395">
    <p class='ocr_par' dir='ltr' id='par_1_61' title="bbox 410 3324 1992 3395">
     <span class='ocr_line' id='line_1_61' title="bbox 410 3324 1992 3395; baseline 0.003 -20"><span class='ocrx_word' id='word_1_379' title='bbox 410 3329 598 3394; x_wconf 75' lang='lat' dir='ltr'><strong>utpote</strong></span> <span class='ocrx_word' id='word_1_380' title='bbox 629 3339 749 3393; x_wconf 73' lang='lat' dir='ltr'><strong>quae</strong></span> <span class='ocrx_word' id='word_1_381' title='bbox 781 3325 853 3378; x_wconf 89' lang='lat' dir='ltr'><strong>sit</strong></span> <span class='ocrx_word' id='word_1_382' title='bbox 886 3325 1234 3380; x_wconf 81' lang='lat' dir='ltr'><strong>immortalis.</strong></span> <span class='ocrx_word' id='word_1_383' title='bbox 1270 3324 1516 3379; x_wconf 70' lang='lat' dir='ltr'><strong>MOI&#39;IUOS</strong></span> <span class='ocrx_word' id='word_1_384' title='bbox 1549 3325 1680 3381; x_wconf 79' lang='lat' dir='ltr'><strong>feris</strong></span> <span class='ocrx_word' id='word_1_385' title='bbox 1726 3327 1992 3395; x_wconf 80' lang='lat' dir='ltr'><strong>objicien-</strong></span> 
     </span>
    </p>
   </div>
   <div class='ocr_carea' id='block_1_62' title="bbox 410 3414 1988 3485">
    <p class='ocr_par' dir='ltr' id='par_1_62' title="bbox 410 3414 1988 3485">
     <span class='ocr_line' id='line_1_62' title="bbox 410 3414 1988 3485; baseline 0.002 -18"><span class='ocrx_word' id='word_1_386' title='bbox 410 3416 532 3472; x_wconf 74' lang='lat' dir='ltr'><strong>des.</strong></span> <span class='ocrx_word' id='word_1_387' title='bbox 575 3421 668 3467; x_wconf 91' lang='lat' dir='ltr'><strong>aut</strong></span> <span class='ocrx_word' id='word_1_388' title='bbox 700 3414 809 3484; x_wconf 81' lang='lat' dir='ltr'><strong>igni</strong></span> <span class='ocrx_word' id='word_1_389' title='bbox 847 3415 1318 3470; x_wconf 83' lang='lat' dir='ltr'><strong>concremandos:</strong></span> <span class='ocrx_word' id='word_1_390' title='bbox 1354 3430 1553 3485; x_wconf 90' lang='lat' dir='ltr'><strong>pueros</strong></span> <span class='ocrx_word' id='word_1_391' title='bbox 1584 3416 1637 3469; x_wconf 91' lang='lat' dir='ltr'><strong>in</strong></span> <span class='ocrx_word' id='word_1_392' title='bbox 1670 3415 1951 3470; x_wconf 87' lang='lat' dir='ltr'><strong>amoribus</strong></span> <span class='ocrx_word' id='word_1_393' title='bbox 1974 3455 1988 3479; x_wconf 94' lang='lat'><strong>,</strong></span> 
     </span>
    </p>
   </div>
   <div class='ocr_carea' id='block_1_63' title="bbox 410 3503 1992 3575">
    <p class='ocr_par' dir='ltr' id='par_1_63' title="bbox 410 3503 1992 3575">
     <span class='ocr_line' id='line_1_63' title="bbox 410 3503 1992 3575; baseline 0.001 -15"><span class='ocrx_word' id='word_1_394' title='bbox 410 3520 474 3560; x_wconf 87' lang='lat' dir='ltr'><strong>ac</strong></span> <span class='ocrx_word' id='word_1_395' title='bbox 508 3504 719 3559; x_wconf 89' lang='lat' dir='ltr'><strong>deliciis</strong></span> <span class='ocrx_word' id='word_1_396' title='bbox 758 3505 962 3560; x_wconf 85' lang='lat' dir='ltr'><strong>habere</strong></span> <span class='ocrx_word' id='word_1_397' title='bbox 1006 3507 1372 3575; x_wconf 82' lang='lat' dir='ltr'><strong>permittebat.</strong></span> <span class='ocrx_word' id='word_1_398' title='bbox 1431 3503 1576 3559; x_wconf 89' lang='lat' dir='ltr'><strong>Idem</strong></span> <span class='ocrx_word' id='word_1_399' title='bbox 1627 3506 1896 3560; x_wconf 86' lang='lat' dir='ltr'><strong>moderari</strong></span> <span class='ocrx_word' id='word_1_400' title='bbox 1928 3523 1992 3562; x_wconf 88' lang='lat' dir='ltr'><strong>ac</strong></span> 
     </span>
    </p>
   </div>
   <div class='ocr_carea' id='block_1_64' title="bbox 412 3595 1994 3670">
    <p class='ocr_par' dir='ltr' id='par_1_64' title="bbox 412 3595 1994 3670">
     <span class='ocr_line' id='line_1_64' title="bbox 412 3595 1994 3670; baseline 0.002 -20"><span class='ocrx_word' id='word_1_401' title='bbox 412 3611 601 3665; x_wconf 74' lang='lat' dir='ltr'><strong>regere</strong></span> <span class='ocrx_word' id='word_1_402' title='bbox 632 3597 817 3650; x_wconf 86' lang='lat' dir='ltr'><strong>omnia</strong></span> <span class='ocrx_word' id='word_1_403' title='bbox 850 3595 1017 3650; x_wconf 90' lang='lat' dir='ltr'><strong>Deum</strong></span> <span class='ocrx_word' id='word_1_404' title='bbox 1050 3598 1352 3653; x_wconf 86' lang='lat' dir='ltr'><strong>asserebat.</strong></span> <span class='ocrx_word' id='word_1_405' title='bbox 1392 3596 1596 3652; x_wconf 80' lang='lat' dir='ltr'><strong>Rerum</strong></span> <span class='ocrx_word' id='word_1_406' title='bbox 1627 3612 1828 3653; x_wconf 78' lang='lat' dir='ltr'><strong>causas</strong></span> <span class='ocrx_word' id='word_1_407' title='bbox 1862 3614 1994 3670; x_wconf 90' lang='lat' dir='ltr'><strong>par-</strong></span> 
     </span>
    </p>
   </div>
   <div class='ocr_carea' id='block_1_65' title="bbox 413 3686 1993 3759">
    <p class='ocr_par' dir='ltr' id='par_1_65' title="bbox 413 3686 1993 3759">
     <span class='ocr_line' id='line_1_65' title="bbox 413 3686 1993 3759; baseline 0.005 -21"><span class='ocrx_word' id='word_1_408' title='bbox 413 3688 510 3739; x_wconf 89' lang='lat' dir='ltr'><strong>tim</strong></span> <span class='ocrx_word' id='word_1_409' title='bbox 551 3686 607 3740; x_wconf 91' lang='lat' dir='ltr'><strong>in</strong></span> <span class='ocrx_word' id='word_1_410' title='bbox 652 3695 840 3741; x_wconf 88' lang='lat' dir='ltr'><strong>nostra</strong></span> <span class='ocrx_word' id='word_1_411' title='bbox 885 3695 1161 3757; x_wconf 89' lang='lat' dir='ltr'><strong>potestate</strong></span> <span class='ocrx_word' id='word_1_412' title='bbox 1191 3690 1420 3759; x_wconf 85' lang='lat' dir='ltr'><strong>positas.</strong></span> <span class='ocrx_word' id='word_1_413' title='bbox 1459 3688 1657 3758; x_wconf 88' lang='lat' dir='ltr'><strong>partim</strong></span> <span class='ocrx_word' id='word_1_414' title='bbox 1688 3696 1844 3744; x_wconf 76' lang='lat' dir='ltr'><strong>extra</strong></span> <span class='ocrx_word' id='word_1_415' title='bbox 1892 3706 1993 3746; x_wconf 92' lang='lat' dir='ltr'><strong>nos</strong></span> 
     </span>
    </p>
   </div>
   <div class='ocr_carea' id='block_1_66' title="bbox 411 3778 1993 3849">
    <p class='ocr_par' dir='ltr' id='par_1_66' title="bbox 411 3778 1993 3849">
     <span class='ocr_line' id='line_1_66' title="bbox 411 3778 1993 3849; baseline 0.004 -17"><span class='ocrx_word' id='word_1_416' title='bbox 411 3778 578 3844; x_wconf 81' lang='lat' dir='ltr'><strong>sitas;</strong></span> <span class='ocrx_word' id='word_1_417' title='bbox 612 3779 714 3832; x_wconf 91' lang='lat' dir='ltr'><strong>hoc</strong></span> <span class='ocrx_word' id='word_1_418' title='bbox 742 3789 827 3833; x_wconf 88' lang='lat' dir='ltr'><strong>est</strong></span> <span class='ocrx_word' id='word_1_419' title='bbox 861 3794 1044 3834; x_wconf 88' lang='lat' dir='ltr'><strong>rerum</strong></span> <span class='ocrx_word' id='word_1_420' title='bbox 1090 3780 1227 3835; x_wconf 89' lang='lat' dir='ltr'><strong>alias</strong></span> <span class='ocrx_word' id='word_1_421' title='bbox 1270 3780 1413 3849; x_wconf 86' lang='lat' dir='ltr'><strong>juris</strong></span> <span class='ocrx_word' id='word_1_422' title='bbox 1445 3795 1569 3835; x_wconf 88' lang='lat' dir='ltr'><strong>esse</strong></span> <span class='ocrx_word' id='word_1_423' title='bbox 1615 3780 1815 3846; x_wconf 89' lang='lat' dir='ltr'><strong>nostri,</strong></span> <span class='ocrx_word' id='word_1_424' title='bbox 1857 3783 1993 3838; x_wconf 88' lang='lat' dir='ltr'><strong>alias</strong></span> 
     </span>
    </p>
   </div>
   <div class='ocr_carea' id='block_1_67' title="bbox 412 3870 1994 3939">
    <p class='ocr_par' dir='ltr' id='par_1_67' title="bbox 412 3870 1994 3939">
     <span class='ocr_line' id='line_1_67' title="bbox 412 3870 1994 3939; baseline 0.003 -17"><span class='ocrx_word' id='word_1_425' title='bbox 412 3884 755 3939; x_wconf 74' lang='lat' dir='ltr'><strong>nequaquam</strong></span> <span class='ocrx_word' id='word_1_426' title='bbox 803 3886 967 3935; x_wconf 89' lang='lat' dir='ltr'><strong>esse,</strong></span> <span class='ocrx_word' id='word_1_427' title='bbox 1012 3870 1329 3926; x_wconf 82' lang='lat' dir='ltr'><strong>deﬁniebat.</strong></span> <span class='ocrx_word' id='word_1_428' title='bbox 1381 3871 1464 3925; x_wconf 89' lang='lat' dir='ltr'><strong>Ad</strong></span> <span class='ocrx_word' id='word_1_429' title='bbox 1511 3873 1628 3926; x_wconf 66' lang='lat' dir='ltr'><strong>haec</strong></span> <span class='ocrx_word' id='word_1_430' title='bbox 1675 3873 1912 3926; x_wconf 90' lang='lat' dir='ltr'><strong>animam</strong></span> <span class='ocrx_word' id='word_1_431' title='bbox 1963 3887 1994 3927; x_wconf 87' lang='lat' dir='ltr'><strong>a</strong></span> 
     </span>
    </p>
   </div>
   <div class='ocr_carea' id='block_1_68' title="bbox 409 3961 1995 4035">
    <p class='ocr_par' dir='ltr' id='par_1_68' title="bbox 409 3961 1995 4035">
     <span class='ocr_line' id='line_1_68' title="bbox 409 3961 1995 4035; baseline 0.003 -21"><span class='ocrx_word' id='word_1_432' title='bbox 409 3976 641 4031; x_wconf 87' lang='lat' dir='ltr'><strong>corpore</strong></span> <span class='ocrx_word' id='word_1_433' title='bbox 675 3961 911 4033; x_wconf 71' lang='lat' dir='ltr'><strong>seiungi,</strong></span> <span class='ocrx_word' id='word_1_434' title='bbox 966 3978 1129 4033; x_wconf 90' lang='lat' dir='ltr'><strong>quam</strong></span> <span class='ocrx_word' id='word_1_435' title='bbox 1170 3970 1224 4019; x_wconf 89' lang='lat' dir='ltr'><strong>et</strong></span> <span class='ocrx_word' id='word_1_436' title='bbox 1258 3964 1579 4018; x_wconf 87' lang='lat' dir='ltr'><strong>diuturnum</strong></span> <span class='ocrx_word' id='word_1_437' title='bbox 1613 3964 1867 4034; x_wconf 88' lang='lat' dir='ltr'><strong>spiritum</strong></span> <span class='ocrx_word' id='word_1_438' title='bbox 1900 3980 1995 4035; x_wconf 84' lang='lat' dir='ltr'><strong>ap-</strong></span> 
     </span>
    </p>
   </div>
   <div class='ocr_carea' id='block_1_69' title="bbox 414 4054 1995 4126">
    <p class='ocr_par' dir='ltr' id='par_1_69' title="bbox 414 4054 1995 4126">
     <span class='ocr_line' id='line_1_69' title="bbox 414 4054 1995 4126; baseline 0.004 -20"><span class='ocrx_word' id='word_1_439' title='bbox 414 4054 684 4125; x_wconf 73' lang='lat' dir='ltr'><strong>pellabat;</strong></span> <span class='ocrx_word' id='word_1_440' title='bbox 716 4055 811 4109; x_wconf 88' lang='lat' dir='ltr'><strong>sed</strong></span> <span class='ocrx_word' id='word_1_441' title='bbox 844 4069 952 4108; x_wconf 87' lang='lat' dir='ltr'><strong>non</strong></span> <span class='ocrx_word' id='word_1_442' title='bbox 981 4069 1212 4126; x_wconf 86' lang='lat' dir='ltr'><strong>prorsus</strong></span> <span class='ocrx_word' id='word_1_443' title='bbox 1245 4055 1616 4124; x_wconf 89' lang='lat' dir='ltr'><strong>incorruptam</strong></span> <span class='ocrx_word' id='word_1_444' title='bbox 1650 4072 1802 4122; x_wconf 89' lang='lat' dir='ltr'><strong>esse;</strong></span> <span class='ocrx_word' id='word_1_445' title='bbox 1833 4055 1995 4111; x_wconf 85' lang='lat' dir='ltr'><strong>adeo-</strong></span> 
     </span>
    </p>
   </div>
   <div class='ocr_carea' id='block_1_70' title="bbox 412 4146 1995 4220">
    <p class='ocr_par' dir='ltr' id='par_1_70' title="bbox 412 4146 1995 4220">
     <span class='ocr_line' id='line_1_70' title="bbox 412 4146 1995 4220; baseline 0.003 -21"><span class='ocrx_word' id='word_1_446' title='bbox 412 4161 517 4215; x_wconf 79' lang='lat' dir='ltr'><strong>que</strong></span> <span class='ocrx_word' id='word_1_447' title='bbox 542 4146 800 4216; x_wconf 89' lang='lat' dir='ltr'><strong>paulatim</strong></span> <span class='ocrx_word' id='word_1_448' title='bbox 830 4147 1093 4218; x_wconf 86' lang='lat' dir='ltr'><strong>temporis</strong></span> <span class='ocrx_word' id='word_1_449' title='bbox 1120 4147 1516 4220; x_wconf 74' lang='lat' dir='ltr'><strong>longinquitate</strong></span> <span class='ocrx_word' id='word_1_450' title='bbox 1539 4150 1815 4215; x_wconf 91' lang='lat' dir='ltr'><strong>consumi,</strong></span> <span class='ocrx_word' id='word_1_451' title='bbox 1848 4149 1995 4205; x_wconf 86' lang='lat' dir='ltr'><strong>et-in</strong></span> 
     </span>
    </p>
   </div>
   <div class='ocr_carea' id='block_1_71' title="bbox 413 4238 864 4309">
    <p class='ocr_par' dir='ltr' id='par_1_71' title="bbox 413 4238 864 4309">
     <span class='ocr_line' id='line_1_71' title="bbox 413 4238 864 4309; baseline 0.002 -16"><span class='ocrx_word' id='word_1_452' title='bbox 413 4238 640 4293; x_wconf 80' lang='lat' dir='ltr'><strong>nihilum</strong></span> <span class='ocrx_word' id='word_1_453' title='bbox 672 4238 864 4309; x_wconf 81' lang='lat' dir='ltr'><strong>redigi.</strong></span> 
     </span>
    </p>
   </div>
   <div class='ocr_carea' id='block_1_72' title="bbox 486 4350 1993 4419">
    <p class='ocr_par' dir='ltr' id='par_1_72' title="bbox 486 4350 1993 4419">
     <span class='ocr_line' id='line_1_72' title="bbox 486 4350 1993 4419; baseline 0.001 -13"><span class='ocrx_word' id='word_1_454' title='bbox 486 4350 781 4407; x_wconf 87' lang='lat' dir='ltr'><strong>Cleanthes</strong></span> <span class='ocrx_word' id='word_1_455' title='bbox 814 4368 1088 4408; x_wconf 89' lang='lat' dir='ltr'><strong>summum</strong></span> <span class='ocrx_word' id='word_1_456' title='bbox 1135 4353 1364 4419; x_wconf 87' lang='lat' dir='ltr'><strong>bonum,</strong></span> <span class='ocrx_word' id='word_1_457' title='bbox 1408 4362 1462 4409; x_wconf 89' lang='lat' dir='ltr'><strong>et</strong></span> <span class='ocrx_word' id='word_1_458' title='bbox 1495 4354 1788 4409; x_wconf 89' lang='lat' dir='ltr'><strong>honestum</strong></span> <span class='ocrx_word' id='word_1_459' title='bbox 1834 4355 1993 4408; x_wconf 85' lang='lat' dir='ltr'><strong>volu—</strong></span> 
     </span>
    </p>
   </div>
   <div class='ocr_carea' id='block_1_73' title="bbox 2096 3241 3669 3319">
    <p class='ocr_par' dir='ltr' id='par_1_73' title="bbox 2096 3241 3669 3319">
     <span class='ocr_line' id='line_1_73' title="bbox 2096 3241 3669 3319; baseline -0.006 -17"><span class='ocrx_word' id='word_1_460' title='bbox 2096 3249 2293 3319; x_wconf 79' lang='grc' dir='ltr'>μᾶλλον</span> <span class='ocrx_word' id='word_1_461' title='bbox 2328 3249 2383 3301; x_wconf 81' lang='grc' dir='ltr'>δὲ</span> <span class='ocrx_word' id='word_1_462' title='bbox 2410 3248 2540 3301; x_wconf 84' lang='grc' dir='ltr'>Θεὸν</span> <span class='ocrx_word' id='word_1_463' title='bbox 2586 3246 2833 3318; x_wconf 80' lang='grc' dir='ltr'>ἡγεῖσθαι</span> <span class='ocrx_word' id='word_1_464' title='bbox 2861 3245 2953 3297; x_wconf 85' lang='grc' dir='ltr'><strong>τὸν</strong></span> <span class='ocrx_word' id='word_1_465' title='bbox 2982 3243 3136 3298; x_wconf 77' lang='grc' dir='ltr'><strong>νοῦνο</strong></span> <span class='ocrx_word' id='word_1_466' title='bbox 3192 3241 3307 3295; x_wconf 78' lang='grc' dir='ltr'>ἔστι</span> <span class='ocrx_word' id='word_1_467' title='bbox 3335 3242 3445 3313; x_wconf 76' lang='grc' dir='ltr'><strong>γὰρ</strong></span> <span class='ocrx_word' id='word_1_468' title='bbox 3472 3241 3669 3294; x_wconf 79' lang='grc' dir='ltr'>ἀθάναο</span> 
     </span>
    </p>
   </div>
   <div class='ocr_carea' id='block_1_74' title="bbox 2092 3332 3673 3404">
    <p class='ocr_par' dir='ltr' id='par_1_74' title="bbox 2092 3332 3673 3404">
     <span class='ocr_line' id='line_1_74' title="bbox 2092 3332 3673 3404; baseline -0.004 -12"><span class='ocrx_word' id='word_1_469' title='bbox 2092 3357 2201 3403; x_wconf 78' lang='grc' dir='ltr'>τος.</span> <span class='ocrx_word' id='word_1_470' title='bbox 2237 3339 2375 3402; x_wconf 79' lang='grc' dir='ltr'>Τοὺς</span> <span class='ocrx_word' id='word_1_471' title='bbox 2403 3340 2459 3393; x_wconf 82' lang='grc' dir='ltr'><strong>δὲ</strong></span> <span class='ocrx_word' id='word_1_472' title='bbox 2487 3337 2855 3400; x_wconf 84' lang='grc' dir='ltr'>τελευτῶντας</span> <span class='ocrx_word' id='word_1_473' title='bbox 2884 3334 3043 3400; x_wconf 76' lang='grc' dir='ltr'>ζώοις</span> <span class='ocrx_word' id='word_1_474' title='bbox 3076 3332 3445 3404; x_wconf 78' lang='grc' dir='ltr'>παραϐάλλειν</span> <span class='ocrx_word' id='word_1_475' title='bbox 3476 3332 3673 3402; x_wconf 84' lang='grc' dir='ltr'>χρῆναι</span> 
     </span>
    </p>
   </div>
   <div class='ocr_carea' id='block_1_75' title="bbox 2092 3422 3671 3504">
    <p class='ocr_par' dir='ltr' id='par_1_75' title="bbox 2092 3422 3671 3504">
     <span class='ocr_line' id='line_1_75' title="bbox 2092 3422 3671 3504; baseline -0.008 -18"><span class='ocrx_word' id='word_1_476' title='bbox 2092 3432 2126 3504; x_wconf 78' lang='grc' dir='ltr'>ἢ</span> <span class='ocrx_word' id='word_1_477' title='bbox 2152 3432 2312 3504; x_wconf 86' lang='grc' dir='ltr'>πυρί·</span> <span class='ocrx_word' id='word_1_478' title='bbox 2342 3431 2435 3484; x_wconf 74' lang='grc' dir='ltr'>καὶ</span> <span class='ocrx_word' id='word_1_479' title='bbox 2457 3433 2565 3493; x_wconf 89' lang='grc' dir='ltr'>τοῖς</span> <span class='ocrx_word' id='word_1_480' title='bbox 2585 3429 2852 3491; x_wconf 82' lang='grc' dir='ltr'>παιδικοῖς</span> <span class='ocrx_word' id='word_1_481' title='bbox 2872 3424 3107 3499; x_wconf 82' lang='grc' dir='ltr'>χρῆσθαι</span> <span class='ocrx_word' id='word_1_482' title='bbox 3141 3423 3456 3487; x_wconf 76' lang='grc' dir='ltr'>ἀκωλύτως.</span> <span class='ocrx_word' id='word_1_483' title='bbox 3479 3422 3671 3491; x_wconf 72' lang='grc' dir='ltr'>Ἔλεγε</span> 
     </span>
    </p>
   </div>
   <div class='ocr_carea' id='block_1_76' title="bbox 2092 3515 3667 3585">
    <p class='ocr_par' dir='ltr' id='par_1_76' title="bbox 2092 3515 3667 3585">
     <span class='ocr_line' id='line_1_76' title="bbox 2092 3515 3667 3585; baseline -0.008 -7"><span class='ocrx_word' id='word_1_484' title='bbox 2092 3524 2149 3578; x_wconf 80' lang='grc' dir='ltr'>δὲ</span> <span class='ocrx_word' id='word_1_485' title='bbox 2180 3524 2355 3577; x_wconf 89' lang='grc' dir='ltr'>πάντα</span> <span class='ocrx_word' id='word_1_486' title='bbox 2389 3523 2607 3575; x_wconf 82' lang='grc' dir='ltr'>διοικεῖν</span> <span class='ocrx_word' id='word_1_487' title='bbox 2636 3522 2696 3575; x_wconf 85' lang='grc' dir='ltr'><strong>τὸ</strong></span> <span class='ocrx_word' id='word_1_488' title='bbox 2726 3520 2901 3574; x_wconf 87' lang='grc' dir='ltr'>Θεϊον.</span> <span class='ocrx_word' id='word_1_489' title='bbox 2962 3517 3074 3582; x_wconf 84' lang='grc' dir='ltr'>Τὰς</span> <span class='ocrx_word' id='word_1_490' title='bbox 3103 3517 3161 3570; x_wconf 80' lang='grc' dir='ltr'>δὲ</span> <span class='ocrx_word' id='word_1_491' title='bbox 3192 3518 3367 3579; x_wconf 81' lang='grc' dir='ltr'>αἰτίας</span> <span class='ocrx_word' id='word_1_492' title='bbox 3396 3515 3506 3569; x_wconf 86' lang='grc' dir='ltr'>τῶν</span> <span class='ocrx_word' id='word_1_493' title='bbox 3533 3531 3667 3585; x_wconf 84' lang='grc' dir='ltr'>πρα-</span> 
     </span>
    </p>
   </div>
   <div class='ocr_carea' id='block_1_77' title="bbox 2093 3608 3665 3685">
    <p class='ocr_par' dir='ltr' id='par_1_77' title="bbox 2093 3608 3665 3685">
     <span class='ocr_line' id='line_1_77' title="bbox 2093 3608 3665 3685; baseline -0.006 -17"><span class='ocrx_word' id='word_1_494' title='bbox 2093 3615 2318 3685; x_wconf 87' lang='grc' dir='ltr'>γμάτων</span> <span class='ocrx_word' id='word_1_495' title='bbox 2350 3613 2426 3685; x_wconf 81' lang='grc' dir='ltr'>πὴ</span> <span class='ocrx_word' id='word_1_496' title='bbox 2463 3613 2560 3683; x_wconf 84' lang='grc' dir='ltr'><strong>μὲν</strong></span> <span class='ocrx_word' id='word_1_497' title='bbox 2582 3611 2665 3681; x_wconf 70' lang='grc' dir='ltr'><strong>ἐφ’</strong></span> <span class='ocrx_word' id='word_1_498' title='bbox 2695 3613 2847 3682; x_wconf 79' lang='grc' dir='ltr'>ἡμῖν,</span> <span class='ocrx_word' id='word_1_499' title='bbox 2877 3609 2954 3680; x_wconf 81' lang='grc' dir='ltr'>πὴ</span> <span class='ocrx_word' id='word_1_500' title='bbox 2979 3608 3035 3661; x_wconf 82' lang='grc' dir='ltr'>δὲ</span> <span class='ocrx_word' id='word_1_501' title='bbox 3061 3609 3161 3661; x_wconf 84' lang='grc' dir='ltr'><strong>οὐκ</strong></span> <span class='ocrx_word' id='word_1_502' title='bbox 3186 3609 3269 3676; x_wconf 74' lang='grc' dir='ltr'><strong>ἐφ’</strong></span> <span class='ocrx_word' id='word_1_503' title='bbox 3297 3608 3429 3678; x_wconf 86' lang='grc' dir='ltr'>ἡμῖν</span> <span class='ocrx_word' id='word_1_504' title='bbox 3454 3624 3468 3637; x_wconf 77' lang='grc' dir='ltr'><strong>ο</strong></span> <span class='ocrx_word' id='word_1_505' title='bbox 3517 3622 3665 3659; x_wconf 78' lang='grc' dir='ltr'>τουτο</span> 
     </span>
    </p>
   </div>
   <div class='ocr_carea' id='block_1_78' title="bbox 2095 3696 3672 3774">
    <p class='ocr_par' dir='ltr' id='par_1_78' title="bbox 2095 3696 3672 3774">
     <span class='ocr_line' id='line_1_78' title="bbox 2095 3696 3672 3774; baseline -0.007 -16"><span class='ocrx_word' id='word_1_506' title='bbox 2095 3705 2211 3758; x_wconf 79' lang='grc' dir='ltr'>ἐστι</span> <span class='ocrx_word' id='word_1_507' title='bbox 2242 3705 2308 3757; x_wconf 78' lang='grc' dir='ltr'>τὰ</span> <span class='ocrx_word' id='word_1_508' title='bbox 2337 3704 2433 3774; x_wconf 82' lang='grc' dir='ltr'><strong>μὲν</strong></span> <span class='ocrx_word' id='word_1_509' title='bbox 2464 3703 2572 3757; x_wconf 81' lang='grc' dir='ltr'>τῶν</span> <span class='ocrx_word' id='word_1_510' title='bbox 2612 3701 2955 3772; x_wconf 82' lang='grc' dir='ltr'>πραγμάτων</span> <span class='ocrx_word' id='word_1_511' title='bbox 2985 3701 3069 3771; x_wconf 72' lang='grc' dir='ltr'><strong>ἐφ’</strong></span> <span class='ocrx_word' id='word_1_512' title='bbox 3097 3703 3249 3771; x_wconf 84' lang='grc' dir='ltr'>ἡμῖν,</span> <span class='ocrx_word' id='word_1_513' title='bbox 3282 3699 3351 3752; x_wconf 78' lang='grc' dir='ltr'><strong>τά</strong></span> <span class='ocrx_word' id='word_1_514' title='bbox 3380 3697 3439 3751; x_wconf 84' lang='grc' dir='ltr'>δὲ</span> <span class='ocrx_word' id='word_1_515' title='bbox 3466 3698 3567 3749; x_wconf 77' lang='grc' dir='ltr'><strong>οὐκ</strong></span> <span class='ocrx_word' id='word_1_516' title='bbox 3591 3696 3672 3765; x_wconf 68' lang='grc' dir='ltr'><strong>ἐφ’</strong></span> 
     </span>
    </p>
   </div>
   <div class='ocr_carea' id='block_1_79' title="bbox 2094 3791 3671 3867">
    <p class='ocr_par' dir='ltr' id='par_1_79' title="bbox 2094 3791 3671 3867">
     <span class='ocr_line' id='line_1_79' title="bbox 2094 3791 3671 3867; baseline -0.005 -18"><span class='ocrx_word' id='word_1_517' title='bbox 2094 3798 2249 3867; x_wconf 83' lang='grc' dir='ltr'>ἡμῖν.</span> <span class='ocrx_word' id='word_1_518' title='bbox 2284 3798 2473 3865; x_wconf 82' lang='grc' dir='ltr'>Ἔλεγε</span> <span class='ocrx_word' id='word_1_519' title='bbox 2503 3797 2558 3850; x_wconf 78' lang='grc' dir='ltr'>δὲ</span> <span class='ocrx_word' id='word_1_520' title='bbox 2590 3794 2682 3849; x_wconf 75' lang='grc' dir='ltr'><strong>καὶ</strong></span> <span class='ocrx_word' id='word_1_521' title='bbox 2719 3793 2857 3864; x_wconf 87' lang='grc' dir='ltr'>μετὰ</span> <span class='ocrx_word' id='word_1_522' title='bbox 2885 3794 3162 3865; x_wconf 85' lang='grc' dir='ltr'>χωρισμὸν</span> <span class='ocrx_word' id='word_1_523' title='bbox 3182 3796 3202 3824; x_wconf 82' lang='grc'>¹</span> <span class='ocrx_word' id='word_1_524' title='bbox 3222 3791 3335 3862; x_wconf 82' lang='lat'><strong>(57)</strong></span> <span class='ocrx_word' id='word_1_525' title='bbox 3363 3791 3671 3867; x_wconf 17' lang='lat' dir='ltr'><strong>roﬁiampa-</strong></span> 
     </span>
    </p>
   </div>
   <div class='ocr_carea' id='block_1_80' title="bbox 2095 3866 3674 3958">
    <p class='ocr_par' dir='ltr' id='par_1_80' title="bbox 2095 3866 3674 3958">
     <span class='ocr_line' id='line_1_80' title="bbox 2095 3866 3674 3958; baseline -0.006 -17"><span class='ocrx_word' id='word_1_526' title='bbox 2095 3866 2206 3952; x_wconf 84' lang='grc' dir='ltr'>τος,</span> <span class='ocrx_word' id='word_1_527' title='bbox 2239 3888 2334 3942; x_wconf 73' lang='grc' dir='ltr'><strong>καὶ</strong></span> <span class='ocrx_word' id='word_1_528' title='bbox 2361 3887 2547 3941; x_wconf 77' lang='grc' dir='ltr'>ἐκάλει</span> <span class='ocrx_word' id='word_1_529' title='bbox 2575 3887 2674 3958; x_wconf 85' lang='grc' dir='ltr'><strong>τὴν</strong></span> <span class='ocrx_word' id='word_1_530' title='bbox 2711 3887 2888 3958; x_wconf 78' lang='grc' dir='ltr'>ψυχὴν</span> <span class='ocrx_word' id='word_1_531' title='bbox 2931 3885 3277 3957; x_wconf 82' lang='grc' dir='ltr'>πολυχρόνιον</span> <span class='ocrx_word' id='word_1_532' title='bbox 3319 3866 3565 3952; x_wconf 63' lang='grc' dir='ltr'>πνεῦξιω</span> <span class='ocrx_word' id='word_1_533' title='bbox 3615 3879 3674 3933; x_wconf 83' lang='grc' dir='ltr'>οὐ</span> 
     </span>
    </p>
   </div>
   <div class='ocr_carea' id='block_1_81' title="bbox 2099 3968 3674 4052">
    <p class='ocr_par' dir='ltr' id='par_1_81' title="bbox 2099 3968 3674 4052">
     <span class='ocr_line' id='line_1_81' title="bbox 2099 3968 3674 4052; baseline -0.006 -18"><span class='ocrx_word' id='word_1_534' title='bbox 2099 3980 2206 4050; x_wconf 88' lang='grc' dir='ltr'><strong>μὴν</strong></span> <span class='ocrx_word' id='word_1_535' title='bbox 2242 3979 2298 4032; x_wconf 86' lang='grc' dir='ltr'>δὲ</span> <span class='ocrx_word' id='word_1_536' title='bbox 2334 3979 2610 4052; x_wconf 75' lang='grc' dir='ltr'>ἄφθαρτον</span> <span class='ocrx_word' id='word_1_537' title='bbox 2636 3979 2703 4032; x_wconf 88' lang='grc' dir='ltr'>δι’</span> <span class='ocrx_word' id='word_1_538' title='bbox 2727 3978 2850 4032; x_wconf 81' lang='grc' dir='ltr'>ὅλου</span> <span class='ocrx_word' id='word_1_539' title='bbox 2885 3977 3070 4045; x_wconf 80' lang='grc' dir='ltr'>ἔλεγεν</span> <span class='ocrx_word' id='word_1_540' title='bbox 3098 3976 3267 4046; x_wconf 80' lang='grc' dir='ltr'>αὐτὴν</span> <span class='ocrx_word' id='word_1_541' title='bbox 3293 3968 3453 4027; x_wconf 74' lang='grc' dir='ltr'>εἶναι.</span> <span class='ocrx_word' id='word_1_542' title='bbox 3488 3970 3674 4025; x_wconf 84' lang='grc' dir='ltr'>Ἐκδα-</span> 
     </span>
    </p>
   </div>
   <div class='ocr_carea' id='block_1_82' title="bbox 2096 4063 3673 4142">
    <p class='ocr_par' dir='ltr' id='par_1_82' title="bbox 2096 4063 3673 4142">
     <span class='ocr_line' id='line_1_82' title="bbox 2096 4063 3673 4142; baseline -0.005 -18"><span class='ocrx_word' id='word_1_543' title='bbox 2096 4072 2333 4124; x_wconf 84' lang='grc' dir='ltr'>πανᾶται</span> <span class='ocrx_word' id='word_1_544' title='bbox 2368 4071 2476 4142; x_wconf 84' lang='grc' dir='ltr'><strong>γὰρ</strong></span> <span class='ocrx_word' id='word_1_545' title='bbox 2506 4069 2611 4123; x_wconf 81' lang='grc' dir='ltr'><strong>ὑπὸ</strong></span> <span class='ocrx_word' id='word_1_546' title='bbox 2648 4069 2742 4123; x_wconf 81' lang='grc' dir='ltr'>τοῦ</span> <span class='ocrx_word' id='word_1_547' title='bbox 2782 4067 2977 4122; x_wconf 75' lang='grc' dir='ltr'>πολλοῦ</span> <span class='ocrx_word' id='word_1_548' title='bbox 3002 4068 3191 4140; x_wconf 84' lang='grc' dir='ltr'>χρόνου</span> <span class='ocrx_word' id='word_1_549' title='bbox 3236 4069 3317 4129; x_wconf 86' lang='grc' dir='ltr'><strong>είς</strong></span> <span class='ocrx_word' id='word_1_550' title='bbox 3353 4065 3415 4118; x_wconf 85' lang='grc' dir='ltr'><strong>τὸ</strong></span> <span class='ocrx_word' id='word_1_551' title='bbox 3450 4063 3673 4133; x_wconf 71' lang='grc' dir='ltr'><strong>ἀφανὲς,</strong></span> 
     </span>
    </p>
   </div>
   <div class='ocr_carea' id='block_1_83' title="bbox 2096 4160 2351 4235">
    <p class='ocr_par' dir='ltr' id='par_1_83' title="bbox 2096 4160 2351 4235">
     <span class='ocr_line' id='line_1_83' title="bbox 2096 4160 2351 4235; baseline -0.008 -20"><span class='ocrx_word' id='word_1_552' title='bbox 2096 4160 2173 4226; x_wconf 79' lang='grc' dir='ltr'>ὣς</span> <span class='ocrx_word' id='word_1_553' title='bbox 2201 4178 2351 4235; x_wconf 75' lang='grc' dir='ltr'>φησι.</span> 
     </span>
    </p>
   </div>
   <div class='ocr_carea' id='block_1_84' title="bbox 2168 4347 3675 4428">
    <p class='ocr_par' dir='ltr' id='par_1_84' title="bbox 2168 4347 3675 4428">
     <span class='ocr_line' id='line_1_84' title="bbox 2168 4347 3675 4428; baseline -0.004 -16"><span class='ocrx_word' id='word_1_554' title='bbox 2168 4356 2446 4428; x_wconf 83' lang='grc' dir='ltr'>Κλεάνθης</span> <span class='ocrx_word' id='word_1_555' title='bbox 2493 4357 2558 4417; x_wconf 70' lang='grc' dir='ltr'>τὸ</span> <span class='ocrx_word' id='word_1_556' title='bbox 2592 4357 2796 4425; x_wconf 81' lang='grc' dir='ltr'>ἀγαθὸν</span> <span class='ocrx_word' id='word_1_557' title='bbox 2840 4355 2950 4427; x_wconf 84' lang='lat'><strong>(58)</strong></span> <span class='ocrx_word' id='word_1_558' title='bbox 3002 4354 3095 4408; x_wconf 72' lang='grc' dir='ltr'>καὶ</span> <span class='ocrx_word' id='word_1_559' title='bbox 3131 4353 3297 4408; x_wconf 75' lang='grc' dir='ltr'>καλὸν</span> <span class='ocrx_word' id='word_1_560' title='bbox 3342 4352 3492 4421; x_wconf 81' lang='grc' dir='ltr'>λέγει</span> <span class='ocrx_word' id='word_1_561' title='bbox 3540 4347 3675 4406; x_wconf 71' lang='grc' dir='ltr'>εἶναι</span> 
     </span>
    </p>
   </div>
   <div class='ocr_carea' id='block_1_85' title="bbox 416 4439 1991 4525">
    <p class='ocr_par' dir='ltr' id='par_1_85' title="bbox 416 4444 1991 4517">
     <span class='ocr_line' id='line_1_85' title="bbox 416 4444 1991 4517; baseline 0.004 -24"><span class='ocrx_word' id='word_1_562' title='bbox 416 4450 593 4512; x_wconf 84' lang='lat' dir='ltr'><strong>ptates</strong></span> <span class='ocrx_word' id='word_1_563' title='bbox 651 4458 774 4497; x_wconf 90' lang='lat' dir='ltr'><strong>esse</strong></span> <span class='ocrx_word' id='word_1_564' title='bbox 830 4444 1046 4499; x_wconf 89' lang='lat' dir='ltr'><strong>dicebat</strong></span> <span class='ocrx_word' id='word_1_565' title='bbox 1085 4462 1099 4498; x_wconf 90' lang='lat'><strong>:</strong></span> <span class='ocrx_word' id='word_1_566' title='bbox 1141 4444 1416 4500; x_wconf 88' lang='lat' dir='ltr'><strong>hominem</strong></span> <span class='ocrx_word' id='word_1_567' title='bbox 1466 4448 1638 4501; x_wconf 90' lang='lat' dir='ltr'><strong>solam</strong></span> <span class='ocrx_word' id='word_1_568' title='bbox 1689 4447 1991 4517; x_wconf 85' lang='lat' dir='ltr'><strong>appellabat</strong></span> 
     </span>
    </p>
   </div>
   <div class='ocr_carea' id='block_1_86' title="bbox 2106 4439 3672 4525">
    <p class='ocr_par' dir='ltr' id='par_1_86' title="bbox 2106 4439 3672 4518">
     <span class='ocr_line' id='line_1_86' title="bbox 2106 4439 3672 4518; baseline -0.006 -18"><span class='ocrx_word' id='word_1_569' title='bbox 2106 4446 2193 4509; x_wconf 76' lang='grc' dir='ltr'>τὰς</span> <span class='ocrx_word' id='word_1_570' title='bbox 2216 4446 2403 4518; x_wconf 86' lang='grc' dir='ltr'>ἡδονάς</span> <span class='ocrx_word' id='word_1_571' title='bbox 2423 4462 2435 4475; x_wconf 73' lang='grc'><strong>⁸</strong></span> <span class='ocrx_word' id='word_1_572' title='bbox 2495 4445 2591 4497; x_wconf 72' lang='grc' dir='ltr'>καὶ</span> <span class='ocrx_word' id='word_1_573' title='bbox 2617 4444 2903 4516; x_wconf 81' lang='grc' dir='ltr'>ἄνθρωπον</span> <span class='ocrx_word' id='word_1_574' title='bbox 2931 4443 3112 4498; x_wconf 82' lang='grc' dir='ltr'>ὲκάλει</span> <span class='ocrx_word' id='word_1_575' title='bbox 3141 4443 3307 4514; x_wconf 83' lang='grc' dir='ltr'>μόνην</span> <span class='ocrx_word' id='word_1_576' title='bbox 3340 4442 3441 4512; x_wconf 82' lang='grc' dir='ltr'>τὴν</span> <span class='ocrx_word' id='word_1_577' title='bbox 3465 4439 3672 4510; x_wconf 75' lang='grc' dir='ltr'>ψυχήν·</span> 
     </span>
    </p>
   </div>
   <div class='ocr_carea' id='block_1_87' title="bbox 415 4529 1996 4606">
    <p class='ocr_par' dir='ltr' id='par_1_87' title="bbox 415 4529 1996 4606">
     <span class='ocr_line' id='line_1_87' title="bbox 415 4529 1996 4606; baseline 0.006 -24"><span class='ocrx_word' id='word_1_578' title='bbox 415 4529 689 4595; x_wconf 89' lang='lat' dir='ltr'><strong>animam;</strong></span> <span class='ocrx_word' id='word_1_579' title='bbox 721 4529 853 4587; x_wconf 89' lang='lat' dir='ltr'><strong>deos</strong></span> <span class='ocrx_word' id='word_1_580' title='bbox 893 4535 1152 4605; x_wconf 77' lang='lat' dir='ltr'><strong>mystieas</strong></span> <span class='ocrx_word' id='word_1_581' title='bbox 1193 4550 1316 4591; x_wconf 88' lang='lat' dir='ltr'><strong>esse</strong></span> <span class='ocrx_word' id='word_1_582' title='bbox 1341 4537 1604 4605; x_wconf 86' lang='lat' dir='ltr'><strong>quasdam</strong></span> <span class='ocrx_word' id='word_1_583' title='bbox 1638 4535 1839 4606; x_wconf 81' lang='lat' dir='ltr'><strong>ﬁguras</strong></span> <span class='ocrx_word' id='word_1_584' title='bbox 1859 4575 1875 4601; x_wconf 92' lang='lat'><strong>,</strong></span> <span class='ocrx_word' id='word_1_585' title='bbox 1906 4553 1996 4592; x_wconf 88' lang='lat' dir='ltr'><strong>sa-</strong></span> 
     </span>
    </p>
   </div>
   <div class='ocr_carea' id='block_1_88' title="bbox 415 4622 1996 4696">
    <p class='ocr_par' dir='ltr' id='par_1_88' title="bbox 415 4622 1996 4696">
     <span class='ocr_line' id='line_1_88' title="bbox 415 4622 1996 4696; baseline 0.008 -23"><span class='ocrx_word' id='word_1_586' title='bbox 415 4635 622 4690; x_wconf 88' lang='lat' dir='ltr'><strong>craque</strong></span> <span class='ocrx_word' id='word_1_587' title='bbox 653 4622 900 4679; x_wconf 91' lang='lat' dir='ltr'><strong>nomina.</strong></span> <span class='ocrx_word' id='word_1_588' title='bbox 937 4623 1126 4696; x_wconf 85' lang='lat' dir='ltr'><strong>itaque</strong></span> <span class='ocrx_word' id='word_1_589' title='bbox 1179 4628 1349 4683; x_wconf 75' lang='lat' dir='ltr'><strong>solem</strong></span> <span class='ocrx_word' id='word_1_590' title='bbox 1384 4626 1726 4691; x_wconf 88' lang='lat' dir='ltr'><strong>Daduchum,</strong></span> <span class='ocrx_word' id='word_1_591' title='bbox 1768 4629 1872 4683; x_wconf 88' lang='lat' dir='ltr'><strong>hoc</strong></span> <span class='ocrx_word' id='word_1_592' title='bbox 1911 4639 1996 4686; x_wconf 83' lang='lat' dir='ltr'><strong>est</strong></span> 
     </span>
    </p>
   </div>
   <div class='ocr_carea' id='block_1_89' title="bbox 513 4799 1757 4878">
    <p class='ocr_par' dir='ltr' id='par_1_89' title="bbox 513 4799 1757 4878">
     <span class='ocr_line' id='line_1_89' title="bbox 513 4799 1757 4878; baseline 0.004 -22"><span class='ocrx_word' id='word_1_593' title='bbox 513 4801 530 4831; x_wconf 79' lang='grc'>⁸</span> <span class='ocrx_word' id='word_1_594' title='bbox 572 4799 871 4858; x_wconf 88' lang='lat' dir='ltr'><strong>Cornarius</strong></span> <span class='ocrx_word' id='word_1_595' title='bbox 913 4803 1211 4875; x_wconf 81' lang='grc' dir='ltr'>Ἐρὲσσιος,</span> <span class='ocrx_word' id='word_1_596' title='bbox 1244 4812 1299 4860; x_wconf 87' lang='lat' dir='ltr'><strong>et</strong></span> <span class='ocrx_word' id='word_1_597' title='bbox 1331 4821 1455 4861; x_wconf 82' lang='lat' dir='ltr'><strong>mox</strong></span> <span class='ocrx_word' id='word_1_598' title='bbox 1484 4805 1757 4878; x_wconf 86' lang='grc' dir='ltr'>Στράτων.</span> 
     </span>
    </p>
   </div>
   <div class='ocr_carea' id='block_1_90' title="bbox 490 4977 1997 5054">
    <p class='ocr_par' dir='ltr' id='par_1_90' title="bbox 490 4977 1997 5054">
     <span class='ocr_line' id='line_1_90' title="bbox 490 4977 1997 5054; baseline 0.005 -21"><span class='ocrx_word' id='word_1_599' title='bbox 490 4977 618 5054; x_wconf 41' lang='grc'>(54)-</span> <span class='ocrx_word' id='word_1_600' title='bbox 677 4978 773 5045; x_wconf 82' lang='grc' dir='ltr'>Ὡς</span> <span class='ocrx_word' id='word_1_601' title='bbox 823 4978 893 5032; x_wconf 80' lang='grc' dir='ltr'>δὲ</span> <span class='ocrx_word' id='word_1_602' title='bbox 960 4981 1128 5035; x_wconf 76' lang='grc' dir='ltr'>ἔνιοι.</span> <span class='ocrx_word' id='word_1_603' title='bbox 1192 4981 1302 5038; x_wconf 83' lang='lat' dir='ltr'><strong>Nec</strong></span> <span class='ocrx_word' id='word_1_604' title='bbox 1351 4983 1682 5054; x_wconf 81' lang='lat' dir='ltr'><strong>immerito,</strong></span> <span class='ocrx_word' id='word_1_605' title='bbox 1747 4984 1997 5054; x_wconf 80' lang='lat' dir='ltr'><strong>quamvis</strong></span> 
     </span>
    </p>
   </div>
   <div class='ocr_carea' id='block_1_91' title="bbox 418 5047 1999 5121">
    <p class='ocr_par' dir='ltr' id='par_1_91' title="bbox 418 5047 1999 5121">
     <span class='ocr_line' id='line_1_91' title="bbox 418 5047 1999 5121; baseline 0.007 -22"><span class='ocrx_word' id='word_1_606' title='bbox 418 5047 668 5121; x_wconf 72' lang='lat' dir='ltr'><strong>Thraciae</strong></span> <span class='ocrx_word' id='word_1_607' title='bbox 708 5063 835 5119; x_wconf 91' lang='lat' dir='ltr'><strong>pars</strong></span> <span class='ocrx_word' id='word_1_608' title='bbox 877 5054 931 5104; x_wconf 85' lang='lat' dir='ltr'><strong>in</strong></span> <span class='ocrx_word' id='word_1_609' title='bbox 961 5067 1066 5121; x_wconf 88' lang='lat' dir='ltr'><strong>qua</strong></span> <span class='ocrx_word' id='word_1_610' title='bbox 1119 5060 1281 5107; x_wconf 85' lang='lat' dir='ltr'><strong>natus</strong></span> <span class='ocrx_word' id='word_1_611' title='bbox 1334 5053 1677 5116; x_wconf 81' lang='lat' dir='ltr'><strong>Aristoteles,</strong></span> <span class='ocrx_word' id='word_1_612' title='bbox 1731 5047 1999 5110; x_wconf 58' lang='lat' dir='ltr'><strong>a&#39;Craaeis</strong></span> 
     </span>
    </p>
   </div>
   <div class='ocr_carea' id='block_1_92' title="bbox 418 5117 2002 5239">
    <p class='ocr_par' dir='ltr' id='par_1_92' title="bbox 418 5117 2002 5239">
     <span class='ocr_line' id='line_1_92' title="bbox 418 5117 2002 5239; baseline 0.004 -68"><span class='ocrx_word' id='word_1_613' title='bbox 418 5117 595 5239; x_wconf 43' lang='grc' dir='ltr'><strong>[υἱέι-ἰ(</strong></span> <span class='ocrx_word' id='word_1_614' title='bbox 630 5117 739 5189; x_wconf 87' lang='lat' dir='ltr'><strong>jam</strong></span> <span class='ocrx_word' id='word_1_615' title='bbox 801 5117 1186 5192; x_wconf 44' lang='lat' dir='ltr'><strong>actate‘ipsius</strong></span> <span class='ocrx_word' id='word_1_616' title='bbox 1242 5134 1509 5192; x_wconf 89' lang='lat' dir='ltr'><strong>occupata</strong></span> <span class='ocrx_word' id='word_1_617' title='bbox 1564 5134 1619 5180; x_wconf 90' lang='lat' dir='ltr'><strong>et</strong></span> <span class='ocrx_word' id='word_1_618' title='bbox 1670 5124 2002 5180; x_wconf 69' lang='lat' dir='ltr'><strong>Macedoniae</strong></span> 
     </span>
     <span class='ocr_line' id='line_1_93' title="bbox 418 5204 644 5239; baseline 0 0"><span class='ocrx_word' id='word_1_619' title='bbox 418 5205 469 5239; x_wconf 74' lang='grc' dir='ltr'><strong>ιιι</strong></span> <span class='ocrx_word' id='word_1_620' title='bbox 493 5204 571 5239; x_wconf 75' lang='lat' dir='ltr'><strong>rec</strong></span> <span class='ocrx_word' id='word_1_621' title='bbox 601 5204 644 5239; x_wconf 78' lang='grc'>3.</span> 
     </span>
    </p>
   </div>
   <div class='ocr_carea' id='block_1_93' title="bbox 417 5198 644 5256">
    <p class='ocr_par' dir='ltr' id='par_1_93' title="bbox 417 5198 644 5256">
     <span class='ocr_line' id='line_1_94' title="bbox 417 5198 644 5256; baseline -0.009 -15"><span class='ocrx_word' id='word_1_622' title='bbox 417 5198 644 5256; x_wconf 74' lang='lat' dir='ltr'><strong>adjecta.</strong></span> 
     </span>
    </p>
   </div>
   <div class='ocr_carea' id='block_1_94' title="bbox 490 5260 2005 5334">
    <p class='ocr_par' dir='ltr' id='par_1_94' title="bbox 490 5260 2005 5334">
     <span class='ocr_line' id='line_1_95' title="bbox 490 5260 2005 5334; baseline 0.004 -23"><span class='ocrx_word' id='word_1_623' title='bbox 490 5260 601 5327; x_wconf 84' lang='lat'><strong>(55)</strong></span> <span class='ocrx_word' id='word_1_624' title='bbox 632 5260 890 5334; x_wconf 45' lang='lat' dir='ltr'><strong>Kalyhr</strong></span> <span class='ocrx_word' id='word_1_625' title='bbox 913 5261 1128 5331; x_wconf 64' lang='grc' dir='ltr'>ψυχὴν</span> <span class='ocrx_word' id='word_1_626' title='bbox 1160 5262 1563 5334; x_wconf 79' lang='grc' dir='ltr'>ἐνδελέχειαν.</span> <span class='ocrx_word' id='word_1_627' title='bbox 1597 5265 1671 5318; x_wconf 91' lang='lat' dir='ltr'><strong>Ita</strong></span> <span class='ocrx_word' id='word_1_628' title='bbox 1704 5262 1848 5334; x_wconf 86' lang='lat' dir='ltr'><strong>apud</strong></span> <span class='ocrx_word' id='word_1_629' title='bbox 1878 5263 2005 5317; x_wconf 79' lang='lat' dir='ltr'><strong>Ari-</strong></span> 
     </span>
    </p>
   </div>
   <div class='ocr_carea' id='block_1_95' title="bbox 418 5330 1903 5404">
    <p class='ocr_par' dir='ltr' id='par_1_95' title="bbox 418 5330 1903 5404">
     <span class='ocr_line' id='line_1_96' title="bbox 418 5330 1903 5404; baseline 0.003 -23"><span class='ocrx_word' id='word_1_630' title='bbox 418 5333 683 5404; x_wconf 52' lang='lat' dir='ltr'><strong>stoteleuL</strong></span> <span class='ocrx_word' id='word_1_631' title='bbox 691 5330 885 5404; x_wconf 81' lang='lat' dir='ltr'><strong>Cicero</strong></span> <span class='ocrx_word' id='word_1_632' title='bbox 918 5330 1141 5401; x_wconf 72' lang='lat' dir='ltr'><strong>legerat,</strong></span> <span class='ocrx_word' id='word_1_633' title='bbox 1179 5348 1295 5404; x_wconf 73' lang='lat' dir='ltr'><strong>non</strong></span> <span class='ocrx_word' id='word_1_634' title='bbox 1318 5330 1672 5404; x_wconf 73' lang='grc' dir='ltr'>ἐντελέχειαν.</span> <span class='ocrx_word' id='word_1_635' title='bbox 1698 5330 1903 5404; x_wconf 71' lang='grc' dir='ltr'>ΡὲτΑν.</span> 
     </span>
    </p>
   </div>
   <div class='ocr_carea' id='block_1_96' title="bbox 491 5397 2005 5468">
    <p class='ocr_par' dir='ltr' id='par_1_96' title="bbox 491 5397 2005 5468">
     <span class='ocr_line' id='line_1_97' title="bbox 491 5397 2005 5468; baseline 0.005 -18"><span class='ocrx_word' id='word_1_636' title='bbox 491 5397 603 5462; x_wconf 82' lang='grc'>(56)</span> <span class='ocrx_word' id='word_1_637' title='bbox 634 5399 847 5466; x_wconf 79' lang='grc' dir='ltr'>Ζήνων</span> <span class='ocrx_word' id='word_1_638' title='bbox 896 5405 930 5455; x_wconf 86' lang='grc' dir='ltr'><strong>ό</strong></span> <span class='ocrx_word' id='word_1_639' title='bbox 971 5397 1225 5468; x_wconf 81' lang='grc' dir='ltr'>Κιτιεύς.</span> <span class='ocrx_word' id='word_1_640' title='bbox 1260 5402 1407 5456; x_wconf 82' lang='lat' dir='ltr'><strong>Zeno</strong></span> <span class='ocrx_word' id='word_1_641' title='bbox 1437 5397 1548 5464; x_wconf 61' lang='lat' dir='ltr'><strong>ille,</strong></span> <span class='ocrx_word' id='word_1_642' title='bbox 1595 5403 1794 5458; x_wconf 66' lang='lat' dir='ltr'><strong>Stoicae</strong></span> <span class='ocrx_word' id='word_1_643' title='bbox 1841 5410 2005 5458; x_wconf 66' lang='lat' dir='ltr'><strong>secta:</strong></span> 
     </span>
    </p>
   </div>
   <div class='ocr_carea' id='block_1_97' title="bbox 424 5468 2005 5539">
    <p class='ocr_par' dir='ltr' id='par_1_97' title="bbox 424 5468 2005 5539">
     <span class='ocr_line' id='line_1_98' title="bbox 424 5468 2005 5539; baseline 0.004 -20"><span class='ocrx_word' id='word_1_644' title='bbox 424 5468 701 5539; x_wconf 82' lang='lat' dir='ltr'><strong>princeps,</strong></span> <span class='ocrx_word' id='word_1_645' title='bbox 737 5486 899 5539; x_wconf 90' lang='lat' dir='ltr'><strong>quam</strong></span> <span class='ocrx_word' id='word_1_646' title='bbox 930 5472 1158 5529; x_wconf 79' lang='lat' dir='ltr'><strong>Athenis</strong></span> <span class='ocrx_word' id='word_1_647' title='bbox 1204 5473 1451 5527; x_wconf 82' lang='lat' dir='ltr'><strong>fundavit</strong></span> <span class='ocrx_word' id='word_1_648' title='bbox 1488 5473 1748 5529; x_wconf 86' lang='lat' dir='ltr'><strong>trecentis</strong></span> <span class='ocrx_word' id='word_1_649' title='bbox 1781 5474 2005 5528; x_wconf 87' lang='lat' dir='ltr'><strong>circiter</strong></span> 
     </span>
    </p>
   </div>
   <div class='ocr_carea' id='block_1_98' title="bbox 422 5539 1085 5598">
    <p class='ocr_par' dir='ltr' id='par_1_98' title="bbox 422 5539 1085 5598">
     <span class='ocr_line' id='line_1_99' title="bbox 422 5539 1085 5598; baseline 0.015 -11"><span class='ocrx_word' id='word_1_650' title='bbox 422 5546 550 5590; x_wconf 83' lang='lat' dir='ltr'><strong>ante</strong></span> <span class='ocrx_word' id='word_1_651' title='bbox 584 5539 864 5594; x_wconf 79' lang='lat' dir='ltr'><strong>Christum</strong></span> <span class='ocrx_word' id='word_1_652' title='bbox 905 5543 1085 5598; x_wconf 81' lang='lat' dir='ltr'><strong>annis.</strong></span> 
     </span>
    </p>
   </div>
   <div class='ocr_carea' id='block_1_99' title="bbox 495 5606 2006 5684">
    <p class='ocr_par' dir='ltr' id='par_1_99' title="bbox 495 5606 2006 5684">
     <span class='ocr_line' id='line_1_100' title="bbox 495 5606 2006 5684; baseline 0.003 -21"><span class='ocrx_word' id='word_1_653' title='bbox 495 5606 608 5673; x_wconf 83' lang='lat'><strong>(57)</strong></span> <span class='ocrx_word' id='word_1_654' title='bbox 641 5608 855 5679; x_wconf 79' lang='grc' dir='ltr'>Ἔλεγε</span> <span class='ocrx_word' id='word_1_655' title='bbox 883 5610 1283 5684; x_wconf 47' lang='grc' dir='ltr'>δὲκαὶ-μετὰ</span> <span class='ocrx_word' id='word_1_656' title='bbox 1330 5615 1654 5684; x_wconf 66' lang='grc' dir='ltr'>χιφισμόν.</span> <span class='ocrx_word' id='word_1_657' title='bbox 1701 5612 1886 5668; x_wconf 82' lang='lat' dir='ltr'><strong>Mutila</strong></span> <span class='ocrx_word' id='word_1_658' title='bbox 1941 5629 2006 5668; x_wconf 86' lang='lat' dir='ltr'><strong>ac</strong></span> 
     </span>
    </p>
   </div>
   <div class='ocr_carea' id='block_1_100' title="bbox 425 5682 2005 5747">
    <p class='ocr_par' dir='ltr' id='par_1_100' title="bbox 425 5682 2005 5747">
     <span class='ocr_line' id='line_1_101' title="bbox 425 5682 2005 5747; baseline 0.008 -19"><span class='ocrx_word' id='word_1_659' title='bbox 425 5688 693 5747; x_wconf 77' lang='lat' dir='ltr'><strong>suspensa</strong></span> <span class='ocrx_word' id='word_1_660' title='bbox 732 5689 817 5735; x_wconf 77' lang='lat' dir='ltr'><strong>est</strong></span> <span class='ocrx_word' id='word_1_661' title='bbox 848 5682 1045 5737; x_wconf 82' lang='lat' dir='ltr'><strong>oratio.</strong></span> <span class='ocrx_word' id='word_1_662' title='bbox 1084 5682 1247 5740; x_wconf 75' lang='lat' dir='ltr'><strong>Forte</strong></span> <span class='ocrx_word' id='word_1_663' title='bbox 1283 5682 1424 5740; x_wconf 75' lang='lat' dir='ltr'><strong>illud</strong></span> <span class='ocrx_word' id='word_1_664' title='bbox 1452 5682 1660 5742; x_wconf 81' lang='lat' dir='ltr'><strong>voluit:</strong></span> <span class='ocrx_word' id='word_1_665' title='bbox 1697 5685 1909 5740; x_wconf 89' lang='lat' dir='ltr'><strong>animas</strong></span> <span class='ocrx_word' id='word_1_666' title='bbox 1934 5700 2005 5741; x_wconf 79' lang='lat' dir='ltr'><strong>ex</strong></span> 
     </span>
    </p>
   </div>
   <div class='ocr_carea' id='block_1_101' title="bbox 2102 4527 3675 4608">
    <p class='ocr_par' dir='ltr' id='par_1_101' title="bbox 2102 4527 3675 4608">
     <span class='ocr_line' id='line_1_102' title="bbox 2102 4527 3675 4608; baseline -0.005 -18"><span class='ocrx_word' id='word_1_667' title='bbox 2102 4538 2194 4591; x_wconf 77' lang='grc' dir='ltr'><strong>καὶ</strong></span> <span class='ocrx_word' id='word_1_668' title='bbox 2237 4538 2364 4601; x_wconf 74' lang='grc' dir='ltr'>τοὺς</span> <span class='ocrx_word' id='word_1_669' title='bbox 2406 4536 2561 4601; x_wconf 79' lang='grc' dir='ltr'>θεοὺς</span> <span class='ocrx_word' id='word_1_670' title='bbox 2607 4536 2845 4608; x_wconf 77' lang='grc' dir='ltr'>μυστικὰ</span> <span class='ocrx_word' id='word_1_671' title='bbox 2898 4537 3153 4606; x_wconf 83' lang='grc' dir='ltr'>σχήματα</span> <span class='ocrx_word' id='word_1_672' title='bbox 3198 4533 3382 4601; x_wconf 75' lang='grc' dir='ltr'>ἔλεγεν</span> <span class='ocrx_word' id='word_1_673' title='bbox 3410 4527 3548 4585; x_wconf 85' lang='grc' dir='ltr'>εἶναι</span> <span class='ocrx_word' id='word_1_674' title='bbox 3585 4532 3675 4593; x_wconf 76' lang='grc' dir='ltr'>καὶ</span> 
     </span>
    </p>
   </div>
   <div class='ocr_carea' id='block_1_102' title="bbox 2101 4619 3676 4701">
    <p class='ocr_par' dir='ltr' id='par_1_102' title="bbox 2101 4619 3676 4701">
     <span class='ocr_line' id='line_1_103' title="bbox 2101 4619 3676 4701; baseline -0.004 -19"><span class='ocrx_word' id='word_1_675' title='bbox 2101 4629 2322 4700; x_wconf 84' lang='grc' dir='ltr'>κλήσεις</span> <span class='ocrx_word' id='word_1_676' title='bbox 2371 4629 2542 4701; x_wconf 77' lang='grc' dir='ltr'>ἱεράς.</span> <span class='ocrx_word' id='word_1_677' title='bbox 2612 4629 2722 4683; x_wconf 74' lang='grc' dir='ltr'><strong>Καὶ</strong></span> <span class='ocrx_word' id='word_1_678' title='bbox 2761 4627 3063 4696; x_wconf 81' lang='grc' dir='ltr'>δᾳδοῦχον</span> <span class='ocrx_word' id='word_1_679' title='bbox 3107 4625 3345 4695; x_wconf 73' lang='grc' dir='ltr'>ἔφασκεν</span> <span class='ocrx_word' id='word_1_680' title='bbox 3391 4619 3533 4677; x_wconf 77' lang='grc' dir='ltr'>εἶναι</span> <span class='ocrx_word' id='word_1_681' title='bbox 3584 4621 3676 4676; x_wconf 73' lang='grc' dir='ltr'><strong>τὸν</strong></span> 
     </span>
    </p>
   </div>
   <div class='ocr_carea' id='block_1_103' title="bbox 1860 4805 3167 4879">
    <p class='ocr_par' dir='ltr' id='par_1_103' title="bbox 1860 4805 3167 4879">
     <span class='ocr_line' id='line_1_104' title="bbox 1860 4805 3167 4879; baseline -0.002 -16"><span class='ocrx_word' id='word_1_682' title='bbox 1860 4809 1881 4839; x_wconf 80' lang='grc'><em>³</em></span> <span class='ocrx_word' id='word_1_683' title='bbox 1918 4825 2005 4878; x_wconf 72' lang='lat' dir='ltr'><strong>rp.</strong></span> <span class='ocrx_word' id='word_1_684' title='bbox 2033 4807 2469 4879; x_wconf 87' lang='grc' dir='ltr'>μεταχωρισμόν.</span> <span class='ocrx_word' id='word_1_685' title='bbox 2504 4805 2706 4863; x_wconf 83' lang='lat' dir='ltr'><strong>Deesse</strong></span> <span class='ocrx_word' id='word_1_686' title='bbox 2734 4805 2983 4861; x_wconf 88' lang='lat' dir='ltr'><strong>nonnihil</strong></span> <span class='ocrx_word' id='word_1_687' title='bbox 3015 4814 3167 4877; x_wconf 89' lang='lat' dir='ltr'><strong>puto.</strong></span> 
     </span>
    </p>
   </div>
   <div class='ocr_carea' id='block_1_104' title="bbox 2099 4980 3674 5056">
    <p class='ocr_par' dir='ltr' id='par_1_104' title="bbox 2099 4980 3674 5056">
     <span class='ocr_line' id='line_1_105' title="bbox 2099 4980 3674 5056; baseline -0.003 -18"><span class='ocrx_word' id='word_1_688' title='bbox 2099 4985 2361 5056; x_wconf 86' lang='lat' dir='ltr'><strong>opinione</strong></span> <span class='ocrx_word' id='word_1_689' title='bbox 2398 4984 2710 5041; x_wconf 88' lang='lat' dir='ltr'><strong>Stoicorum</strong></span> <span class='ocrx_word' id='word_1_690' title='bbox 2758 4983 3085 5054; x_wconf 84' lang='lat' dir='ltr'><strong>corporibus</strong></span> <span class='ocrx_word' id='word_1_691' title='bbox 3123 4982 3334 5056; x_wconf 59' lang='lat' dir='ltr'><strong>solutas</strong></span> <span class='ocrx_word' id='word_1_692' title='bbox 3360 4980 3674 5050; x_wconf 86' lang='lat' dir='ltr'><strong>aliquandiu</strong></span> 
     </span>
    </p>
   </div>
   <div class='ocr_carea' id='block_1_105' title="bbox 2102 5051 3497 5126">
    <p class='ocr_par' dir='ltr' id='par_1_105' title="bbox 2102 5051 3497 5126">
     <span class='ocr_line' id='line_1_106' title="bbox 2102 5051 3497 5126; baseline -0.004 -17"><span class='ocrx_word' id='word_1_693' title='bbox 2102 5051 2472 5126; x_wconf 75' lang='lat' dir='ltr'><strong>perseverare,</strong></span> <span class='ocrx_word' id='word_1_694' title='bbox 2510 5071 2574 5109; x_wconf 86' lang='lat' dir='ltr'><strong>ac</strong></span> <span class='ocrx_word' id='word_1_695' title='bbox 2605 5051 2877 5126; x_wconf 75' lang='lat' dir='ltr'><strong>paulatim</strong></span> <span class='ocrx_word' id='word_1_696' title='bbox 2900 5069 3252 5126; x_wconf 76' lang='lat' dir='ltr'><strong>evanescere.</strong></span> <span class='ocrx_word' id='word_1_697' title='bbox 3278 5051 3497 5126; x_wconf 57' lang='grc' dir='ltr'>Ριξξι-ιν.</span> 
     </span>
    </p>
   </div>
   <div class='ocr_carea' id='block_1_106' title="bbox 2175 5121 3675 5195">
    <p class='ocr_par' dir='ltr' id='par_1_106' title="bbox 2175 5121 3675 5195">
     <span class='ocr_line' id='line_1_107' title="bbox 2175 5121 3675 5195; baseline -0.003 -16"><span class='ocrx_word' id='word_1_698' title='bbox 2175 5126 2286 5195; x_wconf 86' lang='grc'>(58)</span> <span class='ocrx_word' id='word_1_699' title='bbox 2318 5121 2624 5193; x_wconf 73' lang='grc' dir='ltr'>Κλεάνθηξ-</span> <span class='ocrx_word' id='word_1_700' title='bbox 2676 5126 2740 5179; x_wconf 81' lang='grc' dir='ltr'>τὸ</span> <span class='ocrx_word' id='word_1_701' title='bbox 2771 5126 3017 5195; x_wconf 78' lang='grc' dir='ltr'>ἀγαθόν.</span> <span class='ocrx_word' id='word_1_702' title='bbox 3070 5122 3218 5177; x_wconf 87' lang='lat' dir='ltr'><strong>Itane</strong></span> <span class='ocrx_word' id='word_1_703' title='bbox 3274 5121 3472 5195; x_wconf 74' lang='lat' dir='ltr'><strong>Stoica:</strong></span> <span class='ocrx_word' id='word_1_704' title='bbox 3516 5128 3675 5175; x_wconf 64' lang='lat' dir='ltr'><strong>secta</strong></span> 
     </span>
    </p>
   </div>
   <div class='ocr_carea' id='block_1_107' title="bbox 2101 5190 3677 5266">
    <p class='ocr_par' dir='ltr' id='par_1_107' title="bbox 2101 5190 3677 5266">
     <span class='ocr_line' id='line_1_108' title="bbox 2101 5190 3677 5266; baseline -0.001 -19"><span class='ocrx_word' id='word_1_705' title='bbox 2101 5190 2355 5266; x_wconf 64' lang='lat' dir='ltr'><strong>columen</strong></span> <span class='ocrx_word' id='word_1_706' title='bbox 2389 5190 2828 5266; x_wconf 26' lang='lat' dir='ltr'><strong>veluti‘Circzeo&#39;</strong></span> <span class='ocrx_word' id='word_1_707' title='bbox 2861 5196 3060 5266; x_wconf 79' lang='lat' dir='ltr'><strong>poculo</strong></span> <span class='ocrx_word' id='word_1_708' title='bbox 3102 5200 3325 5266; x_wconf 79' lang='lat' dir='ltr'><strong>repente</strong></span> <span class='ocrx_word' id='word_1_709' title='bbox 3364 5190 3543 5266; x_wconf 63' lang='lat' dir='ltr'><strong>[actus</strong></span> <span class='ocrx_word' id='word_1_710' title='bbox 3596 5200 3677 5245; x_wconf 84' lang='lat' dir='ltr'><strong>est</strong></span> 
     </span>
    </p>
   </div>
   <div class='ocr_carea' id='block_1_108' title="bbox 2104 5262 3678 5340">
    <p class='ocr_par' dir='ltr' id='par_1_108' title="bbox 2104 5262 3678 5340">
     <span class='ocr_line' id='line_1_109' title="bbox 2104 5262 3678 5340; baseline -0.003 -21"><span class='ocrx_word' id='word_1_711' title='bbox 2104 5264 2327 5340; x_wconf 66' lang='lat' dir='ltr'><strong>Epicuri</strong></span> <span class='ocrx_word' id='word_1_712' title='bbox 2375 5264 2638 5340; x_wconf 74' lang='lat' dir='ltr'><strong>de_gr_eg_e</strong></span> <span class='ocrx_word' id='word_1_713' title='bbox 2686 5262 2918 5340; x_wconf 74' lang='lat' dir='ltr'><strong>porcus?</strong></span> <span class='ocrx_word' id='word_1_714' title='bbox 2950 5264 3068 5340; x_wconf 79' lang='lat' dir='ltr'><strong>Non</strong></span> <span class='ocrx_word' id='word_1_715' title='bbox 3112 5262 3540 5340; x_wconf 79' lang='lat' dir='ltr'><strong>opinor._Quare</strong></span> <span class='ocrx_word' id='word_1_716' title='bbox 3579 5266 3678 5340; x_wconf 72' lang='lat' dir='ltr'><strong>aut</strong></span> 
     </span>
    </p>
   </div>
   <div class='ocr_carea' id='block_1_109' title="bbox 2104 5332 3675 5403">
    <p class='ocr_par' dir='ltr' id='par_1_109' title="bbox 2104 5332 3675 5403">
     <span class='ocr_line' id='line_1_110' title="bbox 2104 5332 3675 5403; baseline -0.003 -15"><span class='ocrx_word' id='word_1_717' title='bbox 2104 5332 2277 5391; x_wconf 79' lang='lat' dir='ltr'><strong>falsus</strong></span> <span class='ocrx_word' id='word_1_718' title='bbox 2321 5345 2404 5392; x_wconf 86' lang='lat' dir='ltr'><strong>est</strong></span> <span class='ocrx_word' id='word_1_719' title='bbox 2450 5332 2824 5403; x_wconf 77' lang='lat' dir='ltr'><strong>Epiphanius,</strong></span> <span class='ocrx_word' id='word_1_720' title='bbox 2860 5344 2954 5390; x_wconf 89' lang='lat' dir='ltr'><strong>aut</strong></span> <span class='ocrx_word' id='word_1_721' title='bbox 2997 5332 3193 5389; x_wconf 88' lang='lat' dir='ltr'><strong>horum</strong></span> <span class='ocrx_word' id='word_1_722' title='bbox 3238 5332 3528 5403; x_wconf 84' lang='lat' dir='ltr'><strong>verborum</strong></span> <span class='ocrx_word' id='word_1_723' title='bbox 3579 5332 3675 5384; x_wconf 85' lang='lat' dir='ltr'><strong>iste</strong></span> 
     </span>
    </p>
   </div>
   <div class='ocr_carea' id='block_1_110' title="bbox 2106 5401 3675 5468">
    <p class='ocr_par' dir='ltr' id='par_1_110' title="bbox 2106 5401 3675 5468">
     <span class='ocr_line' id='line_1_111' title="bbox 2106 5401 3675 5468; baseline -0.004 -11"><span class='ocrx_word' id='word_1_724' title='bbox 2106 5421 2303 5462; x_wconf 86' lang='lat' dir='ltr'><strong>sensus</strong></span> <span class='ocrx_word' id='word_1_725' title='bbox 2353 5413 2439 5461; x_wconf 87' lang='lat' dir='ltr'><strong>est</strong></span> <span class='ocrx_word' id='word_1_726' title='bbox 2469 5401 2745 5460; x_wconf 53' lang='lat' dir='ltr'><strong>{Nullam</strong></span> <span class='ocrx_word' id='word_1_727' title='bbox 2796 5401 2902 5461; x_wconf 75' lang='lat' dir='ltr'><strong>nisi</strong></span> <span class='ocrx_word' id='word_1_728' title='bbox 2941 5406 2998 5459; x_wconf 83' lang='lat' dir='ltr'><strong>in</strong></span> <span class='ocrx_word' id='word_1_729' title='bbox 3043 5405 3314 5458; x_wconf 73' lang='lat' dir='ltr'><strong>honestate</strong></span> <span class='ocrx_word' id='word_1_730' title='bbox 3358 5401 3675 5468; x_wconf 70' lang='lat' dir='ltr'><strong>voluptatem</strong></span> 
     </span>
    </p>
   </div>
   <div class='ocr_carea' id='block_1_111' title="bbox 2104 5470 3674 5552">
    <p class='ocr_par' dir='ltr' id='par_1_111' title="bbox 2104 5470 3674 5552">
     <span class='ocr_line' id='line_1_112' title="bbox 2104 5470 3674 5552; baseline -0.004 -24"><span class='ocrx_word' id='word_1_731' title='bbox 2104 5475 2275 5552; x_wconf 68' lang='lat' dir='ltr'><strong>inesse</strong></span> <span class='ocrx_word' id='word_1_732' title='bbox 2298 5475 2534 5552; x_wconf 50' lang='lat' dir='ltr'><strong>digebat.</strong></span> <span class='ocrx_word' id='word_1_733' title='bbox 2561 5473 2765 5552; x_wconf 74' lang='lat' dir='ltr'><strong>Eodem</strong></span> <span class='ocrx_word' id='word_1_734' title='bbox 2791 5476 2955 5552; x_wconf 57' lang='lat' dir='ltr'><strong>modi)</strong></span> <span class='ocrx_word' id='word_1_735' title='bbox 2990 5472 3378 5552; x_wconf 48' lang='lat' dir='ltr'><strong>castigandum</strong></span> <span class='ocrx_word' id='word_1_736' title='bbox 3415 5470 3560 5552; x_wconf 76' lang='lat' dir='ltr'><strong>quod</strong></span> <span class='ocrx_word' id='word_1_737' title='bbox 3590 5484 3674 5524; x_wconf 86' lang='lat' dir='ltr'><strong>se-</strong></span> 
     </span>
    </p>
   </div>
   <div class='ocr_carea' id='block_1_112' title="bbox 2105 5542 3669 5671">
    <p class='ocr_par' dir='ltr' id='par_1_112' title="bbox 2105 5542 3669 5671">
     <span class='ocr_line' id='line_1_113' title="bbox 2105 5542 3669 5671; baseline 0 -74"><span class='ocrx_word' id='word_1_738' title='bbox 2105 5545 2314 5671; x_wconf 56' lang='grc' dir='ltr'>ίιιιίιίιιιι,</span> <span class='ocrx_word' id='word_1_739' title='bbox 2343 5546 2705 5619; x_wconf 85' lang='lat' dir='ltr'><strong>Chrysippum</strong></span> <span class='ocrx_word' id='word_1_740' title='bbox 2736 5546 2897 5604; x_wconf 84' lang='lat' dir='ltr'><strong>linem</strong></span> <span class='ocrx_word' id='word_1_741' title='bbox 2924 5546 2984 5601; x_wconf 77' lang='grc' dir='ltr'><strong>ὲν</strong></span> <span class='ocrx_word' id='word_1_742' title='bbox 3009 5544 3089 5617; x_wconf 82' lang='grc' dir='ltr'>τῷ</span> <span class='ocrx_word' id='word_1_743' title='bbox 3109 5542 3378 5616; x_wconf 79' lang='grc' dir='ltr'>ἡδυπαθεῖ</span> <span class='ocrx_word' id='word_1_744' title='bbox 3402 5542 3669 5614; x_wconf 85' lang='lat' dir='ltr'><strong>posuisse.</strong></span> 
     </span>
     <span class='ocr_line' id='line_1_114' title="bbox 2133 5632 2445 5671; baseline 0 0"><span class='ocrx_word' id='word_1_745' title='bbox 2133 5632 2199 5671; x_wconf 80' lang='lat' dir='ltr'><strong>DE</strong></span> <span class='ocrx_word' id='word_1_746' title='bbox 2248 5657 2262 5671; x_wconf 96' lang='lat'><strong>.</strong></span> <span class='ocrx_word' id='word_1_747' title='bbox 2442 5642 2445 5647; x_wconf 57' lang='grc' dir='ltr'><strong>ι</strong></span> 
     </span>
    </p>
   </div>
   <div class='ocr_carea' id='block_1_113' title="bbox 2133 5632 2445 5672">
    <p class='ocr_par' dir='ltr' id='par_1_113' title="bbox 2133 5632 2445 5672">
     <span class='ocr_line' id='line_1_115' title="bbox 2133 5632 2445 5672; baseline 0.013 -1"><span class='ocrx_word' id='word_1_748' title='bbox 2133 5632 2262 5672; x_wconf 78' lang='lat' dir='ltr'><strong>DEI.</strong></span> <span class='ocrx_word' id='word_1_749' title='bbox 2442 5642 2445 5647; x_wconf 73' lang='lat'><strong><em>‘</em></strong></span> 
     </span>
    </p>
   </div>
  </div>
