3986 6224
397 314 503 372 797

960 313 1331 374 ADVERSUS
1363 316 1709 377 HEBESES
1743 320 1875 379 LIB.
1908 321 1959 379 ll

2075 321 2206 383 'OM.
2247 323 2314 381 11.
2358 354 2418 371 --
2460 323 2827 383 EXPOSITIO
2860 324 3062 385 FIDEI.

3553 332 3659 391 798

399 429 580 499 ἧλιονο
625 427 719 482 καὶ
774 425 867 482 τδν
912 427 1116 499 κόσμον
1169 428 1395 501 μύστας,
1438 432 1533 487 καὶ
1562 434 1690 499 τοὺς
1713 436 1959 507 κατόχους

2077 437 2359 508 facifmm
2386 452 2544 503 esse;
2576 438 2838 493 mundmn
2863 440 3043 510 ipsum
3072 438 3410 496 initiatortm
3436 460 3452 497 :
3475 440 3659 497 albata

395 520 504 574 τῶν
533 517 691 573 θείων
715 517 936 582 τελετὰς
962 518 1133 587 ἔλεγε.

470 722 713 792 Περσεὺς
749 721 816 774 τὰ
838 720 976 774 αὐτὰ
1005 721 1213 792 Ζήνωνι
1246 722 1590 795 ἐδογμάτισε.

467 812 790 882 Χρύσιππος
817 812 845 862 ὁ
877 810 1070 874 Σολεὺς
1102 811 1298 882 νόμους
1337 813 1575 886 ἔγραψεν
1602 816 1664 869 οὐ
1695 815 1971 889 Θεμιτούς.

400 902 593 969 Ἔλεγε
617 901 724 971 γὰρ
746 904 857 954 δεῖν
878 898 1175 970 μίγνυσθαι
1190 906 1311 966 ταῖς
1334 906 1573 976 μητράσι
1600 908 1725 970 τοὺς
1758 908 1972 973 παῖδας,

391 998 506 1057 τοῖς
533 994 590 1047 δὲ
616 995 857 1064 πατράσι
886 993 984 1057 τὰς
1007 993 1331 1067 θυγατέρας.
1388 998 1479 1061 Et;
1504 998 1559 1051 δὲ
1595 999 1663 1052 τὰ
1683 1001 1819 1054 ἄλλα
1850 1018 1975 1055 συν-

392 1086 639 1157 εφώνησε
675 1088 882 1157 Ζήνωνι
922 1085 999 1155 τῷ
1026 1088 1222 1142 Κιτιεῖ.
1273 1088 1418 1159 Πρὸς
1455 1089 1665 1154 τούτοις
1710 1091 1764 1143 δὲ
1796 1091 1970 1161 ἔλεγε,

392 1179 488 1230 καὶ
515 1176 971 1248 ἁνθρωποόορεῖν.
1028 1176 1222 1245 Ἔλεγε
1267 1178 1323 1232 δὲ
1358 1179 1421 1233 τὸ
1471 1180 1625 1245 τέλος
1663 1182 1882 1237 πάντων
1910 1183 1973 1236 τὸ

391 1267 668 1339 ἡδυπαθὲς
697 1265 856 1322 εἶναι.

462 1359 719 1429 Διογένης
770 1361 799 1412 ὁ
841 1359 1181 1426 Βαϐυλώνιος
1218 1361 1367 1431 ἔλεγε
1403 1361 1471 1415 τὰ
1515 1361 1805 1433 σύμπαντα
1856 1381 1975 1421 συν-

395 1448 643 1503 ίστασθαι
677 1450 736 1514 ἐξ
762 1450 973 1522 ἡδονῆς.

460 1541 749 1606 Παναίτιος
788 1543 817 1595 ό
857 1544 1055 1609 Ῥόδιος
1100 1545 1191 1599 τὸν
1236 1546 1441 1618 κόσμον
1485 1548 1670 1619 ἔλεγεν
1703 1551 1971 1605 ἀθάνατον

392 1630 485 1684 καὶ
506 1633 719 1703 ἀγήρω,
744 1634 837 1686 καὶ
859 1633 960 1703 τῆς
983 1636 1242 1706 μαντείας
1265 1640 1386 1692 κατ’
1405 1640 1556 1694 οὐδὲν
1573 1644 1967 1713 ἐπεστρέφετοο

392 1723 482 1776 καὶ
510 1723 578 1776 τὰ
608 1728 735 1795 περὶ
763 1725 900 1778 θεῶν
928 1727 1196 1799 λεγόμενα
1231 1730 1441 1802 ἀνῄρει.
1477 1732 1675 1803 Ἔλεγε
1699 1734 1807 1805 γὰρ
1837 1735 1970 1807 φλή-

391 1828 555 1881 ναφον
581 1808 720 1866 εἶναι
753 1814 843 1869 τὸν
875 1817 1002 1888 περὶ
1029 1817 1168 1871 Θεοῦ
1198 1818 1375 1888 λόγον.

457 1994 813 2061 Ποσειδώνιος
850 1999 1130 2071 Ἀπαμεὺς
1181 2000 1334 2071 ἔλεγε
1368 2003 1429 2057 τὸ
1466 2006 1720 2075 μέγιστον
1767 2009 1824 2062 ἐν
1871 2012 1965 2064 ἀν-

382 2082 626 2155 Θρώποις
654 2086 856 2155 ἀγαθὸν
882 2084 1019 2143 εἶναι
1050 2089 1276 2144 πλοῦτον
1310 2094 1403 2146 καὶ
1437 2095 1647 2163 ὑγείαν.

466 2175 830 2247 ’Δθηνόδωρος
860 2180 1107 2251 Ταρσεὺς
1136 2182 1206 2235 τὰ
1225 2185 1362 2237 αὐτὰ
1386 2187 1695 2261 Χρυσίππῳ
1724 2190 1961 2257 ἐδόξασε,

383 2267 570 2320 καὶτὰ
609 2269 749 2322 αὐτὰ
782 2272 986 2341 Ζήνωνι
1020 2273 1396 2344 ἐδογμάτισεν.

466 2359 791 2432 Ἐπίκουρος
826 2366 855 2417 ὁ
912 2365 1232 2431 Νεοκλέους,
1290 2370 1350 2422 ὲν
1412 2368 1661 2441 Ἀθήναις
1713 2375 1960 2444 τραφεὶς,

383 2450 660 2521 ψιλήδονον
713 2454 827 2524 βίον
878 2458 1112 2529 μετῆλθε
1138 2477 1152 2492 ⁸
1190 2462 1285 2515 καὶ
1334 2463 1434 2516 οὐκ
1471 2460 1707 2534 ἠρυθρία
1749 2465 1964 2534 γυναιξὶ

384 2543 558 2596 συνὼν
605 2545 842 2618 δημοσίᾳ
866 2548 1205 2619 ἀκολάστοις,
1249 2553 1366 2623 μεθ’
1398 2553 1434 2607 ἃ
1483 2555 1675 2627 πρώην
1704 2557 1832 2629 περὶ
1863 2556 1964 2610 αὐ-

382 2635 474 2687 τοῦ
516 2637 764 2706 εἴπομεν.
796 2639 966 2693 Πάλιν
1002 2642 1155 2711 ἔλεγε
1190 2644 1263 2716 μὴ
1309 2641 1445 2700 εἶναι
1477 2645 1631 2710 Θεοὺς
1664 2647 1798 2719 (59),
1848 2648 1962 2702 ἀλλ’

379 2725 412 2795 ἦ
455 2727 617 2795 μόνον
664 2729 835 2800 τύχην
884 2733 1103 2787 διοικεῖν
1133 2736 1200 2790 τὰ
1236 2738 1434 2803 πάντα,
1466 2739 1560 2792 καὶ
1609 2739 1774 2811 μηδὲν
1823 2735 1963 2796 εἶναι

375 2816 487 2869 τῶν
516 2820 573 2871 ἐν
607 2819 688 2888 τῷ
727 2821 826 2891 βίῳ
858 2824 1124 2887 ἑκούσιον,
1170 2827 1306 2897 μήτε
1338 2828 1595 2899 μάθησιν,
1632 2832 1768 2901 μήτε
1800 2832 1965 2885 ἀπαι-

376 2909 621 2975 δευσίαν,
660 2914 794 2983 μήτε
831 2914 957 2967 ἄλλο
992 2916 1179 2988 μηδὲν,
1214 2918 1351 2972 ἀλλὰ
1397 2921 1573 2974 πάντα
1607 2922 1838 2977 ἀκούσια
1872 2924 1962 2992 γίν-

377 3000 568 3052 νεσθαι
616 3004 771 3056 πᾶσι.
806 3005 915 3057 Καὶ
964 3006 1026 3059 οὐ
1061 3007 1165 3078 χρὴ
1211 3008 1403 3079 ψέγειν
1449 3012 1591 3076 τινὰ,
1644 3013 1721 3076 ὥς
1775 3031 1959 3084 φησιν,

377 3090 503 3145 οὔτε
555 3094 828 3148 ἐπαινεῖν·
867 3097 926 3149 οὐ
979 3098 1087 3169 γὰρ
1138 3100 1354 3164 ἑκόντες
1410 3101 1582 3156 ταῦτα
1618 3104 1957 3173 ὑφίστανται.

2077 530 2367 585 numinum
2398 538 2706 602 correptos,
2743 533 3196 586 earemoniarum
3230 545 3296 586 ac
3339 532 3546 587 rituum
3577 534 3658 589 vi-

2077 638 2195 679 cem
2223 624 2494 679 obtinere.

2145 715 2380 770 Perseus
2414 713 2621 770 ZenOni
2656 713 2874 784 penitus
2899 712 3233 782 astipulatns
3263 720 3369 770 est.

2145 807 2487 878 Chrysippus
2540 805 2787 861 Solensis
2853 804 3095 860 nefarias
3138 813 3194 860 et
3240 806 3464 861 illicitas
3513 807 3656 877 leges

2077 900 2276 954 sanxit.
2314 899 2446 953 Nam
2479 906 2531 953 et
2564 897 2702 953 ﬁlios
2735 912 2861 952 cum
2896 897 3185 962 matribus,
3210 905 3411 951 etcum
3440 896 3654 954 ﬁliabus

2077 999 2261 1064 patres
2290 990 2656 1045 commiscere
2678 1002 2909 1058 corpora
2941 988 3177 1043 volebat.
3203 988 3259 1043 In
3285 989 3500 1045 caeteris
3527 1006 3652 1043 eum

2072 1080 2301 1135 Citiensi
2355 1080 2574 1136 Zenone
2624 1080 2916 1135 sentiebat.
2969 1078 3219 1134 Addebat
3263 1088 3319 1135 et
3364 1081 3528 1145 illud,
3595 1088 3654 1134 nt

2075 1174 2331 1228 humanis
2375 1174 2640 1229 carnibus
2687 1171 3018 1227 vescendum
3060 1179 3342 1228 statueret.
3391 1172 3653 1227 Ultimum

2074 1266 2343 1320 bonorum
2376 1265 2538 1320 ﬁnem
2572 1265 2738 1319 animi
2766 1265 3112 1334 iucunditate
3138 1264 3489 1320 metiebatur.

2146 1356 2419 1428 Diogenes
2464 1355 2799 1428 Babylonius
2854 1356 3040 1411 omnia
3095 1372 3163 1412 ex
3208 1357 3483 1427 voluptate
3522 1370 3656 1411 con-

2073 1456 2222 1503 stare
2258 1448 2536 1503 censebat.

2143 1539 2415 1594 Panaetius
2446 1538 2694 1595 Rhodius
2728 1539 2989 1594 mundum
3032 1537 3335 1593 aﬁirmabat
3374 1539 3654 1593 immorta-

2072 1631 2198 1692 lem,
2224 1644 2401 1699 neqne
2435 1629 2590 1684 senio
2628 1643 2692 1683 ac
2718 1638 2985 1685 vetustate
3006 1628 3220 1684 conﬁci.
3254 1628 3650 1683 Divinationem

2073 1714 2323 1770 funditus
2363 1715 2706 1784 repudiabat.
2752 1716 2959 1787 1091
2998 1714 3129 1782 Quae
3172 1716 3237 1770 de
3261 1715 3366 1771 Deo
3395 1732 3653 1773 asserun-

1996 1815 2039 1869 B
2066 1817 2178 1871 tur,
2202 1807 2498 1861 evertebat.
2534 1806 2821 1862 Summum
2850 1808 3089 1863 hominis
3112 1806 3317 1893 bonrum
3339 1809 3395 1863 in
3415 1809 3646 1877 divitiis,

2069 1914 2132 1954 ac
2165 1899 2397 1954 sanitate
2426 1900 2659 1968 ponebat
2685 1898 2842 1970 (60').

2137 1989 2466 2046 Posidonius
2502 1990 2833 2061 Apamensis
2870 2005 3148 2046 summum
3174 1989 3413 2046 hominis
3448 1990 3649 2047 bonum

2066 2084 2122 2137 in
2143 2084 2347 2138 divitiis
2376 2089 2431 2138 et
2461 2082 2697 2137 sanitate
2720 2083 2975 2153 ponebat.

2137 2174 2520 2229 Athenodorus
2588 2171 2879 2230 Tarsensis
2934 2173 3124 2229 eadem
3178 2189 3304 2230 eum
3342 2173 3648 2246 Chrysippo

2064 2278 2129 2318 ac
2155 2263 2373 2318 Zenone
2424 2263 2676 2334 dogmata
2710 2264 2904 2319 tenuit.

2134 2352 2401 2424 Epicurus
2417 2351 2630 2409 Neoclis
2640 2352 2804 2417 ﬁlius,
2821 2353 3048 2408 Athenis
3059 2355 3346 2421 educatus,
3364 2356 3648 2427 voluptna-

2063 2443 2211 2501 riam
2244 2444 2412 2500 vitam
2442 2444 2729 2515 amplexus
2752 2453 2855 2502 est.
2890 2446 3074 2517 Itaque
3099 2462 3225 2502 cum
3257 2448 3645 2504 meretricibus

2064 2537 2283 2606 publice
2328 2537 2449 2593 sine
2493 2536 2604 2592 ullo
2655 2537 2858 2594 rubore
2901 2539 3355 2595 consuetudinem
3410 2540 3643 2595 habuit:

2063 2636 2261 2698 praeter
2276 2642 2342 2683 ea
2356 2642 2479 2698 qua:
2499 2626 2568 2683 de
2593 2627 2686 2683 illo
2713 2629 2896 2699 operis
2925 2629 3089 2699 hujus
3113 2629 3274 2684 initio
3297 2630 3644 2699 scripsimus.

2063 2717 2204 2773 Deos
2229 2733 2351 2775 esse
2378 2719 2559 2775 nullos
2587 2720 2788 2786 aiebat,
2812 2720 2910 2776 sed
2937 2719 3170 2776 fortunae
3194 2721 3423 2777 arbitrio
3446 2729 3649 2775 cuncta

2062 2810 2386 2881 gubernari.
2418 2810 2566 2866 Nihil
2594 2813 2650 2866 in
2676 2812 2879 2866 mundo
2910 2814 3277 2867 voluntarium
3313 2827 3377 2868 ac
3415 2813 3644 2868 liberum

2064 2901 2268 2965 inesse,
2304 2916 2413 2956 non
2437 2900 2808 2971 disciplinam,
2835 2918 2942 2956 non
2973 2903 3323 2973 imperitiam,
3363 2918 3469 2957 non
3497 2901 3646 2957 aliud

2062 2992 2383 3062 quidquam,
2430 2992 2527 3048 sed
2563 2994 2819 3049 omnibus
2860 2995 3043 3048 omnia
3069 3001 3267 3064 praeter
3306 2994 3643 3048 voluntatem

2062 3084 2328 3138 accidere.
2378 3081 2659 3140 Neminem
2702 3084 2911 3140 idcirco
2942 3085 3378 3156 vituperandum,
3411 3094 3504 3139 aut
3532 3086 3648 3140 col-

380 3184 577 3253 Ἴίῖλεγε
610 3186 668 3239 δὲ
704 3188 777 3257 μὴ
821 3187 930 3242 δεῖν
979 3152 1959 3262 ιλιοὲιιλθῆναιἰιὸνν-ίὶαναιυονῗΣιεᾷζ

2075 3174 2394 3229 laudandum
2433 3190 2575 3241 esse,
2610 3190 2676 3230 eo
2700 3175 2848 3245 quod
2878 3176 3011 3231 nihil
3045 3152 3357 3232 istiusmodi
3379 3193 3445 3232 ex
3468 3177 3645 3232 libero

377 3271 597 3328 δαιοῦτο
627 3275 705 3342 δὲ,
735 3277 810 3341 ὡς
841 3278 943 3349 ἤδη
974 3278 1130 3350 ἔφην,
1160 3280 1219 3345 ἐξ
1255 3282 1473 3354 ἀτόμων
1502 3284 1600 3338 καὶ
1636 3285 1695 3339 τὸ
1723 3288 1831 3340 πᾶν
1862 3288 1960 3359 τὴν

380 3366 642 3422 σύστασιν
667 3368 834 3439 ἔχειν,
864 3370 956 3424 καὶ
981 3371 1074 3425 τὸν
1105 3373 1309 3444 κόσμον
1340 3375 1398 3428 ὲν
1427 3376 1642 3448 ἀπείρῳ
1671 3373 1831 3432 εἶναι.

1831 3450 1847 3481 Ι

447 3630 505 3683 ιο.
549 3631 661 3684 Καὶ⁵
693 3625 835 3687 οὗτοι
865 3633 964 3705 μὲν
991 3636 1039 3689 oi
1071 3636 1129 3704 ἐξ
1169 3634 1434 3710 Ἐλλήνων
1459 3640 1539 3703 είς
1576 3639 1777 3708 γνῶσιν
1803 3641 1957 3713 ήμῶν

376 3721 721 3792 ἐληλύθασιν.
760 3725 945 3779 ’Λλλοι
976 3726 1032 3781 δὲ
1066 3729 1181 3783 ὅσοι
1212 3728 1353 3784 κατὰ
1393 3729 1491 3801 τὴν
1520 3730 1824 3804 Βάρόαρον,
1864 3734 1959 3788 καὶ

386 3812 632 3879 Ἐλλάδα,
705 3814 980 3886 Ῥωμαίαν
1023 3836 1082 3872 τε
1141 3822 1234 3873 καὶ
1283 3822 1353 3875 τὰ
1392 3821 1529 3877 ἄλλα
1578 3823 1815 3894 κλίματα
1860 3825 1957 3896 τῆς

374 3905 718 3977 οἰκουμένης,
775 3908 1141 3980 ἑὸδομήκοντα
1186 3912 1279 3966 δύο
1344 3913 1444 3984 μὲν
1496 3914 1681 3985 ἀηδεῖς
1735 3914 1955 3985 φιλοσο-

377 3997 504 4067 φίαν
556 3998 667 4068 (60)
699 3999 757 4052 ἐν
803 4002 867 4071 τῇ
930 4000 1039 4056 τῶν
1107 4003 1283 4058 Ἰνδῶν
1346 4006 1674 4078 ὲμφέρονται
1731 4008 1955 4079 φατρία,

373 4089 483 4143 τῶν
520 4107 579 4144 τε
611 4093 1077 4163 γυμψσοφιστῶν,
1124 4094 1231 4149 τῶν
1278 4113 1337 4150 τε
1385 4098 1748 4169 Βραχμάνων,
1796 4101 1956 4155 ἐπαι-

370 4181 544 4236 νετῶν
574 4181 780 4237 τούτων
818 4185 1014 4256 μόνων,
1056 4186 1164 4241 τῶν
1189 4204 1248 4240 τε
1281 4189 1814 4261 Ψευδοόραχμάνων,
1845 4191 1956 4245 τῶν

370 4291 433 4327 τε
461 4276 835 4345 νεκυοιράγων,
866 4277 976 4331 τῶν
1015 4295 1074 4331 τε
1120 4281 1507 4352 αίσχροποιῶν,
1538 4283 1645 4337 τῶν
1674 4301 1734 4337 τε
1777 4284 1950 4356 ἀπηλ-

372 4365 627 4436 γημένων
652 4380 667 4395 ·
703 4359 777 4419 ὧν
804 4365 865 4419 τὸ
900 4365 1021 4421 κατ’
1066 4365 1204 4433 εἶδος
1252 4371 1451 4440 λέγειν,
1484 4372 1578 4426 καὶ
1606 4371 1675 4426 τὰ
1702 4373 1833 4444 παρ’
1859 4374 1955 4427 αὐ-

370 4455 482 4560 τςύν
524 4459 1097 4560 ’μυσαραιγινόμενμ
1152 4463 1410 4533 περιττὸν
1459 4464 1806 4537 ἡγησάμεθα,
1858 4466 1952 4520 καὶ
1984 4504 2029 4560 D

369 4543 494 4598 οὔτε
517 4546 688 4625 αξιον,
722 4548 808 4602 διὰ
832 4549 931 4621 τὴν
960 4550 1158 4623 πολλὴν
1189 4552 1246 4605 ὲν
1275 4555 1387 4618 τοῖς
1413 4554 1719 4626 ἀνθρώποις
1746 4554 1953 4628 φθορὰν

370 4636 571 4700 κακίας
604 4654 663 4691 τε
707 4639 801 4693 καὶ
841 4640 1122 4711 ἐργασίας.
1193 4638 1281 4695 Ἐν
1331 4642 1430 4713 μὲν
1479 4643 1587 4715 γὰρ
1645 4646 1713 4717 τῇ
1768 4645 1951 4717 Μηδίᾳ

368 4727 432 4794 ἓξ
462 4728 701 4800 αἱρέσεις
732 4730 894 4788 πάλιν
932 4730 1179 4801 λέγονται
1208 4728 1350 4788 εἶναι
1386 4732 1633 4807 διάφοροι
1658 4751 1672 4767 ο
1715 4737 1773 4790 ὲν
1797 4736 1856 4790 δὲ
1883 4739 1950 4809 τῇ

442 5019 556 5102 (δῦ)
589 5020 783 5102 Illita;
810 5022 981 5093 ἔλεγε
1002 5024 1090 5102 μὴ
1119 5022 1274 5080 εἶναι
1297 5027 1491 5102 ᾂεούς.
1519 5026 1631 5102 lmo
1673 5043 1796 5084 esse
1820 5028 1953 5086 deos

365 5092 588 5160 quidem
639 5092 868 5165 minime
908 5092 1176 5165 negabat;
1226 5096 1321 5151 sed
1368 5092 1549 5151 rerum
1587 5098 1948 5154 humanarum

364 5176 595 5215 securos
627 5176 693 5215 ac
718 5162 944 5219 feriatos
973 5162 1097 5221 esse
1124 5165 1370 5236 jubebat.
1399 5166 1688 5224 Lucretius
1720 5169 1813 5223 lib.
1851 5186 1863 5223 ι
1893 5187 1906 5223 :

473 5295 661 5350 Omnis
696 5297 834 5351 enim
856 5313 950 5362 per
978 5314 1033 5351 se
1061 5298 1239 5353 divum
1273 5310 1468 5354 natura
1498 5318 1705 5355 necesse
1728 5312 1807 5357 est

476 5364 780 5439 immortali
808 5384 917 5421 wvo
949 5383 1156 5439 suntme
1188 5386 1305 5423 cum
1338 5386 1463 5438 pace
1494 5372 1729 5439 fruatur,

473 5434 689 5512 LSamota
721 5437 785 5512 ob
816 5438 1015 5512 nostris
1049 5434 1594 5512 rebus,qsejitncta‘qu
1626 5434 1797 5512 longe.

478 5506 622 5578 Nam
650 5506 1070 5578 privatapdotore
1102 5510 1266 5575 omni,
1298 5506 1765 5578 privata'periclii,

476 5575 748 5651 (psorici:
781 5576 989 5651 pollens;
1012 5578 1214 5651 opibus.
1255 5575 1388 5633 nihil
1411 5575 1589 5651 indiga
1614 5575 1804 5647 nostri,

529 5663 586 5701 ec
616 5646 741 5703 bene
761 5648 1063 5717 promeritis
1082 5649 1312 5719 capitur,
1343 5667 1436 5707 nec
1470 5646 1708 5775 taiit‘gitur
1737 5646 1839 5708 ira.

1576 5736 1737 5775 Brsv.

1576 5736 1737 5777 ετΔν.

2063 3265 2231 3319 animi
2280 3265 2500 3321 decreto
2538 3268 2821 3338 suscipiat.
2869 3267 3096 3324 Mortem
3131 3270 3365 3340 negabat
3405 3285 3643 3339 unquam

2060 3372 2183 3412 esse
2218 3357 2733 3427 pertimescendam.
2771 3358 2939 3425 Idem,
2975 3366 3034 3413 ut
3067 3369 3229 3415 antea
3259 3360 3393 3426 dixi,
3427 3376 3493 3415 ex
3525 3368 3645 3414 ato-

2061 3448 2165 3500 mis
2208 3454 2382 3503 totum
2420 3449 2526 3505 hoc
2573 3450 2891 3506 universum
2937 3462 3223 3517 constare,
3258 3460 3313 3507 et
3346 3453 3399 3506 in
3432 3452 3644 3507 inﬁnito

2061 3540 2240 3610 spatio
2272 3541 2536 3596 mundum
2570 3556 2695 3598 esse
2723 3541 3106 3612 proﬁtebatur.

2131 3629 2198 3683 X.
2240 3630 2305 3686 Hi
2345 3643 2475 3687 sunt
2520 3641 2788 3688 sectarum
2835 3633 2976 3703 apud
3025 3632 3247 3689 Graecos
3290 3634 3641 3697 conditores,

2059 3737 2200 3793 quos
2240 3724 2547 3795 eomperire
2579 3725 2879 3796 potuimus.
2919 3724 3075 3791 Quod
3120 3726 3188 3781 ad
3227 3727 3366 3782 alios
3411 3734 3643 3798 spectat,

2060 3814 2153 3885 qui
2185 3814 2327 3872 inter
2355 3813 2647 3884 Barbaros,
2680 3825 2776 3872 aut
2807 3816 2862 3871 in
2890 3815 3123 3880 Graecia,
3165 3832 3231 3872 ae
3270 3815 3643 3873 Romanorum

2058 3908 2298 3977 regione,
2327 3908 2514 3963 aliisve
2547 3907 2735 3963 mundi
2771 3908 3041 3964 tractibus
3066 3917 3431 3972 emerserunt,
3459 3910 3513 3963 in
3552 3910 3646 3964 ln-

2057 3999 2250 4055 dorum
2266 4000 2488 4056 natione
2506 4016 2656 4055 Lxxn
2674 4001 3087 4059 absurdissima:
3104 4002 3466 4073 philosophiae
3483 4011 3657 4058 secta:-

2059 4100 2448 4161 numerantur;
2504 4093 2654 4149 velut
2686 4092 3297 4166 Gymnosophistarum,
3341 4102 3395 4149 et
3439 4093 3655 4149 Brach-

2057 4199 2375 4251 manorum;
2418 4200 2540 4255 qua:
2582 4185 2713 4240 solae
2759 4201 2824 4241 ex
2861 4184 3117 4241 omnibus
3159 4184 3455 4241 laudandar
3484 4194 3649 4241 sunt.

2057 4275 2193 4330 Tum
2221 4274 2915 4345 Pseudobraehmanorum,
2946 4286 3000 4334 et
3027 4294 3239 4344 eorum,
3263 4278 3647 4368 qui‘mortum

2057 4384 2180 4423 rum
2204 4367 2566 4424 cadaveribus
2592 4376 2925 4437 vescuntur;
2951 4379 3004 4426 et
3024 4372 3117 4442 qui
3143 4371 3504 4427 ftedissimam
3529 4386 3653 4426 rem

2057 4467 2394 4532 perpetrant,
2433 4467 2489 4517 et
2520 4459 2615 4531 qui
2652 4461 2859 4533 stupidi
2890 4462 3273 4534 desperatique
3305 4469 3455 4518 sunt.
3487 4460 3649 4529 Quo-

2062 4568 2182 4608 rum
2216 4553 2429 4625 singula
2468 4553 2742 4624 persequi,
2783 4562 2836 4609 et
2876 4553 3150 4610 horrenda
3199 4554 3445 4609 facinora
3489 4568 3652 4610 com-

2058 4661 2405 4725 memorare,
2454 4662 2918 4719 supervacaneum
2996 4654 3051 4705 et
3100 4648 3382 4721 indignum
3432 4647 3647 4719 putavi:

2060 4745 2213 4793 tanta
2253 4724 2606 4795 est'istorum
2647 4738 2931 4795 hominum
2980 4739 3238 4811 nequitia:
3283 4737 3647 4812 ﬂagitiorum-

2130 5021 2243 5094 (60)
2279 5021 2718 5094 'Eb’dowixma
2749 5021 2871 5080 δύο
2894 5023 3011 5093 μὲν
3041 5023 3246 5090 ἀηδεῖς
3268 5022 3639 5091 φιλοσοφίαι.

2060 5092 2257 5147 Mirum
2286 5101 2367 5145 tot
2395 5093 2540 5164 apud
2575 5094 2735 5149 Indos
2765 5092 3213 5164 pbilbsophorum
3244 5103 3433 5164 sectas
3453 5094 3640 5164 exsti-

2057 5164 2225 5229 tisse;
2284 5161 2447 5233 quod
2491 5164 2678 5219 nescio
2739 5161 2807 5218 an
2872 5161 3014 5218 alius
3063 5161 3384 5233 prodiderit.
3447 5161 3645 5233 Strabo

2057 5233 2153 5288 lib.
2185 5249 2254 5287 xv
2303 5233 2372 5287 de
2405 5232 2675 5303 Indorum
2697 5234 2864 5289 sectis
2920 5233 3033 5303 agit
3066 5232 3359 5303 accurate,
3392 5247 3546 5303 quas
3577 5232 3644 5288 ad

2059 5304 2168 5360 duo
2185 5303 2365 5372 capita
2390 5312 2633 5362 revocat.
2658 5299 3032 5357 Brachmanas
3049 5310 3103 5356 et
3116 5299 3438 5357 Germanas.
3461 5299 3644 5354 Scien-

2057 5373 2187 5428 dum
2217 5384 2301 5428 est
2330 5380 2510 5428 autem
2527 5374 2909 5443 Epiphanium,
2925 5372 3189 5443 αἱρέσεις,
3211 5372 3331 5443 sive
3348 5380 3527 5443 sectas
3550 5384 3633 5438 ap-

2061 5443 2263 5513 pellare
2294 5443 2546 5498 instituta
2568 5441 2804 5509 vivendi,
2833 5456 2898 5497 ac
2917 5441 3167 5513 diversos
3188 5441 3432 5511 gentium
3466 5441 3642 5493 ritus:

2058 5511 2369 5582 cujusmodi
2401 5514 2828 5567 innumerabiles
2854 5511 3050 5566 conﬁci
3086 5518 3399 5581 potuerunt.

2132 5584 2267 5705 (60‘!
2302 5582 2650 5638 Emendanda
2686 5599 2752 5638 ex
2801 5582 2990 5637 Graeco
3034 5582 3196 5650 hujus
3238 5581 3338 5635 loci
3375 5582 3641 5649 interpre-

2132 5655 2213 5705 .io.
2260 5654 2403 5705 mnie
2429 5651 2659 5705 aﬁirmat
2685 5652 2960 5705 Panaetius
2987 5667 3250 5705 norat-em
3279 5666 3402 5705 esse
3424 5662 3641 5705 atumem

2057 5651 2213 5724 talio.
2237 5651 2403 5724 [inpie
2429 5651 2659 5707 allii-mat
2685 5652 2960 5710 Panaatius
2987 5667 3250 5723 nugacem
3279 5666 3402 5707 esse
3424 5662 3652 5705 onmem

2057 5723 2125 5779 de
2156 5723 2264 5779 Deo
2295 5723 2623 5779 sermonem.
