3986 6224
371 296 475 352 799

1796 289 1851 347 6.
1895 289 2232 346 EPIPHANII

3535 287 3643 343 800

373 429 483 484 que
509 411 840 482 corruptela.
872 408 1006 464 Nam
1049 411 1104 466 in
1137 408 1308 466 Media
1341 426 1562 467 rursum
1591 425 1685 466 sex
1719 425 1843 466 esse
1884 411 1957 465 fe-

2064 411 2334 465 Λίθιοπίδι
2362 409 2506 476 ὅσαι,
2541 407 2696 480 παρά
2737 409 2974 481 Πέρσαις
3006 425 3088 473 τε,
3129 406 3163 479 ἦ
3193 407 3250 461 ὲν
3294 408 3360 480 τῇ
3407 407 3646 478 Παρθίᾳ,

377 516 574 560 runtur
609 513 788 564 sectae,
833 519 862 556 a
915 519 973 558 se
1007 503 1238 558 invicem
1271 502 1522 558 diversae.
1572 502 1629 556 in
1676 501 1959 570 A‘Zthiopia

376 612 528 660 vero,
574 610 636 650 ac
668 594 912 660 Perside,
948 595 1190 658 Parthia,
1224 593 1535 660 Elamitide,
1564 592 1786 663 Caspia,
1824 592 1960 646 Ger-

377 686 581 750 mania,
632 683 1082 753 Sarmatia,apud
1121 683 1361 748 Daunos,
1410 683 1672 748 Zicchos,
1727 685 1961 738 Amazo-

377 793 499 843 nas,
549 777 743 842 Lazos,
801 777 1009 841 Iberos,
1067 775 1475 845 Bosphoranos,
1527 773 1715 840 Gelos,
1752 773 1957 838 Seras,

377 866 627 936 aliasque
659 875 872 936 gentes,
915 866 1113 936 legum,
1147 879 1210 918 ac.
1249 871 1523 919 sectarum
1553 872 1607 918 et
1643 864 1956 926 haereseon,

377 973 443 1012 ac
508 958 783 1012 variorum
858 957 1234 1011 institutorum
1299 956 1508 1009 inlinita
1558 969 1755 1025 genera
1805 961 1955 1009 sunt.

381 1049 626 1118 Exempli
662 1047 1004 1116 causa,apud
1033 1044 1197 1101 Seras
1225 1045 1326 1100 viri
1360 1045 1590 1115 capillos
1620 1046 1957 1113 intorquent,

379 1156 444 1193 ac
474 1140 619 1194 domi
663 1140 928 1197 resident.
965 1139 1258 1208 unguentis
1303 1137 1552 1204 delibuti,
1602 1151 1665 1190 ac
1707 1135 1958 1188 muliebri

381 1232 535 1284 cultu
567 1230 972 1298 lcnocinioque,
997 1243 1106 1299 quo
1133 1227 1396 1282 uxoribus
1425 1227 1692 1297 placeant,
1713 1226 1956 1295 expoliti.

382 1321 422 1373 E
452 1321 728 1376 contrario
759 1319 995 1384 feminze,
1032 1327 1190 1373 tonso
1223 1317 1424 1387 capite,
1473 1316 1685 1386 1092
1726 1331 1791 1370 ac
1818 1317 1960 1370 virili

379 1412 598 1482 cingulo
651 1413 979 1480 praecincta,
1023 1409 1412 1479 agriculturam
1469 1414 1747 1462 exercent.
1802 1407 1957 1476 Apud

378 1500 542 1558 Gelos
593 1518 848 1572 perversa
902 1502 1137 1565 ratione,
1181 1501 1273 1570 qui
1326 1499 1466 1552 mala
1517 1505 1838 1568 perpetrant
1892 1499 1961 1552 ab

381 1596 516 1665 ipsis
566 1596 776 1666 legibus
835 1593 1308 1650 commendantur.
1374 1588 1494 1644 Jam
1547 1590 1693 1660 apud
1739 1587 1960 1643 Grzecns

381 1702 542 1757 quam
576 1687 744 1741 multa
787 1685 1048 1756 mysteria
1082 1681 1530 1750 czeremoniaaque
1568 1681 1730 1735 sunt!
1765 1679 1962 1749 Cujus-

379 1779 526 1834 modi
572 1787 700 1834 sunt
735 1777 1002 1848 Megarica
1041 1777 1335 1831 mulierum
1371 1789 1549 1840 saera,
1585 1772 1962 1842 Thesmopho-

380 1869 494 1937 ria;
549 1883 783 1937 quorum
829 1868 968 1922 ritus
1008 1881 1038 1920 a
1083 1881 1142 1921 se
1193 1873 1382 1920 mutuo
1429 1865 1767 1943 discrepant.
1821 1862 1960 1917 Tum

382 1959 681 2022 Eleusinia,
712 1975 833 2028 quae
873 1958 929 2013 in
973 1959 1232 2013 honorem
1274 1957 1490 2013 Cereris
1530 1971 1594 2010 ac
1624 1954 1962 2026 Proserpina:

382 2051 770 2115 celebrantur,
815 2059 870 2105 et
899 2065 1022 2121 quae
1065 2050 1174 2104 illic
1216 2049 1270 2103 in
1308 2048 1679 2119 penetralibus
1721 2047 1961 2102 obscena

381 2142 650 2196 committi
693 2142 891 2206 solent,
935 2143 1080 2198 velut
1111 2156 1238 2196 eum
1276 2141 1538 2196 mulieres
1580 2141 1958 2203 denudantur,

383 2243 443 2288 ut
481 2233 867 2288 honestissime
904 2233 1104 2288 dicam.
1136 2233 1347 2306 Quibus
1373 2231 1644 2287 accedunt
1683 2241 1958 2304 tympana,

384 2325 515 2391 liba,
545 2325 825 2390 rhombus,
853 2325 1121 2389 calathus,
1147 2325 1266 2378 lana
1293 2323 1458 2385 facta.
1487 2324 1820 2395 cymbalum,
1847 2323 1960 2378 cin-

379 2432 485 2471 nus
513 2416 571 2471 in
609 2417 804 2486 poculo
837 2424 1195 2487 temperatus.
1227 2417 1379 2472 Adde
1415 2426 1469 2472 et
1498 2415 1712 2488 Pythia,
1752 2432 1872 2486 qme
1905 2417 1959 2470 in

380 2508 640 2562 honorem
667 2508 987 2563 Archemori
1018 2528 1030 2562 :
1057 2517 1111 2563 et
1147 2507 1393 2572 Isthmia,
1421 2525 1546 2579 qua:
1573 2509 1628 2562 in
1660 2509 1961 2562 Athaman-

380 2601 455 2656 tis
503 2611 558 2654 et
600 2599 889 2655 Melicertae
936 2601 1066 2655 Inus
1110 2600 1204 2654 lilii
1255 2601 1573 2656 memoriam
1619 2600 1958 2654 indicuntur.

380 2690 518 2745 Tum
546 2707 662 2757 eos,
699 2693 792 2761 qui
822 2691 1069 2746 Phallum
1106 2693 1523 2753 circumferunt,
1554 2709 1783 2762 qumque
1819 2693 1962 2746 Pria-

383 2785 504 2853 peia
534 2799 691 2838 sacra
715 2784 1030 2853 turpissima
1052 2801 1115 2838 ac
1134 2784 1565 2850 ﬂagitiosissima
1590 2785 1956 2854 frequentant.

381 2875 462 2930 Ad
491 2877 607 2930 hcce
653 2875 815 2930 [theae
859 2876 1100 2932 cultores
1153 2878 1324 2944 viros,
1369 2877 1464 2947 qui
1512 2888 1730 2932 teneros
1783 2892 1960 2932 mares

379 2970 662 3024 exsecant,
695 2971 750 3017 et
785 2963 963 3016 virilia
996 2963 1248 3019 funditus
1277 2972 1584 3034 amputant,
1613 2968 1751 3021 adeo
1782 2974 1839 3019 ut
1867 2982 1962 3022 ne~

2062 504 2096 575 ἢ
2140 502 2458 573 Ἐλαμίτιδι,
2494 501 2527 572 ἢ
2560 501 2808 572 Κασπίᾳ,
2839 501 2872 570 ἢ
2909 499 3205 571 Γερμανῶν
3231 498 3409 570 χώρα,
3441 499 3475 569 ἢ
3509 499 3652 571 Σαρ-

2065 595 2253 666 ματίᾳ,
2290 595 2321 666 ἢ
2361 593 2545 647 ὁπόσοι
2577 593 2635 646 ὲν
2673 595 2785 655 τοῖς
2817 592 3070 645 Δαύνισιν
3104 591 3237 664 (61),
3273 592 3304 661 ἢ
3337 590 3496 662 παρὰ
3523 592 3651 644 Ζικ-

2063 688 2196 756 χοῖς,
2257 686 2350 739 καὶ
2411 684 2696 756 Ἀμαζόσι.
2765 682 2962 747 Λαζοτς
3007 700 3067 736 τε
3114 684 3206 737 καὶ
3261 682 3500 752 Ἴϐηρσι,
3554 684 3653 735 καὶ

2061 777 2444 847 Βοσπορηνοῖς,
2501 776 2534 846 ἢ
2590 775 2801 846 πηλοῖς,
2857 774 2890 844 ἢ
2942 775 3155 844 Σηροίς,
3210 773 3243 844 ἦ
3307 776 3417 836 τοῖς
3465 771 3652 836 ἄλλοις

2062 866 2259 931 ἔθνεσι,
2313 867 2491 937 νόμων
2542 883 2602 918 τε
2636 865 2891 935 διαφοραὶ
2926 865 3020 917 καὶ
3061 863 3409 933 φιλοσοφιῶν,
3441 863 3540 915 καὶ
3568 863 3656 914 αἱ·

2066 957 2288 1026 ρὲσεων,
2350 957 2443 1008 καὶ
2469 955 2739 1025 διαφορῶν
2801 955 3035 1025 ἄμετρον
3085 953 3306 1024 πλῆθος.
3352 954 3444 1016 Ὠς
3483 954 3656 1022 Σηροὶ

2065 1047 2162 1116 μὲν
2191 1045 2380 1116 ἄνδρες
2409 1045 2795 1115 ἐμπλέκονται.
2845 1044 3028 1097 οἴκαδε
3068 1043 3444 1112 καθεζόμενοι,
3487 1060 3655 1112 μυρι-

2063 1139 2277 1210 ζόμενοι
2306 1157 2365 1192 τε
2400 1143 2494 1193 καὶ
2523 1140 2872 1212 θηλευόμενοι
2928 1139 3172 1207 γυναιξὶν
3197 1137 3616 1209 ἑτοιμαζόμενοι
3637 1156 3651 1168 ·

2061 1234 2118 1286 αἱ
2153 1233 2210 1286 δὲ
2249 1234 2506 1300 γυναῖκες
2526 1232 2586 1284 τὸ
2621 1231 2911 1296 ἀνάπαλιν,
2940 1231 3040 1302 τὴν
3073 1230 3234 1303 τρίχα
3260 1230 3362 1300 τῆς
3402 1229 3652 1298 κεφαλῆς

2062 1323 2476 1393 κουρευόμεναι,
2508 1323 2737 1392 ἀνδρείῳ
2775 1320 2987 1392 ζώματι
3033 1319 3393 1391 ζωννύμεναι,
3440 1321 3539 1372 καὶ
3584 1321 3654 1372 τὰ

2062 1413 2207 1467 κατὰ
2257 1414 2354 1484 τὴν
2399 1413 2638 1484 ἄρουραν
2694 1413 2872 1465 πάντα
2919 1411 3057 1482 ἔργα
3090 1411 3447 1464 ἐκτελοῦσαι·
3499 1411 3655 1481 παρὰ

2063 1505 2251 1574 Γηλοῖς
2283 1504 2338 1557 δὲ
2367 1503 2674 1558 τούναντίον
2703 1504 2752 1555 οἱ
2781 1503 2850 1555 τὰ
2879 1501 3060 1572 φαῦλα
3089 1501 3323 1574 δρῶντες
3372 1502 3513 1572 πρὸς
3541 1502 3652 1556 τῶν

2063 1597 2243 1666 νόμων
2287 1595 2466 1650 αὐτῶν
2514 1595 2899 1649 ἐπαινοῦνταιο
2955 1593 3083 1666 παρ’
3129 1593 3354 1665 Ἕλλησι
3399 1595 3454 1647 δὲ
3507 1597 3654 1648 πόσα

2067 1688 2340 1759 μυστήρια
2377 1689 2472 1740 καὶ
2509 1686 2721 1739 τελεταί
2747 1686 2760 1738 ε
2791 1685 2865 1750 ὡς
2899 1687 2956 1738 αἱ
2997 1684 3407 1757 Μεγαρίζουσαι
3464 1690 3652 1752 γυναί-

2062 1795 2177 1843 κες,
2230 1777 2325 1830 καὶ
2379 1776 2886 1848 Θεσμοφορίζουσαι
2934 1775 3161 1845 ἄλληλαι
3222 1775 3356 1846 πρὸς
3413 1776 3651 1845 ἀλλήλας

2061 1869 2428 1941 διαφέρονται,
2461 1869 2560 1922 ὅσα
2589 1867 2660 1921 τὰ
2695 1870 2709 1899 ¹
2746 1867 2899 1930 ἄλλα,
2933 1866 3003 1921 τά
3042 1883 3101 1919 τε
3142 1869 3200 1920 ὲν
3239 1866 3502 1920 Ἐλευσῖνι
3540 1867 3652 1938 (62)

2066 1963 2361 2033 μυστήρια,
2393 1959 2566 2032 Δηοῦς
2607 1962 2628 1992 ³
2664 1961 2758 2014 καὶ
2784 1959 3155 2031 Φερεφάττης,
3186 1958 3281 2011 καὶ
3319 1959 3428 2012 τῶν
3472 1961 3650 2013 ἐκεῖσε

2062 2052 2272 2106 ἀδύτων
2317 2052 2387 2105 τὰ
2436 2053 2946 2124 αἰσχρουργήματα,
2990 2049 3266 2114 γυναικῶν
3318 2050 3650 2121 ἀπογυμνώο

2064 2161 2197 2209 σεις,
2238 2145 2326 2197 ἵνα
2365 2145 2684 2215 σεμνότερον
2721 2139 3177 2211 εἶπω,-τύμπανά
3201 2159 3261 2194 τε
3290 2143 3386 2195 καὶ
3410 2143 3648 2207 πόπανα,

2067 2236 2264 2309 ῥόμϐος
2309 2253 2368 2289 τε
2422 2237 2516 2289 καὶ
2567 2235 2832 2299 κάλαθος,
2893 2235 3023 2306 ὲρέα
3071 2233 3507 2307 ἐξειργασμένῃ,
3557 2238 3650 2290 καὶ

2062 2327 2359 2400 κύμϐαλον,
2392 2329 2485 2381 καὶ
2515 2325 2727 2382 κυκεὼν
2765 2327 2822 2381 ὲν
2857 2326 3077 2398 πώματι
3107 2328 3647 2398 κατεσκευασμένος·

2061 2421 2162 2474 ὃσα
2190 2435 2249 2472 τε
2279 2419 2416 2473 ἄλλα
2436 2418 2505 2472 τὰ
2534 2420 2592 2472 ὲν
2622 2418 2790 2472 Πυθοῖ
2817 2417 2931 2489 (65)
2977 2419 3314 2490 Ἀρχεμόρου
3341 2419 3411 2473 τά
3441 2421 3648 2490 μυστή-

2063 2527 2177 2582 ρια,
2212 2510 2269 2562 ἐν
2311 2508 2544 2580 ’ἰσθμοῖς
2603 2509 2660 2562 δὲ
2709 2508 2893 2579 ἕτερα,
2935 2507 3269 2578 Ἀθάμαντός
3312 2525 3371 2560 τε
3413 2507 3509 2560 καὶ
3542 2508 3651 2560 Με-

2061 2604 2309 2676 λικέρτου
2375 2602 2468 2656 τοῦ
2533 2601 2702 2667 ’ῐνοῦς
2752 2601 2948 2671 γόνου,
2995 2601 3092 2654 καὶ
3138 2601 3254 2654 ὅσοι
3304 2601 3396 2653 τὸν
3452 2599 3652 2670 φαλλὸν

2060 2693 2654 2766 ἀναστρέφοντεςλμὶι),
2711 2694 2864 2746 αἵτε
2911 2693 3305 2764 φαλαρξζουσαι
3354 2694 3651 2762 αἰσχρουρο

2062 2788 2187 2854 γίας
2243 2787 2624 2858 μελετήματα’
2666 2786 2720 2840 οἵ
2775 2803 2835 2840 τε
2886 2786 2985 2858 τὴν
3040 2785 3200 2840 Ῥέαν
3253 2784 3650 2856 θεραπεύοντες

2063 2876 2271 2946 ἄνδρες,
2307 2874 2726 2945 παρακόψαντες
2756 2893 2813 2928 τε
2847 2875 2936 2928 τὸν
2967 2875 3133 2929 παῖδα
3159 2874 3249 2928 τὸν
3282 2876 3489 2946 ἀρῤενα
3518 2875 3649 2929 ἀνευ

2065 2971 2341 3039 σχήματος
2402 2966 2605 3038 μορίων
2661 2965 3060 3030 διατελὲοντες,
3115 2965 3239 3019 οὔτε
3297 2967 3406 3037 μὴν
3456 2965 3648 3036 ἄνδρες

379 3069 487 3124 que
515 3054 613 3108 viri
646 3053 878 3123 amplius
918 3071 1041 3110 esse
1079 3057 1312 3126 possint,
1350 3072 1526 3126 neque
1558 3058 1816 3113 mulieres
1852 3061 1957 3113 sint

2064 3059 2348 3130 δυνάμενοι
2407 3059 2487 3112 ἔτι
2534 3055 2708 3124 εἶναι,
2763 3056 2888 3110 οὔτε
2943 3059 3199 3126 γυναῖκες
3254 3057 3646 3128 γεγενημένοι·

381 3161 412 3197 a
443 3154 636 3224 natura
676 3145 826 3200 facti.
865 3145 1005 3200 Sunt
1043 3155 1098 3202 et
1143 3147 1234 3201 alii
1285 3146 1622 3219 Dionysiaei,
1653 3149 1746 3219 qui
1793 3149 1962 3204 Cure-

2071 3149 2337 3204 Διονύσιοί
2382 3167 2442 3202 τε
2490 3151 2689 3221 ἕτεροι,
2742 3151 2792 3202 οἱ
2849 3149 2976 3213 τοὺς
3033 3149 3358 3220 Κουρῆτας,
3410 3149 3505 3202 καὶ
3550 3147 3650 3219 τὴν

481 3346 498 3378 ¹
531 3345 594 3401 F.
637 3348 736 3400 ὅσα
759 3364 839 3401 τε.
916 3349 936 3382 ²
968 3345 1066 3402 llic
1116 3363 1217 3402 nos
1252 3348 1423 3418 Δηοῦς
1465 3364 1533 3404 ex
1569 3347 1700 3419 Reg.
1728 3349 1957 3420 scripsiu

2064 3390 2073 3416 ,
2107 3364 2205 3420 pro
2241 3364 2308 3405 eo
2336 3349 2480 3420 quod
2504 3348 2782 3419 legebatur
2804 3347 2965 3418 vulgo
2991 3346 3333 3418 Δημητροῦς.

455 3522 570 3593 (61)
596 3522 668 3578 Ἢ
687 3523 901 3593 dedam
915 3521 984 3593 ἐν
1003 3523 1126 3589 τοῖς
1143 3525 1409 3580 Δαύνισι.
1424 3525 1573 3592 Quos
1587 3529 1672 3584 hic
1688 3527 1964 3584 Daunidas

383 3591 671 3662 intelligat,
690 3591 1042 3646 divinandum
1059 3601 1166 3648 est.
1186 3593 1304 3649 Non
1325 3591 1469 3650 enim
1485 3599 1550 3652 ad
1575 3598 1816 3659 Daunos.
1845 3599 1964 3662 npi-

385 3678 508 3726 nor,
540 3662 714 3733 italia;
756 3662 1033 3733 pupillum,
1077 3678 1175 3733 par
1213 3673 1294 3720 est
1341 3665 1556 3721 referri.
1604 3668 1722 3722 Jam
1748 3662 1959 3733 Zinehi,

381 3733 497 3788 sive
536 3731 721 3786 Zicchi
748 3732 813 3784 ad
849 3730 1093 3785 Pontunr
1125 3734 1395 3788 Euxinum
1424 3738 1478 3789 in
1510 3736 1780 3791 Sarmatia
1805 3730 1964 3793 Asia-'-

385 3805 492 3858 tica
517 3803 856 3857 collocantur
889 3802 958 3856 ab
992 3803 1213 3858 Ariano.
1240 3804 1354 3857 Geli
1387 3813 1568 3860 utrum
1596 3807 1788 3862 Geloni
1820 3809 1953 3870 sint,

387 3889 493 3946 non
525 3875 710 3946 liquet.
748 3870 882 3926 Gelli
917 3871 1218 3946 quidemin
1248 3873 1554 3929 Mamertini
1588 3877 1854 3946 Panegyr.
1888 3879 1957 3931 ad

389 3943 801 3999 Maxiiiiianum.
826 3942 1006 4011 populi
1028 3944 1248 4012 quidam
1284 3953 1600 4012 censentur,
1625 3955 1682 4001 ut
1707 3942 1963 4004 observat

385 4013 646 4069 Ortelius.
678 4012 879 4065 Penv.

453 4083 586 4155 (62),
607 4083 762 4155 Ὅσα
785 4083 859 4155 Ed
885 4079 1062 4155 iulg,
1102 4081 1175 4135 τά
1197 4099 1279 4155 τε,
1302 4083 1372 4155 ἐν
1416 4085 1739 4141 Ἐλευσῖνι.
1781 4085 1959 4144 Pauca

384 4151 472 4208 ex‘
505 4151 730 4207 inﬁnitis
784 4151 1186 4205 Eleusiniorum
1238 4153 1436 4209 ritibus
1505 4172 1570 4211 ac
1619 4158 1960 4214 caeremoniis

379 4225 650 4292 eXpressit
678 4222 1016 4294 erClemente
1038 4223 1092 4282 in
1118 4220 1410 4292 I’rotrept.,
1431 4241 1591 4294 quem
1619 4235 1675 4280 tu
1709 4229 1956 4292 consule,

381 4301 525 4348 utet
564 4293 888 4366 Arnobimn,
937 4292 1184 4366 aliosque
1230 4304 1338 4347 tam
1376 4292 1611 4366 veteres,
1661 4313 1823 4366 quam
1871 4312 1956 4352 re-

382 4366 675 4437 centiores,
717 4361 809 4437 qui
859 4361 926 4415 de
964 4361 1179 4437 _Cereris
1210 4365 1501 4437 _mysteriis
1533 4361 1953 4437 diligentissime

383 4435 742 4511 scripserunt.
767 4430 1420 4511 nosinThemistianis
1447 4435 1592 4490 notis
1614 4430 1756 4511 haud
1780 4451 1949 4506 pauca
1985 4430 2028 4484 D
2057 4430 2225 4511 (farus
2275 4440 2368 4494 lib.
2417 4430 2594 4494 {Sed
2630 4455 2728 4510 pro
2779 4430 3193 4511 φαλάριξουσαι,
3251 4439 3391 4511 forte

381 4499 912 4573 cont'ulnnus.7Quae
961 4502 1093 4556 adeo
1137 4505 1414 4559 nonnullis
1466 4499 1856 4573 persuasimus,
1893 4517 1954 4562 ut

380 4575 500 4646 sine
539 4573 646 4646 n|_|a
681 4572 1002 4646 cujusquam
1043 4573 1319 4646 mentione
1350 4572 1604 4646 tanquam
1629 4578 1868 4646 vulgata,
1899 4586 1956 4632 et

382 4644 438 4697 in
463 4642 715 4714 confesso
749 4639 891 4714 apud
931 4655 1122 4696 omnes
1160 4643 1358 4714 posita,
1391 4639 1511 4714 quin
1539 4645 1660 4700 sine
1693 4639 1862 4701 dubio
1889 4663 1954 4702 ex

382 4713 589 4786 nostris
617 4712 725 4764 illis
753 4711 1066 4786 hauserant,
1098 4713 1218 4786 suis
1236 4711 1642 4786 commentariis
1672 4716 1950 4786 illigarint.

381 4782 537 4856 ριωά
565 4783 962 4856 tantumahest
991 4787 1048 4856 nt
1073 4781 1300 4836 moleste
1340 4781 1602 4856 feramus,
1631 4797 1688 4838 ut
1720 4781 1952 4856 gratiam

384 4853 696 4926 illisAetiam
752 4851 895 4904 ultro
929 4849 1418 4926 debeamuququ
1465 4869 1586 4922 qua:
1647 4849 1879 4926 pri'mum
1923 4872 1954 4910 a

387 4923 549 4978 nobis
577 4927 877 4991 comperta,
916 4920 1103 4995 timide
1127 4936 1190 4975 ac
1221 4920 1525 4995 dillidenter
1547 4920 1825 4995 proposita
1845 4927 1956 4983 illic

380 5003 558 5058 erant,
588 5007 652 5046 ea
697 4990 793 5061 pro
821 4990 1097 5045 veteribus
1125 5005 1189 5045 ac
1231 4994 1465 5062 receptis
1510 4990 1819 5061 habuerint,
1855 4997 1956 5050 ob-

383 5063 789 5135 servationiqne
818 5070 1022 5116 nostra:
1061 5063 1273 5131 pomlus
1300 5071 1354 5118 et
1387 5065 1768 5121 auctoritatem
1801 5067 1945 5135 adje-

379 5134 573 5206 (erint.
610 5132 752 5206 lnt_er
770 5148 833 5206 ea
867 5147 1028 5203 porro
1059 5135 1475 5206 non_t_ni|_iimum
1507 5136 1636 5206 illud
1660 5137 1781 5202 fuit,
1807 5132 1953 5206 quod

379 5205 646 5277 adversus
673 5202 1007 5277 Scaliger-um
1029 5202 1382 5277 validissime
1434 5205 1600 5277 proba
1611 5207 1804 5268 vimus,
1823 5202 1920 5277 iny
1936 5237 1952 5249 -

380 5275 547 5329 steria
569 5275 784 5328 Cereris
811 5288 922 5328 non
948 5275 1395 5343 quinquennalia,
1423 5275 1517 5329 sed
1549 5293 1726 5330 annua
1764 5275 1948 5337 fuisse.

378 5345 549 5414 Cujus
579 5345 655 5398 rei
689 5344 846 5399 fidem
878 5361 908 5399 a
939 5346 1164 5417 nuperis
1194 5344 1301 5398 illis
1341 5346 1702 5417 scriptoribus
1729 5362 1955 5417 expres-

379 5429 497 5466 sam
532 5429 654 5468 esse
707 5429 813 5468 non
852 5415 1202 5469 mediocriter
1245 5415 1562 5484 gaudemus.
1598 5415 1766 5471 Paulo
1801 5415 1948 5480 ante,

380 5485 511 5551 quid
539 5485 650 5538 sint
695 5485 1111 5556 Μεγαρίζουσαι
1146 5487 1401 5552 γυναῖκες
1430 5487 1664 5556 amplius
1706 5502 1955 5556 quaeren-

379 5557 532 5626 dum.
565 5555 786 5626 _Cualius
829 5555 1052 5625 lthodig.
1103 5555 1196 5610 lib.
1241 5571 1335 5626 xv,
1378 5571 1498 5626 cap.
1525 5555 1578 5621 9,
1635 5555 1952 5612 certaminis

380 5621 670 5689 cuiusdam
731 5621 1063 5696 Negare-usis
1119 5625 1396 5689 meminit,
1445 5621 1545 5681 sed
1600 5627 1744 5696 quod
1808 5626 1952 5682 inter

387 5707 603 5762 pueros,
648 5709 756 5746 non
797 5695 1070 5760 mulieres,
1115 5697 1472 5765 peragebantur
1505 5715 1518 5753 :
1552 5695 1774 5770 quinam
1820 5714 1948 5756 sua-

2073 3530 2194 3584 vius
2230 3537 2502 3585 amantem
2527 3536 2670 3585 esset
2704 3528 3292 3596 oseulatus?Cogitent
3313 3528 3536 3582 eruditi.

2140 3600 2249 3670 (65;
2292 3602 2446 3654 Ὅσα
2460 3617 2522 3653 τε
2547 3600 2706 3670 ἄλλα
2723 3602 2794 3654 τὰ
2815 3601 2884 3654 ὲν
2895 3599 3098 3655 Πυθοῖ.
3117 3600 3306 3670 Pythia
3323 3597 3639 3662 certamina,

2067 3669 2531 3741 quemadmodum
2565 3669 2866 3741 Olympica,
2903 3669 3330 3741 quinquennalia
3373 3677 3553 3729 erant,
3583 3675 3642 3720 ut

2069 3740 2290 3795 Pindari
2357 3740 2680 3795 seholiastes
2732 3740 2928 3794 docet.
2974 3740 3406 3795 Celebrabantur
3458 3749 3638 3792 autem

2065 3813 2286 3880 ineunte
2333 3825 2478 3875 vere,
2516 3826 2624 3864 non
2683 3811 3076 3880 praecipitante,
3110 3817 3175 3880 ut
3215 3808 3352 3864 falso
3394 3808 3638 3880 §caliger

2066 3881 2157 3937 lib.
2196 3895 2210 3934 l
2250 3879 2325 3934 De
2373 3880 2636 3934 emendat.
2679 3877 3112 3948 iempfscripsit.
3138 3879 3253 3934 Hoc
3287 3886 3370 3934 est
3398 3877 3630 3947 Elaphe-

2065 3951 2280 4020 holione
2337 3966 2543 4011 mense,
2591 3950 2685 4020 qui
2743 3951 2934 4005 Martio
2981 3949 3096 4004 fere
3141 3949 3489 4020 respondet;
3527 3962 3633 4002 non

2063 4019 2468 4091 Thargelione:
2512 4019 2657 4090 quoil
2713 4021 2822 4074 alio
2873 4021 2927 4091 in
2968 4035 3131 4090 opere
3175 4019 3633 4091 coqlirmabitur;

2070 4100 2128 4145 ut
2158 4089 2408 4145 et'illud:
2441 4089 2766 4146 commissos
2791 4089 3021 4144 eosdem
3039 4106 3162 4145 esse
3194 4089 3350 4143 ludos
3381 4102 3529 4142 anno
3556 4103 3636 4143 se-

2061 4161 2242 4241 cundo
2270 4161 2636 4241 tetraeteridis
2665 4161 2966 4232 olympicae,
3005 4175 3112 4214 non
3157 4167 3215 4213 ut
3267 4158 3512 4228 Scaliger
3539 4171 3639 4228 pta-

2065 4238 2164 4294 tat,
2193 4238 2336 4284 anno
2366 4238 2548 4284 tertio.

2131 4301 2242 4371 (64)
2301 4300 2414 4371 Ka_l
2477 4299 2608 4352 ὅσοι
2668 4299 2776 4354 τὸν
2838 4301 3078 4371 φαλλὸν
3129 4297 3632 4371 ἀναστρέφοντες.

2060 4368 2316 4436 ριιοιῐειι)
2350 4369 2622 4440 Egyptiis
2657 4368 2917 4436 manavit,
2939 4379 2993 4424 et
3021 4369 3255 4426 Osiridis
3281 4370 3485 4424 sacris:
3519 4368 3636 4421 Dio-

2060 4441 2225 4489 dorus
2275 4440 2368 4489 lib.
2417 4455 2454 4489 ι.
2491 4441 2594 4489 Sed
2630 4455 2728 4489 ιιι-ο
2779 4439 3192 4489 (saluationem-
3251 4439 3391 4489 forte
3441 4437 3630 4489 (βαλλί-

3441 4455 3630 4507 φαλλι-

2057 4508 2246 4574 ζουσαι
2314 4508 2705 4580 reponendum.
2785 4508 2993 4565 Videsis
3041 4509 3240 4564 Euseb.
3311 4509 3406 4580 lib.
3462 4523 3498 4561 ιι
3561 4508 3632 4561 De

2055 4595 2311 4649 premam;
2346 4579 2462 4646 qui,
2493 4596 2616 4635 cum
2635 4580 2703 4635 de
2731 4581 3025 4650 plerisque,
3048 4595 3169 4648 quae
3194 4579 3448 4650 hociloco
3481 4592 3631 4650 corn-

2057 4648 2464 4716 inemorantur,
2521 4648 2931 4719 superstitiosis
2978 4658 3223 4705 veterum
3278 4648 3475 4703 ritibus
3524 4648 3632 4716 agit

2057 4721 2355 4784 uberrime,
2384 4729 2497 4772 tum
2530 4735 2668 4790 quas
2694 4721 2937 4790 plerique
2959 4720 3125 4790 latere
3151 4719 3256 4790 sub
3287 4720 3395 4790 illis
3429 4719 3631 4790 allego—

2056 4791 2168 4845 rias
2217 4788 2622 4852 asseverabant,
2665 4788 2879 4845 erudite
2921 4789 3138 4845 refellit.
3173 4788 3306 4856 Quae
3331 4789 3459 4843 dum
3494 4788 3632 4841 forte

2058 4875 2341 4930 percurro,
2383 4860 2536 4914 locus
2562 4861 2784 4930 quidam
2813 4859 3006 4915 incidit
3043 4858 3385 4929 conjectura,
3417 4865 3488 4930 ut,
3509 4858 3629 4925 opi-

2055 4929 2178 4992 nor,
2206 4938 2414 4990 nostra,
2445 4930 2550 4984 luci
2577 4929 2640 4984 ac
2668 4947 2806 4985 vene
2828 4930 3110 4984 sententia:
3140 4930 3447 4983 restitutus.
3477 4929 3525 4980 Is
3546 4936 3629 4982 est

2057 5015 2176 5122 pag.
2219 5001 2307 5056 55.
2340 5015 2482 5054 vers.
2519 5001 2692 5063 Θείον,
2736 5003 2824 5054 ubi
2849 5002 2921 5054 ita
2961 5001 3232 5084 loquitur}
3281 4999 3368 5078 Ὠς
3395 4997 3627 5084 ipsum

2054 5073 2086 5140 ὴ
2151 5069 2404 5140 αυμαστὴ
2448 5073 2538 5123 καὶ
2587 5072 2897 5140 ἀπόρρητος
2939 5069 3254 5140 φυσιολογια
3306 5085 3428 5140 της
3461 5067 3627 5140 EAM};

2055 5073 2404 5140 ὴθαυμαστὴ
2448 5073 2538 5123 καὶ
2587 5073 2897 5142 ἀπόρρτδτος
2939 5073 3254 5138 φυσιολογῐα
3306 5073 3406 5138 τῆς
3442 5073 3627 5134 Ἑλλη-

2055 5141 2210 5210 νικῆς
2255 5140 2530 5208 θεολογίας
2573 5141 2713 5193 θεῖον
2750 5107 2846 5210 μὲν
2885 5139 3057 5201 οὐδὲν,
3095 5139 3217 5192 οὐδὲ
3267 5157 3319 5192 τι
3363 5138 3506 5210 μέγα
3536 5137 3627 5189 καὶ

2056 5210 2374 5282 θεοπρεπὲς,
2396 5214 2490 5282 καὶ
2505 5211 2605 5279 τῆς
2621 5211 2967 5282 ἀναστάσεως
2991 5210 3138 5273 ἀξιον
3162 5211 3413 5282 ἐπήγετο..
3436 5209 3626 5282 Scribo

2055 5281 2148 5334 καὶ
2194 5278 2292 5350 τῆς
2324 5278 2633 5343 ἀνατάσεως
2672 5281 2841 5350 ἄξιον,
2874 5281 2976 5334 hoc
3038 5287 3122 5334 est
3150 5279 3513 5348 promissione
3543 5278 3625 5350 di-

2054 5346 2259 5420 gnum,
2284 5352 2639 5406 translatione
2703 5367 2733 5402 a
2772 5346 3111 5419 "praeconibus
3153 5346 3524 5420 'ducta,rianti
3559 5346 3626 5400 iis

2055 5419 2329 5483 omnibus,
2366 5422 2456 5483 qui
2502 5421 2667 5475 verba
2722 5421 2916 5474 facturi
2951 5422 3089 5475 elata
3133 5434 3297 5472 manu
3343 5419 3624 5473 silentium

2054 5491 2320 5545 indicunt.
2383 5487 2473 5545 Sic
2515 5490 2810 5561 mytholugi
2863 5491 2960 5545 isti
3005 5489 3210 5561 multa,
3239 5497 3319 5561 _et
3367 5487 3624 5558 praclara

2055 5562 2324 5616 minantes
2357 5559 2684 5629 ineptissim't
2712 5569 2860 5623 sunt,
2909 5574 3084 5629 neque
3125 5559 3421 5630 quidquam
3470 5561 3626 5611 tanta

2054 5630 2278 5703 dignum
2307 5632 2455 5686 hiatu
2487 5632 2850 5702 promissores
2883 5631 2972 5688 isti
3008 5631 3210 5688 ferunt.
