3986 6224
361 315 455 371 801

928 314 1304 372 ADVERSUS
1345 313 1686 370 "IERESES
1723 314 1851 371 LIB.
1889 314 1977 369 Ill.
2021 312 2185 368 TOM.
2231 312 2293 367 ll.
2320 343 2387 352 —
2421 312 2789 371 EXPOSITIO
2832 316 3033 373 FIDEI.

3531 321 3637 379 802

361 428 701 499 κρεωνομίαν
734 428 996 499 μυοῦντες
1023 430 1158 501 (65),
1188 432 1313 495 τοὺς
1344 430 1497 499 ὄφεις
1525 430 1947 501 ἀνεστεμμένοι,

2063 437 2169 483 tum
2219 428 2423 492 sacris,
2468 438 2521 484 et
2565 431 2814 485 carnium
2860 432 3118 489 divisioni
3165 432 3382 489 initiare
3426 436 3636 505 solent;

359 521 647 584 εὐάζοντες
678 521 759 584 τὸ,
816 523 950 589 οὺὰ,
981 523 1094 576 οὑὰ
1128 522 1263 593 (66),
1287 524 1504 593 ἐκείνην
1550 522 1647 594 τὴν
1696 521 1839 575 Εὕαν
1872 522 1952 575 ἔτι

358 617 457 687 τὴν
484 616 573 668 διά
624 615 719 668 τοῦ
764 616 941 684 ὄφεως
971 618 1351 687 ἀπατηθεῖσαν
1395 615 1847 680 ἐπικαλούμενοι·
1890 615 1952 667 οὐ

357 706 447 760 διὰ
484 707 586 775 τῆς
628 707 849 770 δασείας
878 713 1062 781 φωνῆς
1096 710 1188 764 τὸν
1230 710 1353 779 ὅφιν
1387 710 1495 763 ἀπὸ
1531 713 1630 781 τῆς
1670 710 1953 782 Ἐϐραΐδος

360 800 440 859 είς
494 797 703 851 ἑαυτῶν
752 800 961 871 πλάνην
1006 800 1419 870 κικλήσκοντες.
1483 800 1597 853 Εὕα
1653 800 1761 871 γὰρ
1812 801 1952 854 κατά

359 892 463 961 τὴν
495 890 657 960 ψιλὴν
701 890 813 961 (67)
860 892 1116 944 ἀπόδοσιν
1152 892 1251 963 τὴν
1289 895 1542 960 γυναῖκα,
1598 892 1739 946 κατά
1771 892 1826 944 δὲ
1854 892 1951 963 τὴν

356 983 576 1037 δασεῖαν
605 984 739 1036 εὐΐα
782 984 873 1037 τὸν
906 983 1028 1052 ὅφιν
1064 985 1251 1047 παῖδες
1288 985 1555 1056 Ἐϐραίων
1598 984 1946 1055 ὀνομάζουσι.

428 1163 532 1219 IA'.
575 1165 685 1220 Καὶ
721 1165 775 1218 τί
818 1166 963 1238 ὲρῶ;
1028 1166 1327 1237 Ἐπιλείψει
1376 1167 1485 1238 γάρ
1526 1184 1615 1238 μοι
1661 1168 1690 1220 ὁ
1733 1167 1925 1238 καιρὸς

355 1255 696 1327 διηγουμένῳ
726 1259 855 1328 περὶ
880 1257 988 1312 τῶν
1022 1258 1316 1329 ἀμυθήτως
1349 1259 1582 1329 ἑχόντων
1621 1257 1699 1327 τῷ
1728 1256 1947 1328 ἀριθμῷ

354 1348 418 1400 ὲν
444 1350 565 1412 ταῖς
590 1348 699 1401 τῶν
728 1348 1030 1420 ἀνθρώπων
1061 1350 1371 1420 διαφοραῖς,
1422 1349 1559 1421 πρὸς
1588 1351 1655 1420 τῇ
1691 1351 1861 1421 ἀρετῇ
1887 1366 1947 1401 τε

358 1440 455 1494 καὶ
485 1440 802 1512 φαυλότητι.
843 1443 997 1494 Ὅσοι
1034 1442 1132 1510 μὲν
1161 1441 1304 1495 κατά
1340 1441 1438 1513 τὴν
1481 1440 1796 1508 Αἰγυπτίων
1842 1439 1950 1510 χώ-

358 1549 462 1605 ραν
505 1533 585 1604 τῷ
637 1534 735 1604 μὲν
768 1534 962 1605 Χρόνῳ
1010 1534 1024 1564 ¹
1077 1533 1256 1605 ἕτεροι
1309 1533 1701 1604 τελισκόμενοι,
1749 1531 1949 1595 κλοιοῖς

352 1624 582 1688 ἑαυτοὺς
612 1626 881 1697 σιδηρέοις
914 1624 1322 1696 καθείρξαντες,
1355 1625 1519 1696 χαίτῃ
1545 1641 1605 1677 τε
1638 1624 1942 1696 ὑπερτάτη,

353 1715 544 1785 ἐσθῆτί
593 1733 651 1768 τε
698 1718 919 1788 ῥυπαρᾷ
961 1716 1055 1769 καὶ
1096 1715 1653 1786 καταμεμωκημένῃ,
1702 1715 1778 1778 ὡς
1826 1714 1947 1785 κρί-

2054 520 2302 573 coronati
2335 520 2713 590 serpentibus,
2742 531 2990 588 ovantes,
3024 531 3101 589 et,
3122 541 3246 595 oua,
3285 540 3410 587 oua,
3430 528 3637 581 vocife-
3666 505 3675 515 ”

2053 619 2269 675 rantes;
2304 611 2406 664 hoc
2436 619 2520 665 est
2552 610 2714 663 Evam
2746 613 2915 675 illam,
2948 628 3113 683 quam
3143 630 3371 684 serpens
3400 617 3636 687 decepit,

2055 703 2379 758 invocantes
2415 722 2428 758 :
2454 703 2567 758 sive
2592 704 2837 773 aspirata
2868 720 3000 760 voce
3030 716 3337 777 serpentem
3369 708 3634 765 Hebraica

2051 796 2234 865 lingua
2263 796 2329 848 ad
2368 795 2610 849 fraudem
2639 811 2794 849 suam
2829 802 2882 850 et
2917 811 3160 851 errorem
3195 807 3474 855 vocantes.
3501 800 3634 854 Nam

2054 888 2164 942 Eva
2206 890 2251 944 si
2296 890 2444 944 tenui
2492 890 2687 960 spiritu
2718 890 3127 959 pronuntietur,
3170 890 3419 958 feminam
3467 894 3630 964 signi-

2054 980 2212 1047 ﬁcat;
2248 982 2335 1035 sin
2367 982 2664 1051 aspiretur,
2697 980 2909 1037 Hebraei
2939 981 3043 1036 hoc
3075 982 3340 1037 vocabulo
3361 985 3489 1038 heva
3515 1000 3633 1040 ser-

2052 1080 2271 1144 pentem
2306 1074 2641 1145 intelligunt.

2124 1164 2217 1220 XI.
2264 1166 2330 1219 Et
2381 1166 2513 1236 quid
2563 1167 2757 1221 attinet
2804 1166 2962 1237 plura
3014 1166 3239 1223 dicere?
3278 1167 3518 1239 Tempus
3553 1185 3640 1226 tne

2051 1257 2288 1322 deﬁciet,
2346 1258 2391 1313 si
2447 1259 2657 1312 infinita
2723 1259 2814 1313 illa
2868 1260 3151 1314 hominum
3204 1260 3527 1314 discrimina
3582 1262 3639 1316 in

2053 1356 2343 1419 utramque
2374 1359 2609 1418 partem,
2654 1351 2759 1404 hoc
2785 1357 2873 1405 est
2912 1350 3169 1405 virtutem
3212 1366 3275 1404 ae
3312 1353 3639 1421 pravitatem

2050 1442 2306 1512 persequi
2362 1440 2605 1495 voluero.
2657 1439 2834 1496 Veluti
2870 1442 2963 1512 qui
3011 1442 3063 1495 in
3110 1441 3351 1513 .IEgypto
3401 1442 3642 1499 Saturno

2050 1532 2248 1586 initiati
2288 1531 2483 1588 ferreis
2532 1533 2831 1589 collaribus
2866 1535 3077 1604 seipsos
3107 1534 3339 1605 illigant,
3375 1550 3438 1589 ac
3484 1537 3647 1605 proli-

2052 1624 2203 1680 xiore
2236 1624 2426 1688 barba,
2455 1634 2509 1680 et
2544 1624 2787 1681 sordidis
2829 1628 3073 1682 vestibus
3110 1642 3173 1682 ac
3203 1628 3457 1684 ridiculis
3487 1636 3647 1682 utun-

2051 1723 2160 1769 tur.
2208 1714 2420 1787 Quippe
2463 1718 2516 1769 iu
2561 1717 2823 1772 honorem
2880 1716 3103 1772 Saturni
3150 1720 3269 1774 Asti
3311 1721 3487 1789 (quivd
3536 1720 3648 1774 exi-

354 1827 477 1867 κοις
514 1810 612 1881 μὲν
653 1786 780 1873 τοὺς
825 1786 1036 1862 ἑαυτῶν
1089 1813 1374 1881 μυκτῆρας
1412 1811 1777 1881 ὲμπείραντες
1824 1810 1946 1862 καθ’

2063 1825 2219 1880 guunt
2251 1786 2513 1879 oppidum
2541 1818 2625 1865 est
2657 1824 2721 1863 ac
2747 1824 3011 1880 pagorum
3036 1820 3200 1881 caput
3232 1813 3284 1865 in
3318 1786 3645 1882 praefectura

355 1902 597 1973 ἑκάστην
646 1901 723 1971 τῷ
761 1902 953 1971 Κρόνῳ
1006 1903 1064 1953 ὲν
1114 1904 1178 1972 τῇ
1242 1901 1415 1972 Ἀστῷ
1470 1901 1581 1971 (68)
1634 1900 1943 1971 καλουμένῃ

356 1990 607 2065 (πολίχνη
650 1992 706 2044 δέ
736 1994 883 2044 ἐστιν
910 1992 1047 2062 αὕτη
1081 1993 1444 2063 μητροκωμία
1470 1992 1614 2046 κατά
1640 1992 1732 2045 τὸν
1766 1994 1946 2063 Προσ-

351 2083 569 2154 ωπίτην
614 2082 948 2153 καλούμενον
1001 2084 1164 2153 νομόν
1189 2084 1225 2153 ο)
1255 2084 1395 2136 κατὰ
1440 2083 1539 2147 τὰς
1585 2085 1801 2151 ἐναγεῖς
1844 2082 1946 2152 τῆς

353 2174 641 2245 πανδήμου
684 2174 791 2228 τῶν
823 2175 1258 2245 πεπλανημένων
1299 2175 1663 2239 συνελεύσεως
1702 2175 1944 2241 τελετὰς,

354 2266 451 2319 καὶ
478 2268 584 2319 τῶν
607 2267 1004 2330 καταλιζόντων
1020 2269 1039 2298 ¹
1061 2268 1171 2337 (69)
1198 2267 1289 2319 καὶ
1312 2266 1642 2338 όργιούντων
1674 2269 1938 2337 ἐμμανεῖς

354 2360 515 2432 δῆθεν
584 2359 933 2429 ἱεροφαντίας
1013 2358 1480 2429 σχηματιζόντων.
1568 2357 1820 2424 Ἐξώλεις
1893 2358 1949 2412 δὲ

355 2446 520 2504 οὗτοι.
558 2451 695 2521 Παρ’
726 2449 904 2513 ἄλλοις
940 2449 997 2501 δὲ
1045 2451 1192 2512 ὅσοις
1228 2450 1270 2513 ³,
1303 2450 1377 2513 ὡς
1424 2451 1473 2503 οἱ
1516 2450 1614 2520 μὲν
1662 2450 1815 2521 παρὰ
1859 2450 1950 2503 τὸν

359 2543 638 2604 Βουτικον,
689 2542 722 2613 ἢ
775 2541 945 2611 αὐτὴν
987 2540 1085 2612 τὴν
1135 2541 1319 2594 Βουτῶ
1374 2541 1487 2613 (70)
1537 2541 1634 2612 τὴν
1690 2541 1949 2611 πολίχνην

359 2635 449 2688 τὸν
509 2633 888 2706 Ἀρποκράτην
930 2632 1299 2703 τιθηνοῦντες,
1344 2634 1393 2687 οἳ
1420 2634 1674 2706 γέροντες
1707 2635 1802 2705 μὲν
1849 2634 1947 2705 ἤδη

359 2728 468 2781 εἰσὶ
528 2727 625 2798 τὴν
657 2726 875 2797 ἡλικίαν
895 2744 907 2755 ·
941 2726 989 2779 οἱ
1029 2726 1166 2797 πρὸς
1192 2728 1259 2797 τῇ
1297 2727 1583 2799 ἱερομηνίᾳ
1612 2726 1708 2790 τὰς
1741 2742 1948 2797 φαντα-

360 2818 572 2881 σιὼδεις
618 2819 712 2872 τοῦ
762 2820 928 2887 Ὥρου
987 2817 1368 2883 ὲνθουσιώσεις
1419 2821 1689 2874 ἐπιτελεῖν
1740 2822 1803 2873 ἐκ
1857 2815 1950 2873 τοῦ

360 2908 611 2977 δαίμονος
644 2907 1096 2977 ἀναγκαζόμενοι.
1135 2909 1401 2973 Ἕκαστος
1444 2910 1504 2963 δὲ
1546 2910 1655 2963 τῶν
1695 2910 1951 2975 πολιτῶν,

361 3001 455 3053 καὶ
486 3000 798 3071 πρεσϐύτης
824 3000 926 3071 ἤδη
962 3000 1244 3073 ὑπεράγαν
1287 3000 1405 3071 ἅμα
1437 3003 1678 3066 νεανίαις
1722 3002 1954 3073 ὁμοτρὸο

361 3108 483 3155 ποις
534 3090 748 3162 ἑτέραις
796 3090 818 3123 ⁸
876 3091 1076 3163 ἡϐηδὸν
1123 3090 1389 3163 ἡλικίαις,
1436 3094 1602 3165 ἱερεῖς
1644 3092 1741 3147 τοῦ
1784 3094 1951 3147 αὑτοῦ

2046 1899 2423 1971 Pr050pitide)
2459 1900 2696 1955 circulos
2738 1900 3031 1955 identidem
3085 1902 3313 1957 naribus
3371 1902 3641 1971 infigunt,

2046 2008 2157 2064 quo
2191 2002 2433 2061 tempore
2468 1992 2709 2048 nefarios
2741 2008 2803 2047 ac
2841 1993 3138 2048 sceleratos
3167 1994 3445 2064 religionis
3474 2007 3645 2049 causa

2047 2095 2353 2142 conventus
2377 2102 2442 2141 ex
2471 2085 2685 2157 oppidis
2709 2086 2965 2141 omnibus
2991 2087 3287 2142 instituunt
3313 2106 3325 2140 :
3359 2095 3471 2142 tum
3499 2086 3647 2142 enim

2048 2179 2258 2234 coactis
2292 2179 2552 2245 cmtibus,
2593 2180 2856 2247 orgiaque
2884 2179 3251 2245 celebrantes,
3282 2178 3549 2234 fanaticos
3588 2189 3642 2233 et

2049 2269 2365 2325 inconditos
2403 2269 2543 2323 ritus
2589 2270 2925 2338 exprimunt.
2972 2269 3077 2323 Sed
3122 2269 3515 2324 exsecrandum
3562 2278 3647 2325 cst

2051 2378 2223 2433 genus
2256 2362 2398 2416 istud
2429 2360 2733 2414 hominum.
2765 2360 2902 2413 Sunt
2921 2359 3129 2423 etapud
3155 2361 3292 2415 alios
3315 2374 3473 2429 sacra
3501 2377 3643 2430 qua)-

2050 2454 2174 2506 dam
2221 2450 2530 2505 istiusmodi
2564 2449 2748 2503 :velut
2780 2448 2872 2517 qui
2920 2447 2973 2501 in
3038 2446 3233 2503 Butica
3286 2448 3642 2519 praefectura,

2052 2543 2298 2611 adeoque
2332 2541 2454 2595 Buti
2501 2542 2701 2612 oppido
2750 2540 3137 2610 Harpocratem
3190 2542 3463 2607 nutriunt,
3518 2558 3653 2599 con-

2054 2635 2194 2691 fecta
2241 2636 2352 2703 jam
2402 2642 2561 2690 amate
2610 2650 2789 2690 senes.
2840 2633 2942 2700 Qui
2994 2634 3224 2690 solemni
3271 2635 3381 2698 die,
3429 2644 3482 2689 et
3514 2636 3651 2705 ipsis

2052 2725 2311 2782 Calendis
2350 2725 2563 2795 1093
2612 2739 2845 2782 vesanas
2880 2739 2945 2778 ac
2990 2724 3228 2780 furiosas
3278 2724 3372 2779 ()ri
3402 2740 3654 2781 emremo—

2054 2817 2178 2872 nias
2235 2816 2502 2870 daemonis
2554 2823 2727 2871 (nstro
2778 2816 2971 2885 perciti
3025 2815 3307 2870 celebrare
3356 2828 3648 2885 cnguutur.

2055 2909 2193 2964 'l'um
2228 2908 2374 2961 enim
2422 2906 2572 2961 cives
2617 2906 2858 2961 universi
2904 2921 2967 2960 ac
3012 2906 3094 2961 vel
3143 2906 3407 2975 decrepiti
3453 2923 3651 2966 senes.

2055 3013 2179 3052 cum
2213 2997 2654 3051 adolescentibus
2686 2995 2874 3050 iisdem
2918 2995 3166 3050 moribus
3199 2995 3445 3065 prmditis
3480 3010 3545 3050 ac
3574 3012 3655 3050 re-

2056 3091 2226 3161 liquis
2263 3090 2521 3144 aetatibus
2566 3089 2680 3157 jam
2732 3098 2849 3142 tum
2900 3090 2970 3143 ab
3021 3089 3139 3159 ipsa
3193 3088 3499 3159 pubertate,
3558 3086 3653 3143 Ori

365 3186 531 3255 Ὤρου
590 3156 751 3255 δῆθεν
812 3156 910 3238 καί
973 3156 1421 3256 ιΑρποκράτους,
1476 3156 1593 3239 £th
1626 3186 1728 3257 τῆς
1779 3186 1953 3258 κάρας

2063 3183 2334 3247 videlicet,
2364 3190 2418 3236 et
2446 3180 2798 3251 llarpocratis
2826 3182 3165 3248 sacerdotes,
3191 3182 3423 3237 detonso
3450 3184 3651 3253 capite,

362 3278 709 3349 ἐξυρημένοι,
745 3276 947 3348 μᾶλλον
988 3276 1215 3341 ἕκαστος
1246 3278 1402 3349 φέρει
1428 3276 1663 3341 ἀναιδῶς
1693 3280 1753 3331 τὸ
1777 3276 1954 3331 δουλι-

361 3369 459 3423 κὸν
499 3367 659 3439 όμοῦ,
688 3369 781 3422 καὶ
811 3369 1211 3440 ὲπικατάρατον
1257 3369 1353 3422 καὶ
1397 3369 1761 3442 παιδαριῶδες
1808 3369 1956 3441 σῆμα

362 3460 657 3532 φέροντεςο
704 3458 982 3530 ἀθύρμασί
1010 3476 1068 3511 τε
1099 3458 1235 3530 πρὸς
1273 3462 1387 3523 τοῖς
1415 3463 1657 3524 συνετοῖς
1700 3463 1812 3524 τοῖς
1846 3460 1955 3514 ἀπὸ

362 3553 458 3607 τοῦ
504 3552 754 3622 δαίμονος
798 3552 1023 3615 ἑαυτοὺς
1073 3552 1429 3605 ὲκδεδωκόσιν
1484 3554 1528 3616 ⁸,
1582 3556 1851 3624 ἐμμανεῖς
1890 3569 1951 3606 τε

362 3643 461 3697 καὶ
498 3641 876 3713 ἀφραίνοντες,
908 3638 1262 3710 γελοιώμενοί
1305 3657 1364 3693 τε
1392 3642 1634 3713 ἀσχέτως
1669 3643 1949 3714 φέρονται,

364 3735 600 3806 ἀθήραις
653 3748 710 3786 τε
766 3733 862 3785 καὶ
907 3731 1276 3803 σεμιδάλεσιν,
1330 3732 1520 3799 ἄλλαις
1564 3753 1625 3788 τε
1692 3735 1953 3804 βαναυσο-

365 3826 574 3889 ποιίαις
604 3824 821 3897 πρῶτον
855 3823 953 3894 μὲν
986 3825 1084 3887 τὰς
1122 3822 1273 3892 ὂψεις
1312 3825 1619 3895 χρίσαντες,
1659 3827 1736 3898 τῷ
1763 3826 1953 3897 λέὸητι

364 3916 801 3990 ἀνακαχλάζοντι
843 3917 905 3972 τὸ
952 3918 1241 3990 πρόσωπον
1290 3917 1559 3981 ἐνθέντες,
1613 3919 1722 3973 ἀπό
1767 3936 1827 3973 τε
1857 3918 1950 3972 τοῦ

2064 3276 2315 3331 servilem
2345 3284 2398 3330 et
2426 3274 2853 3329 abominandum
2879 3289 2941 3328 ac
2970 3275 3230 3344 puerilem
3263 3275 3500 3342 speciem
3534 3275 3656 3331 sine

2064 3368 2175 3422 ullo
2206 3368 2414 3438 pudore
2445 3366 2863 3421 circumferunt.
2903 3365 3041 3421 Tum
3076 3382 3205 3422 vero
3255 3366 3463 3421 ludicra
3507 3382 3656 3437 quir-

2061 3458 2187 3514 dam
2217 3456 2421 3513 obeunt
2452 3473 2516 3513 ac
2555 3474 2676 3513 sese
2708 3459 3091 3529 prudentibus,
3121 3460 3211 3529 qui
3243 3458 3455 3528 seipsos
3484 3473 3513 3511 a
3545 3473 3658 3513 ser-

2060 3551 2232 3605 vitute
2275 3550 2539 3605 damonis
2581 3559 2961 3615 asscruerunt,
3009 3550 3341 3606 deridendos
3385 3550 3654 3620 praebent.

2059 3640 2195 3697 Nam
2222 3643 2508 3699 vecordes.
2539 3658 2640 3698 nec
2675 3644 2757 3698 sui
2790 3655 3071 3714 compotes
3107 3657 3170 3698 ac
3200 3642 3438 3697 ridicule
3475 3641 3660 3697 defor-

2061 3735 2214 3799 mati,
2244 3735 2547 3806 pr'ecipites
2584 3735 2854 3789 feruntur.
2890 3736 3134 3789 Primum
3166 3736 3310 3789 enim
3343 3734 3560 3804 polenta
3595 3748 3660 3787 ac

2063 3828 2263 3888 simila.
2308 3829 2541 3898 aliisque
2585 3827 2639 3881 id
2680 3844 2851 3898 genus
2902 3828 3176 3884 confectis
3227 3827 3428 3883 eduliis
3460 3828 3656 3882 faciem

2061 3918 2334 3985 oblinunt,
2370 3920 2525 3974 vultu
2558 3920 2612 3973 in
2642 3920 2860 3976 fervens
2897 3919 3204 3975 caldarium
3238 3919 3499 3974 immerso
3532 3933 3659 3973 :ea-

442 4148 463 4181 ί
492 4147 619 4204 Cor.
637 4148 851 4217 Κρόνῳ.
927 4144 948 4173 ⁸
989 4143 1121 4213 Reg.
1157 4141 1619 4206 πατταλιςόντων.
1696 4142 1716 4172 ³
1745 4140 1874 4213 Reg.
1909 4135 2075 4198 οὗτοι.
2155 4144 2175 4175 ⁸
2197 4162 2287 4213 γρ.
2312 4144 2577 4216 ἑταίραις.
2654 4146 2675 4177 ⁵
2704 4143 2765 4197 F.
2791 4143 3143 4199 ἐκδεδώκασι.

444 4302 698 4390 (δῴηΚίέ
726 4303 842 4386 ﬁl":
886 4301 1253 4390 κρεειένομίιξγ
1288 4300 1608 4390 Ιζῖίρῦντες.
1648 4299 1706 4390 In
1760 4300 1956 4381 sacris,

372 4390 426 4433 et
454 4371 624 4431 initiis
652 4371 869 4429 Cereris
899 4371 1069 4429 multa
1101 4373 1269 4427 certis
1296 4372 1493 4425 ritibus
1522 4371 1837 4424 adumbrari
1867 4388 1961 4425 sn-

372 4449 576 4510 lebant,
624 4461 745 4515 quae
790 4445 856 4499 ad
908 4443 1177 4515 Bacchum
1221 4443 1565 4515 pertinebant
1585 4441 1960 4515 V:_Clljllsul0-dl

2070 4301 2405 4370 pretationes
2437 4316 2568 4372 sane
2600 4301 2866 4357 ridiculas
2907 4302 3084 4355 critici
3114 4316 3177 4355 ac
3235 4300 3532 4372 mythologi
3567 4316 3661 4355 so-

2071 4372 2419 4426 lentall‘erre.
2458 4371 2597 4426 Vera
2648 4382 2827 4426 autem
2871 4374 2986 4427 haec
3023 4380 3108 4426 est
3150 4371 3312 4433 ratio,
3361 4389 3525 4441 quam
3574 4374 3662 4427 hic

2068 4451 2259 4496 noster
2286 4442 2486 4504 innuit,
2508 4458 2558 4512 Aa
2595 4444 2967 4512 serpentibus,
2999 4445 3091 4511 qui
3124 4443 3232 4497 illis
3264 4444 3316 4496 iu
3363 4446 3540 4497 sacris
3565 4458 3661 4497 co-

372 4490 689 4571 er-a‘tuilliiis
704 4490 978 4569 wlauiatio.
1016 4512 1092 4568 De
1122 4490 1249 4583 quar
1275 4512 1526 4568 Clemens
1567 4490 1735 4566 Alex:
1761 4519 1871 4581 agt
1902 4513 1956 4564 in
1997 4490 2037 4543 θ
2068 4513 2347 4583 l_ehantur,
2383 4527 2447 4565 ea
2473 4490 2733 4565 ,tlerivat'a
2756 4582 2763 4583 ί
2785 4490 3069 4567 νοοιιὺῖιῧι.
3117 4513 3270 4577 Quod
3325 4512 3544 4582 quidem
3596 4530 3662 4567 ex

374 4588 643 4643 Protrent.

449 4603 979 4727 (iigptbddzbwsg
1007 4655 1093 4727 rd,
1116 4654 1275 4727 Δοὺὰ,
1309 4653 1459 4727 pbd.
1520 4650 1958 4707 Acclamationes

372 4723 497 4784 istic
544 4723 598 4781 in
649 4725 832 4779 laetitia
866 4733 919 4779 et
970 4724 1245 4779 hilaritate
1302 4723 1615 4793 frequenter
1658 4731 1956 4792 usurpatte.

376 4799 535 4853 Unde
564 4797 744 4849 ovatio
786 4794 1037 4849 deducta.
1082 4793 1389 4864 Xiphilinus
1436 4797 1489 4847 in
1531 4793 1737 4846 Nerone
1771 4793 1962 4864 scribit

376 4871 564 4923 Romae
579 4865 965 4936 Olympionicaa
981 4863 1175 4936 Neroni
1186 4865 1549 4936 acclamatum
1573 4880 1695 4918 esse
1714 4882 1726 4917 :
1763 4863 1961 4933 Ὀλυμ-

375 4935 742 4999 πιονίκα,οὺά’
774 4935 1082 4999 Πυθιονίκα,
1102 4935 1223 4988 οὺά.

454 5009 567 5078 (67)
608 5008 729 5060 Εὔα
760 5006 1053 5078 γὰρᾼκατὰ
1089 5005 1204 5071 τὴν
1238 5002 1644 5078 ψιλήνε-Μίιιί-
1677 5002 1822 5078 nulla
1852 5017 1953 5078 vox

376 5072 620 5134 occurrit
655 5072 943 5144 ejusmodi.
982 5091 1101 5145 qua:
1136 5075 1405 5128 mulierem
1452 5072 1715 5128 llebraice
1756 5073 1963 5145 signiti-

377 5157 488 5205 cet.
523 5150 591 5202 At
630 5155 777 5206 sum
825 5146 965 5201 idem
997 5144 1083 5202 est
1123 5159 1189 5199 ac
1223 5159 1448 5214 serpens
1484 5163 1496 5198 :
1538 5145 1681 5214 quod
1727 5144 1965 5214 vocabu-

377 5220 492 5274 lum
524 5234 619 5288 per
649 5215 1032 5288 densissimam
1082 5213 1474 5288 aspiratibnem
1521 5213 1770 5288 effertur,
1800 5213 1965 5288 n_ii_ni-

377 5304 503 5345 rum
527 5281 610 5350 ᾖε
650 5298 709 5341 ut
736 5294 790 5341 et
822 5285 944 5339 Eva:
994 5281 1191 5340 nomen
1234 5295 1353 5345 mn.
1397 5282 1598 5339 Verum
1635 5281 1778 5337 LXX
1817 5281 1965 5337 Εὕαν

378 5360 530 5415 tenui
564 5358 758 5427 spiritu
788 5356 1333 5427 reddiderunt._Quo
1367 5354 1496 5427 nisi)
1520 5353 1967 5427 fallor__respexit

380 5422 742 5501 Epiphanius.
764 5425 930 5501 (Uynde
977 5424 1356 5501 et-xatcinﬁlv
1386 5424 1550 5496 ψιλὴν
1599 5422 1877 5501 ἀπῇοσιν,
1910 5422 1963 5477 id

379 5492 503 5565 est;
523 5500 666 5554 tenui
694 5499 884 5566 spiritu
906 5495 1171 5550 redditum
1208 5492 1365 5556 dixit,
1400 5492 1594 5565 henipe
1620 5492 1694 5566 ad
1717 5492 1860 5566 LX_X
1888 5509 1969 5548 se-

382 5563 599 5627 niorum
639 5563 915 5632 ἀπόδοσιν,
949 5574 1004 5622 ct
1036 5566 1452 5621 translationem
1488 5563 1760 5618 alludens.
1793 5563 1965 5633 Egre-

380 5644 615 5714 giusest
637 5648 816 5714 autem
850 5639 936 5714 hic
962 5636 1243 5709 Epiphanii
1276 5637 1432 5714 locas
1457 5636 1525 5714 ad
1548 5649 1738 5714 earum
1769 5649 1964 5688 vocum

380 5705 763 5783 Explicandam
794 5705 1082 5783 originem,
1119 5722 1241 5783 q_uze
1273 5710 1329 5761 in
1362 5705 1559 5783 Bacchi
1592 5705 1768 5761 sacris
1794 5720 1965 5783 μευν-

384 5776 651 5854 pahantur
678 5800 689 5834 :
726 5776 903 5847 Evan,
929 5780 1091 5843 Evce,
1144 5778 1347 5849 Euhye,
1378 5786 1484 5833 etc.
1516 5777 1759 5843 Quarum
1792 5776 1964 5832 inter-

2067 4581 2301 4653 Eusebio
2333 4582 2635 4653 transtulit,
2674 4582 2765 4651 qui
2805 4584 2897 4635 hb.
2928 4600 2959 4634 ιι
3000 4583 3076 4637 De
3117 4581 3373 4653 prwpari,
3402 4598 3525 4653 pag.
3569 4584 3660 4644 ὃς).

2064 4651 2273 4724 Αὐτίκα
2299 4652 2450 4724 γοῦν,
2472 4653 2668 4724 inquit,
2699 4653 2841 4724 κατὰ
2871 4654 2968 4723 τὴν
3006 4654 3209 4723 ἀκριϐῆ
3242 4652 3350 4705 τῶν
3392 4651 3665 4724 Ἐϐραίων

2065 4722 2259 4844 (gerant),
2279 4723 2340 4809 τὸ
2380 4722 2551 4792 ὄνομα
2599 4722 2658 4774 τὸ
2711 4723 2838 4775 Εὔα
2886 4722 3249 4793 δασυνόμενον
3300 4722 3665 4795 ἑρμηνεύεται

2106 4807 2197 4844 mc
2268 4807 2441 4844 πλεια.

2106 4807 2197 4854 got;
2232 4807 2441 4854 θήλεια.

2111 4807 2515 4931 ἤιὲὃῗηίέῗθτῇ
2559 4860 2772 4928 Ἀστῷ.
2801 4863 3129 4933 Oppidulum
3158 4862 3289 4917 illud
3322 4861 3666 4932 praefecturae

2067 4929 2444 5003 Proso'potidis
2466 4942 2631 5002 caput
2656 4934 2824 4988 fuisse
2848 4929 2912 4986 ac
2938 4934 3239 5002 principem
3261 4929 3663 5003 velutiilocum,

2068 5001 2385 5057 consentire
2412 5018 2519 5057 non
2540 5001 2807 5057 videntur
2836 5001 3067 5059 veteres.
3087 5001 3329 5057 Consule
3358 5001 3661 5056 Cellarium

2069 5069 2226 5142 Geog.
2258 5075 2428 5141 antiq.
2472 5074 2564 5128 lib.
2612 5089 2684 5135 Iv,
2716 5089 2839 5145 cap.
2878 5076 2921 5127 Ι.
2953 5073 3029 5127 De
3080 5071 3663 5194 eademIJerfectura,

2069 5156 2230 5194 quam
2256 5144 2437 5194 Noudv
2476 5145 2844 5194 annellahant.
2876 5144 2987 5194 agit
3015 5143 3226 5194 Plinius
3328 5141 3559 5194 aturalts
3584 5141 3663 5194 hi-

2068 5141 2230 5211 quain
2256 5144 2437 5212 Νομόν
2476 5141 2844 5214 appellabant,
2876 5144 2987 5214 agit
3015 5143 3226 5198 Plinius
3269 5141 3559 5196 Naturalis
3584 5141 3667 5195 hi-

2069 5214 2255 5267 storia:
2285 5214 2423 5268 libro
2454 5231 2509 5281 v,
2538 5214 2721 5284 capite
2747 5230 2823 5268 ιχ.

2146 5284 2258 5353 (69)
2299 5285 2412 5339 Καὶ
2458 5284 2578 5338 τῶν
2609 5281 3069 5344 ᾖεαταλιζόντων.
3107 5283 3414 5353 Cornarius
3454 5300 3664 5337 παττα-

2069 5351 2328 5418 λιζόντων
2359 5355 2412 5408 in
2451 5355 2640 5410 codice
2666 5369 2769 5408 suo
2794 5354 2991 5423 legisse
3037 5353 3275 5407 videtur.
3314 5351 3485 5407 Vertit
3515 5357 3662 5409 enim

2069 5425 2300 5495 perticas
2328 5428 2677 5495 gestantium,
2711 5422 3083 5495 quomodo__in
3120 5422 3293 5495 Regio
3331 5424 3661 5478 invenimus.

2078 5494 2184 5550 Sed
2228 5491 2648 5565 quinam_sunt
2683 5491 2740 5546 οί
2773 5491 3229 5558 πανταλίζοντεςῗ
3271 5494 3354 5548 An
3395 5494 3558 5548 iidem
3604 5509 3668 5549 ac

2071 5563 2435 5636 φαλλοφόροιῖ
2468 5563 2678 5636 Psnv.

2143 5632 2267 5704 (70)
2301 5632 2418 5701 Τὴν
2448 5633 2675 5704 Βουζῶ.
2704 5632 2843 5689 Vide
2870 5634 3166 5690 Cellarium
3201 5633 3419 5689 laudato
3452 5649 3576 5688 mox
3612 5634 3667 5687 in

2072 5703 2270 5773 capite,
2318 5706 2413 5759 lib.
2456 5722 2549 5774 1v;
2580 5703 2780 5761 Strabo
2810 5706 2877 5761 de
2931 5707 3068 5763 Buto
3104 5704 3327 5776 IEgypti
3371 5706 3507 5761 urbe
3535 5708 3665 5776 agit,

2076 5775 2260 5831 Geoar.
2292 5775 2385 5831 lib.
2416 5789 2489 5831 vt.

2122 5792 2260 5848 eogr.
2292 5789 2385 5831 ιιι).
2416 5789 2489 5834 vt.
