3986 6224
365 301 476 359 805

1753 297 1812 352 S.
1849 294 2192 352 ΕΡΙΡΗᾹΝΙῙ

3517 293 3624 348 εει

365 430 474 484 que
515 411 694 484 specie
729 410 794 464 ad
843 405 1227 464 concitandum
1277 415 1556 478 stuporem
1591 407 1784 476 vulgus
1817 407 1939 460 illu-

2049 406 2338 478 προσώπου
2363 403 2522 473 δῆθεν
2549 403 2688 472 ὑπὲρ
2722 403 2996 475 θαύματος
3025 402 3315 475 ἀτατηλῶς
3341 403 3410 456 τὰ
3437 402 3620 474 πλήθη

365 507 530 571 dunt;
573 511 626 560 et
672 501 994 572 quibusdam
1051 501 1206 556 furiis
1258 501 1503 570 agitant:
1536 512 1646 552 tum
1700 507 1754 554 et
1805 499 1944 554 facie

365 609 530 648 manu
560 593 834 646 detersum
881 589 1156 659 quidpiam
1189 589 1252 644 ad
1285 590 1570 642 sanitatem
1615 603 1940 658 recuperan~

365 681 509 742 dam,
541 687 701 748 atque
733 678 1108 748 aegritudinem
1141 678 1380 733 remedia
1409 671 1814 748 postulantibus
1843 678 1943 730 im-

365 773 626 842 pertiunt.

434 863 550 918 XII.
593 863 816 918 Ad-hacc
847 863 892 918 si
913 861 1287 932 Memphiticas
1309 869 1362 914 et
1385 860 1794 930 Hcliopoliticas
1821 877 1944 914 mu-

365 955 525 1010 lieres
567 954 728 1024 Orgia
768 956 1105 1026 celebrantes
1151 970 1468 1025 persequar,
1503 969 1624 1022 quae
1660 962 1942 1023 tympano-

366 1065 486 1102 rum
525 1063 587 1102 ac
630 1049 886 1102 tibiarum
931 1049 1160 1116 strepitu
1201 1062 1260 1102 se
1293 1047 1439 1116 ipsas
1471 1047 1858 1106 exstimulant;
1895 1047 1942 1099 si

366 1138 640 1192 Coritidas
669 1146 721 1190 et
751 1137 1376 1211 trieteritidaszqumqne
1399 1140 1451 1194 in
1473 1140 1718 1195 Bathatea
1736 1147 1788 1194 et
1839 1135 1942 1190 Me-

369 1231 638 1284 nuthitide
667 1229 850 1283 furore
877 1238 1160 1298 correpti-13,
1198 1229 1423 1298 pudoris
1455 1243 1536 1282 sul
1567 1243 1630 1281 ac
1662 1229 1942 1281 modestia:

369 1322 650 1377 muliebris
705 1321 1104 1376 obliviscuntur
1150 1341 1160 1374 :
1201 1330 1404 1390 quanta
1461 1320 1590 1372 mihi
1652 1319 1939 1374 verborum

370 1413 544 1482 copia,
569 1428 840 1482 quamque
883 1413 1078 1483 amplis
1125 1413 1492 1466 voluminibus
1539 1426 1676 1480 opus
1707 1413 1834 1472 erit,
1883 1419 1942 1465 ut

368 1505 858 1560 commemorandis
886 1505 954 1560 iis
985 1504 1260 1568 erunibus,
1294 1519 1413 1574 qua-
1436 1518 1598 1572 supra
1629 1502 1938 1571 percensui,

369 1612 592 1667 qiueque
626 1597 1016 1666 propemodum
1065 1595 1274 1648 inlinita
1314 1605 1462 1660 sunt,
1499 1594 1810 1648 incumbere
1852 1610 1942 1648 vc-

369 1685 497 1740 lim?
528 1686 674 1740 Licet
702 1687 844 1741 enim
892 1686 1162 1755 ingentem
1201 1685 1328 1738 mihi
1377 1685 1476 1738 hac
1509 1685 1564 1738 in
1600 1700 1658 1739 re
1701 1685 1938 1740 laborem

2043 499 2507 570 ὲξοιστρήσαντες,
2537 496 2878 566 μεταδιδόασι
2913 499 2982 566 τῇ
3017 496 3156 568 χειρὶ
3191 495 3300 550 ἀπὸ
3321 493 3420 546 τοῦ
3453 511 3626 564 προσ-

2043 592 2192 649 ώπου
2253 590 2666 660 ἀπομαξάμενοι
2723 589 2937 658 ἑκάστῳ
2987 590 3094 642 τῶν
3155 591 3518 657 αἰτησάντων,
3545 589 3624 651 εἰς

2047 681 2346 753 μετάληψιν
2367 680 2560 749 ὑγείας
2602 696 2664 732 τε
2690 679 2786 732 καὶ
2812 679 2977 738 ἄκουε
3017 679 3194 732 πόνων
3235 678 3442 731 ⁹εὲνεκεν.

2113 866 2214 919 IB’.
2247 865 2356 928 Τάς
2392 864 2450 918 δὲ
2473 863 2818 936 Μεμφίτιδας
2855 861 3312 923 Ἡλιουπολίτιδας
3345 861 3622 932 ὀργώσας.

2041 957 2312 1027 τυμπάνῳ
2347 975 2404 1010 τε
2430 959 2524 1012 καὶ
2551 956 2698 1026 αὐλῷ
2725 956 2786 1008 τὸ
2815 955 3110 1026 θέλγητρον
3135 957 3214 1018 εἰς
3248 953 3446 1016 ἑαυτάς
3477 953 3624 1022 λαμ-

2043 1051 2330 1115 ϐανούσας,
2373 1053 2420 1103 εἰ
2481 1049 2878 1121 διηγησαίμην,
2921 1047 3206 1117 Κορίτιδάς
3267 1063 3328 1099 τε
3373 1048 3470 1100 καὶ
3505 1061 3626 1116 τρι-

2043 1141 2378 1214 ετηρίτιδας,
2404 1141 2500 1194 καὶ
2532 1140 2630 1203 τὰς
2661 1141 2753 1193 ἐπὶ
2785 1141 2884 1208 τῆς
2925 1138 3154 1200 Βαθείας
3178 1138 3272 1190 καὶ
3309 1141 3376 1190 ὲκ
3407 1138 3622 1190 Mevan-

2043 1233 2242 1296 θίτιδος
2293 1231 2396 1298 ἔξω
2421 1231 2714 1303 βεϐηκυίας
2749 1233 2886 1284 αἰδοῖ
2921 1248 2980 1282 τε
3023 1231 3118 1284 καὶ
3161 1235 3492 1282 καταστάσει
3523 1244 3624 1295 γυο

2041 1324 2294 1394 ναικείᾳ,
2345 1323 2530 1384 πόσοις
2587 1321 2770 1390 ὄγκοις
2823 1321 3100 1389 γλώττης,
3141 1320 3174 1390 ἢ
3227 1319 3378 1388 πόσῳ
3429 1317 3622 1370 πλάτει

2045 1413 2347 1477 συντάξεως
2405 1413 2596 1466 ἑαυτὸν
2649 1411 2865 1475 ἐπιδοὺς
2929 1411 3020 1464 ἐπὶ
3076 1411 3165 1462 τὸν
3223 1409 3622 1480 προειρημένον

2042 1506 2296 1578 ἀριθμὸν,
2335 1506 2424 1558 τὸν
2455 1504 2733 1576 ἀμύθητον
2763 1503 2956 1558 ἑαυτὸν
3001 1501 3247 1555 ἐκδοῦναι
3279 1503 3619 1570 δυνήσομαι;

2041 1599 2104 1650 Εἰ
2154 1598 2260 1668 γὰρ
2314 1600 2407 1652 καὶ
2465 1598 2710 1668 κάματον
2769 1594 3175 1666 ὑπερϐάλλοντα
3239 1595 3318 1657 είς
3385 1593 3622 1663 ἐμαυτὸν

2041 1686 2384 1755 άναδέξαιμι,
2403 1687 2686 1739 ἀτέλεστον
2701 1683 3090 1756 καταλείψαιμι
3107 1685 3204 1754 τὴν
3221 1683 3424 1736 τούτων
3450 1683 3622 1738 κατά-

369 1778 737 1849 Imposuerim,
787 1776 1143 1830 nihilominus
1193 1777 1410 1830 illorum
1461 1776 1838 1831 tractationem
1877 1791 1939 1831 ac

2049 1777 2220 1847 ληψιν·
2253 1777 2436 1848 ἐπειδὴ
2458 1777 2582 1848 γάρ,
2597 1776 2894 1842 Νεάνιδες,
2911 1770 2997 1830 ὧν
3017 1779 3126 1830 οὐκ
3161 1776 3332 1829 ἔστιν
3351 1773 3620 1842 ἀριθμὸς,

369 1870 906 1942 comprehensionem
952 1867 1324 1938 imperfectam
1370 1885 1592 1925 necesse
1631 1870 1732 1924 erit
1777 1869 1942 1923 relin-

369 1963 480 2032 qui.
519 1961 790 2031 Scriptum
819 1969 902 2016 est
929 1961 1108 2014 enim:
1133 1959 1566 2026 Ado.’esceutulw,
1594 1977 1816 2032 quarunt
1837 1978 1940 2015 non

368 2061 444 2104 est
468 2068 715 2105 numerus
741 2053 778 2103 ¹.
817 2051 900 2103 Ad
933 2066 1072 2120 quas
1108 2066 1262 2106 saera
1292 2051 1380 2104 illa
1411 2052 1703 2120 pertinent,
1735 2067 1854 2120 qua:
1885 2052 1938 2105 in

369 2141 566 2212 opplth
606 2141 694 2196 Sai
737 2149 791 2195 et
829 2141 1049 2200 Pelusii,
1093 2141 1310 2196 Bubasti
1344 2151 1396 2196 et
1423 2142 1594 2212 Abydi
1635 2153 1935 2212 geruntur:

369 2250 580 2288 necnon
619 2243 670 2288 et
717 2234 938 2286 Antinoi
985 2232 1230 2296 delubra,
1281 2249 1402 2286 cum
1469 2235 1762 2304 mysteriis,
1821 2249 1941 2304 qua:

369 2329 480 2382 Illic
513 2329 803 2382 obeuntur.
855 2328 984 2381 ltem
1025 2337 1078 2381 et
1123 2345 1242 2397 qua:
1284 2327 1558 2394 Pharbeti,
1603 2337 1696 2382 aut
1741 2330 1941 2399 quibus

367 2421 550 2476 hircus
587 2437 614 2472 a
649 2420 942 2475 Mendesiis
987 2422 1220 2486 colitur;
1267 2431 1321 2475 et
1363 2436 1482 2490 quae
1530 2421 1584 2474 in
1631 2421 1940 2476 Busiritena

367 2514 708 2583 praafectura,
741 2515 1112 2578 Sebenuitica,
1153 2529 1216 2566 ac
1259 2513 1628 2582 Diospolitana
1661 2515 1943 2568 celebran-

368 2613 474 2660 tur.
510 2605 615 2660 Sed
654 2614 707 2659 et
735 2607 933 2660 alicubi
977 2608 1028 2660 in
1068 2608 1326 2658 honorem
1362 2605 1512 2669 Seth,
1537 2619 1692 2674 quem
1726 2605 1942 2676 Typho-

369 2716 488 2755 nem
525 2708 734 2770 putant,
781 2701 936 2755 asino
973 2702 1110 2756 ritus
1149 2715 1213 2754 ac.
1249 2701 1603 2754 caeremonias
1651 2709 1938 2772 peragunt.

367 2793 470 2846 Alii
499 2791 1072 2864 Tithrambom,quam
1091 2792 1519 2861 interpretantur
1549 2790 1817 2858 Hecaten;
1852 2792 1942 2846 alii

368 2881 597 2954 Nepthy,
617 2884 702 2937 alii
719 2881 1023 2946 Thermum,
1043 2880 1130 2935 alii
1153 2880 1277 2936 Isidi
1299 2879 1604 2936 initiantur-
1623 2881 1942 2952 Cujusmodi

368 2975 578 3030 inﬁnita
599 2977 701 3030 alia
725 2976 830 3031 dici
853 2984 1238 3046 possunt,quie
1264 2974 1542 3044 speciatim
1559 2982 1946 3032 utreccnsean-

367 3078 480 3134 tur,
531 3068 789 3138 temporis
844 3067 1134 3137 plurimum
1174 3064 1386 3137 1094
1427 3064 1754 3120 desiderent.
1800 3065 1944 3130 Quo-

2049 1868 2286 1938 είρηταιτ
2321 1869 2400 1922 Τά
2435 1886 2493 1920 τε
2521 1870 2578 1920 ὲν
2615 1869 2732 1929 Σάῖ,
2759 1869 2828 1922 τά
2853 1886 2912 1920 τε
2947 1870 3002 1920 έν
3036 1868 3338 1938 Πηλουσίῳ,
3374 1867 3443 1918 τά
3475 1883 3534 1918 τε
3565 1869 3621 1918 ὲν

2047 1959 2368 2032 Βουϐαστῷ,
2408 1961 2479 2014 τά
2521 1978 2580 2014 τε
2620 1963 2678 2014 ὲν
2717 1961 2896 2014 ’Δϐύδι
2919 1963 2961 2024 ί,
3009 1962 3078 2014 τά
3116 1978 3177 2014 τε
3219 1960 3312 2012 τοῦ
3353 1959 3620 2012 Ἀντινόου

2047 2052 2269 2123 τεμένη,
2306 2053 2399 2106 καὶ
2428 2054 2496 2107 τὰ
2539 2056 2718 2106 ἐκεῖσε
2757 2055 3051 2126 μυστήρια.
3089 2052 3158 2107 τά
3191 2055 3248 2106 ὲν
3279 2051 3550 2124 Φαρϐήθῳ
3575 2052 3617 2116 ³,

2049 2144 2140 2195 καὶ
2169 2142 2310 2196 κατὰ
2341 2145 2432 2196 τὸν
2462 2143 2665 2216 τράγον
2691 2144 2784 2196 τοῦ
2813 2144 3137 2213 Μενδησίου,
3175 2145 3275 2198 ὅσα
3311 2161 3368 2196 τε
3403 2143 3620 2208 ὲν,Βου-

2050 2233 2182 2304 σίρι,
2208 2236 2352 2288 πόσα
2379 2251 2439 2288 τε
2477 2236 2534 2288 ὲν
2565 2235 2894 2306 Σεϐεννύτῳ,
2927 2238 3068 2290 πόσα
3101 2255 3161 2289 τε
3205 2239 3262 2289 ἐν
3303 2235 3616 2289 Διοσπόλει·

2049 2327 2126 2390 ὡς
2161 2329 2235 2398 πὴ
2275 2327 2373 2399 μὲν
2414 2327 2492 2398 τῷ
2533 2329 2639 2400 ὄνῳ
2684 2331 2764 2393 εἰς
2795 2329 2964 2400 ὄνομα
3015 2328 3110 2382 τοῦ
3158 2331 3288 2400 Σὴθ,
3333 2330 3490 2393 δῆθεν
3527 2328 3624 2382 τοῦ

2049 2422 2308 2490 Τυφῶνος
2335 2423 2557 2483 τελετὰς
2579 2421 2920 2493 ἐργάζονται,
2940 2421 3088 2476 ἄλλοι
3107 2421 3164 2474 δὲ
3181 2423 3244 2492 τῇ
3264 2421 3562 2492 Τιθράμϐῳ
3577 2419 3620 2484 ⁵,

2062 2515 2293 2584 Ἑκάτην
2321 2517 2784 2587 ἑρμηνευομένην,
2818 2517 2992 2588 ἕτεροι
3017 2520 3082 2587 τῇ
3115 2515 3368 2584 Σενέφθυ,
3387 2515 3535 2569 ἄλλοι
3562 2515 3618 2567 δὲ

2048 2609 2114 2678 τῇ
2143 2607 2414 2678 Θερμεῢθι
2469 2607 2840 2672 τελίσκονται,
2893 2609 3040 2663 ἄλλοι
3081 2609 3136 2661 δὲ
3179 2612 3244 2679 τῇ
3297 2608 3470 2660 Ἴσιδι.
3513 2607 3621 2659 Καὶ

2050 2699 2195 2751 πόσα
2245 2697 2358 2752 ἔστι
2387 2695 2612 2752 τοιαῦτα
2655 2698 2851 2767 λέγειν,
2891 2695 2964 2752 ὧν
3005 2698 3066 2751 τὸ
3095 2699 3213 2751 κατ’
3247 2693 3384 2760 εἶδος
3425 2698 3618 2758 εἰπεῖν,

2050 2790 2216 2854 πολὺς
2235 2790 2426 2860 χρόνος
2455 2791 2899 2862 ἀναλωθήσεται;
2931 2791 3020 2844 Διὸ
3051 2790 3410 2861 περιλήψεται
3443 2790 3618 2858 πάντη

2047 2884 2076 2936 ὁ
2119 2882 2273 2950 λόγος
2315 2881 2687 2953 πληρούμενος
2724 2882 2814 2936 διὰ
2863 2881 2989 2948 τοῦ,
3027 2881 3327 2946 Νεάνιδες,
3376 2875 3464 2933 ὧν
3507 2881 3620 2933 οὐκ

2047 2974 2220 3027 ἐστιν
2241 2974 2504 3044 ἀριθμός.
2532 2975 2763 3046 Ἑτέρων
2781 2975 2838 3028 δὲ
2863 2975 3022 3029 πάλιν
3055 2973 3365 3046 μυστηρίων
3387 2971 3618 3034 πολλῶν,

2051 3065 2146 3118 καὶ
2184 3067 2582 3138 αἱρεσιαρχῶν,
2620 3068 3092 3137 σχισματοποιῶν,
3127 3060 3201 3119 ὧν
3237 3065 3336 3136 μὲν
3385 3064 3620 3135 ἀρχηγοὶ

368 3159 514 3210 circa
547 3159 858 3211 summatim
895 3157 982 3210 his
1011 3157 1192 3212 verbis
1225 3155 1476 3210 concludi
1507 3163 1686 3224 potest
1723 3155 1898 3208 ‘oratio
1925 3173 1937 3208 :

2049 3154 2198 3226 παρά
2222 3157 2461 3228 Πέρσαις
2485 3159 2846 3226 Μαγουσαῖοι,
2878 3157 3028 3228 παρὰ
3055 3157 3110 3210 δὲ
3133 3155 3446 3225 Αἰγυπτίοις
3483 3171 3618 3224 προ-

368 3248 805 3314 Adolescentultr,
837 3265 1061 3318 quarum
1095 3263 1195 3300 non
1221 3257 1298 3300 est
1321 3263 1590 3300 numerus.
1624 3245 1763 3300 Sunt
1798 3246 1940 3300 enim

369 3341 472 3393 alia
520 3357 682 3409 porro
719 3343 974 3411 mysteria
1009 3340 1434 3409 quamplurima,
1479 3345 1532 3390 et
1567 3347 1836 3392 sectarum
1880 3352 1945 3393 ac

369 3431 726 3486 schismatum
758 3431 1038 3484 architecti
1067 3449 1079 3484 :
1109 3431 1250 3482 velut
1271 3430 1410 3498 apud
1445 3428 1640 3483 Persas
1663 3427 1942 3498 Magnsaei,

369 3523 510 3592 apud
557 3522 840 3593 Egyptios
880 3522 1188 3592 prophetae,
1231 3521 1516 3592 adytorum
1559 3527 1613 3574 et
1660 3535 1938 3574 sacrorum

314 3607 316 3612 ’
369 3614 666 3668 antistites.
709 3613 840 3666 ltem
872 3614 1014 3684 apud
1047 3613 1390 3683 Babylonios,
1429 3613 1520 3682 qui
1555 3610 1817 3666 Gazareni
1848 3625 1942 3666 vo-

370 3706 872 3774 cantur,sapientes
889 3713 941 3760 et
969 3705 1355 3758 incantatores.
1376 3703 1583 3770 Quibus
1612 3709 1664 3757 et
1683 3701 1936 3756 Indorum

2051 3249 2216 3317 φῆται
2251 3248 2362 3318 (71)
2409 3247 2764 3318 καλούμενοι,
2807 3248 2916 3301 τῶν
2969 3247 3176 3301 ἀδύτων
3212 3263 3274 3298 τε
3321 3245 3414 3299 καὶ
3457 3244 3618 3316 ἱερῶν

2049 3340 2280 3411 ἀρχηγοὶ
2311 3340 2428 3412 [καὶ
2455 3340 2678 3412 μάγων]
2699 3357 2712 3369 ·
2751 3340 3102 3394 Βαϐυλωνίων
3153 3340 3210 3392 δὲ
3253 3339 3384 3392 οἵτε
3419 3337 3617 3390 καλού-

2053 3449 2201 3503 μενοι
2243 3434 2567 3504 Γαςαρηνοὶ,
2607 3433 2760 3502 σοφοί
2793 3451 2853 3486 τε
2887 3433 2984 3486 καὶ
3031 3431 3298 3485 ἐπαοιδοί’
3345 3432 3518 3485 Ἰνδῶν
3561 3431 3616 3482 δὲ

2047 3525 2096 3576 οἱ
2121 3524 2330 3577 Εὐῖλεοι
2357 3524 2696 3594 καλούμενοι,
2717 3525 2808 3577 καὶ
2831 3525 3062 3595 Βαρήμα
3085 3525 3142 3576 ἐν
3165 3526 3283 3586 ταῖς
3312 3521 3576 3590 Ἑλλήνων
3591 3523 3614 3552 ⁸

2051 3613 2362 3684 ἱεροφάνται
2397 3632 2456 3666 τε
2493 3615 2584 3668 καὶ
2627 3615 2906 3688 νεωκόρων
2944 3615 3054 3684 (7:2)
3105 3614 3356 3666 Κυνικῶν
3391 3613 3614 3682 πλῆθος,

2047 3707 2141 3758 καὶ
2169 3705 2341 3760 ἄλλων
2370 3707 2664 3776 ἀμυθήτων
2697 3707 2998 3776 φιλοσόφων
3033 3706 3295 3776 ἀρχηγοί,

369 3798 537 3852 Evilei
575 3815 640 3854 ac
681 3799 1050 3854 Brachmanes
1103 3797 1400 3862 accedunt;
1434 3809 1485 3852 et
1519 3796 1832 3852 Graecorum
1867 3796 2260 3867 hierOpbanlag,
2305 3809 2358 3854 et
2383 3800 2586 3854 aeditui.
2615 3800 2838 3856 Necnon
2872 3802 3084 3872 Cynica:
3107 3811 3286 3866 sectae,
3310 3809 3362 3855 et
3387 3799 3612 3854 aliarum

369 3892 758 3964 propemodum
789 3893 1120 3947 inﬁnitarum
1157 3901 1406 3946 auctores
1433 3891 1759 3962 philosophi.

439 3985 575 4040 Xlll.
615 3987 768 4056 Apud
801 3985 995 4042 Persas
1027 3987 1188 4056 igitur
1221 3985 1494 4056 Magusaei,
1543 3994 1600 4040 ut
1638 3986 1769 4046 dixi.
1815 4001 1938 4038 cum

368 4077 512 4131 idola
562 4078 918 4142 detestentur,
967 4077 1153 4132 eadem
1205 4085 1386 4130 tamen
1440 4077 1528 4131 illa
1585 4083 1936 4136 venerantur,

369 4167 548 4238 ignem
587 4169 835 4224 videlicet
870 4178 924 4224 ct
976 4171 1158 4223 lunam
1196 4185 1259 4224 ac
1301 4171 1492 4224 solem.
1531 4169 1634 4222 Alii
1681 4175 1938 4236 praeterea

369 4269 519 4323 sunt,
575 4262 662 4329 qui
717 4261 768 4314 in
811 4261 1014 4316 Graecia
1057 4261 1185 4332 Nysi
1235 4270 1287 4316 et
1331 4261 1452 4316 Abii
1505 4270 1809 4316 vocantur:
1846 4261 1938 4329 qui

2117 3983 2216 4035 II".
2259 3983 2470 4048 Τοίνυν,
2501 3983 2575 4044 ὡς
2609 3985 2896 4051 προεῖπον,
2929 3983 3077 4052 παρὰ
3115 3983 3354 4053 Πέρσαις
3392 3985 3612 4052 Μάγου-

2047 4077 2186 4127 σαῖοι
2217 4073 2559 4144 καλούμενοι,
2592 4075 2640 4124 οἱ
2667 4073 2860 4126 εἴδωλα
2885 4073 2981 4142 μὲν
3001 4074 3424 4144 βδελυττόμενοι,
3464 4077 3612 4130 εἰδώ-

2045 4166 2156 4228 λοις
2189 4183 2247 4218 τε
2298 4163 2750 4236 προσκυνοῦντες,
2789 4165 2921 4235 πυρὶ
2959 4165 3051 4217 καὶ
3093 4165 3288 4237 σελήνῃ
3325 4169 3416 4219 καὶ
3455 4169 3608 4238 ἡλίῳ.

2049 4253 2233 4306 ’Ἄλλοι
2255 4271 2314 4306 τε
2341 4253 2503 4306 πάλιν
2532 4256 2589 4306 ἐν
2611 4257 2674 4324 τῇ
2707 4254 2911 4307 Ἐλλάδι
2931 4255 3041 4324 (75)
3067 4257 3242 4308 Μυσοὶ
3270 4257 3609 4328 καλούμενοι,

369 4351 572 4418 equino
617 4352 752 4404 lacte
781 4352 1050 4413 victitant,
1085 4359 1137 4406 et
1177 4359 1442 4422 agrestem
1474 4357 1636 4420 atque
1677 4349 1935 4403 incultam

2049 4344 2247 4410 "A6t0t,
2285 4345 2515 4413 γάλακτι
2551 4319 2732 4397 ἵππων
2751 4319 3040 4415 χρώμενοι,
3075 4349 3167 4400 καὶ
3189 4348 3248 4400 τὸ
3279 4351 3383 4402 πᾶν
3417 4319 3612 4420 ἀγρίαν

371 4439 534 4508 plane
565 4441 839 4509 regionem
873 4441 1138 4495 habitant.
1181 4441 1352 4506 Quam
1393 4442 1560 4494 multa
1589 4441 1655 4494 ab
1685 4439 1938 4493 immanis

371 4527 607 4598 ingeniis
654 4530 832 4599 colligi
877 4539 1128 4600 possunt
1157 4532 1224 4586 de
1277 4532 1344 4586 iis
1395 4532 1485 4602 qui
1543 4532 1674 4585 tanti
1715 4547 1778 4586 ac
1829 4540 1937 4584 tam

369 4620 696 4674 excellentes
731 4621 1026 4688 habentur;
1075 4629 1129 4676 et
1158 4639 1277 4692 qua:
1318 4623 1382 4675 ad
1415 4623 1762 4678 laudabilium
1809 4623 1942 4676 ado-

371 4711 794 4766 lescentularnm
835 4727 1007 4781 genus
1053 4713 1252 4766 ascribi
1300 4713 1517 4778 debent,
1557 4729 1784 4783 quarum
1830 4728 1936 4767 non

369 4811 454 4859 est
491 4802 786 4858 numerus?
815 4803 946 4857 Nam
995 4793 1114 4858 aliae
1151 4803 1595 4859 commendanda:
1623 4812 1770 4866 sunt,
1821 4803 1940 4858 alia:

368 4893 768 4964 vituperatione
822 4893 1017 4963 dignae.
1069 4891 1205 4946 Nam
1257 4894 1502 4947 nonnulli
1566 4893 1935 4963 reperiuntur,

368 4985 464 5055 qui
495 5001 562 5041 ex
597 4975 808 5054 privato
849 4983 1066 5055 ingenio
1099 4999 1342 5038 severam
1375 4985 1664 5054 quamdam
1701 4985 1823 5039 vitae
1853 4984 1936 5038 di-

440 5167 455 5197 ¹
488 5165 644 5221 Cant.
675 5165 863 5238 vr,ﬂ'ﬁl.
946 5166 968 5197 ’
1001 5163 1128 5238 Reg.
1195 5164 1411 5238 Ἀϐύδῃ.

369 5239 709 5310 Βραχμᾶνες,
764 5237 1028 5309 Ἑλλήνων
1052 5236 1127 5292 δέ.

438 5353 547 5424 (71)
589 5351 756 5420 Παρὰ
794 5352 862 5405 δὲ
899 5353 1240 5424 Αἰγυπτίοις
1275 5351 1591 5424 προφῆται,
1620 5350 1705 5424 _De
1739 5353 1938 5422 triplici

371 5421 712 5494 sacerdotum
745 5424 885 5494 apud
936 5421 1220 5494 Egyptios
1266 5439 1462 5494 genere
1490 5463 1502 5482 ,
1545 5421 1668 5494 vide
1713 5421 1834 5491 qua;
1870 5424 1940 5477 ad

371 5493 657 5562 Synesium
701 5491 1055 5550 inEncomio
1081 5491 1301 5554 caluitii,
1345 5501 1400 5547 et
1439 5492 1592 5547 libris
1621 5491 1694 5545 De
1727 5494 1937 5560 provid.

371 5563 498 5617 olim
527 5563 960 5616 observavimus.
987 5562 1192 5617 ΡΕτΑν.

443 5631 553 5700 (72)
591 5631 946 5702 ’ζερρςεάνται
969 5649 1032 5684 τε
1075 5636 1170 5686 καὶ
1199 5634 1521 5701 νεωκόρων.
1551 5631 1938 5702 Distinguenda

370 5699 476 5757 hoc
503 5699 662 5754 modo
701 5699 806 5754 ista
847 5709 1009 5755 sunt:
1046 5703 1353 5769 ἱεροφάνται
1382 5699 1464 5754 ’τε
1513 5703 1604 5754 καὶ
1655 5699 1936 5772 νεωκόροι,

1515 5167 1536 5197 ³
1589 5165 1720 5238 Reg.
1773 5167 2058 5242 Φαρϐήτῳ.

2046 4437 2229 4508 χώραν
2265 4438 2661 4500 κατοικοῦντες.
2688 4440 2800 4491 Καὶ
2824 4441 2962 4492 πόσα
2991 4439 3274 4510 δυνήσεται
3306 4444 3334 4493 ὁ
3359 4442 3482 4505 νοῦς
3505 4443 3612 4494 τῶν

2045 4528 2346 4600 ἀνθρώπων
2402 4528 2679 4597 συλλέγειν
2733 4529 2840 4581 τῶν
2889 4529 3158 4582 τοσούτων
3215 4532 3306 4583 καὶ
3363 4535 3610 4601 μεγάλων

2044 4619 2456 4690 ὀνομαζομένων
2478 4661 2492 4684 ,
2530 4620 2623 4673 καὶ
2656 4621 2712 4672 ὲν
2747 4623 2866 4684 ταῖς
2903 4621 3318 4690 ἐπαινουμέναις
3355 4623 3476 4675 ὅσαι
3507 4625 3610 4676 είσὶ

2045 4711 2297 4783 διαφοραὶ
2327 4713 2611 4772 νεανίδων,
2642 4706 2716 4765 ὧν
2749 4712 2847 4765 οὐκ
2891 4713 3038 4764 ἔστιν
3080 4713 3340 4782 ἀριθμός;
3371 4715 3478 4766 τῶν
3515 4717 3609 4785 μὲν

2044 4805 2180 4874 πρὸς
2231 4803 2474 4866 ἔπαινον,
2513 4803 2687 4856 ἄλλων
2716 4802 2772 4855 δὲ
2827 4803 2900 4872 μὴ
2941 4803 3373 4874 ἐπαινουμένων·
3416 4807 3522 4858 τῶν
3555 4808 3608 4858 δὲ

2041 4897 2135 4948 ἀπ’
2167 4895 2294 4949 ἰδίου
2324 4896 2441 4959 νοὸς
2469 4897 2536 4949 τὰ
2569 4897 2704 4968 πρὸς
2733 4897 3007 4960 πολιτείας
3035 4901 3264 4968 ἄσκησιν
3295 4902 3387 4954 καὶ
3410 4901 3608 4971 θεσμὸν

2040 4987 2250 5049 ἑαυτοῖς
2293 4987 2678 5055 συλλεγόντων,
2719 4990 2776 5040 ἐν
2819 4986 3016 5058 κόμαις
3043 5007 3102 5041 τε
3151 4991 3438 5060 προύπτως
3480 5009 3606 5062 προ-

2155 5171 2175 5200 ¹⁵
2205 5169 2334 5242 Reg.
2389 5171 2486 5241 τὴν
2536 5172 2714 5242 Τιθρ.,
2745 5179 2798 5227 et
2839 5187 2964 5227 mox
3011 5173 3112 5244 τῆς
3172 5175 3412 5246 Ἐνέφθυ.
3499 5175 3606 5237 'F.

2041 5355 2293 5407 Κυνικῶν
2319 5368 2378 5402 τε
2415 5351 2636 5420 πλῆθος,
2667 5361 2772 5405 etc.
2807 5349 2961 5406 IDEM.

2113 5423 2230 5493 (75),
2262 5423 2460 5474 Ἄλλοι
2488 5437 2552 5473 τε
2579 5420 2762 5474 πάλιν
2783 5424 2850 5474 ἐν·
2883 5421 2958 5493 τῇ
2995 5422 3248 5478 Ἑλλάδι.
3286 5421 3400 5476 Non
3433 5425 3604 5493 magis

2043 5494 2184 5546 inter
2223 5492 2457 5544 haereses
2485 5505 2548 5544 ac
2603 5499 2782 5546 sectas
2813 5492 3007 5546 rel‘erri
3051 5505 3331 5547 merentur
3361 5497 3504 5557 Abii,
3533 5492 3604 5548 ac

2041 5562 2198 5632 Mysi.
2231 5575 2394 5629 quam
2426 5575 2624 5632 omnes,
2657 5562 2806 5632 orbis
2829 5563 2996 5618 totius
3024 5563 3227 5632 pepuli,
3257 5567 3488 5631 quorum
3523 5565 3600 5617 vel

2041 5631 2258 5694 absoni,
2281 5633 2362 5702 vel
2394 5645 2422 5682 a
2453 5631 2664 5702 castoris
2691 5631 3066 5702 discrepantes
3096 5631 3240 5688 sunt
3267 5634 3408 5688 ritus
3445 5633 3600 5687 insti-

2042 5709 2270 5771 tutaque
2302 5699 2540 5757 vivendi.
2563 5701 2690 5754 Iesu
2713 5739 2726 5754 .
