3986 6224
347 325 452 383 805

953 315 1322 372 ADVEllSUS
1357 315 1696 373 llASliEbES
1735 318 1863 377 LIB.
1907 320 1995 377 lll.
2036 322 2201 380 ΤΟΜ.
2233 323 2372 378 ll.—
2411 323 2776 382 EXPOSITIO
2817 328 3016 383 FlDEl.

3515 335 3620 392 805

346 439 691 513 ερχομένωνο
728 434 900 490 ἄλλων
933 434 989 487 δὲ
1017 434 1189 502 ἁγίων
1221 433 1466 502 ἀδελφῶν
1508 435 1566 486 ὲν
1601 435 1788 506 σάκκῳ
1829 437 1918 490 καὶ

2030 441 2315 511 sciplinam
2367 455 2429 494 ac
2484 441 2654 511 legem
2709 443 3066 514 sibimetipsis
3117 443 3500 510 condiderunt,
3556 463 3620 502 ac

350 529 529 600 σποδῷ
550 527 734 582 οἴκαδε
775 523 1158 595 καθεζομένων
1177 541 1190 552 ·
1237 525 1332 578 καὶ
1369 524 1449 577 ἔτι
1491 524 1668 578 ἄλλων
1696 528 1754 579 ὲν
1782 527 1932 580 πολι-

342 624 537 686 τείαις,
570 620 850 691 νηστείαις
879 617 1345 690 ὑπερϐαλλούσαις
1363 661 1378 682 ,
1405 619 1498 672 καὶ
1534 620 1766 692 καμάτῳ
1797 623 1933 692 πρὸς

343 716 512 777 Θεὸν,
561 716 618 766 ὲν
645 712 946 782 νεανιότητι
1001 714 1064 780 τῇ
1121 711 1259 782 πρὸς
1307 711 1400 763 τὸν
1436 712 1702 781 νυμφίον,
1753 713 1934 784 τελείᾳ

344 805 648 876 συνειδήσει
687 802 1251 875 πληροφορουμένων·
1304 801 1505 872 ἑτέρων
1538 803 1618 866 δὲ,
1668 802 1744 866 ὡς
1797 821 1932 874 προσ

343 899 498 950 εῖτιον
520 938 534 961 ,
564 897 663 948 οὐκ
693 887 867 965 ὀρθῶς
889 936 902 959 ,
931 894 1064 947 ἀλλὰ
1113 893 1255 946 κατά
1307 911 1426 946 τινα
1489 894 1754 965 πρόληψιν
1812 896 1931 960 νοὸς

340 988 682 1059 τυραννικῶς
715 988 864 1059 παρὰ
907 987 1005 1058 τὴν
1039 987 1296 1058 ἀλήθειαν
1339 991 1804 1060 νεανιευομὲνων⁶
1853 991 1930 1054 ὡς

342 1081 612 1148 Ζακχαῖος
641 1079 756 1146 (74)
808 1079 905 1148 μὲν
948 1076 1056 1148 πρὸ
1092 1076 1339 1147 βραχέως
1373 1080 1703 1150 τελευτήσας
1754 1081 1813 1132 ὲν
1859 1085 1926 1152 τῇ

339 1170 526 1240 ὀρεινῇ
560 1172 626 1240 τῇ
661 1169 789 1238 περὶ
833 1167 904 1220 τά
952 1167 1322 1237 Ἰεροσόλυμα,
1366 1169 1541 1224 οὐδενὶ
1571 1171 1708 1234 ὅλως
1741 1189 1930 1224 συνευ-

339 1264 574 1334 χόμενος
613 1262 948 1315 διετέλεσεν
986 1261 1122 1315 άλλά
1178 1264 1273 1315 καὶ
1323 1263 1410 1318 διὰ
1450 1263 1549 1336 τὴν
1575 1265 1745 1336 αὐτὴν
1797 1265 1928 1318 ὑπό-

341 1357 494 1408 θεσιν
554 1354 844 1426 τολμηρῶς
917 1356 1088 1423 ἁγίων
1152 1355 1470 1427 μυστηρίων
1540 1356 1772 1425 ψαύειν,
1831 1359 1926 1411 καὶ

341 1446 682 1516 ἱερουργίαν,
729 1445 914 1508 λαῖκὸς
957 1447 1053 1509 ῶν,
1099 1446 1336 1514 ἀφειδῶς
1379 1447 1671 1518 ἐπεχείρει.
1701 1450 1926 1520 Ἕτερος

338 1539 399 1592 δέ
433 1556 535 1604 τις,
563 1539 710 1601 ὅστις
737 1539 864 1592 ποτὲ
891 1537 957 1610 ἦν
985 1541 1124 1612 ἀνὴρ
1149 1543 1354 1605 ἐκεῖνος
1377 1541 1470 1594 καὶ
1499 1541 1606 1593 τῶν
1627 1541 1924 1595 δοκούντων

339 1631 402 1681 ὲν
425 1631 688 1701 ἀκρότητι
721 1629 834 1699 βίου
869 1632 1344 1702 πεπολιτευμένος,
1371 1632 1506 1702 πρὸς
1530 1632 1626 1702 τὴν
1651 1635 1924 1701 Αἴγυπτον

340 1723 436 1773 ἐπὶ
457 1721 524 1772 τά
546 1720 788 1792 ἑρημικά
808 1725 1139 1794 κατοικήσας
1161 1726 1217 1776 ὲν
1245 1724 1612 1794 μοναστηρίῳ,
1645 1724 1739 1776 καὶ
1763 1725 1923 1787 ἄλλος

2038 533 2334 601 prolixiore
2370 547 2528 586 coma
2559 535 2735 603 palam
2769 543 2821 589 et
2850 537 2902 589 in
2947 537 3189 590 oninium
3225 539 3397 593 oculis
3425 527 3640 608 proce:

2036 625 2204 691 dunt;
2257 625 2350 677 alii
2388 641 2517 680 vero
2559 628 2733 680 sancti
2789 627 2986 682 fratres
3019 629 3070 682 iu
3122 630 3304 684 cilicio
3334 641 3388 684 et
3435 633 3620 686 cinere

2035 717 2182 770 domi
2235 733 2357 772 sese
2401 719 2707 784 continent;
2765 719 2856 773 alii
2907 719 3141 788 denique
3186 723 3490 792 asperrimo
3536 725 3618 776 vi-

2033 811 2191 864 vendi
2236 809 2510 869 instituto.
2564 826 2627 865 ac
2660 812 2974 867 durissimis
3001 813 3227 882 jejuniis
3255 823 3308 868 et
3341 816 3618 870 laboribus

2038 901 2131 956 Dei
2182 917 2349 958 causa
2390 904 2683 974 susceptis,
2728 903 2953 972 juvenili
2995 904 3227 974 quadam
3274 905 3613 971 fortitudine,

2042 1001 2095 1046 et
2123 995 2360 1063 perlecta
2391 1009 2518 1064 erga
2554 1009 2816 1064 sponsum
2845 997 3182 1050 conscientia
3219 999 3474 1052 onmibus
3516 1015 3616 1052 nu-

2043 1083 2211 1137 meris
2264 1083 2568 1138 absolutam
2618 1085 2782 1138 vitam
2832 1085 3179 1155 exprimunt;
3226 1087 3316 1139 alii
3369 1089 3610 1148 demum,

2029 1173 2175 1242 quod
2205 1174 2368 1242 paulo
2394 1183 2519 1228 ante
2552 1175 2685 1238 dixi,
2720 1191 2828 1228 non
2863 1177 3096 1240 sincere,
3125 1177 3218 1232 sed
3247 1177 3612 1233 obstinatione

2027 1267 2263 1338 quadam
2289 1268 2479 1328 animi,
2503 1267 2650 1321 velut
2685 1270 2966 1336 tyrannice
2995 1277 3194 1339 praeter
3226 1269 3508 1324 veritatem
3532 1271 3615 1322 in-

2027 1360 2264 1413 solenter
2308 1359 2619 1413 ederentur.
2659 1359 2938 1428 Ejusmodi
3007 1360 3302 1417 Zaccbaeus
3353 1363 3441 1417 ille
3489 1363 3610 1425 fuit,

2025 1453 2118 1522 qui
2173 1468 2348 1522 nuper
2403 1453 2457 1506 in
2513 1461 2773 1506 montana
2836 1454 3059 1523 regione
3119 1454 3186 1507 ad
3239 1454 3611 1527 Hierosolyma

2027 1551 2275 1596 mortuus
2324 1551 2409 1596 est
2444 1543 2573 1611 :qui
2627 1558 2751 1595 cum
2794 1545 3012 1598 neruine
3063 1560 3302 1614 unquam
3352 1548 3608 1614 precandi

2025 1635 2410 1688 communione
2454 1635 2710 1703 conjungi
2751 1651 2810 1689 se
2852 1651 3047 1704 passus
3083 1645 3186 1699 est,
3237 1637 3344 1690 imo
3374 1654 3502 1691 vero
3542 1655 3608 1692 ex

2028 1725 2218 1778 eodem
2263 1725 2421 1779 initio
2473 1726 2661 1778 divina
2715 1727 2993 1796 mysteria,
3048 1742 3171 1780 eum
3224 1727 3396 1781 laicus
3439 1739 3602 1790 esset.

339 1813 483 1884 πρὸς
521 1812 599 1883 τῷ
641 1812 858 1883 Σιναίῳ,
896 1814 970 1878 ὡς
1019 1814 1127 1868 ἀπὸ
1171 1816 1462 1886 ὀνειράτων
1497 1816 1918 1880 ὲνεανιεύσαντο,

2031 1817 2319 1886 attingere,
2373 1830 2436 1870 ac
2485 1815 2752 1870 sacriﬁcia
2790 1817 3067 1871 celebrare
3118 1817 3327 1872 nefario
3366 1835 3500 1874 ausu
3543 1835 3607 1874 ac

341 1904 650 1973 ἐπισκοπῆς
682 1902 964 1974 δεξάμενοι
990 1905 1327 1975 χειροθεσίαν
1354 1908 1394 1969 ί,
1427 1907 1520 1958 καὶ
1563 1905 1829 1977 καθῆσθαί
1863 1924 1923 1958 τε

339 1995 440 2047 καὶ
471 1994 536 2047 τά
581 1995 898 2047 ἐπισκόπων
923 1997 1204 2068 ’πράττειν
1238 1997 1331 2050 καὶ
1378 1999 1533 2050 αὐτοὶ
1585 1999 1920 2070 ἐπεχείρουν.

339 2087 566 2160 Ἐτεροι
602 2088 660 2140 δὲ
693 2090 787 2142 καὶ
821 2089 920 2141 οὐκ
950 2089 1121 2158 ὀλίγοι
1162 2091 1494 2161 εὐνουχίζειν
1521 2093 1746 2155 ἑαυτοὺς
1774 2093 1924 2163 παρὰ

336 2177 412 2231 τὰ
465 2178 918 2249 προστεταγμένα
969 2179 1129 2250 δῆθεν
1178 2181 1519 2251 νεανιότητος
1577 2182 1736 2252 χάριν
1778 2181 1924 2233 ἐτόλ-

343 2287 551 2341 μησαν.
602 2270 821 2338 ’Έτεροι
881 2271 938 2323 δὲ
993 2271 1276 2334 δοκοῦντες
1326 2272 1696 2326 νεανιεύεσθαι
1743 2271 1919 2343 (75),

416 2451 433 2480 ¹
471 2447 529 2501 F.
563 2448 624 2499 ού
651 2448 842 2519 δεξάμ.
883 2447 1242 2518 χειροθεσίαν.

415 2605 528 2688 (τᾷ)
571 2605 665 2687 ᾨς
711 2603 1030 2688 Ζακχαῖος.
1066 2602 1140 2688 pe
1193 2600 1778 2688 falso‘illoymonacbo

343 2667 682 2745 Epiphanius
705 2667 928 2745 etin'l'ra
963 2667 1015 2726 in
1045 2667 1507 2745 Anacepltalagosi,
1528 2687 1678 2726 num.
1707 2671 1763 2725 5.
1796 2667 1923 2744 Agit

339 2741 406 2801 et'
427 2741 692 2799 Baronius
719 2744 785 2798 ad
815 2759 1017 2797 annum
1041 2744 1165 2806 561,
1193 2758 1342 2796 num.
1368 2741 1459 2796 45.

418 2817 533 2885 (75)
562 2815 790 2885 ’Ἑτεροι
817 2814 884 2867 δὲ
911 2813 1231 2877 δοκοῦντες
1257 2811 1685 2885 νεανιεύεσθαι.
1713 2809 1789 2866 De
1814 2812 1924 2885 bte-

345 2882 535 2941 reticis
557 2899 679 2937 cum
704 2883 944 2939 Ecclesia
978 2884 1396 2937 reconciliandis
1421 2883 1568 2935 varie
1592 2897 1622 2935 a
1671 2882 1922 2937 conciliis

347 2971 411 3009 ac
466 2955 718 3008 Patribus
775 2955 1186 3023 pronuntiatum
1231 2953 1566 3023 accepimus.
1600 2951 1760 3023 Nam
1820 2953 1916 3020 qui

345 3026 604 3094 baptismi
639 3021 886 3083 formam,
929 3038 1090 3092 quam
1123 3023 1190 3076 ab
1231 3022 1474 3076 Ecclesia
1505 3021 1771 3094 catholica
1804 3029 1918 3094 tra-

346 3091 518 3149 dit-am
544 3100 888 3162 acceperant,
919 3091 1183 3159 integram
1220 3094 1540 3152 retinerent,
1579 3091 1774 3144 borum
1820 3091 1917 3144 ba-

346 3167 582 3234 ptismus
609 3180 706 3232 pro
751 3180 882 3218 vero
933 3165 1000 3216 ab
1029 3163 1270 3234 Ecclesia
1305 3173 1550 3229 receptus
1589 3170 1671 3215 est
1697 3176 1922 3234 ;_ne_que

346 3231 440 3303 qui
495 3238 564 3288 ab
606 3231 822 3288 illorum
857 3249 1017 3304 grege
1058 3233 1123 3286 ad
1157 3235 1595 3304 communionem
1639 3231 1920 3304 catholicae

348 3301 470 3358 lidei
503 3301 930 3366 reverterentur,
958 3301 1165 3355 'denuo
1205 3301 1461 3370 baptizati
1505 3308 1651 3354 sunt.
1700 3301 1916 3362 Caeteri,

346 3375 439 3443 qui
473 3374 731 3427 usitatam
765 3375 834 3427 ab
869 3373 1110 3427 Ecclesia
1155 3371 1383 3424 fortnam
1413 3379 1800 3443 corruperant,
1823 3385 1920 3440 pro

346 3441 588 3499 ethnicis
623 3445 794 3496 habiti
847 3451 995 3504 sunt,
1031 3458 1130 3496 nec
1189 3444 1310 3496 sine
1365 3441 1674 3510 baptismo,
1711 3441 1802 3508 qui
1853 3456 1918 3494 ex

346 3517 567 3569 illorum
625 3516 868 3580 partibus
919 3512 1359 3581 transfugerant,
1395 3513 1557 3581 inter
1584 3511 1919 3581 ‘Catbolicos

347 3585 598 3638 admissi.
628 3578 701 3636 lta
731 3583 1123 3644 Paulianistas,
1149 3578 1254 3634 boc
1283 3589 1361 3636 est
1394 3579 1544 3633 Pauli
1578 3578 1917 3634 Satnosateni

348 3653 654 3718 στασιώτας
685 3653 1010 3720 rebaptizari
1047 3651 1266 3706 Nictcna
1303 3651 1548 3722 synodus
1574 3651 1764 3718 jussit,
1791 3666 1916 3705 can.

348 3726 436 3787 l9,
487 3727 631 3793 quod
662 3731 714 3776 et
769 3724 1128 3791 Augustinus,
1183 3721 1436 3793 hasty“,
1471 3722 1744 3775 decretum
1797 3722 1918 3793 ideo

349 3792 540 3856 refert,
589 3795 727 3864 quod
765 3796 1000 3864 regulam
1036 3792 1379 3864 baptismatis
1426 3808 1529 3844 non
1572 3801 1830 3864 tenerent._
1851 3792 1918 3844 At

345 3861 638 3926 Catliaros,
663 3865 712 3917 id
743 3873 823 3916 est
855 3861 1208 3924 Novatianos,
1242 3861 1428 3932 eadem
1483 3862 1724 3932 synodus
1759 3862 1908 3916 reba-

347 3936 544 4004 ptizari
583 3934 895 4001 nonjussit,
927 3947 1056 4004 can.
1085 3935 1136 3996 8,
1173 3931 1266 3989 sed
1300 3931 1522 4004 illorum
1543 3932 1772 4004 clericos
1798 3949 1918 4004 XEt-

348 4001 773 4075 ροτεθουμένους
805 4004 857 4054 in
891 4003 1037 4056 clero
1080 4016 1319 4075 manere.
1358 4001 1918 4075 Constantinopolita-

345 4070 478 4127 ilum
511 4070 636 4128 vero
668 4078 992 4144 primum,et
1012 4072 1414 4144 mcumenicum
1437 4070 1764 4144 secundum,
1791 4085 1913 4123 can.

351 4145 404 4207 7,
440 4139 693 4206 Arianos',
743 4142 1187 4200 Macedonianos,
1225 4140 1610 4200 Sabbatianos,
1662 4139 1916 4192 Novatia-

348 4230 472 4276 nos,
513 4213 1059 4279 Quartadecimanos,
1109 4214 1222 4264 sive
1257 4209 1589 4270 Tetraditas,
1629 4219 1682 4262 et
1711 4211 1916 4278 Apolli~

351 4288 586 4339 nariétas
621 4282 1150 4352 rebaptizarivetat;
1179 4279 1548 4352 Eunomianos
1579 4279 1917 4352 juhc_t_:~:obg

346 4356 428 4416 εἰς
462 4353 588 4423 μίαν
614 4349 903 4406 κατάδυσιν
941 4351 1383 4423 βαπτιζομένους.
1420 4349 1580 4404 Jubet
1619 4357 1671 4404 et
1703 4349 1916 4403 Monta-

347 4420 543 4486 nistas,
570 4426 684 4479 sive
705 4422 1100 4543 Catapbrygas,
1127 4429 1179 4475 et
1203 4420 1561 4487 Sabellianos,
1581 4430 1914 4490 eteterosque

347 4509 542 4543 omnes
592 4495 892 4543 haereticos.
967 4495 1019 4543 le
1066 4491 1499 4543 Catanbrvaibus
1547 4492 1819 4543 consentit
1860 4499 1914 4543 et

346 4509 542 4547 omnes
592 4495 892 4547 haereticos.

348 4562 656 4618 Laodicena
697 4562 936 4632 synodus
974 4577 1096 4614 can.
1133 4562 1186 4615 8.
1222 4561 1294 4615 De
1322 4563 1539 4632 Arianis
1573 4575 1701 4632 vero
1728 4562 1912 4613 conci-

349 4635 481 4686 lium
504 4634 705 4687 Arelat.
731 4631 776 4692 ι,
802 4632 1035 4700 primum
1057 4632 1266 4694 sanxit,
1309 4639 1446 4684 utea;
1465 4631 1552 4694 iis,
1586 4631 1674 4694 qui
1697 4633 1913 4698 propria

346 4705 456 4772 lege
499 4720 599 4757 sua
645 4711 884 4765 utuntur,
936 4703 1105 4772 denuo
1151 4700 1479 4768 baptizentur
1508 4715 1534 4772 :7
1579 4701 1719 4772 quod
1764 4703 1810 4753 si
1857 4702 1912 4753 in

348 4770 536 4838 Patre,
572 4782 620 4827 et
652 4772 813 4835 Filio,
847 4781 895 4824 et
930 4771 1132 4839 Spiritu
1165 4781 1348 4823 sancto
1393 4771 1647 4839 baptizati
1691 4770 1909 4839 fuerint,

348 4861 538 4897 manus
571 4853 771 4896 tantum
793 4842 865 4894 eis
892 4842 1248 4910 imponantur,
1277 4850 1332 4893 ut
1354 4841 1620 4910 accipiant
1654 4839 1911 4909 Spiritum

349 4925 614 4967 sanctum.
646 4914 712 4966 At
742 4909 972 4981 August.
1009 4912 1098 4981 lib.
1132 4927 1188 4964 ιιι
1224 4911 1299 4964 De
1344 4909 1487 4977 bapt.
1523 4919 1705 4981 contra
1733 4911 1912 4964 Dona-

351 4986 528 5045 tistas,
569 5000 688 5052 cap.
731 4980 1660 5052 15:7Quamobremsieuangelicis,
1708 4981 1910 5050 inquit,

351 5055 517 5107 verbis
566 5054 619 5106 in
635 5049 856 5105 nomine
896 5051 1096 5110 Patris,
1128 5061 1175 5104 et
1208 5049 1360 5110 Filii,
1384 5061 1433 5103 et
1482 5049 1710 5116 Spiritus
1741 5052 1910 5104 sancti

352 5123 594 5176 Marcion
630 5123 946 5192 baptismum
983 5121 1342 5182 consecrabat,
1382 5122 1639 5192 integrum
1677 5129 1789 5172 erat
1824 5137 1911 5192 sa-

348 5190 706 5258 cramentum,
753 5192 986 5259 quamvis
1026 5193 1138 5260 ejus
1193 5192 1320 5258 ﬁdes
1367 5190 1461 5242 sub
1510 5190 1700 5242 eisdem
1744 5190 1910 5243 verbis

349 5265 496 5317 aliud
542 5264 827 5330 opinantis,
871 5277 1028 5330 quam
1052 5259 1318 5314 catholica
1357 5262 1547 5313 veritas
1576 5259 1756 5323 docet,
1808 5277 1910 5312 non

347 5345 481 5388 esset
526 5337 729 5403 integra
757 5373 772 5396 ,
812 5333 898 5385 sed
948 5330 1204 5403 fabulosis
1249 5330 1579 5403 falsitatibus
1611 5332 1907 5403 inquinata.

351 5405 494 5457 Nam
527 5399 848 5458 sub'eistlem
882 5402 1068 5463 verbis,
1101 5401 1152 5452 id
1193 5412 1268 5453 est
1301 5401 1352 5452 in
1387 5401 1591 5451 nomine
1626 5399 1827 5463 Putris,
1862 5411 1908 5453 et

350 5477 504 5538 Filii,
533 5486 581 5528 et
632 5473 861 5542 Spiritus
893 5472 1099 5534 sancti,
1132 5488 1233 5542 non
1281 5471 1450 5542 solum
1495 5467 1767 5542 Marcion,
1817 5479 1909 5522 aut

362 5539 689 5608 Valentinus,
716 5554 806 5595 aut
845 5543 1023 5602 Arius,
1051 5553 1142 5592 aut
1184 5539 1494 5602 Eunomius,
1537 5540 1625 5592 sed
1657 5544 1754 5607 ipsi
1789 5555 1908 5592 car-

347 5619 495 5670 nales
525 5615 732 5683 parvuli
762 5611 1032 5683 Ecclesitc,
1059 5610 1120 5664 de
1149 5610 1334 5683 quibus
1357 5611 1561 5683 dicebat
1586 5609 1868 5676 Apostolus
1888 5626 1907 5662 :

351 5705 369 5736 ς
405 5687 451 5737 Ν
461 5679 534 5738 οιί
555 5687 702 5753 potui
727 5683 863 5754 loqui
889 5682 1048 5746 vobis,
1074 5679 1226 5754 quasi
1256 5679 1603 5754 spiritalibus,
1637 5683 1910 5754 sedquasi

344 5751 651 5810 carnalibus
692 5754 742 5828 (1
773 5751 896 5808 Cor.
928 5767 1022 5816 ιιι,
1062 5751 1110 5821 1)
1139 5770 1151 5805 ;
1177 5768 1194 5803 ι
1233 5752 1276 5804 si
1300 5759 1505 5818 possent
1546 5751 1741 5818 singuli
1782 5751 1907 5803 dili-

2033 1908 2326 1962 temerario
2355 1915 2439 1962 cst
2461 1923 2772 1978 aggressus.
2809 1907 3064 1964 Inventus
3097 1918 3182 1963 est
3213 1917 3267 1964 et
3297 1911 3457 1974 alius,
3487 1912 3610 1981 qni-

2031 2016 2248 2069 cunque
2295 2001 2385 2054 ille
2427 2001 2644 2054 tandem
2699 1999 2820 2064 fuit,
2861 2002 3146 2056 excellenti
3201 2003 3435 2072 quodam
3485 2005 3610 2058 vitae

2031 2106 2246 2161 genere,
2295 2092 2387 2161 qui
2443 2091 2499 2145 in
2547 2091 2767 2162 ngypti
2823 2091 3119 2162 solitudine
3167 2095 3221 2148 in
3274 2095 3608 2148 monasterio

2029 2182 2275 2252 degebat.
2318 2180 2449 2236 item
2497 2161 2753 2236 aliusiad
2814 2180 3000 2235 Sinam
3049 2161 3288 2238 montem
3334 2184 3604 2239 habitans.

2033 2272 2244 2343 1095
2278 2271 2380 2337 Qui
2423 2273 2585 2326 ambo
2633 2273 2820 2327 nescio
2855 2273 3054 2342 quibus
3083 2274 3311 2328 somniis
3340 2289 3406 2328 eo
3441 2284 3608 2329 temo-

2029 2609 2208 2668 genter
2264 2598 2606 2668 interrogari,
2653 2607 2728 2651 tot
2777 2599 3106 2652 diversitates
3137 2599 3450 2669 opinionum
3492 2599 3605 2669 for-

2030 2666 2211 2730 tassis,
2241 2679 2365 2736 quot
2399 2666 2632 2722 homines
2673 2680 3095 2722 numerarentur.
3130 2666 3413 2723 Postremo
3446 2666 3604 2725 Basi-

2029 2741 2136 2793 lius
2164 2741 2218 2793 in
2248 2738 2492 2806 Epistola
2524 2742 2593 2793 ad
2625 2740 3070 2808 Amphilochium,
3108 2753 3230 2792 can.
3265 2739 3355 2802 47,
3391 2739 3598 2795 Encra-

2029 2812 2184 2880 titas,
2229 2809 2606 2880 Saccophoros
2653 2818 2707 2864 et
2746 2810 3085 2880 Apotactitas
3115 2810 3293 2864 denuo
3317 2809 3602 2878 baptizan-

2028 2879 2129 2950 dos
2160 2893 2299 2950 esse
2330 2879 2513 2950 censet
2551 2881 2667 2950 ipse
2715 2881 2958 2948 quidem.
2996 2879 3090 2934 Sin
3132 2889 3236 2942 est,
3280 2888 3339 2932 ut
3372 2883 3602 2950 Amphi-

2029 2949 2260 3007 lorbius.
2291 2949 2515 3018 perinde
2546 2949 2608 3002 ac
2641 2949 2890 3009 Romani,
2918 2950 3227 3018 οἰκονομίας
3248 2950 3393 3012 τινὸς
3413 2949 3598 3013 ἕνεκα,

2026 3019 2086 3072 τὸ
2115 3019 2207 3073 τοῦ
2232 3019 2646 3089 άναϐαπτισμοῦ
2676 3027 2915 3087 respuat,
2943 3019 3298 3073 nihilominus
3337 3022 3598 3076 rationem

2027 3105 2182 3144 suam
2211 3091 2390 3144 valere
2414 3091 2752 3160 pronuntiat.
2774 3089 2890 3154 Qua
2915 3089 2981 3142 de
3006 3105 3061 3143 re
3093 3090 3286 3159 synodi
3315 3089 3596 3145 decretum

2025 3159 2467 3228 exspectandum.
2508 3159 2650 3212 idem
2685 3170 2867 3212 autem
2905 3173 3029 3211 can.
3066 3160 3114 3222 l,
3161 3175 3227 3213 eo
3259 3161 3598 3229 propendere

2022 3230 2280 3293 videtur,
2328 3240 2384 3283 ut
2428 3230 2712 3282 luereticos
2754 3244 2946 3283 omnes
2998 3230 3194 3283 iterato
3242 3231 3599 3298 baptizandos

2023 3313 2146 3354 esse
2177 3300 2456 3353 decernat.
2482 3299 2614 3352 Nam
2643 3299 2786 3352 aliud
2825 3315 2946 3353 esse
2986 3299 3118 3352 dicit
3149 3300 3380 3353 bac-resin
3401 3339 3416 3362 ,
3448 3302 3597 3354 aliud

2024 3369 2268 3424 scbisma
2291 3409 2304 3432 ,
2343 3370 2489 3422 aliud
2521 3369 3017 3441 παρασυναγωγήν.
3057 3368 3290 3423 lltercsis
3333 3379 3437 3431 est,
3473 3387 3598 3441 qua:

2021 3443 2362 3492 contrarium
2399 3441 2632 3508 aliquem
2671 3439 2790 3492 lidei
2823 3448 3006 3492 tuetur
3036 3455 3276 3493 errorem
3306 3457 3317 3492 :
3356 3439 3596 3496 schisma

2020 3523 2152 3563 vero
2182 3509 2472 3564 dissxdium
2519 3518 2602 3565 cst
2635 3510 2703 3561 ob
2733 3509 3137 3564 ecclesiasticas
3172 3510 3434 3579 quasdam
3468 3527 3598 3564 con-

2021 3581 2321 3634 troversias
2344 3589 2592 3632 exortum
2617 3597 2629 3631 :
2663 3587 2717 3631 at
2747 3581 3213 3650 παρασυναγωγὴ,
3248 3596 3372 3633 cum
3397 3591 3596 3635 contu-

2022 3665 2205 3720 maces
2242 3651 2565 3720 presbyteri,
2597 3658 2690 3702 aut
2715 3649 2978 3720 episcopi,
3007 3660 3102 3702 aut
3126 3658 3290 3703 etiam
3325 3651 3445 3702 laici
3482 3668 3591 3705 non

2024 3719 2300 3787 legitimos
2335 3718 2639 3774 conventus
2670 3720 2889 3772 habent.
2921 3718 3038 3772 .lam
3070 3722 3161 3788 qui
3203 3736 3268 3774 ex
3299 3721 3596 3775 schismate

2021 3797 2124 3862 aut
2157 3793 2598 3862 παρασυναγωγῇ
2648 3790 2713 3862 ad
2764 3790 3060 3862 Ecclesiam
3107 3802 3484 3862 revertuntur,
3526 3808 3594 3844 ex

2022 3859 2288 3925 majorum
2318 3859 2611 3914 traditione
2638 3860 2757 3913 sine
2801 3860 3072 3926 baptismo
3099 3859 3440 3927 recipiendos
3469 3875 3594 3916 esse

2020 3929 2231 3992 deﬁnit,
2264 3930 2546 3984 haereticos
2575 3938 2753 3982 autem
2789 3928 2970 3998 denuo
3003 3929 3378 3998 baptizandos.
3402 3931 3591 3995 Quan»

2019 4014 2207 4070 quam,
2240 4001 2435 4068 inquit,
2470 4001 2775 4070 Cyprianus
2797 4008 2852 4052 et
2883 3997 3234 4054 Firmilianus
3264 4015 3452 4070 omnes
3481 4010 3590 4052 tam

2019 4069 2338 4133 haereticos,
2387 4069 2548 4138 quam
2587 4069 2965 4122 scliismaticos
3007 4069 3424 4138 rebaptizandos
3463 4084 3589 4124 esse

2020 4137 2590 4206 ceusuerantfquod,
2648 4154 2770 4190 cmn
2819 4153 2877 4191 se
2922 4139 2990 4191 ab
3039 4137 3293 4192 Ecclesia:
3341 4153 3589 4191 COllllltll-

2021 4209 2184 4262 nione
2233 4210 2607 4276 sejunxerint,
2643 4209 2944 4276 interrupta
2981 4207 3052 4261 sit
3095 4208 3147 4260 in
3195 4210 3300 4262 illis
3347 4207 3590 4277 Spiritus

2020 4278 2190 4332 sancti
2233 4279 2403 4348 gratia
2438 4297 2450 4332 :
2483 4293 2582 4332 nec
2612 4294 2728 4348 eam
2764 4279 3077 4348 inetetcros
3108 4279 3342 4345 amplius
3377 4282 3588 4348 possint

2019 4346 2436 4403 transfundere:
2474 4348 2563 4400 Διὸ
2595 4347 2668 4410 ὡς
2694 4346 2858 4419 ,παρὰ
2916 4347 3118 4399 λαῖκῶν
3151 4346 3588 4419 ,βαπτιζομένους

2019 4420 2320 4498 τεὺςφαρ
2381 4419 2560 4498 ab.sz
2603 4417 2922 4498 ἐκέλευσαν,
2961 4418 3287 4498 ἐρχομένους
3486 4420 3592 4498 τὴν

967 4481 1019 4544 te
1066 4491 1499 4561 Catapbrygibus
1547 4481 1840 4544 consentit'
1860 4499 1914 4544 et

2030 4481 2352 4561 Ἐκκλησίαν
2366 4488 2459 4561 Δτῷ
2493 4481 3199 4561 άληθινῷλβαπτίσματίτῷ
3227 4488 3326 4557 τῆς
3363 4481 3590 4559 Ἐκκλη-

2019 4558 2140 4628 σίας
2179 4555 2669 4628 ἀνακαθαίρεσθαι;
2704 4555 2994 4628 Propterea
3023 4559 3101 4611 sic
3135 4555 3256 4611 illos
3277 4555 3524 4628 tanquam
3548 4555 3588 4614 ἀ

2017 4627 2168 4681 laicis
2203 4627 2706 4698 baptizatos,denuo
2733 4627 3029 4696 jusserunt,
3061 4645 3177 4681 cum
3206 4629 3273 4681 ad
3293 4627 3586 4683 Ecclesium

2016 4697 2396 4759 redirent,vero
2421 4697 2669 4752 Ecclesia!
2702 4699 2959 4766 baptismo
2988 4701 3281 4768 repurgari.
3309 4698 3430 4752 Mox
3458 4702 3588 4754 sub-

2011 4768 2161 4836 jicit:
2199 4769 2412 4840 Ἐπειδὴ
2436 4770 2490 4822 δὲ
2511 4769 2642 4840 ὅλως
2671 4767 2818 4840 εδοξε
2841 4785 2952 4840 τισι
2971 4769 3074 4840 τῶν
3097 4767 3236 4822 κατὰ
3270 4768 3364 4840 τὴν
3382 4771 3584 4834 Ἀσίαν,

2013 4839 2321 4911 οἰκονομίας
2371 4838 2530 4911 ἕνεκα
2574 4839 2684 4911 τῶν
2714 4838 2944 4911 *πολλῶν
2967 4878 2980 4902 ,
3012 4839 3270 4911 δεχθῆναι
3314 4838 3493 4893 αὐτῶν
3526 4841 3590 4893 τὸ

2016 4907 2329 4976 βάπτισμα,
2362 4908 2497 4962 ἔστω
2569 4907 2792 4963 δεκτόν·
2846 4907 3111 4975 Quoniam
3153 4907 3324 4963 autem
3373 4912 3588 4963 Asianis

2013 4979 2327 5046 quibusdam
2357 4979 2577 5046 placuit,
2607 4980 2752 5047 pacis
2783 4996 2844 5032 ac
2876 4981 3170 5033 concordia:
3199 4981 3374 5046 gratia
3411 4979 3462 5030 id
3501 4996 3576 5032 re-

2014 5051 2152 5101 mitti
2181 5059 2436 5117 oportere,
2464 5058 2520 5100 ut
2549 5065 2726 5102 eorum
2777 5051 3039 5118 baptisma
3088 5051 3437 5116 reciperetur:
3472 5061 3587 5102 esto

2015 5130 2296 5188 receptum.
2333 5122 2438 5174 Sed
2473 5119 2782 5174 Eucratitas
2812 5120 3228 5188 rebaptizandos
3258 5133 3380 5188 esse
3411 5122 3584 5172 nomi-

2015 5186 2182 5241 natim
2241 5191 2433 5244 statuit
2463 5208 2476 5243 :
2515 5189 2639 5240 Ἐὰν
2672 5190 2853 5259 μέντοι
2889 5186 3054 5258 μέλλῃ
3086 5192 3149 5258 τῇ
3179 5186 3405 5259 καθόλου
3437 5190 3582 5241 οἰκο-

2013 5259 2174 5328 νομία
2189 5261 2442 5328 ἐμπόδιον
2465 5258 2682 5311 ἔσεσθαι
2704 5259 2878 5316 τοῦτο,
2899 5259 3057 5328 πάλιν
3077 5259 3154 5328 τῷ
3171 5258 3278 5309 ἔθει
3295 5260 3582 5327 χρηστέον,

2012 5332 2106 5400 καὶ
2133 5327 2245 5392 τοῖς
2276 5331 2662 5400 οἰκονομήσασι
2692 5329 2760 5381 τά
2798 5327 2917 5381 καθ’
2953 5330 3102 5400 ἡμᾶς
3130 5327 3409 5400 ξιτατράσιν
3455 5332 3581 5382 ἀκο-

2011 5397 2332 5470 λουθητέον·
2386 5397 2480 5454 Sin
2522 5397 2600 5453 est
2641 5409 2696 5470 ut
2731 5401 2950 5450 iteratus
2993 5399 3081 5470 ille
3129 5397 3417 5470 baptistnus
3465 5401 3584 5467 paci

2011 5467 2266 5524 Ecclesiae
2315 5469 2868 5536 administrationique
2920 5469 3075 5530 obsit,
3113 5469 3283 5520 altera
3317 5467 3410 5520 illa
3459 5486 3584 5522 con-

2009 5542 2230 5594 suetudo
2265 5540 2540 5593 omittendi
2575 5539 2818 5605 baptismi
2857 5539 3165 5592 retineatur.
3210 5537 3332 5590 llaec
3361 5538 3584 5593 uberius

2009 5627 2076 5663 ex
2119 5612 2340 5666 decreto
2389 5613 2482 5668 illo
2531 5609 2710 5661 Basdii
2762 5621 3192 5661 commemorare
3232 5608 3406 5661 visum
3456 5619 3580 5674 est;

2010 5681 2156 5750 quod
2191 5683 2360 5735 multa
2394 5683 2537 5734 ineo
2566 5678 2818 5743 miriﬁca,
2851 5685 2924 5740 et,
2961 5677 3018 5750 s_i_
3040 5694 3225 5733 verum
3261 5681 3583 5750 quaerimus,

2012 5746 2202 5820 parum
2248 5752 2515 5807 catholica
2556 5751 2928 5805 continentur.
2978 5746 3110 5803 Nam
3156 5749 3302 5818 quod
3341 5751 3582 5819 rebapti~
