3986 6224
461 335 568 394 807
1871 351 1930 404 S.
1981 349 2322 408 EPIPHANII
3609 367 3710 428 803

457 457 639 512 ritatis
676 457 896 512 adducti
930 467 1084 523 sunt,
1121 469 1178 516 nt
1209 467 1503 536 suscepta'
1536 466 1602 522 ad
1640 467 1882 539 episcopi
1917 469 1972 524 fu

2084 473 2374 544 λτολμῶσι
2411 474 2562 546 παρὰ
2607 474 2730 539 τοὺς
2777 475 2938 540 ὄντας
2960 481 3002 544 ³,
3047 479 3156 534 ἀπὸ
3193 476 3490 554 ὀρθοδόξων
3527 487 3710 558 ὁρμώ-

455 549 692 604 ctionem
729 563 988 606 manuum
1018 552 1386 623 impositione,
1424 558 1634 625 sedere,
1667 569 1720 614 ct
1750 562 1976 632 episcopi

2138 583 2309 636 μενοι,
2345 566 2604 637 σύλλογον
2638 569 2852 634 ἑαυτοῖς
2885 573 3246 642 ἐπισπῶντες,
3285 577 3422 630 ἀλλὰ
3456 577 3555 631 καὶ
3585 581 3710 636 ἄνευ

455 656 574 706 rum
619 655 819 696 munus
855 642 1010 697 obire
1041 659 1151 698 non
1186 645 1512 703 dubitarint.
1562 651 1691 718 Alii,
1731 658 1785 706 et
1827 652 1883 706 hi
1911 669 1976 723 qu

2131 657 2464 728 ἐπικρίσεως
2491 659 2710 712 συνόδου
2757 662 3142 734 οἰκουμενικῆς
3183 666 3576 731 ἀναϐαπτίζειν
3601 671 3710 739 (76)

451 731 574 784 dem
622 749 730 787 non
758 735 939 803 pauci,
989 743 1236 792 castrare
1287 741 1610 811 semetipsos
1658 753 1850 799 contra
1883 745 1976 816 legi

2129 746 2255 808 τοὺς
2281 746 2609 816 ἐρχομένους
2645 748 2782 818 πρὸς
2815 731 3012 814 αὐτοὺς
3039 731 3201 821 δῆὒεν
3231 753 3340 806 ἀπὸ
3377 731 3708 825 Ἀρειανδῦνί

442 822 673 892 juvenili
703 827 940 895 quadam
975 827 1174 883 ferocia
1211 834 1330 885 ausi
1378 841 1525 888 sunt.
1563 835 1690 902 Alii,
1733 838 1824 907 qui
1859 839 1976 892 aud:

2132 836 2355 905 μηδέπω
2391 837 2484 890 τοῦ
2531 839 2856 908 πράγματος
2901 840 2962 905 ἐξ
3011 842 3370 914 ἐπικρίσεως.
3409 845 3486 908 ὡς
3537 846 3704 916 ἔφην,

448 916 628 970 ciores
662 917 939 982 videntur,
977 937 1041 975 ex
1073 923 1479 978 Catholicorum
1511 929 1776 998 partibus,
1817 932 1976 1001 privat

2130 929 2347 981 συνόδου
2373 929 2694 1000 τμηθέντος,
2733 931 2820 984 διὰ
2850 932 2912 986 τὸ
2955 933 3157 1004 ἀναμὶξ
3185 938 3310 1000 τοὺς
3336 937 3498 1001 λαοὺς
3534 941 3708 1010 ὑπᾶρ-

449 1007 550 1060 sibi
586 1006 828 1064 factione
868 1005 1124 1071 conflata,
1153 1024 1346 1085 praeter
1375 1016 1635 1074 Ecclesiae
1668 1025 1974 1078 consuctud

2125 1035 2240 1087 χειν
2287 1018 2364 1071 ἔτι
2399 1019 2591 1091 δεῦρο,
2645 1023 2740 1074 καὶ
2778 1022 3006 1086 πολλοὺς
3040 1025 3140 1094 μὲν
3175 1022 3313 1078 εἶναι
3370 1005 3705 1098 optassem},

450 1113 603 1164 nem,
635 1114 700 1154 ac
731 1101 868 1155 citra
900 1106 1170 1172 generalis
1201 1108 1416 1161 concilii
1461 1110 1760 1178 decretum,
1791 1129 1888 1169 eos
1929 1131 1976 1184 (ιι

2125 1108 2265 1162 κατὰ
2307 1109 2364 1162 δὲ
2399 1111 2689 1182 ὑπόκρισιν
2719 1113 2855 1182 πρὸς
2903 1115 3032 1177 τοὺς
3079 1116 3456 1185 ἰερατεύοντας
3501 1137 3706 1189 συνημ-

440 1191 509 1244 ab
533 1191 749 1247 Arianis
792 1192 860 1249 ad
908 1209 1036 1249 suas
1063 1207 1244 1266 partes
1273 1206 1584 1269 transeunt,
1623 1203 1822 1259 iterum
1853 1207 1976 1276 hapt

2125 1200 2355 1270 μένους,
2411 1201 2515 1265 ἕως
2567 1203 2632 1258 ἂν
2671 1204 2976 1276 ἀφορισμος
3023 1205 3246 1276 γένηται
3301 1210 3402 1278 τῆς
3447 1211 3704 1280 τοιαύτης

438 1293 567 1334 zare
607 1282 746 1336 nihil
772 1292 1058 1353 verentur;
1091 1302 1215 1342 cum
1256 1291 1496 1346 nondum
1526 1310 1588 1348 ea
1639 1311 1747 1361 res,
1777 1305 1834 1350 ut
1875 1297 1976 1352 disi

2121 1291 2447 1364 βλασφήμου
2481 1295 2748 1365 αἱρέσεως
2769 1337 2784 1360 ,
2827 1298 2922 1350 καὶ
2960 1297 3082 1352 τότε
3123 1301 3194 1352 τὰ
3226 1302 3346 1353 κατ’
3375 1301 3550 1368 αὐτῆς
3591 1303 3704 1372 δρι-

441 1373 768 1428 nntversalis
808 1377 1001 1446 synodi
1030 1377 1243 1446 judicio
1282 1380 1468 1436 decisa
1516 1373 1588 1438 sit
1617 1401 1630 1449 ;
1663 1388 1808 1456 quod
1841 1390 1976 1445 adhu

2121 1381 2400 1452 σθήσεται.
2445 1383 2540 1436 Ἐκ
2561 1383 2765 1436 τούτων
2792 1384 2850 1436 δὲ
2877 1384 2983 1438 τῶν
3013 1385 3182 1450 οὕτως
3220 1387 3700 1451 ἁναϐαπτιζόντων

435 1467 624 1536 populi
657 1467 974 1536 promiscue
1004 1469 1072 1524 ad
1108 1471 1430 1528 hodiernum
1465 1491 1646 1547 usque
1677 1487 1892 1550 tempus
1921 1484 1976 1537 ha

2117 1472 2211 1525 ἀπ’
2240 1472 2371 1525 ἰδίου
2413 1471 2802 1544 κελεύσματος,
2832 1476 2912 1538 εἰς
2954 1477 3229 1547 ἡμετέρας
3263 1478 3434 1540 ἀκοὰς
3470 1479 3698 1546 ἀφῖκται

437 1555 672 1610 beantur
705 1575 718 1611 :
751 1559 892 1614 inter
927 1575 1066 1629 quos
1109 1563 1262 1615 multi
1295 1565 1514 1634 quidem
1560 1578 1688 1623 sunt
1722 1571 1976 1629 Catholic‘

2115 1559 2194 1627 εἷς
2231 1563 2491 1634 ὑπάρχων
2519 1565 2577 1616 ὲν
2621 1568 2686 1636 τῇ
2722 1565 2828 1618 τῶν
2853 1567 3069 1619 Λυκίων
3108 1565 3262 1639 χώρᾳ
3303 1569 3694 1639 πρεσϐύτερος.

435 1643 532 1698 sed
581 1643 704 1702 ficte
743 1662 805 1702 ac
857 1664 955 1718 per
1007 1651 1412 1708 simulationem
1454 1671 1575 1709 cum
1636 1661 1976 1717 sacerdotibu

2112 1659 2234 1712 Εἰσὶ
2257 1658 2312 1711 δὲ
2339 1659 2432 1710 καὶ
2469 1657 2675 1718 ἄλλοθι,
2711 1657 2788 1720 ὡς
2821 1658 3052 1720 ἕκαστος
3078 1657 3197 1710 καθ’
3229 1659 3420 1711 ἑαυτὸν
3451 1659 3690 1728 εὔχεται,

433 1733 714 1802 conjuncti
746 1747 896 1802 sunt,
926 1738 1101 1794 donec
1125 1746 1464 1798 exsecranda
1499 1747 1588 1800 illa
1622 1757 1771 1802 secta
1811 1751 1880 1806 ab
1911 1752 1976 1806 Ec

2112 1750 2205 1802 καὶ
2233 1749 2294 1802 οὐ
2337 1749 2476 1818 μετά
2513 1751 2658 1812 τινος
2685 1749 2744 1802 τὸ
2786 1749 3050 1820 παράπαν
3069 1765 3081 1778 ·
3113 1751 3288 1820 ἕτεροι
3319 1749 3375 1801 δὲ
3406 1752 3462 1802 ἐν
3495 1751 3694 1814 κλοιοῖς

433 1825 616 1881 etesia:
647 1831 932 1884 consortio
967 1837 1302 1902 scgregetur,
1339 1843 1398 1888 ut
1433 1843 1564 1892 tunc
1597 1841 1800 1909 aliquid
1830 1842 1898 1896 de
1919 1844 1972 1896 ill

2113 1841 2264 1911 παρὰ
2293 1841 2383 1894 τὸν
2417 1841 2617 1910 Θεσμὸν
2659 1840 2760 1909 τῆς
2795 1839 3140 1910 Ἑκκλησίας.
3186 1841 3384 1912 Διόπερ
3421 1841 3516 1894 ἐπὶ
3551 1841 3690 1894 τέλει

431 1924 732 1971 statuatur.
762 1918 838 1972 Ex
861 1919 949 1983 iis,
975 1921 1067 1990 qui
1099 1931 1293 1993 suapte
1325 1928 1650 1983 auctoritate
1685 1931 1880 1984 iterum
1905 1933 1973 1986 ho

2115 1932 2315 1994 παντὸς
2333 1931 2428 1985 τοῦ
2455 1931 2614 2000 λόγου
2644 1931 2893 1994 νεάνιδας
2917 1931 3054 2002 ἔφην
3079 1932 3153 2003 μὴ
3180 1931 3407 2002 ἐχούσας
3433 1933 3688 2005 ἀριθμὸν,

435 2007 602 2059 modo
637 2007 937 2076 baptizant,
963 2011 1126 2065 audio
1161 2014 1449 2082 quemdam
1491 2015 1544 2068 in
1583 2019 1744 2088 Lycia
1776 2021 1976 2092 presby

2109 2024 2210 2086 τόις
2237 2041 2298 2075 τε
2324 2023 2464 2076 κατὰ
2498 2022 2594 2094 τὴν
2629 2022 2764 2076 ἰδίαν
2796 2021 3006 2076 ἔννοιαν
3035 2024 3225 2086 αὐταῖς
3245 2023 3598 2088 νεανιζούσας
3627 2025 3686 2076 οὗ

427 2108 605 2153 terum
649 2115 793 2154 esse.
829 2099 934 2154 Sed
971 2107 1026 2156 et
1070 2102 1192 2158 aliis
1243 2104 1294 2157 in
1331 2105 1467 2160 locis
1515 2108 1862 2175 reperiuntur
1887 2112 1976 2164 alii

2114 2113 2219 2184 μὴν
2256 2115 2336 2176 εἰς
2371 2114 2432 2166 τὸ
2461 2113 2688 2181 ἀγαθὸν,
2735 2115 2814 2176 εἰς
2858 2113 2920 2166 τὸ
2975 2113 3213 2166 τελειοῦν
3247 2117 3346 2186 τῆς
3385 2114 3579 2183 σοφίας
3620 2118 3686 2168 τὰ

424 2191 520 2261 qui
555 2191 870 2261 singillatim
904 2208 968 2247 ac
1010 2195 1249 2263 separati
1293 2211 1483 2266 preces
1522 2198 1746 2263 obeunt,
1787 2209 1841 2256 et
1877 2203 1972 2257 reli

2109 2205 2223 2274 εἴδη
2255 2205 2574 2276 φρονήσεώς
2602 2223 2658 2258 τε
2694 2205 2788 2259 καὶ
2807 2205 3059 2276 ἀνδρείας
3093 2207 3185 2260 καὶ
3219 2207 3594 2273 δικαιοσύνης·
3627 2210 3682 2274 ἐξ

422 2299 658 2352 quorum
685 2285 1126 2340 communionem
1157 2303 1372 2342 omnem
1406 2298 1692 2358 respuunt.
1728 2289 1830 2344 Alii
1859 2293 1976 2347 οοΙΙι

2103 2287 2178 2346 ὧν
2230 2295 2382 2348 ἄλλαι
2438 2295 2772 2360 νεανίζουσαι
2815 2299 2908 2350 ἐπὶ
2943 2296 3019 2367 τῷ
3063 2302 3514 2372 τυραννικωτέρῳ
3541 2343 3560 2370 ,
3593 2303 3684 2353 καὶ

421 2377 639 2432 vincula
672 2387 868 2446 praeter
907 2377 1163 2434 Ecclesiae
1198 2382 1343 2452 leges
1381 2393 1684 2438 innectunt.
1718 2383 1890 2451 Quam
1924 2387 1976 2439 οΙ

2103 2387 2212 2440 ἀπὸ
2243 2386 2342 2455 τῆς
2367 2387 2626 2458 ἀληθείας
2651 2389 2852 2453 ἑαυτὰς
2880 2391 3256 2462 ἐκτρέπουσιν,
3277 2391 3419 2450 ὥστε
3449 2395 3523 2462 μὴ
3547 2389 3683 2447 εἶναι

419 2481 642 2522 causam
669 2467 1090 2536 disputationem
1135 2485 1352 2526 omnem
1394 2472 1496 2527 hac
1542 2477 1812 2530 sententia
1863 2493 1976 2532 con.

2102 2473 2334 2550 ἀριθμὸν
2367 2480 2593 2536 τούτων.

417 2563 598 2618 clusi:
629 2563 1078 2618 Adolescentulas
1123 2581 1246 2622 esse
1297 2569 1448 2622 nullo
1499 2585 1729 2624 numero
1766 2573 2220 2642 comprehensas;
2255 2591 2378 2646 quae
2414 2577 2624 2646 privato
2665 2577 2898 2632 consilio
2941 2577 3224 2644 audacter,
3276 2577 3682 2645 insolenterque

418 2671 478 2710 se
503 2665 730 2724 gerunt;
772 2670 879 2708 non
943 2663 1001 2710 ut
1047 2659 1174 2712 boni
1227 2659 1430 2727 aliquid
1471 2671 1898 2730 consequantur,
1941 2672 2035 2718 aut
2093 2667 2372 2735 sapientia:
2433 2669 2645 2737 species
2701 2679 3000 2739 partesque
3051 2668 3372 2737 perficiant,
3429 2670 3678 2724 videlicet

418 2749 741 2817 prudentiae,
776 2747 1137 2816 fortitudinis,
1175 2757 1570 2822 temperantiae,
1594 2754 1842 2824 justitiam
1873 2757 1992 2821 Quo
2025 2773 2091 2813 ex
2148 2777 2377 2816 numero
2409 2761 2966 2828 adolescentularum,
2999 2764 3288 2833 tyrannico
3333 2777 3486 2817 more
3540 2779 3678 2834 qua:-

414 2842 538 2896 dam
581 2839 901 2906 eil'eruntur,
934 2851 1099 2913 atque
1149 2859 1178 2898 a
1223 2845 1454 2900 veritate
1483 2846 1797 2916 deflectunt,
1842 2852 1992 2905 nullo
2023 2861 2082 2906 ut
2120 2869 2348 2908 numero
2384 2855 2652 2910 contineri
2687 2857 2920 2926 possint.

486 2936 623 2992 XIV.
667 2938 736 2992 At
771 2939 1060 3008 singularis
1092 2935 1184 2992 illa
1215 2939 1478 3006 columba,
1517 2950 1811 3014 sanctaque
1837 2945 1991 3014 virgo

412 3031 582 3086 Deum
635 3031 960 3095 conﬁtetur,
1011 3030 1226 3086 Patrem
1277 3039 1332 3087 et
1375 3031 1576 3088 Filium
1629 3045 1682 3089 et
1725 3034 1988 3106 Spiritum

409 3128 696 3187 sanctum;
753 3119 968 3175 Patrem
1030 3119 1356 3190 perfectum,
1409 3123 1604 3178 Filium
1665 3126 1986 3195 perfectum,

483 3279 496 3307 ¹
525 3273 587 3330 F.
627 3293 730 3330 non
776 3286 1035 3345 suscepta.
1114 3279 1134 3309 ¹
1160 3275 1220 3332 F.
1255 3279 1505 3340 κανόνας,
1539 3293 1636 3347 pro
1663 3277 1842 3341 ὄντας.

2158 2947 2262 3003 1Δ¹.
2290 2946 2438 3016 Αὕτη
2469 2947 2526 3000 δὲ
2549 2947 2586 3013 ’ἡ
2609 2949 2720 3030 μία
2751 2946 3090 3016 περιστερὰ,
3115 2949 3207 3001 καὶ
3241 2949 3374 3016 ἁγία
3413 2950 3680 3020 παρθένος

2094 3035 2226 3088 Θεὸν
2255 3037 2528 3106 ὁμολογεῖ,
2561 3038 2781 3109 Πατέρα
2813 3039 2909 3090 καὶ
2949 3039 3076 3091 Υίὸν
3107 3039 3200 3091 καὶ
3229 3039 3384 3106 ἆγιον
3415 3038 3582 3109 Πνεῧε
3603 3062 3657 3098 α,

2095 3127 2315 3198 Πατέρα
2345 3128 2570 3192 τέλειον,
2599 3129 2728 3182 Υἱὸν
2757 3129 2980 3195 τέλειον,
3003 3130 3227 3200 Πνεῦμα
3249 3130 3404 3198 ἆγιον
3433 3127 3678 3184 τέλειον-

409 3387 646 3453 zandos,
699 3389 744 3442 si
799 3389 918 3443 sine
972 3389 1232 3443 scandan
1275 3389 1388 3442 fieri
1443 3389 1637 3458 possit,
1693 3390 2052 3450 lucreticosc
2086 3388 2286 3443 Contra
2332 3385 2486 3458 epist.
2527 3383 2751 3458 Parim,
2779 3399 2902 3454 cap.
2959 3385 3048 3448 15,
3103 3383 3368 3458 declarat.
3429 3381 3672 3458 Tametsi

410 3473 603 3512 omnes
655 3459 922 3513 ailirmare
955 3459 1200 3523 videtur;
1251 3458 1506 3528 quodque
1553 3460 1671 3513 sine
1718 3460 1984 3528 baptismo

409 3529 702 3599 plerosque
729 3529 1168 3599 recipiendosob
1198 3545 1318 3582 eam
1352 3545 1512 3582 unam
1541 3543 1762 3582 causam
1793 3530 1984 3599 exiSIi-

411 3597 558 3660 inat,
592 3597 720 3665 quia
760 3598 992 3667 idipsum
1039 3598 1347 3668 οἰκονομίας
1394 3599 1554 3651 ἕνεκα
1589 3599 1700 3651 fieri
1757 3598 1980 3667 placuit,

411 3681 604 3738 parum
637 3683 760 3720 eum
807 3667 1180 3722 ecclesiastico
1223 3667 1477 3738 dogmate
1515 3669 1790 3722 convenit.
1824 3668 1980 3733 Quod

408 3737 631 3807 quidem
679 3737 1055 3794 haereticorum
1097 3738 1425 3808 baptismum
1455 3753 1524 3792 ex
1560 3738 1829 3808 catholico
1871 3741 1980 3796 ritu

407 3822 474 3862 ac
501 3808 822 3878 praescripto
855 3807 1176 3878 susceptum
1207 3808 1491 3878 approbat,
1525 3823 1624 3862 nec
1657 3807 1841 3878 iterari
1871 3811 1982 3865 ullo

409 3878 572 3932 modo
608 3877 832 3946 patitur.
863 3877 1019 3944 Quod
1053 3879 1100 3933 si
1129 3877 1306 3940 aliter,
1335 3887 1589 3948 quamiut
1631 3879 1685 3932 in
1736 3877 1980 3935 Ecclesia

404 3957 684 4018 receptum
719 3957 826 4014 est,
863 3949 967 4002 hoc
995 3955 1080 4019 est
1109 3962 1173 4002 ex
1224 3947 1460 4019 legitima
1505 3947 1770 4019 formula,
1807 3949 1982 4019 bapti-

407 4017 560 4072 smus
591 4033 696 4072 non
740 4019 903 4073 modo
929 4019 995 4072 ab
1030 4017 1322 4081 haereticis,
1363 4018 1456 4073 sed
1486 4018 1570 4072 vel
1613 4019 1749 4087 ipsis
1786 4017 1980 4074 catho-

408 4089 526 4143 licis
581 4089 872 4154 tribuatur,
919 4088 1070 4143 nulla
1126 4090 1277 4158 pacis
1330 4088 1746 4156 concordiaeque
1796 4092 1979 4159 specie

405 4166 590 4228 potest
619 4160 838 4223 adduci,
871 4167 926 4214 ut
981 4159 1120 4212 citra
1169 4175 1366 4214 novum
1415 4159 1744 4228 baptismum
1791 4175 1980 4226 quem-

405 4229 548 4298 piam
577 4231 841 4283 admittat.
879 4229 1060 4296 Quare
1089 4228 1158 4283 de
1191 4229 1480 4284 Encratitis
1521 4243 1712 4298 parum
1747 4243 1981 4284 consen-

407 4307 568 4369 tanee
606 4299 771 4353 sentit
803 4299 1061 4360 Basilius,
1092 4309 1151 4352 ut
1199 4307 1254 4354 et
1303 4299 1608 4369 Cyprianus
1636 4299 1799 4365 olim;
1847 4301 1975 4368 qui,

409 4375 467 4420 ut
505 4367 841 4438 Augustinus
867 4371 1128 4425 adversus
1158 4367 1468 4424 Donatistas
1492 4369 1688 4437 sacpius
1713 4367 1973 4435 inculcat,

407 4439 708 4560 praesertim
747 4439 885 4492 libro
919 4455 956 4494 ιι
989 4451 1043 4494 et
1076 4455 1136 4492 ιιι
1168 4439 1247 4493 De
1289 4439 1570 4506 baptismo,
1608 4439 1820 4492 tametsi
1857 4441 1978 4494 nul-

431 4524 516 4560 um
547 4521 670 4560 esse
703 4510 1029 4560 bantismum
1076 4509 1456 4560 haereticorum
1491 4517 1761 4560 censeret.
1797 4516 1977 4560 tamen

431 4524 516 4560 nm
547 4521 670 4562 esse
703 4510 1029 4577 baptismum
1076 4509 1456 4564 haereticorum
1491 4517 1761 4568 censeret,
1797 4516 1977 4565 tamen

405 4577 498 4645 qui
551 4577 878 4646 rebaptizari
914 4579 1156 4640 nollent,
1187 4579 1255 4634 ab
1292 4579 1548 4632 Ecclesiae
1597 4580 1978 4635 communione

405 4662 747 4715 nequaquam
799 4649 918 4702 ideo
947 4649 1284 4718 repellendos
1327 4648 1604 4703 censebat.
1654 4648 1816 4715 Atqui
1858 4650 1978 4704 sine

406 4733 536 4771 vero
591 4718 861 4784 baptismo
895 4719 1240 4772 Christianus
1271 4734 1394 4772 esse
1447 4733 1606 4772 nemo
1661 4727 1858 4785 potest.
1908 4720 1978 4775 Ut

403 4801 582 4840 autem
619 4787 708 4855 qui
735 4787 1080 4842 Christianus
1113 4803 1218 4842 non
1251 4789 1342 4848 sit,
1386 4791 1536 4856 pacis
1568 4801 1630 4840 ac
1661 4787 1972 4856 concordiae

404 4859 577 4927 gratia
609 4857 751 4911 inter
779 4857 1128 4912 Christianos
1161 4855 1448 4920 habeatur,
1478 4857 1638 4924 eique
1687 4858 1751 4927 ad
1786 4855 1972 4913 divina

403 4926 662 4998 mysteria
721 4929 1067 4996 permittatur
1121 4929 1322 4988 aditus,
1354 4927 1499 4996 quod
1559 4931 1612 4980 in
1676 4926 1972 4986 Encratitis

402 4997 656 5067 aliisque,
687 5013 824 5067 quos
857 4998 1057 5066 alioqui
1090 4997 1512 5066 rebaptizandos
1535 5013 1658 5050 esse
1685 5005 1970 5065 statuerat,

403 5069 496 5124 Sed
531 5080 590 5124 ut
631 5085 739 5122 non
775 5069 924 5124 fieret
971 5070 1116 5137 pacis
1151 5082 1317 5122 causa
1355 5069 1672 5131 remiserat,
1711 5077 1973 5136 ιιι-αδδιδι»-

403 5138 531 5193 dum
563 5155 686 5194 esse
714 5140 906 5193 eodem
940 5139 995 5193 in
1031 5153 1242 5192 canone
1265 5137 1529 5192 decernit.
1560 5137 1692 5202 lloe,
1725 5139 1968 5206 inquam,

403 5209 471 5262 ab
497 5209 748 5266 Ecclesiae
779 5225 878 5264 usu
908 5223 972 5263 ac
1012 5209 1278 5270 moribus,
1313 5215 1367 5261 ct
1406 5223 1434 5260 a
1481 5206 1682 5261 Niceeni
1732 5211 1968 5272 concilii,

403 5279 742 5350 aliorumque
770 5287 1030 5336 veterum
1067 5279 1449 5350 sanctionibus
1489 5279 1764 5350 abhorret.
1799 5279 1970 5344 Quin-

399 5349 564 5420 etiam
602 5349 930 5420 baptismum
957 5350 1180 5420 aflaieis
1206 5349 1462 5402 collatum
1511 5349 1725 5420 irritum
1751 5363 1814 5402 ac
1847 5351 1972 5403 nul-

402 5417 513 5472 lutn
545 5417 932 5475 esse—Basilius
964 5419 1106 5476 idem
1150 5420 1448 5473 arbitratus
1490 5419 1725 5482 videtur,
1751 5433 1874 5474 cum
1905 5436 1972 5474 ex

401 5487 681 5558 Cypriani,
727 5489 1050 5558 Firmilt’ani,
1098 5491 1440 5560 aliorumque
1484 5490 1760 5560 sententia
1797 5491 1972 5559 bapti-

404 5557 565 5630 zatos
605 5561 674 5614 ab
705 5560 973 5630 haereticis
1007 5561 1232 5630 perinde
1277 5557 1537 5630 dKnOtvifr
1567 5559 1838 5630 baptismo
1871 5557 1972 5615 ex-

407 5628 635 5696 piandos
665 5645 786 5684 esse
821 5629 974 5692 dicit,
1004 5628 1069 5684 ac
1113 5633 1158 5686 si
1199 5631 1268 5685 ab
1300 5628 1454 5684 lai‘cis
1484 5628 1543 5683 id
1571 5629 1963 5684 obtinuissent.

404 5694 572 5761 Quasi
601 5699 859 5769 laicorum
887 5701 1188 5768 baptismus
1217 5701 1464 5769 ἀληθινός
1493 5715 1603 5754 non
1626 5709 1786 5754 esset.
1812 5699 1970 5764 Quod

405 5779 568 5822 secus
617 5783 676 5823 se
712 5767 910 5834 habet,
959 5767 1022 5824 ’ut
1055 5771 1194 5826 inter
1253 5767 1479 5826 cancros
1527 5771 1757 5840 August.
1798 5771 1892 5825 lib.
1934 5785 1972 5823 ιι

2086 3459 2276 3513 eodem
2333 3457 2427 3509 illo
2475 3455 2595 3508 loco
2625 3454 2867 3518 dubitat,
2899 3463 3078 3507 utrum
3127 3455 3195 3507 ab
3241 3469 3340 3516 eo,
3394 3455 3486 3523 qui
3535 3471 3672 3507 unn-

2086 3543 2247 3596 quam
2279 3525 2628 3596 Christianus
2657 3523 2841 3589 fuerit,
2871 3525 3178 3596 baptismus
3209 3527 3380 3592 possit
3403 3523 3666 3581 conferri.

2085 3593 2154 3653 Et
2185 3599 2293 3649 lucc
2322 3595 2531 3665 quidem
2555 3595 2667 3646 alia
2701 3595 2923 3665 qua’stio
2963 3605 3062 3658 est,
3089 3593 3287 3662 inquit,
3323 3604 3502 3665 utrum
3525 3604 3576 3646 et
3605 3596 3672 3647 ab

2083 3670 2173 3729 iis,
2197 3662 2582 3735 quinunquam
2609 3662 2806 3735 fuerint
2833 3662 3146 3735 Christiani,
3178 3667 3342 3733 possit
3375 3663 3670 3730 baptisma:

2082 3733 2225 3791 dari.
2261 3733 2372 3788 Nec
2408 3734 2610 3803 aliquid
2647 3733 2769 3786 inde
2805 3743 2996 3786 temere
3023 3734 3396 3802 aﬂirntandum
3427 3743 3526 3796 est,
3556 3737 3670 3788 sine

2085 3807 2406 3860 auctoritate
2433 3805 2569 3856 tanti
2599 3803 2829 3866 concilii,
2857 3813 3114 3870 quantum
3143 3813 3304 3856 tantm
3341 3805 3418 3856 rei
3455 3804 3666 3870 snﬂicit.

2083 3877 2190 3932 Sed
2206 3877 2517 3943 mirumVAest
2530 3873 2674 3943 quod
2699 3874 2753 3926 in
2781 3872 3117 3926 Eliberitano
3144 3873 3401 3938 concilio,
3421 3888 3544 3926 can.
3573 3875 3664 3935 58,

2083 3947 2332 4002 sancitur
2357 3963 2370 3999 :
2401 3941 2470 3997 Ut
2489 3941 2700 4012 peregre
2721 3944 3028 4012 navigantes
3057 3944 3332 4012 ingruente
3357 3943 3670 3998 necessitate

2081 4034 2116 4071 a
2146 4030 2450 4086 quocunque
2481 4014 2649 4083 ﬁdeli,
2681 4015 2771 4086 qui
2816 4029 2921 4086 non
2967 4013 3044 4086 _sit
3080 4013 3348 4086 bigantus,
3401 4013 3670 4080 baptizari

2080 4081 2304 4155 possint.
2355 4081 2566 4155 Ergone
2615 4097 2647 4155 ιι
2685 4081 2920 4155 bigamis
2967 4081 3236 4152 baptiiari
3277 4083 3332 4136 in
3375 4089 3530 4136 tanta
3569 4099 3668 4138 ne-

2085 4153 2343 4213 Cessilate
2369 4169 2477 4209 non
2511 4153 2705 4206 licuit?

2151 4227 2264 4297 (‘76)
2313 4220 2764 4297 Ἀναϐαπτίζειν.
2803 4221 2994 4277 Merito
3027 4221 3379 4297 reprehendit
3429 4219 3666 4297 Epipbn-

2081 4291 2208 4374 nius
2246 4291 2480 4374 "iterum.
2509 4294 2852 4374 bapt.i£antes
2898 4307 3028 4358 eos,
3066 4291 3160 4374 qui
3214 4292 3542 4374 erantnjam
3591 4295 3663 4374 at;

2081 4367 2302 4421 Arianis
2335 4360 2636 4433 baptizati.
2655 4361 2967 4433 Baptismus
2993 4360 3137 4416 enim
3169 4363 3356 4418 verbis
3380 4360 3660 4432 Evangelii

2080 4439 2339 4499 collatus,
2376 4432 2644 4503 quidquid
2689 4432 2966 4503 contrarie
3006 4433 3281 4487 adducere
3317 4439 3532 4486 conata:
3561 4433 3666 4486 ali-

2081 4507 2302 4577 quando
2350 4502 2463 4560 si’nt
2510 4503 2804 4577 nonnullae
2833 4502 3123 4577 Ecclesiae,
3156 4503 3660 4577 validusi,_ﬁrmu_s,

2081 4571 2234 4633 r'atus
2271 4581 2534 4645 perpetuo
2569 4581 2652 4628 est
2683 4573 2902 4645 habitus
2940 4574 3008 4645 ab
3046 4571 3296 4645 Ecclesia
3323 4571 3658 4645 universali.

2079 4639 2553 4712 Quemadmodum
2603 4643 2830 4706 nullus,
2877 4641 3088 4704 irritus,
3135 4641 3408 4696 invalidus
3445 4657 3664 4709 semper

2079 4711 2165 4772 est
2195 4716 2560 4784 reputatus,si
2585 4714 2818 4784 collatus
2843 4715 2920 4784 sit
2939 4713 3042 4766 alia
3071 4713 3304 4784 ratione,
3323 4711 3430 4764 alia
3461 4711 3658 4784 fortuna,

2083 4788 2230 4845 aliis.
2256 4779 2419 4854 quam
2448 4783 2748 4853 Evangelii,
2773 4783 3332 4854 verbis;iquicunque
3363 4779 3578 4854 tandem
3611 4783 3660 4836 is

2075 4857 2260 4926 fuerit,
2275 4851 2372 4926 qui
2409 4851 2798 4926 contulit,_sive
2833 4853 3144 4926 luereticus.
3171 4852 3286 4906 sive
3319 4851 3655 4926 catholicus.

2075 4920 2368 4981 Innutuera
2395 4922 2796 4994 propemodum
2821 4921 3016 4976 adduci
3043 4928 3531 4994 possettt_veterum_
3559 4920 3660 4994 do-

2073 5005 2328 5052 cumenta
2361 4989 2427 5048 ad
2461 4989 2842 5050 illustrandum
2883 4989 3205 5062 praesentem
3243 4989 3542 5062 Epiphanii
3577 4991 3658 5062 lo-

2075 5082 2233 5132 cum;
2275 5067 2370 5121 sed
2421 5081 2529 5120 uno
2568 5063 2810 5118 contenti
2847 5059 3080 5122 erimus,
3124 5059 3654 5132 Siriciiﬂpontilicis,

2074 5138 2168 5207 qui
2203 5129 2306 5190 non
2335 5137 2492 5204 longe
2517 5135 2730 5189 vivebat
2753 5132 3016 5207 nimirum
3051 5132 3296 5207 abaetate
3322 5129 3614 5207 Epiphanii
3635 5172 3652 5194 ,

2077 5200 2186 5278 imo
2205 5207 2398 5262 iisdem
2425 5200 2536 5261 fere
2555 5205 2911 5278 temporibus.
2930 5203 2980 5278 is
3003 5203 3251 5256 scribens
3268 5202 3333 5254 ad
3351 5200 3652 5278 Himerium

2075 5277 2546 5332 Tarraconenscm
2579 5276 2734 5329 initio
2754 5272 2997 5342 epistolae
3028 5287 3141 5326 sua:
3169 5286 3200 5325 e
3233 5287 3292 5324 re
3315 5279 3504 5342 nostra
3539 5272 3652 5342 ait:

2077 5347 2264 5401 Prima
2289 5348 2494 5417 paginas
2533 5355 2635 5398 tua:
2655 5339 2828 5417 {mnia
2855 5344 3096 5417 signasti,
3131 5341 3426 5417 baptizatos
3451 5339 3516 5417 ab
3549 5340 3654 5390 im-

2073 5419 2176 5486 piis
2201 5413 2440 5478 Ariariis,
2465 5417 2722 5484 plurimos
2754 5413 2820 5466 ad
2846 5414 3004 5482 [idem
3035 5413 3348 5486 catholicam
3377 5413 3650 5486 festinare,

2075 5481 2122 5543 et
2154 5488 2408 5557 quosdam
2439 5481 2502 5540 de
2525 5487 2784 5557 fratribus
2815 5481 3013 5538 nostris
3042 5481 3458 5557 eosdenrdenno
3479 5481 3654 5557 bapti-

2078 5549 2201 5612 zare
2229 5558 2393 5612 velle:
2422 5549 2560 5628 quod
2584 5573 2690 5611 non
2719 5555 3004 5630 licet,._cum
3031 5553 3129 5630 hoc
3157 5552 3272 5630 fieri
3295 5561 3346 5630 et
3368 5549 3652 5630 Apostolus

2077 5639 2226 5692 vetet,
2275 5637 2325 5681 et
2379 5621 2605 5684 canones
2656 5623 3046 5680 contradicunt.
3083 5622 3249 5677 Multa
3295 5623 3384 5676 hic
3439 5621 3654 5692 erudite

2079 5689 2356 5768 congessit
2405 5697 2694 5764 Petavius,
2730 5711 2964 5768 quorum
3001 5703 3180 5747 tamen
3205 5693 3410 5768 _a|iqua
3455 5689 3654 5761 adjun-

2082 5764 2224 5824 ctam
2266 5769 2606 5838 requirerent
2637 5764 2840 5824 rectam
2883 5764 3408 5835 interpretationem.
