3986 6224
308 355 418 412 809

875 349 1240 407 ADVERSUS
1277 351 1617 408 HERESES
1653 351 1780 407 LIB.
1825 353 1910 408 Ill.
1951 353 2113 409 TOM.
2159 353 2200 408 11
2231 385 2296 395 --
2337 352 2700 410 EXPOSITIO
2741 355 2937 411 FIDEI.

3440 362 3546 418 810

310 474 594 546 ὁμοούσιον
618 471 717 544 τὴν
745 471 947 542 Τριὰδα
965 513 980 536 ,
1024 473 1085 525 οὐ
1124 472 1450 543 συναλοιφὴν
1505 473 1602 544 τὴν
1630 475 1836 544 Τριάδα
1863 493 1876 506 ·

1999 475 2282 530 ierit-ctum
2351 474 2611 544 Spiritum
2667 485 2956 535 sanctum;
3025 475 3548 530 consubstantialem

310 564 448 619 ἀλλὰ
495 564 589 618 τὸν
637 565 764 618 Υίὸν
791 565 856 617 ἐκ
899 565 1110 637 Πατρὸς
1156 565 1423 635 ἀληθινῶς
1464 569 1876 637 γεγεννημένον,

312 657 410 712 καὶ
455 657 519 710 τὸ
567 657 723 724 ἅγιον
773 655 997 727 Πνεῦμα
1049 658 1150 710 οὐκ
1199 658 1478 731 ἀλλότριον
1527 660 1737 732 Πατρὺς
1789 661 1883 713 καὶ

317 747 448 802 Υίοῦ
468 763 481 776 ·
519 743 683 800 οὖσαν
712 748 770 800 δὲ
807 747 894 801 ἀεὶ
918 747 1018 819 τὴν
1043 749 1272 819 Τριάδα,
1300 749 1394 802 καὶ
1424 750 1690 822 μηδέποτε
1718 768 1884 822 προσ-

311 839 492 910 θήκης
525 837 909 908 ἐπιδεομένην·
943 840 1017 909 μὴ
1048 837 1274 908 ἔχουσαν
1305 840 1364 893 δέ
1390 857 1442 893 τι
1479 842 1537 892 έν
1573 842 1710 912 αὐτῇ
1750 842 1883 894 ὑπο-

315 930 578 997 ϐεϐηκὸς,
616 932 697 994 είς
750 929 877 1001 μίαν
906 931 964 982 δὲ
1014 932 1242 1002 ἑνότητα
1279 933 1374 985 καὶ
1418 932 1546 1002 μίαν
1591 934 1763 1004 ἀρχὴν
1790 933 1884 986 τοῦ

312 1023 450 1075 Θεοῦ
482 1022 575 1074 καὶ
623 1022 838 1094 Πατρὸς
875 1022 1237 1093 ἀναγομένην.
1287 1024 1396 1078 Καὶ
1431 1025 1493 1076 ἐκ
1533 1023 1735 1094 ταύτης
1787 1025 1887 1096 τῆς

313 1113 548 1184 Τριάδος
591 1113 806 1184 Πατρδς
832 1114 926 1168 καὶ
957 1114 1089 1167 Υίοῦ
1134 1115 1230 1168 καὶ
1275 1114 1430 1183 ἁγίου
1462 1116 1776 1186 Πνεύματος
1817 1116 1888 1168 τὰ

315 1209 495 1260 πάντα
522 1205 802 1259 κεκτίσθαι
826 1207 866 1272 ¹,
901 1207 1002 1259 οὐκ
1042 1207 1168 1261 ὅντα
1198 1208 1348 1274 ποτὲ,
1373 1207 1495 1262 οὔτε
1545 1211 1770 1264 συνόντα
1811 1210 1888 1280 τῷ

315 1296 458 1367 Θεῷ,
481 1295 606 1349 οὒτε
652 1297 1100 1368 προῦπάρξαντα.
1132 1297 1389 1367 γινόμενα
1420 1298 1476 1350 δὲ
1505 1299 1563 1362 ἐξ
1593 1300 1691 1352 οὐκ
1720 1301 1888 1353 ὄντων

317 1393 399 1453 είς
440 1390 502 1443 τὸ
532 1385 673 1442 εἶναι
701 1390 806 1444 ἀπὸ
850 1385 1073 1460 ’Πατρὸς
1108 1390 1202 1442 καὶ
1236 1389 1366 1442 Υίοῦ
1406 1391 1500 1443 καὶ
1534 1393 1688 1459 ἁγίου
1720 1393 1891 1445 Πνεύ-

321 1499 491 1553 ματος
515 1500 528 1512 ·
576 1482 673 1536 καὶ⁸
704 1481 894 1534 τοῦτον
920 1483 1011 1535 τὸν
1055 1481 1275 1553 Πατέρα
1317 1483 1412 1534 καὶ
1445 1483 1571 1535 Υἱὸν
1603 1484 1695 1536 καὶ
1738 1484 1890 1553 ἆγιον

319 1575 548 1646 Πνεῦμα
575 1577 690 1638 τοῖς
727 1575 892 1628 αὑτοῦ
925 1575 1102 1643 ἀγίοις
1151 1575 1244 1628 καὶ
1272 1576 1367 1629 ἀπ’
1393 1574 1588 1638 αἰῶνος
1622 1575 1890 1641 καταξιώ-

319 1681 489 1720 σαντα
511 1667 570 1718 ὲν
600 1654 886 1729 ὀπτασίαις
917 1667 1178 1736 φανῆναι,
1220 1667 1471 1738 καθάπερ
1496 1666 1730 1736 ἠδύνατο
1763 1668 1893 1720 ἕκα-

320 1775 444 1822 στος
486 1762 684 1830 χωρεῖν
724 1758 864 1812 κατά
906 1759 965 1812 τὸ
1005 1756 1250 1830 χάρισμα
1297 1757 1460 1811 αὐτοῦ
1510 1757 1598 1812 διὰ
1634 1758 1732 1829 τῆς
1759 1747 1893 1816 Θεό-

1984 565 2330 633 Triuitatem,
2359 583 2465 620 non
2497 568 2891 622 coalcscentem
2923 575 3017 622 aut
3043 567 3326 622 confusam
3353 566 3552 621 Triui-

1984 664 2146 711 tatem
2175 675 2189 724 ;
2223 658 2315 712 sed
2349 657 2542 712 Filium
2577 674 2704 713 vere
2732 674 2760 711 a
2791 658 2948 713 Patre
2981 660 3240 727 genitum,
3276 666 3330 712 et
3375 657 3553 729 Spiri-

1984 754 2098 801 tum
2142 757 2389 803 sanctum
2437 763 2466 802 a
2502 747 2659 803 Patre
2692 748 2938 820 Filioque
2973 765 3080 804 non
3119 750 3354 803 alit-num
3386 770 3398 804 :
3430 748 3553 805 Tri-

1985 837 2230 900 nitatem,
2256 836 2500 906 inquam,
2533 853 2652 908 qua:
2685 852 2899 908 semper
2933 841 3022 901 sit,
3057 853 3232 908 neque
3265 841 3429 894 ullius
3467 855 3553 894 ac-

1985 929 2252 984 cessionis
2304 938 2478 999 egeat,
2526 945 2701 1000 neque
2735 931 3030 1001 quidquam
3073 934 3127 985 in
3163 947 3281 987 sese
3324 931 3552 988 inferius

1987 1018 2203 1084 habeat,
2232 1035 2458 1090 quaeque
2496 1022 2564 1075 ad
2613 1022 2942 1091 singularem
2981 1023 3247 1078 unitatem
3302 1025 3549 1080 unicum-

1987 1125 2092 1179 que
2128 1109 2220 1166 Dei
2251 1126 2313 1165 ac
2342 1110 2522 1167 Patris
2555 1113 2883 1183 principium
2921 1113 3212 1171 referatur.
3240 1116 3322 1169 Ab
3362 1115 3551 1170 eadem

1988 1199 2278 1265 Trinitate,‘
2320 1199 2476 1256 Patre
2501 1203 2714 1274 1096
2745 1213 2798 1257 et
2829 1201 2965 1258 Filio
2997 1213 3051 1258 et
3089 1203 3297 1275 Spiritu
3342 1217 3554 1269 sancto,

1989 1301 2170 1346 creata
2219 1307 2341 1348 esse
2387 1302 2607 1357 cuncta,
2653 1310 2773 1363 quae
2820 1296 3115 1364 aliquando
3165 1311 3276 1350 non
3329 1297 3559 1351 exstite-

1990 1388 2133 1447 rant,
2165 1397 2338 1450 neque
2364 1397 2486 1436 cum
2515 1382 2624 1437 Deo
2649 1392 2798 1445 sunt,
2833 1399 2931 1438 nec
2972 1393 3098 1440 ante
3136 1384 3372 1448 fuerant,
3406 1386 3499 1440 sed
3528 1404 3559 1439 e

1990 1472 2162 1526 nihilo
2211 1473 2414 1542 aliquid
2453 1488 2572 1527 esse
2615 1481 2898 1544 cmperunt
2942 1491 2972 1528 a
3019 1474 3177 1530 Patre
3224 1483 3279 1530 et
3322 1474 3458 1530 Filio
3488 1484 3560 1530 λιιι

1993 1571 2189 1620 sancto
2216 1563 2424 1634 Spiritu
2455 1565 2741 1634 producta.
2773 1565 2927 1622 Hunc
2948 1568 3127 1638 ipsum
3149 1567 3362 1622 Patrem
3393 1577 3448 1624 et
3471 1567 3562 1622 Fi-

1993 1655 2128 1710 lium
2158 1663 2212 1709 et
2240 1655 2502 1726 Spiritum
2540 1665 2790 1710 sanctum
2826 1657 2894 1712 ab
2926 1659 3058 1712 orbe
3088 1658 3310 1713 condito
3351 1659 3562 1716 sanctis

1995 1747 2110 1802 suis
2143 1762 2240 1818 per
2279 1749 2458 1803 visum
2507 1748 2845 1817 apparuisse,
2879 1759 3143 1818 quantum
3187 1764 3382 1821 capere
3417 1751 3562 1822 quis-

317 1866 499 1920 τητος,
529 1851 664 1922 ὅπερ
706 1850 988 1921 ἐχαρίζετο
1025 1850 1243 1920 ἑκάστῳ
1273 1849 1382 1901 τῶν
1427 1848 1892 1920 καταξιουμένων’

1999 1852 2101 1908 que
2148 1843 2382 1906 poterat,
2428 1852 2492 1891 ac
2524 1852 2622 1908 pro
2672 1853 2739 1892 eo
2788 1853 2851 1892 ac
2895 1838 3117 1893 cuilibet
3161 1841 3563 1895 communicata

323 1941 404 2011 πὴ
462 1941 563 2011 μὲν
615 1941 835 2014 Πατέρα
879 1941 1211 2005 θεάσασθαι,
1260 1939 1443 2004 καθὼς
1495 1941 1723 2011 ⁴Ιῖδύνατο
1766 1941 1895 1995 ἕκα-

321 2049 446 2096 στος
475 2033 705 2086 ἀκοῦσαι
761 2033 864 2103 τῆς
909 2033 1094 2104 φωνῆς
1148 2032 1350 2100 αὑτοῦ,
1407 2033 1484 2096 ὡς
1535 2032 1766 2104 ἐχώρει·
1822 2034 1896 2098 ὡς

322 2123 390 2174 ὲν.
427 2123 654 2194 στόματι
707 2122 800 2176 τοῦ
846 2122 1069 2176 Ἦσαῒου
1108 2122 1325 2192 ἔλεγεν·
1377 2122 1534 2176 Ἰδοὺ
1565 2122 1824 2190 συνήσει
1865 2127 1898 2178 ὀ

321 2213 470 2279 Παῖς
505 2231 624 2283 μου
671 2217 707 2268 ὁ
736 2215 1076 2282 ἀγαπητός·
1123 2214 1281 2268 τοῦτο
1313 2214 1465 2286 φωνὴ
1510 2215 1740 2286 Πατρός.
1790 2217 1898 2270 Καὶ

317 2305 396 2368 ὡς
436 2308 465 2359 6
514 2307 711 2377 Δανιὴλ
743 2303 846 2360 εἶδε
874 2307 965 2360 τὸν
1000 2307 1237 2363 Παλαιὸν
1291 2307 1398 2361 τῶν
1432 2307 1655 2378 ἡμερῶν
1682 2323 1696 2338 ’
1749 2309 1900 2361 τοῦτο

320 2396 557 2450 ὸπτασία
601 2397 694 2451 τοῦ
729 2398 967 2468 Πατρός.
1017 2399 1104 2462 Ὠς
1152 2398 1208 2451 δὲ
1255 2399 1314 2450 ὲν
1363 2398 1443 2469 τῷ
1478 2399 1731 2470 προφήτῃ
1788 2400 1899 2453 πά-

321 2487 438 2542 λιν·
483 2489 623 2560 Ἐγὼ
659 2489 895 2558 ὁράσεις
931 2491 1265 2556 ἐπλήθυνα,
1304 2491 1402 2544 καὶ
1443 2491 1512 2544 ἐν
1544 2491 1717 2560 χερσὶ
1757 2506 1899 2560 προ-

321 2580 531 2649 φητῶν
581 2581 922 2650 ὡμοιώθηνο
965 2582 1125 2635 τοῦτο
1179 2581 1332 2653 φωνὴ
1380 2581 1532 2635 Υἱοῦ.
1599 2583 1686 2647 Ὠς
1737 2582 1796 2637 δὲ
1842 2584 1900 2636 ὲν

336 2672 600 2742 ’ῐεζεκιήλ
624 2689 639 2703 ο
673 2673 784 2726 Καὶ
822 2672 1001 2726 ἔλαϐέ
1034 2691 1112 2742 με
1154 2673 1398 2743 Πνεῦμα
1440 2675 1609 2741 Θεοῦ,
1653 2675 1754 2730 καί
1799 2675 1899 2739 ἐξ·

321 2763 502 2818 ἔϐαλέ
524 2781 602 2834 με
649 2766 737 2831 εἰς
772 2765 840 2818 τὸ
872 2765 1116 2820 πεδίον·
1158 2765 1318 2818 τοῦτο
1351 2768 1480 2838 περὶ
1524 2767 1679 2836 ἁγίου
1727 2767 1898 2822 Πνεύ-

329 2850 518 2928 ματος.
551 2857 660 2910 Καὶ
692 2857 863 2911 πολλά
916 2857 1030 2910 ἐστι
1077 2857 1301 2911 τοιαῦτα
1349 2858 1546 2926 λέγειν,
1589 2851 1664 2914 ὧν
1703 2861 1900 2930 ὀλίγων

325 2947 436 3002 ἀπὸ
479 2947 678 3018 μέρους
704 2947 1033 3019 μνησθέντες
1061 2950 1118 3001 ὲν
1149 2949 1471 3021 παραδρομῇ
1505 2953 1585 3014 είς
1632 2951 1692 3004 τὸ
1731 2951 1899 3016 δεῖξαι

325 3039 418 3092 τὸν
475 3041 802 3112 χαρακτῆρα
847 3039 948 3111 τῆς
998 3040 1361 3112 Ἐκκλησίας,
1413 3041 1482 3095 τὰ
1534 3042 1628 3096 δύο
1678 3045 1899 3113 ῥήματα

326 3130 702 3203 παρεθέμεθα,
732 3131 941 3202 μυρίων
970 3133 1139 3186 ὄντων
1162 3132 1255 3186 καὶ⁴
1287 3134 1544 3188 ἐπέκεινα
1566 3134 1675 3188 τῶν
1699 3135 1898 3205 ὁμοίων

1999 1946 2096 2002 per
2119 1931 2467 1988 Divinitatem
2499 1934 2671 2002 gratia
2723 1941 2827 1999 est,
2859 1949 3021 2003 quam
3071 1933 3139 1989 iis
3184 1933 3438 1987 omnibus
3468 1935 3562 2003 qui

1997 2024 2146 2095 digni
2189 2032 2368 2088 erant,
2415 2025 2697 2096 impertiit.
2729 2025 2805 2080 lta
2839 2024 3020 2082 Patris
3056 2034 3313 2097 aspectus
3358 2026 3566 2081 unicui-

1997 2130 2104 2185 que
2144 2117 2445 2184 permissus
2493 2126 2595 2179 est,
2632 2125 2894 2186 quantum
2933 2133 3120 2172 vocem
3157 2119 3304 2173 illius
3352 2118 3564 2182 audire,

1997 2222 2060 2261 ac
2094 2214 2255 2277 prout
2285 2223 2480 2278 capere
2516 2216 2725 2277 poterat
2751 2226 2765 2273 ;
2793 2217 2853 2262 ut
2891 2224 3012 2262 cum
3037 2225 3133 2279 per
3161 2210 3358 2264 Isaiam
3391 2210 3463 2264 ita
3489 2210 3566 2264 lo-

1997 2299 2187 2366 quitur
2229 2317 2240 2351 :
2279 2297 2414 2352 Ecce
2458 2299 2709 2369 intelliget
2756 2300 2894 2352 Puer
2928 2318 3072 2355 meus
3120 2305 3400 2368 dilectus’,
3447 2319 3568 2375 qua:

1998 2387 2176 2444 Patris
2211 2390 2384 2461 ipsius
2424 2393 2586 2446 verba
2635 2402 2782 2447 sunt.
2817 2393 2904 2446 Sic
2938 2393 3123 2447 Daniel
3159 2393 3456 2465 Antiquum
3503 2398 3568 2450 il-

1999 2481 2112 2535 lum
2163 2481 2374 2537 dierum
2421 2482 2594 2537 vidit‘
2627 2501 2640 2538 :
2672 2483 2819 2554 quod
2850 2484 3025 2539 visum
3060 2483 3239 2541 Palris
3285 2489 3567 2557 proprium

1998 2572 2121 2628 fuit.
2161 2573 2468 2639 Quinetiam
2521 2577 2662 2646 apud
2705 2577 2869 2630 alium
2915 2577 3252 2648 pmphetam,
3309 2577 3442 2648 Ego,
3486 2579 3568 2632 iu-

2000 2667 2138 2737 qttit,
2167 2667 2392 2722 visiones
2428 2668 2799 2738 multiplicari,
2845 2679 2894 2724 et
2929 2671 3167 2724 manibus
3195 2671 3569 2740 prophetarum

2000 2757 2332 2813 assimilatas
2369 2776 2487 2813 sum
2508 2760 2552 2822 ⁸,
2600 2776 2662 2815 ea
2694 2777 2797 2815 vox
2843 2771 2928 2816 est
2966 2761 3086 2816 Filii
3116 2763 3356 2833 pr0pria.
3406 2763 3566 2834 Apud

1999 2845 2337 2902 Ezechielem
2364 2862 2512 2913 vero,
2534 2845 2600 2900 Et
2643 2849 2924 2917 assumpsit
2965 2866 3068 2912 me,
3101 2851 3302 2920 inquit,
3327 2851 3561 2920 Spiritus

2000 2937 2118 3005 Dei,
2164 2946 2212 2992 et
2243 2938 2393 3006 ejecit
2437 2954 2517 2991 me
2544 2939 2598 2992 in
2650 2939 2933 3008 campum“
2965 2957 2978 2994 :
3012 2940 3154 3008 quod
3195 2941 3262 2995 ad
3298 2941 3562 3011 Spiritum

2001 3039 2250 3085 sanctum
2308 3030 2566 3101 pertinet.
2623 3029 2904 3098 Ejusmodi
2957 3032 3061 3085 alia
3110 3030 3342 3102 proferri
3400 3049 3563 3103 quam

2002 3122 2237 3191 plurima
2279 3129 2546 3190 possunt,
2580 3138 2611 3176 e
2651 3123 2850 3192 quibus
2889 3137 3062 3192 pauca
3103 3124 3347 3193 qua‘dam
3390 3124 3570 3180 obiter

322 3224 530 3276 τούτων
559 3225 616 3275 ὲν
642 3226 761 3286 ταῖς
799 3223 974 3288 θείαις
1007 3229 1246 3295 γραφαῖς
1278 3227 1518 3290 Παλαιᾶς
1545 3244 1603 3279 τε
1639 3229 1734 3280 καὶ
1762 3229 1895 3280 Και-

1999 3212 2408 3283 proposuimus.
2461 3213 2639 3284 Atque
2695 3223 2752 3268 ut
2818 3215 3093 3284 propriam
3153 3214 3410 3269 Ecclesia!
3464 3215 3566 3269 for-

323 3315 425 3384 γῆς
452 3314 726 3385 Διαθήκης
770 3317 1178 3388 ἐμφερομένων.
1213 3317 1322 3370 Καὶ
1363 3318 1446 3370 ὅτι
1491 3317 1652 3381 αὐτὸς
1695 3315 1897 3387 Κύριος

324 3405 529 3461 ἔπλασε
558 3407 620 3460 τὸ
652 3406 812 3478 σῶμα
834 3406 912 3478 τῷ
958 3409 1147 3478 Ἀδὰμ,
1176 3409 1272 3462 καὶ
1313 3409 1636 3462 ἐνέπνευσεν
1664 3409 1722 3461 ἐν
1749 3407 1896 3478 αύτῷ

326 3497 498 3568 πνοὴν
530 3497 702 3568 ζωῆς,
752 3499 944 3562 κτίσας
994 3499 1142 3570 αὐτῷ
1185 3499 1362 3570 ψυχὴν
1411 3501 1625 3564 ζῶσαν,
1685 3500 1778 3554 καὶ
1817 3501 1897 3554 ὅτι

326 3585 489 3650 αὐτὸς
515 3586 710 3639 δέδωκε
737 3587 830 3640 τὸν
859 3589 1020 3658 νόμον
1042 3588 1119 3659 τῷ
1148 3591 1354 3660 Μωῡσῇ
1380 3590 1408 3642 ὀ
1435 3589 1567 3653 Θεὸς
1589 3590 1776 3661 Πατὴρ
1806 3589 1900 3642 καὶ

326 3673 457 3738 Υἱὸς
488 3677 584 3729 καὶ
622 3677 777 3744 ἅγιον
825 3679 1130 3750 Πνεῦμα,ἡ
1185 3680 1283 3746 μία
1305 3680 1536 3750 Θεότης·
1588 3681 1683 3734 καὶ
1717 3683 1799 3735 ὅτι
1848 3683 1898 3734 oi

333 3766 605 3837 προφῆται
633 3767 738 3820 ὑπὸ
761 3768 862 3838 τῆς
884 3769 1052 3839 αὐτῆς
1072 3769 1332 3840 Θεότητος
1363 3771 1772 3842 ἀπεστάλησανο
1803 3772 1899 3826 καὶ

324 3854 410 3907 ὅτι
435 3855 597 3920 αὐτὸς
624 3858 756 3927 ἡμῖν
777 3859 806 3908 ὁ
826 3857 979 3922 Θεὸς,
1001 3860 1030 3910 ὁ
1058 3859 1328 3912 Ἰουδαίων
1352 3877 1412 3911 τε
1434 3861 1528 3913 καὶ
1559 3862 1900 3931 Χριστιανῶν

325 3943 406 3998 ὢν
436 3946 588 4014 Θεὸς,
643 3948 928 4009 Ἰουδαίους
955 3967 1015 4002 τε
1062 3950 1298 4012 καλέσας
1330 3951 1410 4014 είς
1453 3950 1731 4004 δικαίωσιν
1774 3955 1901 4019 τοὺς

331 4037 409 4109 μὴ
438 4039 804 4110 ἀρνουμένους
835 4041 935 4112 τὴν
968 4042 1138 4112 αὐτὴν
1160 4042 1254 4095 τοῦ
1295 4043 1502 4113 Κυρίου
1536 4043 1693 4114 ἡμῶν
1726 4044 1900 4114 Ἰησοῦ

328 4128 672 4197 παρουσίαν,
720 4131 816 4182 καὶ
866 4132 1072 4194 πάντας
1129 4131 1393 4195 σώζοντος
1433 4134 1560 4195 τοὺς
1608 4133 1750 4185 κατὰ
1803 4134 1902 4204 τὴν

327 4217 588 4289 ἀληθινὴν
616 4220 778 4272 αὐτοῦ
801 4221 982 4274 πίστιν
1007 4222 1280 4292 βιοῦντας,
1306 4223 1400 4275 καὶ
1437 4223 1510 4293 μὴ
1540 4224 1904 4294 ἀρνουμένους

327 4308 430 4380 τὴν
466 4310 720 4380 ἀλήθειαν
743 4309 837 4364 τοῦ
872 4312 1225 4384 κηρύγματος
1265 4314 1364 4384 τῆς
1391 4313 1650 4384 ἀληθινῆς
1679 4314 1903 4382 εὐαγγε-

329 4399 490 4470 λικῆς
515 4401 679 4454 αὐτοῦ
712 4402 1081 4467 διδασκαλίας.
1104 4400 1276 4456 Ἦλθε
1317 4405 1448 4474 γὰρ,
1483 4401 1644 4476 ἦλθεν
1669 4407 1698 4457 ὁ
1731 4405 1903 4458 Μονο-

1995 3319 2141 3359 mam
2185 3318 2250 3358 ac
2287 3312 2447 3358 notas
2477 3304 2908 3366 ostenderemus,
2945 3305 3052 3358 duo
3082 3304 3252 3359 triave
3298 3305 3461 3359 verba
3515 3306 3571 3360 in

1998 3392 2238 3448 medium
2287 3393 2568 3448 attulimus
2611 3409 2676 3448 ex
2724 3393 2950 3447 inﬁnitis
2990 3394 3145 3457 locis,
3187 3410 3309 3465 qua:
3353 3395 3570 3450 illorum

1998 3485 2195 3540 similia
2231 3485 2283 3538 in
2332 3485 2623 3554 scripturis
2669 3492 2777 3537 tam
2809 3483 3018 3540 Veteris
3066 3501 3228 3554 quam
3271 3484 3404 3540 Novi
3435 3483 3573 3543 Tes-

1999 3575 2224 3629 tamcnti
2294 3575 2563 3646 leguntur.
2636 3575 2772 3628 lllttd
2829 3591 2960 3630 vero
3021 3578 3246 3646 insuper
3324 3577 3571 3632 Ecclesia

2000 3667 2329 3736 profitetur:
2363 3667 2653 3721 Dominum
2692 3668 2867 3739 ipsum
2912 3682 3113 3738 corpus
3157 3667 3364 3722 Adamo
3414 3669 3574 3723 fabri-

1999 3773 2176 3820 casse,
2218 3765 2271 3812 et
2301 3757 2602 3829 inspirasse
2633 3757 2708 3812 illi
2742 3759 2991 3828 spiritum
3021 3760 3204 3821 vitae’,
3232 3774 3356 3812 cum
3397 3759 3573 3815 viven-

2003 3859 2106 3903 tem
2139 3849 2187 3904 ei
2222 3859 2538 3918 prOcrearet
2576 3851 2836 3904 animam.
2864 3849 3002 3904 Tum
3052 3848 3223 3919 Moysi
3256 3851 3424 3918 legem
3468 3859 3574 3904 tra-

2001 3941 2202 3996 didisse
2232 3941 2398 3996 Deum
2437 3943 2614 4012 ipsum
2648 3943 2863 3997 Patrem
2896 3950 2949 3995 ct
2993 3939 3188 3995 Filium
3226 3950 3279 3995 et
3309 3939 3577 4012 Spiritum,

2002 4040 2279 4096 sanctum,
2318 4048 2438 4102 quae
2465 4041 2550 4087 est
2582 4048 2689 4087 una
2716 4033 3006 4089 Divinitas.
3039 4031 3242 4087 Deinde
3265 4032 3334 4086 ab
3382 4032 3570 4087 eadem

2003 4122 2294 4178 Divinitale
2364 4125 2656 4194 prophetas
2707 4138 2829 4177 esse
2888 4126 3106 4178 missos.
3147 4122 3228 4176 Ad
3277 4123 3428 4186 haec,
3484 4139 3571 4177 lih-

2003 4223 2176 4269 strum
2229 4218 2407 4286 ipsum
2458 4215 2650 4281 Deum,
2681 4215 2992 4270 Judteorum
3039 4231 3101 4269 ac
3135 4214 3572 4271 Christianorum

2002 4323 2123 4362 esse
2152 4307 2352 4373 Deum;
2383 4309 2477 4378 qui
2511 4307 2731 4363 Iudaeos
2773 4309 2839 4362 ad
2864 4307 3308 4377 justificationem
3354 4322 3450 4362 eos
3477 4323 3574 4361 vo-

2004 4400 2169 4464 cavit,
2206 4401 2299 4467 qui
2332 4399 2765 4454 incarnationem
2795 4399 2968 4466 ipsam
2999 4396 3212 4452 Domini
3240 4398 3415 4452 nostri
3443 4396 3573 4454 Jesu

329 4492 528 4562 γενής·
557 4493 651 4545 καὶ
685 4487 859 4556 δῦτως
906 4494 1018 4564 ἕχει
1046 4497 1079 4565 ἡ
1120 4497 1303 4566 μήτηρ
1332 4496 1488 4566 ἡμῶν
1531 4495 1846 4566 Ἐκκλησία,
1875 4497 1895 4548 ἑ

2005 4489 2205 4545 Christi
2234 4483 2576 4560 nequaquam
2607 4490 2975 4560 abnegarent;
3003 4490 3206 4558 quique
3234 4489 3355 4543 illos
3384 4503 3574 4544 omnes

330 4583 496 4653 λιμὴν
528 4585 555 4636 ὁ
587 4584 758 4648 εύδιος
793 4587 891 4655 τῆς
920 4587 1162 4656 εἰρήνης,
1198 4588 1230 4657 ἡ
1276 4587 1550 4656 εὐφρασία
1591 4589 1622 4657 ἡ
1667 4586 1902 4638 πνέουσα

330 4672 432 4742 τὴν
465 4673 665 4744 κύπριν
688 4674 830 4743 ’τῆς
867 4674 1133 4744 ἀμπέλου,
1161 4677 1254 4728 καὶ
1282 4675 1475 4746 βότρυν
1502 4675 1741 4744 φέρουσα
1771 4676 1902 4745 ἡμῖν

331 4765 434 4833 τῆς
465 4765 735 4831 εὐλογίας,
767 4766 862 4818 καὶ
893 4766 955 4818 τὺ
981 4766 1266 4819 λυσίπονον
1286 4769 1419 4836 ἡμῖν
1438 4767 1588 4836 πόμα
1622 4766 1744 4820 καθ’
1773 4764 1902 4818 ἑκά-

333 4872 468 4923 στην
509 4857 722 4926 ἡμέραν
773 4851 911 4928 αἷμα
969 4857 1208 4930 Χριστοῦ
1255 4857 1586 4928 χαριζομένη
1629 4857 1900 4928 ἄκρατον,

330 4945 552 5016 ἀληθές.

2009 4590 2210 4649 servat,
2257 4584 2349 4653 qui
2383 4599 2449 4637 ex
2482 4598 2626 4637 verte
2670 4585 2843 4653 ipsius
2889 4583 3011 4637 ﬁdei
3046 4585 3362 4654 prmscripto
3407 4585 3574 4638 vitam

2010 4673 2326 4737 instituunt,
2370 4687 2548 4742 neque
2584 4673 2813 4728 sincera:
2840 4681 2893 4727 et
2926 4674 3252 4744 evangelica:
3287 4674 3437 4726 illius
3475 4673 3573 4728 do-

2009 4765 2200 4819 ctrina:
2237 4765 2588 4834 praedicatum
2622 4765 2821 4834 ubique
2850 4763 3045 4834 dogma
3091 4773 3374 4834 respuunt.
3415 4761 3575 4819 Venit

2007 4859 2176 4920 enim,
2211 4860 2360 4914 venit
2394 4859 2740 4930 Unigcnitus,
2765 4861 2948 4931 itaque
2977 4871 3149 4915 mater
3178 4861 3420 4915 Ecclesia
3450 4877 3576 4929 pro-

2009 4951 2212 5013 titetur,
2245 4966 2366 5021 qum
2403 4953 2730 5022 tranquillus
2774 4954 2922 5022 pacis
2959 4962 3148 5023 portus
3199 4961 3315 5016 est,
3361 4959 3414 5005 et
3451 4968 3578 5006 sua-

333 5045 474 5100 vitas
513 5045 758 5114 quzedam
785 5044 914 5099 vitis
960 5059 1182 5115 cyprum
1229 5043 1500 5105 redolens,
1551 5049 1605 5098 et
1639 5030 1901 5096 botrum‘
1942 5043 2100 5097 nobis
2128 5043 2526 5101 benedictionis
2581 5046 2898 5115 proferens,
2953 5061 3161 5101 necnon
3227 5053 3280 5098 et
3333 5059 3574 5114 pra-sen-

333 5139 606 5193 tissimum
641 5135 771 5190 illud
800 5137 1160 5205 abstergendo
1188 5137 1407 5190 mmrori
1441 5143 1648 5205 potum,
1669 5151 1876 5190 merum
1899 5137 2188 5190 scilicetac
2215 5153 2401 5189 verum
2433 5137 2638 5192 Christi
2675 5138 2992 5208 sanguinem
3045 5137 3286 5205 quotidie
3316 5135 3571 5203 largiens.

403 5230 482 5283 IE'
521 5229 654 5299 (Π).
704 5230 826 5281 Ὅτι
874 5229 1142 5299 ἀληθινῶς
1191 5215 1454 5300 ⁴1ἐγεννήθη
1511 5228 1742 5298 Χριστὸς
1792 5230 1900 5282 ἀπὸ

329 5320 548 5392 Μαρίας
576 5322 674 5390 τῆς
713 5318 1092 5391 ἀειπαρθένου,
1146 5321 1324 5373 λαϐὼν
1369 5321 1430 5373 τὸ
1471 5320 1630 5391 σῶμα
1666 5322 1725 5373 ὲν
1765 5321 1900 5391 ἀληι

331 5412 475 5484 θείᾳ,
523 5414 618 5465 καὶ
662 5413 762 5466 οὐκ
807 5413 864 5466 ἐν
909 5412 1148 5482 δοκήσει,
1191 5414 1366 5484 σάρκα
1408 5413 1698 5484 ἀληθινῶς,
1741 5413 1898 5484 σῶμα

405 5571 421 5601 ¹
457 5587 548 5638 γρ.
587 5569 899 5637 κεκτῆσθαι.
1006 5569 1026 5598 ²
1070 5565 1128 5618 F.
1154 5567 1379 5637 κύπρον.

331 5637 354 5674 ⁷
386 5637 523 5694 Gen.
559 5641 699 5701 ",7.
773 5640 794 5670 ⁸
823 5639 982 5692 Cant.
1020 5655 1058 5701 ι,
1093 5639 1177 5691 15.

1492 5569 1512 5598 ³
1554 5565 1652 5620 lsa.
1680 5582 1776 5632 LII,
1809 5567 1896 5622 15.
1971 5569 1994 5599 ⁸
2029 5568 2162 5626 Dan.
2194 5589 2288 5637 vu,
2320 5574 2372 5627 9.

2079 5227 2290 5298 1097
2309 5227 2422 5283 XV.
2443 5227 2708 5285 Praeterea
2723 5231 3000 5284 Christum
3015 5244 3042 5282 e
3056 5227 3223 5281 Maria
3243 5242 3455 5295 semper
3471 5229 3575 5280 vir-

2006 5319 2131 5388 gine
2157 5335 2344 5375 revera
2369 5331 2555 5375 natum
2583 5337 2706 5376 esse
2741 5321 2936 5383 credit,
2957 5335 3019 5372 ac
3038 5320 3218 5386 reipsa
3241 5333 3443 5387 corpus
3467 5334 3574 5370 non

2010 5416 2194 5485 specie
2220 5415 2484 5470 duntaxat
2518 5417 2781 5479 induisse,
2815 5429 3058 5478 carnem,
3093 5415 3334 5482 inquam,
3368 5426 3574 5474 veram,

2461 5573 2480 5602 '
2513 5571 2636 5626 Ose.
2671 5588 2768 5634 xu,
2809 5571 2895 5625 10.
2987 5572 3007 5601 ⁶
3042 5569 3454 5635 Ezecli.ttt,12,
3482 5567 3572 5622 2‘2.

403 5755 520 5826 (77)
557 5754 983 5810 Prmtermissam
1025 5754 1096 5808 ibi
1133 5764 1239 5806 tam
1285 5770 1312 5805 τι
1363 5753 1616 5820 Petavii),
1664 5771 1826 5826 quam
1869 5770 1898 5808 a
1939 5745 2256 5816 Tlromasio,
2282 5755 2619 5807 numericam
2655 5762 2838 5808 notam
2870 5768 2935 5805 xv
2970 5750 3333 5808 restituimus.

656 5847 928 5908 PATROL.
975 5847 1092 5907 Gn.
1131 5847 1320 5906 XLII.

3262 5840 3341 5898 26
