3986 6224
436 377 534 430 SH

1852 365 2288 454 S.\EPIPII.\N|I

3559 359 3670 417 812

419 502 741 559 corpusque
779 500 961 540 verum
1009 499 1128 539 cum
1161 483 1380 538 ossibus
1409 497 1474 537 ac
1513 483 1692 542 nervis
1754 483 2003 551 reliquis-

2113 481 2374 552 ἀληθινῶς
2398 481 2490 534 σὺν
2521 478 2724 542 ὀστέοις
2748 477 2838 531 καὶ
2870 476 3079 545 νεύροις
3109 477 3200 531 καὶ
3230 477 3360 530 πᾶσι
3391 475 3506 537 τοῖς
3535 477 3674 544 ἡμε-

435 597 705 651 qne,qucc
736 580 891 632 nobis
939 579 1126 632 insunt
1169 579 1443 638 ouillibus,
1478 576 1614 630 nihil
1659 583 1716 628 ut
1762 591 1790 628 a
1842 577 2000 630 nobis

435 677 592 744 ipsis.
629 683 987 742 przrterquam
1009 670 1294 726 excellenti
1324 669 1558 739 quadam
1600 669 1907 722 sanctitatis
1937 684 1999 722 ac

435 768 735 822 divinitatis
763 765 934 834 gloria
964 763 1254 832 discrepet,
1294 771 1404 816 tum
1433 761 1577 832 quod
1605 761 1910 816 sanctitatis
1937 775 2000 816 ac.

429 862 656 932 iustitia:
705 875 800 914 vas
837 859 928 912 sit.
964 857 1134 911 l-labet
1167 865 1345 909 autem
1395 853 1574 906 omnia
1607 851 2000 922 perfectissime

433 955 571 1008 citra
617 959 919 1020 peccatum.
967 947 1148 1013 Quare
1194 945 1428 1000 humana
1467 957 1654 998 revera
1696 949 1780 996 est
1821 942 2000 994 anima

431 1041 716 1112 praeditus,
765 1037 1113 1103 humanaque
1165 1039 1343 1087 mente
1375 1050 1385 1084 :
1423 1047 1531 1085 non
1567 1031 1714 1100 quod
1761 1039 1998 1083 mentem

435 1131 753 1204 hypostasin
793 1143 915 1184 esse
952 1129 1220 1190 dicamus,
1273 1136 1330 1180 ut
1367 1124 1636 1178 afﬁrmant
1669 1123 1781 1176 alii.
1827 1121 2000 1176 Caete-

432 1240 554 1278 rmu
581 1220 727 1275 nulla
751 1217 954 1288 peccati
973 1217 1306 1286 contagione
1333 1213 1568 1268 fcedatus
1589 1219 1692 1274 est,
1721 1225 1998 1279 nunquam

435 1333 498 1370 os
538 1316 684 1369 illius
723 1311 1006 1366 mentitum
1049 1318 1153 1368 est,
1205 1321 1380 1376 neque
1424 1306 1568 1360 labia
1602 1304 1784 1358 dolum
1821 1303 1999 1366 locuta

435 1406 631 1466 sunt‘,
679 1417 774 1456 cor
821 1399 888 1453 ad
935 1398 1258 1452 irritandum
1313 1395 1476 1449 Deum
1527 1409 1634 1446 non
1673 1393 1998 1452 declinavit,

434 1515 589 1554 mens
613 1498 676 1551 ad
711 1512 794 1559 ea,
824 1510 944 1564 quae
973 1491 1127 1546 nefas
1162 1499 1264 1554 est,
1293 1505 1398 1544 non
1440 1486 1676 1551 deﬂexit,
1707 1501 1836 1540 caro
1867 1483 2000 1536 nihil

435 1605 649 1650 ρθΓιιιιι,
685 1603 806 1657 qua:
828 1587 892 1640 ad
924 1585 1106 1639 carnis
1131 1583 1456 1650 voluptatem
1491 1578 1781 1648 pertinent,
1827 1575 2000 1630 admi-

435 1684 506 1734 sit
537 1700 549 1734 :
587 1679 726 1734 Deus
758 1680 825 1732 ab
853 1685 1056 1731 aeterno
1091 1675 1400 1746 perfectus;
1441 1672 1532 1741 qui
1570 1685 1701 1734 non,
1739 1677 1798 1722 ut
1824 1669 1878 1722 in
1909 1669 2002 1722 ho-

435 1772 578 1825 mine
600 1770 888 1831 habitaret,
931 1765 1166 1828 advenit,
1199 1763 1292 1818 sed
1321 1761 1556 1816 Verbum
1590 1760 1764 1829 ipsum
1825 1756 1998 1810 homi-

435 1872 558 1910 nem
600 1854 798 1915 induit,
831 1867 938 1906 non
985 1857 1177 1904 natura
1226 1857 1514 1910 mutatum,
1559 1828 1652 1900 sed
1699 1859 1852 1906 eam,
1882 1857 2002 1911 quae
2033 1828 2074 1884 Β

421 1945 674 2000 hominis
705 1943 923 2014 propria
953 1949 1058 2004 est,
1086 1956 1210 1995 cum
1239 1940 1520 1994 divinitate
1552 1936 1913 2006 complexum.
1945 1933 2000 1986 lu

435 2035 664 2106 virginis
689 2042 846 2088 utero
868 2046 1054 2086 revera
1084 2031 1318 2100 genitus.
1350 2043 1414 2084 ac
1445 2043 1539 2097 per
1562 2025 1828 2096 genitales
1854 2038 2002 2076 mea-

435 2133 524 2178 tus
566 2124 618 2176 iu
650 2123 823 2175 lucem
855 2120 1055 2178 editus.
1085 2119 1204 2174 sine
1232 2117 1338 2171 ulla
1376 2114 1728 2184 turpitudine,
1760 2111 2003 2166 fmditate

437 2211 520 2265 vel
562 2207 858 2264 lahe.'Post
897 2207 1010 2260 [nec
1051 2204 1334 2268 educatus,
1372 2209 1534 2270 atque
1574 2213 1604 2252 a
1654 2200 1921 2270 Symeone
1949 2203 2004 2250 et

433 2305 592 2354 Anna
649 2299 705 2353 in
763 2299 906 2353 ulnis
951 2303 1216 2368 gestatus,
1280 2309 1312 2348 a
1366 2291 1536 2346 Maria
1584 2297 1852 2360 portatus,
1903 2286 2004 2340 iter

429 2397 624 2460 postea
657 2387 886 2458 pedibus
925 2384 1181 2448 confecit,
1214 2381 1594 2452 peregrinatus
1630 2385 1735 2442 est,
1768 2375 1836 2430 ad
1867 2391 2004 2446 .pue-

433 2481 614 2532 ritiam
655 2477 920 2547 pervenit,
944 2483 1100 2528 aetate
1127 2473 1515 2526 corroboratus
1548 2478 1652 2534 est,
1682 2468 1920 2521 humana
1949 2467 2004 2519 in

435 2587 495 2627 se
525 2573 707 2627 omnia
741 2569 978 2641 perfecte
1010 2567 1218 2632 habuit,
1251 2571 1518 2619 annorum
1554 2575 1782 2616 numero
1805 2574 2005 2614 census

436 2671 544 2726 est,
594 2675 820 2715 numero
866 2657 1136 2713 mensium
1181 2657 1237 2710 in
1273 2652 1604 2725 praegnantis
1631 2660 1788 2704 utero
1826 2658 2006 2718 gesta—

437 2766 547 2818 tus,
569 2753 768 2820 factus
787 2767 853 2827 ex
881 2749 1128 2810 muliere,
1159 2747 1332 2802 factus
1365 2747 1467 2800 sub
1501 2745 1677 2815 lege‘.
1709 2741 1912 2798 Deinde
1938 2739 2006 2794 ad

436 2841 1039 2913 .iordanemprofcctus
1068 2848 1173 2898 est.
1207 2831 1515 2906 ibidemque
1538 2850 1566 2888 a
1591 2833 1800 2888 Joanne
1831 2833 2006 2902 bapti-

437 2947 614 2998 zatus,
656 2949 778 2990 cum
829 2933 1031 2988 lotione
1075 2931 1209 2985 nihil
1241 2928 1620 3000 opushaherct
1651 2945 1666 2981 :
1701 2924 1796 2981 sed
1828 2933 1884 2978 ut
1918 2938 2001 2988 ea,

437 3047 558 3102 qua:
599 3035 866 3097 susceptae
909 3024 1150 3080 hominis
1203 3030 1410 3078 natura:
1451 3027 1818 3074 consentanea
1853 3023 2004 3077 sunt,

440 3130 702 3184 servaret,
729 3119 956 3192 justitite
997 3119 1168 3186 legem
1206 3113 1528 3185 perturbare
1575 3109 1772 3188 noluit,
1812 3117 1868 3163 ut
1905 3109 2006 3162 im-

441 3218 699 3286 pleretur,
743 3209 1202 3283 quemadmodum
1257 3207 1373 3275 ipse
1426 3204 1588 3267 dicit,
1626 3202 1806 3257 omnis
1847 3200 2009 3270 justi-

443 3306 582 3371 tia’,
633 3314 794 3374 atque
834 3316 1016 3354 veram
1063 3315 1092 3352 a
1143 3313 1202 3354 se
1233 3311 1454 3352 carnem
1489 3309 1782 3364 veramque
1823 3293 2002 3346 homi-

435 3397 528 3450 nis
568 3402 815 3448 naturam
861 3397 1170 3458 susceptam
1203 3401 1324 3441 esse
1359 3392 1711 3440 monstraret.
1743 3382 1909 3453 Igitur
1935 3382 2004 3435 ad

445 3502 616 3559 aquas
663 3481 975 3545 descendit,
1029 3482 1102 3532 ita
1149 3486 1330 3531 tamen
1379 3485 1438 3530 ut
1487 3473 1760 3529 conferret
1803 3473 2004 3542 aliquid

433 3583 626 3652 potius
665 3593 827 3648 quam
861 3573 1174 3643 acciperet,
1203 3569 1492 3640 largiretur
1532 3566 1707 3636 magis
1739 3581 1900 3636 quam
1933 3565 2010 3619 rei

445 3671 751 3742 cujuspiam
799 3666 1112 3734 indigeret:
1153 3663 1352 3732 quippe
1403 3662 1618 3716 easdem
1670 3660 1788 3712 illas
1839 3673 2010 3728 aquas

445 3781 544 3820 sua
591 3765 711 3816 luce
767 3755 1127 3821 collustravit,
1151 3761 1205 3808 et
1243 3751 1310 3806 ad
1356 3765 1568 3815 eorum,
1614 3765 1736 3820 quae
1787 3749 1840 3802 in
1889 3763 2010 3804 sese

437 3852 773 3927 perficienda
805 3858 981 3914 erant,
1021 3844 1450 3901 adumbrandam
1477 3843 1787 3912 imaginem,
1819 3856 2010 3912 quam-

444 3948 568 4001 dam
603 3944 712 3998 vim
753 3940 860 3996 illis
907 3936 1190 4008 impertiit,
1220 3940 1280 3988 ut
1314 3933 1406 4002 qui
1447 3933 1550 4000 ipsi
1589 3945 1775 3985 revera
1823 3929 2013 3984 crede-

447 4037 568 4095 rent
611 4051 676 4091 ac
717 4035 962 4091 veritatis
987 4037 1170 4086 essent
1217 4028 1318 4082 fide
1351 4025 1584 4096 praediti,
1629 4025 2012 4094 intelligerent,

447 4147 556 4186 non
595 4131 746 4185 illum
783 4125 904 4182 ficte
929 4124 1222 4178 humanam
1249 4115 1494 4174 induisse
1511 4123 1794 4178 naturam,
1829 4128 2016 4184 neque

447 4226 572 4276 ticte
602 4235 725 4276 esse
761 4216 918 4288 aquis
950 4214 1276 4276 intinctum;
1337 4209 1634 4277 eademque
1684 4215 1739 4260 et
1785 4205 1887 4275 ipsi
1936 4222 2014 4259 ra-

2101 574 2300 646 τέροις,
2349 573 2513 644 μηδὲν
2552 571 2642 641 ἀφ’
2681 572 2838 642 ἡμῶν
2884 570 3290 640 διηλλαγμένος,
3333 568 3367 640 ἢ
3420 568 3582 638 μόνον
3613 568 3672 622 τὸ

2101 665 2308 730 ἔνδοξον
2371 665 2468 734 τῆς
2523 662 2687 716 αὐτοῦ
2741 662 3028 730 ἁγιότητος
3087 662 3182 714 καὶ
3237 659 3520 728 θεότητος,
3581 661 3677 711 xa‘t

2103 754 2328 816 σκεύους
2363 752 2669 822 ἁγιωσύνης
2701 753 2795 806 καὶ
2838 751 3197 822 δικαιοσύνης,
3231 752 3326 810 καὶ
3353 751 3678 820 ἀναμαρτή-

2101 864 2208 910 τως
2231 845 2301 898 τὰ
2321 845 2498 900 πάντα
2523 845 2742 908 τελείως
2779 844 2938 914 ἔχων,
2965 846 3057 898 καὶ
3089 843 3337 914 ἐσχηκὼς
3369 842 3546 913 ψυχὴν
3577 841 3678 911 τὴν

2101 937 2448 1008 ἀνθρωπίνην
2474 938 2530 988 ἐν
2561 935 2808 1006 ἀληθείᾳ,
2831 935 2956 988 νοῦν
2979 938 3069 988 τὸν
3099 933 3438 1004 ἀνθρώπινον
3468 935 3526 986 ἐν
3547 932 3678 1002 ἁλη-

2103 1029 2242 1100 θείᾳ,
2279 1029 2376 1098 οὐχ
2417 1029 2492 1091 ὡς
2524 1027 2680 1098 ἡμῶν
2719 1025 3211 1096 διαϐεϐαιουμένων
3249 1025 3340 1078 τὸν
3383 1023 3510 1076 νοῦν
3539 1018 3678 1076 εἶναι

2103 1123 2420 1183 ὑπόστασιν,
2461 1118 2646 1182 καθὼς
2685 1118 2833 1172 ἄλλοι
2877 1117 3114 1184 λέγουσι.
3164 1116 3246 1169 Τά
3287 1117 3466 1170 πάντα
3501 1113 3560 1168 δὲ

2101 1212 2402 1284 χραιθέντα
2431 1213 2488 1266 ὲν
2523 1209 2789 1282 ἁμαρτίᾳ,
2815 1209 2988 1279 στόμα
3021 1207 3094 1278 μὴ
3127 1207 3488 1277 ψευσάμενον,
3523 1205 3676 1274 χείλη

2105 1306 2178 1374 μὴ
2209 1305 2516 1374 λαλήσαντα
2547 1303 2716 1367 δόλον,
2751 1299 2978 1371 καρδίαν
3021 1299 3095 1370 μὴ
3141 1299 3402 1352 κλίνασαν
3432 1299 3514 1360 εἰς
3556 1299 3678 1366 ἐρε-

2103 1395 2318 1466 θισμδν,
2358 1393 2483 1448 νοῦν
2516 1393 2589 1464 μὴ
2641 1392 2981 1463 ἐκτραπέντα
3019 1393 3099 1454 εἰς
3132 1389 3167 1442 δι
3209 1391 3284 1460 μὴ
3333 1389 3461 1462 χρὴ,
3501 1389 3679 1460 σάρκα

2105 1487 2178 1558 μὴ
2203 1487 2270 1540 τὰ
2316 1486 2518 1556 σαρκὸς
2554 1484 2746 1556 ἡδονῆς
2783 1482 3192 1554 ἐργασαμένην.
3233 1481 3448 1542 Τέλειος
3475 1478 3679 1532 ἄνωθεν

2101 1574 2254 1640 Θεὸς,
2284 1575 2382 1626 οὐκ
2407 1571 2574 1626 ἐλθὼν
2605 1572 2928 1642 κατοικῆσαι
2957 1573 3016 1622 ὲν
3051 1569 3344 1642 ἀνθρώπῳ,
3373 1567 3490 1620 ἀλλ’
3519 1567 3678 1628 αὐτὸς

2099 1669 2129 1720 ὁ
2162 1665 2333 1734 Λόγος
2357 1651 2800 1736 ὲνανθρωπήσας,
2837 1663 2896 1715 οὐ
2931 1663 3161 1732 τραπεὶς
3195 1661 3294 1732 τὴν
3323 1661 3510 1728 φύσιν,
3541 1677 3678 1729 συμ-

2103 1755 2468 1827 περιειληφὼς
2494 1755 2608 1825 ἅμα
2635 1757 2700 1826 τῇ
2729 1753 2942 1822 θεότητι
2963 1754 3061 1824 τὴν
3089 1753 3222 1806 ἰδίαν
3247 1749 3678 1822 ὲνανθρὼπησιν.
3753 1749 3762 1754 ’

2120 1849 2204 1901 Ἐν
2237 1849 2420 1919 μήτρᾳ
2462 1845 2732 1918 παρθένου
2763 1845 2999 1914 γεγονὼς
3033 1848 3090 1898 ὲν
3119 1843 3364 1914 ἀληθείᾳ,
3409 1859 3679 1912 κυοφορη-

2110 1937 2224 2001 θεὶς
2257 1937 2344 1990 διὰ
2383 1935 2714 2007 γεννητικῶν
2763 1936 2943 2006 πόρων
2981 1935 3442 2005 ἀννεπαισχύντως,
3477 1933 3680 2005 ἀκράν-

2101 2045 2240 2092 τως,
2291 2027 2628 2097 ὰμολύντως.
2673 2027 3030 2097 ’Λνατραφεὶς
3056 2067 3070 2088 ,
3124 2027 3218 2078 καὶ
3271 2024 3680 2093 ὲναγκαλισθε¹ις

2105 2120 2208 2175 ὑπὸ
2235 2137 2293 2172 τε
2337 2119 2624 2190 Συμεῶνος
2667 2120 2761 2172 καὶ
2790 2120 3008 2188 Ἀννης,
3061 2117 3386 2188 βασταχθείς
3415 2116 3522 2170 ὑπδ
3557 2116 3680 2170 Μα-

2108 2214 2247 2285 ρίας,
2273 2212 2560 2276 πεζεύσας,
2577 2211 2952 2282 ὁδοιπορήσας,
2983 2211 3194 2264 παιδίον
3216 2209 3474 2279 γεγονὼς,
3491 2208 3684 2279 ἀδρυν-

2105 2305 2218 2369 θεὶς
2241 2307 2306 2376 τῇ
2342 2304 2544 2375 ἡλικίᾳ,
2583 2305 2654 2357 τὰ
2702 2303 2880 2356 πάντα
2917 2303 3056 2372 ἔχων
3087 2305 3144 2356 ἐν
3175 2300 3352 2372 ἑαυτῷ
3391 2303 3450 2353 ὲν
3483 2300 3684 2352 τελειό·

2104 2413 2245 2467 τητι,
2277 2398 2332 2448 ὲν
2361 2394 2578 2466 ἀριθμῴ
2609 2393 2744 2447 ἑτῶν
2777 2392 2890 2463 (78)
2917 2391 3211 2460 λογισθεὶς,
3246 2393 3305 2445 ὲν
3337 2391 3556 2464 ἀριθμῷ
3581 2408 3684 2461 μη-

2105 2487 2211 2540 νῶν
2246 2488 2304 2539 ὲν
2355 2486 2536 2556 κοιλίᾳ.
2583 2486 2959 2555 κυοφορηθεὶς,
3001 2484 3290 2554 γενόμενος
3337 2484 3442 2537 em
3497 2484 3678 2552 νόμον,

2105 2575 2273 2629 ἐλθὼν
2311 2578 2403 2628 ἐπὶ
2452 2576 2544 2628 τὸν
2589 2575 2882 2646 Ἰορδάνην,
2921 2575 3242 2643 βαπτισθεὶς
3283 2575 3390 2628 ὑπὸ
3433 2574 3682 2628 Ἰωάννου

2106 2670 2206 2724 οῦκ
2235 2667 2579 2736 ὲπιδεόμενος
2621 2667 2864 2738 λουτρῶν
2887 2683 2900 2696 ·
2930 2667 3020 2720 διά
3053 2685 3112 2720 τε
3143 2666 3203 2720 τὺ
3247 2665 3542 2723 ἀκόλουθον
3583 2664 3682 2735 τῆς

2107 2760 2164 2812 ὲν
2206 2759 2356 2828 νόμῳ
2401 2757 2867 2828 ὲνανθρωπήσεως
2915 2757 2990 2829 μὴ
3035 2758 3324 2830 ταράσσων
3365 2756 3426 2810 τὸ
3455 2755 3682 2816 δίκαιον,

2107 2851 2252 2913 ὅπως
2287 2848 2570 2920 πληρωθῇ,
2601 2849 2676 2910 ὡς
2708 2849 2870 2912 αὐτὸς
2895 2849 3020 2920 ἔφη,
3051 2851 3200 2902 πᾶσα
3231 2847 3576 2916 δικαιοσύνη,
3599 2847 3683 2899 ἵνα

2107 2939 2254 3012 δείξῃ
2284 2939 2364 2992 ὅτι
2392 2936 2652 3008 ἀληθινὴν
2683 2937 2862 3008 σάρκα
2905 2937 3210 3000 ἐνεδύσατο,
3247 2935 3506 3006 ἀληθινὴν
3534 2939 3686 2988 ἐναν-

2108 3031 2408 3103 θρώπησιν.
2450 3029 2863 3099 Κατερχόμενος
2897 3029 2978 3091 είς
3009 3029 3078 3082 τὰ
3110 3027 3296 3092 ῦδατα,
3335 3027 3512 3090 διδοὺς
3543 3029 3684 3098 quae

2109 3121 2418 3192 λαμϐάνων,
2451 3120 2898 3190 παρερχόμενοςἰ
2930 3120 3076 3190 ἥπερ
3107 3119 3479 3188 ὲπιδεόμενος,
3527 3121 3688 3187 φωτε-

2110 3209 2216 3276 ζων
2243 3211 2401 3274 αὐτὰ,
2436 3209 2748 3280 ἐνδυναμῶν
2777 3209 2916 3262 αὑτά
2943 3212 3024 3271 εἰς
3054 3209 3221 3263 τύπον
3249 3209 3355 3262 τῶν
3385 3208 3689 3279 μελλόντων

2111 3305 2169 3356 ὲν
2201 3301 2349 3372 αύτῷ
2390 3299 2746 3365 τελειοῦσθαι,
2775 3301 2922 3364 ὅπως
2973 3301 3023 3353 οἱ
3068 3299 3215 3372 αὐτῷ
3235 3367 3247 3372 Α
3269 3299 3688 3362 πεπιστευκότες

2111 3397 2170 3448 ὲν
2205 3367 2449 3465 ἀληθείᾳ,
2493 3395 2587 3446 καί¹
2631 3392 2844 3462 ἔχοντες
2875 3394 2974 3466 τὴν
3029 3367 3212 3446 πίστιν
3231 3367 3363 3464 ’τῆς
3411 3391 3688 3462 ἀληθείας,

2119 3487 2359 3560 μάθωσιν
2388 3490 2471 3541 ὅτι
2500 3486 2767 3557 ἀληθινῶς
2795 3487 3236 3560 ἐνηνθρὼπησεν,
3271 3488 3538 3559 ἀληθινῶς
3563 3489 3690 3540 ἐϐα-

2118 3577 2337 3648 πτίσθη,
2374 3579 2468 3632 καὶ
2490 3577 2660 3642 οὕτως
2692 3579 2779 3632 διὰ
2807 3579 2904 3648 τῆς
2929 3578 3091 3634 αὐτοῦ
3127 3577 3579 3647 συγκαταθέσεως
3600 3581 3694 3630 καὶ

2116 3669 2269 3722 αὐτοὶ
2303 3670 2607 3740 ἐρχόμενοι,
2639 3671 2845 3724 λάϐωσι
2882 3671 2983 3740 τῆς
3011 3671 3174 3726 αὑτοῦ
3213 3671 3567 3734 καταϐάσεως
3595 3672 3694 3741 τὴν

2115 3759 2361 3830 δύναμιν,
2387 3761 2480 3814 καὶ
2503 3761 2845 3831 φωτισθῶσιν
2869 3763 2976 3816 ἀπὸ
2997 3763 3096 3833 τῆς
3119 3763 3284 3817 αὑτοῦ
3307 3763 3691 3834 φωταγωγίας,

2119 3852 2493 3924 πληρουμένου
2527 3853 2622 3906 τοῦ
2653 3854 2712 3907 ἐν
2741 3853 2818 3924 τῷ
2854 3857 3110 3929 προφήτῃ
3139 3856 3306 3928 ῥητοῦ
3331 3873 3346 3888 ο
3373 3857 3470 3919 Εἰς
3501 3856 3696 3926 μεταλ-

2120 3944 2291 4014 λαγὴν
2313 3944 2612 4016 δυνάμεως,
2627 3947 2706 4010 είς
2730 3947 2973 4018 παροχὴν
2987 3951 3262 4020 σωτηρίας
3283 3949 3379 4018 τῆς
3389 3949 3692 4018 δυνάμεως.

2121 4034 2201 4096 εἰς
2233 4033 2480 4105 παροχὴν
2513 4037 2785 4106 σωτηρίας
2815 4037 2913 4108 τῆς
2943 4038 3222 4109 δυνάμεως
3265 4038 3359 4092 τοῦ
3397 4040 3564 4110 ἄρτου
3589 4039 3698 4093 ἀπὸ

2120 4127 2219 4196 τῆς
2259 4125 2612 4199 Ἰερουσαλὴμ
2647 4128 3083 4202 λαμϐανομένης,
3115 4133 3210 4185 καὶ
3251 4131 3349 4202 τῆς
3391 4131 3574 4203 ἰσχύος
3601 4131 3694 4184 τοῦ

2122 4214 2331 4280 ὕδατος.

449 4319 595 4371 tione
621 4331 716 4384 per
761 4327 904 4378 eam,
937 4326 1097 4381 quam
1123 4309 1213 4363 ille
1241 4321 1350 4378 pra:
1379 4321 1437 4361 se
1463 4305 1680 4380 tulerat,
1709 4308 2262 4364 accommodationem
2288 4312 2632 4380 accedentes,
2669 4314 2884 4386 1098
2916 4315 3144 4370 inditam
3174 4316 3320 4373 illius
3341 4317 3696 4374 descensione

453 4411 558 4463 vim
615 4409 670 4462 in
737 4421 860 4462 sese
922 4403 1257 4457 transferant
1301 4398 1653 4468 ejusdemque
1720 4397 1839 4452 luce
1891 4399 2323 4468 per-fundantur,
2386 4419 2496 4475 quo
2565 4407 2942 4476 propheticum
2984 4408 3274 4478 impleatur
3331 4409 3614 4464 oraculum
3679 4429 3692 4464 :

453 4501 532 4555 Ad
561 4497 949 4554 immutandam
999 4495 1258 4548 virtutem
1305 4493 1810 4562 conciliandamque
1856 4494 2086 4550 salutem
2127 4511 2192 4550 ex
2226 4499 2316 4550 illa
2358 4501 2516 4568 panis
2549 4500 2769 4567 virtute,
2793 4518 2914 4572 qua:
2942 4502 3010 4557 ab
3037 4501 3376 4559 Hierusalem
3407 4505 3691 4575 accipitur,

456 4606 831 4663 aquarumque
869 4590 942 4642 vi.

523 4685 664 4742 XV'l.
732 4685 831 4740 llic
876 4686 1020 4740 enim
1069 4686 1121 4738 in
1169 4684 1391 4740 Christo
1436 4686 1590 4754 panis
1633 4683 1806 4739 virtus
1839 4699 1904 4740 ac
1935 4685 2018 4739 vis
2051 4690 2095 4746 Ι)

453 4797 612 4853 aqua:
632 4778 1040 4843 corroboratur,
1067 4785 1126 4831 ut
1153 4792 1261 4831 non
1294 4777 1451 4846 panis
1475 4778 1590 4845 ipse
1621 4776 1692 4830 sit
1722 4777 1882 4832 nobis
1908 4777 2020 4831 vir-

451 4886 572 4941 tus,
609 4876 704 4931 sed
745 4872 918 4926 virtus
951 4886 982 4924 a
1029 4885 1167 4940 pane
1213 4869 1476 4936 profecta.
1502 4867 1584 4923 Ac
1607 4868 1764 4924 cibus
1801 4869 2024 4939 quidem

457 4977 646 5026 noster
675 4966 834 5039 panis
857 4973 964 5028 est,
995 4964 1090 5019 sed
1121 4964 1176 5016 in
1205 4963 1324 5032 ipso
1352 4962 1535 5018 vitalis
1569 4962 1815 5032 quaedam
1847 4963 2024 5020 virtus

445 5061 788 5116 continetur.
817 5057 1002 5126 Neque
1025 5055 1086 5110 .id
1120 5055 1294 5110 solum
1326 5062 1504 5110 actum
1532 5062 1638 5120 est,
1678 5062 1738 5110 ut
1765 5071 1866 5111 nos
1883 5071 2026 5126 aqua

457 5155 796 5220 repurgaret,
827 5147 920 5202 sed
949 5158 1004 5200 ut
1026 5161 1180 5214 aqua:
1207 5146 1256 5199 τι
1285 5161 1379 5216 per
1411 5145 1566 5200 ﬁdem
1599 5153 1654 5200 et
1684 5148 1953 5203 actionem
1971 5155 2026 5202 et

453 5256 608 5310 spem
643 5255 706 5293 ac
755 5238 1138 5310 mysteriorum
1167 5235 1526 5290 initiationem
1565 5243 1614 5290 et
1646 5237 2024 5292 consecratio-

455 5335 542 5388 nis
571 5333 1006 5402 appellationen‘i,
1039 5327 1106 5383 ad
1147 5327 1442 5398 perfectam
1475 5329 1890 5400 absolutamque
1933 5343 2026 5386 sa-

523 5493 552 5522 ·ι
585 5487 616 5541 ‘l
651 5487 766 5543 Pet.
796 5505 854 5552 ιι,
885 5486 974 5541 22.
1053 5487 1074 5517 ²
1115 5485 1234 5540 Gal.
1271 5502 1344 5549 ιν,
1384 5486 1436 5538 4.
1517 5486 1536 5517 ³
1577 5484 1766 5540 Matth.
1806 5501 1886 5553 ιιι,
1919 5485 2005 5540 15.

528 5641 641 5709 (78)
681 5641 784 5694 Ἐν
810 5638 1030 5709 ἀριθμῷ
1055 5637 1223 5704 ἑτῶν,
1258 5647 1366 5695 etc.
1411 5637 1668 5694 Petavius
1691 5639 1870 5694 locum
1897 5638 2020 5694 red-

450 5711 573 5772 dit.
605 5727 862 5762 annorum
903 5711 1257 5777 mensiumque
1299 5727 1512 5762 numero
1573 5725 1756 5762 census
1799 5719 1874 5763 est
1909 5725 1926 5762 :
1964 5711 2018 5763 in

457 5779 784 5846 prquantis
809 5787 956 5832 utero
979 5787 1231 5849 gestatus.
1257 5777 1478 5836 Rei-tius
1513 5779 1746 5836 fortasse
1775 5780 2022 5836 reddere-

2193 4688 2310 4754 ις’.
2358 4686 2621 4742 Ἐνταῦθα
2649 4689 2705 4742 δὲ
2731 4689 2786 4741 ὲν
2811 4689 3030 4762 Χριστῷ
3055 4691 3576 4762 ἰσχυροποιουμένων
3603 4691 3700 4760 τῆς

2101 4778 2411 4850 ,δυνάμεως
2444 4780 2536 4833 τοῦ
2559 4781 2724 4851 ἄρτου
2751 4783 2845 4834 καὶ
2881 4783 2981 4853 τῆς
3020 4782 3208 4845 ὓδατος
3245 4783 3444 4852 ἰσχύος,
3478 4783 3566 4836 ἵνα
3601 4785 3701 4837 οὐκ

2133 4871 2294 4941 ἄρτος
2338 4873 2466 4942 ἡμῖν
2499 4872 2722 4942 γένηται
2766 4873 3012 4946 δύναμις,
3059 4873 3195 4928 ἀλλὰ
3223 4875 3448 4945 δύναμις
3493 4875 3694 4943 ἄρτου·

2133 4964 2228 5016 καὶ
2269 4961 2469 5033 βρῶσις
2501 4964 2598 5034 μὲν
2644 4966 2672 5018 ό
2704 4963 2942 5035 ἀρτος,ή
2985 4965 3039 5018 δὲ
3073 4964 3301 5035 δύναμις
3333 4966 3390 5017 ὲν
3431 4964 3580 5034 αὐτῷ
3624 4967 3702 5027 εἰς

2131 5055 2480 5124 ζωογόνησιν.
2523 5056 2632 5107 Καὶ
2664 5057 2762 5124 οὐχ
2797 5055 2888 5108 ἵνα
2911 5055 2972 5107 τὸ
3001 5054 3142 5126 ὕδωρ
3181 5057 3318 5126 ἡμᾶς
3363 5055 3576 5128 καθάρῃ
3607 5056 3704 5124 μό-

2131 5163 2241 5211 νον,
2273 5145 2385 5200 ἀλλ’
2411 5147 2496 5198 ἵνα
2521 5147 2578 5199 ὲν
2601 5148 2665 5217 τῇ
2700 5146 2844 5216 ἰσχύϊ
2879 5146 2974 5199 τοῦ
3005 5145 3196 5209 ὓδατος
3219 5147 3306 5200 διὰ
3337 5147 3439 5215 τῆς
3466 5147 3704 5208 πίστεως

2131 5239 2226 5292 καὶ
2262 5237 2544 5308 ἐνεργείας
2584 5239 2677 5290 καὶ
2722 5237 2934 5300 ἐλπίδος
2989 5238 3085 5290 καὶ
3133 5237 3444 5309 μυστηρίων
3489 5236 3704 5289 τελειώ-

2133 5331 2396 5394 σεως,καὶ
2417 5329 2712 5400 ὀνομασίας
2737 5331 2836 5400 τῆς
2859 5329 3195 5398 ἁγιαστείας,
3215 5329 3436 5400 γένηται
3467 5330 3602 5400 ἡμῖν
3629 5329 3708 5392 είς

2084 5485 2105 5518 ⁵
2135 5483 2198 5539 F.
2229 5485 2618 5557 παρεχόμενος,

2127 5649 2217 5694 tur
2249 5641 2406 5696 locus
2454 5639 2578 5704 ille,
2624 5657 2882 5696 annorum
2930 5659 3146 5696 numero
3185 5657 3370 5696 census
3413 5649 3528 5704 est;
3565 5656 3710 5695 men-

2129 5713 2264 5766 sium
2299 5727 2512 5766 nunu’ro
2540 5711 2594 5764 in
2621 5713 2946 5785 pra'gnantis
2977 5725 3147 5778 utero,
3184 5720 3289 5767 ctc.
