3986 6224
357 342 464 398 815

916 343 1282 400 ADVERSUS
1322 345 1660 402 ileliESES
1699 345 1828 400 LIB.
1870 343 1960 399 111.
1992 341 2158 398 τοδί.
2199 339 2336 397 IL—
2358 341 2722 399 EXPOSITIO
2764 342 2967 399 FIDEI.

3494 341 3603 401 814

355 455 636 540 τελείωσιν
691 456 980 527 σωτηρίας.
1041 458 1301 512 Ἀνελθὼν
1347 461 1455 514 ἀπὸ
1494 460 1588 514 τοῦ
1641 461 1915 532 Ἰορδάνου,

2035 459 2203 512 intem
2245 459 2406 513 nobis
2429 457 2562 528 ipsis
2594 458 2862 513 conferat.
2897 456 3040 528 Ergo
3067 455 3322 512 Christus
3352 457 3600 514 ascendit

355 546 568 600 ἀκούων
593 546 775 617 φωνὴν
806 549 1018 619 Πατρὸς
1040 551 1120 612 είς
1147 551 1315 621 ἀκοὴν
1338 553 1619 623 παρόντων
1649 552 1927 623 μαθητῶν,

355 639 434 701 εἰς
459 637 519 690 τὸ
545 635 818 702 ὑποδεῖξαι
849 639 933 702 τίς
959 642 987 693 6
1018 642 1481 712 μαρτυρούμενος,
1508 644 1602 696 καὶ
1630 642 1725 696 τοῦ
1771 643 1926 710 ἁγίου

356 726 672 798 Πνεύματος
703 729 760 781 ἐν
791 728 921 782 εῖδει
951 734 1280 803 περιστερᾶς
1306 735 1725 804 κατερχομένου,
1757 734 1928 788 καθά-

357 837 460 891 περ
515 822 574 874 ἐν
613 820 835 884 πολλαῖς
863 823 1138 894 αἱρέσεσιν
1179 825 1498 895 εἰρήκαμεν,
1534 826 1621 878 ἵνα
1671 825 1743 896 μὴ
1805 839 1928 877 συν-

351 912 551 983 αλοιφή
595 914 628 983 ἡ
673 912 843 984 Τριὰς
881 917 1182 986 νομισθείη,
1215 919 1782 987 σχηματοποιουμένου
1830 919 1924 969 τοῦ

354 1004 670 1074 Πνεύματος
721 1005 778 1056 ἐν
825 1007 929 1078 ίδίᾳ
977 1008 1310 1061 ὑποστάσει·
1361 1008 1816 1078 ἐπικαθεζομένου
1865 1009 1924 1060 δέ

350 1093 446 1147 τοῦ
491 1094 810 1164 Πνεύματος
854 1096 949 1148 καὶ
985 1097 1279 1167 ἐρχομένου
1311 1098 1395 1149 ἐπ’
1436 1096 1620 1161 αὑτὸν,
1652 1097 1738 1148 ἵνα
1783 1095 1921 1166 ὀφθῇ

351 1186 382 1237 6
433 1183 901 1256 μαρτυρούμενος·
939 1186 1026 1240 ἵνα
1073 1187 1273 1258 σάρξή
1319 1187 1448 1255 ἁγία
1491 1187 1616 1258 φίλη
1666 1183 1798 1240 οὖσα
1831 1187 1925 1240 καὶ

351 1276 739 1347 εύδοκουμένη,
792 1278 896 1330 61:6
933 1278 1028 1331 τοῦ
1066 1279 1280 1350 Πατρὸς
1325 1279 1420 1332 καί¹
1470 1277 1562 1330 τοῦ
1608 1278 1924 1348 Πνεύματος

356 1368 728 1438 μαρτυρηθείη
747 1385 762 1401 ·
793 1371 882 1422 ἵνα
903 1371 931 1422 6
962 1369 1148 1440 Πατὴρ
1172 1369 1464 1440 εὐδοκητὴς
1498 1369 1794 1440 κηρυχθείη
1825 1370 1924 1440 τῆς

352 1456 444 1509 τοῦ
476 1455 603 1508 Υἱοῦ
649 1457 912 1529 ὲνσάρκου
959 1459 1288 1529 παρουσίαςο
1322 1459 1408 1512 ἵνα
1441 1461 1468 1511 6
1499 1459 1625 1522 Υἱὸς
1673 1458 1923 1528 ἀληθινὸς

350 1547 564 1618 ὀφθείη,
595 1549 690 1602 καὶ
713 1548 976 1621 πληρώσῃ
1001 1550 1060 1603 τὸ
1085 1550 1398 1622 εἰρημένον·
1424 1550 1533 1603 Καὶ
1555 1552 1706 1618 μετὰ
1735 1549 1922 1604 ταῦτα

350 1639 450 1692 ἐπὶ
476 1638 587 1708 τῆς
621 1638 733 1708 γῆς
761 1641 948 1709 ὤφθη,
979 1640 1078 1694 καὶ
1107 1641 1258 1710 μετά
1285 1640 1402 1695 τῶν
1423 1626 1748 1710 ἀνθρώπων
1773 1658 1924 1696 συν-

350 1730 717 1801 ανεστράφη·
739 1731 972 1784 ἀνελθὼν
986 1733 1092 1786 ἀπὸ
1105 1732 1198 1786 τοῦ
1215 1733 1500 1803 Ἰορδάνου,
1519 1733 1614 1786 καὶ
1628 1734 1809 1803 σαφῶς
1825 1735 1921 1787 καὶ

2032 567 2063 604 e
2093 548 2353 614 Jurdane,
2384 563 2571 604 vocem
2613 549 2794 604 Patris
2830 549 3024 612 audiit,
3064 563 3226 618 quam
3257 555 3309 602 et
3344 547 3597 616 discipuli

2029 641 2124 711 qui
2158 640 2412 703 aderant,
2444 641 2760 706 audierunt,
2794 651 2854 696 ut
2879 641 3003 710 quis
3039 640 3130 694 ille
3160 639 3297 694 foret
3324 641 3414 694 cui
3443 640 3598 693 testi-

2029 722 2274 788 monium
2301 733 2432 787 illud
2465 733 2820 803 praeberetur,
2855 739 3247 803 agnoscerent;
3287 739 3401 785 tum
3431 731 3595 786 etiam

2030 825 2268 895 Spiritus
2325 833 2551 881 sanctus
2599 825 2866 879 columbae
2914 825 3094 894 specie
3145 824 3402 893 delapsus
3448 826 3598 884 est’,

2029 917 2486 986 quemadmodum
2520 916 2575 970 in
2598 917 2888 969 multarum
2911 915 3201 975 haereseon,
3221 914 3595 970 confutatione

2026 1004 2280 1062 diximus.
2341 1007 2420 1061 Ac
2463 1020 2530 1061 ne
2590 1005 2832 1060 Trinitas
2875 1005 2990 1074 ipsa
3043 1005 3096 1058 in
3143 1021 3311 1059 unum
3377 1005 3598 1059 redacta

2028 1097 2368 1167 confusaque
2395 1097 2731 1159 crederetur,
2759 1095 2998 1166 Spiritus
3031 1095 3247 1164 propria
3279 1096 3332 1148 in
3360 1109 3582 1164 person:

2023 1187 2254 1259 ﬁguram
2289 1188 2434 1241 illam
2467 1188 2667 1251 induit,
2710 1195 2764 1243 et
2793 1202 2957 1256 super
2998 1187 3148 1240 illum
3181 1185 3403 1249 resedit,
3429 1201 3579 1254 sequ.

2025 1278 2077 1332 in
2120 1279 2296 1347 ipsum
2330 1278 2664 1346 insinuavit;
2719 1285 2779 1332 ut
2822 1278 2871 1333 is
2912 1277 3002 1331 cui
3049 1277 3418 1331 testimonium
3459 1276 3593 1329 illud

2024 1370 2440 1442 sull'ragabatur,
2455 1372 2793 1441 conspicuus
2810 1377 2980 1432 esset,
3000 1377 3168 1439 utque
3185 1374 3594 1423 sacrosanctam

2025 1463 2174 1518 illam
2207 1475 2427 1517 carnem
2458 1463 2685 1516 amicam
2747 1477 2869 1516 esse
2904 1460 3118 1531 Deoque
3148 1460 3379 1529 placere,
3412 1457 3592 1511 Patris

2022 1567 2087 1607 ac
2109 1551 2348 1624 Spiritus
2381 1553 2705 1607 auctoritate
2739 1559 3048 1616 constaret;
3071 1560 3131 1605 ut
3146 1550 3281 1606 illud
3311 1549 3594 1619 praedicari

2023 1646 2199 1716 palam
2240 1653 2466 1715 posset,
2501 1645 2931 1699 incarnationem
2971 1643 3094 1698 Filii
3128 1642 3341 1698 volente
3369 1656 3433 1695 ac
3468 1655 3596 1710 pro-

2020 1737 2183 1792 bante
2216 1737 2376 1792 Patre
2416 1752 2539 1792 esse
2581 1736 2922 1806 perfectam;
2965 1749 3028 1789 ac
3071 1733 3305 1803 denique
3338 1748 3502 1788 verus
3535 1742 3596 1786 ut

350 1821 616 1891 ἀληθινῶς
650 1822 757 1875 ἀπὸ
785 1823 878 1875 τοῦ
901 1822 1143 1876 διαϐόλου
1174 1823 1483 1894 πειρασθείς
1514 1826 1570 1877 ἐν
1612 1824 1915 1896 τῇέρήμῳ,

2026 1838 2309 1899 appareret
2339 1829 2534 1896 Filius,
2570 1838 2625 1884 et
2654 1828 2788 1882 illud
2832 1827 3109 1897 propheta:
3149 1825 3465 1881 vaticinium
3499 1840 3596 1878 ex-

350 1911 447 1964 xa’t
461 1912 722 1976 πεινάσας
749 1912 973 1984 ὕστερον
995 1913 1080 1966 διὰ
1098 1914 1196 1983 τὴν
1217 1913 1538 1968 ἀκολουθίαν
1555 1917 1646 1968 καὶ
1664 1915 1919 1986 ἀλήθειαν

346 2004 446 2073 τῆς
473 2003 737 2074 ἐνσάρκου
766 2004 1064 2075 παρουσίας
1083 2017 1098 2032 °
1122 2005 1216 2059 καὶ
1237 2006 1620 2078 ἐπιλεξάμενος
1651 2006 1914 2077 μαθητὰς,

344 2095 443 2148 καὶ
487 2094 728 2166 κηρύξας
753 2094 1026 2167 ἀλήθειαν,
1057 2097 1149 2150 καὶ
1175 2098 1461 2170 ἰασάμενος
1491 2097 1561 2151 τὰ
1581 2097 1750 2168 πάθη,
1781 2097 1918 2152 καθ-

348 2185 606 2256 ευδήσας,
657 2187 936 2251 πεινάσας,
976 2186 1352 2259 ὁδοιπορήσας,
1392 2187 1717 2258 θεοσημείας
1755 2190 1918 2258 ἐργα-

350 2277 602 2346 σάμενος,
630 2279 855 2348 νεκροὺς
878 2279 1117 2348 ἐγείρας,
1145 2278 1363 2348 τυφλοῖς
1386 2279 1446 2331 τὸ
1488 2278 1704 2348 βλέπειν
1737 2295 1916 2349 παρα-

349 2369 629 2438 σχόμενος,
660 2369 863 2438 χω).οὺς
889 2369 982 2423 καὶ
1021 2369 1421 2441 παραλυτικούς
1459 2371 1877 2441 ἱσχυροποιήσας
1901 2387 1914 2400 ·

343 2462 422 2528 ὡς
461 2465 692 2536 ἐκήρυξε
725 2465 834 2535 (79)
875 2466 936 2518 τὸ
965 2466 1314 2541 Εὑαγγέλιον,
1353 2467 1449 2536 τὴν
1501 2466 1780 2536 ἀλήθειαν,
1820 2466 1918 2534 τὴν

347 2550 624 2623 βασιλείαν
643 2554 750 2610 τῶν
776 2555 1040 2626 οὐρανῶν,
1072 2557 1172 2627 τὴν
1197 2557 1361 2610 αὐτοῦ
1387 2555 1795 2627 φιλανθρωπίαν
1825 2555 1918 2609 καὶ

343 2645 440 2698 τοῦ
462 2646 672 2718 Πατρὸς
699 2648 792 2699 καὶ
819 2645 912 2699 τοῦ
941 2647 1094 2716 ἁγίου
1125 2646 1462 2718 Πνεύματος.

2028 1923 2198 1993 pleret
2224 1941 2238 1977 :
2276 1920 2344 1974 Et
2364 1931 2482 1989 post
2509 1921 2618 1975 haec
2639 1923 2695 1974 in
2724 1929 2865 1974 terra
2901 1920 3040 1974 visus
3063 1927 3160 1982 est,
3195 1928 3244 1971 et
3275 1933 3392 1970 cum
3427 1916 3596 1968 Itami-

2024 2013 2175 2068 nibus
2217 2021 2551 2068 conversatus
2579 2015 2720 2067 est".
2767 2012 2935 2082 Igitur
2974 2027 3005 2066 e
3039 2010 3276 2064 Jordanc
3320 2010 3596 2078 digressus

2025 2113 2174 2162 certo
2195 2121 2428 2175 vereque
2454 2121 2485 2159 a
2511 2104 2727 2159 diabolo
2758 2105 2812 2157 in
2843 2103 3060 2158 deserto
3092 2109 3330 2156 tentatus
3353 2108 3436 2155 est
3455 2100 3509 2166 ³;
3541 2110 3596 2154 et

2024 2195 2431 2267 postjejunium
2453 2196 2667 2259 esuriit,
2695 2202 2774 2259 ut,
2797 2193 2942 2264 quod
2974 2208 3115 2248 verae
3145 2191 3297 2246 carni
3325 2200 3594 2261 suscepta:

2026 2295 2463 2344 consentaneum,
2498 2293 2600 2350 est,
2634 2285 2980 2354 exprimeret.
3025 2282 3340 2338 Secundum
3368 2283 3484 2337 haec
3513 2282 3598 2335 di-

2028 2376 2270 2445 scipulos
2297 2375 2496 2446 elegit,
2541 2374 2823 2430 veritatem
2875 2373 3218 2443 praedicavit,
3247 2373 3598 2443 aegritudines

2032 2467 2266 2531 sanavit,
2309 2468 2551 2534 dormiit,
2576 2466 2792 2529 esuriit,
2824 2467 2926 2520 iter
2967 2465 3114 2531 fecit,
3145 2466 3325 2519 divina
3353 2465 3596 2535 prodigia

2027 2559 2283 2628 patravit,
2315 2564 2563 2612 mortuos
2595 2556 2872 2620 excitavit,
2909 2557 3068 2610 caecis
3093 2556 3266 2611 visum
3297 2571 3598 2625 repraesen-

1946 2703 1953 2710 ,
2037 2647 2198 2710 tavit,
2225 2647 2434 2701 claudis
2455 2655 2507 2700 et
2540 2647 2852 2717 paralytieis
2884 2648 3025 2702 vires
3059 2647 3314 2711 restituit,
3346 2647 3600 2717 quemad-

345 2739 567 2795 modum
616 2739 994 2810 Evangelium,
1035 2744 1341 2806 veritatem,
1387 2742 1612 2798 cceleste
1660 2757 1909 2819 regnum,
1961 2756 2026 2796 ac
2060 2757 2186 2798 cum
2227 2740 2406 2812 ipsius
2453 2738 2580 2795 Filii
2626 2748 2740 2795 tum
2816 2738 2996 2796 Patris
3039 2755 3104 2795 ac
3137 2740 3374 2810 Spiritus
3420 2741 3600 2795 sancti

350 2842 481 2898 erga
505 2828 752 2883 homines
779 2843 1018 2884 amorem
1051 2830 1388 2900 praedicavit.

417 2918 516 2972 IZ'.
566 2919 624 2971 '0
652 2919 790 2990 ὑπὲρ
821 2919 978 2990 ἡμῶν
1005 2920 1066 2973 τὸ
1095 2921 1264 2984 πάθος
1296 2923 1590 2993 ὑπομείνας
1613 2925 1669 2977 ἐν
1691 2925 1917 2996 ἀληθείᾳ

345 3011 404 3063 ἐν
437 3011 601 3080 σαρκὶ
645 3011 739 3064 καὶ
768 3013 824 3063 ἐν
849 3014 914 3082 τῇ
946 3011 1128 3083 τελείᾳ
1164 3013 1592 3085 ἐνανθρωπήσει,
1625 3016 1812 3070 παθὼν
1856 3017 1916 3069 ἐν

2098 2921 2313 2992 1099
2329 2920 2490 2977 XVII.
2526 2921 2670 2976 idem
2702 2922 2789 2976 ille
2813 2937 2974 2992 porro
2988 2937 3174 2976 revera
3195 2922 3506 2990 passionem
3540 2922 3596 2977 in

2023 3029 2122 3069 sua
2147 3028 2313 3069 carne
2337 3021 2390 3068 ct
2419 3012 2655 3084 perfecta
2675 3013 2912 3068 hominis
2938 3021 3130 3066 natura
3149 3012 3440 3076 sustinuit;
3469 3027 3601 3068 vere

342 3101 572 3172 ἀληθείᾳ.
601 3102 693 3155 ἐπὶ
719 3100 814 3155 τοῦ
844 3103 1099 3174 σταυροῦ,
1142 3104 1404 3175 συνούσης
1441 3107 1587 3177 αὐτῷ
1612 3109 1708 3177 τῆς
1733 3107 1909 3178 θεότηο

2024 3103 2078 3157 in
2105 3118 2269 3156 cruce
2306 3117 2501 3173 passus
2530 3110 2646 3169 est,
2684 3104 2758 3158 ita
2788 3103 3027 3172 quidem,
3053 3110 3111 3156 ut
3140 3102 3198 3156 in
3241 3117 3306 3172 eo
3339 3103 3594 3158 divinitas

342 3206 456 3254 τος,
488 3191 602 3242 ἀλλ’
636 3191 694 3243 οὐ
726 3191 1024 3261 τραπείσης
1055 3193 1135 3255 είς
1153 3193 1213 3246 τὸ
1234 3194 1480 3264 πάσχειν,
1508 3194 1674 3266 οὔσης
1699 3196 1754 3249 δὲ
1776 3198 1920 3251 ἀπα-

344 3281 473 3345 θοῦς
505 3283 598 3335 καὶ
629 3282 898 3352 ἀτρέπτου
918 3298 933 3316 ο
972 3282 1081 3336 τῶν
1116 3283 1209 3336 δύο
1237 3285 1561 3339 ἁκολουθιῶν
1595 3287 1778 3355 σαφῶς
1813 3305 1914 3340 κα·-

341 3374 734 3442 τανοουμένων,
769 3372 1004 3444 Χριστοῦ
1043 3375 1342 3445 πάσχοντος
1374 3377 1512 3446 ὑπὲρ
1545 3377 1699 3447 ήμῶν
1732 3379 1914 3448 σαρκὶ,

342 3462 588 3525 ἀπαθοῦς
613 3462 670 3515 δέ
714 3463 964 3532 μένοντος
1009 3466 1067 3517 ἐν
1106 3464 1320 3534 θεότητι
1343 3481 1358 3496 ·
1393 3466 1450 3517 o6
1490 3464 1584 3516 τοῦ
1630 3465 1914 3537 ἀνθρώπου

343 3557 467 3610 κατ’
506 3555 640 3608 ἰδίαν
677 3555 849 3620 ὄντος,
877 3556 972 3608 καὶ
1015 3556 1115 3627 τῆς
1152 3555 1405 3624 θεότητος
1445 3558 1563 3608 κατ’
1595 3557 1749 3620 ίδίαν,
1783 3558 1917 3611 ἀλλὰ

346 3643 611 3715 συνούσης
655 3643 753 3714 τῆς
807 3643 1077 3714 θεότητος,
1133 3643 1208 3715 μὴ
1260 3644 1570 3715 πασχούσης
1621 3645 1678 3698 δὲ
1724 3645 1813 3698 διά
1857 3648 1918 3699 τὸ

344 3736 646 3806 ἀκραιφνὲς
671 3737 763 3789 καὶ
789 3736 1115 3806 ἀσύγκριτον
1150 3737 1250 3806 τῆς
1279 3737 1466 3799 οὐσίας
1489 3754 1502 3767 ’
1540 3737 1837 3807 πάσχοντος
1860 3738 1918 3791 δὲ

344 3827 405 3880 ἐν
435 3828 616 3896 σαρκὶ,
654 3827 747 3879 καὶ
774 3825 1172 3897 θανατουμένου
1207 3830 1263 3880 ἐν
1303 3827 1484 3896 σαρκὶ,
1517 3825 1716 3890 ζῶντος
1750 3828 1804 3880 δέ
1832 3828 1936 3908 ἀεὶ-

344 3920 405 3973 ἐν
438 3907 672 3989 θεότητι,
697 3919 789 3973 καὶ
820 3919 1122 3990 ἐγείροντος
1150 3921 1277 3980 τοὺς
1315 3918 1536 3989 νεκρούς
1561 3935 1575 3951 ·
1610 3918 1702 3971 τοῦ
1734 3919 1918 3989 σώμα-

343 4026 437 4072 τος
483 4014 743 4077 ταφέντος
786 4010 844 4060 ἐν
884 4008 1135 4079 ἀληθείᾳ,
1169 4010 1262 4060 καὶ
1299 4007 1506 4078 ἀψύχου
1539 4009 1819 4077 μείναντος
1856 4009 1917 4061 τὸ

343 4101 660 4172 τριήμερον,
707 4101 876 4153 ἄπνου
908 4116 968 4152 τε
1015 4100 1109 4151 καὶ
1155 4100 1432 4170 ἀκινήτου,
1467 4100 1828 4171 ἐνειληθέντος
1859 4101 1914 4153 δὲ

341 4192 432 4246 διὰ
454 4193 552 4262 τῆς
596 4192 844 4255 σινδόνος,
879 4190 1267 4254 κατατεθέντος
1295 4193 1351 4243 ἐν
1383 4189 1459 4261 τῷ
1485 4191 1746 4261 μνήματι,
1789 4209 1917 4258 συγ-

341 4284 681 4348 κλεισθέντος
708 4284 796 4338 διά
839 4284 932 4337 τοῦ
964 4282 1132 4344 λίθου,
1177 4284 1270 4337 καὶ
1307 4282 1613 4353 σφραγίδων
1646 4283 1916 4335 ἐπιτεθέν-

337 4391 448 4428 των
472 4387 489 4404 ·
516 4375 635 4445 οὐχὶ
665 4375 763 4445 τῆς
797 4375 1045 4444 θεότητος
1091 4373 1533 4444 συγκλεισθείσης
1562 4373 1693 4444 (80),
1724 4375 1784 4426 o6
1818 4374 1915 4443 τῆς

413 4529 431 4562 ¹
458 4527 646 4584 Matth.
678 4543 759 4593 Ill,
792 4529 878 4594 i6,
911 4529 998 4582 l7.
1075 4526 1320 4583 'Baruch
1374 4545 1453 4594 ιιι,
1488 4527 1575 4582 58.

2023 3195 2330 3258 exsisteret,
2362 3194 2458 3250 sed
2488 3200 2554 3248 ad
2579 3195 2891 3264 patiendum
2919 3195 3143 3249 minime
3168 3209 3288 3249 sese
3310 3202 3598 3250 converte-

2027 3294 2131 3355 ret,
2164 3284 2257 3340 sed
2307 3283 2582 3356 passionis
2614 3301 2810 3355 expers
2841 3293 2896 3340 et
2924 3285 3281 3341 immutabilis
3325 3294 3590 3340 maneret.

2025 3374 2141 3441 Qua
2172 3376 2227 3430 in
2258 3393 2317 3431 re
2359 3376 2468 3430 duo
2509 3377 2600 3429 illa
2645 3384 3013 3430 consentanea
3044 3375 3351 3430 certissime
3396 3375 3598 3430 intelli-

2024 3477 2228 3536 guntur
2256 3487 2268 3522 :
2298 3475 2357 3522 ut
2382 3473 2436 3520 et
2468 3467 2721 3522 Christus
2751 3482 2851 3536 pro
2879 3466 3036 3522 nobis
3069 3481 3235 3522 carne
3258 3467 3325 3522 sit
3374 3481 3593 3536 passus,

2022 3569 2075 3612 et
2119 3560 2390 3629 passionis
2436 3574 2631 3627 expers
2681 3559 2736 3611 in
2787 3558 3069 3612 divinitate
3103 3566 3441 3627 permaneat.
3474 3557 3594 3611 Non

2024 3650 2168 3718 quod
2201 3649 2436 3703 hominis
2461 3659 2656 3702 natura
2683 3663 2746 3702 ac
2787 3649 3048 3703 divinitas
3074 3656 3338 3718 separata:
3362 3664 3392 3702 a
3419 3664 3478 3704 se
3511 3651 3597 3702 in-

2025 3738 2199 3793 vicem
2223 3738 2523 3804 exsistant;
2557 3754 2744 3793 verum
2771 3738 2987 3793 tametsi
3011 3753 3117 3792 una
3140 3746 3285 3793 esset
3305 3739 3591 3798 divinitas.

2024 3830 2159 3884 nihil
2191 3831 2261 3884 ob
2304 3831 2574 3885 sinceram
2613 3837 2666 3884 et
2708 3831 3188 3900 incomparabilem
3230 3839 3479 3886 naturam
3507 3842 3594 3886 est

2025 3935 2303 3990 perpessa.
2341 3921 2411 3975 At
2441 3922 2694 3977 Christus
2720 3931 2772 3976 et
2803 3923 2854 3975 in
2886 3937 3050 3977 carne
3083 3938 3278 3994 passus
3316 3932 3420 3987 est,
3451 3931 3505 3978 et
3533 3925 3592 3978 in

2021 4012 2212 4067 eadem
2249 4028 2412 4068 carne
2453 4021 2626 4067 morte
2661 4022 2745 4067 est
2779 4014 3026 4080 aﬂectus,
3056 4030 3178 4069 cum
3207 4014 3424 4070 interim
3454 4015 3594 4070 divi-

2025 4103 2196 4158 nitate
2241 4105 2357 4171 ipsa
2404 4103 2609 4158 viveret
2657 4119 2720 4157 ac
2773 4112 3018 4160 mortuos
3061 4106 3353 4173 excitaret;
3388 4121 3590 4176 corpus

2023 4209 2151 4248 vero
2194 4208 2381 4247 revera
2428 4194 2733 4262 sepultum,
2769 4209 2831 4248 ac
2871 4195 3050 4249 triduo
3087 4195 3268 4248 anima
3311 4210 3506 4251 carens
3537 4207 3592 4251 et

2024 4284 2221 4354 spiritu
2272 4292 2528 4353 motuque
2569 4285 2812 4352 jaceret,
2852 4286 3172 4340 obvolutum
3219 4287 3484 4356 sindone,
3533 4289 3589 4342 in

2025 4376 2414 4430 monimentum
2439 4377 2762 4444 depositum,
2797 4378 3076 4431 occlusum
3113 4378 3310 4448 lapide,
3334 4395 3397 4434 ac
3433 4380 3591 4451 sigil-

1656 4530 1674 4560 '
1706 4527 1896 4583 Matth.
1929 4545 2000 4597 tv,
2029 4530 2054 4583 1
2095 4545 2218 4599 sqq.

413 4683 526 4754 (79)
579 4683 1012 4758 'Qg__6a7ipv£e,
1065 4693 1171 4758 etc.
1220 4685 1470 4758 Petavius
1505 4685 1710 4758 Latinis
1760 4688 1909 4741 hisce
1944 4693 1984 4745 D
2016 4695 2102 4758 tur
2129 4685 2331 4740 Christi
2367 4686 2698 4758 divinitatem
2734 4695 2842 4740 tum
2872 4690 3082 4758 corpori
3113 4689 3166 4742 in
3194 4691 3452 4756 sepulcro,
3477 4695 3587 4745 tum

342 4751 524 4827 locum
557 4754 791 4827 reddidit
815 4751 995 4809 verbis
1029 4773 1042 4808 :
1074 4755 1526 4819 Quemadmodum
1563 4757 1905 4827 Evangelia»:

243 4847 248 4851 -
342 4824 516 4894 ipsum
547 4824 774 4878 caelestis
806 4827 947 4892 regni
980 4827 1268 4887 veritatem,
1299 4842 1360 4878 ac
1398 4843 1514 4878 cum
1541 4824 1727 4894 ipsius'
1751 4827 1905 4891 Filii,

343 4903 454 4946 tum
485 4892 685 4957 Patris,
713 4911 774 4948 ac
801 4894 1032 4963 Spiritus
1061 4897 1233 4949 sancti
1260 4892 1567 4961 bonitatem,
1597 4897 1908 4951 humanita-

345 4972 548 5028 temque
571 4964 895 5030 prwdicavit.
923 4965 1147 5018 Mutavit
1177 4965 1526 5021 Thomasius.

415 5033 545 5105 (ὅθι
569 5034 714 5105 Οὐχί
758 5035 867 5099 τῆς
892 5037 1169 5102 θεότητος
1213 5037 1748 5105 συγκλεισθείσης,
1797 5045 1907 5092 etc.

341 5099 479 5173 Vide
515 5102 573 5157 S.
600 5099 964 5173 Augustinum
996 5099 1156 5158 tract.
1189 5106 1258 5159 47
1283 5099 1334 5156 in
1360 5105 1642 5165 Joannem,
1669 5099 1742 5160 et
1765 5109 1907 5160 inter

341 5171 588 5242 ejusdem
635 5171 798 5242 opera
861 5175 1058 5228 librum
1118 5175 1192 5228 De
1245 5176 1449 5228 unitate
1501 5174 1782 5229 Trinitatis
1837 5178 1905 5231 ad

341 5240 600 5312 Optatum
653 5240 772 5312 cap.
833 5243 918 5306 Μ,
967 5260 1030 5297 ac
1073 5244 1132 5299 S.
1195 5243 1456 5301 Joannem
1506 5245 1906 5302 Damascenum

342 5312 436 5366 lib.
465 5328 523 5366 ιιι
553 5311 632 5365 De
660 5311 762 5381 ﬁde
787 5314 1102 5378 orthodoxa,
1129 5331 1250 5384 cap.
1281 5313 1569 5369 ﬁll—Filii
1590 5315 1681 5369 Dei
1707 5316 1905 5370 divini-

342 5389 508 5456 tatem
530 5424 545 5448 ,
574 5398 694 5450 quae
736 5385 884 5456 nullo
916 5384 1127 5456 deliniri
1172 5395 1264 5437 aut
1287 5385 1689 5456 circumscribi
1727 5393 1905 5456 potest

344 5451 488 5524 loco,
521 5468 621 5524 nec
649 5455 904 5524 sepulcro
944 5453 1112 5524 fuisse
1141 5454 1457 5524 conclusam
1492 5455 1675 5510 triduo
1708 5451 1899 5511 mortis

339 5521 546 5594 Christi
581 5521 829 5584 Domini.
880 5533 1025 5579 recte
1069 5523 1201 5594 dicit
1248 5522 1602 5594 Epiphanius.
1645 5526 1902 5591 Quando—

341 5592 560 5716 guidem
609 5609 737 5648 vero
772 5595 858 5656 ei,
908 5595 1000 5664 qui
1048 5610 1111 5647 ex
1159 5592 1415 5648 Ecclesiae
1461 5597 1727 5650 sententia
1777 5611 1898 5650 cum

391 5662 674 5716 atechismo
701 5663 1078 5716 Romanomaa.
1107 5665 1174 5716 5‘2
1197 5665 1459 5716 elegantis
1487 5666 1744 5716 editionis
1771 5664 1898 5716 anni

391 5662 674 5716 atechismo
701 5662 1078 5732 Romano,pag.
1107 5665 1174 5718 5‘2
1197 5665 1459 5732 elegantis
1487 5666 1744 5721 editionis
1771 5664 1900 5719 anni

346 5730 516 5797 1566,
540 5735 831 5789 elaboratae
863 5737 914 5790 in
939 5730 1149 5790 iedibus
1185 5730 1368 5804 populi
1401 5735 1652 5803 Romani,
1683 5734 1902 5806 proﬁte-

2015 4757 2208 4810 anima:
2235 4757 2373 4823 apud
2407 4756 2626 4829 inferos,
2651 4756 2984 4826 conjunctam
3009 4775 3210 4829 semper
3235 4760 3420 4825 fuisse,
3444 4762 3587 4816 inter

2015 4827 2441 4898 caeteraopponi
2477 4829 2688 4881 soleant
2735 4837 2789 4882 et
2827 4830 3073 4898 quaedam
3123 4827 3409 4898 Epiphanii
3444 4831 3584 4892 loca,

2015 4847 2211 4880 caetera
2243 4847 2441 4894 uppunt
2477 4847 2688 4881 seteant
2735 4847 2789 4882 et
2827 4847 3073 4898 quaenam
3125 4847 3217 4898 ILpt
3243 4847 3409 4885 inanti
3444 4847 3584 4892 loca,

2015 4897 2171 4966 quasi
2201 4895 2448 4950 docuerit
2495 4898 2732 4966 optimus
2764 4899 2854 4951 ille
2899 4897 3061 4953 Pater
3093 4899 3187 4953 Dei
3217 4847 3454 4953 {ferbum
3486 4901 3587 4952 tri-

2015 4967 2125 5020 duo
2172 4966 2266 5019 illo
2301 4966 2374 5019 ita
2411 4981 2629 5020 carnem
2675 4967 3007 5032 deseruisse,
3053 4979 3111 5023 ut
3141 4971 3205 5022 ad
3251 4972 3412 5026 breve
3447 4969 3583 5022 illud

2017 5044 2233 5108 tempus
2257 5035 2571 5091 dissolverit
2603 5039 2970 5108 arctissimam
3007 5041 3260 5092 unionem
3288 5039 3581 5108 illam,qua

2011 5113 2066 5178 et
2106 5105 2652 5178 humanaut‘carnem
2695 5107 2800 5161 sibi
2845 5112 2898 5162 in
2927 5110 3060 5178 sinu
3105 5108 3341 5178 Virginis
3372 5105 3582 5162 ratione

2005 5175 2264 5246 junxerat
2287 5173 2547 5246 inell‘abili
2574 5195 2588 5229 :
2617 5188 2904 5246 eapr0pter
2924 5173 3252 5230 Thomasitis
3273 5188 3582 5246 opportune

2009 5245 2111 5317 nos
2143 5245 2374 5317 remittit
2405 5246 2483 5317 ad
2529 5245 2890 5314 Augustinum
2920 5259 2972 5300 et
3007 5245 3403 5301 Damascenuin
3429 5286 3444 5309 ,
3485 5249 3577 5317 qui

2009 5316 2232 5380 diserte,
2266 5315 2449 5386 verbis
2485 5318 2710 5386 apertis,
2750 5318 2827 5370 rei
2859 5317 3140 5386 veritatem
3189 5315 3583 5386 declarantiEt

2006 5386 2099 5440 ille
2127 5386 2277 5456 prior
2312 5383 2535 5454 quidem
2567 5385 2971 5456 animadvertit,
3000 5385 3158 5452 juxta
3198 5387 3319 5456 iidei
3350 5385 3582 5456 Symbo-

2007 5454 2144 5510 lum‘
2168 5471 2271 5510 nos
2299 5456 2522 5510 credere
2573 5457 2629 5508 in
2675 5470 2844 5508 unutn
2878 5454 3166 5508 Dominum
3205 5454 3582 5510 JesumChri-

2005 5535 2184 5590 stum,
2234 5539 2346 5579 non
2391 5525 2564 5579 solum
2610 5534 2828 5584 natum,
2877 5525 3027 5578 cruci
3063 5524 3279 5578 allixum
3323 5533 3376 5580 et
3433 5541 3583 5580 mor-

2004 5604 2159 5664 tuum
2182 5636 2194 5659 ,
2229 5596 2324 5649 sed
2353 5603 2406 5648 ct
2437 5595 2744 5661 sepultum,
2764 5594 3015 5662 quamvis
3042 5596 3158 5647 sola
3190 5610 3321 5649 caro
3367 5598 3578 5664 sepulta

2004 5663 2128 5730 fuit,
2158 5681 2307 5727 caro,
2342 5665 2584 5733 inquam,
2609 5679 2637 5716 a
2662 5679 2767 5724 qua
2790 5665 3120 5718 discesserat
3143 5666 3345 5718 anima.
3370 5663 3578 5720 verum

2005 5735 2138 5790 illud
2193 5736 2483 5801 nimirum;
2542 5734 2875 5805 subiungere
2920 5742 3102 5789 tamen
3147 5735 3410 5792 debemus
3450 5749 3575 5791 cum
