3986 6224
369 425 482 490 817
567 439 574 443 ·

899 422 1270 480 ADVERSUS
1308 383 1650 480 IUERES‘ES
1688 423 1814 479 LIB.
1861 425 1950 485 ΙΙΙ.
1989 425 2150 484 ΤΟΜ.
2192 427 2257 485 ll.
2295 459 2364 468 —
2396 423 2768 483 EXPOSITIO
2807 424 3004 481 FlDEl.

3538 427 3642 484 8&8

367 544 498 615 μίαν
537 541 784 612 ἑνότητα,
819 542 898 606 είς
932 542 1059 611 μίαν
1091 541 1417 610 δοξολογίαν,
1449 545 1530 608 εἰς
1574 544 1704 613 μίαν
1747 544 1947 615 ἑαυτὴν

2054 546 2302 602 Surrexit
2336 549 2506 610 enim,
2559 547 2851 617 ipsumque
2879 557 3084 616 corpus
3116 544 3330 614 1100
3371 543 3426 598 in
3469 560 3639 600 unum

363 633 618 705 θεότητα.
646 633 862 703 Πέφηνε
895 635 993 705 μὲν
1016 634 1124 706 γὰρ
1154 637 1211 688 ὲν
1232 635 1479 707 ἀληθείᾳ,
1507 637 1599 689 καὶ
1625 637 1948 709 ἐψηλαφήοη

365 727 468 783 ὑπὸ
517 728 610 782 τοῦ
655 729 847 798 Θιυμᾶ,
881 728 977 781 καὶ
1012 731 1126 791 τοῖς
1170 729 1491 792 ἀποστόλοις
1539 729 1808 798 συνέφαγε
1858 731 1953 784 καὶ

366 821 610 884 συνέπιε,
658 820 752 874 καὶ
784 819 1112 890 συνηυλίσθη
1163 819 1278 891 μετ’
1310 819 1492 874 αὐτῶν
1533 820 1646 889 (81)
1675 820 1951 890 τεσσαρά-

363 929 528 968 κοντα
545 912 758 984 ἡμέρας
775 911 870 964 καὶ
884 929 1046 965 τεσσα
1057 911 1289 983 ράκοντα
1304 913 1524 974 νύκτας.
1556 910 1716 964 Ἀλλά
1736 910 1952 982 εἰσῆλθε

365 1004 546 1076 θυρῶν
569 1003 993 1073 κεκλεισμένων,
1033 1003 1126 1057 καὶ
1169 991 1314 1073 μετά
1335 1001 1395 1055 τὸ
1423 1002 1684 1055 εἰσελθεῖν
1711 1001 1952 1055 ἐδείκνυε

364 1096 532 1168 νεῦρα
573 1097 668 1150 καὶ
711 1097 869 1159 ὀστᾶ,
903 1094 1072 1148 τύπον
1097 1096 1240 1165 ἥλων
1275 1097 1368 1149 καὶ
1413 1096 1576 1149 τόπον
1622 1094 1843 1166 λόγχης,
1870 1095 1952 1148 ὅτι

362 1189 497 1242 αὐτὸ
525 1183 592 1258 ἦν
619 1187 871 1258 ἀληθινὸν
904 1186 964 1240 τὸ
991 1185 1169 1256 σῶμα.
1199 1187 1322 1240 Ὅτι
1349 1188 1406 1241 δὲ
1440 1188 1684 1260 συνήφθη
1713 1190 1795 1252 είς
1822 1188 1952 1259 μίαν

363 1281 590 1351 ἑνότητα
633 1280 726 1332 καὶ
778 1278 907 1350 μίαν
941 1278 1192 1348 θεότητα,
1227 1279 1427 1352 μηκέτι
1480 1278 1798 1351 προσδοκῶν
1848 1298 1954 1333 πα-

364 1373 500 1438 θεῖν,
547 1371 742 1442 μηκέτι
769 1370 1136 1440 ἀποθνῆσκον,
1165 1368 1241 1434 ὣς
1268 1388 1433 1442 φησιν
1457 1372 1486 1424 ὁ
1507 1371 1661 1440 ἅγιος
1707 1371 1954 1425 Ἀπόστο-

361 1464 480 1529 λος·
526 1463 778 1532 Ἀνέστη
805 1463 1080 1531 Χριστὸς.
1115 1462 1315 1516 οὐκέτι
1344 1462 1740 1528 ἀποθνήσκει,
1774 1463 1953 1516 θάνα-

360 1575 466 1623 τος
499 1555 690 1611 αὐτοῦ
729 1558 930 1611 οὐκέτι
960 1556 1237 1625 κυριεύει.
1275 1557 1348 1608 Τὸ
1375 1557 1614 1626 παθητὸν
1635 1555 1844 1619 ἀπαθὲς
1869 1556 1954 1608 ἀεὶ

365 1649 546 1719 μένον,
574 1648 636 1701 τὸ
677 1647 857 1700 θεῖκὸν
886 1647 983 1700 σὺν
1012 1646 1226 1719 σώματι
1267 1648 1363 1700 καὶ
1397 1647 1542 1718 ψυχῇ
1577 1647 1672 1700 καὶ
1712 1647 1863 1719 πάσῃ
1883 1647 1950 1716 τῇ

361 1740 796 1812 ὲνανθρωπήσει,
831 1738 1084 1803 αύτόθεος
1112 1738 1209 1796 ῶν.
1248 1739 1536 1795 Ἀνελθὼν
1568 1741 1626 1794 δὲ
1663 1741 1752 1804 εἰς
1776 1741 1954 1807 οὐρα-

360 1833 529 1900 νοὺς,
556 1831 841 1887 ἐκάθισεν
866 1832 938 1886 ἐν
966 1832 1136 1900 δεξιᾷ
1160 1833 1270 1887 τοῦ
1294 1833 1526 1901 Πατρός
1551 1834 1620 1887 ἐν
1649 1833 1820 1902 δόξῃ,
1851 1834 1952 1888 οὐκ

359 1923 698 1996 ἀποθέμενος
724 1923 784 1978 τὸ
817 1923 999 1993 σῶμα,
1039 1923 1176 1978 ἀλλὰ
1207 1923 1513 1987 συνενώσας
1541 1925 1624 1988 εἰς
1653 1941 1952 1995 πνευματι-

361 2017 457 2072 κὸν
499 2019 558 2071 ὲν
598 2017 898 2087 τελειότητι
933 2017 1066 2088 μιᾶς
1100 2017 1384 2087 θεότητος·
1428 2015 1504 2079 ὡς
1545 2017 1641 2070 καὶ
1679 2015 1748 2070 τὰ
1789 2017 1949 2087 ἡμῶν

361 2108 591 2181 σώματα
623 2107 805 2179 μέλλει
846 2107 915 2161 τὰ
963 2106 1058 2163 νῦν
1093 2107 1429 2178 σπειρόμενα
1457 2106 1704 2178 ψυχικῶς
1738 2107 1950 2178 ἐγείρε-

361 2199 489 2255 σθαι
538 2198 930 2270 πνευματικῶς
963 2213 977 2229 ·
1031 2198 1100 2252 τὰ
1138 2198 1235 2252 νῦν
1295 2197 1628 2269 σπειρόμενα
1659 2200 1718 2252 ὲν
1747 2197 1944 2270 φθορᾷ,

359 2293 669 2366 ἐγείρεσθαι
705 2293 763 2346 ὲν
805 2291 1120 2364 ἀφθαρσίᾳ·
1153 2291 1222 2344 τά
1255 2290 1351 2344 νῦν
1390 2291 1721 2362 σπειρόμενα
1767 2293 1825 2344 ὲν
1854 2291 1950 2344 θα-

359 2387 531 2456 νάτῳ,
573 2384 884 2457 ἐγείρεσθαι
914 2387 972 2438 ἐν
993 2383 1281 2455 ἀθανασίᾳ.
1312 2383 1375 2438 Εἰ
1399 2383 1578 2437 τοίνυν
1611 2383 1680 2436 τά
1705 2383 1949 2454 ἡμέτερα

358 2476 554 2545 οὕτως,
581 2478 733 2547 πόσῳ
758 2494 823 2547 γε
859 2476 1059 2548 μᾶλλον
1099 2479 1274 2530 ἐκεῖνο
1312 2475 1373 2529 τὸ
1411 2475 1566 2543 ἅγιον
1599 2475 1694 2529 καὶ
1735 2475 1950 2528 ἀνεκδι-

360 2574 564 2644 ήγητον
605 2571 700 2626 καὶ
735 2570 1067 2643 ἀσύγκριτον
1105 2569 1199 2623 καὶ
1233 2568 1532 2642 ἀκραιφνὲς
1568 2567 1649 2638 τῷ
1683 2567 1802 2638 Θεῷ
1825 2584 1950 2621 συν-

359 2663 660 2735 ηνωμένον,
685 2663 745 2717 τὸ
773 2662 830 2715 ἒν
851 2662 909 2715 δν
937 2662 1120 2716 λοιπὸν
1140 2660 1443 2733 μονοειδὲς;
1472 2659 1548 2724 ὡς
1569 2659 1662 2713 καὶ
1689 2660 1746 2714 ὲν
1772 2658 1948 2729 τούτῳ

362 2758 632 2825 μαρτυρεῖ
679 2755 708 2807 ό
771 2753 1113 2816 Ἀπόστολος,
1165 2753 1368 2820 λέγων’
1411 2753 1483 2805 Ei
1528 2751 1628 2805 καὶ
1683 2751 1950 2822 ἔγνωμεν

358 2846 510 2901 κατὰ
538 2845 736 2914 σάρκα
774 2845 1054 2914 Χριστὸν,
1084 2843 1286 2898 οὐκέτι
1316 2842 1690 2913 γινώσκομεν
1708 2860 1720 2873 ⁸
1745 2843 1844 2913 οὐχ
1867 2843 1948 2896 ὅτι

356 2937 523 2991 διεῖλε
557 2937 657 3008 τὴν
689 2937 869 3008 σάρκα
901 2937 1010 2990 ἀπὸ
1045 2936 1146 3006 τῆς
1178 2936 1452 3005 θεότητος,
1481 2935 1617 2989 ἀλλὰ
1645 2934 1816 3006 αὐτὴν
1850 2935 1950 3006 μὲν

357 3019 526 3080 οῧσαν
572 3026 668 3080 καὶ
711 3024 788 3097 τῷ
829 3024 947 3095 Θεῷ
997 3023 1404 3095 συνηνωμένην,
1449 3023 1646 3094 μηκέτι
1684 3023 1742 3077 δὲ
1781 3023 1948 3078 οὖσαν

360 3116 502 3171 κατὰ
556 3117 757 3187 σάρκα,
805 3115 942 3169 ἀλλὰ
987 3114 1130 3169 κατὰ
1180 3113 1418 3184 πνεῦμα,
1468 3113 1544 3176 ὥς
1587 3130 1740 3183 φησι,
1785 3112 1950 3167 Κατὰ

356 3209 597 3278 πνεῦμα
633 3209 974 3280 ἁγιωσύνης
1017 3207 1086 3271 ἐξ
1131 3206 1523 3271 ἀναστάσεως
1566 3204 1796 3274 νεκρῶν
1840 3204 1948 3259 τοῦ

359 3301 586 3368 Κυρίου
606 3297 778 3368 ἡμῶν
817 3299 1013 3366 Ἰησοῦ
1040 3299 1321 3369 Χριστοῦ.
1357 3297 1561 3352 Τοῦτον
1599 3298 1734 3371 ὁμοῦ
1770 3299 1903 3353 Θεὸν
1933 3298 1951 3331 ⁸

358 3389 580 3461 ἔχουσα,
615 3388 803 3460 ἀπαθῆ
833 3389 928 3442 καὶ
961 3390 1206 3444 παθόντα
1241 3390 1336 3444 καὶ
1385 3389 1627 3459 ταφέντα
1675 3391 1768 3445 καὶ
1820 3392 1956 3444 ἀνα-

360 3481 564 3536 στάντα
605 3482 700 3536 καὶ
745 3481 1036 3536 ἀνελθόντα
1101 3484 1160 3536 ἐν
1216 3481 1365 3555 δόξῃ,
1430 3483 1726 3555 ἐρχόμενον
1769 3486 1958 3554 ,κρῖναι

2054 655 2241 694 secum
2265 639 2518 709 spiritum
2544 653 2817 710 unamque
2844 637 3280 707 singularitatem
3313 652 3379 690 ac
3408 636 3638 707 gloriam

2053 730 2504 800 divinitatemque
2519 729 2814 800 copulavit.
2830 728 3040 783 Etenim
3058 743 3245 784 revera
3265 737 3388 798 post
3408 738 3640 782 mortem

2053 823 2328 893 apparuit,
2369 829 2423 878 et
2457 837 2488 876 a
2523 822 2734 877 Thoma
2772 829 3146 877 contrectatus
3186 829 3272 876 est
3313 823 3368 889 ¹,
3413 830 3467 876 et
3504 835 3633 874 cum

2053 915 2319 984 apostolis
2348 922 2600 970 versatus
2640 920 2727 968 est
2755 928 2821 969 ac
2846 913 3006 976 bibit,
3039 927 3102 968 ac
3129 912 3368 982 denique
3399 911 3640 982 quadra—

2056 1007 2209 1077 ginta
2233 1006 2350 1062 dies
2375 1006 2710 1076 totidemque
2735 1013 2926 1060 noctes
2953 1019 3079 1060 cum
3113 1004 3220 1060 illis
3250 1004 3535 1058 habitavit.
3554 1003 3636 1057 Ad

2060 1099 2176 1152 haec
2225 1099 2467 1154 occlusis
2513 1097 2724 1153 foribus
2770 1097 3072 1168 ingressus,
3121 1110 3321 1151 nervos
3368 1103 3422 1150 et
3473 1109 3634 1159 ossa,

2054 1191 2442 1260 clavorumque
2473 1204 2537 1245 ac
2571 1190 2774 1245 lancea:
2805 1191 3030 1259 vestigia
3061 1187 3410 1250 monstravit,
3447 1195 3501 1241 et
3542 1202 3634 1241 vc-

2054 1296 2174 1335 rum
2220 1295 2344 1335 esse
2394 1295 2596 1350 corpus
2648 1280 2888 1336 edocuit.
2933 1279 3089 1346 Quod
3134 1282 3316 1333 autem
3372 1278 3426 1331 in
3471 1293 3637 1331 unam

2047 1371 2488 1441 singularitatem
2538 1387 2602 1426 ac
2635 1371 2976 1427 divinitatem
3021 1371 3375 1441 conjunctus,
3421 1370 3634 1423 nullum

2055 1465 2290 1534 amplius
2323 1464 2634 1518 cruciatum
2675 1465 2759 1519 vel
2801 1474 3030 1519 mortem
3065 1469 3368 1534 exspectet.
3399 1461 3484 1516 his
3515 1477 3640 1515 ver-

2059 1555 2142 1609 bis
2181 1555 2429 1610 declarat
2463 1556 2758 1626 Apostolus
2781 1577 2794 1612 :
2816 1558 3057 1613 Surrexit
3086 1556 3330 1612 Christus
3361 1572 3379 1609 :
3403 1554 3639 1622 nonjam

2054 1650 2311 1712 moritur;
2350 1666 2493 1706 mors
2535 1649 2618 1704 illi
2667 1651 2812 1704 ultra
2856 1667 2960 1704 non
3000 1649 3362 1703 dominabitur
3404 1648 3444 1700 ³.
3492 1646 3638 1701 Idem

2054 1756 2186 1812 ergo
2211 1740 2358 1812 quod
2386 1741 2496 1812 pati
2527 1749 2762 1810 poterat,
2785 1741 3060 1810 passionis
3083 1755 3280 1810 expers
3306 1740 3528 1802 mansit,
3558 1739 3640 1792 dio

2057 1831 2262 1887 vinitas
2292 1829 2507 1886 scilicet
2533 1846 2658 1885 cum
2688 1846 2923 1906 corpore
2963 1839 3018 1886 et
3052 1831 3230 1884 anima
3265 1844 3330 1884 ac
3375 1837 3490 1884 tota
3535 1829 3639 1883 hu-

2059 1922 2323 1978 manitate
2348 1922 2667 1993 conjuncta,
2704 1910 2848 1978 Deus
2875 1924 2992 1994 ipse
3013 1938 3108 1992 per
3133 1937 3274 1978 sese.
3318 1922 3420 1987 Qui
3452 1939 3639 1976 ascen-

2055 2014 2182 2070 dens
2218 2017 2272 2068 in
2303 2015 2513 2079 coetum,
2545 2015 2612 2068 ad
2643 2014 2917 2069 dexteram
2949 2014 3130 2068 Patris
3170 2014 3402 2068 consedit
3444 2014 3497 2066 iu
3527 2013 3640 2083 glo-

2056 2109 2142 2162 ria
2173 2107 2196 2138 ⁴
2236 2125 2248 2160 :
2281 2123 2393 2162 non
2427 2114 2487 2160 ut
2519 2123 2722 2177 corpus
2769 2106 3089 2177 deponeret,
3132 2105 3229 2161 sed
3264 2115 3321 2158 ut
3372 2105 3427 2158 in
3477 2104 3641 2158 unius

2056 2199 2394 2270 perfectione
2413 2199 2722 2256 divinitatis
2747 2201 2801 2254 in
2832 2199 3081 2270 spiritale
3112 2197 3397 2254 conﬂaret.
3438 2197 3643 2263 Queru-

2056 2291 2352 2346 admodum
2384 2291 2500 2345 htec
2522 2293 2640 2361 ipsa
2668 2307 2900 2361 corpora
2931 2301 3143 2355 nostra,
3184 2307 3305 2361 quas
3343 2305 3491 2345 nunc
3526 2289 3642 2344 ani-

2056 2384 2217 2438 malia
2248 2383 2608 2447 seminantur,
2643 2383 2876 2454 spiritali
2918 2384 3154 2453 quadam
3186 2382 3502 2436 conditione
3543 2396 3634 2436 re-

2057 2486 2310 2550 surgant;
2340 2492 2483 2548 qtrae,
2530 2479 2776 2548 inquam,
2803 2493 2929 2532 cum
2972 2477 3325 2547 corruptione
3352 2485 3631 2538 seruntur,

2051 2587 2178 2626 cum
2216 2570 2625 2640 incorruptione
2667 2580 2893 2640 surgent
2927 2587 2941 2623 :
2979 2585 3101 2639 qua:
3145 2568 3198 2622 in
3249 2575 3423 2622 morte
3467 2568 3636 2622 semi-

2055 2670 2414 2727 nantur;cum
2439 2663 2849 2716 immortalitate
2875 2661 3210 2730 resurgent‘.
3232 2658 3388 2726 Quod
3411 2659 3455 2713 si
3481 2658 3636 2727 ejus--

2057 2755 2203 2808 modi
2250 2770 2485 2825 corpora
2534 2762 2722 2811 nostra
2766 2754 2949 2808 futura
3001 2763 3168 2820 sunt,
3214 2761 3420 2823 quanto
3463 2751 3640 2821 magis

2055 2847 2466 2902 sanctissimum
2493 2847 2626 2902 illud
2656 2847 2857 2902 Christi
2875 2862 3100 2916 corpus,
3133 2845 3279 2916 quod
3316 2844 3480 2899 nullis
3512 2859 3636 2898 ver-

2057 2937 2140 2992 bis
2171 2937 2455 3007 explicari,
2484 2951 2662 3008 neque
2691 2953 2813 2992 cum
2842 2939 2952 2992 ulla
2991 2954 3051 2993 re
3079 2937 3386 3006 comparari
3423 2943 3642 3006 potest;

2055 3028 2210 3092 illud,
2251 3030 2497 3100 inquam,
2550 3030 3010 3095 sincerissimum,
3054 3045 3119 3083 ac
3159 3045 3284 3083 eum
3338 3029 3446 3083 Deo
3491 3043 3629 3082 con-

2050 3120 2332 3188 junctum,
2373 3122 2654 3192 singulare
2677 3122 2940 3193 deinceps
2973 3121 3284 3176 uniforme?
3326 3121 3482 3186 Quod
3520 3121 3638 3190 qui-

2002 3235 2024 3281 κ
2056 3213 2178 3268 dem
2207 3213 2624 3284 Apostolushac
2641 3215 2911 3271 sententia
2934 3221 3202 3270 testatur:
3228 3213 3345 3267 Etsi
3378 3215 3638 3273 novimus,

2062 3305 2266 3375 inquit,
2304 3306 2588 3361 secundum
2619 3324 2829 3362 carnem
2857 3306 3151 3371 Christum,
3176 3323 3276 3360 non
3299 3305 3418 3376 jam
3447 3323 3638 3376 cogno-

2059 3397 2256 3450 scimus
2277 3397 2328 3464 °;
2355 3413 2464 3453 non
2497 3399 2643 3468 quod
2675 3413 2898 3453 carnem
2926 3415 2954 3452 a
2989 3398 3280 3452 divinitate
3313 3398 3639 3466 sejunxcrit,

2061 3485 2156 3542 sed
2187 3487 2330 3556 quod
2351 3489 2581 3545 exsistat
2607 3489 2698 3542 illa
2721 3489 2941 3559 quidem
2965 3503 3028 3544 ac
3059 3504 3182 3544 cum
3210 3489 3319 3544 Deo
3345 3489 3638 3572 jungally',

358 3573 569 3638 ζῶντας
619 3574 714 3627 καὶ
756 3574 1004 3645 νεκροὺς,
1047 3573 1124 3638 ὡς
1153 3572 1291 3646 ἔφην
1317 3615 1333 3642 ,
1356 3576 1414 3627 ὲν
1454 3575 1708 3647 ἀληθείᾳ,
1734 3571 1816 3632 Οὗ
1848 3576 1947 3646 τῆς

2060 3594 2246 3634 verum
2278 3596 2390 3636 non
2423 3581 2658 3652 amplius
2687 3582 2992 3637 secundum
3023 3596 3271 3646 carnem,
3300 3581 3394 3636 sed
3435 3596 3636 3636 secun-

353 3666 680 3733 βασιλείας
704 3668 815 3720 οὺκ
843 3666 1017 3720 ἔσται
1042 3666 1240 3734 τέλος.

2061 3669 2190 3725 dum
2237 3673 2490 3744 spiritum
2531 3674 2638 3741 sit,
2688 3682 2747 3729 ut
2780 3675 3011 3744 ipsemet
3044 3674 3244 3729 asserit
3284 3691 3297 3726 :
3332 3671 3636 3727 Secundum

356 3757 606 3827 spiritum
640 3759 1081 3828 sanctiﬁcationis
1112 3774 1177 3812 ea:
1231 3758 1615 3813 resurrectione
1667 3769 1994 3813 mortuorum
2038 3762 2248 3819 Domini
2283 3767 2452 3820 nostri
2479 3765 2608 3820 Iesu
2652 3765 2852 3822 Christi
2884 3768 2926 3820 ".
2961 3765 3117 3821 llunc
3158 3766 3326 3836 igitur
3395 3765 3638 3820 Ecclesia

360 3850 525 3908 simul
551 3850 719 3907 Deum
769 3867 892 3907 esse
920 3851 1230 3921 proﬁtetur,
1269 3850 1550 3920 passionis
1599 3859 1878 3921 expertem
1935 3863 1990 3909 ct
2026 3871 2271 3925 passum,
2302 3859 2396 3930 qui
2441 3860 2688 3928 sepultus
2748 3860 2840 3924 sit,
2881 3859 3264 3923 resurrexcrit,
3299 3873 3424 3911 cum
3467 3857 3639 3928 gloria

356 4033 529 4104 Cujus
555 4035 700 4104 regni
727 4049 832 4087 non
865 4035 962 4087 erit
991 4034 1112 4102 ﬁnis
1139 4034 1184 4089 ⁸.

433 4125 539 4178 III'.
574 4125 684 4178 Καὶ
740 4124 849 4194 γὰρ
912 4123 1157 4176 πιστεύει
1202 4125 1236 4194 ἡ
1281 4124 1464 4195 μήτηρ
1522 4123 1680 4196 ἡμῶν
1731 4123 1871 4194 αὕτη
1909 4127 1943 4195 ἡ

357 4215 492 4285 ἁγία
545 4214 864 4285 Ἐκκλησία,
901 4214 994 4268 καὶ
1043 4213 1120 4278 ὼς
1150 4215 1288 4285 αὐτῇ
1342 4214 1562 4286 ἀληθῶς
1609 4216 1946 4286 κεκήρυκται

357 4308 453 4362 καὶ
482 4306 698 4378 ἀληθῶς
747 4306 1181 4378 προστέτακταιο
1218 4307 1300 4360 ὅτι
1345 4307 1818 4379 κοιμηθησόμεθα,
1851 4307 1946 4362 καὶ

357 4399 776 4470 ἀναστησόμεθα
817 4400 914 4452 σὺν
969 4399 1182 4470 σώματι
1222 4399 1416 4470 τούτῳ,
1443 4399 1541 4454 σὺν
1576 4399 1720 4470 ψυχῇ
1749 4398 1943 4472 ταύτῃ,

248 3996 264 4006 ,
358 3943 562 3998 coelum
615 3942 1020 4006 conscenderit,
1055 3948 1351 3998 venturum
1399 3941 1640 3996 indidem
1698 3943 1951 4012 judicare
2009 3949 2164 4005 vivos
2204 3959 2261 4006 ρι·
2281 3961 2550 4017 mortuos,
2600 3951 2764 4023 idque
2810 3950 2948 4006 adeo
2995 3966 3154 4015 vere,
3196 3951 3274 4004 uti
3334 3949 3574 4004 diximus
3622 3969 3633 4002 :

2131 4127 2338 4197 1101
2365 4127 2702 4183 XVll|.Nam
2733 4126 2906 4182 ethoc
2929 4126 3247 4194 sanctaipsa
3261 4133 3434 4180 mater
3449 4125 3636 4182 Eccle-

2054 4217 2136 4272 sia
2179 4218 2326 4288 quod
2354 4234 2478 4273 vere
2512 4219 2615 4272 sibi
2649 4217 3002 4287 praedicatum
3041 4232 3276 4285 vereque
3317 4218 3634 4274 mandatum

2053 4309 2390 4370 est,credit:
2424 4311 2748 4364 moriturum
2785 4325 3230 4379 tmumqumnque
3256 4320 3531 4374 nostrum,
3565 4326 3630 4365 ae

2056 4408 2498 4454 resurrecturum
2539 4415 2663 4452 ctum
2693 4399 2797 4454 hoc
2841 4399 2960 4467 ipso
2993 4414 3252 4469 corpore,
3294 4415 3418 4451 cum
3445 4401 3632 4453 eadem

360 4492 460 4545 σὺν
489 4490 652 4545 παντὶ
682 4489 760 4560 τῷ
786 4489 1042 4560 ἡμετέρῳ
1080 4489 1282 4552 σκεύει,
1322 4491 1408 4544 ἵνα
1437 4490 1665 4554 ἕκαστος
1696 4490 1944 4561 ἀπολάϐῃ

2054 4494 2254 4556 anima,
2291 4508 2414 4547 cum
2445 4500 2560 4546 toto
2595 4493 2698 4546 hoc
2726 4493 3094 4549 instrun'lento
3125 4493 3383 4565 denique,
3417 4503 3475 4547 ut
3500 4497 3626 4564 qni-

359 4583 498 4656 πρὸς
543 4582 581 4636 ἂ
617 4581 872 4654 ἔπραξεν.
903 4583 1025 4635 ’Ὀτι
1083 4585 1194 4652 γὰρ
1243 4583 1539 4647 ἀνάστασις
1591 4583 1800 4656 νεκρῶν
1850 4584 1946 4638 καὶ

356 4675 542 4744 κρίσις
583 4673 800 4738 αἰώνιος
827 4675 921 4728 καὶ
950 4674 1195 4744 βασιλεία
1221 4676 1464 4748 οὐρανῶν
1492 4676 1588 4730 καὶ
1630 4677 1940 4741 ἀνάπαυσις

357 4770 472 4834 τοῖς
515 4769 744 4832 δικαίοις
765 4769 858 4822 καὶ
892 4769 1228 4840 κληρονομία
1259 4767 1466 4825 πιστῶν
1496 4770 1591 4823 καὶ
1632 4770 1791 4842 χορὸς
1824 4771 1943 4841 μετ’

2054 4585 2184 4638 libet
2230 4587 2439 4641 meritis
2469 4587 2584 4641 suis
2615 4595 2984 4641 consentanea
3037 4589 3258 4656 praemia
3294 4589 3565 4658 percipiat
3589 4590 3630 4642 ⁸.

2050 4673 2183 4728 Nam
2214 4675 2358 4744 quod
2398 4686 2735 4730 mortuorum
2772 4675 2951 4728 futura
2975 4677 3308 4732 resurrectio
3330 4677 3422 4737 sit,
3454 4687 3620 4747 atque

2048 4777 2251 4824 aeterna
2285 4769 2582 4833 damnatio,
2621 4770 2952 4839 cmlesteque
2994 4784 3243 4839 regnum,
3276 4769 3622 4839 etjustorum

433 4918 930 5000 _'_L§gn&vOpw_1§ov
966 4920 1122 5000 dir-9'3,
1159 4922 1254 4976 καὶ
1286 4923 1439 5000 εᾷεόνἔ
1477 4923 1518 5000 ,³
1556 4922 1834 5000 Joan._a_tx,
1864 4925 1947 5000 g7;

2088 4925 2243 4980 Rom.
2273 4940 2355 5000 vi.
2386 4926 2440 4982 9.
2519 4927 2539 4957 ἰ
2575 4924 2732 4981 Rom.
2772 4941 2890 4992 vnI,
2930 4926 3021 4980 '54.
3069 4929 3090 4960 ⁵
3114 4926 3373 4987 lCor.xv.
3406 4928 3476 4982 42
3506 4943 3608 5000 sqq

363 4995 387 5027 ⁸
423 4993 464 5049 ll
503 4983 630 5049 cor.
674 4983 762 5058 v,'
808 4991 895 5047 16.
971 4983 1184 5046 τἸἰοὶιι.
1221 5008 1260 5060 ι,
1288 4992 1342 5048 4.
1418 4992 1440 5024 ⁸
1476 4991 1609 5048 Luc.
1635 5011 1670 5060 I,
1709 4983 1831 5050 ’ὀῦβ
1876 4997 1896 5026 ³
1929 4994 1947 5048 1

2054 5011 2130 5050 0r.
2173 5012 2224 5060 ν,
2266 4983 2354 5049 ll).
2878 4983 2888 4992 ’
3265 4983 3274 4986 ⁷
3363 4983 3373 4987 ⁷
3519 4983 3627 5013 7'"

431 5191 680 5265 (8i)_Kal
703 5193 1100 5265 o'vmv.t_r'0'0n_
1118 5189 1494 5265 pst’aiifrdw.
1527 5191 1646 5265 Act.
1682 5207 1721 5257 ι,
1751 5192 1814 5247 κίε
1835 5193 1945 5265 Καὶ

361 5260 1415 5334 συναλιζόμενοςῌπαρήγγειλενίαύτοῖς,
1438 5269 1554 5334 etc:
1576 5260 1694 5334 Δ1)ι“ο
1728 5279 1848 5334 quo~
1875 5264 1946 5318 le-

360 5336 506 5401 gisse
532 5331 746 5388 videtur
772 5331 1128 5403 Epiphanius,
1153 5333 1271 5403 iisti.
1292 5331 1772 5403 συναυλιζόμενος.
1806 5332 1940 5387 Nam

359 5405 414 5458 in
440 5401 893 5473 Anaceplraltvosi,
928 5419 1048 5471 pag.
1075 5401 1392 5473 ll‘20,idem
1425 5403 1758 5473 vocabulum
1783 5419 1944 5458 usur-

397 5483 470 5528 at.
506 5471 626 5528 Kal.
665 5472 978 5533 συνεσθίων,
1020 5473 1215 5540 inquit,
1256 5472 1351 5524 καὶ
1395 5471 1840 5541 συναυλιζόμενος
1880 5473 1941 5525 ού

397 5491 470 5528 at.
509 5491 617 5528 non.
665 5491 978 5533 συνεσυιων,
1020 5491 1215 5540 ιιιψιιι,
1256 5491 1351 5524 και
1395 5491 1840 5541 συναυλιψμενος
1880 5491 1934 5525 ου

357 5491 611 5616 ἕοκήσει,
676 5542 1069 5616 ἀλλ’ίάληθεία.
1131 5541 1451 5616 Quanquam
1473 5543 1580 5616 lib.
1623 5560 1635 5594 ι
1675 5541 1934 5615 _Panarii,

363 5607 490 5684 pag:
517 5607 607 5679 50,
633 5614 777 5670 unde
799 5607 976 5668 locum
1004 5607 1154 5666 illum
1180 5613 1232 5667 in
1260 5607 1719 5684 Auacephalreosiu
1756 5622 1935 5684 trans-

361 5682 509 5748 tulit,
539 5700 883 5740 communem
917 5684 1201 5737 lectionem
1245 5686 1546 5750 expressit:
1601 5682 1695 5733 καὶ
1723 5683 1936 5735 συναλί

365 5756 516 5820 ζεται
563 5757 624 5810 ού
680 5755 918 5825 δοκήσει,
966 5753 1080 5806 ἀλλ’
1109 5751 1353 5825 ἀληθεία.
1380 5749 1622 5825 _Verhum
1664 5752 1931 5825 συναλίζε-

799 5806 918 5879 ’ίοι-ιέ
957 5806 1276 5894 potestatem
1308 5806 1489 5894 liabet,
1523 5837 1687 5890 quam
1711 5822 1788 5891 τῷ
1818 5806 1942 5873 σύν-

366 5894 678 5963 αυλίζεσθαι
721 5892 1328 5968 quidatnattribuuut;
1364 5892 1620 5947 nimirum
1673 5894 1942 5947 convenire

2051 5210 2168 5265 cum
2205 5193 2404 5264 aliqua,
2446 5196 2771 5265 congregari.
2811 5195 2987 5264 Atque
3017 5195 3091 5247 ita
3127 5192 3421 5265 nonnullos
3452 5193 3636 5265 legere

2053 5263 2194 5317 Beda
2247 5262 2498 5319 testatur.
2547 5262 2931 5333 Atrinlerpre‘s
2979 5273 3165 5317 noster
3210 5262 3630 5330 συναλιζόμενος

2051 5336 2212 5388 vertit
2237 5351 2565 5389 convesrens.
2599 5335 2717 5401 Quo
2741 5351 2905 5389 sensu
2933 5335 3360 5403 Clirysostomus
3384 5335 3625 5403 accepit,

2049 5412 2102 5458 et
2137 5404 2179 5457 Τ
2187 5406 2582 5476 hcophylactus
2610 5446 2626 5470 ,
2686 5401 3062 5476 utAitlemusit'
3096 5420 3160 5458 ac
3205 5402 3334 5476 τῶν-
3350 5401 3629 5476 ἀλῶν-και

2047 5475 2328 5545 τραπέζης
2357 5473 2625 5545 μετέχειν.
2667 5474 2771 5528 Sed
2806 5481 2858 5526 et
2897 5473 3260 5545 Hieronymus
3299 5473 3469 5542 Epist.
3501 5473 3628 5545 15:0.

2043 5543 2109 5598 ad
2135 5543 2434 5607 Hedibiam,
2461 5543 2711 5605 qiimstﬂ,
2737 5559 3043 5614 reuirescens
3073 5544 3444 5614 legit._Pt-:'r.\v.
3462 5545 3533 5614 ef
3554 5543 3630 5599 De

2043 5616 2224 5670 verbis
2248 5615 2657 5684 συναυλίζομαι,
2677 5621 2729 5667 et
2748 5611 3337 5684 συναλίζομαιξθτιθειιι
3358 5612 3629 5680 signiﬁca-

2044 5685 2191 5737 tione
2211 5685 2511 5754 usurpatis,
2533 5683 2724 5753 prmtcr
2750 5685 2987 5752 illa,qua3
3011 5683 3076 5754 ad
3101 5683 3277 5754 locum
3295 5692 3625 5754 praesentem

2047 5752 2478 5824 luculentiséima
2519 5752 2614 5824 pro
2641 5769 2792 5824 more
2827 5752 3237 5824 SlleNlllOlaVii.
3272 5753 3627 5824 doctissimus

2043 5823 2335 5884 Petavius,
2382 5821 2608 5897 consule
2655 5823 2872 5897 Lingua:
2924 5823 3124 5880 erra:
3181 5821 3509 5880 Thesaurum
3555 5821 3625 5875 ad

2043 5911 2206 5950 voces
2241 5896 2436 5966 Λὺλιξ,
2473 5905 2526 5951 ct
2561 5897 2738 5952 Ἀλιά.
