  <div class='ocr_page' id='page_1' title='image "/cluster/home/n/w/nwhite01/storage/ocr_20150623/42/mdp.39015052824052/439.png"; bbox 0 0 3986 6224; ppageno 0'>
   <div class='ocr_carea' id='block_1_1' title="bbox 349 373 474 448">
    <p class='ocr_par' dir='ltr' id='par_1_1' title="bbox 349 373 474 448">
     <span class='ocr_line' id='line_1_1' title="bbox 349 373 474 448; baseline 0 -1"><span class='ocrx_word' id='word_1_1' title='bbox 349 373 474 448; x_wconf 77' lang='grc'><strong>’819</strong></span> 
     </span>
    </p>
   </div>
   <div class='ocr_carea' id='block_1_2' title="bbox 1771 350 2290 473">
    <p class='ocr_par' dir='ltr' id='par_1_2' title="bbox 1771 350 2290 473">
     <span class='ocr_line' id='line_1_2' title="bbox 1771 350 2290 473; baseline -0.002 -29"><span class='ocrx_word' id='word_1_2' title='bbox 1771 389 1830 444; x_wconf 89' lang='lat' dir='ltr'><strong>s.</strong></span> <span class='ocrx_word' id='word_1_3' title='bbox 1865 385 2207 473; x_wconf 67' lang='lat' dir='ltr'><strong>EPlPllANll</strong></span> <span class='ocrx_word' id='word_1_4' title='bbox 2287 350 2290 352; x_wconf 54' lang='grc'><em>’</em></span> 
     </span>
    </p>
   </div>
   <div class='ocr_carea' id='block_1_3' title="bbox 3505 391 3611 450">
    <p class='ocr_par' dir='ltr' id='par_1_3' title="bbox 3505 391 3611 450">
     <span class='ocr_line' id='line_1_3' title="bbox 3505 391 3611 450; baseline 0.019 -2"><span class='ocrx_word' id='word_1_5' title='bbox 3505 391 3611 450; x_wconf 73' lang='lat'><strong>820</strong></span> 
     </span>
    </p>
   </div>
   <div class='ocr_carea' id='block_1_4' title="bbox 363 501 1961 579">
    <p class='ocr_par' dir='ltr' id='par_1_4' title="bbox 363 501 1961 574">
     <span class='ocr_line' id='line_1_4' title="bbox 363 501 1961 574; baseline -0.001 -16"><span class='ocrx_word' id='word_1_6' title='bbox 363 505 524 574; x_wconf 90' lang='lat' dir='ltr'><strong>quies</strong></span> <span class='ocrx_word' id='word_1_7' title='bbox 572 517 635 558; x_wconf 90' lang='lat' dir='ltr'><strong>ac</strong></span> <span class='ocrx_word' id='word_1_8' title='bbox 701 501 936 558; x_wconf 93' lang='lat' dir='ltr'><strong>ﬁdelium</strong></span> <span class='ocrx_word' id='word_1_9' title='bbox 983 501 1275 558; x_wconf 85' lang='lat' dir='ltr'><strong>haereditas</strong></span> <span class='ocrx_word' id='word_1_10' title='bbox 1330 504 1748 574; x_wconf 87' lang='lat' dir='ltr'><strong>communisque</strong></span> <span class='ocrx_word' id='word_1_11' title='bbox 1797 519 1961 564; x_wconf 72' lang='lat' dir='ltr'><strong>cum.</strong></span> 
     </span>
    </p>
   </div>
   <div class='ocr_carea' id='block_1_5' title="bbox 2062 501 3610 579">
    <p class='ocr_par' dir='ltr' id='par_1_5' title="bbox 2062 503 3610 579">
     <span class='ocr_line' id='line_1_5' title="bbox 2062 503 3610 579; baseline 0.004 -23"><span class='ocrx_word' id='word_1_12' title='bbox 2062 503 2298 574; x_wconf 70' lang='grc' dir='ltr'>γγέλων,</span> <span class='ocrx_word' id='word_1_13' title='bbox 2370 505 2478 560; x_wconf 83' lang='grc' dir='ltr'><strong>τῶν</strong></span> <span class='ocrx_word' id='word_1_14' title='bbox 2531 507 2911 579; x_wconf 85' lang='grc' dir='ltr'>τετηρηκότων</span> <span class='ocrx_word' id='word_1_15' title='bbox 2961 507 3058 579; x_wconf 78' lang='grc' dir='ltr'>τὴν</span> <span class='ocrx_word' id='word_1_16' title='bbox 3111 507 3292 560; x_wconf 83' lang='grc' dir='ltr'>πίστιν</span> <span class='ocrx_word' id='word_1_17' title='bbox 3353 505 3450 560; x_wconf 70' lang='grc' dir='ltr'><strong>καὶ</strong></span> <span class='ocrx_word' id='word_1_18' title='bbox 3511 509 3610 578; x_wconf 77' lang='grc' dir='ltr'><strong>τὴν</strong></span> 
     </span>
    </p>
   </div>
   <div class='ocr_carea' id='block_1_6' title="bbox 365 596 1938 667">
    <p class='ocr_par' dir='ltr' id='par_1_6' title="bbox 365 596 1938 667">
     <span class='ocr_line' id='line_1_6' title="bbox 365 596 1938 667; baseline -0.001 -16"><span class='ocrx_word' id='word_1_19' title='bbox 365 598 570 667; x_wconf 82' lang='lat' dir='ltr'><strong>angelis</strong></span> <span class='ocrx_word' id='word_1_20' title='bbox 586 597 786 650; x_wconf 88' lang='lat' dir='ltr'><strong>chorus</strong></span> <span class='ocrx_word' id='word_1_21' title='bbox 813 598 880 654; x_wconf 91' lang='lat' dir='ltr'><strong>iis</strong></span> <span class='ocrx_word' id='word_1_22' title='bbox 901 597 1256 662; x_wconf 88' lang='lat' dir='ltr'><strong>constitutus,</strong></span> <span class='ocrx_word' id='word_1_23' title='bbox 1281 598 1374 667; x_wconf 90' lang='lat' dir='ltr'><strong>qui</strong></span> <span class='ocrx_word' id='word_1_24' title='bbox 1405 597 1560 652; x_wconf 88' lang='lat' dir='ltr'><strong>ﬁdem</strong></span> <span class='ocrx_word' id='word_1_25' title='bbox 1589 605 1644 652; x_wconf 94' lang='lat' dir='ltr'><strong>et</strong></span> <span class='ocrx_word' id='word_1_26' title='bbox 1677 596 1938 652; x_wconf 80' lang='lat' dir='ltr'><strong>castimo-</strong></span> 
     </span>
    </p>
   </div>
   <div class='ocr_carea' id='block_1_7' title="bbox 367 685 1936 757">
    <p class='ocr_par' dir='ltr' id='par_1_7' title="bbox 367 685 1936 757">
     <span class='ocr_line' id='line_1_7' title="bbox 367 685 1936 757; baseline 0.001 -18"><span class='ocrx_word' id='word_1_27' title='bbox 367 687 510 739; x_wconf 87' lang='lat' dir='ltr'><strong>niam</strong></span> <span class='ocrx_word' id='word_1_28' title='bbox 535 693 588 739; x_wconf 91' lang='lat' dir='ltr'><strong>et</strong></span> <span class='ocrx_word' id='word_1_29' title='bbox 621 700 770 754; x_wconf 87' lang='lat' dir='ltr'><strong>spem</strong></span> <span class='ocrx_word' id='word_1_30' title='bbox 802 701 865 740; x_wconf 89' lang='lat' dir='ltr'><strong>ac</strong></span> <span class='ocrx_word' id='word_1_31' title='bbox 887 685 1098 742; x_wconf 83' lang='lat' dir='ltr'><strong>Domini</strong></span> <span class='ocrx_word' id='word_1_32' title='bbox 1130 695 1396 757; x_wconf 65' lang='lat' dir='ltr'><strong>praecepta</strong></span> <span class='ocrx_word' id='word_1_33' title='bbox 1438 686 1729 750; x_wconf 72' lang='lat' dir='ltr'><strong>servarint,</strong></span> <span class='ocrx_word' id='word_1_34' title='bbox 1759 685 1936 740; x_wconf 85' lang='lat' dir='ltr'><strong>veris-</strong></span> 
     </span>
    </p>
   </div>
   <div class='ocr_carea' id='block_1_8' title="bbox 365 774 1937 844">
    <p class='ocr_par' dir='ltr' id='par_1_8' title="bbox 365 774 1937 844">
     <span class='ocr_line' id='line_1_8' title="bbox 365 774 1937 844; baseline -0.001 -15"><span class='ocrx_word' id='word_1_35' title='bbox 365 775 565 829; x_wconf 85' lang='lat' dir='ltr'><strong>simum</strong></span> <span class='ocrx_word' id='word_1_36' title='bbox 591 781 700 840; x_wconf 90' lang='lat' dir='ltr'><strong>est;</strong></span> <span class='ocrx_word' id='word_1_37' title='bbox 725 774 886 844; x_wconf 81' lang='lat' dir='ltr'><strong>idque</strong></span> <span class='ocrx_word' id='word_1_38' title='bbox 911 784 965 828; x_wconf 91' lang='lat' dir='ltr'><strong>et</strong></span> <span class='ocrx_word' id='word_1_39' title='bbox 989 774 1344 844; x_wconf 77' lang='lat' dir='ltr'><strong>praedicatum</strong></span> <span class='ocrx_word' id='word_1_40' title='bbox 1363 785 1418 830; x_wconf 93' lang='lat' dir='ltr'><strong>et</strong></span> <span class='ocrx_word' id='word_1_41' title='bbox 1455 775 1764 830; x_wconf 89' lang='lat' dir='ltr'><strong>certissime</strong></span> <span class='ocrx_word' id='word_1_42' title='bbox 1785 790 1937 830; x_wconf 84' lang='lat' dir='ltr'><strong>eom-</strong></span> 
     </span>
    </p>
   </div>
   <div class='ocr_carea' id='block_1_9' title="bbox 367 865 1936 939">
    <p class='ocr_par' dir='ltr' id='par_1_9' title="bbox 367 865 1936 939">
     <span class='ocr_line' id='line_1_9' title="bbox 367 865 1936 939; baseline 0.003 -22"><span class='ocrx_word' id='word_1_43' title='bbox 367 865 656 935; x_wconf 83' lang='lat' dir='ltr'><strong>probatum</strong></span> <span class='ocrx_word' id='word_1_44' title='bbox 707 875 760 920; x_wconf 92' lang='lat' dir='ltr'><strong>et</strong></span> <span class='ocrx_word' id='word_1_45' title='bbox 797 865 1102 930; x_wconf 87' lang='lat' dir='ltr'><strong>creditum,</strong></span> <span class='ocrx_word' id='word_1_46' title='bbox 1148 869 1406 936; x_wconf 88' lang='lat' dir='ltr'><strong>quoniam</strong></span> <span class='ocrx_word' id='word_1_47' title='bbox 1447 869 1502 922; x_wconf 89' lang='lat' dir='ltr'><strong>bi</strong></span> <span class='ocrx_word' id='word_1_48' title='bbox 1545 876 1833 939; x_wconf 89' lang='lat' dir='ltr'><strong>resurgent</strong></span> <span class='ocrx_word' id='word_1_49' title='bbox 1879 867 1936 921; x_wconf 90' lang='lat' dir='ltr'><strong>in</strong></span> 
     </span>
    </p>
   </div>
   <div class='ocr_carea' id='block_1_10' title="bbox 367 955 1935 1029">
    <p class='ocr_par' dir='ltr' id='par_1_10' title="bbox 367 955 1935 1029">
     <span class='ocr_line' id='line_1_10' title="bbox 367 955 1935 1029; baseline 0.003 -22"><span class='ocrx_word' id='word_1_50' title='bbox 367 955 537 1008; x_wconf 79' lang='lat' dir='ltr'><strong>vitam</strong></span> <span class='ocrx_word' id='word_1_51' title='bbox 600 963 856 1009; x_wconf 58' lang='lat' dir='ltr'><strong>arternam</strong></span> <span class='ocrx_word' id='word_1_52' title='bbox 880 957 895 986; x_wconf 71' lang='grc' dir='ltr'><strong>ί</strong></span> <span class='ocrx_word' id='word_1_53' title='bbox 937 974 950 1010; x_wconf 88' lang='lat'><strong>:</strong></span> <span class='ocrx_word' id='word_1_54' title='bbox 989 965 1047 1011; x_wconf 91' lang='lat' dir='ltr'><strong>ut</strong></span> <span class='ocrx_word' id='word_1_55' title='bbox 1085 957 1139 1010; x_wconf 91' lang='lat' dir='ltr'><strong>in</strong></span> <span class='ocrx_word' id='word_1_56' title='bbox 1176 957 1468 1028; x_wconf 83' lang='lat' dir='ltr'><strong>Evangelio</strong></span> <span class='ocrx_word' id='word_1_57' title='bbox 1519 959 1784 1029; x_wconf 87' lang='lat' dir='ltr'><strong>scriptum</strong></span> <span class='ocrx_word' id='word_1_58' title='bbox 1829 965 1935 1013; x_wconf 89' lang='lat' dir='ltr'><strong>est.</strong></span> 
     </span>
    </p>
   </div>
   <div class='ocr_carea' id='block_1_11' title="bbox 367 1044 1939 1118">
    <p class='ocr_par' dir='ltr' id='par_1_11' title="bbox 367 1044 1939 1118">
     <span class='ocr_line' id='line_1_11' title="bbox 367 1044 1939 1118; baseline 0.003 -20"><span class='ocrx_word' id='word_1_59' title='bbox 367 1044 504 1098; x_wconf 84' lang='lat' dir='ltr'><strong>Nam</strong></span> <span class='ocrx_word' id='word_1_60' title='bbox 553 1061 893 1116; x_wconf 70' lang='lat' dir='ltr'><strong>quaecunque</strong></span> <span class='ocrx_word' id='word_1_61' title='bbox 931 1048 1016 1102; x_wconf 87' lang='lat' dir='ltr'><strong>vel</strong></span> <span class='ocrx_word' id='word_1_62' title='bbox 1067 1050 1362 1118; x_wconf 88' lang='lat' dir='ltr'><strong>Apostolus</strong></span> <span class='ocrx_word' id='word_1_63' title='bbox 1417 1050 1500 1103; x_wconf 85' lang='lat' dir='ltr'><strong>vel</strong></span> <span class='ocrx_word' id='word_1_64' title='bbox 1549 1065 1704 1104; x_wconf 82' lang='lat' dir='ltr'><strong>sacra</strong></span> <span class='ocrx_word' id='word_1_65' title='bbox 1759 1049 1939 1103; x_wconf 89' lang='lat' dir='ltr'><strong>omnis</strong></span> 
     </span>
    </p>
   </div>
   <div class='ocr_carea' id='block_1_12' title="bbox 373 1136 1938 1210">
    <p class='ocr_par' dir='ltr' id='par_1_12' title="bbox 373 1136 1938 1210">
     <span class='ocr_line' id='line_1_12' title="bbox 373 1136 1938 1210; baseline 0.002 -20"><span class='ocrx_word' id='word_1_66' title='bbox 373 1136 655 1206; x_wconf 73' lang='lat' dir='ltr'><strong>Scriptura</strong></span> <span class='ocrx_word' id='word_1_67' title='bbox 679 1145 928 1204; x_wconf 83' lang='lat' dir='ltr'><strong>testatur,</strong></span> <span class='ocrx_word' id='word_1_68' title='bbox 955 1154 1081 1194; x_wconf 86' lang='lat' dir='ltr'><strong>vera</strong></span> <span class='ocrx_word' id='word_1_69' title='bbox 1115 1147 1261 1206; x_wconf 89' lang='lat' dir='ltr'><strong>sunt,</strong></span> <span class='ocrx_word' id='word_1_70' title='bbox 1287 1141 1412 1195; x_wconf 90' lang='lat' dir='ltr'><strong>licet</strong></span> <span class='ocrx_word' id='word_1_71' title='bbox 1445 1141 1690 1196; x_wconf 82' lang='lat' dir='ltr'><strong>infideles</strong></span> <span class='ocrx_word' id='word_1_72' title='bbox 1729 1149 1789 1194; x_wconf 88' lang='lat' dir='ltr'><strong>ac</strong></span> <span class='ocrx_word' id='word_1_73' title='bbox 1813 1156 1938 1210; x_wconf 88' lang='lat' dir='ltr'><strong>per-</strong></span> 
     </span>
    </p>
   </div>
   <div class='ocr_carea' id='block_1_13' title="bbox 372 1229 1940 1300">
    <p class='ocr_par' dir='ltr' id='par_1_13' title="bbox 372 1229 1940 1300">
     <span class='ocr_line' id='line_1_13' title="bbox 372 1229 1940 1300; baseline 0 -18"><span class='ocrx_word' id='word_1_74' title='bbox 372 1244 558 1298; x_wconf 86' lang='lat' dir='ltr'><strong>peram</strong></span> <span class='ocrx_word' id='word_1_75' title='bbox 586 1229 950 1300; x_wconf 86' lang='lat' dir='ltr'><strong>intelligentes</strong></span> <span class='ocrx_word' id='word_1_76' title='bbox 970 1232 1127 1286; x_wconf 85' lang='lat' dir='ltr'><strong>aliter</strong></span> <span class='ocrx_word' id='word_1_77' title='bbox 1151 1231 1490 1287; x_wconf 76' lang='lat' dir='ltr'><strong>existiment.</strong></span> <span class='ocrx_word' id='word_1_78' title='bbox 1523 1230 1693 1287; x_wconf 85' lang='lat' dir='ltr'><strong>Nobis</strong></span> <span class='ocrx_word' id='word_1_79' title='bbox 1725 1246 1854 1286; x_wconf 89' lang='lat' dir='ltr'><strong>vero</strong></span> <span class='ocrx_word' id='word_1_80' title='bbox 1878 1243 1940 1284; x_wconf 90' lang='lat' dir='ltr'><strong>ea</strong></span> 
     </span>
    </p>
   </div>
   <div class='ocr_carea' id='block_1_14' title="bbox 373 1309 1942 1392">
    <p class='ocr_par' dir='ltr' id='par_1_14' title="bbox 373 1309 1942 1392">
     <span class='ocr_line' id='line_1_14' title="bbox 373 1309 1942 1392; baseline 0.002 -20"><span class='ocrx_word' id='word_1_81' title='bbox 373 1322 592 1374; x_wconf 87' lang='lat' dir='ltr'><strong>demum</strong></span> <span class='ocrx_word' id='word_1_82' title='bbox 641 1320 774 1374; x_wconf 86' lang='lat' dir='ltr'><strong>ﬁdes</strong></span> <span class='ocrx_word' id='word_1_83' title='bbox 807 1309 924 1385; x_wconf 78' lang='grc' dir='ltr'>ὀει,</span> <span class='ocrx_word' id='word_1_84' title='bbox 959 1322 1006 1376; x_wconf 89' lang='lat' dir='ltr'><strong>is</strong></span> <span class='ocrx_word' id='word_1_85' title='bbox 1056 1323 1234 1376; x_wconf 89' lang='lat' dir='ltr'><strong>honor</strong></span> <span class='ocrx_word' id='word_1_86' title='bbox 1263 1336 1327 1376; x_wconf 88' lang='lat' dir='ltr'><strong>ac</strong></span> <span class='ocrx_word' id='word_1_87' title='bbox 1379 1323 1618 1392; x_wconf 84' lang='lat' dir='ltr'><strong>dignitas</strong></span> <span class='ocrx_word' id='word_1_88' title='bbox 1655 1341 1668 1376; x_wconf 88' lang='lat'><strong>:</strong></span> <span class='ocrx_word' id='word_1_89' title='bbox 1715 1323 1828 1376; x_wconf 84' lang='lat' dir='ltr'><strong>haec</strong></span> <span class='ocrx_word' id='word_1_90' title='bbox 1859 1329 1942 1375; x_wconf 89' lang='lat' dir='ltr'><strong>est</strong></span> 
     </span>
    </p>
   </div>
   <div class='ocr_carea' id='block_1_15' title="bbox 373 1413 1944 1484">
    <p class='ocr_par' dir='ltr' id='par_1_15' title="bbox 373 1413 1944 1484">
     <span class='ocr_line' id='line_1_15' title="bbox 373 1413 1944 1484; baseline 0.002 -20"><span class='ocrx_word' id='word_1_91' title='bbox 373 1418 564 1466; x_wconf 89' lang='lat' dir='ltr'><strong>nostra</strong></span> <span class='ocrx_word' id='word_1_92' title='bbox 615 1423 787 1468; x_wconf 84' lang='lat' dir='ltr'><strong>mater</strong></span> <span class='ocrx_word' id='word_1_93' title='bbox 833 1413 1098 1478; x_wconf 77' lang='lat' dir='ltr'><strong>Ecclesia,</strong></span> <span class='ocrx_word' id='word_1_94' title='bbox 1145 1429 1266 1483; x_wconf 68' lang='lat' dir='ltr'><strong>quae</strong></span> <span class='ocrx_word' id='word_1_95' title='bbox 1317 1431 1414 1484; x_wconf 90' lang='lat' dir='ltr'><strong>per</strong></span> <span class='ocrx_word' id='word_1_96' title='bbox 1448 1415 1606 1470; x_wconf 89' lang='lat' dir='ltr'><strong>ﬁdem</strong></span> <span class='ocrx_word' id='word_1_97' title='bbox 1664 1421 1847 1470; x_wconf 87' lang='lat' dir='ltr'><strong>servat</strong></span> <span class='ocrx_word' id='word_1_98' title='bbox 1889 1423 1944 1468; x_wconf 92' lang='lat' dir='ltr'><strong>et</strong></span> 
     </span>
    </p>
   </div>
   <div class='ocr_carea' id='block_1_16' title="bbox 373 1505 1946 1573">
    <p class='ocr_par' dir='ltr' id='par_1_16' title="bbox 373 1505 1946 1573">
     <span class='ocr_line' id='line_1_16' title="bbox 373 1505 1946 1573; baseline 0 -13"><span class='ocrx_word' id='word_1_99' title='bbox 373 1518 548 1572; x_wconf 86' lang='lat' dir='ltr'><strong>spem,</strong></span> <span class='ocrx_word' id='word_1_100' title='bbox 591 1506 977 1560; x_wconf 86' lang='lat' dir='ltr'><strong>corroboratur</strong></span> <span class='ocrx_word' id='word_1_101' title='bbox 1009 1505 1214 1561; x_wconf 88' lang='lat' dir='ltr'><strong>Christi</strong></span> <span class='ocrx_word' id='word_1_102' title='bbox 1261 1507 1566 1573; x_wconf 87' lang='lat' dir='ltr'><strong>charitate,</strong></span> <span class='ocrx_word' id='word_1_103' title='bbox 1633 1522 1846 1562; x_wconf 87' lang='lat' dir='ltr'><strong>necnon</strong></span> <span class='ocrx_word' id='word_1_104' title='bbox 1892 1513 1946 1561; x_wconf 90' lang='lat' dir='ltr'><strong>et</strong></span> 
     </span>
    </p>
   </div>
   <div class='ocr_carea' id='block_1_17' title="bbox 371 1596 1944 1669">
    <p class='ocr_par' dir='ltr' id='par_1_17' title="bbox 371 1596 1944 1669">
     <span class='ocr_line' id='line_1_17' title="bbox 371 1596 1944 1669; baseline 0.001 -19"><span class='ocrx_word' id='word_1_105' title='bbox 371 1596 644 1664; x_wconf 76' lang='lat' dir='ltr'><strong>ejusmodi</strong></span> <span class='ocrx_word' id='word_1_106' title='bbox 683 1599 1022 1668; x_wconf 80' lang='lat' dir='ltr'><strong>professione</strong></span> <span class='ocrx_word' id='word_1_107' title='bbox 1068 1615 1132 1654; x_wconf 88' lang='lat' dir='ltr'><strong>ac</strong></span> <span class='ocrx_word' id='word_1_108' title='bbox 1175 1599 1450 1669; x_wconf 87' lang='lat' dir='ltr'><strong>mysteriis</strong></span> <span class='ocrx_word' id='word_1_109' title='bbox 1501 1599 1863 1669; x_wconf 86' lang='lat' dir='ltr'><strong>baptismique</strong></span> <span class='ocrx_word' id='word_1_110' title='bbox 1891 1600 1944 1652; x_wconf 89' lang='lat' dir='ltr'><strong>vi</strong></span> 
     </span>
    </p>
   </div>
   <div class='ocr_carea' id='block_1_18' title="bbox 375 1686 1947 1759">
    <p class='ocr_par' dir='ltr' id='par_1_18' title="bbox 375 1686 1947 1759">
     <span class='ocr_line' id='line_1_18' title="bbox 375 1686 1947 1759; baseline 0.004 -20"><span class='ocrx_word' id='word_1_111' title='bbox 375 1701 441 1740; x_wconf 90' lang='lat' dir='ltr'><strong>ac</strong></span> <span class='ocrx_word' id='word_1_112' title='bbox 470 1686 790 1756; x_wconf 80' lang='lat' dir='ltr'><strong>purgatione</strong></span> <span class='ocrx_word' id='word_1_113' title='bbox 831 1687 1132 1757; x_wconf 91' lang='lat' dir='ltr'><strong>perﬁcitur.</strong></span> <span class='ocrx_word' id='word_1_114' title='bbox 1181 1689 1401 1756; x_wconf 76' lang='lat' dir='ltr'><strong>Euntes,</strong></span> <span class='ocrx_word' id='word_1_115' title='bbox 1447 1690 1644 1758; x_wconf 91' lang='lat' dir='ltr'><strong>inquit,</strong></span> <span class='ocrx_word' id='word_1_116' title='bbox 1681 1689 1947 1759; x_wconf 73' lang='lat' dir='ltr'><strong>baptizata</strong></span> 
     </span>
    </p>
   </div>
   <div class='ocr_carea' id='block_1_19' title="bbox 374 1777 1948 1848">
    <p class='ocr_par' dir='ltr' id='par_1_19' title="bbox 374 1777 1948 1848">
     <span class='ocr_line' id='line_1_19' title="bbox 374 1777 1948 1848; baseline 0.003 -16"><span class='ocrx_word' id='word_1_117' title='bbox 374 1781 431 1833; x_wconf 84' lang='lat' dir='ltr'><strong>in</strong></span> <span class='ocrx_word' id='word_1_118' title='bbox 464 1779 673 1832; x_wconf 78' lang='lat' dir='ltr'><strong>nomine</strong></span> <span class='ocrx_word' id='word_1_119' title='bbox 703 1779 882 1832; x_wconf 77' lang='lat' dir='ltr'><strong>Patris</strong></span> <span class='ocrx_word' id='word_1_120' title='bbox 904 1789 951 1832; x_wconf 86' lang='lat' dir='ltr'><strong>et</strong></span> <span class='ocrx_word' id='word_1_121' title='bbox 983 1777 1116 1833; x_wconf 81' lang='lat' dir='ltr'><strong>Filii</strong></span> <span class='ocrx_word' id='word_1_122' title='bbox 1140 1788 1190 1833; x_wconf 82' lang='lat' dir='ltr'><strong>et</strong></span> <span class='ocrx_word' id='word_1_123' title='bbox 1217 1778 1454 1848; x_wconf 79' lang='lat' dir='ltr'><strong>Spiritus</strong></span> <span class='ocrx_word' id='word_1_124' title='bbox 1484 1781 1698 1834; x_wconf 76' lang='lat' dir='ltr'><strong>sancti‘</strong></span> <span class='ocrx_word' id='word_1_125' title='bbox 1729 1801 1742 1836; x_wconf 91' lang='lat'><strong>:</strong></span> <span class='ocrx_word' id='word_1_126' title='bbox 1775 1782 1828 1836; x_wconf 89' lang='lat' dir='ltr'><strong>in</strong></span> <span class='ocrx_word' id='word_1_127' title='bbox 1855 1796 1948 1835; x_wconf 90' lang='lat' dir='ltr'><strong>no-</strong></span> 
     </span>
    </p>
   </div>
   <div class='ocr_carea' id='block_1_20' title="bbox 377 1869 1944 1943">
    <p class='ocr_par' dir='ltr' id='par_1_20' title="bbox 377 1869 1944 1943">
     <span class='ocr_line' id='line_1_20' title="bbox 377 1869 1944 1943; baseline 0.002 -19"><span class='ocrx_word' id='word_1_128' title='bbox 377 1871 526 1926; x_wconf 85' lang='lat' dir='ltr'><strong>mine</strong></span> <span class='ocrx_word' id='word_1_129' title='bbox 559 1871 756 1924; x_wconf 70' lang='lat' dir='ltr'><strong>divinaa</strong></span> <span class='ocrx_word' id='word_1_130' title='bbox 793 1869 1098 1938; x_wconf 87' lang='lat' dir='ltr'><strong>Trinitatis,</strong></span> <span class='ocrx_word' id='word_1_131' title='bbox 1133 1872 1292 1941; x_wconf 87' lang='lat' dir='ltr'><strong>cujus</strong></span> <span class='ocrx_word' id='word_1_132' title='bbox 1339 1872 1635 1943; x_wconf 86' lang='lat' dir='ltr'><strong>appellatio</strong></span> <span class='ocrx_word' id='word_1_133' title='bbox 1667 1873 1944 1928; x_wconf 88' lang='lat' dir='ltr'><strong>diversum</strong></span> 
     </span>
    </p>
   </div>
   <div class='ocr_carea' id='block_1_21' title="bbox 375 1959 1946 2034">
    <p class='ocr_par' dir='ltr' id='par_1_21' title="bbox 375 1959 1946 2034">
     <span class='ocr_line' id='line_1_21' title="bbox 375 1959 1946 2034; baseline 0.003 -18"><span class='ocrx_word' id='word_1_134' title='bbox 375 1962 516 2018; x_wconf 84' lang='lat' dir='ltr'><strong>nihil</strong></span> <span class='ocrx_word' id='word_1_135' title='bbox 546 1963 812 2016; x_wconf 89' lang='lat' dir='ltr'><strong>continet.</strong></span> <span class='ocrx_word' id='word_1_136' title='bbox 843 1959 900 2014; x_wconf 92' lang='lat' dir='ltr'><strong>Si</strong></span> <span class='ocrx_word' id='word_1_137' title='bbox 934 1962 1150 2031; x_wconf 84' lang='lat' dir='ltr'><strong>quidem</strong></span> <span class='ocrx_word' id='word_1_138' title='bbox 1191 1979 1338 2018; x_wconf 90' lang='lat' dir='ltr'><strong>unus</strong></span> <span class='ocrx_word' id='word_1_139' title='bbox 1365 1979 1428 2019; x_wconf 88' lang='lat' dir='ltr'><strong>ac</strong></span> <span class='ocrx_word' id='word_1_140' title='bbox 1477 1964 1772 2034; x_wconf 85' lang='lat' dir='ltr'><strong>singularis</strong></span> <span class='ocrx_word' id='word_1_141' title='bbox 1803 1963 1946 2020; x_wconf 88' lang='lat' dir='ltr'><strong>Deus</strong></span> 
     </span>
    </p>
   </div>
   <div class='ocr_carea' id='block_1_22' title="bbox 386 2053 1946 2127">
    <p class='ocr_par' dir='ltr' id='par_1_22' title="bbox 386 2053 1946 2127">
     <span class='ocr_line' id='line_1_22' title="bbox 386 2053 1946 2127; baseline 0.003 -22"><span class='ocrx_word' id='word_1_142' title='bbox 386 2053 445 2106; x_wconf 89' lang='lat' dir='ltr'><strong>in</strong></span> <span class='ocrx_word' id='word_1_143' title='bbox 468 2053 586 2123; x_wconf 81' lang='lat' dir='ltr'><strong>lege</strong></span> <span class='ocrx_word' id='word_1_144' title='bbox 609 2061 664 2107; x_wconf 88' lang='lat' dir='ltr'><strong>et</strong></span> <span class='ocrx_word' id='word_1_145' title='bbox 703 2054 756 2106; x_wconf 92' lang='lat' dir='ltr'><strong>in</strong></span> <span class='ocrx_word' id='word_1_146' title='bbox 781 2053 1061 2122; x_wconf 87' lang='lat' dir='ltr'><strong>prophetis</strong></span> <span class='ocrx_word' id='word_1_147' title='bbox 1083 2063 1136 2108; x_wconf 91' lang='lat' dir='ltr'><strong>et</strong></span> <span class='ocrx_word' id='word_1_148' title='bbox 1159 2053 1212 2108; x_wconf 89' lang='lat' dir='ltr'><strong>in</strong></span> <span class='ocrx_word' id='word_1_149' title='bbox 1245 2053 1548 2126; x_wconf 83' lang='lat' dir='ltr'><strong>Evangeliis</strong></span> <span class='ocrx_word' id='word_1_150' title='bbox 1573 2063 1626 2111; x_wconf 91' lang='lat' dir='ltr'><strong>et</strong></span> <span class='ocrx_word' id='word_1_151' title='bbox 1652 2055 1706 2110; x_wconf 90' lang='lat' dir='ltr'><strong>in</strong></span> <span class='ocrx_word' id='word_1_152' title='bbox 1730 2068 1946 2127; x_wconf 89' lang='lat' dir='ltr'><strong>aposto-</strong></span> 
     </span>
    </p>
   </div>
   <div class='ocr_carea' id='block_1_23' title="bbox 377 2143 1947 2216">
    <p class='ocr_par' dir='ltr' id='par_1_23' title="bbox 377 2143 1947 2216">
     <span class='ocr_line' id='line_1_23' title="bbox 377 2143 1947 2216; baseline 0.003 -18"><span class='ocrx_word' id='word_1_153' title='bbox 377 2145 471 2208; x_wconf 88' lang='lat' dir='ltr'><strong>lis,</strong></span> <span class='ocrx_word' id='word_1_154' title='bbox 499 2144 554 2198; x_wconf 91' lang='lat' dir='ltr'><strong>in</strong></span> <span class='ocrx_word' id='word_1_155' title='bbox 593 2143 787 2200; x_wconf 77' lang='lat' dir='ltr'><strong>Vetere</strong></span> <span class='ocrx_word' id='word_1_156' title='bbox 815 2143 1076 2214; x_wconf 89' lang='lat' dir='ltr'><strong>Novoque</strong></span> <span class='ocrx_word' id='word_1_157' title='bbox 1123 2144 1472 2201; x_wconf 89' lang='lat' dir='ltr'><strong>Testamento</strong></span> <span class='ocrx_word' id='word_1_158' title='bbox 1516 2148 1842 2216; x_wconf 79' lang='lat' dir='ltr'><strong>praedicatus</strong></span> <span class='ocrx_word' id='word_1_159' title='bbox 1883 2162 1947 2202; x_wconf 85' lang='lat' dir='ltr'><strong>ac</strong></span> 
     </span>
    </p>
   </div>
   <div class='ocr_carea' id='block_1_24' title="bbox 377 2231 1946 2302">
    <p class='ocr_par' dir='ltr' id='par_1_24' title="bbox 377 2231 1946 2302">
     <span class='ocr_line' id='line_1_24' title="bbox 377 2231 1946 2302; baseline 0.001 -14"><span class='ocrx_word' id='word_1_160' title='bbox 377 2235 664 2288; x_wconf 83' lang='lat' dir='ltr'><strong>nuntiatus</strong></span> <span class='ocrx_word' id='word_1_161' title='bbox 693 2241 794 2298; x_wconf 88' lang='lat' dir='ltr'><strong>est,</strong></span> <span class='ocrx_word' id='word_1_162' title='bbox 826 2231 987 2286; x_wconf 81' lang='lat' dir='ltr'><strong>Pater</strong></span> <span class='ocrx_word' id='word_1_163' title='bbox 1018 2239 1072 2287; x_wconf 92' lang='lat' dir='ltr'><strong>et</strong></span> <span class='ocrx_word' id='word_1_164' title='bbox 1120 2231 1291 2287; x_wconf 89' lang='lat' dir='ltr'><strong>Filius</strong></span> <span class='ocrx_word' id='word_1_165' title='bbox 1327 2239 1382 2288; x_wconf 91' lang='lat' dir='ltr'><strong>et</strong></span> <span class='ocrx_word' id='word_1_166' title='bbox 1417 2232 1654 2302; x_wconf 90' lang='lat' dir='ltr'><strong>Spiritus</strong></span> <span class='ocrx_word' id='word_1_167' title='bbox 1697 2243 1946 2289; x_wconf 86' lang='lat' dir='ltr'><strong>sanctus.</strong></span> 
     </span>
    </p>
   </div>
   <div class='ocr_carea' id='block_1_25' title="bbox 377 2322 1946 2396">
    <p class='ocr_par' dir='ltr' id='par_1_25' title="bbox 377 2322 1946 2396">
     <span class='ocr_line' id='line_1_25' title="bbox 377 2322 1946 2396; baseline -0.001 -16"><span class='ocrx_word' id='word_1_168' title='bbox 377 2324 568 2396; x_wconf 82' lang='lat' dir='ltr'><strong>Neque</strong></span> <span class='ocrx_word' id='word_1_169' title='bbox 601 2339 730 2379; x_wconf 89' lang='lat' dir='ltr'><strong>vero</strong></span> <span class='ocrx_word' id='word_1_170' title='bbox 771 2322 1060 2380; x_wconf 91' lang='lat' dir='ltr'><strong>confusum</strong></span> <span class='ocrx_word' id='word_1_171' title='bbox 1087 2325 1346 2394; x_wconf 89' lang='lat' dir='ltr'><strong>quiddam</strong></span> <span class='ocrx_word' id='word_1_172' title='bbox 1393 2326 1509 2394; x_wconf 89' lang='lat' dir='ltr'><strong>ipsa</strong></span> <span class='ocrx_word' id='word_1_173' title='bbox 1541 2323 1807 2380; x_wconf 85' lang='lat' dir='ltr'><strong>Divinitas</strong></span> <span class='ocrx_word' id='word_1_174' title='bbox 1838 2333 1946 2389; x_wconf 88' lang='lat' dir='ltr'><strong>est,</strong></span> 
     </span>
    </p>
   </div>
   <div class='ocr_carea' id='block_1_26' title="bbox 379 2413 1948 2487">
    <p class='ocr_par' dir='ltr' id='par_1_26' title="bbox 379 2413 1948 2487">
     <span class='ocr_line' id='line_1_26' title="bbox 379 2413 1948 2487; baseline -0.004 -14"><span class='ocrx_word' id='word_1_175' title='bbox 379 2417 476 2473; x_wconf 85' lang='lat' dir='ltr'><strong>sed</strong></span> <span class='ocrx_word' id='word_1_176' title='bbox 507 2415 745 2487; x_wconf 87' lang='lat' dir='ltr'><strong>perfecta</strong></span> <span class='ocrx_word' id='word_1_177' title='bbox 781 2431 968 2470; x_wconf 79' lang='lat' dir='ltr'><strong>revera</strong></span> <span class='ocrx_word' id='word_1_178' title='bbox 1011 2415 1257 2472; x_wconf 85' lang='lat' dir='ltr'><strong>Trinitas</strong></span> <span class='ocrx_word' id='word_1_179' title='bbox 1301 2423 1418 2482; x_wconf 85' lang='lat' dir='ltr'><strong>est;</strong></span> <span class='ocrx_word' id='word_1_180' title='bbox 1449 2415 1728 2486; x_wconf 88' lang='lat' dir='ltr'><strong>perfectus</strong></span> <span class='ocrx_word' id='word_1_181' title='bbox 1761 2413 1948 2477; x_wconf 87' lang='lat' dir='ltr'><strong>Pater,</strong></span> 
     </span>
    </p>
   </div>
   <div class='ocr_carea' id='block_1_27' title="bbox 379 2505 1949 2578">
    <p class='ocr_par' dir='ltr' id='par_1_27' title="bbox 379 2505 1949 2578">
     <span class='ocr_line' id='line_1_27' title="bbox 379 2505 1949 2578; baseline -0.003 -15"><span class='ocrx_word' id='word_1_182' title='bbox 379 2508 662 2578; x_wconf 86' lang='lat' dir='ltr'><strong>perfectus</strong></span> <span class='ocrx_word' id='word_1_183' title='bbox 705 2506 898 2568; x_wconf 87' lang='lat' dir='ltr'><strong>Filius,</strong></span> <span class='ocrx_word' id='word_1_184' title='bbox 945 2505 1223 2576; x_wconf 90' lang='lat' dir='ltr'><strong>perfectus</strong></span> <span class='ocrx_word' id='word_1_185' title='bbox 1267 2505 1503 2576; x_wconf 85' lang='lat' dir='ltr'><strong>Spiritus</strong></span> <span class='ocrx_word' id='word_1_186' title='bbox 1552 2515 1812 2572; x_wconf 88' lang='lat' dir='ltr'><strong>sanctus;</strong></span> <span class='ocrx_word' id='word_1_187' title='bbox 1841 2521 1949 2560; x_wconf 87' lang='lat' dir='ltr'><strong>una</strong></span> 
     </span>
    </p>
   </div>
   <div class='ocr_carea' id='block_1_28' title="bbox 380 2597 1948 2668">
    <p class='ocr_par' dir='ltr' id='par_1_28' title="bbox 380 2597 1948 2668">
     <span class='ocr_line' id='line_1_28' title="bbox 380 2597 1948 2668; baseline -0.001 -16"><span class='ocrx_word' id='word_1_188' title='bbox 380 2599 661 2664; x_wconf 86' lang='lat' dir='ltr'><strong>divinitas,</strong></span> <span class='ocrx_word' id='word_1_189' title='bbox 690 2613 832 2652; x_wconf 89' lang='lat' dir='ltr'><strong>unus</strong></span> <span class='ocrx_word' id='word_1_190' title='bbox 858 2597 1024 2662; x_wconf 86' lang='lat' dir='ltr'><strong>Deus,</strong></span> <span class='ocrx_word' id='word_1_191' title='bbox 1043 2598 1132 2652; x_wconf 93' lang='lat' dir='ltr'><strong>cui</strong></span> <span class='ocrx_word' id='word_1_192' title='bbox 1157 2597 1348 2668; x_wconf 84' lang='lat' dir='ltr'><strong>gloria,</strong></span> <span class='ocrx_word' id='word_1_193' title='bbox 1375 2597 1550 2651; x_wconf 89' lang='lat' dir='ltr'><strong>honor</strong></span> <span class='ocrx_word' id='word_1_194' title='bbox 1577 2605 1629 2650; x_wconf 92' lang='lat' dir='ltr'><strong>et</strong></span> <span class='ocrx_word' id='word_1_195' title='bbox 1659 2597 1948 2667; x_wconf 89' lang='lat' dir='ltr'><strong>imperium</strong></span> 
     </span>
    </p>
   </div>
   <div class='ocr_carea' id='block_1_29' title="bbox 383 2687 1281 2742">
    <p class='ocr_par' dir='ltr' id='par_1_29' title="bbox 383 2687 1281 2742">
     <span class='ocr_line' id='line_1_29' title="bbox 383 2687 1281 2742; baseline -0.003 -1"><span class='ocrx_word' id='word_1_196' title='bbox 383 2689 440 2741; x_wconf 83' lang='lat' dir='ltr'><strong>in</strong></span> <span class='ocrx_word' id='word_1_197' title='bbox 477 2688 677 2742; x_wconf 64' lang='lat' dir='ltr'><strong>saecula</strong></span> <span class='ocrx_word' id='word_1_198' title='bbox 711 2687 1055 2742; x_wconf 58' lang='lat' dir='ltr'><strong>saculorum.</strong></span> <span class='ocrx_word' id='word_1_199' title='bbox 1087 2687 1281 2741; x_wconf 84' lang='lat' dir='ltr'><strong>Amen.</strong></span> 
     </span>
    </p>
   </div>
   <div class='ocr_carea' id='block_1_30' title="bbox 455 2777 1954 2849">
    <p class='ocr_par' dir='ltr' id='par_1_30' title="bbox 455 2777 1954 2849">
     <span class='ocr_line' id='line_1_30' title="bbox 455 2777 1954 2849; baseline 0.001 -17"><span class='ocrx_word' id='word_1_200' title='bbox 455 2777 596 2832; x_wconf 73' lang='lat' dir='ltr'><strong>XIX.</strong></span> <span class='ocrx_word' id='word_1_201' title='bbox 635 2778 912 2849; x_wconf 88' lang='lat' dir='ltr'><strong>Ejusmodi</strong></span> <span class='ocrx_word' id='word_1_202' title='bbox 965 2780 1232 2834; x_wconf 81' lang='lat' dir='ltr'><strong>catholica</strong></span> <span class='ocrx_word' id='word_1_203' title='bbox 1267 2777 1422 2842; x_wconf 91' lang='lat' dir='ltr'><strong>ﬁdes,</strong></span> <span class='ocrx_word' id='word_1_204' title='bbox 1469 2793 1538 2832; x_wconf 89' lang='lat' dir='ltr'><strong>ac</strong></span> <span class='ocrx_word' id='word_1_205' title='bbox 1588 2779 1709 2834; x_wconf 80' lang='lat' dir='ltr'><strong>vitae</strong></span> <span class='ocrx_word' id='word_1_206' title='bbox 1751 2787 1954 2834; x_wconf 74' lang='lat' dir='ltr'><strong>nostrae</strong></span> 
     </span>
    </p>
   </div>
   <div class='ocr_carea' id='block_1_31' title="bbox 382 2869 1956 2941">
    <p class='ocr_par' dir='ltr' id='par_1_31' title="bbox 382 2869 1956 2941">
     <span class='ocr_line' id='line_1_31' title="bbox 382 2869 1956 2941; baseline -0.001 -16"><span class='ocrx_word' id='word_1_207' title='bbox 382 2885 522 2941; x_wconf 91' lang='lat' dir='ltr'><strong>opus</strong></span> <span class='ocrx_word' id='word_1_208' title='bbox 555 2878 639 2926; x_wconf 87' lang='lat' dir='ltr'><strong>est</strong></span> <span class='ocrx_word' id='word_1_209' title='bbox 682 2870 787 2924; x_wconf 91' lang='lat' dir='ltr'><strong>hoc</strong></span> <span class='ocrx_word' id='word_1_210' title='bbox 819 2869 1068 2925; x_wconf 88' lang='lat' dir='ltr'><strong>veritatis</strong></span> <span class='ocrx_word' id='word_1_211' title='bbox 1093 2870 1488 2924; x_wconf 90' lang='lat' dir='ltr'><strong>munimentum</strong></span> <span class='ocrx_word' id='word_1_212' title='bbox 1519 2887 1532 2924; x_wconf 92' lang='lat'>:</span> <span class='ocrx_word' id='word_1_213' title='bbox 1563 2869 1676 2924; x_wconf 66' lang='lat' dir='ltr'><strong>haec</strong></span> <span class='ocrx_word' id='word_1_214' title='bbox 1695 2869 1956 2926; x_wconf 87' lang='lat' dir='ltr'><strong>estChri-</strong></span> 
     </span>
    </p>
   </div>
   <div class='ocr_carea' id='block_1_32' title="bbox 383 2959 1957 3031">
    <p class='ocr_par' dir='ltr' id='par_1_32' title="bbox 383 2959 1957 3031">
     <span class='ocr_line' id='line_1_32' title="bbox 383 2959 1957 3031; baseline 0.001 -15"><span class='ocrx_word' id='word_1_215' title='bbox 383 2962 456 3016; x_wconf 89' lang='lat' dir='ltr'><strong>sti</strong></span> <span class='ocrx_word' id='word_1_216' title='bbox 501 2962 655 3031; x_wconf 84' lang='lat' dir='ltr'><strong>virgo</strong></span> <span class='ocrx_word' id='word_1_217' title='bbox 713 2972 765 3016; x_wconf 87' lang='lat' dir='ltr'><strong>et</strong></span> <span class='ocrx_word' id='word_1_218' title='bbox 793 2961 1057 3016; x_wconf 90' lang='lat' dir='ltr'><strong>innocens</strong></span> <span class='ocrx_word' id='word_1_219' title='bbox 1087 2961 1335 3014; x_wconf 86' lang='lat' dir='ltr'><strong>columba</strong></span> <span class='ocrx_word' id='word_1_220' title='bbox 1384 2979 1396 3014; x_wconf 91' lang='lat'><strong>:</strong></span> <span class='ocrx_word' id='word_1_221' title='bbox 1435 2959 1547 3016; x_wconf 80' lang='lat' dir='ltr'><strong>haec</strong></span> <span class='ocrx_word' id='word_1_222' title='bbox 1583 2961 1718 3024; x_wconf 80' lang='lat' dir='ltr'><strong>vita,</strong></span> <span class='ocrx_word' id='word_1_223' title='bbox 1753 2976 1878 3031; x_wconf 90' lang='lat' dir='ltr'><strong>spes</strong></span> <span class='ocrx_word' id='word_1_224' title='bbox 1903 2969 1957 3017; x_wconf 92' lang='lat' dir='ltr'><strong>et</strong></span> 
     </span>
    </p>
   </div>
   <div class='ocr_carea' id='block_1_33' title="bbox 387 3050 1956 3108">
    <p class='ocr_par' dir='ltr' id='par_1_33' title="bbox 387 3050 1956 3108">
     <span class='ocr_line' id='line_1_33' title="bbox 387 3050 1956 3108; baseline 0.001 -4"><span class='ocrx_word' id='word_1_225' title='bbox 387 3053 792 3106; x_wconf 88' lang='lat' dir='ltr'><strong>ﬁrmamentum</strong></span> <span class='ocrx_word' id='word_1_226' title='bbox 841 3051 1274 3108; x_wconf 88' lang='lat' dir='ltr'><strong>immortalitatis</strong></span> <span class='ocrx_word' id='word_1_227' title='bbox 1307 3059 1414 3108; x_wconf 88' lang='lat' dir='ltr'><strong>est.</strong></span> <span class='ocrx_word' id='word_1_228' title='bbox 1441 3050 1641 3106; x_wconf 81' lang='lat' dir='ltr'><strong>Verum</strong></span> <span class='ocrx_word' id='word_1_229' title='bbox 1669 3051 1720 3106; x_wconf 91' lang='lat' dir='ltr'><strong>id</strong></span> <span class='ocrx_word' id='word_1_230' title='bbox 1749 3067 1778 3104; x_wconf 88' lang='lat' dir='ltr'><strong>a</strong></span> <span class='ocrx_word' id='word_1_231' title='bbox 1803 3052 1956 3106; x_wconf 87' lang='lat' dir='ltr'><strong>vobis</strong></span> 
     </span>
    </p>
   </div>
   <div class='ocr_carea' id='block_1_34' title="bbox 387 3143 1957 3214">
    <p class='ocr_par' dir='ltr' id='par_1_34' title="bbox 387 3143 1957 3214">
     <span class='ocr_line' id='line_1_34' title="bbox 387 3143 1957 3214; baseline -0.002 -14"><span class='ocrx_word' id='word_1_232' title='bbox 387 3145 668 3208; x_wconf 85' lang='lat' dir='ltr'><strong>omnibus,</strong></span> <span class='ocrx_word' id='word_1_233' title='bbox 706 3146 800 3214; x_wconf 89' lang='lat' dir='ltr'><strong>qui</strong></span> <span class='ocrx_word' id='word_1_234' title='bbox 845 3144 960 3199; x_wconf 83' lang='lat' dir='ltr'><strong>haec</strong></span> <span class='ocrx_word' id='word_1_235' title='bbox 993 3151 1179 3200; x_wconf 91' lang='lat' dir='ltr'><strong>nostra</strong></span> <span class='ocrx_word' id='word_1_236' title='bbox 1217 3143 1407 3198; x_wconf 90' lang='lat' dir='ltr'><strong>lecturi</strong></span> <span class='ocrx_word' id='word_1_237' title='bbox 1441 3143 1593 3205; x_wconf 83' lang='lat' dir='ltr'><strong>estis,</strong></span> <span class='ocrx_word' id='word_1_238' title='bbox 1633 3158 1957 3214; x_wconf 86' lang='lat' dir='ltr'><strong>magnopere</strong></span> 
     </span>
    </p>
   </div>
   <div class='ocr_carea' id='block_1_35' title="bbox 361 3225 1956 3306">
    <p class='ocr_par' dir='ltr' id='par_1_35' title="bbox 361 3225 1956 3306">
     <span class='ocr_line' id='line_1_35' title="bbox 361 3225 1956 3306; baseline 0.002 -18"><span class='ocrx_word' id='word_1_239' title='bbox 361 3251 605 3306; x_wconf 88' lang='lat' dir='ltr'><strong>.precor,</strong></span> <span class='ocrx_word' id='word_1_240' title='bbox 659 3243 720 3290; x_wconf 90' lang='lat' dir='ltr'><strong>ut</strong></span> <span class='ocrx_word' id='word_1_241' title='bbox 763 3225 963 3291; x_wconf 84' lang='lat' dir='ltr'><strong>mentis</strong></span> <span class='ocrx_word' id='word_1_242' title='bbox 1011 3252 1143 3292; x_wconf 79' lang='lat' dir='ltr'><strong>meae</strong></span> <span class='ocrx_word' id='word_1_243' title='bbox 1191 3236 1444 3291; x_wconf 87' lang='lat' dir='ltr'><strong>tenuitati</strong></span> <span class='ocrx_word' id='word_1_244' title='bbox 1489 3235 1956 3305; x_wconf 85' lang='lat' dir='ltr'><strong>imbecillitatique</strong></span> 
     </span>
    </p>
   </div>
   <div class='ocr_carea' id='block_1_36' title="bbox 389 3327 1954 3398">
    <p class='ocr_par' dir='ltr' id='par_1_36' title="bbox 389 3327 1954 3398">
     <span class='ocr_line' id='line_1_36' title="bbox 389 3327 1954 3398; baseline 0.003 -20"><span class='ocrx_word' id='word_1_245' title='bbox 389 3327 704 3380; x_wconf 88' lang='lat' dir='ltr'><strong>condonare</strong></span> <span class='ocrx_word' id='word_1_246' title='bbox 743 3327 966 3392; x_wconf 87' lang='lat' dir='ltr'><strong>velitis;</strong></span> <span class='ocrx_word' id='word_1_247' title='bbox 1007 3343 1127 3396; x_wconf 72' lang='lat' dir='ltr'><strong>qua:</strong></span> <span class='ocrx_word' id='word_1_248' title='bbox 1163 3329 1234 3383; x_wconf 90' lang='lat' dir='ltr'><strong>ob</strong></span> <span class='ocrx_word' id='word_1_249' title='bbox 1279 3329 1472 3398; x_wconf 84' lang='lat' dir='ltr'><strong>ingens</strong></span> <span class='ocrx_word' id='word_1_250' title='bbox 1507 3328 1635 3382; x_wconf 89' lang='lat' dir='ltr'><strong>illud</strong></span> <span class='ocrx_word' id='word_1_251' title='bbox 1679 3329 1954 3383; x_wconf 70' lang='lat' dir='ltr'><strong>luereseon</strong></span> 
     </span>
    </p>
   </div>
   <div class='ocr_carea' id='block_1_37' title="bbox 389 3416 1958 3489">
    <p class='ocr_par' dir='ltr' id='par_1_37' title="bbox 389 3416 1958 3489">
     <span class='ocr_line' id='line_1_37' title="bbox 389 3416 1958 3489; baseline 0.004 -21"><span class='ocrx_word' id='word_1_252' title='bbox 389 3417 544 3471; x_wconf 80' lang='lat' dir='ltr'><strong>virus</strong></span> <span class='ocrx_word' id='word_1_253' title='bbox 575 3416 723 3470; x_wconf 88' lang='lat' dir='ltr'><strong>velut</strong></span> <span class='ocrx_word' id='word_1_254' title='bbox 747 3427 1022 3486; x_wconf 88' lang='lat' dir='ltr'><strong>stuporem</strong></span> <span class='ocrx_word' id='word_1_255' title='bbox 1050 3419 1338 3489; x_wconf 89' lang='lat' dir='ltr'><strong>quemdam</strong></span> <span class='ocrx_word' id='word_1_256' title='bbox 1365 3436 1429 3475; x_wconf 87' lang='lat' dir='ltr'><strong>ac</strong></span> <span class='ocrx_word' id='word_1_257' title='bbox 1457 3421 1674 3475; x_wconf 64' lang='lat' dir='ltr'><strong>taedium</strong></span> <span class='ocrx_word' id='word_1_258' title='bbox 1705 3428 1760 3474; x_wconf 94' lang='lat' dir='ltr'><strong>et</strong></span> <span class='ocrx_word' id='word_1_259' title='bbox 1791 3421 1958 3475; x_wconf 89' lang='lat' dir='ltr'><strong>mole-</strong></span> 
     </span>
    </p>
   </div>
   <div class='ocr_carea' id='block_1_38' title="bbox 393 3509 1956 3578">
    <p class='ocr_par' dir='ltr' id='par_1_38' title="bbox 393 3509 1956 3578">
     <span class='ocr_line' id='line_1_38' title="bbox 393 3509 1956 3578; baseline 0.004 -16"><span class='ocrx_word' id='word_1_260' title='bbox 393 3509 578 3569; x_wconf 87' lang='lat' dir='ltr'><strong>stiam,</strong></span> <span class='ocrx_word' id='word_1_261' title='bbox 613 3509 920 3576; x_wconf 83' lang='lat' dir='ltr'><strong>respuentis</strong></span> <span class='ocrx_word' id='word_1_262' title='bbox 957 3524 1021 3564; x_wconf 87' lang='lat' dir='ltr'><strong>ac</strong></span> <span class='ocrx_word' id='word_1_263' title='bbox 1061 3512 1378 3566; x_wconf 84' lang='lat' dir='ltr'><strong>nauseantis</strong></span> <span class='ocrx_word' id='word_1_264' title='bbox 1405 3512 1602 3578; x_wconf 89' lang='lat' dir='ltr'><strong>instar,</strong></span> <span class='ocrx_word' id='word_1_265' title='bbox 1635 3513 1910 3566; x_wconf 81' lang='lat' dir='ltr'><strong>contraxit</strong></span> <span class='ocrx_word' id='word_1_266' title='bbox 1941 3531 1956 3568; x_wconf 90' lang='lat'><strong>:</strong></span> 
     </span>
    </p>
   </div>
   <div class='ocr_carea' id='block_1_39' title="bbox 393 3598 1961 3677">
    <p class='ocr_par' dir='ltr' id='par_1_39' title="bbox 393 3598 1961 3677">
     <span class='ocr_line' id='line_1_39' title="bbox 393 3598 1961 3677; baseline 0.003 -23"><span class='ocrx_word' id='word_1_267' title='bbox 393 3601 471 3677; x_wconf 83' lang='lat' dir='ltr'><strong>id,</strong></span> <span class='ocrx_word' id='word_1_268' title='bbox 503 3598 746 3668; x_wconf 89' lang='lat' dir='ltr'><strong>inquam,</strong></span> <span class='ocrx_word' id='word_1_269' title='bbox 774 3600 1093 3656; x_wconf 85' lang='lat' dir='ltr'><strong>condonetis</strong></span> <span class='ocrx_word' id='word_1_270' title='bbox 1123 3603 1304 3667; x_wconf 89' lang='lat' dir='ltr'><strong>velim,</strong></span> <span class='ocrx_word' id='word_1_271' title='bbox 1348 3603 1392 3658; x_wconf 92' lang='lat' dir='ltr'><strong>si</strong></span> <span class='ocrx_word' id='word_1_272' title='bbox 1427 3603 1568 3658; x_wconf 88' lang='lat' dir='ltr'><strong>forte</strong></span> <span class='ocrx_word' id='word_1_273' title='bbox 1607 3604 1858 3659; x_wconf 85' lang='lat' dir='ltr'><strong>acerbius</strong></span> <span class='ocrx_word' id='word_1_274' title='bbox 1905 3604 1961 3658; x_wconf 93' lang='lat' dir='ltr'><strong>in</strong></span> 
     </span>
    </p>
   </div>
   <div class='ocr_carea' id='block_1_40' title="bbox 395 3691 1963 3761">
    <p class='ocr_par' dir='ltr' id='par_1_40' title="bbox 395 3691 1963 3761">
     <span class='ocr_line' id='line_1_40' title="bbox 395 3691 1963 3761; baseline 0.004 -17"><span class='ocrx_word' id='word_1_275' title='bbox 395 3691 705 3761; x_wconf 87' lang='lat' dir='ltr'><strong>quempiam</strong></span> <span class='ocrx_word' id='word_1_276' title='bbox 736 3691 934 3746; x_wconf 90' lang='lat' dir='ltr'><strong>invecti</strong></span> <span class='ocrx_word' id='word_1_277' title='bbox 975 3707 1188 3756; x_wconf 89' lang='lat' dir='ltr'><strong>sumus,</strong></span> <span class='ocrx_word' id='word_1_278' title='bbox 1234 3701 1294 3747; x_wconf 91' lang='lat' dir='ltr'><strong>ut</strong></span> <span class='ocrx_word' id='word_1_279' title='bbox 1325 3695 1622 3750; x_wconf 89' lang='lat' dir='ltr'><strong>nonnullos</strong></span> <span class='ocrx_word' id='word_1_280' title='bbox 1668 3710 1963 3750; x_wconf 80' lang='lat' dir='ltr'><strong>exsecran-</strong></span> 
     </span>
    </p>
   </div>
   <div class='ocr_carea' id='block_1_41' title="bbox 401 3781 1966 3854">
    <p class='ocr_par' dir='ltr' id='par_1_41' title="bbox 401 3781 1966 3854">
     <span class='ocr_line' id='line_1_41' title="bbox 401 3781 1966 3854; baseline 0.004 -18"><span class='ocrx_word' id='word_1_281' title='bbox 401 3781 524 3844; x_wconf 80' lang='lat' dir='ltr'><strong>dos,</strong></span> <span class='ocrx_word' id='word_1_282' title='bbox 557 3787 650 3835; x_wconf 86' lang='lat' dir='ltr'><strong>aut</strong></span> <span class='ocrx_word' id='word_1_283' title='bbox 691 3781 1068 3847; x_wconf 84' lang='lat' dir='ltr'><strong>circulatores,</strong></span> <span class='ocrx_word' id='word_1_284' title='bbox 1102 3785 1312 3854; x_wconf 78' lang='lat'><strong>1102</strong></span> <span class='ocrx_word' id='word_1_285' title='bbox 1354 3796 1449 3840; x_wconf 89' lang='lat' dir='ltr'><strong>aut</strong></span> <span class='ocrx_word' id='word_1_286' title='bbox 1490 3788 1831 3852; x_wconf 83' lang='lat' dir='ltr'><strong>aberrantes,</strong></span> <span class='ocrx_word' id='word_1_287' title='bbox 1871 3798 1966 3844; x_wconf 87' lang='lat' dir='ltr'><strong>aut</strong></span> 
     </span>
    </p>
   </div>
   <div class='ocr_carea' id='block_1_42' title="bbox 399 3872 1967 3944">
    <p class='ocr_par' dir='ltr' id='par_1_42' title="bbox 399 3872 1967 3944">
     <span class='ocr_line' id='line_1_42' title="bbox 399 3872 1967 3944; baseline 0.005 -18"><span class='ocrx_word' id='word_1_288' title='bbox 399 3873 728 3942; x_wconf 84' lang='lat' dir='ltr'><strong>impostores</strong></span> <span class='ocrx_word' id='word_1_289' title='bbox 749 3872 1070 3928; x_wconf 78' lang='lat' dir='ltr'><strong>dixerimus.</strong></span> <span class='ocrx_word' id='word_1_290' title='bbox 1102 3873 1238 3928; x_wconf 87' lang='lat' dir='ltr'><strong>Nam</strong></span> <span class='ocrx_word' id='word_1_291' title='bbox 1269 3890 1378 3944; x_wconf 77' lang='lat' dir='ltr'><strong>pra:</strong></span> <span class='ocrx_word' id='word_1_292' title='bbox 1405 3878 1594 3932; x_wconf 89' lang='lat' dir='ltr'><strong>veneni</strong></span> <span class='ocrx_word' id='word_1_293' title='bbox 1625 3877 1774 3934; x_wconf 89' lang='lat' dir='ltr'><strong>illius</strong></span> <span class='ocrx_word' id='word_1_294' title='bbox 1797 3881 1967 3934; x_wconf 89' lang='lat' dir='ltr'><strong>mole-</strong></span> 
     </span>
    </p>
   </div>
   <div class='ocr_carea' id='block_1_43' title="bbox 399 3963 1968 4040">
    <p class='ocr_par' dir='ltr' id='par_1_43' title="bbox 399 3963 1968 4040">
     <span class='ocr_line' id='line_1_43' title="bbox 399 3963 1968 4040; baseline 0.005 -22"><span class='ocrx_word' id='word_1_295' title='bbox 399 3965 506 4019; x_wconf 90' lang='lat' dir='ltr'><strong>stia</strong></span> <span class='ocrx_word' id='word_1_296' title='bbox 537 3965 681 4034; x_wconf 89' lang='lat' dir='ltr'><strong>(cum</strong></span> <span class='ocrx_word' id='word_1_297' title='bbox 715 3964 918 4033; x_wconf 88' lang='lat' dir='ltr'><strong>alioqui</strong></span> <span class='ocrx_word' id='word_1_298' title='bbox 952 3963 1110 4020; x_wconf 80' lang='lat' dir='ltr'><strong>facile</strong></span> <span class='ocrx_word' id='word_1_299' title='bbox 1154 3965 1210 4020; x_wconf 91' lang='lat' dir='ltr'><strong>in</strong></span> <span class='ocrx_word' id='word_1_300' title='bbox 1242 3981 1568 4040; x_wconf 89' lang='lat' dir='ltr'><strong>quemquam</strong></span> <span class='ocrx_word' id='word_1_301' title='bbox 1613 3969 1757 4024; x_wconf 89' lang='lat' dir='ltr'><strong>dicta</strong></span> <span class='ocrx_word' id='word_1_302' title='bbox 1783 3970 1968 4040; x_wconf 88' lang='lat' dir='ltr'><strong>jacere</strong></span> 
     </span>
    </p>
   </div>
   <div class='ocr_carea' id='block_1_44' title="bbox 399 4056 1968 4126">
    <p class='ocr_par' dir='ltr' id='par_1_44' title="bbox 399 4056 1968 4126">
     <span class='ocr_line' id='line_1_44' title="bbox 399 4056 1968 4126; baseline 0.004 -15"><span class='ocrx_word' id='word_1_303' title='bbox 399 4071 510 4112; x_wconf 90' lang='lat' dir='ltr'><strong>non</strong></span> <span class='ocrx_word' id='word_1_304' title='bbox 541 4056 839 4126; x_wconf 88' lang='lat' dir='ltr'><strong>soleamus)</strong></span> <span class='ocrx_word' id='word_1_305' title='bbox 873 4071 1097 4112; x_wconf 89' lang='lat' dir='ltr'><strong>necesse</strong></span> <span class='ocrx_word' id='word_1_306' title='bbox 1147 4057 1439 4114; x_wconf 87' lang='lat' dir='ltr'><strong>habuimus</strong></span> <span class='ocrx_word' id='word_1_307' title='bbox 1487 4059 1793 4116; x_wconf 86' lang='lat' dir='ltr'><strong>istiusmodi</strong></span> <span class='ocrx_word' id='word_1_308' title='bbox 1847 4063 1968 4120; x_wconf 89' lang='lat' dir='ltr'><strong>illos</strong></span> 
     </span>
    </p>
   </div>
   <div class='ocr_carea' id='block_1_45' title="bbox 402 4149 1967 4223">
    <p class='ocr_par' dir='ltr' id='par_1_45' title="bbox 402 4149 1967 4223">
     <span class='ocr_line' id='line_1_45' title="bbox 402 4149 1967 4223; baseline 0.004 -21"><span class='ocrx_word' id='word_1_309' title='bbox 402 4149 681 4219; x_wconf 85' lang='lat' dir='ltr'><strong>appellare</strong></span> <span class='ocrx_word' id='word_1_310' title='bbox 715 4149 921 4212; x_wconf 85' lang='lat' dir='ltr'><strong>verbis,</strong></span> <span class='ocrx_word' id='word_1_311' title='bbox 955 4156 1014 4202; x_wconf 94' lang='lat' dir='ltr'><strong>ut</strong></span> <span class='ocrx_word' id='word_1_312' title='bbox 1048 4149 1116 4203; x_wconf 85' lang='lat' dir='ltr'><strong>ab</strong></span> <span class='ocrx_word' id='word_1_313' title='bbox 1160 4163 1226 4205; x_wconf 89' lang='lat' dir='ltr'><strong>ea</strong></span> <span class='ocrx_word' id='word_1_314' title='bbox 1263 4151 1583 4220; x_wconf 89' lang='lat' dir='ltr'><strong>suspicione</strong></span> <span class='ocrx_word' id='word_1_315' title='bbox 1609 4157 1967 4223; x_wconf 84' lang='lat' dir='ltr'><strong>quorumdam</strong></span> 
     </span>
    </p>
   </div>
   <div class='ocr_carea' id='block_1_46' title="bbox 398 4239 1971 4310">
    <p class='ocr_par' dir='ltr' id='par_1_46' title="bbox 398 4239 1971 4310">
     <span class='ocr_line' id='line_1_46' title="bbox 398 4239 1971 4310; baseline -0.001 -14"><span class='ocrx_word' id='word_1_316' title='bbox 398 4255 784 4296; x_wconf 85' lang='lat' dir='ltr'><strong>revocaremus</strong></span> <span class='ocrx_word' id='word_1_317' title='bbox 812 4239 1048 4304; x_wconf 87' lang='lat' dir='ltr'><strong>animos,</strong></span> <span class='ocrx_word' id='word_1_318' title='bbox 1085 4242 1230 4310; x_wconf 89' lang='lat' dir='ltr'><strong>quod</strong></span> <span class='ocrx_word' id='word_1_319' title='bbox 1259 4243 1313 4296; x_wconf 92' lang='lat' dir='ltr'><strong>in</strong></span> <span class='ocrx_word' id='word_1_320' title='bbox 1342 4243 1556 4298; x_wconf 84' lang='lat' dir='ltr'><strong>illorum</strong></span> <span class='ocrx_word' id='word_1_321' title='bbox 1584 4244 1747 4299; x_wconf 91' lang='lat' dir='ltr'><strong>dictis</strong></span> <span class='ocrx_word' id='word_1_322' title='bbox 1785 4245 1971 4300; x_wconf 75' lang='lat' dir='ltr'><strong>factis.-</strong></span> 
     </span>
    </p>
   </div>
   <div class='ocr_carea' id='block_1_47' title="bbox 399 4331 1973 4402">
    <p class='ocr_par' dir='ltr' id='par_1_47' title="bbox 399 4331 1973 4402">
     <span class='ocr_line' id='line_1_47' title="bbox 399 4331 1973 4402; baseline 0.003 -16"><span class='ocrx_word' id='word_1_323' title='bbox 399 4347 508 4401; x_wconf 90' lang='lat' dir='ltr'><strong>que</strong></span> <span class='ocrx_word' id='word_1_324' title='bbox 541 4331 884 4402; x_wconf 77' lang='lat' dir='ltr'><strong>divulgandis</strong></span> <span class='ocrx_word' id='word_1_325' title='bbox 924 4341 1164 4402; x_wconf 86' lang='lat' dir='ltr'><strong>apertam</strong></span> <span class='ocrx_word' id='word_1_326' title='bbox 1220 4336 1424 4388; x_wconf 86' lang='lat' dir='ltr'><strong>nullam</strong></span> <span class='ocrx_word' id='word_1_327' title='bbox 1469 4337 1636 4390; x_wconf 90' lang='lat' dir='ltr'><strong>animi</strong></span> <span class='ocrx_word' id='word_1_328' title='bbox 1677 4337 1849 4390; x_wconf 85' lang='lat' dir='ltr'><strong>nostri</strong></span> <span class='ocrx_word' id='word_1_329' title='bbox 1896 4337 1973 4392; x_wconf 80' lang='lat' dir='ltr'><strong>si-</strong></span> 
     </span>
    </p>
   </div>
   <div class='ocr_carea' id='block_1_48' title="bbox 403 4421 1974 4497">
    <p class='ocr_par' dir='ltr' id='par_1_48' title="bbox 403 4421 1974 4497">
     <span class='ocr_line' id='line_1_48' title="bbox 403 4421 1974 4497; baseline 0.005 -23"><span class='ocrx_word' id='word_1_330' title='bbox 403 4421 802 4492; x_wconf 88' lang='lat' dir='ltr'><strong>gniﬁcationem</strong></span> <span class='ocrx_word' id='word_1_331' title='bbox 842 4423 1204 4486; x_wconf 88' lang='lat' dir='ltr'><strong>dedissemus,</strong></span> <span class='ocrx_word' id='word_1_332' title='bbox 1249 4440 1350 4480; x_wconf 90' lang='lat' dir='ltr'><strong>nos</strong></span> <span class='ocrx_word' id='word_1_333' title='bbox 1391 4426 1459 4479; x_wconf 88' lang='lat' dir='ltr'><strong>ab</strong></span> <span class='ocrx_word' id='word_1_334' title='bbox 1503 4426 1666 4496; x_wconf 88' lang='lat' dir='ltr'><strong>impia</strong></span> <span class='ocrx_word' id='word_1_335' title='bbox 1703 4427 1974 4497; x_wconf 87' lang='lat' dir='ltr'><strong>cujusque</strong></span> 
     </span>
    </p>
   </div>
   <div class='ocr_carea' id='block_1_49' title="bbox 403 4512 2051 4610">
    <p class='ocr_par' dir='ltr' id='par_1_49' title="bbox 403 4512 2051 4610">
     <span class='ocr_line' id='line_1_49' title="bbox 403 4512 2051 4610; baseline 0.007 -45"><span class='ocrx_word' id='word_1_336' title='bbox 403 4512 631 4566; x_wconf 69' lang='lat' dir='ltr'><strong>haeresis</strong></span> <span class='ocrx_word' id='word_1_337' title='bbox 660 4513 914 4582; x_wconf 80' lang='lat' dir='ltr'><strong>Opinione</strong></span> <span class='ocrx_word' id='word_1_338' title='bbox 951 4529 1060 4568; x_wconf 90' lang='lat' dir='ltr'><strong>non</strong></span> <span class='ocrx_word' id='word_1_339' title='bbox 1102 4515 1416 4572; x_wconf 84' lang='lat' dir='ltr'><strong>abhorrere.</strong></span> <span class='ocrx_word' id='word_1_340' title='bbox 1451 4516 1568 4582; x_wconf 87' lang='lat' dir='ltr'><strong>Qua</strong></span> <span class='ocrx_word' id='word_1_341' title='bbox 1591 4519 1658 4572; x_wconf 93' lang='lat' dir='ltr'><strong>de</strong></span> <span class='ocrx_word' id='word_1_342' title='bbox 1689 4535 1748 4574; x_wconf 90' lang='lat' dir='ltr'><strong>re</strong></span> <span class='ocrx_word' id='word_1_343' title='bbox 1787 4521 1974 4590; x_wconf 87' lang='lat' dir='ltr'><strong>paucis</strong></span> <span class='ocrx_word' id='word_1_344' title='bbox 2009 4555 2051 4610; x_wconf 67' lang='grc' dir='ltr'><strong>ι)</strong></span> 
     </span>
    </p>
   </div>
   <div class='ocr_carea' id='block_1_50' title="bbox 405 4603 1973 4678">
    <p class='ocr_par' dir='ltr' id='par_1_50' title="bbox 405 4603 1973 4678">
     <span class='ocr_line' id='line_1_50' title="bbox 405 4603 1973 4678; baseline 0.008 -26"><span class='ocrx_word' id='word_1_345' title='bbox 405 4603 588 4673; x_wconf 75' lang='lat' dir='ltr'><strong>operis</strong></span> <span class='ocrx_word' id='word_1_346' title='bbox 605 4603 938 4672; x_wconf 88' lang='lat' dir='ltr'><strong>bujusinitio</strong></span> <span class='ocrx_word' id='word_1_347' title='bbox 961 4606 1164 4674; x_wconf 69' lang='lat' dir='ltr'><strong>praefati</strong></span> <span class='ocrx_word' id='word_1_348' title='bbox 1193 4624 1382 4662; x_wconf 85' lang='lat' dir='ltr'><strong>smnus</strong></span> <span class='ocrx_word' id='word_1_349' title='bbox 1403 4624 1465 4662; x_wconf 91' lang='lat' dir='ltr'><strong>ac</strong></span> <span class='ocrx_word' id='word_1_350' title='bbox 1507 4611 1973 4678; x_wconf 84' lang='lat' dir='ltr'><strong>praemuniendum</strong></span> 
     </span>
    </p>
   </div>
   <div class='ocr_carea' id='block_1_51' title="bbox 405 4697 1974 4768">
    <p class='ocr_par' dir='ltr' id='par_1_51' title="bbox 405 4697 1974 4768">
     <span class='ocr_line' id='line_1_51' title="bbox 405 4697 1974 4768; baseline 0.005 -19"><span class='ocrx_word' id='word_1_351' title='bbox 405 4697 664 4749; x_wconf 89' lang='lat' dir='ltr'><strong>lectorem</strong></span> <span class='ocrx_word' id='word_1_352' title='bbox 695 4697 1025 4764; x_wconf 85' lang='lat' dir='ltr'><strong>putavimus,</strong></span> <span class='ocrx_word' id='word_1_353' title='bbox 1055 4713 1163 4752; x_wconf 88' lang='lat' dir='ltr'><strong>non</strong></span> <span class='ocrx_word' id='word_1_354' title='bbox 1189 4700 1304 4753; x_wconf 88' lang='lat' dir='ltr'><strong>sine</strong></span> <span class='ocrx_word' id='word_1_355' title='bbox 1327 4699 1644 4768; x_wconf 76' lang='lat' dir='ltr'><strong>praefatione</strong></span> <span class='ocrx_word' id='word_1_356' title='bbox 1681 4702 1872 4766; x_wconf 70' lang='lat' dir='ltr'><strong>veniae,</strong></span> <span class='ocrx_word' id='word_1_357' title='bbox 1909 4719 1974 4759; x_wconf 91' lang='lat' dir='ltr'><strong>ne</strong></span> 
     </span>
    </p>
   </div>
   <div class='ocr_carea' id='block_1_52' title="bbox 407 4785 1976 4860">
    <p class='ocr_par' dir='ltr' id='par_1_52' title="bbox 407 4785 1976 4860">
     <span class='ocr_line' id='line_1_52' title="bbox 407 4785 1976 4860; baseline 0.007 -21"><span class='ocrx_word' id='word_1_358' title='bbox 407 4785 532 4854; x_wconf 89' lang='lat' dir='ltr'><strong>quis</strong></span> <span class='ocrx_word' id='word_1_359' title='bbox 553 4785 876 4853; x_wconf 89' lang='lat' dir='ltr'><strong>injuriarum</strong></span> <span class='ocrx_word' id='word_1_360' title='bbox 909 4801 1009 4840; x_wconf 91' lang='lat' dir='ltr'><strong>nos</strong></span> <span class='ocrx_word' id='word_1_361' title='bbox 1039 4803 1160 4842; x_wconf 89' lang='lat' dir='ltr'><strong>reos</strong></span> <span class='ocrx_word' id='word_1_362' title='bbox 1185 4801 1389 4859; x_wconf 83' lang='lat' dir='ltr'><strong>ageret,</strong></span> <span class='ocrx_word' id='word_1_363' title='bbox 1418 4792 1576 4860; x_wconf 90' lang='lat' dir='ltr'><strong>quasi</strong></span> <span class='ocrx_word' id='word_1_364' title='bbox 1605 4807 1784 4848; x_wconf 64' lang='lat' dir='ltr'><strong>causa:</strong></span> <span class='ocrx_word' id='word_1_365' title='bbox 1816 4795 1976 4850; x_wconf 84' lang='lat' dir='ltr'><strong>boni-</strong></span> 
     </span>
    </p>
   </div>
   <div class='ocr_carea' id='block_1_53' title="bbox 379 4873 1972 4952">
    <p class='ocr_par' dir='ltr' id='par_1_53' title="bbox 379 4873 1972 4952">
     <span class='ocr_line' id='line_1_53' title="bbox 379 4873 1972 4952; baseline 0.008 -24"><span class='ocrx_word' id='word_1_366' title='bbox 379 4883 521 4948; x_wconf 29' lang='lat' dir='ltr'><strong>&#39;tate</strong></span> <span class='ocrx_word' id='word_1_367' title='bbox 547 4873 674 4929; x_wconf 88' lang='lat' dir='ltr'><strong>victi</strong></span> <span class='ocrx_word' id='word_1_368' title='bbox 705 4875 771 4930; x_wconf 88' lang='lat' dir='ltr'><strong>ad</strong></span> <span class='ocrx_word' id='word_1_369' title='bbox 809 4875 1038 4930; x_wconf 89' lang='lat' dir='ltr'><strong>dicteria</strong></span> <span class='ocrx_word' id='word_1_370' title='bbox 1079 4878 1388 4948; x_wconf 77' lang='lat' dir='ltr'><strong>probi-aque</strong></span> <span class='ocrx_word' id='word_1_371' title='bbox 1433 4879 1880 4952; x_wconf 89' lang='lat' dir='ltr'><strong>confugeremus.</strong></span> <span class='ocrx_word' id='word_1_372' title='bbox 1916 4884 1972 4941; x_wconf 92' lang='lat' dir='ltr'><strong>ln</strong></span> 
     </span>
    </p>
   </div>
   <div class='ocr_carea' id='block_1_54' title="bbox 406 4966 1977 5044">
    <p class='ocr_par' dir='ltr' id='par_1_54' title="bbox 406 4966 1977 5044">
     <span class='ocr_line' id='line_1_54' title="bbox 406 4966 1977 5044; baseline 0.005 -22"><span class='ocrx_word' id='word_1_373' title='bbox 406 4966 597 5023; x_wconf 88' lang='lat' dir='ltr'><strong>eodem</strong></span> <span class='ocrx_word' id='word_1_374' title='bbox 630 4983 758 5022; x_wconf 84' lang='lat' dir='ltr'><strong>vero</strong></span> <span class='ocrx_word' id='word_1_375' title='bbox 779 4969 1044 5038; x_wconf 86' lang='lat' dir='ltr'><strong>prooemio</strong></span> <span class='ocrx_word' id='word_1_376' title='bbox 1073 4969 1519 5039; x_wconf 84' lang='lat' dir='ltr'><strong>significavimus,</strong></span> <span class='ocrx_word' id='word_1_377' title='bbox 1547 4989 1792 5044; x_wconf 65' lang='lat' dir='ltr'><strong>quaenam</strong></span> <span class='ocrx_word' id='word_1_378' title='bbox 1826 4991 1856 5030; x_wconf 90' lang='lat' dir='ltr'><strong>a</strong></span> <span class='ocrx_word' id='word_1_379' title='bbox 1880 4991 1977 5030; x_wconf 91' lang='lat' dir='ltr'><strong>no-</strong></span> 
     </span>
    </p>
   </div>
   <div class='ocr_carea' id='block_1_55' title="bbox 483 5167 2060 5249">
    <p class='ocr_par' dir='ltr' id='par_1_55' title="bbox 483 5167 2060 5249">
     <span class='ocr_line' id='line_1_55' title="bbox 483 5167 2060 5249; baseline 0.004 -25"><span class='ocrx_word' id='word_1_380' title='bbox 483 5171 498 5240; x_wconf 57' lang='grc' dir='ltr'><strong>ξ</strong></span> <span class='ocrx_word' id='word_1_381' title='bbox 541 5167 702 5226; x_wconf 84' lang='lat' dir='ltr'><strong>Joan.</strong></span> <span class='ocrx_word' id='word_1_382' title='bbox 739 5171 904 5238; x_wconf 74' lang='lat' dir='ltr'><strong>v,29.</strong></span> <span class='ocrx_word' id='word_1_383' title='bbox 981 5172 1002 5202; x_wconf 82' lang='grc'>²</span> <span class='ocrx_word' id='word_1_384' title='bbox 1034 5171 1224 5227; x_wconf 84' lang='lat' dir='ltr'><strong>Matth.</strong></span> <span class='ocrx_word' id='word_1_385' title='bbox 1251 5190 1437 5242; x_wconf 78' lang='lat' dir='ltr'><strong>xxvm,</strong></span> <span class='ocrx_word' id='word_1_386' title='bbox 1478 5177 1561 5231; x_wconf 72' lang='lat'><strong>19.</strong></span> <span class='ocrx_word' id='word_1_387' title='bbox 1643 5177 1662 5208; x_wconf 85' lang='grc'>³</span> <span class='ocrx_word' id='word_1_388' title='bbox 1695 5177 1757 5232; x_wconf 84' lang='lat' dir='ltr'><strong>F.</strong></span> <span class='ocrx_word' id='word_1_389' title='bbox 1789 5177 2060 5249; x_wconf 81' lang='grc' dir='ltr'>διάφορον.</span> 
     </span>
    </p>
   </div>
   <div class='ocr_carea' id='block_1_56' title="bbox 483 5365 1983 5440">
    <p class='ocr_par' dir='ltr' id='par_1_56' title="bbox 483 5365 1983 5440">
     <span class='ocr_line' id='line_1_56' title="bbox 483 5365 1983 5440; baseline 0.003 -19"><span class='ocrx_word' id='word_1_390' title='bbox 483 5365 862 5440; x_wconf 70' lang='lat' dir='ltr'><strong>(82l_Diversa</strong></span> <span class='ocrx_word' id='word_1_391' title='bbox 894 5369 1332 5440; x_wconf 79' lang='lat' dir='ltr'><strong>interpunclione</strong></span> <span class='ocrx_word' id='word_1_392' title='bbox 1367 5371 1478 5424; x_wconf 62' lang='lat' dir='ltr'><strong>haec</strong></span> <span class='ocrx_word' id='word_1_393' title='bbox 1509 5371 1764 5424; x_wconf 85' lang='lat' dir='ltr'><strong>distincta</strong></span> <span class='ocrx_word' id='word_1_394' title='bbox 1799 5373 1983 5440; x_wconf 83' lang='lat' dir='ltr'><strong>legun-</strong></span> 
     </span>
    </p>
   </div>
   <div class='ocr_carea' id='block_1_57' title="bbox 409 5435 1984 5503">
    <p class='ocr_par' dir='ltr' id='par_1_57' title="bbox 409 5435 1984 5503">
     <span class='ocr_line' id='line_1_57' title="bbox 409 5435 1984 5503; baseline 0.004 -15"><span class='ocrx_word' id='word_1_395' title='bbox 409 5445 501 5490; x_wconf 91' lang='lat' dir='ltr'><strong>tur</strong></span> <span class='ocrx_word' id='word_1_396' title='bbox 533 5439 587 5489; x_wconf 88' lang='lat' dir='ltr'><strong>in</strong></span> <span class='ocrx_word' id='word_1_397' title='bbox 614 5435 902 5490; x_wconf 87' lang='lat' dir='ltr'><strong>Petaviana</strong></span> <span class='ocrx_word' id='word_1_398' title='bbox 929 5435 1187 5502; x_wconf 87' lang='lat' dir='ltr'><strong>editione,</strong></span> <span class='ocrx_word' id='word_1_399' title='bbox 1209 5440 1297 5492; x_wconf 77' lang='grc' dir='ltr'>διὰ</span> <span class='ocrx_word' id='word_1_400' title='bbox 1326 5442 1563 5502; x_wconf 85' lang='grc' dir='ltr'>πίστεως</span> <span class='ocrx_word' id='word_1_401' title='bbox 1599 5435 1984 5503; x_wconf 65' lang='grc' dir='ltr'>σώζουσαξκαὶ</span> 
     </span>
    </p>
   </div>
   <div class='ocr_carea' id='block_1_58' title="bbox 413 5505 1983 5582">
    <p class='ocr_par' dir='ltr' id='par_1_58' title="bbox 413 5505 1983 5582">
     <span class='ocr_line' id='line_1_58' title="bbox 413 5505 1983 5582; baseline 0.005 -28"><span class='ocrx_word' id='word_1_402' title='bbox 413 5505 632 5582; x_wconf 70' lang='grc' dir='ltr'>ἐλπίδος</span> <span class='ocrx_word' id='word_1_403' title='bbox 669 5509 1064 5582; x_wconf 67' lang='grc' dir='ltr'>κρατυνομένη,</span> <span class='ocrx_word' id='word_1_404' title='bbox 1091 5511 1210 5582; x_wconf 33' lang='grc' dir='ltr'>’καὶ</span> <span class='ocrx_word' id='word_1_405' title='bbox 1255 5510 1440 5582; x_wconf 62' lang='grc' dir='ltr'>ἀγέιπῃ</span> <span class='ocrx_word' id='word_1_406' title='bbox 1479 5509 1724 5582; x_wconf 39' lang='grc' dir='ltr'>ξριστοῦ-</span> <span class='ocrx_word' id='word_1_407' title='bbox 1751 5509 1983 5563; x_wconf 84' lang='grc' dir='ltr'>τελειου-</span> 
     </span>
    </p>
   </div>
   <div class='ocr_carea' id='block_1_59' title="bbox 417 5573 1982 5650">
    <p class='ocr_par' dir='ltr' id='par_1_59' title="bbox 417 5573 1982 5650">
     <span class='ocr_line' id='line_1_59' title="bbox 417 5573 1982 5650; baseline 0.006 -26"><span class='ocrx_word' id='word_1_408' title='bbox 417 5573 576 5650; x_wconf 77' lang='grc' dir='ltr'>μένη,</span> <span class='ocrx_word' id='word_1_409' title='bbox 608 5574 664 5626; x_wconf 83' lang='grc' dir='ltr'>ἔν</span> <span class='ocrx_word' id='word_1_410' title='bbox 693 5573 754 5626; x_wconf 80' lang='grc' dir='ltr'><strong>τε</strong></span> <span class='ocrx_word' id='word_1_411' title='bbox 787 5579 851 5645; x_wconf 84' lang='grc' dir='ltr'>τῇ</span> <span class='ocrx_word' id='word_1_412' title='bbox 878 5573 1160 5650; x_wconf 58' lang='grc' dir='ltr'>ὁμολογία,</span> <span class='ocrx_word' id='word_1_413' title='bbox 1184 5587 1286 5650; x_wconf 82' lang='lat' dir='ltr'><strong>etc.</strong></span> <span class='ocrx_word' id='word_1_414' title='bbox 1304 5573 1376 5631; x_wconf 74' lang='lat' dir='ltr'><strong>Et</strong></span> <span class='ocrx_word' id='word_1_415' title='bbox 1412 5573 1462 5632; x_wconf 67' lang='lat' dir='ltr'><strong>ii.</strong></span> <span class='ocrx_word' id='word_1_416' title='bbox 1493 5573 1680 5632; x_wconf 73' lang='lat' dir='ltr'><strong>Latina</strong></span> <span class='ocrx_word' id='word_1_417' title='bbox 1713 5580 1982 5650; x_wconf 88' lang='lat' dir='ltr'><strong>interpre-</strong></span> 
     </span>
    </p>
   </div>
   <div class='ocr_carea' id='block_1_60' title="bbox 415 5643 1979 5720">
    <p class='ocr_par' dir='ltr' id='par_1_60' title="bbox 415 5643 1979 5720">
     <span class='ocr_line' id='line_1_60' title="bbox 415 5643 1979 5720; baseline 0.008 -28"><span class='ocrx_word' id='word_1_418' title='bbox 415 5643 640 5720; x_wconf 57' lang='lat' dir='ltr'><strong>tatione,</strong></span> <span class='ocrx_word' id='word_1_419' title='bbox 679 5643 994 5710; x_wconf 80' lang='lat' dir='ltr'><strong>perturbata</strong></span> <span class='ocrx_word' id='word_1_420' title='bbox 1042 5643 1326 5720; x_wconf 77' lang='lat' dir='ltr'><strong>Epiphanii</strong></span> <span class='ocrx_word' id='word_1_421' title='bbox 1375 5659 1554 5720; x_wconf 73' lang='lat' dir='ltr'><strong>mente</strong></span> <span class='ocrx_word' id='word_1_422' title='bbox 1605 5651 1820 5713; x_wconf 84' lang='lat' dir='ltr'><strong>dicitur,</strong></span> <span class='ocrx_word' id='word_1_423' title='bbox 1857 5643 1979 5720; x_wconf 67' lang='lat' dir='ltr'><strong>qua;</strong></span> 
     </span>
    </p>
   </div>
   <div class='ocr_carea' id='block_1_61' title="bbox 413 5711 1976 5786">
    <p class='ocr_par' dir='ltr' id='par_1_61' title="bbox 413 5711 1976 5786">
     <span class='ocr_line' id='line_1_61' title="bbox 413 5711 1976 5786; baseline 0.01 -27"><span class='ocrx_word' id='word_1_424' title='bbox 413 5723 504 5774; x_wconf 82' lang='lat' dir='ltr'><strong>per</strong></span> <span class='ocrx_word' id='word_1_425' title='bbox 529 5711 684 5776; x_wconf 81' lang='lat' dir='ltr'><strong>ﬁdem</strong></span> <span class='ocrx_word' id='word_1_426' title='bbox 707 5724 909 5786; x_wconf 71' lang='lat' dir='ltr'><strong>serunt;</strong></span> <span class='ocrx_word' id='word_1_427' title='bbox 938 5731 1025 5782; x_wconf 81' lang='lat' dir='ltr'><strong>spe</strong></span> <span class='ocrx_word' id='word_1_428' title='bbox 1040 5711 1435 5786; x_wconf 48' lang='lat' dir='ltr'><strong>Sorroboratur,</strong></span> <span class='ocrx_word' id='word_1_429' title='bbox 1467 5717 1664 5773; x_wconf 78' lang='lat' dir='ltr'><strong>Christi</strong></span> <span class='ocrx_word' id='word_1_430' title='bbox 1699 5711 1976 5786; x_wconf 68' lang='lat' dir='ltr'><strong>clm-itala,</strong></span> 
     </span>
    </p>
   </div>
   <div class='ocr_carea' id='block_1_62' title="bbox 417 5783 1976 5846">
    <p class='ocr_par' dir='ltr' id='par_1_62' title="bbox 417 5783 1976 5846">
     <span class='ocr_line' id='line_1_62' title="bbox 417 5783 1976 5846; baseline 0.009 -14"><span class='ocrx_word' id='word_1_431' title='bbox 417 5793 510 5834; x_wconf 81' lang='lat' dir='ltr'><strong>nec</strong></span> <span class='ocrx_word' id='word_1_432' title='bbox 531 5795 654 5844; x_wconf 80' lang='lat' dir='ltr'><strong>non,</strong></span> <span class='ocrx_word' id='word_1_433' title='bbox 683 5789 788 5836; x_wconf 90' lang='lat' dir='ltr'><strong>etc.</strong></span> <span class='ocrx_word' id='word_1_434' title='bbox 826 5783 956 5846; x_wconf 79' lang='lat' dir='ltr'><strong>Quae</strong></span> <span class='ocrx_word' id='word_1_435' title='bbox 981 5799 1010 5836; x_wconf 88' lang='lat' dir='ltr'><strong>a</strong></span> <span class='ocrx_word' id='word_1_436' title='bbox 1040 5783 1333 5841; x_wconf 84' lang='lat' dir='ltr'><strong>Thomasio</strong></span> <span class='ocrx_word' id='word_1_437' title='bbox 1361 5787 1494 5844; x_wconf 85' lang='lat' dir='ltr'><strong>bene</strong></span> <span class='ocrx_word' id='word_1_438' title='bbox 1531 5790 1776 5845; x_wconf 84' lang='lat' dir='ltr'><strong>restituta</strong></span> <span class='ocrx_word' id='word_1_439' title='bbox 1806 5783 1976 5846; x_wconf 57' lang='lat' dir='ltr'><strong>vides;</strong></span> 
     </span>
    </p>
   </div>
   <div class='ocr_carea' id='block_1_63' title="bbox 2035 597 3610 670">
    <p class='ocr_par' dir='ltr' id='par_1_63' title="bbox 2035 597 3610 670">
     <span class='ocr_line' id='line_1_63' title="bbox 2035 597 3610 670; baseline 0.001 -21"><span class='ocrx_word' id='word_1_440' title='bbox 2035 597 2257 666; x_wconf 78' lang='grc' dir='ltr'><strong>ἁγνείαν</strong></span> <span class='ocrx_word' id='word_1_441' title='bbox 2284 599 2375 652; x_wconf 72' lang='grc' dir='ltr'><strong>καὶ</strong></span> <span class='ocrx_word' id='word_1_442' title='bbox 2398 599 2496 670; x_wconf 84' lang='grc' dir='ltr'>τὴν</span> <span class='ocrx_word' id='word_1_443' title='bbox 2543 598 2730 652; x_wconf 75' lang='grc' dir='ltr'>ἐλπίδα</span> <span class='ocrx_word' id='word_1_444' title='bbox 2755 601 2850 652; x_wconf 70' lang='grc' dir='ltr'><strong>καὶ</strong></span> <span class='ocrx_word' id='word_1_445' title='bbox 2885 599 2984 664; x_wconf 80' lang='grc' dir='ltr'><strong>τὰς</strong></span> <span class='ocrx_word' id='word_1_446' title='bbox 3011 598 3104 652; x_wconf 81' lang='grc' dir='ltr'><strong>τοῦ</strong></span> <span class='ocrx_word' id='word_1_447' title='bbox 3134 599 3335 668; x_wconf 78' lang='grc' dir='ltr'>Κυρίου</span> <span class='ocrx_word' id='word_1_448' title='bbox 3369 598 3610 662; x_wconf 80' lang='grc' dir='ltr'>ἐντολὰς,</span> 
     </span>
    </p>
   </div>
   <div class='ocr_carea' id='block_1_64' title="bbox 2037 675 3614 760">
    <p class='ocr_par' dir='ltr' id='par_1_64' title="bbox 2037 675 3614 760">
     <span class='ocr_line' id='line_1_64' title="bbox 2037 675 3614 760; baseline -0.003 -17"><span class='ocrx_word' id='word_1_449' title='bbox 2037 689 2208 760; x_wconf 82' lang='grc' dir='ltr'><strong>ἀληθῆ</strong></span> <span class='ocrx_word' id='word_1_450' title='bbox 2239 692 2355 742; x_wconf 75' lang='grc' dir='ltr'>ἐστι</span> <span class='ocrx_word' id='word_1_451' title='bbox 2385 691 2480 742; x_wconf 78' lang='grc' dir='ltr'>καὶ</span> <span class='ocrx_word' id='word_1_452' title='bbox 2510 690 2846 760; x_wconf 86' lang='grc' dir='ltr'>κεκήρυκται</span> <span class='ocrx_word' id='word_1_453' title='bbox 2889 691 2983 742; x_wconf 74' lang='grc' dir='ltr'><strong>καὶ</strong></span> <span class='ocrx_word' id='word_1_454' title='bbox 3014 675 3340 759; x_wconf 84' lang='grc' dir='ltr'>ἠσφάλισται</span> <span class='ocrx_word' id='word_1_455' title='bbox 3383 688 3480 740; x_wconf 77' lang='grc' dir='ltr'>καὶ</span> <span class='ocrx_word' id='word_1_456' title='bbox 3513 705 3614 740; x_wconf 87' lang='grc' dir='ltr'>πε-</span> 
     </span>
    </p>
   </div>
   <div class='ocr_carea' id='block_1_65' title="bbox 2039 775 3612 851">
    <p class='ocr_par' dir='ltr' id='par_1_65' title="bbox 2039 775 3612 851">
     <span class='ocr_line' id='line_1_65' title="bbox 2039 775 3612 851; baseline 0.001 -19"><span class='ocrx_word' id='word_1_457' title='bbox 2039 781 2352 833; x_wconf 81' lang='grc' dir='ltr'>πίστευται·</span> <span class='ocrx_word' id='word_1_458' title='bbox 2393 781 2473 833; x_wconf 79' lang='grc' dir='ltr'>ὅτι</span> <span class='ocrx_word' id='word_1_459' title='bbox 2506 775 2649 834; x_wconf 72' lang='grc' dir='ltr'>οὗτοι</span> <span class='ocrx_word' id='word_1_460' title='bbox 2679 781 3070 851; x_wconf 79' lang='grc' dir='ltr'><strong>ἀναστήσονται</strong></span> <span class='ocrx_word' id='word_1_461' title='bbox 3095 783 3173 843; x_wconf 86' lang='grc' dir='ltr'><strong>είς</strong></span> <span class='ocrx_word' id='word_1_462' title='bbox 3203 779 3347 849; x_wconf 80' lang='grc' dir='ltr'>ζωὴν</span> <span class='ocrx_word' id='word_1_463' title='bbox 3373 777 3612 843; x_wconf 82' lang='grc' dir='ltr'>αἰώνιον,</span> 
     </span>
    </p>
   </div>
   <div class='ocr_carea' id='block_1_66' title="bbox 2037 869 3614 943">
    <p class='ocr_par' dir='ltr' id='par_1_66' title="bbox 2037 869 3614 943">
     <span class='ocr_line' id='line_1_66' title="bbox 2037 869 3614 943; baseline -0.002 -19"><span class='ocrx_word' id='word_1_464' title='bbox 2037 871 2182 924; x_wconf 82' lang='grc' dir='ltr'><strong>κατά</strong></span> <span class='ocrx_word' id='word_1_465' title='bbox 2207 871 2266 924; x_wconf 81' lang='grc' dir='ltr'>τὸ</span> <span class='ocrx_word' id='word_1_466' title='bbox 2298 871 2678 943; x_wconf 82' lang='grc' dir='ltr'><strong>γεγραμμένον</strong></span> <span class='ocrx_word' id='word_1_467' title='bbox 2713 871 2770 922; x_wconf 83' lang='grc' dir='ltr'>ὲν</span> <span class='ocrx_word' id='word_1_468' title='bbox 2795 873 2905 933; x_wconf 87' lang='grc' dir='ltr'>τοῖς</span> <span class='ocrx_word' id='word_1_469' title='bbox 2939 869 3306 939; x_wconf 81' lang='grc' dir='ltr'>Εὑαγγελίοις.</span> <span class='ocrx_word' id='word_1_470' title='bbox 3329 869 3471 922; x_wconf 86' lang='grc' dir='ltr'>Ὅσα</span> <span class='ocrx_word' id='word_1_471' title='bbox 3503 869 3614 942; x_wconf 81' lang='grc' dir='ltr'>γὰρ</span> 
     </span>
    </p>
   </div>
   <div class='ocr_carea' id='block_1_67' title="bbox 2039 962 3612 1032">
    <p class='ocr_par' dir='ltr' id='par_1_67' title="bbox 2039 962 3612 1032">
     <span class='ocr_line' id='line_1_67' title="bbox 2039 962 3612 1032; baseline -0.001 -16"><span class='ocrx_word' id='word_1_472' title='bbox 2039 963 2185 1032; x_wconf 85' lang='grc' dir='ltr'>λέγει</span> <span class='ocrx_word' id='word_1_473' title='bbox 2226 965 2319 1017; x_wconf 72' lang='grc' dir='ltr'><strong>καὶ</strong></span> <span class='ocrx_word' id='word_1_474' title='bbox 2357 965 2385 1016; x_wconf 82' lang='grc' dir='ltr'>ὁ</span> <span class='ocrx_word' id='word_1_475' title='bbox 2426 964 2742 1026; x_wconf 79' lang='grc' dir='ltr'>Ἀπὸστολος</span> <span class='ocrx_word' id='word_1_476' title='bbox 2772 962 2865 1016; x_wconf 76' lang='grc' dir='ltr'><strong>καὶ</strong></span> <span class='ocrx_word' id='word_1_477' title='bbox 2895 965 3064 1016; x_wconf 83' lang='grc' dir='ltr'>πᾶσαι</span> <span class='ocrx_word' id='word_1_478' title='bbox 3102 964 3154 1015; x_wconf 81' lang='grc' dir='ltr'>αἱ</span> <span class='ocrx_word' id='word_1_479' title='bbox 3195 962 3345 1030; x_wconf 82' lang='grc' dir='ltr'>ἆγιαι</span> <span class='ocrx_word' id='word_1_480' title='bbox 3374 963 3612 1032; x_wconf 73' lang='grc' dir='ltr'>Γραφαὶ,</span> 
     </span>
    </p>
   </div>
   <div class='ocr_carea' id='block_1_68' title="bbox 2040 1053 3618 1124">
    <p class='ocr_par' dir='ltr' id='par_1_68' title="bbox 2040 1053 3618 1124">
     <span class='ocr_line' id='line_1_68' title="bbox 2040 1053 3618 1124; baseline -0.002 -15"><span class='ocrx_word' id='word_1_481' title='bbox 2040 1055 2268 1124; x_wconf 75' lang='grc' dir='ltr'><strong>ἀληθινὰ</strong></span> <span class='ocrx_word' id='word_1_482' title='bbox 2297 1054 2579 1124; x_wconf 80' lang='grc' dir='ltr'>τυγχάνει·</span> <span class='ocrx_word' id='word_1_483' title='bbox 2619 1055 2666 1105; x_wconf 82' lang='grc' dir='ltr'><strong>εί</strong></span> <span class='ocrx_word' id='word_1_484' title='bbox 2711 1053 2805 1106; x_wconf 71' lang='grc' dir='ltr'>καὶ</span> <span class='ocrx_word' id='word_1_485' title='bbox 2834 1053 2984 1124; x_wconf 85' lang='grc' dir='ltr'><strong>παρά</strong></span> <span class='ocrx_word' id='word_1_486' title='bbox 3009 1057 3120 1116; x_wconf 87' lang='grc' dir='ltr'>τοῖς</span> <span class='ocrx_word' id='word_1_487' title='bbox 3159 1053 3492 1121; x_wconf 79' lang='grc' dir='ltr'>ἀπιστήσασι</span> <span class='ocrx_word' id='word_1_488' title='bbox 3521 1055 3618 1106; x_wconf 72' lang='grc' dir='ltr'><strong>καὶ</strong></span> 
     </span>
    </p>
   </div>
   <div class='ocr_carea' id='block_1_69' title="bbox 2041 1141 3618 1216">
    <p class='ocr_par' dir='ltr' id='par_1_69' title="bbox 2041 1141 3618 1216">
     <span class='ocr_line' id='line_1_69' title="bbox 2041 1141 3618 1216; baseline -0.003 -16"><span class='ocrx_word' id='word_1_489' title='bbox 2041 1148 2227 1210; x_wconf 84' lang='grc' dir='ltr'>κακῶς</span> <span class='ocrx_word' id='word_1_490' title='bbox 2249 1147 2558 1216; x_wconf 79' lang='grc' dir='ltr'>νενοηκόσιν</span> <span class='ocrx_word' id='word_1_491' title='bbox 2590 1145 2790 1215; x_wconf 77' lang='grc' dir='ltr'><strong>ἑτέρως</strong></span> <span class='ocrx_word' id='word_1_492' title='bbox 2821 1144 3307 1216; x_wconf 79' lang='grc' dir='ltr'>ὑπολαμϐάνονται.</span> <span class='ocrx_word' id='word_1_493' title='bbox 3354 1145 3517 1214; x_wconf 83' lang='grc' dir='ltr'>Ἡμῖν</span> <span class='ocrx_word' id='word_1_494' title='bbox 3557 1141 3618 1197; x_wconf 71' lang='grc' dir='ltr'><strong>δὲ</strong></span> 
     </span>
    </p>
   </div>
   <div class='ocr_carea' id='block_1_70' title="bbox 2047 1233 3618 1306">
    <p class='ocr_par' dir='ltr' id='par_1_70' title="bbox 2047 1233 3618 1306">
     <span class='ocr_line' id='line_1_70' title="bbox 2047 1233 3618 1306; baseline -0.003 -17"><span class='ocrx_word' id='word_1_495' title='bbox 2047 1237 2183 1306; x_wconf 75' lang='grc' dir='ltr'>αὕτη</span> <span class='ocrx_word' id='word_1_496' title='bbox 2232 1238 2265 1306; x_wconf 80' lang='grc' dir='ltr'>ἡ</span> <span class='ocrx_word' id='word_1_497' title='bbox 2303 1235 2484 1298; x_wconf 86' lang='grc' dir='ltr'>πίστις</span> <span class='ocrx_word' id='word_1_498' title='bbox 2533 1235 2627 1288; x_wconf 73' lang='grc' dir='ltr'><strong>καὶ</strong></span> <span class='ocrx_word' id='word_1_499' title='bbox 2651 1233 2790 1304; x_wconf 71' lang='grc' dir='ltr'>αὕτη</span> <span class='ocrx_word' id='word_1_500' title='bbox 2825 1236 2859 1304; x_wconf 87' lang='grc' dir='ltr'><strong>ή</strong></span> <span class='ocrx_word' id='word_1_501' title='bbox 2897 1233 3028 1304; x_wconf 81' lang='grc' dir='ltr'>τιμὴ</span> <span class='ocrx_word' id='word_1_502' title='bbox 3079 1233 3174 1286; x_wconf 69' lang='grc' dir='ltr'><strong>καὶ</strong></span> <span class='ocrx_word' id='word_1_503' title='bbox 3195 1233 3334 1304; x_wconf 72' lang='grc' dir='ltr'>αὕτη</span> <span class='ocrx_word' id='word_1_504' title='bbox 3363 1235 3397 1304; x_wconf 83' lang='grc' dir='ltr'>ὴ</span> <span class='ocrx_word' id='word_1_505' title='bbox 3431 1233 3618 1304; x_wconf 82' lang='grc' dir='ltr'>μήτηρ</span> 
     </span>
    </p>
   </div>
   <div class='ocr_carea' id='block_1_71' title="bbox 2043 1319 3620 1398">
    <p class='ocr_par' dir='ltr' id='par_1_71' title="bbox 2043 1319 3620 1398">
     <span class='ocr_line' id='line_1_71' title="bbox 2043 1319 3620 1398; baseline -0.004 -19"><span class='ocrx_word' id='word_1_506' title='bbox 2043 1327 2258 1398; x_wconf 81' lang='grc' dir='ltr'>ἡμῶνή</span> <span class='ocrx_word' id='word_1_507' title='bbox 2301 1324 2614 1396; x_wconf 82' lang='grc' dir='ltr'>Ἐκκλησία.</span> <span class='ocrx_word' id='word_1_508' title='bbox 2670 1322 2758 1376; x_wconf 83' lang='grc' dir='ltr'><strong>διὰ</strong></span> <span class='ocrx_word' id='word_1_509' title='bbox 2808 1324 3040 1386; x_wconf 85' lang='grc' dir='ltr'>πίστεως</span> <span class='ocrx_word' id='word_1_510' title='bbox 3092 1321 3336 1385; x_wconf 78' lang='grc' dir='ltr'>σώζουσα</span> <span class='ocrx_word' id='word_1_511' title='bbox 3379 1321 3494 1391; x_wconf 69' lang='grc'><strong>(82)</strong></span> <span class='ocrx_word' id='word_1_512' title='bbox 3521 1319 3620 1374; x_wconf 82' lang='grc' dir='ltr'>καὶ</span> 
     </span>
    </p>
   </div>
   <div class='ocr_carea' id='block_1_72' title="bbox 2045 1413 3619 1488">
    <p class='ocr_par' dir='ltr' id='par_1_72' title="bbox 2045 1413 3619 1488">
     <span class='ocr_line' id='line_1_72' title="bbox 2045 1413 3619 1488; baseline -0.004 -17"><span class='ocrx_word' id='word_1_513' title='bbox 2045 1418 2278 1480; x_wconf 77' lang='grc' dir='ltr'><strong>ἐλπίδος,</strong></span> <span class='ocrx_word' id='word_1_514' title='bbox 2329 1416 2700 1488; x_wconf 85' lang='grc' dir='ltr'>κρατυνομένη</span> <span class='ocrx_word' id='word_1_515' title='bbox 2731 1415 2823 1468; x_wconf 73' lang='grc' dir='ltr'><strong>καὶ</strong></span> <span class='ocrx_word' id='word_1_516' title='bbox 2875 1415 3062 1487; x_wconf 82' lang='grc' dir='ltr'>ἀγάπῃ</span> <span class='ocrx_word' id='word_1_517' title='bbox 3099 1413 3352 1485; x_wconf 76' lang='grc' dir='ltr'><strong>Χριστοῦ,</strong></span> <span class='ocrx_word' id='word_1_518' title='bbox 3381 1413 3619 1466; x_wconf 60' lang='grc' dir='ltr'>τελειουε-</span> 
     </span>
    </p>
   </div>
   <div class='ocr_carea' id='block_1_73' title="bbox 2049 1505 3618 1582">
    <p class='ocr_par' dir='ltr' id='par_1_73' title="bbox 2049 1505 3618 1582">
     <span class='ocr_line' id='line_1_73' title="bbox 2049 1505 3618 1582; baseline -0.003 -21"><span class='ocrx_word' id='word_1_519' title='bbox 2049 1509 2182 1582; x_wconf 83' lang='grc' dir='ltr'>μένη</span> <span class='ocrx_word' id='word_1_520' title='bbox 2211 1509 2267 1562; x_wconf 73' lang='grc' dir='ltr'>ἐν</span> <span class='ocrx_word' id='word_1_521' title='bbox 2299 1527 2356 1561; x_wconf 88' lang='grc' dir='ltr'><strong>τε</strong></span> <span class='ocrx_word' id='word_1_522' title='bbox 2387 1511 2452 1579; x_wconf 84' lang='grc' dir='ltr'>τῇ</span> <span class='ocrx_word' id='word_1_523' title='bbox 2479 1507 2739 1578; x_wconf 79' lang='grc' dir='ltr'><strong>ὁμολογίᾳ</strong></span> <span class='ocrx_word' id='word_1_524' title='bbox 2786 1507 2842 1560; x_wconf 73' lang='grc' dir='ltr'>ἐν</span> <span class='ocrx_word' id='word_1_525' title='bbox 2888 1523 2949 1559; x_wconf 88' lang='grc' dir='ltr'><strong>τε</strong></span> <span class='ocrx_word' id='word_1_526' title='bbox 2974 1509 3084 1570; x_wconf 88' lang='grc' dir='ltr'>τοῖς</span> <span class='ocrx_word' id='word_1_527' title='bbox 3117 1505 3435 1577; x_wconf 76' lang='grc' dir='ltr'><strong>μυστηρίοις</strong></span> <span class='ocrx_word' id='word_1_528' title='bbox 3477 1505 3534 1558; x_wconf 75' lang='grc' dir='ltr'>ἐν</span> <span class='ocrx_word' id='word_1_529' title='bbox 3556 1521 3618 1557; x_wconf 86' lang='grc' dir='ltr'><strong>τε</strong></span> 
     </span>
    </p>
   </div>
   <div class='ocr_carea' id='block_1_74' title="bbox 2043 1599 3618 1672">
    <p class='ocr_par' dir='ltr' id='par_1_74' title="bbox 2043 1599 3618 1672">
     <span class='ocr_line' id='line_1_74' title="bbox 2043 1599 3618 1672; baseline -0.003 -18"><span class='ocrx_word' id='word_1_530' title='bbox 2043 1605 2110 1672; x_wconf 84' lang='grc' dir='ltr'>τῇ</span> <span class='ocrx_word' id='word_1_531' title='bbox 2140 1601 2232 1654; x_wconf 78' lang='grc' dir='ltr'>τοῦ</span> <span class='ocrx_word' id='word_1_532' title='bbox 2259 1599 2483 1670; x_wconf 82' lang='grc' dir='ltr'>λουτροῦ</span> <span class='ocrx_word' id='word_1_533' title='bbox 2505 1600 2782 1670; x_wconf 85' lang='grc' dir='ltr'>καθαρσίῳ</span> <span class='ocrx_word' id='word_1_534' title='bbox 2810 1599 3053 1668; x_wconf 84' lang='grc' dir='ltr'>δυνάμει.</span> <span class='ocrx_word' id='word_1_535' title='bbox 3076 1599 3195 1651; x_wconf 85' lang='grc' dir='ltr'>Ὅτι</span> <span class='ocrx_word' id='word_1_536' title='bbox 3225 1599 3618 1662; x_wconf 78' lang='grc' dir='ltr'><strong>Ἀπελθόντες</strong></span> 
     </span>
    </p>
   </div>
   <div class='ocr_carea' id='block_1_75' title="bbox 2041 1687 3620 1761">
    <p class='ocr_par' dir='ltr' id='par_1_75' title="bbox 2041 1687 3620 1761">
     <span class='ocr_line' id='line_1_75' title="bbox 2041 1687 3620 1761; baseline -0.004 -12"><span class='ocrx_word' id='word_1_537' title='bbox 2041 1696 2382 1761; x_wconf 76' lang='grc' dir='ltr'>,ϐαπτίσατε</span> <span class='ocrx_word' id='word_1_538' title='bbox 2413 1696 2502 1760; x_wconf 81' lang='grc' dir='ltr'>εἰς</span> <span class='ocrx_word' id='word_1_539' title='bbox 2541 1693 2728 1760; x_wconf 77' lang='grc' dir='ltr'>ὄνομα</span> <span class='ocrx_word' id='word_1_540' title='bbox 2767 1690 2995 1758; x_wconf 77' lang='grc' dir='ltr'>Πατρός</span> <span class='ocrx_word' id='word_1_541' title='bbox 3023 1691 3120 1744; x_wconf 77' lang='grc' dir='ltr'>καὶ</span> <span class='ocrx_word' id='word_1_542' title='bbox 3150 1689 3284 1743; x_wconf 83' lang='grc' dir='ltr'><strong>Υιοῦ</strong></span> <span class='ocrx_word' id='word_1_543' title='bbox 3317 1689 3414 1742; x_wconf 82' lang='grc' dir='ltr'><strong>καί</strong></span> <span class='ocrx_word' id='word_1_544' title='bbox 3447 1687 3620 1757; x_wconf 71' lang='grc' dir='ltr'>ἁγίου</span> 
     </span>
    </p>
   </div>
   <div class='ocr_carea' id='block_1_76' title="bbox 2049 1782 3621 1858">
    <p class='ocr_par' dir='ltr' id='par_1_76' title="bbox 2049 1782 3621 1858">
     <span class='ocr_line' id='line_1_76' title="bbox 2049 1782 3621 1858; baseline -0.006 -15"><span class='ocrx_word' id='word_1_545' title='bbox 2049 1789 2394 1858; x_wconf 82' lang='grc' dir='ltr'>Πνεύματος</span> <span class='ocrx_word' id='word_1_546' title='bbox 2414 1803 2426 1816; x_wconf 92' lang='grc'><strong>·</strong></span> <span class='ocrx_word' id='word_1_547' title='bbox 2459 1788 2538 1849; x_wconf 86' lang='grc' dir='ltr'><strong>είς</strong></span> <span class='ocrx_word' id='word_1_548' title='bbox 2567 1786 2736 1855; x_wconf 75' lang='grc' dir='ltr'>ὄνομα</span> <span class='ocrx_word' id='word_1_549' title='bbox 2757 1785 2814 1838; x_wconf 81' lang='grc' dir='ltr'><strong>δὲ</strong></span> <span class='ocrx_word' id='word_1_550' title='bbox 2843 1784 3028 1855; x_wconf 84' lang='grc' dir='ltr'>θεῖκῆς</span> <span class='ocrx_word' id='word_1_551' title='bbox 3051 1782 3298 1853; x_wconf 85' lang='grc' dir='ltr'>Τριάδος,</span> <span class='ocrx_word' id='word_1_552' title='bbox 3325 1782 3621 1852; x_wconf 78' lang='grc' dir='ltr'>ὀνομασίας</span> 
     </span>
    </p>
   </div>
   <div class='ocr_carea' id='block_1_77' title="bbox 2051 1866 3620 1948">
    <p class='ocr_par' dir='ltr' id='par_1_77' title="bbox 2051 1866 3620 1948">
     <span class='ocr_line' id='line_1_77' title="bbox 2051 1866 3620 1948; baseline -0.003 -20"><span class='ocrx_word' id='word_1_553' title='bbox 2051 1877 2216 1948; x_wconf 80' lang='grc' dir='ltr'>μηδὲν</span> <span class='ocrx_word' id='word_1_554' title='bbox 2267 1874 2566 1945; x_wconf 77' lang='grc' dir='ltr'>διαφοράν³</span> <span class='ocrx_word' id='word_1_555' title='bbox 2623 1873 2884 1944; x_wconf 70' lang='grc' dir='ltr'>ἐχούσης·</span> <span class='ocrx_word' id='word_1_556' title='bbox 2927 1874 3040 1927; x_wconf 75' lang='grc' dir='ltr'>ἀλλ’</span> <span class='ocrx_word' id='word_1_557' title='bbox 3073 1875 3154 1927; x_wconf 84' lang='grc' dir='ltr'>ὅτι</span> <span class='ocrx_word' id='word_1_558' title='bbox 3195 1873 3324 1935; x_wconf 65' lang='lat' dir='ltr'><strong>05b;</strong></span> <span class='ocrx_word' id='word_1_559' title='bbox 3373 1866 3455 1934; x_wconf 73' lang='grc' dir='ltr'>εἷς</span> <span class='ocrx_word' id='word_1_560' title='bbox 3489 1871 3620 1941; x_wconf 80' lang='grc' dir='ltr'>ἡμῖν</span> 
     </span>
    </p>
   </div>
   <div class='ocr_carea' id='block_1_78' title="bbox 2047 1963 3620 2038">
    <p class='ocr_par' dir='ltr' id='par_1_78' title="bbox 2047 1963 3620 2038">
     <span class='ocr_line' id='line_1_78' title="bbox 2047 1963 3620 2038; baseline -0.004 -17"><span class='ocrx_word' id='word_1_561' title='bbox 2047 1971 2105 2021; x_wconf 78' lang='grc' dir='ltr'>ἐν</span> <span class='ocrx_word' id='word_1_562' title='bbox 2143 1969 2291 2038; x_wconf 83' lang='grc' dir='ltr'>νόμῳ</span> <span class='ocrx_word' id='word_1_563' title='bbox 2338 1968 2430 2020; x_wconf 75' lang='grc' dir='ltr'><strong>καὶ</strong></span> <span class='ocrx_word' id='word_1_564' title='bbox 2477 1968 2534 2019; x_wconf 80' lang='grc' dir='ltr'>ἐν</span> <span class='ocrx_word' id='word_1_565' title='bbox 2564 1967 2866 2037; x_wconf 81' lang='grc' dir='ltr'>προφήταις</span> <span class='ocrx_word' id='word_1_566' title='bbox 2917 1966 3009 2018; x_wconf 78' lang='grc' dir='ltr'>καὶ</span> <span class='ocrx_word' id='word_1_567' title='bbox 3047 1968 3105 2018; x_wconf 86' lang='grc' dir='ltr'>ὲν</span> <span class='ocrx_word' id='word_1_568' title='bbox 3135 1963 3490 2033; x_wconf 82' lang='grc' dir='ltr'>Εὐαγγελίοις</span> <span class='ocrx_word' id='word_1_569' title='bbox 3527 1963 3620 2016; x_wconf 82' lang='grc' dir='ltr'>καὶ</span> 
     </span>
    </p>
   </div>
   <div class='ocr_carea' id='block_1_79' title="bbox 2048 2051 3621 2126">
    <p class='ocr_par' dir='ltr' id='par_1_79' title="bbox 2048 2051 3621 2126">
     <span class='ocr_line' id='line_1_79' title="bbox 2048 2051 3621 2126; baseline -0.005 -15"><span class='ocrx_word' id='word_1_570' title='bbox 2048 2061 2106 2111; x_wconf 82' lang='grc' dir='ltr'>ἐν</span> <span class='ocrx_word' id='word_1_571' title='bbox 2149 2057 2488 2119; x_wconf 86' lang='grc' dir='ltr'>Ἀποστόλοις</span> <span class='ocrx_word' id='word_1_572' title='bbox 2525 2055 2660 2126; x_wconf 79' lang='lat'><strong>(85),</strong></span> <span class='ocrx_word' id='word_1_573' title='bbox 2714 2057 2770 2108; x_wconf 83' lang='grc' dir='ltr'>ὲν</span> <span class='ocrx_word' id='word_1_574' title='bbox 2799 2054 3013 2124; x_wconf 86' lang='grc' dir='ltr'>Παλαιᾷ</span> <span class='ocrx_word' id='word_1_575' title='bbox 3047 2054 3142 2107; x_wconf 75' lang='grc' dir='ltr'><strong>καὶ</strong></span> <span class='ocrx_word' id='word_1_576' title='bbox 3178 2055 3352 2123; x_wconf 83' lang='grc' dir='ltr'>Καινῇ</span> <span class='ocrx_word' id='word_1_577' title='bbox 3379 2051 3621 2125; x_wconf 77' lang='grc' dir='ltr'>Διαθήκῃ</span> 
     </span>
    </p>
   </div>
   <div class='ocr_carea' id='block_1_80' title="bbox 2047 2145 3620 2221">
    <p class='ocr_par' dir='ltr' id='par_1_80' title="bbox 2047 2145 3620 2221">
     <span class='ocr_line' id='line_1_80' title="bbox 2047 2145 3620 2221; baseline -0.004 -16"><span class='ocrx_word' id='word_1_578' title='bbox 2047 2151 2386 2221; x_wconf 84' lang='grc' dir='ltr'>κεκήρυκται</span> <span class='ocrx_word' id='word_1_579' title='bbox 2426 2149 2520 2201; x_wconf 79' lang='grc' dir='ltr'><strong>καὶ</strong></span> <span class='ocrx_word' id='word_1_580' title='bbox 2556 2145 2954 2218; x_wconf 83' lang='grc' dir='ltr'>κατήγγελται,</span> <span class='ocrx_word' id='word_1_581' title='bbox 2989 2146 3177 2216; x_wconf 79' lang='grc' dir='ltr'>Πατὴρ</span> <span class='ocrx_word' id='word_1_582' title='bbox 3221 2146 3315 2198; x_wconf 79' lang='grc' dir='ltr'><strong>καὶ</strong></span> <span class='ocrx_word' id='word_1_583' title='bbox 3361 2145 3489 2207; x_wconf 75' lang='grc' dir='ltr'>Υἱὸς</span> <span class='ocrx_word' id='word_1_584' title='bbox 3525 2146 3620 2199; x_wconf 75' lang='grc' dir='ltr'><strong>καὶ</strong></span> 
     </span>
    </p>
   </div>
   <div class='ocr_carea' id='block_1_81' title="bbox 2051 2231 3620 2312">
    <p class='ocr_par' dir='ltr' id='par_1_81' title="bbox 2051 2231 3620 2312">
     <span class='ocr_line' id='line_1_81' title="bbox 2051 2231 3620 2312; baseline -0.005 -15"><span class='ocrx_word' id='word_1_585' title='bbox 2051 2244 2202 2312; x_wconf 82' lang='grc' dir='ltr'>ἆγιον</span> <span class='ocrx_word' id='word_1_586' title='bbox 2227 2241 2450 2311; x_wconf 80' lang='grc' dir='ltr'>Πνεῦμα</span> <span class='ocrx_word' id='word_1_587' title='bbox 2469 2261 2480 2271; x_wconf 91' lang='grc'><strong>·</strong></span> <span class='ocrx_word' id='word_1_588' title='bbox 2518 2241 2590 2310; x_wconf 81' lang='grc' dir='ltr'><strong>μή</strong></span> <span class='ocrx_word' id='word_1_589' title='bbox 2612 2257 2695 2302; x_wconf 89' lang='grc' dir='ltr'><strong>τις</strong></span> <span class='ocrx_word' id='word_1_590' title='bbox 2715 2238 3004 2307; x_wconf 79' lang='grc' dir='ltr'>συναλοιφὴ</span> <span class='ocrx_word' id='word_1_591' title='bbox 3033 2231 3164 2290; x_wconf 81' lang='grc' dir='ltr'>οὖσα</span> <span class='ocrx_word' id='word_1_592' title='bbox 3184 2239 3217 2307; x_wconf 85' lang='grc' dir='ltr'><strong>ή</strong></span> <span class='ocrx_word' id='word_1_593' title='bbox 3232 2237 3454 2307; x_wconf 82' lang='grc' dir='ltr'>Θεότης,</span> <span class='ocrx_word' id='word_1_594' title='bbox 3485 2235 3620 2289; x_wconf 77' lang='grc' dir='ltr'>ἀλλὰ</span> 
     </span>
    </p>
   </div>
   <div class='ocr_carea' id='block_1_82' title="bbox 2047 2325 3620 2402">
    <p class='ocr_par' dir='ltr' id='par_1_82' title="bbox 2047 2325 3620 2402">
     <span class='ocr_line' id='line_1_82' title="bbox 2047 2325 3620 2402; baseline -0.004 -17"><span class='ocrx_word' id='word_1_595' title='bbox 2047 2333 2219 2402; x_wconf 78' lang='grc' dir='ltr'>Τριάς</span> <span class='ocrx_word' id='word_1_596' title='bbox 2247 2327 2380 2384; x_wconf 82' lang='grc' dir='ltr'>οὖσα</span> <span class='ocrx_word' id='word_1_597' title='bbox 2443 2330 2609 2393; x_wconf 78' lang='grc' dir='ltr'>ὅντως</span> <span class='ocrx_word' id='word_1_598' title='bbox 2649 2328 2851 2394; x_wconf 88' lang='grc' dir='ltr'>τελεία,</span> <span class='ocrx_word' id='word_1_599' title='bbox 2877 2327 3078 2391; x_wconf 83' lang='grc' dir='ltr'>τέλειος</span> <span class='ocrx_word' id='word_1_600' title='bbox 3113 2328 3142 2378; x_wconf 85' lang='grc' dir='ltr'>ὁ</span> <span class='ocrx_word' id='word_1_601' title='bbox 3173 2326 3382 2397; x_wconf 82' lang='grc' dir='ltr'>Πατὴρ,</span> <span class='ocrx_word' id='word_1_602' title='bbox 3417 2325 3620 2387; x_wconf 85' lang='grc' dir='ltr'>τέλειος</span> 
     </span>
    </p>
   </div>
   <div class='ocr_carea' id='block_1_83' title="bbox 2047 2410 3620 2489">
    <p class='ocr_par' dir='ltr' id='par_1_83' title="bbox 2047 2410 3620 2489">
     <span class='ocr_line' id='line_1_83' title="bbox 2047 2410 3620 2489; baseline -0.004 -15"><span class='ocrx_word' id='word_1_603' title='bbox 2047 2425 2078 2474; x_wconf 87' lang='grc' dir='ltr'>ὁ</span> <span class='ocrx_word' id='word_1_604' title='bbox 2126 2421 2270 2485; x_wconf 85' lang='grc' dir='ltr'>Υίὺς,</span> <span class='ocrx_word' id='word_1_605' title='bbox 2305 2421 2506 2474; x_wconf 83' lang='grc' dir='ltr'>τέλειον</span> <span class='ocrx_word' id='word_1_606' title='bbox 2533 2420 2594 2472; x_wconf 85' lang='grc' dir='ltr'><strong>τὺ</strong></span> <span class='ocrx_word' id='word_1_607' title='bbox 2623 2418 2846 2489; x_wconf 87' lang='grc' dir='ltr'>Πνεῦμα</span> <span class='ocrx_word' id='word_1_608' title='bbox 2871 2419 2933 2470; x_wconf 86' lang='grc' dir='ltr'><strong>τὸ</strong></span> <span class='ocrx_word' id='word_1_609' title='bbox 2971 2417 3144 2486; x_wconf 75' lang='grc' dir='ltr'>ἅγιον,</span> <span class='ocrx_word' id='word_1_610' title='bbox 3177 2417 3275 2487; x_wconf 90' lang='grc' dir='ltr'><strong>μία</strong></span> <span class='ocrx_word' id='word_1_611' title='bbox 3299 2415 3509 2486; x_wconf 77' lang='grc' dir='ltr'>θεότης,</span> <span class='ocrx_word' id='word_1_612' title='bbox 3539 2410 3620 2479; x_wconf 79' lang='grc' dir='ltr'>εἷς</span> 
     </span>
    </p>
   </div>
   <div class='ocr_carea' id='block_1_84' title="bbox 2043 2506 3619 2583">
    <p class='ocr_par' dir='ltr' id='par_1_84' title="bbox 2043 2506 3619 2583">
     <span class='ocr_line' id='line_1_84' title="bbox 2043 2506 3619 2583; baseline -0.004 -16"><span class='ocrx_word' id='word_1_613' title='bbox 2043 2515 2182 2577; x_wconf 80' lang='grc' dir='ltr'><strong>Θεός</strong></span> <span class='ocrx_word' id='word_1_614' title='bbox 2207 2533 2220 2545; x_wconf 89' lang='grc'>·</span> <span class='ocrx_word' id='word_1_615' title='bbox 2310 2515 2343 2583; x_wconf 83' lang='grc' dir='ltr'><strong>ἡ</strong></span> <span class='ocrx_word' id='word_1_616' title='bbox 2363 2511 2508 2578; x_wconf 79' lang='grc' dir='ltr'>δόξα,</span> <span class='ocrx_word' id='word_1_617' title='bbox 2529 2511 2664 2582; x_wconf 85' lang='grc' dir='ltr'>τιμὴ</span> <span class='ocrx_word' id='word_1_618' title='bbox 2695 2511 2789 2564; x_wconf 76' lang='grc' dir='ltr'>καὶ</span> <span class='ocrx_word' id='word_1_619' title='bbox 2814 2511 3010 2582; x_wconf 83' lang='grc' dir='ltr'>κράτος</span> <span class='ocrx_word' id='word_1_620' title='bbox 3033 2512 3112 2574; x_wconf 89' lang='grc' dir='ltr'>εἰς</span> <span class='ocrx_word' id='word_1_621' title='bbox 3136 2509 3261 2572; x_wconf 72' lang='grc' dir='ltr'>τοὺς</span> <span class='ocrx_word' id='word_1_622' title='bbox 3290 2508 3490 2572; x_wconf 78' lang='grc' dir='ltr'>αἰῶνας</span> <span class='ocrx_word' id='word_1_623' title='bbox 3511 2506 3619 2560; x_wconf 88' lang='grc' dir='ltr'><strong>τῶν</strong></span> 
     </span>
    </p>
   </div>
   <div class='ocr_carea' id='block_1_85' title="bbox 2051 2603 2520 2673">
    <p class='ocr_par' dir='ltr' id='par_1_85' title="bbox 2051 2603 2520 2673">
     <span class='ocr_line' id='line_1_85' title="bbox 2051 2603 2520 2673; baseline -0.009 -15"><span class='ocrx_word' id='word_1_624' title='bbox 2051 2603 2280 2658; x_wconf 81' lang='grc' dir='ltr'>αίὼνων.</span> <span class='ocrx_word' id='word_1_625' title='bbox 2331 2604 2520 2673; x_wconf 82' lang='grc' dir='ltr'>Ἀμήν.</span> 
     </span>
    </p>
   </div>
   <div class='ocr_carea' id='block_1_86' title="bbox 2125 2767 3622 2845">
    <p class='ocr_par' dir='ltr' id='par_1_86' title="bbox 2125 2767 3622 2845">
     <span class='ocr_line' id='line_1_86' title="bbox 2125 2767 3622 2845; baseline 0.004 -17"><span class='ocrx_word' id='word_1_626' title='bbox 2125 2775 2224 2829; x_wconf 84' lang='grc' dir='ltr'><strong>ῙΘ’.</strong></span> <span class='ocrx_word' id='word_1_627' title='bbox 2261 2773 2408 2845; x_wconf 74' lang='grc' dir='ltr'>Αὕτη</span> <span class='ocrx_word' id='word_1_628' title='bbox 2462 2773 2670 2843; x_wconf 72' lang='grc' dir='ltr'>ὲστὶνή</span> <span class='ocrx_word' id='word_1_629' title='bbox 2707 2772 2908 2836; x_wconf 83' lang='grc' dir='ltr'>πίστις,</span> <span class='ocrx_word' id='word_1_630' title='bbox 2941 2775 2975 2843; x_wconf 78' lang='grc' dir='ltr'><strong>ἡ</strong></span> <span class='ocrx_word' id='word_1_631' title='bbox 3019 2772 3120 2842; x_wconf 83' lang='grc' dir='ltr'>τῆς</span> <span class='ocrx_word' id='word_1_632' title='bbox 3161 2770 3438 2842; x_wconf 76' lang='grc' dir='ltr'>ἡμετέρας</span> <span class='ocrx_word' id='word_1_633' title='bbox 3476 2767 3622 2839; x_wconf 74' lang='grc' dir='ltr'><strong>ξωῆς</strong></span> 
     </span>
    </p>
   </div>
   <div class='ocr_carea' id='block_1_87' title="bbox 2055 2858 3622 2938">
    <p class='ocr_par' dir='ltr' id='par_1_87' title="bbox 2055 2858 3622 2938">
     <span class='ocr_line' id='line_1_87' title="bbox 2055 2858 3622 2938; baseline -0.004 -18"><span class='ocrx_word' id='word_1_634' title='bbox 2055 2867 2406 2938; x_wconf 84' lang='grc' dir='ltr'>πραγματεία</span> <span class='ocrx_word' id='word_1_635' title='bbox 2424 2883 2438 2897; x_wconf 79' lang='grc'><strong><em>⁸</em></strong></span> <span class='ocrx_word' id='word_1_636' title='bbox 2470 2865 2626 2918; x_wconf 77' lang='grc' dir='ltr'>τοῦτο</span> <span class='ocrx_word' id='word_1_637' title='bbox 2649 2865 2708 2918; x_wconf 84' lang='grc' dir='ltr'>τὺ</span> <span class='ocrx_word' id='word_1_638' title='bbox 2735 2858 2964 2938; x_wconf 75' lang='grc' dir='ltr'>ἔρεισμα</span> <span class='ocrx_word' id='word_1_639' title='bbox 2985 2864 3086 2934; x_wconf 83' lang='grc' dir='ltr'>τῆς</span> <span class='ocrx_word' id='word_1_640' title='bbox 3107 2862 3388 2934; x_wconf 79' lang='grc' dir='ltr'>ἀληθείας·</span> <span class='ocrx_word' id='word_1_641' title='bbox 3423 2861 3558 2932; x_wconf 79' lang='grc' dir='ltr'>αὕτη</span> <span class='ocrx_word' id='word_1_642' title='bbox 3587 2859 3622 2930; x_wconf 76' lang='grc' dir='ltr'>ἡ</span> 
     </span>
    </p>
   </div>
   <div class='ocr_carea' id='block_1_88' title="bbox 2057 2954 3624 3030">
    <p class='ocr_par' dir='ltr' id='par_1_88' title="bbox 2057 2954 3624 3030">
     <span class='ocr_line' id='line_1_88' title="bbox 2057 2954 3624 3030; baseline -0.006 -16"><span class='ocrx_word' id='word_1_643' title='bbox 2057 2959 2324 3030; x_wconf 79' lang='grc' dir='ltr'>παρθένος</span> <span class='ocrx_word' id='word_1_644' title='bbox 2347 2957 2580 3028; x_wconf 77' lang='grc' dir='ltr'>Χριστοῦ</span> <span class='ocrx_word' id='word_1_645' title='bbox 2624 2959 2718 3012; x_wconf 76' lang='grc' dir='ltr'>καὶ</span> <span class='ocrx_word' id='word_1_646' title='bbox 2742 2956 3036 3029; x_wconf 86' lang='grc' dir='ltr'>περιστερὰ</span> <span class='ocrx_word' id='word_1_647' title='bbox 3055 2956 3261 3017; x_wconf 79' lang='grc' dir='ltr'>ἄκακος</span> <span class='ocrx_word' id='word_1_648' title='bbox 3277 2972 3288 2984; x_wconf 91' lang='grc'>·</span> <span class='ocrx_word' id='word_1_649' title='bbox 3311 2954 3449 3025; x_wconf 80' lang='grc' dir='ltr'>αὕτη</span> <span class='ocrx_word' id='word_1_650' title='bbox 3475 2954 3624 3006; x_wconf 71' lang='grc' dir='ltr'>ἐστὶν</span> 
     </span>
    </p>
   </div>
   <div class='ocr_carea' id='block_1_89' title="bbox 2059 3043 3624 3123">
    <p class='ocr_par' dir='ltr' id='par_1_89' title="bbox 2059 3043 3624 3123">
     <span class='ocr_line' id='line_1_89' title="bbox 2059 3043 3624 3123; baseline -0.004 -18"><span class='ocrx_word' id='word_1_651' title='bbox 2059 3055 2090 3123; x_wconf 85' lang='grc' dir='ltr'>ἡ</span> <span class='ocrx_word' id='word_1_652' title='bbox 2135 3051 2248 3123; x_wconf 81' lang='grc' dir='ltr'><strong>ζωὴ</strong></span> <span class='ocrx_word' id='word_1_653' title='bbox 2293 3051 2388 3106; x_wconf 76' lang='grc' dir='ltr'>καὶ</span> <span class='ocrx_word' id='word_1_654' title='bbox 2413 3051 2446 3121; x_wconf 83' lang='grc' dir='ltr'><strong>ἡ</strong></span> <span class='ocrx_word' id='word_1_655' title='bbox 2475 3049 2628 3112; x_wconf 70' lang='grc' dir='ltr'>ἐλπὶς</span> <span class='ocrx_word' id='word_1_656' title='bbox 2657 3049 2752 3102; x_wconf 76' lang='grc' dir='ltr'><strong>καὶ</strong></span> <span class='ocrx_word' id='word_1_657' title='bbox 2779 3051 2812 3118; x_wconf 88' lang='grc' dir='ltr'>ἡ</span> <span class='ocrx_word' id='word_1_658' title='bbox 2847 3047 3134 3117; x_wconf 76' lang='grc' dir='ltr'>βεϐαίωσις</span> <span class='ocrx_word' id='word_1_659' title='bbox 3163 3046 3264 3116; x_wconf 80' lang='grc' dir='ltr'>τῆς</span> <span class='ocrx_word' id='word_1_660' title='bbox 3295 3043 3624 3115; x_wconf 81' lang='grc' dir='ltr'>ἀφθαρσίας.</span> 
     </span>
    </p>
   </div>
   <div class='ocr_carea' id='block_1_90' title="bbox 2074 3137 3628 3215">
    <p class='ocr_par' dir='ltr' id='par_1_90' title="bbox 2074 3137 3628 3215">
     <span class='ocr_line' id='line_1_90' title="bbox 2074 3137 3628 3215; baseline -0.008 -16"><span class='ocrx_word' id='word_1_661' title='bbox 2074 3145 2233 3199; x_wconf 83' lang='grc' dir='ltr'><strong>Ἀλλά</strong></span> <span class='ocrx_word' id='word_1_662' title='bbox 2257 3141 2555 3215; x_wconf 83' lang='grc' dir='ltr'>παρακαλῶ</span> <span class='ocrx_word' id='word_1_663' title='bbox 2599 3141 2806 3204; x_wconf 85' lang='grc' dir='ltr'>πάντας</span> <span class='ocrx_word' id='word_1_664' title='bbox 2849 3141 2993 3210; x_wconf 82' lang='grc' dir='ltr'>ὑμᾶς</span> <span class='ocrx_word' id='word_1_665' title='bbox 3038 3139 3166 3200; x_wconf 81' lang='grc' dir='ltr'>τοὺς</span> <span class='ocrx_word' id='word_1_666' title='bbox 3205 3137 3628 3206; x_wconf 82' lang='grc' dir='ltr'>ἐντυγχάνοντας</span> 
     </span>
    </p>
   </div>
   <div class='ocr_carea' id='block_1_91' title="bbox 2065 3229 3630 3308">
    <p class='ocr_par' dir='ltr' id='par_1_91' title="bbox 2065 3229 3630 3308">
     <span class='ocr_line' id='line_1_91' title="bbox 2065 3229 3630 3308; baseline -0.007 -16"><span class='ocrx_word' id='word_1_667' title='bbox 2065 3238 2369 3307; x_wconf 86' lang='grc' dir='ltr'>συγγνῶναι</span> <span class='ocrx_word' id='word_1_668' title='bbox 2398 3239 2464 3308; x_wconf 84' lang='grc' dir='ltr'>τῇ</span> <span class='ocrx_word' id='word_1_669' title='bbox 2496 3237 2601 3306; x_wconf 81' lang='grc' dir='ltr'><strong>ἐμῇ</strong></span> <span class='ocrx_word' id='word_1_670' title='bbox 2617 3233 2962 3304; x_wconf 85' lang='grc' dir='ltr'>ταπεινότητι</span> <span class='ocrx_word' id='word_1_671' title='bbox 2994 3233 3086 3286; x_wconf 78' lang='grc' dir='ltr'><strong>καὶ</strong></span> <span class='ocrx_word' id='word_1_672' title='bbox 3107 3231 3358 3301; x_wconf 79' lang='grc' dir='ltr'>ἀσθενείᾳ</span> <span class='ocrx_word' id='word_1_673' title='bbox 3381 3230 3473 3282; x_wconf 75' lang='grc' dir='ltr'>τοῦ</span> <span class='ocrx_word' id='word_1_674' title='bbox 3503 3229 3630 3299; x_wconf 81' lang='grc' dir='ltr'>βρα-</span> 
     </span>
    </p>
   </div>
   <div class='ocr_carea' id='block_1_92' title="bbox 2064 3316 3630 3396">
    <p class='ocr_par' dir='ltr' id='par_1_92' title="bbox 2064 3316 3630 3396">
     <span class='ocr_line' id='line_1_92' title="bbox 2064 3316 3630 3396; baseline -0.006 -18"><span class='ocrx_word' id='word_1_675' title='bbox 2064 3327 2294 3396; x_wconf 84' lang='grc' dir='ltr'>χυτάτου</span> <span class='ocrx_word' id='word_1_676' title='bbox 2332 3341 2432 3396; x_wconf 84' lang='grc' dir='ltr'><strong>μου</strong></span> <span class='ocrx_word' id='word_1_677' title='bbox 2475 3323 2588 3386; x_wconf 78' lang='grc' dir='ltr'>νοῦ,</span> <span class='ocrx_word' id='word_1_678' title='bbox 2629 3322 2719 3374; x_wconf 79' lang='grc' dir='ltr'>τοῦ</span> <span class='ocrx_word' id='word_1_679' title='bbox 2745 3321 2852 3375; x_wconf 85' lang='grc' dir='ltr'><strong>ἀπὸ</strong></span> <span class='ocrx_word' id='word_1_680' title='bbox 2884 3321 3076 3374; x_wconf 87' lang='grc' dir='ltr'>πολλοῦ</span> <span class='ocrx_word' id='word_1_681' title='bbox 3118 3321 3226 3372; x_wconf 86' lang='grc' dir='ltr'><strong>τῶν</strong></span> <span class='ocrx_word' id='word_1_682' title='bbox 3250 3319 3511 3390; x_wconf 77' lang='grc' dir='ltr'>αἱρέσεων</span> <span class='ocrx_word' id='word_1_683' title='bbox 3551 3316 3630 3370; x_wconf 63' lang='lat' dir='ltr'><strong>toﬁ</strong></span> 
     </span>
    </p>
   </div>
   <div class='ocr_carea' id='block_1_93' title="bbox 2067 3411 3634 3488">
    <p class='ocr_par' dir='ltr' id='par_1_93' title="bbox 2067 3411 3634 3488">
     <span class='ocr_line' id='line_1_93' title="bbox 2067 3411 3634 3488; baseline -0.004 -17"><span class='ocrx_word' id='word_1_684' title='bbox 2067 3420 2562 3488; x_wconf 84' lang='grc' dir='ltr'>ἁποναρκήσαντος,</span> <span class='ocrx_word' id='word_1_685' title='bbox 2599 3415 2694 3470; x_wconf 73' lang='grc' dir='ltr'><strong>καὶ</strong></span> <span class='ocrx_word' id='word_1_686' title='bbox 2717 3413 3194 3485; x_wconf 86' lang='grc' dir='ltr'>ἀποσικχαίνοντος</span> <span class='ocrx_word' id='word_1_687' title='bbox 3223 3413 3356 3482; x_wconf 70' lang='grc'><strong>(84),</strong></span> <span class='ocrx_word' id='word_1_688' title='bbox 3389 3411 3462 3474; x_wconf 80' lang='grc' dir='ltr'>ὠς</span> <span class='ocrx_word' id='word_1_689' title='bbox 3501 3413 3634 3465; x_wconf 78' lang='grc' dir='ltr'>ἀπο-</span> 
     </span>
    </p>
   </div>
   <div class='ocr_carea' id='block_1_94' title="bbox 2067 3495 3636 3577">
    <p class='ocr_par' dir='ltr' id='par_1_94' title="bbox 2067 3495 3636 3577">
     <span class='ocr_line' id='line_1_94' title="bbox 2067 3495 3636 3577; baseline -0.005 -17"><span class='ocrx_word' id='word_1_690' title='bbox 2067 3508 2324 3570; x_wconf 82' lang='grc' dir='ltr'>πτύοντος</span> <span class='ocrx_word' id='word_1_691' title='bbox 2351 3507 2508 3577; x_wconf 86' lang='grc' dir='ltr'>δίκην</span> <span class='ocrx_word' id='word_1_692' title='bbox 2527 3505 2621 3558; x_wconf 69' lang='grc' dir='ltr'><strong>καὶ</strong></span> <span class='ocrx_word' id='word_1_693' title='bbox 2647 3503 2990 3566; x_wconf 86' lang='grc' dir='ltr'>ναυτιῶντος,</span> <span class='ocrx_word' id='word_1_694' title='bbox 3007 3503 3071 3556; x_wconf 84' lang='grc' dir='ltr'><strong>δι’</strong></span> <span class='ocrx_word' id='word_1_695' title='bbox 3109 3495 3184 3554; x_wconf 85' lang='grc' dir='ltr'>ὧν</span> <span class='ocrx_word' id='word_1_696' title='bbox 3203 3503 3324 3571; x_wconf 77' lang='grc' dir='ltr'>ἦτοι</span> <span class='ocrx_word' id='word_1_697' title='bbox 3349 3499 3636 3570; x_wconf 84' lang='grc' dir='ltr'>αὐστηρῶς</span> 
     </span>
    </p>
   </div>
   <div class='ocr_carea' id='block_1_95' title="bbox 2070 3591 3640 3670">
    <p class='ocr_par' dir='ltr' id='par_1_95' title="bbox 2070 3591 3640 3670">
     <span class='ocr_line' id='line_1_95' title="bbox 2070 3591 3640 3670; baseline -0.004 -18"><span class='ocrx_word' id='word_1_698' title='bbox 2070 3599 2206 3670; x_wconf 85' lang='grc' dir='ltr'>πρός</span> <span class='ocrx_word' id='word_1_699' title='bbox 2243 3615 2392 3661; x_wconf 87' lang='grc' dir='ltr'>τινας</span> <span class='ocrx_word' id='word_1_700' title='bbox 2421 3596 2717 3668; x_wconf 76' lang='grc' dir='ltr'>φερόμενος</span> <span class='ocrx_word' id='word_1_701' title='bbox 2741 3594 2970 3665; x_wconf 77' lang='grc' dir='ltr'>ἡνέχθην</span> <span class='ocrx_word' id='word_1_702' title='bbox 2999 3593 3096 3651; x_wconf 78' lang='grc' dir='ltr'>διὰ,</span> <span class='ocrx_word' id='word_1_703' title='bbox 3114 3594 3392 3664; x_wconf 73' lang='grc' dir='ltr'>ῥημάτων,</span> <span class='ocrx_word' id='word_1_704' title='bbox 3423 3591 3640 3664; x_wconf 80' lang='grc' dir='ltr'>ἢκαλέ-</span> 
     </span>
    </p>
   </div>
   <div class='ocr_carea' id='block_1_96' title="bbox 2073 3682 3638 3760">
    <p class='ocr_par' dir='ltr' id='par_1_96' title="bbox 2073 3682 3638 3760">
     <span class='ocr_line' id='line_1_96' title="bbox 2073 3682 3638 3760; baseline -0.006 -17"><span class='ocrx_word' id='word_1_705' title='bbox 2073 3709 2169 3755; x_wconf 88' lang='grc' dir='ltr'><strong>σας</strong></span> <span class='ocrx_word' id='word_1_706' title='bbox 2198 3689 2346 3752; x_wconf 80' lang='grc' dir='ltr'>τινὰς</span> <span class='ocrx_word' id='word_1_707' title='bbox 2367 3686 2712 3760; x_wconf 81' lang='grc' dir='ltr'>ἀλητηρίους,</span> <span class='ocrx_word' id='word_1_708' title='bbox 2755 3685 2790 3755; x_wconf 81' lang='grc' dir='ltr'><strong>ἢ</strong></span> <span class='ocrx_word' id='word_1_709' title='bbox 2823 3684 3140 3756; x_wconf 84' lang='grc' dir='ltr'>ἀγύρτας,ἢ</span> <span class='ocrx_word' id='word_1_710' title='bbox 3167 3682 3638 3752; x_wconf 79' lang='grc' dir='ltr'>πεπλανημένους,</span> 
     </span>
    </p>
   </div>
   <div class='ocr_carea' id='block_1_97' title="bbox 2073 3771 3636 3854">
    <p class='ocr_par' dir='ltr' id='par_1_97' title="bbox 2073 3771 3636 3854">
     <span class='ocr_line' id='line_1_97' title="bbox 2073 3771 3636 3854; baseline -0.008 -18"><span class='ocrx_word' id='word_1_711' title='bbox 2073 3783 2106 3854; x_wconf 83' lang='grc' dir='ltr'><strong>ἢ</strong></span> <span class='ocrx_word' id='word_1_712' title='bbox 2170 3779 2510 3842; x_wconf 86' lang='grc' dir='ltr'>ἀπατεῶνας.</span> <span class='ocrx_word' id='word_1_713' title='bbox 2561 3777 2659 3831; x_wconf 80' lang='grc' dir='ltr'><strong>Διὸ.</strong></span> <span class='ocrx_word' id='word_1_714' title='bbox 2708 3777 2815 3849; x_wconf 85' lang='grc' dir='ltr'>γὰρ</span> <span class='ocrx_word' id='word_1_715' title='bbox 2875 3775 2966 3830; x_wconf 76' lang='grc' dir='ltr'><strong>τὸν</strong></span> <span class='ocrx_word' id='word_1_716' title='bbox 3005 3776 3172 3828; x_wconf 79' lang='grc' dir='ltr'>πολὺν</span> <span class='ocrx_word' id='word_1_717' title='bbox 3205 3773 3365 3826; x_wconf 85' lang='grc' dir='ltr'>πόνον</span> <span class='ocrx_word' id='word_1_718' title='bbox 3403 3771 3496 3824; x_wconf 73' lang='grc' dir='ltr'>τοῦ</span> <span class='ocrx_word' id='word_1_719' title='bbox 3535 3771 3636 3837; x_wconf 83' lang='grc' dir='ltr'>ίοῦ,</span> 
     </span>
    </p>
   </div>
   <div class='ocr_carea' id='block_1_98' title="bbox 2073 3862 3644 3944">
    <p class='ocr_par' dir='ltr' id='par_1_98' title="bbox 2073 3862 3644 3944">
     <span class='ocr_line' id='line_1_98' title="bbox 2073 3862 3644 3944; baseline -0.009 -16"><span class='ocrx_word' id='word_1_720' title='bbox 2073 3875 2248 3928; x_wconf 86' lang='grc' dir='ltr'>καίτοι</span> <span class='ocrx_word' id='word_1_721' title='bbox 2280 3891 2344 3941; x_wconf 87' lang='grc' dir='ltr'><strong>γε</strong></span> <span class='ocrx_word' id='word_1_722' title='bbox 2387 3873 2460 3944; x_wconf 85' lang='grc' dir='ltr'>μὴ</span> <span class='ocrx_word' id='word_1_723' title='bbox 2505 3871 2718 3942; x_wconf 80' lang='grc' dir='ltr'>ἔχοντες</span> <span class='ocrx_word' id='word_1_724' title='bbox 2761 3869 2882 3932; x_wconf 76' lang='grc' dir='ltr'>ἔθος</span> <span class='ocrx_word' id='word_1_725' title='bbox 2939 3867 3244 3938; x_wconf 88' lang='grc' dir='ltr'>προχείρως</span> <span class='ocrx_word' id='word_1_726' title='bbox 3278 3862 3644 3918; x_wconf 74' lang='grc' dir='ltr'>ἐπισκώπτειν</span> 
     </span>
    </p>
   </div>
   <div class='ocr_carea' id='block_1_99' title="bbox 2073 3953 3644 4034">
    <p class='ocr_par' dir='ltr' id='par_1_99' title="bbox 2073 3953 3644 4034">
     <span class='ocr_line' id='line_1_99' title="bbox 2073 3953 3644 4034; baseline -0.009 -15"><span class='ocrx_word' id='word_1_727' title='bbox 2073 3967 2242 4030; x_wconf 76' lang='grc' dir='ltr'>τινὰς,</span> <span class='ocrx_word' id='word_1_728' title='bbox 2260 3966 2504 4033; x_wconf 84' lang='grc' dir='ltr'>ἀνάγκην</span> <span class='ocrx_word' id='word_1_729' title='bbox 2529 3965 2840 4034; x_wconf 79' lang='grc' dir='ltr'>ἐσχήκαμεν</span> <span class='ocrx_word' id='word_1_730' title='bbox 2871 3961 3128 4022; x_wconf 81' lang='grc' dir='ltr'>τοιούτοις</span> <span class='ocrx_word' id='word_1_731' title='bbox 3149 3957 3344 4020; x_wconf 76' lang='grc' dir='ltr'>αὐτοὺς</span> <span class='ocrx_word' id='word_1_732' title='bbox 3371 3953 3644 4009; x_wconf 82' lang='grc' dir='ltr'>διαθέσθαι</span> 
     </span>
    </p>
   </div>
   <div class='ocr_carea' id='block_1_100' title="bbox 2075 4047 3644 4130">
    <p class='ocr_par' dir='ltr' id='par_1_100' title="bbox 2075 4047 3644 4130">
     <span class='ocr_line' id='line_1_100' title="bbox 2075 4047 3644 4130; baseline -0.008 -20"><span class='ocrx_word' id='word_1_733' title='bbox 2075 4063 2188 4122; x_wconf 85' lang='grc' dir='ltr'>τοῖς</span> <span class='ocrx_word' id='word_1_734' title='bbox 2217 4060 2470 4130; x_wconf 78' lang='grc' dir='ltr'>ῥήμασιν,</span> <span class='ocrx_word' id='word_1_735' title='bbox 2492 4057 2577 4108; x_wconf 81' lang='grc' dir='ltr'>ἵνα</span> <span class='ocrx_word' id='word_1_736' title='bbox 2621 4052 3048 4124; x_wconf 85' lang='grc' dir='ltr'>ἀποστρέφωμεν</span> <span class='ocrx_word' id='word_1_737' title='bbox 3075 4049 3172 4120; x_wconf 84' lang='grc' dir='ltr'>τὴν</span> <span class='ocrx_word' id='word_1_738' title='bbox 3215 4047 3451 4102; x_wconf 83' lang='grc' dir='ltr'>διάνοιάν</span> <span class='ocrx_word' id='word_1_739' title='bbox 3485 4060 3644 4098; x_wconf 87' lang='grc' dir='ltr'>τινων</span> 
     </span>
    </p>
   </div>
   <div class='ocr_carea' id='block_1_101' title="bbox 2081 4135 3646 4222">
    <p class='ocr_par' dir='ltr' id='par_1_101' title="bbox 2081 4135 3646 4222">
     <span class='ocr_line' id='line_1_101' title="bbox 2081 4135 3646 4222; baseline -0.01 -17"><span class='ocrx_word' id='word_1_740' title='bbox 2081 4153 2154 4222; x_wconf 89' lang='grc' dir='ltr'><strong>μή</strong></span> <span class='ocrx_word' id='word_1_741' title='bbox 2205 4167 2279 4220; x_wconf 90' lang='grc' dir='ltr'><strong>πη</strong></span> <span class='ocrx_word' id='word_1_742' title='bbox 2328 4148 2620 4218; x_wconf 87' lang='grc' dir='ltr'>νομίσωσιν</span> <span class='ocrx_word' id='word_1_743' title='bbox 2660 4147 2804 4216; x_wconf 81' lang='grc' dir='ltr'>ἡμᾶς</span> <span class='ocrx_word' id='word_1_744' title='bbox 2839 4143 2928 4198; x_wconf 87' lang='grc' dir='ltr'><strong>διὰ</strong></span> <span class='ocrx_word' id='word_1_745' title='bbox 2961 4140 3288 4210; x_wconf 57' lang='grc' dir='ltr'>’τὸ-ἀφανδὸν</span> <span class='ocrx_word' id='word_1_746' title='bbox 3319 4139 3338 4170; x_wconf 70' lang='grc' dir='ltr'>δ</span> <span class='ocrx_word' id='word_1_747' title='bbox 3373 4137 3448 4208; x_wconf 82' lang='grc' dir='ltr'>μὴ</span> <span class='ocrx_word' id='word_1_748' title='bbox 3491 4135 3646 4205; x_wconf 84' lang='grc' dir='ltr'>δεδη-</span> 
     </span>
    </p>
   </div>
   <div class='ocr_carea' id='block_1_102' title="bbox 2083 4225 3646 4312">
    <p class='ocr_par' dir='ltr' id='par_1_102' title="bbox 2083 4225 3646 4312">
     <span class='ocr_line' id='line_1_102' title="bbox 2083 4225 3646 4312; baseline -0.011 -18"><span class='ocrx_word' id='word_1_749' title='bbox 2083 4240 2450 4312; x_wconf 85' lang='grc' dir='ltr'>μοσιευκέναι,</span> <span class='ocrx_word' id='word_1_750' title='bbox 2509 4235 2964 4304; x_wconf 84' lang='grc' dir='ltr'>ἀποκαλύψαντας</span> <span class='ocrx_word' id='word_1_751' title='bbox 3013 4233 3082 4286; x_wconf 71' lang='grc' dir='ltr'><strong>τὰ</strong></span> <span class='ocrx_word' id='word_1_752' title='bbox 3111 4231 3238 4302; x_wconf 83' lang='grc' dir='ltr'>παρ’</span> <span class='ocrx_word' id='word_1_753' title='bbox 3271 4231 3453 4289; x_wconf 82' lang='grc' dir='ltr'>αὐτοῖς</span> <span class='ocrx_word' id='word_1_754' title='bbox 3491 4225 3646 4292; x_wconf 81' lang='grc' dir='ltr'>λεγό-</span> 
     </span>
    </p>
   </div>
   <div class='ocr_carea' id='block_1_103' title="bbox 2083 4316 3647 4404">
    <p class='ocr_par' dir='ltr' id='par_1_103' title="bbox 2083 4316 3647 4404">
     <span class='ocr_line' id='line_1_103' title="bbox 2083 4316 3647 4404; baseline -0.012 -17"><span class='ocrx_word' id='word_1_755' title='bbox 2083 4349 2220 4404; x_wconf 89' lang='grc' dir='ltr'>μενα</span> <span class='ocrx_word' id='word_1_756' title='bbox 2252 4331 2285 4402; x_wconf 87' lang='grc' dir='ltr'>ἢ</span> <span class='ocrx_word' id='word_1_757' title='bbox 2309 4331 2585 4400; x_wconf 86' lang='grc' dir='ltr'>γινόμενα.</span> <span class='ocrx_word' id='word_1_758' title='bbox 2631 4327 2794 4399; x_wconf 82' lang='grc' dir='ltr'>μέρος</span> <span class='ocrx_word' id='word_1_759' title='bbox 2823 4325 2964 4397; x_wconf 82' lang='grc' dir='ltr'>ἔχειν</span> <span class='ocrx_word' id='word_1_760' title='bbox 2998 4323 3232 4386; x_wconf 85' lang='grc' dir='ltr'>διανοίας</span> <span class='ocrx_word' id='word_1_761' title='bbox 3261 4316 3647 4388; x_wconf 85' lang='grc' dir='ltr'>συγκατατιθε-</span> 
     </span>
    </p>
   </div>
   <div class='ocr_carea' id='block_1_104' title="bbox 2086 4409 3645 4495">
    <p class='ocr_par' dir='ltr' id='par_1_104' title="bbox 2086 4409 3645 4495">
     <span class='ocr_line' id='line_1_104' title="bbox 2086 4409 3645 4495; baseline -0.013 -17"><span class='ocrx_word' id='word_1_762' title='bbox 2086 4424 2252 4495; x_wconf 87' lang='grc' dir='ltr'>μὲνης</span> <span class='ocrx_word' id='word_1_763' title='bbox 2269 4425 2336 4492; x_wconf 84' lang='grc' dir='ltr'>τῇ</span> <span class='ocrx_word' id='word_1_764' title='bbox 2374 4419 2501 4492; x_wconf 83' lang='grc' dir='ltr'>παρ’</span> <span class='ocrx_word' id='word_1_765' title='bbox 2539 4420 2741 4488; x_wconf 79' lang='grc' dir='ltr'>ἑκάστῃ</span> <span class='ocrx_word' id='word_1_766' title='bbox 2778 4417 2885 4470; x_wconf 88' lang='grc' dir='ltr'><strong>τῶν</strong></span> <span class='ocrx_word' id='word_1_767' title='bbox 2913 4416 3174 4487; x_wconf 81' lang='grc' dir='ltr'>αἱρέσεων</span> <span class='ocrx_word' id='word_1_768' title='bbox 3199 4410 3508 4480; x_wconf 81' lang='grc' dir='ltr'>κακοδοξίᾳ.</span> <span class='ocrx_word' id='word_1_769' title='bbox 3539 4409 3645 4460; x_wconf 81' lang='grc' dir='ltr'><strong>Πε-</strong></span> 
     </span>
    </p>
   </div>
   <div class='ocr_carea' id='block_1_105' title="bbox 2083 4501 3648 4586">
    <p class='ocr_par' dir='ltr' id='par_1_105' title="bbox 2083 4501 3648 4586">
     <span class='ocr_line' id='line_1_105' title="bbox 2083 4501 3648 4586; baseline -0.01 -18"><span class='ocrx_word' id='word_1_770' title='bbox 2083 4516 2316 4586; x_wconf 87' lang='grc' dir='ltr'>ποίημαι</span> <span class='ocrx_word' id='word_1_771' title='bbox 2355 4513 2412 4566; x_wconf 79' lang='grc' dir='ltr'>δὲ</span> <span class='ocrx_word' id='word_1_772' title='bbox 2446 4513 2541 4566; x_wconf 75' lang='grc' dir='ltr'>καὶ</span> <span class='ocrx_word' id='word_1_773' title='bbox 2597 4510 2879 4580; x_wconf 87' lang='grc' dir='ltr'>προοίμιον</span> <span class='ocrx_word' id='word_1_774' title='bbox 2929 4511 2987 4561; x_wconf 87' lang='grc' dir='ltr'><strong>ὲν</strong></span> <span class='ocrx_word' id='word_1_775' title='bbox 3029 4506 3190 4576; x_wconf 87' lang='grc' dir='ltr'>ὀλίγῳ</span> <span class='ocrx_word' id='word_1_776' title='bbox 3213 4507 3292 4568; x_wconf 79' lang='grc' dir='ltr'>εἰς</span> <span class='ocrx_word' id='word_1_777' title='bbox 3333 4505 3434 4574; x_wconf 84' lang='grc' dir='ltr'><strong>τὴν</strong></span> <span class='ocrx_word' id='word_1_778' title='bbox 3475 4501 3648 4573; x_wconf 83' lang='grc' dir='ltr'>ἀρχὴν</span> 
     </span>
    </p>
   </div>
   <div class='ocr_carea' id='block_1_106' title="bbox 2083 4592 3649 4674">
    <p class='ocr_par' dir='ltr' id='par_1_106' title="bbox 2083 4592 3649 4674">
     <span class='ocr_line' id='line_1_106' title="bbox 2083 4592 3649 4674; baseline -0.011 -12"><span class='ocrx_word' id='word_1_779' title='bbox 2083 4607 2178 4662; x_wconf 74' lang='grc' dir='ltr'>τοῦ</span> <span class='ocrx_word' id='word_1_780' title='bbox 2207 4605 2600 4674; x_wconf 82' lang='grc' dir='ltr'>συντάγματος,</span> <span class='ocrx_word' id='word_1_781' title='bbox 2633 4603 2759 4672; x_wconf 75' lang='grc' dir='ltr'>περὶ</span> <span class='ocrx_word' id='word_1_782' title='bbox 2782 4599 2984 4652; x_wconf 80' lang='grc' dir='ltr'>τούτων</span> <span class='ocrx_word' id='word_1_783' title='bbox 3016 4598 3192 4650; x_wconf 76' lang='grc' dir='ltr'>αὐτῶν</span> <span class='ocrx_word' id='word_1_784' title='bbox 3219 4592 3649 4667; x_wconf 72' lang='grc' dir='ltr'>προτασφαλιζό-</span> 
     </span>
    </p>
   </div>
   <div class='ocr_carea' id='block_1_107' title="bbox 2085 4685 3688 4768">
    <p class='ocr_par' dir='ltr' id='par_1_107' title="bbox 2085 4685 3688 4768">
     <span class='ocr_line' id='line_1_107' title="bbox 2085 4685 3688 4768; baseline -0.006 -17"><span class='ocrx_word' id='word_1_785' title='bbox 2085 4715 2245 4768; x_wconf 89' lang='grc' dir='ltr'>μενος</span> <span class='ocrx_word' id='word_1_786' title='bbox 2274 4697 2369 4750; x_wconf 76' lang='grc' dir='ltr'>καὶ</span> <span class='ocrx_word' id='word_1_787' title='bbox 2399 4692 2728 4764; x_wconf 76' lang='grc' dir='ltr'>συγγνώμην</span> <span class='ocrx_word' id='word_1_788' title='bbox 2769 4692 2955 4754; x_wconf 77' lang='grc' dir='ltr'>αἰτῶν,</span> <span class='ocrx_word' id='word_1_789' title='bbox 2987 4691 3074 4743; x_wconf 81' lang='grc' dir='ltr'><strong>ἵνα</strong></span> <span class='ocrx_word' id='word_1_790' title='bbox 3103 4691 3176 4760; x_wconf 85' lang='grc' dir='ltr'><strong>μή</strong></span> <span class='ocrx_word' id='word_1_791' title='bbox 3208 4705 3291 4750; x_wconf 85' lang='grc' dir='ltr'><strong>τις</strong></span> <span class='ocrx_word' id='word_1_792' title='bbox 3311 4686 3502 4740; x_wconf 85' lang='grc' dir='ltr'>ἀδίαν⁵</span> <span class='ocrx_word' id='word_1_793' title='bbox 3529 4685 3688 4742; x_wconf 74' lang='grc' dir='ltr'>τινὰ,</span> 
     </span>
    </p>
   </div>
   <div class='ocr_carea' id='block_1_108' title="bbox 2083 4777 3650 4860">
    <p class='ocr_par' dir='ltr' id='par_1_108' title="bbox 2083 4777 3650 4860">
     <span class='ocr_line' id='line_1_108' title="bbox 2083 4777 3650 4860; baseline -0.008 -17"><span class='ocrx_word' id='word_1_794' title='bbox 2083 4793 2161 4854; x_wconf 91' lang='grc' dir='ltr'>εἰς</span> <span class='ocrx_word' id='word_1_795' title='bbox 2191 4791 2338 4860; x_wconf 81' lang='grc' dir='ltr'>ἡμᾶς</span> <span class='ocrx_word' id='word_1_796' title='bbox 2367 4787 2632 4858; x_wconf 76' lang='grc' dir='ltr'>ἐνσκήψῃ,</span> <span class='ocrx_word' id='word_1_797' title='bbox 2665 4785 2740 4848; x_wconf 85' lang='grc' dir='ltr'>ὡς</span> <span class='ocrx_word' id='word_1_798' title='bbox 2781 4783 3126 4854; x_wconf 81' lang='grc' dir='ltr'>ἡττωμένους</span> <span class='ocrx_word' id='word_1_799' title='bbox 3149 4781 3407 4850; x_wconf 82' lang='grc' dir='ltr'>νομίζων,</span> <span class='ocrx_word' id='word_1_800' title='bbox 3433 4779 3528 4832; x_wconf 79' lang='grc' dir='ltr'>καὶ</span> <span class='ocrx_word' id='word_1_801' title='bbox 3559 4777 3650 4830; x_wconf 78' lang='grc' dir='ltr'>ἐπὶ</span> 
     </span>
    </p>
   </div>
   <div class='ocr_carea' id='block_1_109' title="bbox 2083 4869 3650 4951">
    <p class='ocr_par' dir='ltr' id='par_1_109' title="bbox 2083 4869 3650 4951">
     <span class='ocr_line' id='line_1_109' title="bbox 2083 4869 3650 4951; baseline -0.01 -14"><span class='ocrx_word' id='word_1_802' title='bbox 2083 4884 2142 4937; x_wconf 79' lang='grc' dir='ltr'><strong>τὸ</strong></span> <span class='ocrx_word' id='word_1_803' title='bbox 2169 4881 2439 4936; x_wconf 80' lang='grc' dir='ltr'>σκώπτειν</span> <span class='ocrx_word' id='word_1_804' title='bbox 2455 4879 2761 4951; x_wconf 86' lang='grc' dir='ltr'>ὁρμῶντας.</span> <span class='ocrx_word' id='word_1_805' title='bbox 2789 4876 3097 4945; x_wconf 78' lang='grc' dir='ltr'>Ἑδείξαμεν</span> <span class='ocrx_word' id='word_1_806' title='bbox 3127 4875 3181 4928; x_wconf 79' lang='grc' dir='ltr'>δὲ</span> <span class='ocrx_word' id='word_1_807' title='bbox 3200 4875 3256 4927; x_wconf 77' lang='grc' dir='ltr'>ὲν</span> <span class='ocrx_word' id='word_1_808' title='bbox 3281 4871 3359 4942; x_wconf 84' lang='grc' dir='ltr'>τῷ</span> <span class='ocrx_word' id='word_1_809' title='bbox 3387 4869 3650 4942; x_wconf 86' lang='grc' dir='ltr'>προοιμίῳ</span> 
     </span>
    </p>
   </div>
   <div class='ocr_carea' id='block_1_110' title="bbox 2083 4964 3650 5047">
    <p class='ocr_par' dir='ltr' id='par_1_110' title="bbox 2083 4964 3650 5047">
     <span class='ocr_line' id='line_1_110' title="bbox 2083 4964 3650 5047; baseline -0.01 -16"><span class='ocrx_word' id='word_1_810' title='bbox 2083 4978 2176 5031; x_wconf 81' lang='grc' dir='ltr'><strong>καὶ</strong></span> <span class='ocrx_word' id='word_1_811' title='bbox 2205 4974 2331 5047; x_wconf 75' lang='grc' dir='ltr'>περὶ</span> <span class='ocrx_word' id='word_1_812' title='bbox 2360 4971 2527 5026; x_wconf 89' lang='grc' dir='ltr'>ποίων</span> <span class='ocrx_word' id='word_1_813' title='bbox 2549 4971 2846 5043; x_wconf 78' lang='grc' dir='ltr'>ἐμέλλομεν</span> <span class='ocrx_word' id='word_1_814' title='bbox 2860 4969 3032 5037; x_wconf 81' lang='grc' dir='ltr'>λέγειν</span> <span class='ocrx_word' id='word_1_815' title='bbox 3054 4967 3344 5038; x_wconf 81' lang='grc' dir='ltr'>αἱρέσεων,</span> <span class='ocrx_word' id='word_1_816' title='bbox 3373 4966 3452 5028; x_wconf 88' lang='grc' dir='ltr'>εἰς</span> <span class='ocrx_word' id='word_1_817' title='bbox 3482 4964 3650 5026; x_wconf 80' lang='grc' dir='ltr'>πόσας</span> 
     </span>
    </p>
   </div>
   <div class='ocr_carea' id='block_1_111' title="bbox 2137 5172 3047 5247">
    <p class='ocr_par' dir='ltr' id='par_1_111' title="bbox 2137 5172 3047 5247">
     <span class='ocr_line' id='line_1_111' title="bbox 2137 5172 3047 5247; baseline -0.008 -14"><span class='ocrx_word' id='word_1_818' title='bbox 2137 5177 2158 5208; x_wconf 71' lang='grc'><strong>⁸</strong></span> <span class='ocrx_word' id='word_1_819' title='bbox 2185 5175 2249 5232; x_wconf 87' lang='lat' dir='ltr'><strong>F.</strong></span> <span class='ocrx_word' id='word_1_820' title='bbox 2277 5175 2597 5247; x_wconf 83' lang='grc' dir='ltr'>ἀναφανδόν.</span> <span class='ocrx_word' id='word_1_821' title='bbox 2673 5175 2694 5206; x_wconf 83' lang='grc'><strong><em>⁵</em></strong></span> <span class='ocrx_word' id='word_1_822' title='bbox 2727 5172 2789 5228; x_wconf 91' lang='lat' dir='ltr'><strong>F.</strong></span> <span class='ocrx_word' id='word_1_823' title='bbox 2821 5172 3047 5228; x_wconf 85' lang='grc' dir='ltr'>ἀδικίαν.</span> 
     </span>
    </p>
   </div>
   <div class='ocr_carea' id='block_1_112' title="bbox 2161 5369 3648 5442">
    <p class='ocr_par' dir='ltr' id='par_1_112' title="bbox 2161 5369 3648 5442">
     <span class='ocr_line' id='line_1_112' title="bbox 2161 5369 3648 5442; baseline -0.005 -13"><span class='ocrx_word' id='word_1_824' title='bbox 2161 5373 2270 5442; x_wconf 79' lang='grc'><strong>(85)</strong></span> <span class='ocrx_word' id='word_1_825' title='bbox 2321 5373 2430 5428; x_wconf 78' lang='grc' dir='ltr'><strong>Καὶ</strong></span> <span class='ocrx_word' id='word_1_826' title='bbox 2460 5372 2530 5426; x_wconf 75' lang='grc' dir='ltr'><strong>ἐν</strong></span> <span class='ocrx_word' id='word_1_827' title='bbox 2567 5373 2975 5442; x_wconf 68' lang='grc' dir='ltr'>Ἀποστόνῖοις.</span> <span class='ocrx_word' id='word_1_828' title='bbox 3018 5369 3270 5426; x_wconf 86' lang='lat' dir='ltr'><strong>Petavius</strong></span> <span class='ocrx_word' id='word_1_829' title='bbox 3315 5369 3491 5442; x_wconf 68' lang='lat' dir='ltr'><strong>reddit</strong></span> <span class='ocrx_word' id='word_1_830' title='bbox 3517 5369 3648 5435; x_wconf 79' lang='lat' dir='ltr'><strong>apud</strong></span> 
     </span>
    </p>
   </div>
   <div class='ocr_carea' id='block_1_113' title="bbox 2088 5439 3649 5513">
    <p class='ocr_par' dir='ltr' id='par_1_113' title="bbox 2088 5439 3649 5513">
     <span class='ocr_line' id='line_1_113' title="bbox 2088 5439 3649 5513; baseline -0.001 -16"><span class='ocrx_word' id='word_1_831' title='bbox 2088 5439 2404 5513; x_wconf 72' lang='lat' dir='ltr'><strong>Apostolos;</strong></span> <span class='ocrx_word' id='word_1_832' title='bbox 2433 5442 2527 5498; x_wconf 90' lang='lat' dir='ltr'><strong>sed</strong></span> <span class='ocrx_word' id='word_1_833' title='bbox 2561 5443 2753 5496; x_wconf 90' lang='lat' dir='ltr'><strong>melius</strong></span> <span class='ocrx_word' id='word_1_834' title='bbox 2795 5441 2996 5495; x_wconf 83' lang='lat' dir='ltr'><strong>dicitur</strong></span> <span class='ocrx_word' id='word_1_835' title='bbox 3028 5443 3077 5494; x_wconf 85' lang='lat' dir='ltr'><strong>in</strong></span> <span class='ocrx_word' id='word_1_836' title='bbox 3095 5441 3396 5513; x_wconf 76' lang='lat' dir='ltr'><strong>_Apostolis.</strong></span> <span class='ocrx_word' id='word_1_837' title='bbox 3431 5439 3649 5496; x_wconf 78' lang='lat' dir='ltr'><strong>Veteres</strong></span> 
     </span>
    </p>
   </div>
   <div class='ocr_carea' id='block_1_114' title="bbox 2087 5511 3647 5582">
    <p class='ocr_par' dir='ltr' id='par_1_114' title="bbox 2087 5511 3647 5582">
     <span class='ocr_line' id='line_1_114' title="bbox 2087 5511 3647 5582; baseline -0.003 -15"><span class='ocrx_word' id='word_1_838' title='bbox 2087 5511 2232 5568; x_wconf 78' lang='lat' dir='ltr'><strong>enim</strong></span> <span class='ocrx_word' id='word_1_839' title='bbox 2264 5513 2856 5582; x_wconf 29' lang='lat' dir='ltr'><strong>ApostolosAvocahant</strong></span> <span class='ocrx_word' id='word_1_840' title='bbox 2899 5513 3065 5567; x_wconf 85' lang='lat' dir='ltr'><strong>libros</strong></span> <span class='ocrx_word' id='word_1_841' title='bbox 3095 5511 3458 5582; x_wconf 84' lang='lat' dir='ltr'><strong>Epistolarum</strong></span> <span class='ocrx_word' id='word_1_842' title='bbox 3484 5525 3647 5564; x_wconf 85' lang='lat' dir='ltr'><strong>cano—</strong></span> 
     </span>
    </p>
   </div>
   <div class='ocr_carea' id='block_1_115' title="bbox 2090 5580 2893 5640">
    <p class='ocr_par' dir='ltr' id='par_1_115' title="bbox 2090 5580 2893 5640">
     <span class='ocr_line' id='line_1_115' title="bbox 2090 5580 2893 5640; baseline -0.005 -2"><span class='ocrx_word' id='word_1_843' title='bbox 2090 5580 2334 5640; x_wconf 79' lang='lat' dir='ltr'><strong>nicarum</strong></span> <span class='ocrx_word' id='word_1_844' title='bbox 2375 5582 2510 5637; x_wconf 88' lang='lat' dir='ltr'><strong>Novi</strong></span> <span class='ocrx_word' id='word_1_845' title='bbox 2545 5580 2893 5636; x_wconf 88' lang='lat' dir='ltr'><strong>Testamenti.</strong></span> 
     </span>
    </p>
   </div>
   <div class='ocr_carea' id='block_1_116' title="bbox 2163 5650 3648 5724">
    <p class='ocr_par' dir='ltr' id='par_1_116' title="bbox 2163 5650 3648 5724">
     <span class='ocr_line' id='line_1_116' title="bbox 2163 5650 3648 5724; baseline -0.001 -18"><span class='ocrx_word' id='word_1_846' title='bbox 2163 5655 2272 5724; x_wconf 61' lang='lat'><strong>(84)</strong></span> <span class='ocrx_word' id='word_1_847' title='bbox 2303 5655 2412 5724; x_wconf 80' lang='grc' dir='ltr'><strong>Γρ.</strong></span> <span class='ocrx_word' id='word_1_848' title='bbox 2461 5651 2960 5724; x_wconf 81' lang='grc' dir='ltr'>ἀποτυγχάνοντος,</span> <span class='ocrx_word' id='word_1_849' title='bbox 3014 5653 3108 5710; x_wconf 84' lang='lat' dir='ltr'><strong>sed</strong></span> <span class='ocrx_word' id='word_1_850' title='bbox 3151 5665 3332 5708; x_wconf 81' lang='lat' dir='ltr'><strong>veram</strong></span> <span class='ocrx_word' id='word_1_851' title='bbox 3369 5650 3648 5708; x_wconf 84' lang='lat' dir='ltr'><strong>lectionem</strong></span> 
     </span>
    </p>
   </div>
   <div class='ocr_carea' id='block_1_117' title="bbox 2089 5722 2737 5796">
    <p class='ocr_par' dir='ltr' id='par_1_117' title="bbox 2089 5722 2737 5796">
     <span class='ocr_line' id='line_1_117' title="bbox 2089 5722 2737 5796; baseline -0.006 -16"><span class='ocrx_word' id='word_1_852' title='bbox 2089 5740 2154 5780; x_wconf 83' lang='lat' dir='ltr'><strong>ex</strong></span> <span class='ocrx_word' id='word_1_853' title='bbox 2175 5722 2351 5796; x_wconf 58' lang='lat' dir='ltr'><strong>&#39;liegio</strong></span> <span class='ocrx_word' id='word_1_854' title='bbox 2381 5722 2737 5780; x_wconf 85' lang='lat' dir='ltr'><strong>restituimus.</strong></span> 
     </span>
    </p>
   </div>
  </div>
