3986 6224
334 400 430 456 8‘21

994 391 1362 454 ADVERSUS
1406 390 1748 449 IIIERESES
1783 388 1911 444 LIB.
1955 389 2044 444 Ill.
2088 387 2249 446 TOM.
2297 388 2448 446 11.--
2489 386 2854 442 EXPUSlTlO
2890 384 3091 443 FIDEI.

3483 385 3588 440 8‘22

333 539 395 574 τε
455 517 670 587 βίϐλους
702 518 969 589 διείλομεν
1011 520 1106 590 τὴν
1158 521 1338 572 πᾶσαν
1386 513 1805 586 πραγματείαν·
1853 513 1912 563 ἐν

2044 513 2099 566 iis
2137 507 2435 564 tractandae
2468 515 2653 562 essent
2690 506 2951 572 haereses,
2989 512 3104 559 tum
3139 511 3272 574 quot
3317 503 3372 558 in
3419 501 3598 556 libros

336 613 556 679 ἑκάστῳ
580 609 636 663 δὲ
674 609 862 680 βιϐλίῳ
884 627 948 661 πε
960 611 1011 680 pl.
1047 611 1227 662 πόσων
1260 610 1350 661 καὶ
1374 608 1541 659 ποίων
1575 605 1876 674 εἰρήκαμεν
1897 617 1914 632 ⁶

336 701 413 764 ὡς
439 701 532 752 καὶ
564 699 796 753 ἐνταῦθα
829 699 989 752 πάλιν
1036 698 1514 769 ἐπιμνημονεύσας
1543 695 1746 765 ὁμοίως
1785 693 1918 744 ὑπο-

337 791 610 860 δείκνυμι,
666 791 744 853 εἰς
794 789 1058 859 ὠφέλειαν
1117 787 1446 858 πανταχόθεν
1497 786 1603 838 τῶν
1652 785 1919 852 ἐντυγχα-

341 883 562 936 νόντων.

414 977 499 1027 K'.
526 973 638 1026 Καὶ
674 973 779 1025 είσὶ
822 973 919 1042 μὲν
967 972 1146 1042 βιϐλία
1179 973 1325 1043 τρία,
1357 970 1512 1041 τόμοι
1546 968 1705 1021 ἑπτά.
1733 965 1844 1020 Καὶ
1862 967 1921 1017 ὲν

346 1067 446 1136 μὲν
486 1065 564 1136 τῷ
609 1065 810 1137 πρώτῳ
870 1065 1061 1135 βιϐλίῳ
1092 1065 1332 1136 αἱρέσεις
1369 1068 1482 1132 μς¹,
1521 1059 1660 1114 κατὰ
1690 1055 1922 1129 ἀριθμὸν

343 1160 624 1229 ὀνομάτων
665 1158 1001 1229 ἐγκείμεναι,
1060 1159 1153 1211 καὶ
1188 1156 1328 1209 κατά
1357 1155 1544 1225 εἱρμὸν
1584 1151 1803 1224 πρώτης
1830 1150 1921 1204 καὶ

345 1249 604 1320 δευτέρας
629 1249 734 1312 ἓως
755 1249 854 1318 τῆς
880 1248 1195 1310 τελευταίας
1222 1246 1489 1316 τυχούσης
1525 1244 1706 1314 βίϐλου
1745 1246 1924 1310 ἐγκει-

351 1340 542 1410 μένης·
581 1341 662 1393 ὃτι
699 1341 732 1410 ἡ
761 1339 858 1410 μὲν
894 1339 1082 1410 πρώτη
1112 1337 1291 1407 βίϐλος
1320 1336 1433 1406 ἔχει
1468 1335 1707 1405 αἱρέσεις
1737 1332 1830 1403 μς¹
1865 1333 1924 1384 ὲν

348 1433 533 1500 τὸμοις
566 1431 732 1502 τρισί.
790 1431 853 1483 Ἥ
884 1430 940 1482 δὲ
981 1429 1210 1498 δευτέρα
1243 1427 1423 1496 βίϐλος
1465 1425 1705 1497 αἱρέσεις
1735 1430 1840 1491 κγ’,
1868 1426 1925 1476 ἐν

345 1521 532 1590 τόμοις
565 1517 737 1572 δυσίν.
775 1514 842 1570 Ἦ
871 1516 929 1570 δὲ
977 1517 1133 1587 τρίτη
1163 1515 1344 1586 βίϐλος
1383 1515 1622 1586 αἱρέσεις
1649 1514 1736 1576 ια’,
1765 1518 1821 1568 ἐν
1846 1515 1938 1568 τό·

351 1629 471 1681 μοις
492 1610 663 1665 δυσίν.
687 1609 897 1672 Πάντες
920 1608 1100 1661 τοίνυν
1128 1609 1176 1660 οἱ
1203 1607 1282 1678 τῷ
1313 1608 1584 1677 πονήματι
1618 1607 1778 1678 ἡμῶν
1809 1624 1942 1677 συμ-

347 1701 654 1766 πονοῦντες,
701 1702 795 1754 καὶ
841 1702 1216 1771 σπουδάσματι
1268 1701 1615 1769 ἐντυγχάνειν
1669 1699 1939 1770 μακροθυ-

2021 611 2191 656 totum
2222 615 2361 670 Opus
2400 607 2544 654 esset
2574 598 2954 660 distributum,
2998 596 3195 651 deinde
3223 604 3357 665 quot
3396 602 3449 649 ct
3491 609 3590 647 cu-

2015 691 2258 760 jusmod't
2308 692 2361 744 in
2409 704 2852 758 unumquemque
2916 687 3112 740 librum
3157 685 3401 754 conjecta
3458 684 3588 738 sint.

2023 783 2153 850 Quae
2195 783 2471 838 memoriae
2502 796 2669 836 causa
2702 781 2768 834 ad
2819 781 3082 834 lectorum
3132 780 3420 833 utilitatem
3463 775 3589 831 libet

2023 877 2126 931 hoc
2157 876 2281 928 loco
2305 882 2573 944 repetere.

2092 966 2209 1021 XX.
2251 965 2387 1021 Tres
2420 966 2601 1035 itaque
2631 964 2754 1018 libri
2781 971 2908 1018 sunt
2937 970 3142 1033 septem
3178 963 3232 1016 in
3266 970 3441 1015 tomos
3467 973 3592 1030 par—

2023 1053 2131 1107 titi.
2164 1053 2382 1108 Primus
2417 1053 2556 1108 liber
2588 1053 2822 1106 haereses
2856 1066 2948 1106 sex
2980 1059 3032 1104 et
3057 1049 3412 1119 quadraginta
3437 1061 3589 1102 com-

2025 1145 2325 1216 plectitur:
2359 1159 2590 1214 quarum
2638 1144 2858 1197 nomina
2908 1131 3222 1212 singillatim
3267 1154 3593 1216 percensen-

2027 1247 2135 1304 tur,
2184 1247 2400 1292 servato
2455 1236 2654 1306 prioris
2700 1245 2753 1289 et
2793 1235 3109 1304 posterioris
3161 1247 3222 1286 ac
3264 1213 3594 1300 reliquarum

2025 1328 2282 1397 deinceps
2318 1327 2384 1380 ad
2422 1334 2751 1396 postremam
2805 1340 2976 1394 usque
3015 1323 3135 1377 libri
3179 1322 3347 1375 totius
3382 1318 3592 1373 ordine.

2029 1419 2168 1490 Ergo
2217 1419 2424 1489 primus
2450 1419 2582 1472 liber
2617 1417 2777 1472 tomis
2807 1417 2982 1470 tribus
3010 1432 3129 1470 xui
3157 1415 3390 1468 haereses
3431 1410 3599 1464 conti-

2027 1519 2153 1577 net;
2187 1509 2460 1565 secundus
2514 1510 2677 1564 tomis
2705 1509 2918 1563 duobus
2951 1508 3184 1562 haereses
3251 1519 3424 1572 xxrtl;
3479 1511 3596 1556 ter-

2028 1604 2138 1656 tius
2168 1601 2405 1670 denique
2435 1600 2647 1655 duobus
2693 1601 2853 1654 tomis
2899 1601 3132 1654 haereses
3167 1612 3239 1650 χι.
3275 1593 3386 1649 Vos
3433 1593 3600 1662 igitur

2027 1707 2238 1754 omnes,
2274 1691 2366 1761 qui
2417 1706 2758 1745 communem
2797 1691 2940 1744 hunc
2980 1704 3190 1744 mecum
3222 1687 3459 1742 laborem
3505 1697 3599 1738 ca-

349 1795 598 1866 μοῦντες,
628 1793 963 1865 διερχόμενοί
999 1811 1091 1856 τε,
1125 1791 1515 1864 παρακλήθητε
1548 1792 1640 1844 καὶ
1672 1789 1939 1862 ἀξιώθητε

2044 1784 2273 1854 possitis,
2306 1793 2359 1838 et
2409 1784 2550 1836 hanc
2583 1789 2825 1835 nostram
2861 1780 3296 1834 lucubratiouem
3329 1778 3601 1847 patienter

345 1887 443 1957 τὴν
465 1885 731 1954 ὠφέλειαν
763 1884 1148 1956 ὲπικερδῆσαι,
1177 1884 1246 1937 τὰ
1278 1883 1334 1936 δὲ
1361 1882 1498 1954 ἀηδῆ
1539 1881 1650 1935 τῶν
1675 1880 1939 1952 αἱρέσεων

2044 1875 2276 1930 :volrere
2312 1873 2562 1936 studetis,
2600 1889 2733 1944 rogo
2778 1872 3071 1943 plurimmn
3129 1880 3183 1924 et
3223 1870 3504 1931 exhortor,
3549 1873 3602 1919 et

344 1978 454 2032 ἀπὸ
478 1976 574 2031 τοῦ
602 1978 721 2040 νοὸς
742 1976 1065 2046 ἀποτρέψαι.
1094 1975 1168 2028 υὺ
1198 1975 1307 2046 γὰρ
1333 1975 1410 2037 εἰς
1438 1973 1640 2044 βλάϐην
1667 1970 1936 2026 ἀπεκαλύ-

344 2071 548 2142 ψαμεν,
586 2069 700 2124 ἀλλ’
746 2072 824 2133 εἱς
861 2068 1126 2138 ὠφέλειαν
1167 2067 1262 2120 καὶ
1307 2067 1691 2136 παρατήρησιν
1719 2062 1810 2116 τοῦ
1862 2061 1936 2133 μὴ

302 2176 306 2178 ·
344 2163 606 2231 ἐμπεσεῖν
625 2163 704 2226 εἰς
732 2161 1028 2229 ἐπαγωγὴν
1047 2159 1156 2212 τῶν
1179 2157 1610 2230 προειρημένων.
1634 2148 1942 2216 Διελθόντες

343 2253 401 2306 δὲ
420 2252 512 2306 τὸν
534 2251 710 2307 πάντα
735 2253 979 2321 κάματον
1003 2250 1035 2321 ἦ
1067 2251 1159 2302 καὶ
1190 2249 1351 2320 μέρη,
1372 2248 1511 2318 ὑπὲρ
1535 2244 1690 2317 ἡμῶν
1713 2242 1941 2310 εὖξασθε

345 2341 440 2395 καὶ
483 2341 859 2406 καταξιώσατε
890 2341 975 2393 ἵνα
1019 2341 1046 2392 ὁ
1089 2337 1223 2399 Θεὸς
1260 2336 1368 2408 δῴη
1408 2334 1571 2406 μέρος
1609 2335 1742 2404 ἡμῖν
1783 2333 1841 2382 ὲν
1873 2331 1939 2399 τῇ

345 2435 477 2505 ἁγίᾳ
513 2435 608 2487 καὶ
657 2433 791 2506 μόνῃ
841 2433 1100 2503 καθολικῇ
1138 2431 1233 2484 καὶ
1282 2426 1613 2496 ἀποστολικῇ
1641 2422 1942 2492 Ἐκκλησία

344 2525 442 2578 καὶ
465 2526 690 2598 ἀληθινῇ
729 2528 822 2579 καὶ
847 2524 1050 2595 ζωτικῇ
1076 2525 1170 2576 καὶ
1195 2519 1550 2593 σωτηριώδει,
1585 2518 1679 2571 καὶ
1711 2515 1941 2588 ρύσηται

358 2612 506 2680 ἡμᾶς
552 2610 660 2663 ἀπὸ
715 2609 894 2678 πάσης
937 2609 1236 2679 αἱρέσεωςο
1269 2610 1363 2660 καὶ
1399 2607 1452 2681 εί
1475 2625 1527 2659 τι
1566 2607 1638 2670 ὡς
1661 2606 1934 2678 ἄνθρωποι

361 2699 436 2769 μὴ
467 2699 751 2767 δυνάμενοι
780 2698 870 2750 ἐπὶ
919 2697 978 2749 τὸ
1032 2698 1205 2767 πέρας
1245 2697 1647 2766 άποτεινόμενοι
1671 2696 1770 2765 τῆς
1804 2696 1936 2748 ἀκαο

358 2789 631 2859 ταλήπτου
654 2788 746 2842 καὶ⁵
787 2788 1179 2857 ἁνεκδιηγήτου
1208 2787 1482 2857 θεότητος,
1515 2785 1627 2838 ἀλλ’
1652 2785 1727 2848 ὡς
1759 2801 1937 2837 στενο-

359 2877 692 2948 χωρούμενοι
735 2878 814 2941 εἰς
860 2875 1176 2942 ἀπολογίαν,
1213 2876 1353 2945 ὑπὲρ
1394 2873 1528 2926 Θεοῦ
1577 2873 1938 2944 διηγήσασθαι

359 2971 718 3042 ἀνθρωπίνως
741 2967 1147 3040 ἠναγκασμένοι
1163 2967 1331 3036 τόλμῃ
1355 2964 1552 3036 ἠνέχθη
1563 2982 1681 3035 μεν,
1706 2981 1940 3032 συγγνω-

361 3061 654 3131 μονοῦντος
675 3060 770 3114 τοῦ
788 3059 925 3113 Θεοῦ
954 3061 1048 3112 καὶ
1071 3059 1227 3128 ὑμεῖς
1246 3058 1398 3110 αὺτοὶ
1425 3057 1935 3127 συγγνωμονήσατε.

2031 1966 2106 2018 uti
2147 1965 2294 2034 digni
2343 1963 2466 2019 sitis
2498 1964 2716 2034 postulo
2769 1963 3008 2016 fructum
3058 1961 3220 2015 istinc
3271 1959 3506 2028 aliquem
3553 1967 3604 2009 et

2032 2057 2320 2111 utilitatem
2377 2071 2595 2126 capere,
2641 2063 2803 2125 atque
2854 2055 3129 2107 hareseon
3183 2049 3484 2104 molestiam
3541 2061 3604 2099 ae

2032 2147 2328 2217 perniciem
2365 2147 2433 2200 ab
2475 2147 2674 2201 animis
2721 2146 2917 2201 vestris
2949 2143 3263 2214 longissime
3304 2155 3602 2195 rem0vere.

2033 2239 2150 2292 Non
2185 2238 2328 2292 enim
2376 2239 2498 2294 illas
2543 2238 2868 2306 cujusquam
2899 2237 2965 2291 ad
2991 2234 3234 2290 l‘raudem
3275 2233 3610 2300 exitiumque

2034 2328 2411 2398 patefecimus,
2445 2329 2538 2383 sed
2569 2330 2632 2382 ad
2667 2330 2955 2382 utilitatem
2987 2336 3149 2398 atque
3177 2327 3512 2388 cautionem,
3543 2337 3610 2375 ne

2036 2419 2101 2472 ad
2154 2426 2614 2474 commemoratas
2673 2420 2798 2473 illas
2853 2420 3086 2474 haereses
3148 2417 3421 2472 illecebris
3484 2414 3611 2468 ullis

2035 2511 2324 2580 quisquam
2359 2511 2728 2580 pertrahatur.
2754 2509 2926 2564 Porro
2957 2511 3048 2564 ubi
3072 2517 3244 2563 totum
3278 2508 3422 2562 istud
3447 2522 3608 2576 opus.

2035 2601 2226 2669 ejuSVe
2253 2613 2460 2671 partem
2488 2603 2726 2672 aliquam
2746 2593 2984 2671 legendo
3008 2601 3412 2672 pereu‘rreritis,
3444 2599 3610 2652 Deum

2039 2709 2135 2763 pro
2160 2695 2319 2750 nobis
2353 2696 2716 2759 obsecratote,
2741 2704 2796 2750 et
2830 2696 2962 2750 illttd
2999 2696 3292 2766 impetrare
3319 2693 3610 2752 studetotc,

2039 2787 2198 2841 nobis
2227 2795 2284 2840 ut
2315 2787 2406 2842 ille
2443 2788 2622 2842 locum
2663 2789 2897 2858 aliquem
2941 2787 2996 2841 in
3037 2795 3227 2842 sancta
3266 2786 3490 2854 solaque
3523 2796 3615 2836 ca-

2042 2878 2246 2932 tholica
2285 2888 2341 2932 et
2370 2879 2668 2947 apostolica
2700 2878 2964 2943 Ecclesia,
3004 2879 3304 2947 eademque
3345 2891 3493 2939 vera,
3535 2874 3616 2927 vi-

2039 2969 2220 3032 viﬁca,
2260 2969 2596 3039 salutarique
2629 2970 2868 3036 tribuat,
2906 2979 3018 3024 tum
3066 2978 3124 3022 ιιι
3162 2985 3262 3023 nos
3292 2968 3361 3021 ab
3394 2967 3615 3020 haeresis

2042 3062 2222 3116 omnis
2272 3062 2598 3131 contagione
2645 3062 2857 3117 liberet.
2894 3061 3050 3127 Quod
3097 3062 3141 3116 si
3186 3061 3488 3130 quidpiam,
3538 3067 3616 3111 ut-

363 3143 472 3207 Καὶ
500 3154 664 3207 πάλιν
691 3150 1083 3221 ὑπερεύχεσθε,
1111 3149 1196 3200 ἵνα
1225 3149 1252 3200 ὁ
1289 3147 1491 3218 Κύριος
1519 3149 1583 3219 ἢν
1615 3145 1938 3218 ᾐτησάμεθα

2045 3163 2170 3223 pote
2207 3155 2481 3217 homines,
2511 3155 2602 3225 qui
2649 3153 3256 3225 incomprehensibilem
3291 3159 3346 3206 et
3389 3151 3617 3220 inexpli-

363 3245 559 3316 μερίδα
585 3246 717 3314 ἡμῖν
737 3244 846 3314 δῴη
874 3246 931 3298 ὲν
976 3247 1041 3315 τῇ
1086 3244 1215 3314 ἁγίᾳ
1253 3241 1418 3295 αὐτοῦ
1461 3240 1637 3293 πίστει
1668 3240 1763 3292 καὶ
1803 3238 1937 3308 μόνῃ

362 3337 761 3409 ἀπηλλαγμένῃ
804 3336 984 3406 πάσης
1039 3334 1434 3404 ἐναντιότητος,
1493 3331 1586 3384 καὶ
1634 3331 1743 3383 τῶν
1793 3331 1937 3383 ἰδίων

361 3425 776 3497 ἁμαρτημάτων
808 3425 1017 3477 πολλῶν
1052 3425 1221 3477 ὄντων
1256 3423 1602 3493 συγχώρησιν
1649 3422 1939 3491 ποιήσηται

363 3522 424 3572 ὲν
449 3517 666 3588 Χριστῷ
716 3518 888 3588 Ἰησοῦ
927 3517 1004 3589 τῷ
1043 3517 1230 3588 Κυρίῳ
1261 3517 1448 3586 ἡμῶν·
1474 3515 1541 3568 δι’
1579 3509 1638 3567 οὗ
1686 3516 1776 3568 καὶ
1823 3514 1940 3584 μεθ’

363 3604 426 3666 οὗ
449 3611 574 3678 δόξα
606 3609 682 3681 τῷ
716 3611 892 3681 Πατρὶ
941 3613 1037 3664 σὺν
1094 3611 1233 3682 ἁγίῳ
1277 3608 1554 3674 Πνεῦματι
1599 3609 1680 3672 εἱς
1717 3607 1938 3671 αἰῶνας.

378 3703 572 3773 Ἀμήν.

2047 3247 2278 3301 cabilem
2333 3247 2480 3300 illam
2525 3247 2863 3301 divinitatem
2907 3247 3125 3315 penitus
3169 3243 3409 3313 assequi,
3462 3250 3515 3296 et
3550 3241 3617 3296 ad

2041 3347 2348 3392 extremum
2383 3351 2558 3407 usque
2584 3331 2871 3407 penetrare
2907 3336 3115 3406 1103
3143 3351 3249 3389 non
3286 3350 3580 3404 possumus
3601 3372 3617 3396 ,

2047 3427 2142 3482 sed
2195 3427 2251 3482 in
2299 3430 2582 3498 angustias
2618 3444 2712 3484 eas
2763 3429 3020 3496 conjecti,
3055 3437 3114 3482 ut
3159 3427 3324 3482 divini
3377 3427 3618 3481 numinis

2045 3517 2422 3588 propugnandi
2477 3521 2650 3589 gratia
2711 3519 2960 3589 quaedam
3001 3533 3100 3589 pro
3167 3520 3404 3572 humano
3457 3524 3617 3586 captu

2045 3607 2320 3662 disserere
2349 3609 2523 3662 coacti
2555 3609 2765 3674 simus;
2800 3611 2844 3662 si
2870 3609 3025 3679 quid,
3053 3611 3298 3680 inquam,
3335 3611 3497 3678 paulo
3523 3625 3622 3663 au-

2045 3699 2237 3752 dacius
2274 3698 2523 3763 fecimus,
2559 3700 2904 3754 condonante
2936 3700 3066 3763 Deo,
3099 3716 3195 3756 vos
3221 3709 3274 3754 et
3315 3701 3457 3754 istud
3491 3700 3622 3752 mihi

364 3794 686 3850 condonare
719 3792 919 3848 velitis.
956 3792 1032 3846 Ac
1065 3807 1286 3846 rursum
1318 3789 1452 3845 illud
1501 3804 1619 3844 mea
1655 3804 1821 3844 causa
1854 3789 2039 3858 petite,
2087 3790 2162 3844 uti
2192 3790 2478 3854 Dominus,
2509 3807 2671 3861 quam
2701 3793 2768 3846 ab
2831 3807 2897 3846 eo
2957 3800 3158 3847 sortem
3221 3791 3624 3845 conditionem-

364 3904 472 3959 que
512 3889 715 3958 precati
761 3903 976 3953 smnus,
1017 3887 1071 3941 in
1121 3887 1468 3942 sanctissima
1509 3902 1606 3940 sua
1655 3885 1939 3955 religione,
1973 3901 2096 3954 quae
2127 3887 2244 3940 sola
2276 3887 2344 3941 ab
2374 3888 2522 3941 omni
2555 3886 2994 3943 contradictione
3041 3888 3211 3941 libera
3262 3894 3367 3952 est,
3423 3900 3624 3939 conce-

365 3986 496 4036 dere
538 3999 646 4036 non
696 3993 970 4052 gravetur,
1020 3997 1082 4035 ac
1135 3989 1484 4051 peccatorum
1525 3997 1791 4046 meorum,
1839 3997 1960 4051 quae
2007 3983 2143 4036 bene
2188 3983 2360 4037 multa
2405 3990 2554 4049 sunt,
2613 3984 2843 4053 gratiam
2894 3983 3090 4048 facere,
3129 3983 3183 4035 in
3224 3980 3444 4036 Christo
3495 3979 3624 4036 Jesu

369 4076 596 4131 Domino
626 4085 816 4130 nostro
847 4093 861 4130 :
893 4091 989 4146 per
1021 4091 1180 4144 quem
1215 4083 1418 4128 etcum
1445 4089 1554 4144 quo
1587 4074 1758 4142 gloria
1792 4073 1939 4129 Patri
1979 4091 2101 4128 cum
2139 4074 2347 4145 Spirilu
2379 4085 2576 4130 sancto
2598 4078 2649 4130 in
2681 4077 2900 4130 saecula.
2932 4077 3128 4129 Amen.

440 4171 571 4222 KA’.
605 4167 766 4222 Καὶά
801 4171 898 4238 μὲν
935 4168 1063 4240 περὶ
1097 4169 1332 4230 πίστεως
1361 4168 1475 4237 ἔχει
1542 4167 1680 4237 αὕτη
1721 4169 1754 4237 ἡ
1808 4168 1941 4238 μόνη

368 4263 631 4332 καθολικὴ
676 4261 997 4332 Ἐκκλησία,
1062 4262 1156 4313 καὶ
1217 4259 1515 4331 περιστερὰ
1571 4262 1796 4323 ἄκακος,
1849 4259 1945 4331 μία

366 4351 505 4407 οὖσα
527 4353 603 4423 τῷ
623 4353 776 4425 ἀνδρὶ
793 4353 981 4424 αὐτῆς,
1017 4352 1091 4416 ὡς
1121 4352 1267 4421 λέγει
1285 4369 1299 4383 ·
1333 4353 1454 4406 Μία
1475 4352 1604 4405 ἐστὶ
1631 4349 1947 4419 περιστερά

367 4462 505 4513 μου,
538 4444 631 4496 καὶ
661 4442 864 4513 ὁμοίως
917 4443 1044 4514 περὶ
1093 4442 1199 4495 τῶν
1237 4442 1531 4512 ἀμυθήτων
1574 4442 1828 4493 νεανίδων
1871 4435 1945 4493 ὧν

369 4537 471 4588 οὐκ
497 4535 643 4587 ἔστιν
672 4535 925 4605 ἀριθμὸς,
984 4534 1261 4603 συντόμως
1311 4533 1553 4602 ἔφημενο
1588 4532 1714 4604 περί
1751 4549 1809 4584 τε
1838 4534 1947 4584 Ila-

368 4627 499 4696 τρὺς
523 4627 618 4678 καὶ
648 4626 776 4679 Υίοῦ
825 4629 920 4679 καὶ
961 4625 1115 4693 ἁγίου
1157 4625 1471 4695 ΙΙνεύματος
1506 4625 1944 4694 ὁμοουσιότητος,

371 4718 468 4770 καὶ
503 4717 629 4788 περὶ
661 4717 758 4786 τῆς
787 4716 1054 4786 ὲνσάρκου
1092 4715 1330 4786 Χριστοῦ
1370 4715 1464 4768 καὶ
1500 4715 1710 4777 τελείας
1748 4730 1950 4784 παρου⁹

374 4807 516 4869 σίας,
549 4807 644 4860 καὶ
690 4807 863 4860 ἄλλων
893 4807 1072 4877 μερῶν
1110 4807 1212 4876 τῆς
1255 4807 1523 4867 πίστεως·
1565 4806 1696 4876 περὶ
1733 4805 1952 4874 θεσμῶν

371 4893 430 4946 δὲ
447 4894 547 4964 τῆς
572 4894 741 4964 αὐτῆς
765 4896 874 4965 (85)
901 4897 957 4947 ὲν
980 4894 1144 4964 ὀλίγῳ
1176 4895 1275 4965 μέν
1297 4893 1385 4964 μοί
1401 4895 1518 4946 ἐστι
1545 4894 1705 4948 πάλιν
1738 4894 1950 4965 ἀνάγκη

450 5049 468 5079 ³
495 5048 656 5102 Cant.
694 5063 771 5113 vr,
801 5047 856 5103 8.

448 5203 562 5270 (85)
605 5202 745 5272 Περὶ
771 5202 1006 5271 θεσμῶν
1035 5203 1103 5256 δὲ
1135 5202 1244 5270 τῆς
1264 5198 1474 5268 αὐτῆς.
1524 5200 1748 5272 Egregia
1795 5202 1953 5256 dein-

377 5289 508 5343 ceps
533 5290 596 5329 ac
629 5276 923 5340 smgularis
955 5274 1248 5343 disputatio
1283 5275 1529 5342 sequitur
1562 5273 1629 5326 de
1663 5273 1949 5341 praecipuis

379 5345 637 5398 Ecclesiae
655 5345 883 5409 ritibus;
910 5360 1068 5412 quem
1105 5345 1249 5396 velut
1278 5343 1648 5395 characterem
1671 5357 1734 5394 ac
1765 5351 1948 5395 notant

380 5413 622 5476 adhibet,
654 5430 761 5484 quo
793 5415 861 5466 ab
898 5413 1213 5467 adulterinis
1257 5411 1653 5466 conventiculis
1683 5412 1950 5484 catholica

383 5483 626 5538 Ecclesia
673 5483 1034 5552 dignoscitur.
1096 5484 1304 5548 Quibus
1350 5497 1448 5535 nos
1497 5483 1834 5552 argumentis
1892 5497 1954 5534 ac

382 5555 557 5623 signis
585 5553 832 5623 perinde
868 5555 969 5606 hoc
1018 5561 1261 5619 tempore
1306 5566 1486 5623 veram
1544 5567 1606 5603 ac
1652 5551 1952 5623 limnanam

385 5622 686 5677 Eeelesiam
733 5637 762 5674 a
790 5622 916 5676 faece
960 5623 1375 5675 novissimarum
1411 5622 1688 5674 haereseon
1723 5622 1955 5674 secerni-

385 5709 528 5746 IIIIIS.
562 5691 694 5744 Nam
724 5693 965 5760 plerique
994 5707 1184 5745 omnes
1220 5690 1292 5742 illi
1327 5693 1524 5745 vctcris
1557 5691 1808 5743 Ecclesiae
1841 5708 1955 5742 Ino-

387 5778 476 5816 res
521 5763 573 5816 iu
615 5760 873 5816 Romanae
917 5778 1016 5816 usu
1059 5777 1122 5814 ac
1170 5760 1563 5815 consuetudine
1615 5760 1950 5813 resederunt.

387 5832 656 5899 Quocirca
676 5836 834 5904 pauci
856 5833 952 5899 illi,
967 5832 1056 5907 qui
1077 5839 1388 5902 supersunt,
1413 5833 1621 5885 numeri
1646 5846 1839 5902 magno
1863 5846 1954 5883 ca.

2127 4168 2266 4222 XXI.
2314 4167 2586 4223 Hactenus
2628 4169 2792 4238 igitur
2818 4183 3065 4237 quaenam
3098 4175 3242 4221 esset
3269 4166 3430 4220 unius
3460 4173 3512 4220 et
3539 4179 3624 4218 ca-

2053 4258 2266 4312 tholicae
2299 4258 2556 4314 Ecclesiae
2589 4259 2743 4323 lides,
2791 4260 3076 4328 simplicis,
3110 4258 3355 4327 inquam,
3397 4257 3543 4311 illius
3569 4263 3625 4311 et

2053 4349 2361 4406 innocentis
2407 4352 2691 4416 columbae,
2724 4366 2846 4420 quae
2883 4351 3043 4404 unica
3091 4359 3174 4404 est
3225 4350 3344 4403 viro
3379 4367 3502 4414 suo,
3546 4350 3624 4403 uti

2054 4441 2318 4510 scriptttm
2362 4452 2445 4496 est
2477 4461 2489 4495 ι
2525 4441 2642 4495 Una
2680 4452 2756 4496 est
2797 4442 3038 4496 columba
3087 4459 3199 4495 utea
3223 4445 3262 4502 ¹,
3299 4458 3399 4497 nec
3430 4458 3539 4495 non
3571 4451 3627 4495 et

2050 4534 2118 4588 de
2148 4533 2377 4588 intinitis
2424 4533 2870 4597 adolescentulis,
2918 4549 3148 4604 quarum
3195 4534 3320 4588 iniri
3365 4549 3627 4588 numerus

2052 4640 2159 4679 non
2191 4632 2389 4693 potest,
2424 4641 2530 4695 qua
2567 4627 2844 4694 potuimus
2877 4628 3139 4681 brevitate
3179 4626 3580 4696 disputavimus
3609 4641 3623 4678 :

2052 4716 2413 4786 inprimisque
2459 4717 2526 4770 de
2584 4717 2772 4771 eadem
2823 4715 3000 4771 Patris
3053 4726 3105 4771 et
3170 4716 3286 4770 Filii
3335 4733 3398 4771 ac
3450 4716 3625 4786 Spiri-

2055 4815 2144 4861 tus
2197 4806 2372 4860 sancti
2410 4805 2743 4870 substantia,
2792 4806 2966 4877 deque
3014 4806 3250 4876 perfecta
3281 4808 3483 4862 Christi
3518 4806 3626 4860 Do—

2059 4895 2193 4950 mini
2224 4895 2623 4959 incarnatione,
2659 4912 2722 4951 ac
2752 4896 2976 4966 reliquis
3003 4896 3125 4951 ﬁdei
3157 4894 3626 4967 capitibus.Nune

2060 5200 2278 5255 tholicis
2293 5200 2548 5254 omnibus
2567 5199 2686 5253 usui
2709 5213 2830 5252 esse
2848 5208 3095 5266 possunt,
3115 5204 3173 5248 ιιι
3191 5195 3451 5250 adversus
3469 5213 3630 5252 novo-

2056 5288 2175 5324 rum
2201 5270 2478 5322 hominum
2506 5270 2770 5324 insaniam
2796 5267 3243 5334 atqueinscitiam
3261 5277 3624 5334 opponantur.

2055 5343 2133 5395 Ac
2159 5341 2203 5394 si
2234 5341 2299 5394 de
2323 5340 2553 5408 singulis
2585 5339 2693 5391 illis
2723 5338 2917 5408 ritibus
2942 5337 3099 5403 paulo
3123 5339 3433 5408 accuratius
3466 5340 3627 5390 verba

2057 5411 2234 5463 facere
2267 5406 2478 5470 vellent,
2514 5407 2822 5475 ingentibus
2856 5406 3261 5458 commentariis
3296 5423 3432 5473 opus
3461 5418 3624 5460 esset.

2059 5480 2137 5534 Ne
2163 5481 2298 5533 nihil
2326 5494 2456 5531 vero
2483 5478 2682 5538 dicam,
2709 5477 2980 5543 praecipua
3006 5475 3251 5541 quaedam
3277 5491 3342 5528 ex
3370 5477 3434 5528 iis
3461 5476 3628 5528 libare

2060 5551 2286 5620 placuit,
2341 5564 2460 5616 quae
2511 5549 2562 5599 in
2611 5545 2940 5620 adversariis
2998 5545 3236 5605 nostris,
3289 5547 3516 5613 proinde
3570 5557 3629 5599 ut

2060 5615 2657 5684 auctoremquemque
2713 5615 2764 5665 itt
2802 5628 2993 5684 manus
3015 5629 3283 5682 ceperant,
3326 5617 3630 5682 promiscue

2063 5691 2314 5742 adnotata
2343 5681 2536 5753 reperi.
2572 5681 2798 5736 ’I’Erav.
2861 5681 3019 5751 (Vide
3075 5681 3127 5735 itt
3167 5681 3478 5753 Appcndice
3511 5686 3626 5740 dis-

2063 5751 2415 5814 Sertationent
2447 5755 2519 5808 lle
2557 5753 2806 5820 reteri-bus
2846 5753 3156 5823 quibusdam
3201 5751 3448 5811 Ecclesia;
3509 5756 3629 5810 riti-

2065 5829 2202 5899 bus.)
