3986 6224
463 353 466 356 ’
475 353 580 410 89.7

1911 355 1968 412 S.
2011 353 2358 410 EPIPHANII

3611 349 3616 352 ’
3637 358 3742 414 89.8

480 471 591 525 illis
641 465 888 540 sponsus,
923 477 1046 523 tunc
1065 467 1384 540 jejunabunt
1419 473 1474 526 in
1503 473 1614 526 illis
1657 473 1838 530 diebus
1867 477 1906 528 ¹.
1939 474 2046 529 Ne-

2153 475 2286 527 τότε
2341 471 2798 538 νηστεύσουσιν
2853 469 2923 524 ἐν
2969 471 3231 536 ἐκείναις
3291 468 3418 536 ταῖς
3473 470 3748 540 ἡμέραις,

479 575 585 630 que
623 577 750 614 vero
789 568 847 613 ut
876 561 924 614 ei
965 562 1340 631 gratiﬁcentur
1373 565 1466 634 qui
1499 573 1690 618 nostra
1723 581 1889 620 causa
1927 582 2054 637 pas-

480 667 574 704 sus
626 660 729 715 est,
777 652 1024 706 instituta
1071 663 1200 708 sunt
1236 654 1464 724 jejuuia,
1515 657 1610 712 sed
1643 666 1702 711 ut
1729 659 1922 714 salutis
1951 674 2052 712 no-

477 747 604 792 strae
657 754 825 794 causa
875 742 1190 810 passionem
1247 745 1394 797 illam
1443 745 1823 815 proﬁteamur,
1889 763 2051 816 quam

477 845 576 897 pro
625 830 790 884 nobis
851 830 1118 887 Dominus
1159 835 1275 904 ipse
1325 837 1588 904 suscepit,
1647 845 1812 906 atque
1847 848 1907 892 ut
1937 839 2052 894 haec

475 935 505 972 a
537 919 647 974 Deo
671 921 880 990 jejunia
931 924 1217 992 expiandis
1256 927 1463 980 nostris
1502 927 1813 983 sceleribus
1870 930 2051 999 impu-

477 1017 679 1063 tentur.
739 1009 912 1064 Porro
961 1012 1276 1068 istiusmodi
1323 1015 1596 1084 jejunium
1649 1025 1765 1071 toto
1807 1019 2052 1072 annoin

477 1096 728 1152 Ecclesia
783 1101 1054 1155 catholica
1113 1103 1402 1172 diligenter
1463 1106 1808 1170 observatur,
1843 1107 2052 1177 1105

475 1198 698 1258 quarta,
743 1192 820 1243 uti
853 1191 988 1254 dixi,
1035 1201 1298 1262 sextaque
1349 1194 1486 1250 feria
1533 1199 1598 1251 ad
1651 1200 1836 1252 horam
1881 1216 2054 1268 usque

478 1294 682 1334 nonam
715 1321 732 1346 ,
792 1285 1032 1352 exceptis
1085 1285 1480 1355 quinquaginta
1534 1289 1884 1345 Pentecostcs
1939 1291 2055 1345 die-

479 1373 602 1433 bus,
633 1373 835 1441 quibus
871 1390 1048 1444 neque
1105 1391 1284 1446 genua
1326 1377 1644 1443 ﬂectuntur,
1693 1397 1870 1451 neque
1909 1382 2054 1452 jeju-

477 1464 632 1517 nium
691 1465 973 1532 indicitur,
1031 1483 1130 1536 pro
1163 1469 1270 1524 illis
1300 1486 1430 1524 vero
1460 1474 1820 1528 conventibus
1858 1475 1952 1544 qui
1986 1475 2052 1528 ad

473 1557 662 1610 horam
698 1572 896 1611 nonam
929 1561 1142 1628 quartis
1173 1563 1410 1616 sextisve
1445 1562 1598 1618 feriis
1631 1566 1899 1619 celebrari
1931 1581 2056 1619 cou-

474 1659 793 1714 sneverunt,
832 1665 930 1720 per
977 1652 1102 1705 illos
1143 1653 1261 1707 dies
1296 1653 1522 1722 perinde
1551 1669 1615 1708 ac
1649 1655 1934 1709 Dominiea
1969 1657 2056 1710 die

475 1740 761 1794 matutinis
829 1742 980 1796 horis
1039 1758 1275 1813 synaxes
1329 1745 1620 1800 obeuntur.
1683 1745 1871 1816 Neque
1925 1763 2054 1802 vero

2157 565 2268 617 Kal.
2300 564 2398 632 οὐχ
2433 563 2517 614 ἵνα
2549 565 2709 632 χάριν
2739 563 3056 632 ποιήσωμεν
3085 561 3162 628 τῷ
3188 560 3330 632 ὑπὲρ
3357 560 3516 630 ἡμῶν
3543 577 3738 614 πεπον-

2155 655 2291 715 θότι,
2323 655 2355 723 ἡ
2385 653 2608 723 νηστεία
2659 653 2794 723 ἡμῖν
2829 651 3256 723 προστέτακται·
3289 650 3404 702 ἀλλ’
3437 653 3589 713 ὅπως
3617 654 3746 719 ὁμο-

2153 745 2472 814 λογήσωμεν
2503 747 2583 806 εἰς
2612 743 2769 813 ἡμῶν
2797 743 3074 813 σωτηρίαν
3101 742 3160 794 τὸ
3189 741 3284 794 τοῦ
3305 742 3516 812 Κυρίου
3549 741 3743 803 πάθος.

2153 837 2182 888 ὃ
2215 837 2355 906 ὑπὲρ
2391 834 2548 905 ἡμῶν
2581 835 2741 897 αὐτὸς
2789 833 3105 899 ἀνεδέξατο·
3141 833 3236 886 καὶ
3276 832 3424 894 ὅπως
3454 829 3598 900 ὑπὲρ
3635 830 3744 880 τῶν

2155 927 2313 997 ἡμῶν
2359 925 2646 997 ἁμαρτιῶν
2689 926 2746 978 αἱ
2796 927 3044 994 νηστεῖαι
3089 927 3224 994 ἡμῖν
3267 922 3573 990 εὐλόγιστοι
3625 920 3744 989 Θεῷ

2143 1021 2444 1089 γένωνται.
2475 1019 2587 1072 Καὶ
2610 1019 2676 1071 δι’
2707 1019 2829 1071 ὅλου
2880 1019 2978 1088 μὲν
3009 1017 3101 1070 τοῦ
3133 1017 3288 1079 ἔτους
3319 1018 3352 1086 ἡ
3379 1015 3606 1086 νηστεία
3639 1031 3742 1082 φυ-

2153 1111 2409 1165 λάττεται
2440 1111 2498 1162 ὲν
2525 1113 2592 1180 τῇ
2624 1111 2758 1180 αὐτῇ
2793 1110 2924 1180 ἁγίᾳ
2949 1107 3209 1178 καθολικῇ
3249 1107 3572 1178 Ἐκκλησία,
3603 1107 3746 1176 φημὶ

2157 1203 2213 1255 δὲ
2251 1201 2470 1271 τετράδι
2501 1201 2596 1253 καὶ
2631 1200 2994 1270 προσαόὸάτῳ
3029 1198 3133 1262 ἓως
3167 1195 3315 1270 ὥρας
3357 1197 3580 1266 ἐνάτης,
3621 1195 3747 1265 δίχα

2162 1293 2332 1364 μόνης
2365 1292 2464 1358 τῆς
2499 1291 2884 1360 Πεντηκοστῆς
2929 1289 3056 1360 ὅλης
3093 1287 3202 1340 τῶν
3237 1289 3579 1357 πεντήκοντα
3605 1288 3746 1356 ἠμε-

2157 1385 2288 1455 ρῶν,
2319 1386 2377 1436 ὲν
2407 1378 2493 1446 αἷς
2517 1382 2642 1435 οὔτε
2683 1381 3022 1450 γονυκλισίαι
3061 1381 3325 1449 γίνονται,
3367 1377 3494 1430 οὔτε
3519 1377 3748 1448 νηστεία

2153 1472 2594 1544 προστέτακται’
2645 1471 2766 1524 ἀντὶ
2822 1470 2880 1522 δὲ
2919 1467 3028 1522 τῶν
3075 1467 3210 1538 πρὸς
3240 1466 3338 1536 τὴν
3373 1467 3578 1536 ἐνάτην
3625 1481 3748 1517 συν-

2155 1566 2329 1631 άξεων
2383 1564 2658 1636 τετράδιον
2713 1562 2810 1616 καὶ
2861 1558 3286 1631 προσαϐϐάτων,
3331 1557 3410 1620 ὡς
3455 1557 3514 1608 ὲν
3563 1555 3746 1626 ἡμέρᾳ

2153 1659 2408 1728 Κυριακῇ
2439 1653 2580 1708 κατὰ
2617 1653 2718 1716 τὰς
2753 1651 3004 1724 πρωῖνὰς
3051 1648 3162 1720 (96)
3189 1650 3244 1702 αἱ
3279 1647 3532 1711 συνάξεις
3563 1648 3748 1698 ἐπιτε-

2153 1749 2390 1802 λοῦνται.
2424 1749 2544 1800 Ἔτι
2577 1747 2632 1800 δὲ
2685 1748 2744 1798 ὲν
2789 1747 2912 1808 ταῖς
2955 1750 3000 1798 ν’
3044 1742 3298 1814 ἡμέραις,
3335 1737 3424 1804 αἷς
3457 1741 3746 1810 προεῖπον,

475 1829 605 1882 totis
639 1829 747 1883 illis
779 1828 1049 1883 duntaxat
1093 1832 1490 1904 quinquaginta
1545 1833 1918 1892 Pentecostes'
1943 1837 2052 1892 die-

2155 1840 2250 1908 τῆς
2279 1839 2663 1908 Πεντηκοστῆς
2687 1837 2785 1889 οὐκ
2821 1835 2971 1888 ἔστιν
2997 1833 3122 1886 οὔτε
3153 1832 3404 1902 νηστεία·
3432 1830 3559 1884 οὔτε
3596 1832 3652 1882 ἐν
3678 1831 3745 1898 τῇ

475 1922 579 1974 bus
613 1921 746 1984 ulla,
784 1922 861 1975 uti
894 1923 1030 1984 dixi,
1060 1923 1269 1991 jejunia
1297 1935 1444 1990 sunt,
1478 1927 1570 1981 sed
1609 1945 1786 1997 neque
1821 1929 2054 2000 Epipha-

475 2011 690 2064 niorum
717 2014 825 2078 die,
855 2030 963 2084 quo
991 2013 1251 2070 Dominus
1305 2019 1608 2072 secundum
1646 2036 1862 2075 carnem
1893 2029 2055 2078 natus

472 2110 578 2165 est,
619 2103 874 2172 jejunare
924 2105 1072 2170 licet,
1117 2111 1338 2164 tametsi
1379 2113 1432 2164 in
1468 2121 1717 2179 quartam
1749 2113 1938 2168 feriam
1971 2116 2055 2170 vel

475 2202 684 2248 sextam
734 2196 1009 2251 inciderit.
1063 2199 1264 2269 Atqui
1313 2202 1500 2270 pietati
1553 2204 1798 2272 student,
1839 2207 2055 2276 egregia

473 2281 710 2350 quadam
743 2299 808 2338 ac
843 2285 1102 2340 laudabili
1137 2292 1438 2354 voluntate,
1475 2302 1737 2363 perpetuo
1776 2297 1933 2365 (solis
1957 2295 2058 2350 Do-

474 2373 696 2429 minicis
723 2391 786 2430 ac
816 2375 1170 2434 Pentecostcs
1195 2381 1386 2436 diebus
1413 2385 1679 2455 exceptis)
1707 2386 1917 2454 jejunia
1945 2387 2053 2444 sibi

476 2481 540 2520 ac
571 2467 785 2537 vigilias
813 2469 1125 2538 imponunt.
1158 2471 1294 2525 Nam
1327 2475 1636 2530 Dominicas
1662 2493 1854 2532 omnes
1887 2479 2054 2534 festas

471 2570 596 2610 esse
650 2555 964 2626 hilaresque
1007 2560 1279 2614 catholiCa
1323 2564 1507 2617 sanxit
1547 2563 1813 2630 Ecclesia,
1862 2583 1926 2621 ac
1965 2584 2056 2622 so-

473 2643 680 2698 lemnes
735 2661 972 2715 synaxes
1025 2653 1308 2705 matutinis
1347 2653 1499 2708 horis
1547 2656 1756 2718 indicit,
1805 2674 1904 2712 nec
1945 2661 2054 2714 ulla

435 2785 438 2790 ,
469 2733 678 2802 jejunia
710 2737 986 2803 celebrat;
1025 2739 1324 2794 absurdum
1361 2744 1505 2796 enim
1543 2755 1624 2799 est
1659 2746 1913 2815 jcjunare
1945 2747 2048 2802 Do-

476 2823 683 2878 minico
723 2825 831 2880 die.
880 2827 1152 2883 Caeterum
1200 2840 1326 2886 ante
1371 2844 1578 2903 septem
1622 2835 1908 2894 Paschalis
1939 2841 2056 2896 dies

472 2913 960 2984 Quadragesimam
1007 2922 1303 2976 observare
1340 2933 1505 2993 atque
1570 2927 1622 2980 in
1653 2929 1876 2997 jejuniis
1929 2946 2056 3000 per-

471 3021 726 3062 severare
788 3009 978 3065 eadem
1049 3016 1338 3076 consuevit
1399 3015 1688 3082 Ecclesia;
1753 3019 2054 3076 Dominicis

478 3114 610 3154 \cro
655 3101 823 3162 nullis
863 3103 1112 3169 omnino,
1166 3106 1414 3176 adeoque
1469 3125 1570 3164 nec
1623 3110 1796 3180 ipsius
1838 3112 2052 3180 quidem

470 3189 919 3262 Quadragesima:
964 3195 1218 3264 jejuuare
1271 3199 1431 3253 solet.
1483 3198 1753 3254 Praeterea
1803 3216 1896 3255 sex
1933 3201 2055 3256 illos

470 3281 754 3338 Paschatis
796 3285 912 3342 dies
959 3289 1291 3359 xerophagia
1319 3329 1334 3353 ,
1399 3289 1502 3344 hoc
1549 3300 1631 3345 est
1704 3291 1858 3345 arido
1907 3293 2055 3346 victu

469 3373 788 3442 transigunt
829 3377 1012 3444 populi
1055 3392 1268 3440 omnes,
1301 3380 1400 3434 hoc
1424 3388 1510 3434 est
1565 3397 1758 3450 panem
1791 3383 2056 3436 duntaxat

471 3477 597 3515 eum
649 3465 766 3518 sale
814 3474 868 3518 et
921 3483 1062 3536 aqua
1113 3469 1219 3522 sub
1261 3486 1546 3540 vesperam
1601 3473 1880 3526 adhibent.
1943 3473 2054 3527 lmo

472 3568 604 3606 vero
633 3556 886 3608 nonnulli
917 3557 985 3609 ad
1029 3558 1252 3612 biduum
1302 3562 1383 3614 vel
1428 3561 1670 3615 triduum
1717 3563 1796 3615 vel
1842 3565 2053 3633 quatri-

471 3643 638 3696 duum
673 3660 848 3714 usque
871 3646 1085 3716 jejunia
1127 3658 1448 3720 prorogant.
1500 3653 1602 3705 Alii
1655 3661 1826 3707 totam
1860 3655 2056 3708 hebdo-

470 3735 688 3790 madem
722 3751 894 3806 usque
937 3738 1002 3792 ad
1051 3743 1333 3810 sequentis
1375 3741 1670 3798 Dominica:
1715 3745 2052 3814 gallicinium

469 3827 592 3882 sine
621 3829 742 3883 cibo
771 3832 1169 3886 transmittunt.
1206 3832 1496 3904 Pervigilia
1528 3853 1654 3890 vero
1689 3853 1782 3891 sex
1813 3839 2049 3893 obeunt:

472 3919 712 3990 itemque
763 3937 996 3990 synaxes
1027 3923 1114 3978 his
1144 3940 1238 3978 sex
1272 3925 1467 3980 diebus
1496 3936 1549 3980 et
1581 3929 1633 3981 in
1665 3937 1778 3982 tota
1809 3930 2054 3995 Quadra-

471 4011 684 4080 gesima
709 4013 779 4067 ab
806 4015 938 4068 hora
969 4031 1111 4069 nona
1143 4033 1319 4088 usque
1343 4019 1412 4073 ad
1438 4036 1721 4089 vesperam
1750 4023 2050 4080 celebrant.

472 4095 542 4155 At
574 4103 903 4172 quibusdam
955 4106 1008 4159 in
1063 4107 1198 4162 locis
1251 4110 1306 4162 in
1355 4125 1418 4164 ca
1467 4113 1644 4165 solmn
1699 4121 1877 4178 nocte,
1933 4129 2053 4185 quae

469 4194 719 4263 quintam
759 4195 949 4250 feriam
981 4199 1232 4268 sequitur
1297 4209 1350 4254 et
1387 4201 1438 4254 in
1476 4201 1668 4255 feriam
1711 4211 1918 4258 sextam
1961 4204 2054 4258 de-

472 4284 606 4338 sinit
663 4286 909 4355 atquein
941 4304 1004 4342 ea
1045 4305 1167 4358 qua:
1207 4289 1546 4346 Dominicam
1596 4295 1887 4358 antecedit,
1927 4310 2052 4364 per-

473 4377 723 4448 vigilant.
773 4381 911 4433 Aliis
941 4382 994 4433 in
1027 4383 1162 4461 locis
1197 4384 1394 4454 quinta
1426 4385 1562 4440 feria
1593 4385 1763 4439 divini
1805 4386 2048 4456 mysterii

387 4491 390 4494 -
473 4468 658 4521 cultus
690 4467 824 4521 hora
859 4485 1002 4522 nona
1038 4472 1370 4537 celebratur,
1403 4481 1566 4542 atque
1611 4474 1686 4528 ita
1726 4475 1918 4529 missio
1951 4491 2052 4545 po-

473 4557 586 4626 puli
619 4557 707 4621 ﬁt,
744 4567 803 4612 ut
845 4561 900 4613 in
936 4561 1216 4616 aridorum
1250 4581 1352 4618 usu
1394 4567 1709 4634 persistant.
1744 4567 1888 4620 Alibi
1919 4583 2046 4622 Vero

471 4647 646 4700 divini
693 4652 938 4718 mysterii
984 4655 1164 4709 cultus
1209 4672 1317 4710 non
1369 4657 1520 4724 prius
1565 4657 1844 4722 indicitur,
1881 4675 2044 4728 quam

473 4737 795 4796 Dominicus
838 4741 957 4798 dies
999 4745 1260 4808 illuxerit,
1298 4764 1420 4801 cum
1465 4750 1568 4804 sub
1611 4752 1876 4820 gallorum
1923 4767 2052 4806 eau-

473 4839 593 4883 tum
617 4831 911 4886 dimittitur
938 4837 1176 4904 populus
1200 4839 1254 4890 iu
1281 4840 1400 4908 ipso
1421 4839 1862 4900 ltesurrcetionis
1886 4843 2048 4908 festo,

2159 1929 2342 2001 ἡμέρᾳ
2366 1928 2475 1981 τῶν
2517 1927 2871 1995 Ἑπιφανίων,
2903 1926 2990 1978 ὅτε
3025 1923 3284 1994 ἐγεννήθη
3309 1924 3367 1973 ἐν
3395 1921 3562 1992 σαρκὶ
3585 1923 3614 1973 ό
3637 1920 3748 1972 Κύ-

2159 2034 2295 2087 ριος,
2331 2015 2507 2080 ἔξεστι
2537 2015 2858 2086 νηστεῦσαι,
2918 2013 3020 2067 κᾶν
3068 2031 3128 2065 τε
3165 2011 3433 2082 περιτύχῃ
3480 2009 3678 2080 τετρὰς
3711 2010 3746 2082 ἢ

2157 2108 2560 2180 προσάϐϐατον.
2604 2107 2931 2179 Προαιρέσει
2975 2106 3032 2158 δὲ
3065 2103 3242 2175 ἀγαθῇ
3276 2107 3324 2156 ol.
3363 2105 3535 2168 αὐτῆς
3577 2104 3750 2172 ἀσκη-

2157 2200 2247 2252 ταὶ
2279 2197 2574 2260 διαπαντὸς
2596 2240 2610 2263 ,
2663 2197 2834 2268 χωρὶς
2863 2193 3153 2265 Κυριακῆς
3185 2193 3280 2246 καὶ
3323 2190 3706 2260 Πεντηκοστῆς
3731 2227 3746 2252 ,

2156 2289 2509 2360 νηστεύουσι,
2559 2287 2654 2340 καὶ
2702 2286 3013 2358 ἀγρυπνίας
3063 2283 3356 2345 διαπαντὸς
3411 2281 3746 2336 ἐπιτελοῦσι.

2157 2379 2268 2443 Τὰς
2308 2379 2364 2431 δὲ
2409 2377 2700 2450 Κυριακὰς
2739 2377 2958 2439 ἁπάσας
2991 2372 3269 2446 τρυφερὰς
3302 2375 3518 2443 ἡγεῖται
3547 2375 3582 2442 ἡ
3617 2372 3744 2440 ἁγία

2157 2469 2296 2540 αὕτη
2339 2469 2603 2538 καθολικὴ
2643 2467 2972 2536 Ἐκκλησία,
3023 2464 3118 2516 καὶ
3153 2461 3401 2526 συνάξεις
3441 2462 3538 2530 ἀφ’
3577 2461 3746 2514 ἕωθεν

2157 2559 2424 2621 ἐπιτελεῖ,
2473 2561 2534 2612 οὐ
2589 2560 2860 2629 νηστεύει.
2928 2554 3310 2610 ’Λνακόλουθον
3341 2553 3449 2624 γάρ
3490 2555 3642 2606 ἐστιν
3687 2553 3746 2605 ἐν

2155 2651 2413 2721 Κυριακῇ
2437 2649 2740 2720 νηστεύειν.
2774 2647 2886 2716 Τὴν
2919 2646 2975 2698 δὲ
3009 2643 3468 2716 Τεσσαρακοστὴν
3507 2643 3608 2713 τὴν
3641 2643 3746 2712 πρὸ

2155 2740 2264 2794 τῶν
2306 2737 2446 2792 ἑπτὰ
2481 2740 2592 2810 (97)
2642 2737 2863 2809 ἡμερῶν
2911 2735 3006 2788 τοῦ
3051 2735 3207 2802 ἁγίου
3249 2735 3440 2802 Πάσχα
3481 2731 3746 2794 ὡσαύτως

2157 2831 2450 2902 φυλάττειν
2479 2830 2672 2884 εἴωθεν
2801 2827 2939 2898 αὐτὴ
2994 2826 3324 2896 Ἐκκλησία,
3361 2827 3422 2878 ὲν
3463 2825 3746 2895 νηστείαις

2155 2923 2472 2978 διατελοῦσα
2489 2939 2503 2952 ·
2531 2921 2630 2984 τὰς
2655 2921 2710 2973 δὲ
2737 2919 3022 2990 Κυριακὰς
3045 2918 3154 2970 οὐδ’
3185 2917 3341 2982 ὅλως,
3367 2915 3492 2968 οὔτε
3524 2918 3582 2968 ἐν
3604 2917 3744 2986 αὐτῇ

2155 3017 2222 3086 τῇ
2265 3015 2710 3086 Τεσσαρακοστῇ.
2743 3013 2855 3075 Τάς
2884 3011 2939 3065 δὲ
2981 3011 3039 3078 ἓξ
3083 3011 3298 3081 ἡμέρας
3337 3009 3430 3062 τοῦ
3463 3011 3658 3078 Πάσχα
3679 3009 3746 3060 ὲν

2157 3105 2464 3176 ξηροφαγία
2490 3103 2794 3157 διατελοῦσι
2827 3103 3028 3165 πάντες
3058 3104 3106 3154 οἱ
3131 3101 3278 3154 λαοί·
3307 3099 3454 3169 φημὶ
3497 3099 3556 3152 δὲ
3593 3100 3746 3170 ἄρτῳ

2157 3197 2250 3249 καὶ
2282 3195 2371 3248 ἁλὶ
2394 3195 2486 3248 καὶ
2517 3193 2672 3247 ὓδατι
2701 3193 2820 3246 τότε
2845 3191 3118 3265 χρώμενοι
3147 3192 3284 3262 πρὸς
3303 3192 3564 3261 ἑσπέραν.
3583 3189 3744 3242 Ἀλλά

2155 3287 2250 3340 καὶ
2277 3287 2326 3338 οἱ
2358 3285 2635 3338 σπουδαῖοι
2677 3283 2870 3347 διπλᾶς
2909 3282 3004 3336 καὶ
3029 3281 3263 3350 τριπλᾶς
3299 3281 3396 3332 καὶ
3431 3278 3744 3350 “apaula;

2155 3376 2566 3448 ὑπερτίοενται,
2616 3375 2710 3428 καὶ
2751 3374 2880 3444 ὃλην
2937 3373 3038 3443 τὴν
3095 3371 3367 3442 ἑϐδομάδα
3408 3371 3554 3433 τινὲς
3611 3369 3742 3441 ἄχρι

2153 3467 2530 3537 ἀλεκτρυόνων
2561 3465 2810 3536 κλαγγῆς
2845 3466 2946 3534 τῆς
2971 3463 3262 3536 Κυριακῆς
3293 3463 3738 3532 ὲπιφωσκούσης.

2165 3559 2498 3630 Ἀγρυπνίας
2532 3558 2588 3611 δὲ
2617 3556 2922 3610 διατελοῦσι
2955 3555 3054 3619 τὰς
3087 3555 3164 3619 ἓξ·
3193 3554 3352 3607 πάλιν
3395 3554 3452 3606 δὲ
3489 3553 3742 3618 συνάξεις

2141 3650 2458 3703 ’ἐπιτελοῦσι
2493 3650 2591 3712 τὰς
2635 3649 2805 3711 αὑτὰς
2835 3647 2916 3714 ἓξ,
2952 3649 3045 3700 καὶ
3087 3647 3216 3716 ὃλην
3259 3645 3355 3715 τὴν
3389 3645 3740 3714 Τεσσαρακο-

2156 3743 2283 3813 στὴν
2313 3742 2421 3796 ἀπὸ
2454 3742 2652 3811 ἐνάτης
2695 3739 2800 3801 ἓως
2843 3738 3086 3809 ἑσπέρας
3123 3737 3257 3806 (98).
3288 3735 3388 3788 Ἔν
3415 3751 3529 3786 τισι
3554 3733 3612 3785 δὲ
3641 3733 3736 3785 τό·

2153 3857 2276 3902 ποις
2325 3839 2424 3910 τὴν
2477 3838 2614 3908 μετὰ
2661 3836 2759 3906 τὴν
2807 3835 3066 3903 πέμπτην
3109 3829 3478 3902 ἀγρυπνοῦσιν
3529 3827 3736 3896 ἐπιφώ-

2155 3949 2390 3986 σκουσαν
2423 3932 2524 3998 εἰς,
2559 3927 2622 3982 τὸ
2655 3926 3038 3998 προσάϐϐατον
3075 3925 3166 3976 καὶ
3191 3923 3290 3993 τὴν
3321 3919 3607 3992 Κυριακὴν
3637 3917 3732 3990 μό-

2147 4041 2270 4087 νας.
2316 4024 2414 4075 Ἕν
2456 4037 2566 4073 τισι
2611 4019 2666 4072 δὲ
2701 4017 2888 4080 τόποις
2931 4015 3156 4086 λατρεία
3189 4011 3502 4082 οἰκονομίας
3527 4009 3642 4080 (99)
3677 4010 3736 4062 ὲν

2151 4117 2218 4186 τῇ
2262 4115 2486 4185 πέμπτῃ
2518 4111 2726 4180 γίνεται
2756 4109 2876 4180 ὥρᾳ
2906 4107 3103 4177 ἐνάτῃ·
3145 4106 3239 4159 καὶ
3279 4102 3451 4166 οὕτως
3485 4099 3730 4166 ἀπολύει,

2155 4207 2423 4279 μενόντων
2445 4207 2500 4257 ὲν
2527 4207 2594 4274 τῇ
2625 4203 2762 4272 αὐτῇ
2785 4198 3110 4271 ξηροφαγίᾳ.
3147 4192 3236 4250 Ἐν
3267 4195 3446 4258 ἄλλοις
3469 4193 3528 4247 δὲ
3547 4193 3732 4255 τόποις

2150 4301 2212 4353 οὐ
2250 4299 2457 4367 γίνεται
2489 4294 2716 4366 λατρεία
2751 4294 2852 4362 τῆς
2894 4290 3205 4359 οἰκονομίας
3242 4289 3275 4359 ἢ
3330 4287 3492 4358 μόνον
3525 4287 3734 4352 ἐπιφω-

2153 4375 2387 4460 σκούσης
2436 4389 2532 4459 τῆς
2580 4385 2898 4456 Κυριακῆς,
2929 4384 3016 4435 ὅτε
3047 4381 3274 4434 ἀπολύει
3329 4379 3456 4448 περὶ
3485 4379 3586 4446 τὴν
3625 4376 3734 4428 τῶν

2089 4499 2129 4551 D
2155 4477 2528 4549 ἀλεκτρυόνων
2557 4472 2802 4542 κλαγγὴν
2827 4473 2886 4524 ἐν
2915 4473 2980 4541 τῇ
3009 4468 3363 4536 ἁναστασίμῳ
3401 4465 3608 4536 ἡμέρᾳ,
3641 4464 3732 4517 καὶ

2155 4570 2460 4639 πανηγύρει
2495 4565 2702 4636 μεγάλῃ
2739 4562 2922 4634 ἡμέρᾳ
2943 4561 3036 4613 τοῦ
3079 4559 3298 4628 Πάσχα,
3327 4558 3402 4620 ὡς
3437 4557 3734 4626 προστέτα-

2164 4681 2312 4716 κται.
2347 4661 2427 4712 Τὰ
2455 4658 2498 4710 δ’
2535 4658 2668 4711 ἄλλα
2724 4656 2999 4725 μυστήρια
3045 4654 3173 4724 περὶ¹
3216 4650 3444 4722 λουτροῦ
3487 4653 3581 4703 καὶ
3627 4650 3732 4700 τῶν

2158 4753 2366 4806 ἔνδοθεν
2417 4749 2768 4822 μυστηρίων,
2812 4747 2886 4810 ὡς
2932 4745 3043 4815 ἔχει
3089 4747 3121 4815 ὴ
3184 4745 3479 4814 παράδοσις
3530 4741 3622 4795 τοῦ
3671 4759 3729 4792 τε

2160 4843 2490 4912 Εὑαγγελίου
2517 4841 2610 4894 καὶ
2633 4839 2738 4892 τῶν
2768 4841 2874 4893 ἀπο
2886 4838 3100 4902 στόλων,
3125 4836 3297 4902 οὕτως
3320 4835 3670 4888 ἐπιτελεῖται.

469 4937 540 4976 ac
589 4922 820 4978 solemni
867 4927 1335 4999 celeberrimoquc
1390 4929 1676 4990 Paschatis
1715 4935 1835 5000 die,
1891 4935 2352 5006 quemadmodum
2391 4933 2770 5003 praescriptum
2814 4938 2920 4985 est.
2965 4928 3122 4996 Quod
3177 4927 3244 4980 ad
3303 4929 3410 4980 alia
3471 4924 3728 4995 mysteria

473 5017 731 5086 Ρθνῑίηθῑ,
759 5027 818 5073 ιιι
849 5020 1100 5090 baptismi
1133 5025 1346 5096 1106
1368 5035 1420 5081 ct
1448 5044 1568 5096 qua:
1614 5021 1874 5085 interiora
1931 5045 2082 5098 sunt,
2120 5047 2182 5086 ea
2231 5030 2430 5084 ritibus
2479 5028 2589 5083 illis
2641 5043 2706 5082 ac
2756 5025 3099 5081 caeremoniis
3148 5024 3440 5088 obeuntur,
3491 5037 3612 5092 quia:
3659 5037 3725 5076 ex

473 5105 770 5180 Evangelio
798 5121 852 5168 et
876 5115 1249 5183 apostolorum
1296 5122 1622 5178 auctoritate
1658 5139 1721 5178 ac
1747 5125 2044 5180 traditione
2085 5121 2344 5192 proiectae
2369 5127 2522 5177 sunt.

547 5232 562 5262 ³
595 5229 728 5284 Luc.
753 5245 806 5294 v,
855 5229 944 5285 55.

549 5343 660 5414 (96)
695 5343 856 5416 Κατὰ
880 5343 984 5410 τὰς
1015 5343 1293 5416 πρωϊνάς,
1325 5343 1456 5410 Qua:
1507 5347 1626 5401 sine
1658 5345 1867 5416 jejunio
1903 5345 2047 5400 cele-

475 5414 774 5468 brabantur
800 5415 1093 5474 Stationes,
1127 5415 1393 5478 συνάξεις,
1422 5424 1478 5469 ιιι
1507 5414 1800 5471 Dominicis
1831 5415 2046 5482 diebus,

479 5486 533 5554 in
576 5484 896 5554 Pentecoste
942 5495 996 5539 et
1046 5485 1098 5537 in
1157 5485 1480 5554 Epiphania,
1527 5488 1810 5541 matutinis
1849 5486 2050 5540 ﬁebant

477 5553 825 5626 horis._llora
875 5563 1055 5626 autem
1101 5553 1525 5610 absolvehantur
1562 5573 1722 5622 nona,
1763 5572 1883 5626 quae
1906 5557 2050 5626 jeju-

479 5623 630 5676 nium
667 5623 936 5677 habebant
967 5623 1302 5691 adjunclum.

551 5691 665 5758 (97)
695 5693 812 5758 Πρὸ
831 5692 949 5744 τῶν
967 5692 1138 5758 ἑπτά,
1169 5701 1274 5747 etc.
1317 5693 1609 5748 Pasrhales
1653 5697 1762 5749 illic
1788 5695 2048 5751 denotare

481 5761 598 5817 vult
619 5760 736 5815 dies
769 5770 994 5830 septem,
1028 5765 1141 5832 qui,
1173 5779 1204 5816 a
1248 5766 1474 5818 solemni
1513 5764 1793 5821 l’aschatis
1827 5765 1916 5822 die
1945 5783 2044 5821 nu-

2159 5347 2374 5412 merati,
2410 5347 2702 5416 insequens
2729 5345 2985 5400 desinunt
3005 5345 3058 5399 in
3093 5343 3411 5399 Sahbatum.
3445 5343 3584 5399 Ante
3607 5345 3722 5400 dies

2153 5417 2738 5493 illosAQuadragesima
2767 5427 3036 5493 servatur.
3191 5486 3201 5493 ι
3318 5484 3328 5493 _
3533 5483 3546 5493 _
3587 5483 3602 5493 _
3685 5483 3716 5493 η

2226 5487 2337 5556 (98)
2366 5488 2520 5552 Ἕως
2539 5483 2832 5555 ἓσπέρας.
2862 5487 3063 5554 Duplex
3117 5484 3486 5538 animadverte
3525 5483 3718 5556 jejuuii

2151 5555 2344 5627 genus,
2367 5559 2537 5617 aliud,
2561 5561 2702 5627 quod
2737 5557 3046 5612 solvebatur
3081 5556 3212 5608 hora
3241 5569 3404 5627 nona,
3433 5555 3639 5627 utillud
3667 5571 3718 5627 ιιι

2152 5625 2205 5681 et
2227 5643 2275 5679 vi
2299 5627 2444 5681 feria:
2471 5646 2482 5680 :
2511 5625 2656 5680 aliud
2687 5641 2835 5690 vero,
2871 5635 2928 5678 nt
2954 5625 3452 5697 Quadragesimal‘e,
3475 5625 3625 5696 quod
3651 5625 3716 5678 ad

2151 5713 2406 5766 vesperas
2435 5713 2607 5766 usque
2636 5697 3052 5766 producebatur.

2223 5767 2335 5838 (.99)
2367 5767 2606 5824 lnqua
2642 5767 2851 5824 Domini
2879 5767 3068 5823 missa.
