3986 6224
280 374 418 438 ὋἸθ
886 379 1253 439 ADVERSUS
1294 381 1636 440 ILERESES
1673 384 1801 439 LIB.
1844 386 1854 439 1

1973 385 2135 442 ron.
2180 386 2240 442 ιι.
2284 417 2347 427 -
2388 385 2749 443 εχροειτιο
2786 384 2984 443 FlDEl.
3445 348 3547 443 eo

383 495 510 551 ΚΓ.
565 494 691 549 Ἐπὶ
714 496 776 550 δὲ
805 497 913 552 τῶν
941 499 1382 572 τελευτησάντων
1414 503 1511 574 (1),
1536 503 1595 571 ἐξ
1620 504 1882 575 ὀνόματος
1912 511 1954 566 Α

2051 505 2240 560 XXIII.
2281 504 2398 559 Jam
2443 521 2576 560 vero
2617 506 2762 575 quod
2795 505 2860 560 ad
2896 511 3143 559 mortuos
3188 512 3421 577 spectat,
3448 520 3547 559 no-

307 588 412 651 τάς
442 588 660 658 μνήμας
688 587 965 644 ποιοῦνται
984 628 998 655 ,
1032 594 1341 664 προσευχὰς
1368 595 1646 660 τελοῦντες
1675 598 1769 650 xui
1795 596 1881 649 λα-

1989 597 2235 650 minatim
2269 597 2484 651 illorum
2517 597 2719 651 mentio
2768 596 2843 660 tit,
2880 611 2943 650 ac
2974 612 3160 666 preces
3188 605 3241 650 et
3280 597 3545 651 sacriﬁcia

307 678 499 748 τρείας
520 678 614 731 xui
636 679 979 749 οἰκονομίας⁸
1009 681 1218 736 ὲωθινοί
1254 700 1314 736 τε
1360 682 1519 754 ὕμνοι
1556 686 1613 739 ὲν
1642 687 1778 757 αὐτῇ
1819 689 1881 757 τῇ

1987 687 2350 759 inysterinque
2368 686 2800 755 frequentantur.
2818 685 3091 740 Matutina:
3113 688 3336 755 insuper
3358 687 3547 742 laudes

308 766 448 838 ἁγίᾳ
496 765 792 838 Ἐκκλησία
836 767 1103 838 διηνεκεῖς
1149 769 1388 838 γίνονται
1441 771 1536 825 xui
1589 773 1882 842 προσευχαί

1988 778 2040 832 in
2094 777 2332 833 Ecclesia
2367 778 2635 833 catholica
2686 777 3070 847 matutinaeque
3109 793 3298 847 preces
3330 779 3550 833 assidue

309 857 536 912 ἑωθιναί
555 897 571 921 ,
597 857 838 927 λυχνικοί
874 876 934 911 τε
959 859 1075 930 ἅμα
1105 860 1308 932 ψαλμοὶ
1337 862 1414 932 (2)
1443 862 1537 916 xui
1566 863 1882 934 προσευχαί.

1982 870 2362 935 celebrantur;
2414 869 2719 923 lucernales
2765 868 2889 928 item
2934 868 3127 938 psalmi
3166 875 3220 923 et
3248 869 3545 924 orationes.

310 950 472 1014 Τινὲς
503 949 559 1003 δὲ
582 948 690 1002 τῶν
735 948 1075 1020 μοναζόντων
1100 952 1272 1020 αὐτῆς
1302 952 1619 1006 κατοικοῦσι
1657 953 1755 1017 τὰς
1793 952 1884 1006 πό-

1986 958 2154 1013 Porro
2203 959 2596 1013 monachorum
2648 959 2742 1013 alii
2786 959 2843 1013 in
2894 958 3124 1013 urbibus
3174 958 3396 1028 degunt,
3455 959 3545 1012 alii

310 1041 428 1104 λεις
447 1082 464 1105 ,
495 1041 639 1104 τινὲς
662 1039 720 1093 δὲ
750 1039 844 1094 xui
873 1042 931 1093 ὲν
984 1040 1367 1111 μοναστηρίοις
1409 1041 1729 1106 καθέζονται
1747 1082 1762 1103 ,
1791 1043 1884 1096 xui

1986 1039 2055 1103 in»
2089 1051 2434 1104 monasteriis
2479 1050 2743 1114 habitant,
2779 1057 2833 1104 et
2876 1049 2943 1103 ab
2977 1049 3257 1102 hominum
3294 1048 3548 1117 frequen-

311 1132 425 1185 ἀπὸ
483 1131 719 1202 μήκοθεν
759 1131 1152 1202 ἀναχωροῦσιν.
1180 1133 1384 1202 Ἥρεσε
1422 1133 1482 1186 δέ
1525 1151 1634 1187 τισι
1676 1135 1768 1187 xui
1795 1136 1885 1189 κό-

1989 1141 2061 1193 tia
2120 1140 2334 1210 longius
2381 1140 2704 1196 abscedunt.
2757 1139 3052 1194 Nonnullis
3104 1155 3234 1194 vero
3293 1141 3550 1207 prolixior

315 1241 426 1294 μας
450 1223 594 1293 ἔχειν
629 1223 831 1293 τριχῶν
858 1223 1043 1276 ἕνεκεν
1077 1220 1237 1292 δῆθεν
1285 1223 1577 1289 πολιτείας,
1616 1225 1710 1278 ἀπ’
1756 1226 1884 1279 ἰδίου

1987 1245 2141 1285 coma
2162 1231 2384 1301 placuit,
2411 1230 2701 1286 sanctioris
2725 1230 2976 1285 videlicet
3002 1229 3237 1283 instituti
3260 1243 3429 1283 causa
3456 1244 3468 1279 :
3500 1228 3550 1282 id

314 1315 459 1380 νοὸς,
492 1315 553 1369 οὐ
582 1314 679 1368 τοῦ
716 1314 1049 1382 Εὐαγγελίου
1080 1314 1501 1386 προστάξαντος,
1527 1317 1588 1369 οὐ
1616 1316 1728 1369 τῶν
1753 1318 1887 1370 ἀπο-

1989 1321 2135 1390 quod
2165 1329 2357 1391 suapte
2376 1322 2673 1385 voluntate,
2704 1321 2821 1376 sine
2841 1319 3111 1387 Evangelii
3144 1328 3430 1390 przecepto,
3454 1327 3548 1374 aut

316 1407 521 1460 στόλων
573 1405 881 1476 δεξαμένων
900 1422 915 1437 ’
961 1408 989 1460 ὀ
1014 1407 1121 1479 γάρ
1161 1408 1316 1476 ἆγιος
1354 1407 1648 1471 ἀπόστολος
1676 1406 1886 1473 Παῦλος

1988 1413 2357 1481 apostolorum
2417 1412 2808 1481 approbatione
2851 1410 3093 1477 faciunt;
3154 1426 3276 1483 nam
3326 1418 3553 1466 sanctus

312 1498 560 1569 ἀπέκοψε
611 1500 769 1554 τοῦτο
796 1501 858 1553 τὸ
887 1502 1089 1573 σχῆμα.
1129 1503 1250 1556 Εἰσὶ
1287 1503 1345 1557 δὲ
1389 1506 1649 1557 πολιτεῖαι
1696 1504 1883 1558 ἀλλοι¹

1987 1504 2269 1572 apostolus
2295 1500 2499 1558 Paulus
2519 1495 2741 1555 fortnam
2766 1501 3032 1571 ejusmodi
3056 1510 3218 1571 atque
3237 1502 3440 1555 cultum
3461 1502 3555 1557 ab-

296 1588 582 1660 ἐξαίρετοι
623 1593 682 1643 ὲν
706 1594 771 1663 τῇ
800 1594 937 1664 αὐτῇ
981 1593 1242 1666 καθολικῇ
1295 1594 1870 1666 Ἐκκλησίᾳφυλαττό-

1987 1593 2257 1647 dicavit’.
2293 1592 2431 1647 Sunt
2469 1601 2523 1648 et
2555 1594 2659 1646 alia
2695 1594 2749 1646 in
2781 1594 2965 1648 eadem
3002 1593 3269 1647 catholica
3305 1593 3546 1648 Ecclesia

318 1696 513 1750 μεναιο
548 1683 692 1752 φημὶ
730 1682 789 1736 δὲ
828 1682 924 1737 τοῦ
974 1685 1273 1754 ἀπέχεσθαι
1311 1686 1491 1759 κρεῶν
1521 1687 1758 1752 πάντων,
1798 1705 1887 1742 τε·

1986 1685 2240 1739 instituta
2280 1684 2496 1739 vivendi
2554 1685 2915 1754 praestantia:
2953 1685 3233 1749 nimirum,
3274 1685 3418 1755 quod
3462 1684 3551 1739 alii

311 1772 596 1842 τραπόδων
623 1791 684 1827 τε
713 1775 808 1828 xui
835 1776 1037 1847 ὀρνέων
1065 1777 1159 1832 xui
1196 1777 1414 1849 ἰχθύων,
1450 1779 1556 1832 ιῖιοῦ
1585 1796 1644 1832 τε
1669 1780 1763 1833 xui
1790 1796 1885 1832 τυ-

1989 1777 2246 1832 carnibus
2275 1791 2500 1846 prorsus
2533 1777 2863 1840 abstineant,
2911 1782 3018 1828 tam
3055 1774 3463 1845 quadrupedum
3501 1782 3556 1829 et

319 1860 450 1930 ροῦ’
503 1863 600 1916 xui
642 1864 826 1936 ἕτεραι
872 1846 1134 1938 διάφοροι,
1175 1846 1473 1933 πολιτεῖαι,
1531 1871 1613 1923 ὅτι
1659 1869 1889 1933 ἕκαστος

1991 1867 2172 1921 avium
2203 1882 2366 1937 quam
2394 1866 2650 1936 piscium,
2682 1881 2785 1921 nec
2816 1880 2924 1919 non
2956 1865 3076 1919 ovis
3108 1879 3172 1918 ac
3200 1880 3381 1919 caseo.
3414 1863 3551 1918 Tum

315 1951 459 2006 κατά
516 1952 609 2006 τὸν
660 1953 791 2007 ἴδιον
838 1955 1109 2026 κάματον,
1134 1955 1325 2026 μισθὸν
1374 1957 1639 2029 λήψεται*
1698 1958 1795 2012 xui
1838 1960 1887 2011 οί

1990 1957 2095 2012 alia
2120 1965 2248 2011 sunt
2275 1959 2398 2012 vita:
2420 1968 2639 2028 genera,
2673 1963 2958 2026 propterea
2992 1955 3139 2024 quod
3182 1955 3557 2029 unusquisque

320 2043 419 2113 μὲν
465 2042 759 2113 ἀπέχονται
803 2044 1021 2099 πάντων
1068 2045 1273 2100 τούτων
1293 2087 1308 2111 ,
1353 2047 1404 2101 oi
1430 2028 1507 2101 δὲ
1548 2047 1888 2119 τετραπόδων

1986 2047 2288 2104 ‘secundum
2334 2048 2617 2118 preprium
2649 2049 2895 2100 laborem
2930 2046 3230 2099 mercedem
3264 2028 3491 2115 accipiet
3512 2045 3554 2098 ³.

320 2131 518 2203 μόνων,
566 2132 895 2203 λαμϐάνουσι
941 2135 1000 2189 δὲ
1048 2137 1251 2207 ὀρνέων
1294 2139 1387 2191 xui
1429 2138 1498 2191 τὰ
1558 2138 1847 2209 μετέπειτα
1872 2153 1886 2167 ’

1988 2137 2163 2207 Igitur
2191 2142 2321 2192 sunt
2350 2139 2441 2207 qui
2476 2137 2584 2191 illis
2611 2136 2868 2190 omnibus
2907 2134 3254 2198 abstineant;
3286 2133 3376 2187 alii
3424 2146 3559 2202 qua—

316 2223 493 2295 ἕτεροι
527 2224 583 2277 δὲ
612 2226 707 2279 xui
743 2225 945 2297 ὀρνέων
973 2227 1291 2297 ἀπέχονται,
1318 2228 1658 2299 λαμϐάνουσι
1687 2229 1744 2282 δὲ
1768 2229 1888 2281 ὠῶν

1992 2228 2332 2298 drupedihus
2354 2229 2639 2289 duntaxat,
2670 2227 2762 2282 sed
2795 2227 2987 2286 avibus
3011 2240 3073 2278 ac
3100 2225 3311 2278 ea‘teris
3337 2239 3561 2279 vescun-

320 2314 413 2367 xui
447 2314 643 2385 ἰχθύων
667 2329 681 2344 ⁰
728 2314 904 2386 ἕτεροι
932 2315 991 2369 δὲ
1019 2316 1139 2370 οὐδὲ
1163 2317 1286 2371 ὠῶν
1314 2317 1678 2388 λαμϐάνουσιν
1698 2333 1711 2346 ·
1741 2317 1890 2371 ἄλλοι

1994 2331 2122 2382 ῑυι·;
2160 2319 2251 2374 alii
2275 2320 2436 2374 etiam
2469 2319 2535 2372 ab
2564 2318 2754 2372 avibus
2792 2324 3130 2387 temperant,
3170 2330 3269 2368 ova
3298 2325 3351 2368 et
3382 2314 3557 2384 pisces

317 2404 376 2457 δὲ
407 2403 602 2474 ἰχθύων
627 2404 943 2476 ἀπέχονται,
974 2406 1140 2478 τυροῦ
1178 2408 1236 2461 δὲ
1283 2408 1649 2478 λαμϐάνουσιν
1670 2426 1685 2440 ο
1713 2408 1889 2478 ἕτεροι

1990 2409 2282 2472 adhibent;
2302 2407 2390 2460 alii
2410 2406 2570 2461 etiam
2592 2420 2693 2459 ova
2719 2402 3021 2473 repndiant.
3043 2400 3181 2454 Sunt
3201 2400 3292 2468 qui
3316 2398 3559 2468 piscibus

318 2491 376 2545 δὲ
403 2490 522 2544 οὐδὲ
545 2491 710 2563 τυροῦ
734 2493 1127 2564 λαμϐάνουσιν.
1172 2496 1308 2566 Ἤδη
1335 2496 1391 2549 δὲ
1417 2497 1511 2549 καὶ
1539 2478 1685 2551 ἄλλοι
1723 2496 1888 2568 ἄρτου

1989 2500 2306 2554 abstinent:
2338 2500 2430 2566 qui
2463 2505 2643 2550 tamen
2692 2510 2910 2549 caseum
2938 2494 3045 2547 sibi
3075 2491 3413 2561 permittunt.
3448 2486 3552 2540 Alii

319 2579 634 2650 ἀπέχονται,
673 2582 849 2654 ἕτεροι
879 2583 935 2635 δὲ
962 2584 1056 2636 xui
1104 2585 1419 2656 ἀκροδρύων
1447 2586 1542 2640 xui
1569 2586 1884 2657 ἑψημάτων.

1990 2605 2121 2645 vero
2152 2603 2315 2644 caseo
2349 2603 2458 2642 non
2506 2595 2754 2641 utuntur.
2793 2582 3065 2639 Praeterea
3111 2580 3331 2650 quidam
3360 2595 3390 2633 a
3422 2592 3562 2648 pane

298 2671 513 2751 ,Πολλοὶ
537 2672 594 2725 δὲ
618 2673 713 2726 xui
739 2674 1120 2745 χαμευνοῦσιν,
1160 2675 1307 2730 ἄλλοι
1338 2677 1394 2730 δὲ
1421 2678 1539 2731 οὐδὲ
1571 2679 1872 2734 ὑποδέννυν·

1992 2680 2303 2734 abstinent:
2339 2676 2558 2746 quidam
2590 2677 2656 2728 ab
2683 2675 2938 2727 arborum
2978 2671 3246 2725 fructibus
3290 2675 3342 2722 et
3386 2668 3561 2720 coctis

319 2779 432 2828 ται,
463 2763 611 2817 ἄλλοι
632 2764 687 2817 δὲ
714 2765 915 2819 σάκκον
945 2765 1168 2837 φοροῦσι
1208 2767 1609 2838 κεκρυμμένον,
1632 2770 1679 2822 οἱ
1712 2769 1892 2833 καλῶς

1992 2770 2271 2825 omnibus.
2290 2767 2542 2835 Plerique
2566 2765 2713 2819 humi
2736 2763 3004 2823 cubitant,
3029 2761 3120 2814 alii
3149 2758 3310 2812 nudis
3334 2755 3563 2827 pedibus

321 2853 616 2924 φοροῦντες
655 2855 721 2908 δι’
767 2856 966 2928 ἀρετὴν
1002 2857 1094 2909 xui
1151 2858 1468 2927 μετάνοιαν·
1505 2859 1751 2930 ἀπρεπὲς
1784 2860 1892 2932 γάρ

1992 2875 2057 2913 ac
2077 2861 2197 2913 sine
2217 2855 2605 2932 calceamentis
2628 2855 2903 2918 incedunt,
2925 2852 3013 2905 alii
3036 2850 3308 2907 occultum
3326 2846 3562 2900 cilicium

318 2949 472 3002 ἐστιν
514 2948 580 3029 ἐχ
618 2949 887 3018 προφανεῖ
929 2948 1120 3018 σάκκῳ
1156 2948 1435 3019 προϊέναι,
1476 2949 1551 3013 ὥς
1582 2967 1722 3013 τινες
1751 2950 1892 3005 οὕτω

1996 2951 2200 3012 ferunt,
2231 2949 2321 3017 qui
2357 2948 2409 3001 id
2439 2923 2802 3007 laudabiliter,
2836 2942 3054 2999 virtutis
3083 2939 3292 2995 scilicet
3322 2944 3418 2991 aut
3451 2952 3566 3004 pm-

324 3035 676 3106 πράττουσιν.
717 3036 991 3107 Ἀπρεπὲς
1016 3036 1093 3098 δὲ,
1128 3036 1203 3099 ὡς
1234 3037 1467 3107 ἔφημεν,
1496 3039 1589 3090 καὶ
1613 3038 1670 3089 τὸ
1695 3039 1893 3102 κλοιοῖς

2000 3041 2239 3094 nitentia:
2260 3054 2447 3100 causa,
2481 3038 2694 3101 ferunt;
2724 3051 2846 3091 nam
2875 3034 3112 3088 cilicium
3147 3029 3321 3099 palam
3358 3041 3425 3079 ac
3452 3041 3565 3094 prae

322 3122 607 3191 προϊέναι,
652 3122 726 3184 ὥς
767 3139 907 3175 τισιν
950 3122 1126 3189 ἔδοξεν
1147 3142 1161 3156 ·
1193 3127 1240 3178 οἱ
1277 3124 1491 3188 πλείους
1522 3127 1579 3180 δὲ
1615 3126 1891 3196 βαλανείου

1995 3145 2055 3185 se
2105 3129 2247 3182 l'erre
2293 3128 2474 3182 minus
2520 3128 2777 3180 decorum
2816 3122 3052 3187 videtur,
3099 3118 3244 3189 quod
3281 3116 3566 3171 instituere

321 3211 637 3281 ἀπέχονται.
666 3212 793 3297 ⁸Καί
826 3231 969 3278 τινες
1000 3215 1344 3282 ἀπετάξαντο
1388 3217 1467 3285 τῷ
1509 3216 1641 3288 βίῳ,
1704 3218 1893 3290 τέχνας

2004 3218 2273 3274 nonnulli.
2323 3217 2508 3288 Neque
2564 3217 2687 3286 plus
2715 3214 2929 3271 decoris
2969 3213 3150 3274 habet,
3194 3217 3255 3265 ut
3299 3207 3563 3297 diximus,

320 3303 527 3367 λεπτὰς
562 3295 674 3358 καί
696 3306 1056 3376 ἀπράγμονας
1112 3308 1325 3371 ἑαυτοῖς
1353 3309 1770 3378 ἐπινοήσαντες,
1808 3311 1893 3367 ἵνα

2004 3311 2152 3382 quod
2184 3311 2465 3366 nonnullis
2493 3309 2669 3363 visum
2697 3314 2803 3371 est,
2832 3321 2954 3361 cum
2990 3301 3223 3358 vinculis
3259 3298 3399 3353 collo
3429 3295 3565 3350 iudi-

328 3391 408 3464 μὴ
436 3392 605 3462 ἀργὸν
634 3393 747 3463 βίον
784 3393 1089 3460 διατελῶσι,
1125 3395 1259 3468 μηδὲ
1289 3396 1378 3450 τὸν
1403 3386 1565 3468 ἄρτον
1593 3398 1895 3471 βεϐαρημέ-

1998 3403 2070 3455 tis
2114 3400 2384 3455 incedere.
2425 3396 2530 3454 Sed
2562 3412 2723 3467 quam
2753 3393 2970 3466 plurimi
3017 3391 3236 3447 balneas
3290 3398 3568 3456 nunquam

306 3502 421 3563 ,νον
479 3484 746 3539 ἐσθίωσιν.
791 3487 880 3539 Ἐν
933 3487 1270 3558 ψαλμῳδίαις
1315 3490 1372 3543 δὲ
1420 3492 1469 3543 οἰ
1516 3491 1761 3559 πλείουςη
1802 3492 1880 3546 xu‘

2002 3492 2206 3561 vident.
2238 3489 2490 3544 Nonnulli
2523 3488 2724 3544 saeculo
2753 3487 2824 3539 ita
2848 3481 3252 3543 renuntiarunt,
3295 3484 3356 3531 ut
3400 3476 3571 3534 levio-

326 3576 519 3646 εὐχαῖς
543 3576 865 3646 διηνεκέσιν,
894 3577 1230 3647 ἀναγνώσεσί
1258 3599 1315 3635 τε
1350 3582 1577 3652 Γραφῶν
1607 3583 1776 3652 ἁγίων
1804 3585 1897 3638 xui

2002 3597 2093 3637 res
2136 3581 2396 3650 quasdam
2429 3587 2575 3633 artes
2602 3592 2667 3632 ae
2695 3577 2876 3630 minus
2928 3570 3238 3640 negotiosas
3283 3566 3389 3622 sibi
3435 3565 3570 3652 ipsis

328 3666 761 3739 ἀποστηθισμοῖς
790 3668 1101 3723 ἀσκοῦνται.
1425 3713 1445 3727 .

2005 3645 2409 3744 exeoéitarent,
2473 3685 2542 3725 ne
2593 3679 2804 3723 atatem
2847 3666 2903 3720 in
2968 3661 3082 3716 otio
3128 3659 3388 3729 degerent
3409 3645 3443 3724 ,’
3484 3664 3571 3712 aut

331 3759 515 3814 cibum
544 3775 668 3813 cum
710 3762 1031 3832 cujusquam
1068 3761 1407 3815 incommodo
1469 3771 1765 3820 sumerent.
1822 3764 2011 3836 Magna
2042 3780 2169 3820 vero
2204 3779 2273 3819 ex
2308 3772 2461 3833 parte
2492 3762 2546 3816 in
2597 3756 2955 3816 decantandis
3007 3752 3233 3825 psalmis
3280 3767 3349 3808 ac
3395 3752 3569 3806 conti-

333 3853 461 3907 nuis
507 3852 846 3908 orationibus
887 3860 942 3908 et
983 3862 1295 3909 sanctarum
1338 3852 1745 3924 Scripturarum
1800 3857 2146 3922 lectionibus,
2214 3854 2515 3925 iisdemque
2551 3852 2863 3909 memoriter
2891 3844 3331 3921 pronuntiandis,
3369 3847 3573 3914 seipsns

331 3951 608 4000 exercent.
1974 3964 1983 3969 '
2184 3946 2189 3953 ’

404 4036 530 4088 KA'.
567 4035 700 4106 Περί
727 4034 783 4088 δὲ
807 4034 1106 4106 ξενοδοχίας
1133 4035 1226 4089 xui
1247 4034 1652 4107 φιλανθρωπίας
1680 4035 1899 4106 ἐλεημο-

2327 4025 2517 4081 ΧΧΝ.
2565 4022 2684 4079 Jam
2722 4039 2852 4079 vero
2892 4024 3276 4094 hospitalitatis
3306 4031 3359 4078 et
3392 4023 3570 4078 huma-

335 4126 502 4197 σύνης
551 4143 611 4178 τε
650 4127 728 4189 είς
769 4125 1009 4189 πάντας,
1059 4127 1221 4180 πᾶσιν
1274 4126 1302 4178 ὀ
1336 4128 1436 4196 τῆς
1486 4125 1647 4195 ἁγίας
1696 4124 1901 4195 ταύτης

2005 4120 2192 4174 nitatis
2228 4128 2282 4173 et
2314 4117 2369 4170 in
2403 4132 2593 4172 omnes
2638 4112 2906 4187 pauperes
2947 4115 3317 4170 beneﬁcentiae
3362 4114 3571 4171 fructus

333 4217 626 4288 xuOoltxﬁc;
672 4218 768 4270 xui
813 4218 1172 4288 ἀποστολικῆς
1215 4218 1538 4288 Ἐκκλησίας
1566 4217 1773 4289 καρπὸς
1809 4234 1901 4270 κε-

2006 4207 2103 4263 toti
2158 4205 2440 4260 catholica:
2487 4213 2541 4259 et
2588 4204 2899 4275 apostolicae
2951 4203 3211 4258 Ecclesia:
3269 4204 3571 4257 communis

336 4309 629 4381 κήρυκται.
659 4308 733 4361 Τδ
759 4307 815 4361 δὲ
836 4307 1060 4380 λουτρὸν
1088 4310 1198 4380 ἔχει
1223 4311 1340 4363 ἀντὶ
1366 4310 1466 4379 τῆς
1504 4307 1902 4377 παλαιωθείσης

1998 4299 2259 4354 ‘omnibus
2307 4305 2393 4352 est
2435 4295 2700 4349 indictus.
2760 4292 2960 4347 Eadem
3020 4307 3149 4347 vero
3197 4290 3439 4346 Ecclesia
3473 4305 3572 4360 pro

338 4399 639 4470 περιτομῆς
682 4399 740 4450 ὲν
765 4390 993 4470 Χριστῷ
1009 4412 1024 4429 ’
1054 4399 1442 4453 διαναπαύεται
1476 4401 1532 4452 ὲν
1568 4396 1645 4468 τῷ
1684 4395 1901 4468 μεγάλῳ

2006 4389 2247 4443 obsoleta
2292 4388 2383 4442 illa
2423 4387 2477 4439 in
2507 4385 2725 4441 Christo
2779 4384 3196 4454 circumcisione
3241 4382 3569 4452 baptismum

342 4463 615 4557 σαϐϐάτῳ..
647 4487 766 4540 ἀντὶ
793 4463 885 4540 τοῦ
932 4463 1126 4558 μικροῦ
1158 4487 1447 4542 σαϐϐάτου.
1479 4463 1774 4557 Ἀπέχεταιή
1795 4463 1907 4538 κοι-

2010 4479 2256 4548 accepit:
2296 4492 2360 4532 ac
2391 4493 2488 4549 pro
2527 4476 2724 4545 exiguo
2770 4474 3028 4534 Sabbato,
3077 4470 3301 4540 majoris
3350 4469 3571 4524 Sabbati

340 4578 538 4641 νωνίας
588 4576 838 4631 ἁπάντων
886 4578 1148 4648 αἱρέσεων
1170 4595 1185 4610 ο
1234 4578 1599 4649 ἀποκηρύττει
1631 4575 1903 4648 πορνείαν,

2010 4574 2247 4644 quietem
2282 4572 2537 4627 admittit.
2576 4570 2658 4624 Ab
2698 4568 2941 4622 omnium
2993 4565 3270 4620 baereseon
3328 4568 3572 4615 commu-

338 4670 437 4723 xui
493 4667 757 4739 μοιχείαν,
791 4668 886 4722 xui
962 4669 1267 4739 ἀσέλγειαν,
1312 4670 1406 4724 xui
1446 4666 1904 4741 εἰδωλολατρείαν,

2011 4670 2175 4724 nione
2213 4683 2272 4723 se
2318 4673 2610 4738 segregat:
2641 4663 3091 4724 fornicationem,
3137 4658 3462 4713 adulterium
3512 4671 3571 4741 ac

343 4759 439 4813 xui
464 4758 641 4827 φόνον.
673 4760 769 4812 xui
800 4760 976 4814 πᾶσαν
1002 4760 1363 4832 παρανομίαν,
1395 4760 1487 4813 xui
1516 4739 1765 4830 μαγείαν,
1814 4758 1909 4812 xui

2012 4759 2290 4815 libidinem
2338 4759 2629 4829 proscribit
2679 4750 2933 4821 omnem,
3006 4754 3134 4834 item
3192 4739 3572 4809 idoiolatriam,

344 4851 693 4923 φαρμακείαν
718 4895 733 4919 ,
778 4853 1169 4925 ἀστρονομίαν,
1211 4852 1597 4924 κληδονισμοὺς
1625 4890 1640 4917 ,
1680 4850 1909 4921 παλμῶν

2013 4849 2388 4925 homicidium,
2417 4850 2762 4921 iniquitatem
2795 4860 3035 4911 omnem,
3092 4842 3366 4898 maleﬁcas
3408 4844 3575 4903 artes,

420 5007 437 5040 '
464 5005 527 5063 F.
561 5007 738 5062 ἄλλαι.
813 5010 834 5039 ³
867 5006 889 5061 1
926 5008 1052 5065 Cor.
1089 5024 1166 5075 ιι,
1200 5009 1255 5065 4.
1330 5009 1353 5040 ³
1380 5008 1401 5064 l
1432 5007 1558 5064 Cor.
1591 5015 1673 5073 ιιι,
1704 5007 1759 5063 8.

418 5165 495 5235 (Ι)
524 5166 654 5220 Ἐπὶ
682 5165 750 5218 δὲ
770 5164 888 5218 τῶν
915 5164 1422 5235 τελευτησάντων.
1447 5161 1652 5235 Petavii
1673 5160 1915 5235 animad-

2018 5158 2253 5215 mortuis
2284 5154 2494 5219 confer,
2534 5168 2657 5235 quae
2707 5148 3037 5235 Thomasitts
3087 5144 3302 5235 collegit
3336 5150 3576 5224 veterum

342 5220 595 5291 vei-sione
645 5236 878 5304 insignis
936 5251 999 5289 ac
1050 5220 1418 5288 memorabilis
1456 5233 1606 5304 locus
1640 5232 1729 5304 hic
1779 5230 1911 5304 Epi-
2019 5228 2342 5304 documenta
2385 5220 2587 5304 eximio
2646 5225 2699 5277 in
2741 5220 3488 5304 Bir‘evicul‘o"veterisntuor?
3520 5220 3577 5304 in

1020 5281 1428 5375 ῑίῐᾷὶὶόὶὶέίὶὶὶὲ
1456 5281 1909 5375 deerat—ionibrus
2017 5281 2381 5354 celebratione
2404 5295 2694 5375 missarum
2718 5291 2851 5344 edit.
2878 5296 3077 5342 nostra:
3105 5281 3359 5346 tom.Vll,
3380 5296 3499 5351 pag.
3521 5283 3573 5347 1,

342 5362 398 5445 ἐι
456 5374 765 5445 sacriﬁciis.
796 5362 1063 5445 quaerre
1094 5362 1324 5445 ῐιῖοι-ιιιῧξ
1358 5362 1723 5445 θὺ-Ειτςῐθειξλ
1770 5388 1913 5445 se"?
2015 5384 2218 5445 ειξψιξ
2253 5375 2376 5420 ιηαθ
2404 5362 2780 5445 εεξυιοηὲίυυθε
2822 5430 2867 5445 ί.
2928 5424 2971 5445 ί,
3378 5415 3566 5445 ---....=

344 5418 830 5499 lanuuii-Fusius
857 5418 1044 5498 eadem
1080 5441 1145 5495 de
1190 5458 1247 5495 re
1269 5442 1412 5495 idem
1433 5440 1772 5511 Epiphanius
1799 5440 1911 5511 agit

2033 5418 2064 5421 ’ί
2086 5418 2161 5502 (>2)
2187 5418 2473 5511 λυᾴτςὲκοί
2485 5418 2554 5485 ’τε
2588 5431 2706 5499 ἅμα
2742 5424 2988 5511 ψαλμοί·
3019 5418 3607 5511 ιῑιοετηθιὲξεὶῢέξέἐς

326 5516 397 5567 ἰιι
424 5515 476 5568 in
498 5515 805 5576 haeresi,75,
840 5528 989 5567 num.
1023 5513 1074 5576 7,
1110 5527 1230 5580 qua:
1271 5490 1507 5566 haeresisr
1524 5490 1607 5564 est
1635 5490 1900 5580 Aerii.f"E§

2015 5490 2110 5574 qui
2136 5490 2441 5572 vespertino
2492 5490 3174 5580 tentppre'recitabantur,
3203 5506 3310 5580 (ηιξ)
3335 5490 3577 5580 ἰυεεηιιιιτ

1028 5556 1361 5654 ιιῖοἶνῖιιῖιιειιιιι
1415 5556 1741 5654 mentionem
1790 5556 1907 5654 ηερ-ἶ
2006 5556 2144 5644 (ἶριιε
2163 5556 2280 5653 erat
2303 5575 2521 5654 lumine.
2539 5556 3576 5654 Ulide‘etXelspi-rgutuuJonlﬁqttltlnktf:

1000 5629 1904 5723 dedit};iiiiéédiﬂéﬁéﬁiQuidii
2004 5629 2298 5699 ternarium
2319 5650 2525 5723 veteres
2554 5629 3044 5723 dixereﬂidequaa

1362 5696 1667 5774 niemoor'ato
1694 5696 1755 5792 in
1778 5719 1897 5772 loco
1952 5760 1955 5761 ν
2000 5725 2256 5792 nostrum
2285 5728 2371 5791 ea.
2399 5711 2480 5792 de_
2502 5724 2559 5762 re
2616 5723 2749 5792 μου..
2787 5706 2950 5761 semel
2995 5696 3314 5759 occurraut'
3343 5696 3582 5770 Operum

351 5778 563 5849 Ai'ianae
592 5792 878 5861 haereseos,
918 5778 1027 5865 quo
1058 5791 1125 5849 de
1162 5778 1269 5847 ritu
1297 5788 1472 5865 Deum
1501 5787 1759 5846 exorandi
1796 5801 1895 5858 pro
1996 5783 2142 5842 illius
2174 5781 2447 5840 volumine
2470 5781 2524 5835 in
2552 5778 2820 5863 secundo.‘
