3986 6224
447 351 542 406 851

1766 374 1770 378 -
1843 341 1900 398 S.
1944 340 2282 398 EPIPHANII

3591 327 3698 386 852

447 467 727 530 veneficia,
774 463 1187 528 astronomiam,
1241 462 1495 533 auguria,
1543 461 1882 528 sortitiones,
1936 465 2020 517 in-

2144 462 2568 534 ταρατηρήσεις,
2616 455 2929 519 ὲπαοιδίας,
2966 453 3240 523 περίαπτα
3263 490 3280 515 ,
3314 449 3385 503 τὰ
3415 448 3480 516 δὴ
3505 447 3701 501 καλού-

449 561 809 625 cantationes,
861 558 1122 622 amuleta,
1173 573 1296 627 qua:
1350 556 1685 626 phylacteria
1733 564 2019 611 vocantur.

449 651 531 704 Ad
575 653 688 704 lucc
709 691 724 716 ,
774 649 991 702 theatra
1030 656 1084 702 et
1115 656 1401 717 equestres
1437 647 1596 701 ludes
1624 655 1678 700 et
1707 649 2024 704 venationes

451 758 516 797 ac
563 743 810 798 musicos
848 741 1092 807 damnat,
1120 749 1174 794 et
1204 739 1637 794 maledicentiam
1662 753 1897 805 omnem,
1927 739 2024 794 de-

450 835 803 900 tractionem,
842 848 1079 903 pugnam
1134 840 1297 900 atque
1351 831 1548 894 rixam,
1607 830 2024 902 blasphemiam,

455 924 737 994 injuriam,
773 923 1059 978 avaritiam
1106 931 1159 975 et
1197 935 1441 974 usuram.
1494 918 1873 989 Negotiatores
1916 933 2028 973 non

456 1017 749 1071 admodum
795 1015 1009 1085 probat,
1055 1011 1148 1068 sed
1178 1013 1233 1066 in
1261 1011 1504 1065 omnium
1537 1010 1722 1064 infimo
1751 1011 1869 1065 loco
1897 1026 2029 1066 con-

462 1107 659 1161 stituit.
714 1103 1034 1158 Oblationes
1088 1102 1156 1156 ab
1207 1101 1315 1165 his,
1370 1101 1462 1170 qui
1513 1101 1714 1171 injuria
1757 1103 2029 1156 neminem

465 1197 770 1261 affecerint,
816 1211 992 1266 neque
1028 1195 1208 1250 scelus
1247 1194 1468 1264 aliquod
1501 1173 1890 1264 perpetr‘arint,
1932 1195 2028 1249 sed

455 1289 605 1358 juste
649 1288 814 1340 vitam
855 1287 1169 1350 instituant,
1210 1285 1468 1339 admittit.
1509 1284 1710 1340 Preccs
1754 1284 1820 1337 ad
1861 1284 2028 1340 Deum

460 1379 683 1434 assidue
708 1378 1037 1448 easdemque
1069 1376 1545 1446 frequentissimas
1593 1389 1657 1430 ac
1703 1375 1922 1430 sedulas
1975 1383 2031 1430 et

2129 572 2265 626 μενα
2301 552 2662 622 φυλακτήρια.
2709 545 3106 619 Ἀποκηρύσσει
3145 545 3346 616 θέατρα
3370 585 3385 606 ,
3417 542 3513 594 καὶ
3545 540 3702 591 ἱππι-

2127 646 2257 708 κοὺς
2277 684 2292 709 ,
2337 644 2430 698 καὶ
2464 643 2698 713 κυνήγια
2721 681 2736 706 ,
2789 637 3082 710 μουσικούς
3113 654 3172 689 τε
3203 636 3298 690 καὶ
3326 635 3507 687 πᾶσαν
3532 646 3703 683 κακο-

2127 737 2311 806 λογίαν
2371 736 2465 790 καὶ
2524 732 2854 788 καταλαλιὰν
2880 772 2896 796 ,
2954 729 3050 784 καὶ
3104 729 3286 781 πᾶσαν
3345 725 3525 795 μάχην
3545 762 3560 786 ,
3609 719 3706 772 καὶ

2130 828 2478 900 βλασφημίαν
2504 867 2520 890 ,
2555 824 2767 879 ἀδικίαν
2799 840 2859 876 τε
2891 821 2985 876 καί
3017 817 3360 883 πλεονεξίαν,
3408 813 3505 868 καὶ
3551 827 3708 864 τοκο-

2125 921 2342 992 ληψίαν.
2379 917 2812 993 Πραγματευτὰς
2866 914 2967 969 οὐκ
3011 911 3330 980 ἀποδέχεται
3355 948 3372 972 ,
3410 905 3549 960 ἀλλὰ
3575 905 3709 956 um—

2126 1012 2439 1083 δεεστέρους
2499 1011 2718 1064 πάντων
2777 1009 3011 1078 ἡγεῖται.
3059 1000 3383 1076 Προσφορὰς
3438 995 3712 1067 λαμϐάνει

2129 1105 2281 1176 παρὰ
2328 1104 2435 1157 τῶν
2489 1104 2590 1156 ούκ
2639 1101 2968 1156 ἀδικούντων
2991 1139 3007 1161 ,
3063 1094 3185 1149 οὐδὲ
3224 1087 3708 1163 παρανομούντων,

2129 1195 2263 1248 ἀλλὰ
2310 1193 2533 1256 δικαίως
2582 1191 2858 1262 βιούντων.
2890 1187 3068 1259 Εύχὰς
3113 1184 3171 1238 δὲ
3214 1180 3503 1250 ἐνδελεχῶς
3537 1193 3710 1248 προσ-

2128 1282 2386 1336 τάσσεται
2443 1279 2581 1351 μετὰ
2642 1279 2820 1348 πάσης
2886 1276 3220 1346 πυκνότητος
3265 1272 3356 1326 καὶ
3399 1267 3712 1331 ὲκτενείας,

2131 1374 2224 1427 καὶ
2283 1370 2630 1442 γονυκλισίας
2689 1371 2748 1421 ὲν
2819 1368 2939 1430 ταῖς
2997 1362 3359 1433 τεταγμέναις
3433 1357 3671 1430 ⁴ἡμέραις
3697 1394 3713 1419 ,

461 1486 587 1524 cum
620 1468 997 1540 genuﬂcxione
1045 1469 1101 1523 in
1148 1469 1464 1524 constitutis
1511 1467 1725 1532 diebus,
1779 1477 1944 1522 noctu
1979 1476 2032 1522 et

2144 1463 2344 1532 νύκτωρ
2371 1462 2464 1515 καὶ
2497 1461 2614 1532 μεθ’
2642 1459 2854 1531 ἡμέραν
2900 1456 3244 1526 ἀναπέμπειν
3279 1450 3422 1522 Θεῷ.
3465 1451 3576 1540 Ἐν
3603 1465 3714 1501 τισι

460 1562 696 1616 interdiu
753 1561 982 1617 fundere
1037 1562 1298 1632 przecipit.
1355 1560 1526 1615 Porro
1586 1559 1916 1631 quibusdam
1974 1561 2030 1614 in

460 1651 595 1706 locis
645 1651 787 1706 sacri
818 1661 1118 1707 conventus
1146 1662 1199 1707 et
1221 1667 1457 1723 synaxes
1479 1653 1640 1706 etiam
1672 1653 1916 1708 sabbatis
1945 1652 2029 1706 in-

459 1743 736 1797 dicuntur.
779 1741 912 1798 Illud
946 1757 1076 1799 vero
1114 1758 1223 1797 non
1264 1743 1332 1797 ab
1373 1744 1652 1807 omnibus,
1695 1743 1790 1798 sed
1819 1759 1850 1797 a
1880 1759 2020 1814 pra:-

2131 1554 2185 1607 δὲ
2205 1553 2391 1615 τόποις
2427 1553 2522 1605 καί⁵
2544 1553 2600 1604 ὲν
2631 1552 2743 1613 τοῖς
2777 1548 3010 1604 σάϐϐασι
3059 1543 3303 1609 συνάξεις
3327 1538 3669 1596 ἐπιτελοῦσιν
3699 1555 3712 1566 ·

2131 1645 2192 1697 ού
2235 1643 2412 1714 πάντη
2457 1643 2514 1697 δὲ
2537 1683 2553 1706 ,
2588 1641 2722 1694 ἀλλὰ
2751 1639 2902 1711 παρὰ
2937 1640 3049 1701 τοῖς
3080 1635 3346 1716 άκρέμοσῑ
3381 1631 3717 1700 φυλάσσεται

2133 1736 2194 1789 τὸ
2236 1736 2310 1808 μὴ
2341 1735 2565 1808 ὀμνύναι
2611 1733 2745 1796 ὅλως
2767 1772 2782 1794 ,
2814 1731 2947 1802 μηδὲ
2972 1726 3405 1801 λοιδορήσασθαι,
3446 1724 3587 1795 μηδὲ
3616 1739 3718 1776 κα-

461 1833 824 1888 stautioribus
874 1833 1218 1895 observatur,
1280 1842 1338 1886 ut
1385 1848 1454 1886 ne
1497 1831 1742 1900 dejerent
1786 1811 2032 1897 omnino,

2144 1825 2439 1897 ταρᾶσθαι,
2489 1826 2554 1877 ὲκ
2600 1822 3022 1895 προστάγματος
3080 1816 3246 1871 αὐτοῦ
3284 1814 3377 1868 τοῦ
3421 1811 3716 1879 Σωτῆρος,

462 1939 640 1994 neque
691 1923 999 1977 convicium
1046 1924 1301 1994 cuiquam
1347 1923 1569 1988 faciant,
1601 1931 1695 1976 aut
1722 1923 2034 1992 imprecen-

463 2026 571 2081 tur,
609 2031 708 2086 pro
741 2030 806 2070 eo
833 2030 897 2069 ac
930 2015 1176 2069 Salvator
1217 2014 1428 2084 jussit:
1460 2013 1708 2083 adeoque
1751 2013 1934 2082 quoad
1979 2013 2036 2067 in

463 2108 600 2177 ipsis
657 2108 824 2162 situm
881 2115 1004 2172 cst,
1059 2121 1337 2178 nunquam
1392 2106 1619 2160 omnino
1674 2107 2030 2160 mentiantur.

462 2193 716 2270 Plerique
764 2214 893 2254 vero
933 2200 1074 2254 bona
1119 2214 1219 2255 sua
1265 2199 1505 2254 vendunt
1543 2206 1599 2254 et
1645 2198 1700 2253 in
1768 2213 2038 2269 pauperes

464 2289 831 2346 distribuunt.

533 2401 700 2456 XXV.
739 2399 936 2456 Forma
962 2401 1184 2471 quidem
1209 2416 1275 2455 ac
1305 2409 1434 2456 nota
1459 2400 1720 2457 Ecclesiae
1751 2402 2041 2458 catholicae

461 2500 549 2549 est
594 2493 888 2562 ejusmodi,
915 2509 1038 2549 cum
1080 2509 1144 2549 ea
1198 2493 1322 2548 ﬁdei
1376 2493 1608 2548 formula
1658 2510 1823 2564 quam
1874 2511 2039 2564 supra

463 2583 888 2652 proposuimus;
940 2589 995 2636 et
1038 2581 1120 2636 hat
1168 2582 1313 2651 leges
1354 2597 1419 2636 ac
1459 2583 1679 2638 decreta
1719 2584 1773 2637 in
1805 2599 1870 2639 ea
1899 2585 2044 2639 cele-

467 2674 714 2726 brantur.
743 2670 867 2726 [hec
890 2683 998 2738 est,
1027 2673 1271 2742 inquam,
1301 2671 1561 2728 Ecclesia:
1594 2673 1769 2728 forma
1797 2691 1864 2729 ex
1902 2675 2039 2744 lege,

476 2762 780 2832 pr0phetis,
833 2763 1095 2832 apostolis
1135 2771 1190 2818 et
1231 2765 1583 2835 evangelistis
1615 2765 1889 2820 conflata:
1923 2781 2043 2836 qua:

463 2855 728 2925 exquisiti
772 2855 1060 2925 cujusdam
1106 2855 1338 2910 antidoti
1401 2857 1578 2912 instar
1623 2867 1728 2924 est,
1754 2873 1820 2913 ex
1856 2859 2042 2915 multis

469 2946 768 3016 unguentis
819 2946 887 3001 ad
935 2962 1124 3002 eorum
1180 2948 1412 3003 salutem
1463 2949 1558 3019 qui
1608 2950 1690 3004 uti
1739 2950 2040 3016 voluerint,

474 3038 714 3092 confecti
743 3039 812 3094 de
843 3038 1128 3092 voluntate
1179 3037 1362 3095 Patris
1407 3047 1462 3094 et
1511 3040 1633 3094 Filii
1681 3055 1745 3095 ac
1800 3040 2042 3111 Spiritus

2141 1921 2276 1988 μήτε
2343 1917 2448 1988 μὴν
2505 1913 2809 1986 ψεύσασθαι
2867 1913 2992 1964 ὅσον
3045 1909 3183 1963 κατὰ
3237 1906 3298 1960 τὸ
3353 1903 3600 1958 δυνατόν.
3653 1901 3720 1954 Ol

2138 2007 2355 2071 πλείους
2387 2007 2444 2061 δὲ
2478 2007 2850 2077 πιπράσκουσι
2895 2001 2963 2056 τὰ
3005 2000 3317 2071 ὑπάρχοντα
3360 1995 3460 2049 καὶ
3509 1992 3720 2048 διδόασι

2139 2102 2395 2171 πτωχοῖς.
2451 2165 2454 2168 ,

2211 2412 2340 2466 KE'.
2375 2402 2549 2473 Ὀὗτος
2579 2411 2608 2463 δ
2643 2407 2937 2480 χαρακτὴρ
2980 2405 3183 2475 ταύτης
3232 2403 3332 2473 τῆς
3376 2399 3541 2469 ἁγίας
3583 2402 3722 2469 μετὰ

2138 2503 2239 2574 τῆς
2263 2500 2699 2574 προδηλωθείοης
2731 2498 3003 2564 πίστεως,
3038 2498 3133 2550 καὶ
3165 2487 3311 2548 οὗτοι
3351 2494 3402 2546 οἱ
3435 2493 3630 2560 θεσμοὶ
3661 2492 3723 2543 ὲν

2141 2598 2279 2667 αὐτῇ
2307 2594 2687 2670 ἀναφέρονται.
2723 2585 2890 2653 Οὗτος
2918 2588 3028 2660 γάρ
3059 2588 3209 2640 ἐστιν
3235 2589 3264 2639 δ
3294 2582 3581 2656 χαρακτὴρ
3620 2581 3726 2651 τῆς

2152 2684 2475 2756 Ἐκκλησίας
2498 2724 2514 2749 ,
2547 2681 2656 2736 ἀπὸ
2702 2681 2865 2750 νόμου
2899 2680 2993 2732 καὶ
3025 2676 3319 2750 προφητῶν
3354 2675 3449 2728 καὶ
3487 2671 3726 2727 ἀποστό-

2140 2777 2248 2832 λων
2274 2777 2369 2830 καὶ
2415 2772 2813 2842 εύαγγελιστῶν
2852 2771 3188 2843 συνηγμένος
3207 2785 3220 2799 ³
3252 2767 3444 2838 ὥσπερ
3495 2767 3562 2819 ἐκ
3592 2763 3724 2818 πολ-

2139 2867 2247 2921 λῶν
2279 2866 2486 2938 μυρίων
2513 2863 2784 2926 ἀντίδοτος
2809 2861 2988 2932 ἀγαθὴ
3023 2863 3136 2924 τοῖς
3166 2857 3470 2930 χρωμένοις
3496 2856 3577 2919 είς
3613 2872 3726 2908 σω-

2141 2959 2335 3030 τηρίαν
2380 2954 2861 3024 κατεσκευασμένη
2914 2954 2980 3006 ἐκ
3022 2951 3325 3022 θελήματος
3372 2946 3588 3017 [ἰατρὸς
3626 2943 3722 2998 καὶ

2143 3049 2275 3105 Υἱοῦ
2298 3051 2392 3104 καὶ
2417 3049 2575 3118 ἁγίου
2604 3046 2940 3118 Πνεύματος.
2969 3036 3128 3098 Οὗτοι
3155 3043 3204 3095 οί
3233 3037 3584 3112 χαρακτῆρες
3621 3033 3728 3104 τῆς

470 3129 668 3184 sancti.
713 3127 840 3184 Hmc
883 3136 968 3185 est
1009 3130 1333 3185 venerandae
1375 3129 1583 3185 Christi
1637 3145 1853 3200 sponsa:
1909 3141 2038 3186 nota

2148 3142 2351 3213 σεμνῆς
2408 3139 2609 3211 ταύτης
2667 3137 2885 3208 νύμφης
2945 3133 3232 3224 Χριστοῦζ
3269 3129 3418 3202 Αὕτη
3469 3129 3505 3224 ή
3557 3124 3729 3224 προὶξ

471 3220 763 3289 peculiaris
815 3235 882 3275 ac
927 3221 1244 3293 descriptio,
1286 3222 1404 3277 haec
1443 3222 1590 3277 illius
1636 3222 1736 3278 dos
1779 3229 1836 3277 ct
1870 3222 2044 3278 haere-

471 3310 656 3366 ditatis
699 3320 1116 3376 testamentum,
1169 3313 1287 3368 haec
1333 3313 1575 3368 caelestis
1636 3312 1811 3382 ipsius
1861 3313 2048 3384 sponsi

473 3399 605 3454 Jesu
634 3399 839 3455 Christi
883 3401 1100 3457 Domini
1133 3403 1347 3473 1108
1371 3403 1644 3458 voluntas.
1671 3401 1775 3458 Per
1804 3419 1966 3473 quem
1993 3411 2050 3459 et

474 3507 599 3546 cum
644 3506 753 3561 quo
803 3491 951 3547 Patri
1003 3494 1200 3564 gloria,
1246 3494 1424 3549 honor
1475 3504 1529 3550 et
1586 3494 1871 3564 imperium
1923 3511 2048 3551 cum

479 3590 672 3640 sancto
709 3583 913 3654 Spiritu
946 3584 1000 3639 in
1035 3586 1233 3640 saacula
1269 3586 1615 3641 saeculorum.
1647 3587 1842 3640 Amen.

548 3697 752 3753 Omnes
785 3699 879 3771 qui
914 3699 1000 3754 hic
1037 3707 1166 3754 sunt
1211 3700 1410 3756 fratres
1457 3701 1748 3770 plurimum
1781 3715 1878 3755 vos
1909 3700 2050 3756 salu-

478 3797 594 3843 tant
620 3809 633 3845 :
665 3791 757 3845 sed
789 3791 843 3845 in
871 3791 1061 3862 primis
1088 3790 1396 3860 Anatolius,
1425 3793 1518 3862 qui
1551 3793 1649 3848 has
1679 3799 1870 3846 contra
1900 3801 2050 3847 octo-

481 3881 631 3950 ginta
689 3881 926 3936 hzcrcses
972 3881 1372 3951 disputationes
1415 3891 1668 3936 notarum
1709 3881 2049 3953 compendiis

478 3987 603 4027 eum
640 3973 849 4043 ingenti
888 3973 1074 4028 labore
1103 3987 1168 4027 ac
1194 3974 1404 4042 prolixa
1436 3974 1715 4029 voluntate
1746 3974 1801 4028 in
1830 3973 2049 4030 schedis

477 4063 729 4132 excipere
772 4072 934 4132 atque
978 4064 1270 4119 emendare
1319 4065 1551 4118 meruit:
1614 4079 1827 4118 necnon
1856 4072 1910 4119 et
1942 4064 2051 4136 Hy-

477 4154 658 4222 patius
689 4153 1015 4210 venerabilis
1045 4154 1334 4220 diaconus,
1369 4155 1462 4225 qui
1495 4154 1636 4209 idem
1667 4155 1798 4209 illud
1829 4171 1977 4226 opus
2018 4171 2049 4211 e

479 4243 700 4298 schetiis
743 4244 797 4298 in
829 4245 1286 4314 quaternionibus
1333 4244 1647 4316 descripsit.
1694 4244 1801 4300 Pro
1849 4247 2049 4316 quibus

480 4333 650 4389 Deum
699 4336 988 4391 obsecrare
1026 4336 1349 4408 dignemini,
1401 4337 1686 4392 reverendi
1727 4352 1792 4392 ac
1838 4338 2051 4394 charis-

481 4426 608 4480 simi
667 4427 883 4482 fratres.
952 4427 1063 4482 Pax
1127 4427 1339 4482 Domini
1396 4429 1568 4484 nostri
1619 4429 1751 4484 Jesu
1801 4428 2044 4494 Christi,

2150 3233 2246 3286 καὶ
2286 3229 2520 3302 διαθήκη
2585 3227 2949 3300 κληρονομίας
2989 3224 3083 3278 καὶ
3127 3222 3370 3294 βούλημα
3411 3219 3508 3273 τοῦ
3550 3216 3728 3289 αὐτῆς

2149 3321 2383 3392 νυμφίου
2418 3320 2514 3374 καὶ
2560 3317 2880 3389 ἐπουρανίου
2941 3313 3117 3387 Ἰησοῦ
3159 3310 3398 3383 Χριστοῦ
3459 3307 3556 3363 τοῦ
3604 3309 3725 3361 Ku-

2154 3411 2268 3484 ρίου
2323 3409 2483 3481 ήμῶν
2512 3423 2527 3438 ο
2577 3409 2646 3463 δι’
2675 3399 2735 3461 οὗ
2789 3407 2884 3460 καὶ⁵
2941 3404 3058 3476 μεθ’
3094 3396 3155 3456 οὗ
3211 3399 3292 3472 τῷ
3343 3397 3520 3470 Πατρὶ
3571 3395 3725 3459 δόξα,

2147 3502 2282 3574 τιμὴ
2307 3543 2322 3568 ,
2359 3499 2560 3571 κράτος
2618 3499 2716 3553 σὺν
2750 3499 2890 3570 ἁγίῳ
2918 3495 3198 3566 Πνεύματι
3243 3493 3324 3556 είς
3353 3489 3570 3553 αἰῶνας-
3590 3485 3728 3541 αίὼ⁴

2149 3609 2282 3648 νων.
2349 3589 2542 3662 Ἀμήν.

2219 3701 2426 3766 Πάντες
2477 3701 2528 3756 οἱ
2585 3698 2714 3770 παρ’
2761 3698 2894 3770 ἡμῖν
2950 3695 3171 3766 ἀδελφοὶ
3224 3691 3728 3764 προσαγορεύουσιν

2150 3794 2304 3865 ὑμῶν
2335 3793 2434 3865 τὴν
2478 3792 2805 3863 τιμιότητα,
2853 3790 3086 3860 μάλιστα
3111 3787 3449 3851 Ἀνατόλιος,
3485 3787 3515 3838 ὁ
3552 3783 3724 3838 διάτε

2152 3885 2393 3957 σημείων
2418 3885 2511 3938 καὶ
2541 3882 2838 3953 σχεδαρίων
2866 3881 2972 3934 τῶν
2995 3879 3135 3934 κατὰ
3159 3878 3270 3931 τῶν
3301 3877 3563 3948 αίρέσεων
3603 3873 3726 3928 τού-

2147 3993 2257 4029 των
2291 3976 2400 4028 τῶν
2437 3973 2767 4044 ὀγδοήκοντά
2813 3989 2956 4043 φημι
2979 4011 2996 4036 ,
3046 3971 3185 4042 μετὰ
3233 3967 3431 4022 πολλοῦ
3471 3969 3727 4038 καμάτου

2151 4065 2245 4120 καὶ
2271 4065 2646 4136 προαιρέσεως
2681 4061 2974 4134 καλλίστης
3017 4061 3227 4133 γράψαι
3279 4062 3373 4114 καὶ
3422 4057 3724 4131 διορθώσα-

2152 4157 2273 4212 σθαι
2303 4157 2688 4224 καταξιωθείςο
2724 4156 2841 4228 ἅμα
2877 4173 2939 4209 τε
2970 4154 3067 4208 καὶ
3106 4153 3363 4217 Ὑπάτιος
3406 4154 3435 4205 ὁ
3460 4149 3727 4222 τιμιώτα-

2148 4267 2238 4313 τος
2263 4248 2604 4312 συνδιάκονος
2627 4289 2641 4314 ,
2669 4251 2696 4302 ὁ
2725 4252 2822 4320 τὴν
2857 4245 3213 4318 μεταγραφὴν
3253 4244 3362 4298 ἀπὺ
3394 4243 3506 4296 τῶν
3533 4242 3727 4312 σχεδαο

2153 4338 2282 4411 ρίων
2307 4341 2364 4393 ὲν
2391 4337 2612 4410 τετράσι
2641 4338 3004 4410 ποιησάμενος
3028 4353 3042 4367 ο
3075 4336 3215 4406 ὑπὲρ
3239 4327 3314 4388 ὧν
3335 4333 3429 4386 καὶ
3465 4330 3727 4402 εὔχεσθαι

2152 4430 2522 4496 καταξιώσατε
2541 4470 2557 4494 ,
2602 4431 2913 4502 τιμιώτατοι
2964 4428 3058 4482 καὶ
3086 4427 3450 4481 ποθεινότατοι
3479 4425 3724 4492 ἀδελφοὶ,

481 4517 654 4586 gratia
695 4528 749 4571 et
778 4519 981 4573 veritas
1033 4520 1335 4574 secundum
1381 4520 1504 4589 ejus
1542 4520 1878 4588 mandatum,
1918 4537 2038 4576 cum

2150 4521 2225 4584 ὼς
2255 4493 2491 4592 ἀληθῶς.
2611 4493 2804 4589 εἰρήνη
2831 4517 2926 4570 τοῦ
2950 4517 3157 4588 Κυρίου
3187 4514 3344 4586 ήμῶν
3381 4513 3556 4585 Ἰησοῦ
3586 4515 3725 4585 Χρι-

481 4607 736 4664 omnibus
764 4609 917 4664 vobis
962 4618 1221 4680 perpetuo
1258 4611 1360 4680 sit,
1409 4611 1778 4668 honestissimi
1817 4627 1882 4668 ac
1912 4613 2044 4668 cha-

482 4696 690 4752 rissimi
715 4697 934 4754 fratres.
963 4699 1158 4756 Amen.

2153 4610 2279 4664 στοῦ
2328 4611 2422 4664 καὶ
2461 4611 2495 4682 ή
2549 4611 2708 4682 χάρις
2748 4611 2842 4664 καὶ
2966 4609 3196 4682 ἀλήθεια
3222 4650 3238 4675 ,
3278 4609 3420 4663 κατὰ
3451 4609 3514 4662 τὸ
3555 4607 3724 4662 αὑτοῦ

2151 4702 2479 4773 πρόσταγμα
2530 4701 2668 4772 μετὰ
2728 4702 2946 4756 πάντων
3006 4702 3160 4774 ὑμῶν
3192 4740 3210 4769 ,
3274 4698 3726 4772 φιλοκαλάπατοι,

2147 4791 2422 4864 ἀγαπητοί
2446 4791 2682 4862 ἀδελφοί.
2729 4793 2920 4865 Ἀμήν.
