3986 6224
1577 341 2235 404 ΑΝΑΟΕΡΙΙΑΙΛΕΟΞΙΞ.

228 552 3456 606 mm

967 715 1196 803 ΤΟΥ
1267 716 1414 802 ΕΝ
1486 711 1851 804 ΑΓΙΟΙΣ
1916 717 2350 809 ΠΑΤΡΟΣ
2422 724 2750 814 ΗΜΩΝ

1235 909 2489 1085 ΕΠΙΦΑΝΙΟΥ

1064 1182 2671 1308 ΑΝΑΚΕΦΑΛΑΙΩΣΙΣ.

954 1537 1114 1693 s.
1223 1545 1396 1693 P.
1518 1542 1702 1696 N.
1811 1546 2792 1701 EPIPHANII

1204 1833 1573 1947 ANAC
1602 1834 2514 1952 EPHAL/EOSIS

495 2055 677 2117 SlVE
706 2054 985 2115 EORUM
1021 2054 1204 2127 QUJE
1238 2056 1318 2116 ΙΝ
1353 2055 1710 2117 PANARIO
1742 2055 1981 2118 DICTA
2018 2056 2218 2118 SUNT
2250 2058 2533 2119 SUMMA
2571 2058 3226 2123 COMPREHENSIO.

293 2220 393 2284 (Ex
420 2220 642 2272 editione
659 2216 863 2281 Josepbi
889 2216 1054 2267 Maria:
1077 2217 1339 2284 cardinalis
1364 2217 1609 2284 Thomasii
1644 2219 1697 2265 in
1724 2213 2106 2284 institutionibus
2138 2214 2439 2284 theologicis,
2462 2224 2601 2281 parte
2623 2232 2673 2281 ιι,
2695 2220 2860 2271 denuo
2885 2228 3186 2273 recensente
3208 2223 3433 2275 Antonio

1268 2280 1529 2329 Francisco
1556 2279 1747 2327 Veuosi
1770 2278 1823 2327 C.
1856 2279 1912 2326 ll.
1945 2279 2112 2327 Roma
2134 2279 2272 2339 i769,
2298 2278 2351 2329 in
2374 2280 2446 2344 4.)

1832 2417 1903 2427 -υ

317 2498 646 2567 Ἐπειδήπερ
698 2494 960 2566 μέλλομεν
1011 2495 1142 2564 ὑμῖν
1192 2494 1261 2548 τά
1296 2510 1358 2546 τε
1408 2494 1653 2567 ὀνόματα
1703 2498 1813 2552 τῶν

1989 2501 2204 2572 1109
2236 2500 2505 2568 Quoniam
2546 2502 2827 2558 hmreseon
2868 2501 3113 2557 omnium
3143 2502 3362 2557 nomina
3400 2503 3492 2559 dco

230 2592 495 2663 αἱρέσεων
524 2588 735 2658 δηλοῦν,
761 2588 859 2650 τάς
889 2603 948 2639 τε
971 2588 1100 2657 παρ’
1129 2586 1312 2648 αὐτοῖς
1342 2584 1633 2657 ἀθεμίτους
1665 2590 1811 2659 πρά-

230 2687 344 2751 ξεις
378 2681 777 2736 ἀνακαλύπτειν
805 2680 992 2750 ὥσπερ
1032 2681 1141 2742 ἰοὺς
1179 2679 1274 2732 καὶ
1301 2679 1599 2751 δηλητήρια
1650 2681 1808 2735 ὄντα·

232 2775 332 2827 σὺν
362 2774 547 2835 αὐτοῖς
577 2772 634 2824 δὲ
665 2770 783 2841 ἅμα
819 2770 915 2822 καὶ
967 2770 1271 2832 ἀντιδότους
1301 2771 1612 2840 ἐφαρμόσαι
1633 2811 1647 2835 ,
1684 2772 1811 2825 ἀλε..

231 2865 525 2938 ξητηρίους
557 2864 653 2934 μὲν
693 2863 800 2915 τῶν
843 2862 1227 2934 δεδηγμένων,
1267 2860 1814 2933 προκαταληπτικοὺς

228 2958 291 3013 δὲ
346 2956 456 3011 τῶν
493 2955 793 3025 μελλόντων
840 2956 921 3018 εἰς
965 2954 1123 3007 τοῦτο
1153 2953 1449 3023 ἐμπίπτειν
1478 2969 1492 2983 ο
1540 2954 1811 3025 Πανάριον

162 3056 175 3063 "
232 3049 388 3119 (γάρ)
420 3065 474 3100 τι
503 3091 519 3115 ,
557 3049 726 3118 ἤγουν
766 3045 1016 3099 κιϐώτιον
1048 3044 1288 3115 ἰατρικὸν
1315 3044 1389 3115 (4)
1421 3044 1531 3097 τῶν
1560 3045 1813 3117 θηριοδή-

229 3156 378 3193 κτων
436 3139 878 3210 έρμηνεύσομεν,
960 3134 1151 3205 ὅτιπέρ
1210 3135 1327 3188 έστί
1380 3153 1432 3188 τι
1485 3135 1684 3205 βιϐλίον
1725 3137 1812 3190 διὰ

228 3229 398 3301 τριῶν
430 3228 779 3300 συγγραφὲν,
810 3227 933 3297 ἔχον
986 3226 1223 3297 αἱρέσεις
1265 3226 1629 3296 ὀγδοήκοντασ
1669 3228 1810 3280 αἴτι-

229 3338 319 3384 νες
375 3322 453 3382 εἰς
499 3319 701 3391 θηρίων
736 3320 770 3391 ἢ
802 3318 1045 3391 ἑρπετῶν
1096 3318 1394 3388 αἰνίγματά
1445 3321 1580 3370 εἰσιο
1633 3321 1730 3389 μία
1756 3319 1813 3372 δὲ

234 3413 372 3483 μετὰ
421 3412 520 3475 τὰς
577 3413 905 3482 ὀγδοήκοντα
1028 3410 1129 3479 τῆς
1172 3410 1430 3480 ἀληθείας
1489 3410 1643 3480 βάσις
1695 3412 1812 3481 ἅμα

231 3507 327 3558 καὶ
354 3504 669 3557 διδασκαλία
713 3505 981 3575 σωτήριος
1025 3503 1377 3573 πραγματεία
1397 3542 1412 3568 ,
1446 3504 1540 3556 καὶ
1573 3503 1809 3575 Χριστοῦ

229 3596 418 3667 νύμφη
445 3597 574 3663 ἀγία
618 3595 931 3666 Ἐκκλησία,
961 3591 1096 3648 οὖσα
1131 3595 1229 3664 μὲν
1254 3595 1349 3647 ἀπ’
1379 3594 1575 3657 αἰῶνος
1596 3635 1609 3656 ,
1641 3577 1736 3647 διά’
1753 3594 1811 3646 δὲ

230 3689 330 3757 τῆς
372 3687 636 3757 ένσάρκου
670 3685 905 3758 Χριστοῦ
957 3684 1263 3755 παρουσίας
1300 3685 1437 3755 μετά
1486 3684 1584 3755 τὴν
1635 3686 1812 3740 διαδο-

228 3777 332 3847 χὴν
378 3777 470 3831 τοῦ
499 3777 693 3847 χρόνου
727 3777 891 3847 μέρος
922 3777 937 3807 ⁸
966 3775 1073 3828 τῶν
1103 3776 1514 3847 προειρημένων
1541 3775 1810 3847 αἱρέσεων

1919 2595 2179 2649 claranda
2226 2596 2380 2650 vobis
2430 2596 2535 2648 hoc
2570 2595 2623 2648 in
2651 2596 2790 2649 libro
2820 2596 3188 2664 suscepimus,
3237 2612 3337 2650 nec
3383 2612 3492 2650 non

1914 2687 2252 2740 exsecranda
2313 2702 2377 2741 ac
2434 2685 2646 2741 nefaria
2704 2685 2922 2740 illarum
2973 2686 3175 2756 ﬂagitia
3233 2695 3493 2757 tanquam

1914 2778 2343 2847 praesentissima
2370 2779 2617 2848 quaedam
2646 2794 2850 2833 venena
2877 2778 3183 2847 patefacere
3206 2779 3493 2843 volumus;

1916 2877 2081 2938 atque
2131 2869 2216 2923 his
2267 2870 2416 2923 velut
2467 2870 2712 2923 antidota
2752 2870 3001 2938 quadam
3032 2884 3325 2939 apponere,
3368 2885 3487 2942 qua:

1913 2961 1997 3013 vel
2031 2960 2098 3013 iis
2127 2961 2221 3029 qui
2251 2975 2437 3013 morsu
2470 2961 2621 3029 petiti
2658 2969 2787 3014 sunt
2818 2960 3057 3014 remedio
3092 2974 3215 3015 esse
3247 2961 3478 3030 possint,
3576 2988 3581 2993 -

1913 3048 1994 3101 vel
2023 3064 2138 3113 eos,
2170 3049 2367 3118 quibus
2397 3064 2463 3103 ne
2493 3050 2734 3102 incidant
2776 3049 3074 3117 periculum
3109 3056 3213 3116 est,
3246 3064 3483 3119 praemu-

1914 3141 2069 3195 niunt
2105 3156 2169 3195 ac
2200 3152 2522 3195 conservent
2554 3160 2566 3195 :
2601 3141 2892 3194 Panarium
2940 3141 3053 3195 sive
3089 3143 3329 3195 arculam
3372 3157 3485 3195 me-

1917 3232 2121 3298 dicam,
2156 3234 2221 3285 ad
2248 3249 2437 3286 eorum
2465 3234 2558 3302 qui
2586 3248 2613 3285 a
2639 3233 2990 3302 serpentibus
3017 3232 3108 3285 icti
3144 3243 3270 3287 sunt
3310 3250 3488 3287 reme-

1913 3326 2086 3390 dium,
2135 3325 2259 3393 jure
2286 3341 2425 3394 opus
2457 3324 2587 3377 illud
2626 3340 2689 3377 ac
2724 3325 2919 3378 librum
2959 3324 3488 3395 interpretabimur:

1912 3418 2006 3488 qui
2042 3418 2095 3471 in
2132 3426 2243 3472 tres
2277 3426 2461 3487 partes
2499 3416 2710 3472 divisus
2753 3418 2988 3472 haereses
3026 3417 3302 3486 octoginta
3334 3432 3488 3470 com-

1913 3511 2193 3579 plectitur,
2219 3527 2339 3580 qua:
2371 3518 2683 3579 serpentum
2718 3525 2780 3564 ac
2803 3512 3074 3579 reptilium
3103 3510 3311 3565 similes
3336 3516 3481 3563 sunt.

1915 3602 2226 3657 Secundum
2263 3619 2399 3673 quas
2430 3602 2679 3657 veritatis
2713 3602 3135 3666 firmamentum,
3185 3610 3239 3656 et
3279 3602 3485 3656 saluta-

1912 3694 1990 3748 ris
2042 3694 2313 3760 doctrina,
2379 3693 2611 3763 fideique
2666 3694 2896 3747 formula
2957 3694 3200 3761 subjeCta
3253 3701 3369 3758 est,
3423 3709 3487 3748 ac

1913 3784 2115 3840 Christi
2157 3802 2377 3856 sponsa,
2414 3794 2601 3841 sancta
2632 3786 2883 3839 videlicet
2914 3787 3159 3840 Ecclesia
3185 3786 3485 3839 declarata.

225 3867 708 3936 ἀποκαλυφθεῖσα,
744 3868 838 3923 καὶ
887 3867 978 3936 ὑφ’
1026 3866 1183 3938 ἡμῶν
1227 3869 1286 3920 ὲν
1318 3867 1673 3938 ὑπομνήμασι
1723 3866 1813 3920 διά

1915 3877 2047 3942 Quae
2096 3892 2218 3931 cum
2257 3878 2369 3946 jam
2410 3885 2524 3932 tum
2559 3878 2626 3931 ab
2655 3878 2786 3932 orbe
2814 3878 3035 3932 condito
3076 3892 3199 3931 esse
3235 3877 3486 3945 cmperit,

224 3958 326 4011 τοῦ
368 3959 718 4030 κηρύγματος
745 3959 838 4012 τοῦ
890 3958 1127 4030 Χριστοῦ
1166 3958 1426 4029 ταχθεῖσα
1449 3972 1465 3987 ⁸
1508 3959 1605 4012 καὶ
1648 3959 1809 4013 πάλιν

230 4054 374 4122 μετά
406 4053 585 4115 πάσας
617 4052 715 4115 τὰς
748 4053 855 4105 τῶν
908 4053 1171 4121 αἱρέσεων
1222 4051 1427 4104 τούτων
1482 4050 1806 4122 μοχθηρίας,

225 4144 306 4207 ὡς
328 4144 606 4215 ἀναψυχὴν
626 4143 732 4196 τῶν
760 4143 849 4196 τὸν
882 4142 1127 4212 κάματον
1147 4142 1256 4195 τῶν
1276 4142 1541 4212 αἱρέσεων
1572 4141 1662 4194 διά
1708 4142 1809 4212 τῆς

225 4235 590 4303 ἀναγνώσεως
611 4234 944 4297 διελθόντων,
971 4235 1060 4303 ὑφ’
1089 4233 1243 4304 ὑμῶν
1275 4235 1390 4303 μετ’
1418 4233 1691 4303 ἐπιτομῆς
1710 4233 1806 4285 τοῦ

223 4327 389 4395 λόγου
420 4327 561 4380 κατὰ
606 4327 706 4397 τὴν
735 4326 841 4379 τῶν
884 4325 1195 4378 ἀποστόλων
1244 4324 1591 4380 διδασκαλίαν
1622 4324 1809 4394 σαφῶς

226 4418 689 4487 ἁπαγγελθείσαν.
725 4419 1103 4489 Παρακαλείτε
1138 4417 1158 4448 ³
1185 4417 1241 4469 δὲ
1272 4416 1472 4480 πάντες
1502 4419 1551 4470 oi
1586 4418 1810 4485 φιλοκά-

226 4511 342 4574 λοις
367 4512 387 4541 ³
422 4511 866 4581 ἐντυγχάνοντες,
897 4508 974 4579 τῷ
1000 4526 1060 4562 τε
1094 4510 1364 4581 προοιμίῳ
1398 4510 1493 4562 καὶ
1527 4512 1646 4573 ταῖς
1679 4524 1810 4579 μετ-

226 4602 422 4656 ἀπειτα
469 4603 735 4675 αἱρέσεσι,
770 4603 863 4655 καὶ
914 4604 981 4672 τῇ
1031 4602 1168 4672 ὑπὲρ
1195 4602 1296 4672 τῆς
1333 4601 1587 4673 ἀληθείας
1617 4602 1809 4672 ὁμολο-

226 4691 328 4762 γίᾳ
346 4709 406 4745 τε
436 4692 530 4745 καὶ
551 4691 866 4761 διδασκαλίᾳ
893 4691 989 4761 τῆς
1031 4690 1315 4761 ἀληθείας,
1360 4691 1457 4744 καὶ
1500 4691 1678 4744 πίστει
1703 4690 1804 4762 τῆς

226 4784 391 4852 ἀγίας
416 4782 706 4853 καθολικῆς
747 4781 1091 4852 Ἐκκλησίας.

1918 3980 2105 4041 postea
2155 3976 2335 4023 tamen
2394 3985 2489 4039 per
2542 3970 2744 4024 Christi
2792 3968 3005 4023 Domini
3054 3968 3485 4023 incarnationem

1914 4067 2219 4130 temporum
2252 4061 2603 4115 successione
2640 4068 2764 4114 ante
2802 4066 3256 4114 commemoratas
3298 4073 3489 4113 omnes

1915 4149 2149 4204 haereses
2183 4150 2399 4219 vulgata
2435 4158 2595 4218 atque
2624 4149 2915 4218 patefacta,
2942 4148 3242 4216 eademque
3268 4163 3296 4201 a
3327 4146 3489 4203 nobis

1914 4239 1969 4293 in
2005 4240 2428 4294 commentarios
2464 4256 2530 4293 cx
2577 4239 2781 4293 Christi
2835 4238 3221 4308 przcdieatione
3273 4238 3485 4292 relata:

1912 4344 1978 4384 ac
2029 4344 2250 4384 rursum
2298 4337 2421 4397 post
2467 4328 2787 4398 explicatam
2820 4328 3034 4396 1110
3079 4342 3297 4381 omnem
3353 4326 3499 4401 ista-1

1913 4435 2033 4475 rum
2062 4420 2341 4474 hazreseon
2374 4420 2802 4489 improbitatem,
2835 4436 2899 4474 ex
2928 4418 3296 4489 apostolorum
3326 4419 3489 4474 disci-

1911 4512 2057 4582 plina
2088 4521 2341 4566 accurate
2372 4527 2434 4566 ac
2470 4512 2756 4582 perspicue
2784 4512 2932 4566 brevi
2959 4510 3194 4581 quodam
3230 4516 3314 4565 est
3336 4524 3487 4563 com-

1912 4603 2116 4672 pendio
2155 4605 2443 4673 subjecta;
2483 4605 2560 4658 uti
2596 4619 2660 4658 ea
2704 4620 2763 4658 re
2807 4605 3022 4659 illorum
3067 4610 3385 4657 recreentur
3420 4615 3486 4655 ac

1910 4693 2225 4749 reﬁciantur
2270 4696 2462 4762 animi,
2494 4696 2587 4765 qui
2624 4695 2769 4750 hunc
2820 4696 3098 4750 Inserescon
3154 4708 3485 4765 percurren-

1908 4781 2100 4837 darum
2133 4785 2372 4839 laborem
2405 4785 2768 4854 susceperint.
2806 4782 2979 4837 Porro
3025 4796 3124 4837 vos
3157 4795 3348 4836 omnes
3387 4779 3486 4832 ho-
3556 4794 3575 4801 "

225 4887 508 4933 nestarum
534 4892 717 4939 rerum
756 4876 985 4931 studiosi
1014 4877 1243 4931 lectores
1269 4884 1490 4946 rogatos
1516 4875 1788 4940 volumus,
1820 4883 1880 4931 ut
1916 4886 1971 4933 et
2008 4879 2332 4949 prooemium
2373 4879 2573 4949 ipsum,
2637 4885 2693 4933 et
2751 4877 3151 4947 insequentium
3203 4876 3483 4929 haereseon

226 4972 647 5044 expositionem,
688 4988 753 5027 ac
789 4972 1035 5027 veritatis
1069 4970 1475 5042 professionem
1504 4978 1559 5026 et
1589 4972 1920 5039 doetrinam,
1957 4989 2022 5029 ac
2052 4984 2256 5031 sancta:
2307 4966 2361 5030 et
2427 4976 2712 5030 catholicae
2758 4973 3017 5032 Ecclesia:
3060 4972 3221 5027 ﬁdem
3282 4984 3313 5023 a
3379 4982 3481 5021 no-

224 5064 315 5122 bis
338 5077 653 5134 expressam
686 5076 1007 5133 percurrere
1030 5062 1232 5117 velitis.

302 5197 321 5229 ¹
355 5194 415 5249 F.
455 5195 612 5265 μετά.
687 5198 708 5229 ³
742 5196 805 5252 F.
836 5195 1262 5265 παρακαλεῖσθε.
1354 5195 1375 5226 ³
1406 5212 1497 5264 γρ.
1536 5196 1835 5267 φιλοκάλου

1924 5196 2019 5253 sed
2054 5197 2208 5252 locus
2242 5212 2435 5267 parum
2471 5198 2742 5254 sincerus.

296 5352 374 5422 (4)
400 5350 677 5406 Κιϐώτιον
699 5353 984 5420 ἰατρικόν.
1010 5351 1271 5407 Adhibita
1305 5352 1681 5408 similitudinis
1717 5352 1803 5406 in-

220 5424 472 5486 volnero,
507 5422 752 5484 Panarii,
788 5424 946 5491 cujus
969 5423 1353 5491 compendium
1382 5434 1435 5477 et
1463 5423 1798 5477 breviarium

222 5494 394 5547 veluti
440 5493 711 5561 quoddam
747 5502 832 5547 est
879 5508 1116 5559 prazsens
1153 5493 1667 5562 ἀνακεφαλαίωσις,
1701 5508 1802 5546 ηο-

224 5564 313 5618 bis
360 5564 471 5616 illic
511 5564 686 5629 aperit
736 5563 1088 5630 Epiphanius.
1134 5563 1298 5619 Hisce
1355 5564 1555 5617 similia
1595 5563 1799 5618 vidcsis

225 5633 281 5687 in
318 5648 380 5686 ea
417 5631 658 5703 Epistola
713 5636 779 5685 ad
809 5634 1061 5686 Acacium
1095 5642 1146 5687 et
1185 5632 1413 5686 Paulum
1446 5633 1796 5703 presbyteros,

224 5718 390 5830 gnam
445 5703 682 5757 Panario
735 5703 1063 5772 praemisisse
1122 5703 1483 5773 Epiphanium
1559 5711 1795 5757 constat.

272 5782 498 5830 aaterum
530 5774 598 5829 de
628 5773 981 5830 usurpatione
1031 5774 1185 5830 vocis
1232 5776 1504 5830 haereseos
1554 5774 1610 5830 in
1647 5774 1795 5830 hisce

272 5782 498 5831 aaterum
530 5774 598 5829 de
628 5773 981 5840 usurpatione
1031 5774 1185 5831 vocis
1232 5776 1504 5831 haereseos
1554 5774 1610 5830 in
1647 5774 1800 5831 hisce

1907 5350 2195 5431 Epiplianii
2229 5353 2450 5431 scriptis
2487 5351 2602 5431 ;_de
2627 5350 3242 5431 haeresumhpartitione
3270 5389 3298 5431 ,.
3326 5350 3477 5431 ejus-

1907 5420 2023 5492 que
2066 5425 2248 5487 vitiis;
2284 5420 2437 5477 et‘de
2483 5421 2728 5492 ejusdem
2780 5420 3090 5491 partitionis
3134 5420 3476 5492 discrimine,

1906 5491 2053 5563 quod
2083 5494 2325 5549 occurrit
2357 5494 2498 5546 inter
2525 5491 2821 5563 Panarjum
2846 5530 2871 5563 ,ν
2890 5502 2942 5544 et
2969 5491 3477 5563 Anacephalwosim,

1906 5560 2275 5619 consulendus
2308 5578 2419 5633 prae
2449 5562 2660 5615 caeteris
2696 5560 2947 5633 Petavius
2979 5561 3082 5633 sub
3111 5562 3323 5618 initium
3352 5563 3477 5632 pul-

1906 5630 2324 5689 cherrimarum'
2362 5646 2585 5689 suarum
2647 5632 2714 5685 ad
2782 5630 3079 5685 Panarium
3130 5630 3478 5688 animadver-

1906 5720 2121 5759 διοιιιιιυ
2130 5744 2144 5758 .
