3986 6224
490 278 596 336 835

1886 264 1946 318 S.
1987 258 2330 318 EPIPHANII

3642 251 3745 308 836

570 399 702 464 Quae
746 393 963 455 quidem
1007 391 1188 448 omnia
1234 391 1338 446 hoc
1369 391 1425 446 in
1455 404 1619 460 opere
1674 388 2068 457 comprehensa

2244 382 2353 436 Kal.
2382 377 2586 433 ἐστιτὰ
2615 377 2672 429 ὲν
2701 378 2768 447 τῇ
2793 372 2943 447 πάσῃ
2965 368 3318 464 πραγματεία
3338 367 3427 464 διὰ
3446 366 3555 464 τῷν
3577 383 3748 464 προεεξ

492 494 671 548 tribus
736 494 895 542 libris
952 486 1323 555 explicantur,
1371 483 1549 553 primo
1596 489 1652 537 et
1706 480 1947 535 secundo
2003 492 2068 532 ac

2180 474 2432 547 ρημένων
2461 469 2628 542 τριῶν
2676 467 2924 538 βιϐλίων,
2960 463 3178 536 πρώτου
3226 461 3323 516 καὶ
3364 460 3619 514 δευτέρου
3660 462 3750 512 καὶ

495 582 676 636 tertio.
720 578 882 633 Iidem
916 552 1080 648 porro
1112 577 1235 631 libri
1262 576 1317 630 in
1347 552 1554 645 septem
1589 584 1765 630 tomos
1790 570 2067 628 distributi

2201 568 2392 639 ςρίτου,
2437 566 2594 621 ἅτινα
2644 561 2772 644 τρία
2821 558 3001 629 βιϐλία
3030 559 3110 620 εἰς
3140 555 3280 610 ἑπτὰ
3307 554 3513 648 τόμους
3564 552 3742 607 διείλοο

493 681 644 735 sunt,
673 686 907 742 quorum
936 670 1139 740 singuli
1166 659 1377 743 certum
1406 669 1685 723 liazreseon
1715 680 1779 720 ac
1806 663 2070 720 schisma-

494 774 609 819 tmn
637 778 920 818 numerum
948 763 1231 817 continent
1259 780 1274 816 :
1302 775 1424 830 quae
1451 760 1614 815 simul
1658 758 1885 813 collecta
1930 769 2074 809 Lxxx

494 856 815 911 coniiciunt.
897 853 1138 920 Quorum
1210 852 1599 923 appellationes
1661 849 1747 904 hte
1808 856 1940 903 sunt
2009 840 2089 898 ac'

496 948 754 1019 dogmata
784 966 797 1002 :
834 946 1237 1009 Barbarismns,
1282 943 1650 1016 Scythismus,
1684 940 2072 1000 llellenismus,

496 1036 846 1100 Judaismus,
883 1035 1324 1091 Samaritismus.
1359 1033 1440 1088 Ab
1473 1034 1543 1089 iis
1566 1033 1825 1102 deinceps
1850 1030 2076 1100 reliqua:

501 1136 666 1183 secta:
717 1125 1112 1197 proﬂuxerunt.
1161 1126 1291 1181 Nam
1336 1132 1464 1181 ante
1518 1122 2077 1180 ChristLSalvatoris

501 1220 817 1282 adventum,
850 1235 881 1273 e
911 1219 1146 1273 Barbara
1180 1225 1234 1273 et
1264 1217 1521 1290 Scythica
1552 1233 1615 1273 ac
1645 1217 1833 1273 Graeca
1884 1233 2062 1287 super-

503 1311 727 1365 stitione
758 1325 821 1364 ac
854 1311 1066 1366 caeteris
1111 1310 1162 1363 id
1195 1327 1365 1377 genus
1395 1311 1514 1365 istae
1562 1311 1882 1381 prodierunt
1914 1329 1927 1365 :
1965 1308 2079 1381 Py-
2114 1337 2123 1341 -

505 1399 923 1469 thagorici,sivc
945 1395 1307 1465 Peripatetici,
1328 1391 1794 1458 Platonici,Stoici
1815 1395 2071 1466 etEpicu-

503 1491 604 1545 rei.
644 1489 781 1544 Tum
823 1486 1168 1542 Samaritana
1201 1495 1371 1552 secta,
1395 1482 1519 1556 quae
1538 1501 1602 1540 ex
1645 1485 1872 1541 Judaica
1900 1487 2081 1557 pullu-

2181 675 2281 730 μεν
2307 674 2321 690 ·
2355 660 2411 712 ὲν
2438 657 2495 713 δὲ
2539 654 2755 723 ἑκάστῳ
2787 648 3196 722 τόμῳ,ἀριθμός
3239 665 3324 711 τις
3352 645 3622 717 αἱρέσεων
3666 649 3755 699 καὶ

2180 750 2495 825 σχισμάτων
2549 747 2832 825 ἔγκειται·
2887 741 3022 814 ὁμοῦ
3056 741 3111 796 δὲ
3161 740 3333 795 πᾶσαί
3387 741 3530 793 εἰσιν
3570 739 3757 809 6760+,-

2180 861 2378 901 κοντα·
2416 836 2490 899 ὧν
2513 844 2567 897 αἱ
2597 829 2884 910 ὀνομασίαι
2914 838 3009 892 καὶ
3042 839 3097 890 αί
3131 835 3437 907 προφάσεις
3470 834 3547 904 (5)
3579 829 3755 888 αὗται·

2181 935 2571 1009 Βαρϐαρισμὺς
2598 973 2615 998 ,
2649 930 2974 1002 Σκυθισμὸς,
3009 927 3385 999 Ἐλληνισμὺς,
3410 925 3764 996 Ἰουδαῖσμῂ,

2185 1024 2644 1099 Σαμαρειτισμός.
2687 1024 2782 1077 Ἐκ
2826 1020 3031 1096 τούτων
3082 1021 3139 1073 αἱ
3186 1017 3423 1090 καθεξῆς
3452 1057 3469 1082 ,
3519 1017 3635 1089 πρὸ
3669 1019 3766 1089 μὲν

2182 1118 2282 1188 τῆς
2333 1113 2626 1186 ἐπιδημίας
2654 1111 2891 1184 Χριστοῦ
2917 1153 2931 1175 ,
2982 1110 3089 1164 ἀπὸ
3143 1110 3202 1164 δὲ
3243 1109 3338 1163 τοῦ
3374 1109 3765 1181 Βαρῦαρισμοῦ

2184 1211 2278 1264 καὶ
2323 1207 2421 1278 τῆς
2470 1204 2742 1275 Σκυθικῆς
2778 1202 3199 1275 δεισιδαιμονίας
3248 1204 3342 1256 καὶ
3388 1202 3483 1256 τοῦ
3524 1202 3765 1274 Ἐλληνι-

2187 1300 2325 1370 σμοῦ
2364 1299 2460 1353 καὶ
2516 1298 2624 1350 τῶν
2656 1296 2857 1350 λοιπῶν
2883 1296 3121 1366 φύσασαι
3155 1288 3314 1349 αὗται
3337 1310 3352 1323 ⁸
3382 1295 3768 1367 Πυθαγόρειοι,

2186 1374 2363 1443 εἶτουῦ
2408 1386 2874 1463 Περιπατητικοὶ,
2916 1385 3275 1449 Πλατωνικοὶ,
3308 1387 3563 1448 Στωϊκοὶ,
3615 1386 3769 1440 Ἐσπ-

2186 1464 2441 1552 κούρειοι.
2476 1475 2610 1533 Εἶτα
2656 1480 2693 1549 ἡ
2746 1480 3117 1550 Σαμαρειτικὴ
3166 1475 3301 1533 οὖσα
3344 1481 3564 1549 αἵρεσις
3614 1483 3649 1552 ή
3707 1481 3768 1533 ὲκ

503 1580 675 1647 lavit;
710 1595 774 1636 ea
807 1593 969 1649 porro
999 1586 1232 1649 quatuor
1264 1577 1318 1632 in
1340 1577 1624 1633 .l‘actiones
1657 1578 1810 1642 abiit,
1853 1576 2086 1638 Gorthe-

2201 1573 2279 1627 τοῦ
2319 1572 2654 1644 Ἰουδαϊσμοῦ
2676 1592 2690 1604 ·
2721 1574 2816 1628 καὶ
2851 1573 3054 1644 ταύτης
3084 1574 3327 1646 τέσσαρα
3363 1574 3491 1646 ἔθνη
3516 1616 3532 1636 .
3573 1575 3615 1628 Γ
3615 1592 3770 1646 ορτο-

518 1686 739 1735 norum,
790 1668 1165 1735 Sebuccorum,
1211 1666 1595 1723 Dositheorum
1639 1676 1693 1724 et
1727 1668 2080 1724 Essenorum.

507 1762 771 1832 Sequitur
798 1760 1136 1824 Judaismus,
1187 1760 1279 1829 qui
1328 1761 1605 1829 pr0priam
1661 1760 1728 1815 ab
1773 1760 2085 1816 Abrahamo

510 1854 742 1923 ﬁguram
787 1865 850 1905 ac
903 1862 1084 1905 notam
1136 1851 1370 1921 accepit,
1402 1851 1597 1906 deinde
1632 1865 1727 1921 per
1757 1850 1959 1922 Moysis
2000 1853 2078 1906 le—

506 1961 628 2015 gem
665 1946 976 2010 collatatus,
1011 1945 1078 1999 ab
1105 1943 1246 1999 Juda
1276 1943 1464 1999 Jacobi
1491 1944 1622 2002 lilio.
1662 1945 1754 2014 qui
1789 1945 1954 2000 Israel
1987 1960 2085 2015 ap-

508 2037 744 2107 pellatus
783 2045 886 2102 est,
913 2045 966 2089 ct
985 2051 1079 2105 per
1111 2036 1388 2101 Davidcm,
1416 2038 1596 2106 populi
1619 2038 1776 2092 istius
1796 2054 1862 2092 ex
1896 2036 2086 2092 cadent

510 2128 604 2181 illa
636 2127 779 2181 tribu
810 2142 1007 2198 regem,
1054 2125 1318 2182 Judaismi
1362 2129 1780 2200 appellationem
1829 2128 2087 2183 obtinuit.

513 2217 599 2270 Ab
623 2217 729 2272 hoc
762 2226 965 2288 septem
1002 2217 1085 2272 hac
1115 2218 1434 2287 prodierunt
1463 2219 1714 2281 hareses,
1749 2217 2088 2284 Scribarum,

510 2304 935 2373 Pharisxorum,
974 2307 1423 2376 Sadducaaorum,
1460 2309 2087 2380 Hemorobaptistarum,

512 2396 849 2465 Ossazorum,
874 2399 1311 2469 Nassaraeorum,
1349 2400 1807 2461 Herodianorum.
1906 2406 1911 2411 ‘

588 2580 900 2636 Secundum
955 2581 1053 2637 has
1123 2592 1304 2639 sectas
1366 2585 1720 2639 successione
1781 2591 2090 2654 temporum

2189 1664 2339 1735 θηνοὶ
2375 1666 2414 1731 ³,
2446 1666 2757 1731 Σεδουαῖοι,
2798 1667 3060 1730 Δοσίθεοι,
3099 1667 3365 1737 Ἐσσηνοί.
3396 1664 3530 1721 Εἶτα
3555 1671 3586 1722 ὁ
3614 1669 3772 1733 αὐτὸς

2188 1757 2586 1830 προειρημένος
2626 1758 2955 1829 Ἰουδαῖσμὺς
2994 1759 3102 1812 ἀπὸ
3131 1759 3224 1813 τοῦ
3264 1759 3517 1831 Ἀϐραὰμ
3558 1761 3651 1814 τὸν
3676 1779 3771 1831 χα-

2192 1847 2438 1919 ρακτῆρα
2486 1847 2752 1918 εἰληφὼς,
2803 1848 2899 1902 καὶ
2926 1847 3013 1901 διὰ
3064 1846 3159 1901 τοῦ
3207 1848 3453 1912 δοθέντος
3492 1849 3667 1922 νόμου
3701 1849 3774 1921 τῷ

2189 1942 2395 2010 Μωῦσῇ
2447 1940 2771 2004 πλατυνθεὶς
2797 1981 2814 2006 ,
2873 1942 2967 1996 καὶ
3016 1942 3126 1996 ἀπὸ
3170 1941 3267 1996 τοῦ
3307 1944 3480 1998 Ἰούδα
3525 1944 3626 1999 τοῦ
3659 1947 3775 1998 υἱοῦ

2202 2028 2398 2084 Ἰακὼϐ
2420 2029 2516 2084 τοῦ
2544 2032 2638 2085 καὶ
2679 2032 2894 2105 Ἰσραὴλ
2915 2072 2931 2097 ,
2969 2032 3059 2086 διὰ
3098 2034 3266 2088 Δαϐὶδ
3293 2036 3387 2089 τοῦ
3422 2036 3767 2108 βασιλεύσειν

2189 2140 2283 2186 τος
2311 2122 2491 2176 αὐτῶν
2546 2125 2612 2178 ἐκ
2661 2124 2762 2195 τῆς
2802 2123 2994 2178 τούτου
3035 2125 3211 2196 φυλῆς
3231 2167 3247 2192 ,
3277 2125 3339 2180 τὸ
3370 2127 3665 2199 ἐπώνυμον
3683 2131 3775 2183 τοῦ

2191 2213 2542 2284 ’Ἰουδαϊσμοῦ
2598 2215 2920 2288 κληρωθείς.
2958 2216 3064 2272 Καὶ
3114 2219 3210 2274 ἀπ’
3246 2220 3415 2274 αὐτοῦ
3466 2240 3526 2276 τε
3559 2222 3657 2276 νῦν
3685 2223 3777 2277 τοῦ

2206 2308 2540 2381 Ἰουδαῖσμοῦ
2567 2310 2708 2363 ἑπτὰ
2735 2311 2979 2383 αἱρέσεις
3004 2303 3170 2366 αὗται
3190 2329 3205 2344 ’
3231 2312 3615 2386 Γραμματων
3633 2356 3651 2382 ,
3672 2318 3779 2371 Φα-

2198 2402 2444 2474 ρισαίων,
2475 2401 2867 2468 Σαδδουκαίων,
2902 2390 3445 2477 Ἢμεροϐαπτιστῶν,
3489 2409 3778 2477 Ὀσσαίων,

2195 2492 2559 2564 Νασσαραίων
2571 2533 2589 2557 ,
2631 2493 2997 2565 Ἦρωδιανῶν.

2280 2583 2376 2637 Ἐκ
2405 2581 2611 2637 τούτων
2622 2584 2730 2638 τῶν
2745 2586 3008 2657 αἱρέσεων
3021 2589 3113 2642 καὶ
3137 2590 3431 2661 μετέπειτα
3453 2593 3599 2648 κατὰ
3614 2594 3783 2649 8:566-

514 2670 732 2726 Domini
782 2673 959 2727 nostri
1005 2671 1135 2728 Jesu
1189 2673 1394 2731 Christi
1445 2675 1753 2731 incarnatio
1813 2675 1910 2730 toti
1966 2674 2087 2730 orbi

2201 2672 2301 2744 χὴν
2337 2672 2446 2727 τῶν
2488 2675 2696 2746 χρόνων
2733 2677 2979 2749 ἐπεφάνη
3040 2681 3074 2750 ἡ
3125 2684 3392 2754 σωτήριος
3444 2687 3541 2739 τοῦ
3577 2688 3784 2759 Κυρίου

517 2762 775 2819 salutaris
822 2763 1024 2828 illuxit,
1068 2772 1121 2819 et
1149 2780 1274 2819 cum
1308 2766 1409 2820 hac
1440 2765 1718 2837 Evangelii
1748 2765 2003 2822 doctrina
2039 2774 2094 2821 et

2201 2764 2356 2836 ἡμῶν
2393 2765 2569 2838 Ἰησοῦ
2614 2768 2854 2840 Χριστοῦ
2884 2772 3185 2843 οἰκονομία,
3218 2775 3386 2846 ῆγουν
3434 2778 3469 2847 ή
3521 2778 3786 2851 ἐνσαρκος

517 2856 758 2911 caelestis
804 2857 955 2928 regni
1005 2857 1354 2928 praedicatio;
1387 2860 1481 2931 qui
1520 2859 1741 2927 quidem
1779 2859 1977 2915 unicus
2008 2868 2094 2917 est

2201 2857 2365 2911 αὑτοῦ
2399 2860 2672 2930 παρουσία
2717 2863 2813 2915 καὶ
2870 2863 3202 2938 εὐαγγελικὴ
3235 2867 3553 2924 διδασκαλία
3596 2888 3658 2925 τε
3694 2875 3788 2926 καὶ

518 2945 643 3003 l‘ons
696 2949 889 3004 salutis
934 2958 987 3006 et
1029 2951 1312 3007 catholicae
1364 2950 1785 3022 apostolicaeque
1837 2951 2093 3008 Ecclesiae

2201 2950 2465 3020 κήρυγμα
2493 2949 2800 3021 βασιλείαςσ
2832 2953 2955 3024 ἥτις
2984 2955 3118 3026 μόνη
3148 2957 3269 3011 ἐστὶ
3319 2960 3474 3031 πηγὴ
3510 2965 3786 3035 σωτηρίας

518 3055 644 3094 vera
680 3040 832 3095 lides.
884 3042 928 3093 A
961 3058 1068 3113 qua
1116 3043 1469 3114 insequentes
1520 3058 1712 3099 omnes
1752 3054 1936 3107 sectae,
1977 3060 2099 3115 quae

519 3134 698 3189 solum
729 3134 936 3189 Christi
985 3130 1332 3203 nomen,non
1370 3134 1529 3189 [idem
1562 3135 1877 3204 praeferunt,
1905 3151 2098 3206 ampu-

522 3232 647 3278 talae
669 3233 797 3280 sunt
829 3233 881 3278 et
911 3227 1132 3291 avulsae.
1165 3220 1298 3292 Qute
1329 3234 1481 3289 sunt,
1516 3224 1847 3291 Simoniani,
1885 3225 2103 3282 Menan-

520 3316 720 3379 driani,
757 3315 964 3386 1111
1005 3313 1398 3378 Saturniliani,
1428 3314 1766 3382 Basilidiani,
1800 3315 2099 3382 Nicolaitze,

521 3407 765 3462 Gnostici
823 3407 916 3475 qui
964 3414 1014 3461 cl
1065 3404 1365 3461 Stratiotici
1411 3417 1465 3461 et
1506 3404 1851 3471 Phibionitze,
1882 3407 1950 3463 ab
1980 3407 2102 3463 aliis

523 3513 656 3553 vero
704 3496 969 3553 Coddiani
1027 3498 1374 3568 appellantur
1429 3512 1495 3553 ac
1550 3497 1896 3560 [lor-Loriani,
1957 3500 2101 3569 apud

523 3588 663 3642 alios
688 3586 990 3652 Socratitm,
1015 3588 1158 3658 apud
1184 3587 1449 3658 quosdam
1481 3588 1724 3645 Zacchaai
1752 3609 1765 3646 :
1795 3591 2103 3661 Carpocra-

527 3680 669 3745 litae,
720 3679 1062 3735 Cerinthiani
1138 3680 1231 3749 qui
1283 3686 1341 3734 et
1395 3678 1782 3745 Merinthiani,
1837 3678 2102 3747 Nazareni,

527 3769 793 3834 Ebionaei,
848 3767 1160 3835 Valentini,
1215 3771 1589 3836 Secundiani,
1637 3772 1837 3841 quibus
1892 3771 2107 3828 accedit

526 3861 840 3932 Epiphanes
886 3870 940 3917 et
992 3861 1240 3917 Isidorus
1274 3880 1288 3917 :
1325 3861 1621 3928 Ptolemaei,
1675 3862 1948 3929 Marcosii,
1995 3864 2106 3920 Co-

526 3953 774 4018 lorbasii,
819 3951 1250 4017 l‘lcracleonitaa,
1298 3953 1528 4024 Ophita’,
1572 3955 1792 4020 Caiani,
1836 3955 2103 4020 Sethiani,

525 4045 884 4110 Archoutici,
943 4046 1314 4112 Cerdoniani,
1368 4047 1701 4117 Marciones,
1752 4050 2105 4116 Lucianistae,

525 4140 849 4209 Apelleiani,
903 4139 1206 4205 Severiani,
1253 4140 1497 4206 Tatiani,
1550 4143 1870 4209 Encratitaa,
1927 4144 2107 4216 Phry-

528 4241 698 4301 gasta:
755 4233 847 4302 qui
879 4239 933 4286 et
975 4232 1320 4290 Montanistte
1362 4245 1416 4290 et
1461 4234 1890 4307 Tascodrugita‘,
1926 4235 2109 4307 Pepu-

2200 3041 2296 3094 καὶ
2326 3041 2509 3105 πίστις
2537 3041 2797 3112 ἀληθείας
2832 3044 2932 3115 τῆς
2963 3044 3259 3118 ωθολικῆς
3288 3050 3382 3103 καὶ
3417 3052 3788 3124 ἀποστολικῆς

2214 3132 2557 3204 Ἐκκλησίας.
2614 3135 2710 3187 Ἐκ
2761 3134 2817 3189 δὲ
2847 3135 3053 3208 ταύτης
3091 3139 3568 3213 περιεκλάσθησάν
3608 3163 3671 3199 τε
3697 3150 3789 3217 καὶ

2202 3223 2530 3294 ἐσχίσθησαν
2552 3224 2724 3296 ὄνομα
2760 3226 2920 3296 μόνον
2953 3230 3192 3300 Χριστοῦ
3228 3231 3446 3303 ἔχουσαι
3468 3276 3484 3299 ,
3521 3237 3643 3291 ἀλλ’
3667 3240 3791 3311 οὐχὶ

2201 3315 2301 3386 τὴν
2324 3315 2526 3371 πίστιν.
2561 3317 2684 3370 Εἰσὶ
2713 3317 2773 3371 δὲ
2823 3311 3012 3374 αὗται·
3045 3321 3370 3392 Σιμωνιανοὶ
3394 3365 3409 3387 ,
3444 3327 3790 3402 Μενανδρια-

2204 3409 2305 3471 vol.
2334 3410 2765 3482 Σατορνιλιανοὶ,
2800 3413 3160 3470 Βασιλιδιανοὶ
3180 3454 3195 3483 ι
3239 3419 3286 3470 Ν
3294 3420 3560 3476 inlatrat
3581 3422 3621 3486 ,“
3647 3425 3791 3477 Γνω-

2205 3493 2384 3556 σξικοὶ
2412 3504 2460 3556 οἱ
2501 3503 2596 3558 καὶ
2625 3505 3016 3575 Στρατιωτικοὶ
3042 3547 3058 3571 ,
3103 3508 3155 3560 οἱ
3186 3510 3340 3563 αὐτοὶ
3370 3511 3425 3564 δὲ
3452 3512 3789 3579 Φιόιωνίται,

2205 3593 2359 3665 παρὰ
2404 3593 2464 3647 δέ
2492 3610 2602 3647 τισι
2636 3594 2954 3650 Κουδδιανοὶ
2995 3597 3321 3670 καλούμενοι
3361 3603 3456 3656 καὶ
3494 3604 3787 3678 Βορϐορια-

2204 3684 2321 3748 vol,
2370 3683 2502 3755 παρ’
2533 3683 2713 3746 ἄλλοις
2764 3684 2823 3739 δὲ
2869 3687 3210 3759 Σωκρατῑται
3236 3731 3250 3754 ,
3298 3696 3428 3764 παρ’
3477 3696 3689 3768 ἑτέροις
3735 3699 3790 3752 δὲ

2205 3777 2491 3846 Ζακχαϊοι·
2529 3779 3014 3852 Καρποκρατῖται,
3076 3783 3432 3855 Κηρινθιανοὶ
3464 3790 3513 3842 οί
3544 3789 3641 3843 καὶ
3675 3792 3792 3862 Μη-

2211 3867 2494 3939 ρινθιανοὶ.
2524 3868 2851 3941 Ναζαραίοι,
2900 3872 3226 3943 Ἐὃιωναϊοι,
3276 3878 3655 3945 Οὐαλεντῖνοι,
3688 3884 3788 3937 Σε-

2198 3959 2527 4026 ,κουνδιανοὶ,
2557 3955 2638 4025 οἷς
2672 3964 3033 4019 συνάπτονται
3075 3966 3391 4038 Ἐπιφάνιος
3443 3973 3537 4026 καὶ
3578 3973 3790 4028 Ἰσίδω-

2213 4068 2338 4123 ρος·
2383 4054 2712 4124 Πτολεμαῖοι
2734 4093 2750 4119 ,
2788 4056 3143 4128 Μαρκώσιοι,
3184 4060 3545 4134 Κολορϐάσιοι
3568 4106 3582 4128 ,
3624 4066 3789 4138 Ἦραν

2209 4148 2517 4215 κλεωνῖται,
2563 4150 2795 4220 Ὀφϊται,
2828 4154 3075 4221 Καῖανοὶ,
3109 4156 3381 4229 Σηθιανοὶ,
3434 4162 3790 4235 ἈρχινινιιἹκο).⁷

2211 4241 2597 4313 Κερδωνιανοὶ,
2621 4244 2946 4316 Μαρκίωνες
2970 4286 2986 4310 ,
3020 4249 3426 4319 Λουκιανισταὶ,
3476 4255 3795 4327 ’Δπελληῖα-

530 4322 673 4377 ziani
730 4323 824 4393 qui
872 4331 927 4378 et
968 4321 1299 4380 Priscilliani
1359 4341 1424 4380 ac
1484 4326 1829 4393 Quintiliani.
1894 4327 2094 4394 Quibus

2201 4334 2293 4387 -νοὶ
2312 4373 2328 4397 ,
2353 4315 2997 4405 ΣευηριανοὶςΤατιανοὶ
3017 4378 3032 4401 ,
3075 4315 3424 4411 Ἐγκραττται
3440 4384 3456 4408 ,
3486 4348 3629 4401 κατὰ
3653 4315 3796 4421 φρῡ-

530 4415 864 4482 adjiciuntur
923 4417 1272 4488 Artotyritaa,
1338 4416 1936 4475 Tessarescaadccatitae
2009 4423 2102 4491 qui

532 4504 814 4559 Paschatis
847 4507 1149 4562 celebritati
1183 4523 1346 4564 unam
1397 4510 1696 4579 quomnnis
1742 4510 1886 4567 diem
1931 4512 2106 4582 praeli-

533 4595 725 4660 niunt;
757 4597 934 4666 Alogi,
962 4599 1055 4668 qui
1090 4598 1439 4670 Evangelium
1456 4609 1514 4665 et
1545 4603 1903 4673 Apocalypsin
1931 4604 2107 4660 Joanq

412 4690 425 4695 ’
534 4688 621 4742 nis
650 4688 903 4756 rejiciunt
927 4706 942 4755 ;
973 4689 1283 4753 Adamiani,
1309 4691 1598 4761 Sampsaei,
1623 4694 1715 4763 qui
1744 4704 1797 4748 et
1823 4693 2103 4762 llelcesmi,

534 4777 914 4843 Theodotiani,
948 4779 1447 4857 Melchisedeciani,
1479 4782 1924 4852 Bardesianistaa,
1964 4785 2107 4843 Noe-

532 4866 692 4929 tiani,
735 4864 957 4932 Valesii,
988 4868 1235 4934 Cathari,
1274 4872 1368 4940 qui
1409 4879 1464 4926 et
1496 4870 1807 4940 Novatiani,
1838 4878 2105 4948 Angelici,

531 4953 833 5028 ApostOlici
893 4959 986 5029 qui
1025 4969 1079 5013 et
1125 4960 1467 5030 Apotactici,
1523 4962 1858 5032 Sabelliani,
1916 4968 2110 5040 Orige-

532 5052 691 5104 nistre
737 5048 999 5106 foeditatis
1046 5058 1320 5118 auctores,
1370 5057 1693 5135 Origenista:
1751 5060 1820 5115 ab
1871 5058 2109 5131 Origene

531 5142 626 5213 qui
650 5144 832 5203 etiam,
860 5143 1221 5199 Adamantius
1265 5148 1569 5217 appellatur
1602 5169 1615 5205 :
1650 5149 1803 5206 Pauli
1846 5150 2108 5207 Samosa-

531 5236 726 5302 tensis,
760 5233 1043 5292 Μαιλίοὴωί
1070 5238 1163 5309 qui
1194 5245 1248 5293 et
1274 5238 1573 5305 Acoanitae,
1605 5240 1911 5311 Hieracitae,
1953 5242 2113 5301 Mele-

2209 4441 2312 4493 γας
2345 4425 2367 4456 ⁸
2395 4424 2505 4478 τῶν
2551 4426 2647 4479 καὶ
2696 4428 3086 4484 Μοντανιστῶν
3133 4436 3227 4485 καὶ
3259 4435 3749 4509 Τασκοδρουγιτῶν
3778 4460 3793 4471 -

2212 4517 2573 4583 Πεπουζιανοὶ
2617 4520 2667 4572 oi.
2724 4521 2818 4573 καὶ
2850 4522 3255 4593 Πρισκιλλιανοὶ
3297 4529 3393 4581 καὶ
3428 4529 3794 4595 Κυντιλιανοὶ,

2209 4604 2291 4673 οἷς
2343 4611 2705 4665 συνάπτονται
2750 4613 3148 4687 Ἀρτοτυρίται,
3199 4618 3798 4691 Τεσσαρεσκαιδεκατῖ-

2209 4717 2298 4753 ται
2328 4701 2376 4754 οἱ
2429 4700 2491 4754 τὸ
2515 4702 2710 4773 Πάσχα
2742 4705 2872 4773 μίαν
2920 4707 3134 4779 ἡμέραν
3158 4708 3253 4762 τοῦ
3280 4708 3432 4777 ἔτους
3468 4715 3755 4782 ποιοῦντες
3780 4733 3793 4745 ”

2214 4791 2364 4847 ἄλλοι
2423 4794 2446 4826 ³
2494 4796 2543 4847 oi
2586 4795 2649 4849 τὸ
2707 4796 3038 4867 Εὑαγγέλιον
3100 4802 3194 4855 καὶ
3264 4805 3359 4876 τὴν
3431 4805 3800 4880 ’Δποκάλυψιν

2229 4882 2476 4938 Ἰωάννου
2531 4885 2606 4957 μὴ
2639 4886 2919 4958 δεχόμενοι
2940 4906 2955 4922 ο
3017 4892 3330 4964 Ἀδαμιανοὶ
3349 4938 3362 4957 ,
3421 4899 3695 4970 Σαμψαῖοι
3753 4906 3802 4958 οἱ

2217 4973 2310 5027 καὶ
2341 4975 2704 5046 Ἐρκεσαῖοιδ,
2735 4978 3088 5047 Θεοδοτιανοὶ,
3121 4984 3621 5056 Μελχισεδεκιανοὶ,
3658 4992 3805 5067 Βαρ-

2216 5064 2599 5136 δησιανισταὶ,
2653 5071 2983 5143 Νοητιανοὶ,
3060 5076 3390 5147 Οὑαλήσιοι,
3449 5080 3700 5157 Καθαροί
3748 5064 3803 5139 ei

2216 5156 2312 5211 καὶ
2332 5159 2598 5226 Ναυάτοι,
2646 5162 2978 5230 Ἀγγελικοὶ,
3020 5167 3394 5226 Ἀποστολικοὶ
3421 5175 3469 5227 οἱ
3507 5177 3603 5228 καὶ
3651 5178 3809 5232 Ἀπο-

2216 5249 2500 5318 τακτικοὶ,
2557 5251 2936 5324 Σαϐελλιανοὶ,
2980 5258 3296 5330 Ὠριγὲνειοι
3329 5264 3377 5315 ol
3435 5264 3531 5318 καὶ
3576 5268 3805 5339 αἰσχροο

603 5398 621 5429 ⁸
655 5394 775 5451 Scr.
797 5397 1079 5470 Γορθηνοί.
1151 5400 1173 5431 ²
1198 5397 1327 5471 Leg.
1356 5402 1869 5474 Καταφρυγαστῶν.
1945 5405 1967 5437 ³
1991 5404 2371 5479 Οοτ.Ἀλογοι.
2443 5411 2469 5444 ⁸
2491 5410 2619 5470 Cor.
2638 5414 2963 5473 Ἐλκεσαῖοι.

603 5552 679 5631 (5)
706 5553 1168 5631 Αὶμροερᾴσεις,
1194 5571 1395 5631 causae,
1430 5559 1770 5626 occasiones,
1803 5571 2102 5631 praetextus

533 5619 726 5678 Latine
766 5619 872 5701 dici
894 5619 1129 5701 _dcl_)ent
1162 5629 1353 5701 potius
1382 5646 1553 5701 quam
1579 5619 1849 5701 dogmate.
1900 5619 2105 5691 Confer

533 5702 590 5748 et
631 5708 782 5748 num.
824 5693 860 5747 2
894 5694 1126 5749 laudatae
1155 5693 1277 5751 mox
1320 5697 1377 5752 S.
1400 5693 1695 5770 Epiplian'ii
1746 5701 2003 5774 Epistolw
2031 5707 2100 5761 ad

2208 5568 2463 5648 Acacium
2491 5580 2541 5625 et
2570 5571 2807 5629 Paulum
2830 5618 2845 5643 ,
2872 5592 3062 5648 quam
3100 5578 3389 5648 epistolam
3445 5580 3641 5638 iisdem
3692 5584 3807 5645 fore

2210 5641 2394 5725 verbis
2427 5657 2746 5725 capressam
2775 5641 2839 5702 et
2870 5641 2974 5704 hoc
3014 5649 3070 5704 in
3106 5641 3229 5708 loco
3266 5649 3613 5725 Epiphanius
3653 5641 3800 5714 idem

2212 5711 2373 5767 nobis
2402 5713 2671 5771 exhibuit.
