3986 6224
232 373 346 429 837
578 341 589 349 ’
1556 372 1806 430 ANACEI

1932 375 2221 433 LAEOSIS.
3394 382 3500 440 838

200 526 205 533 .
236 488 413 547 ποιοιὶ,
457 485 773 558 Ὡριγένειοι
826 486 878 539 οἱ
914 485 1008 540 καὶ
1039 485 1133 539 τοῦ
1186 486 1577 557 ’Δδαμαντίου·
1610 489 1774 543 Παύὶι

1925 466 2058 549 tiani
2121 495 2213 562 qui
2256 493 2309 547 ir.
2370 492 2601 563 [Egypto
2651 492 2895 549 schisma
2944 494 3496 552 conlinrunt:Ariaui

233 576 336 630 τοῦ
355 577 768 646 ὣαμωσατέως,
798 578 1088 648 Μανιχαϊοι
1132 579 1181 630 οἱ
1214 577 1310 631 καὶ
1343 578 1688 644 Ἀκωανῖται,
1729 580 1800 636 Ἱυ

1926 592 2018 656 qui
2045 587 2494 652 otAriomanitm,
2537 584 2913 640 Audianorum
2950 595 3120 651 secta,
3161 585 3493 659 Photiniant,

238 666 485 735 ρακῖται,
513 664 832 718 Μελετιανοὶ
864 668 913 719 οἱ
952 669 1073 720 κατ’
1103 667 1373 736 Αἴγυπτον
1415 669 1618 739 σχίσμα
1648 671 1812 733 ὄντες,

1924 681 2285 741 Marcelliani,
2337 678 2687 739 Semiariani,
2743 677 3227 733 Pneumatomachi
3283 679 3376 749 qui
3441 680 3496 733 iu

253 757 527 829 Ἀρειανοὶ
551 758 599 811 οἱ
625 760 720 812 καὶ
754 758 1178 829 Ἀρειομανίται,
1206 760 1485 815 Αύδιανῶν
1509 760 1570 813 τὸ
1596 761 1821 831 σχίσμα,

1942 782 2198 828 sanctum
2239 772 2329 826 Dei
2354 770 2616 841 Spiritum
2652 770 3027 825 contumeliosi
3060 779 3222 836 sunt;
3256 770 3497 832 Aerlanl,

235 849 625 912 Φωτεινιανοὶ,
661 848 1084 919 Μαρκελλιανοὶ,
1128 850 1436 921 Ἠμιάρειοι
1463 890 1477 908 ,
1508 852 1809 920 Πνευματο-

1925 864 2153 921 Αριίιιηὶν
2188 863 2280 933 qui
2321 872 2375 916 et
2413 862 2685 925 Anomoei,
2720 862 2922 931 quibus
2963 861 3282 933 adjungitur
3315 860 3499 917 Euno-

243 941 409 1010 μάχοι
447 940 495 991 οἱ
531 938 594 990 τὸ
619 937 773 1006 ἅγιον
804 937 1028 1007 Πνεῦμα
1061 937 1154 991 τοῦ
1186 939 1320 991 Θεοῦ
1356 938 1817 1009 βλασφημοῦντες·

1926 954 2107 1018 mius;
2157 952 2450 1007 Dimterita:
2502 952 2594 1020 qui
2652 950 2945 1021 perfectam
2992 950 3200 1005 Christi
3248 951 3500 1005 incarna—

254 1029 546 1101 Ἀεριανοὶ,
584 1030 848 1083 Ἀετιανοὶ
880 1030 928 1082 οἱ
959 1030 1054 1084 καὶ
1092 1030 1358 1100 Ἀνόμοιοι
1385 1071 1401 1093 ,
1434 1025 1516 1095 οἷς
1551 1034 1821 1085 συνάπτε-

1933 1040 2137 1095 tionem
2179 1041 2402 1094 minime
2450 1039 2800 1101 conﬁtentur,
2859 1039 2951 1109 qui
2999 1048 3053 1094 et
3097 1039 3500 1110 Apollinarista:

238 1123 631 1192 ταιἈνόμ.οιο.;¹
648 1122 688 1173 ⁸.
720 1123 1025 1190 Διμοιρῖται
1057 1123 1104 1174 οἱ
1131 1122 1206 1193 μὴ
1232 1122 1445 1177 τελείαν
1465 1123 1563 1192 τὴν
1583 1123 1812 1193 Χριστοῦ

1933 1131 2308 1184 nominantur.
2371 1130 2509 1184 Tum
2544 1131 2634 1201 qui
2691 1130 2916 1185 Mariam
2965 1146 3178 1200 semper
3211 1131 3494 1202 virginem,

241 1212 656 1284 ἐνανορώπησιν
694 1212 1081 1282 ὁμολογοῦντες
1106 1254 1120 1273 ,
1160 1214 1210 1265 οἱ
1253 1215 1348 1267 καὶ
1386 1213 1815 1285 Ἀπολιναρῖται·

1931 1229 2221 1291 postquam
2274 1221 2610 1276 Salvatorem
2665 1222 2872 1291 genuit,
2923 1238 3046 1277 cum
3097 1221 3334 1294 Josepho
3366 1239 3499 1278 con-

241 1307 293 1360 οἱ
328 1307 420 1359 καὶ
446 1306 544 1376 τὴν
572 1305 737 1372 ἁγίαν
780 1305 999 1374 Μαρίαν
1030 1304 1127 1375 τὴν
1171 1305 1528 1376 ἀειπάρθενον
1576 1305 1815 1373 λέγοντες

1929 1314 2173 1368 saevisse
2198 1314 2407 1373 dicunt.
2452 1327 2591 1383 quos
2634 1313 3213 1367 Antidicomarianitas
3263 1314 3498 1384 appella-

246 1400 422 1468 μετὰ²
459 1397 550 1449 τὸν
586 1396 815 1466 Σωτῆρα
845 1395 1332 1466 γεγεννηκέναιτῷ
1372 1394 1567 1466 Ἰωσὴφ
1619 1395 1820 1464 συνῆφ-

1923 1420 2064 1459 mus.
2101 1404 2231 1457 ltcm
2259 1405 2349 1472 qui
2379 1400 2438 1457 in
2467 1420 2663 1459 nomen
2697 1405 2940 1473 ejusdem
2973 1403 3156 1457 Marize
3181 1403 3495 1475 collyridem

243 1490 356 1548 θαι,
387 1489 637 1551 οὕστινας
665 1487 1000 1556 ἐκαλέσαμεν
1019 1486 1629 1557 Ἀντιδικομαριανὶτας·
1655 1487 1747 1540 καὶ
1772 1488 1817 1540 οἱ

1926 1495 2178 1557 nll‘erunt,
2221 1503 2275 1548 et
2317 1495 2670 1567 Collyridiani
2716 1503 3000 1550 vocantur.
3056 1494 3390 1557 Massaliani,
3429 1496 3500 1548 ad

242 1582 326 1643 εἱς
346 1580 516 1649 ὄνομα
544 1579 645 1648 τῆς
675 1579 845 1648 αὐτῆς
876 1578 1097 1649 Μαρίας
1116 1578 1213 1648 τῆς
1248 1578 1515 1631 Θεοτόκου
1539 1577 1816 1649 κολλυρίδα

1922 1603 2062 1657 quos
2120 1587 2498 1656 adiunguntur
2560 1586 2922 1658 Martyriani,
2982 1587 3077 1659 qui
3130 1603 3164 1643 e
3209 1587 3494 1659 gentilium

240 1669 682 1741 προσφέροντες,
730 1667 778 1721 οἳ
830 1666 1122 1720 καλοῦνται
1174 1666 1580 1737 Κολλυριδιανοί
1612 1685 1625 1699 ’
1663 1669 1814 1720 Μασ-

1329 1666 1580 1737 δριδιανοί
1612 1685 1625 1699 ’
1663 1669 1819 1720 MM-
1923 1686 2072 1734 secta
2094 1686 2147 1733 et
2174 1678 2507 1749 Euphemita:
2540 1694 2609 1734 ac
2640 1676 2903 1736 Satauici.

245 1756 489 1810 σαλιανοὶ
509 1795 524 1818 ,
553 1752 634 1819 οἷς
674 1756 1035 1809 συνάπτονται
1071 1756 1464 1825 Μαρτυριανοὶ,
1506 1756 1554 1807 οἱ
1580 1756 1688 1808 ἀπὸ
1709 1754 1819 1808 τῶν

254 1850 521 1921 Ἐλλήνων
550 1850 644 1903 καὶ
674 1849 982 1918 Εὑφημῖται
1009 1849 1102 1901 καὶ
1137 1848 1439 1901 Σατιανοί³.
1851 1831 1893 1887 Β

333 1939 601 1994 Ἐπανιὼν
652 1940 709 1992 δὲ
761 1936 936 2004 αὖθις,
982 1940 1076 1992 καὶ
1108 1938 1293 1990 διελὼν
1342 1937 1543 2000 ταύτας
1574 1936 1712 1989 κατὰ
1743 1936 1823 2006 βι-

1990 1951 2147 2006 Nune
2192 1953 2419 2021 repetita
2468 1951 2783 2007 narratione
2819 1961 2872 2007 ct
2910 1953 2965 2006 in
3017 1951 3267 2021 singulos
3324 1951 3496 2007 libros

242 2030 415 2093 ϐλίον,
449 2026 713 2095 ὑποδείξω
743 2029 799 2081 ὲν
831 2028 1003 2099 ταύτῃ
1034 2031 1100 2099 τῇ
1145 2028 1636 2095 ἁνακεταλαιώσει,
1659 2030 1816 2083 πόσαι

1926 2042 2237 2099 distributis
2274 2043 2596 2105 hmresibus,
2643 2043 2748 2097 hoc
2784 2043 2838 2095 in
2869 2042 3020 2097 brevi
3051 2042 3373 2113 compendio
3406 2042 3500 2097 de-

242 2121 454 2176 τούτων
503 2121 610 2173 τῶν
645 2120 975 2192 ὀγδοήκοντα
1022 2120 1287 2190 αἱρέσεων
1316 2122 1373 2172 ὲν
1400 2118 1478 2189 τῷ
1514 2118 1713 2191 πρώτῳ
1743 2119 1816 2189 βι-

1926 2131 2163 2191 clarabo.
2185 2138 2443 2199 quotnam
2468 2146 2534 2184 ex
2557 2131 2664 2185 illis
2708 2147 2848 2184 Lux
2881 2131 3178 2186 haeresihus
3235 2131 3287 2185 in
3316 2135 3500 2201 priore

240 2212 378 2282 ϐλίῳ
432 2212 527 2265 καὶ
564 2210 798 2282 καθεξῆς
848 2212 907 2264 ὲν
938 2210 1015 2281 τῷ
1059 2211 1294 2281 δευτέρῳ
1336 2210 1439 2274 ἕως
1472 2209 1567 2263 τοῦ
1605 2210 1814 2281 τρίτου·

1925 2221 2105 2285 libro,
2131 2229 2265 2290 quot
2292 2220 2346 2273 in
2379 2219 2621 2275 secundo
2646 2232 2711 2274 ac
2741 2219 2902 2275 tertio
2928 2220 3313 2274 contineantur
3337 2237 3354 2288 ;
3385 2229 3496 2275 tum

242 2303 381 2358 ἀλλὰ
413 2303 507 2356 καὶ
535 2303 655 2356 καθ’
680 2302 907 2355 ἕκαστον
935 2301 1041 2355 τῶν
1074 2302 1214 2355 ἑπτὰ
1244 2302 1427 2371 τόμιον
1458 2301 1566 2354 τῶν
1594 2303 1651 2355 ὲν
1678 2302 1816 2373 τρισὶ

1934 2313 1989 2368 ἰη
2011 2311 2238 2381 reliquis
2259 2312 2512 2366 omnibus
2538 2318 2858 2366 caeterorum
2882 2310 3144 2365 librorum
3165 2310 3350 2371 tomis.
3369 2318 3499 2380 quot

246 2394 472 2466 βιϐλίοις
501 2393 969 2463 συντεταγμένων,
1000 2392 1162 2445 πόσαι
1195 2393 1332 2445 εἰσὶν
1358 2394 1414 2444 ἐν
1446 2391 1624 2462 ἑαυτῷ
1654 2392 1676 2423 ⁸
1719 2410 1820 2463 χω-

1932 2403 2230 2472 unicuique
2282 2402 2517 2456 haereses
2554 2401 2830 2454 attributae
2867 2406 3015 2455 sunt.
3064 2398 3270 2453 Harum
3315 2401 3500 2469 itaque

247 2486 519 2560 ρισοεῖσαι
552 2483 815 2555 αἱρέσεις.
869 2484 978 2536 Καὶ
1023 2482 1169 2536 ἔστιν
1217 2482 1409 2546 οὕτως·
1458 2484 1545 2537 Ἑν
1598 2483 1695 2553 μὲν
1744 2481 1821 2553 τῷ

1923 2497 2166 2547 omnium
2212 2494 2383 2548 series
2416 2500 2502 2547 est
2539 2490 2808 2561 ejusmodi
2837 2509 2852 2546 :
2889 2491 2948 2544 In
2980 2490 3157 2560 primo
3184 2489 3323 2544 libro
3364 2490 3495 2543 tomi

244 2576 450 2651 πρώτῳ
494 2574 680 2646 βιϐλίῳ
737 2575 893 2644 τόμοι
936 2576 1104 2643 τρεῖς,
1138 2574 1377 2644 αἱρέσεις
1418 2573 1818 2643 τεσσαράκοντα

1932 2587 2157 2655 1112
2204 2593 2318 2639 tres
2372 2592 2522 2644 sunt,
2556 2583 2791 2637 haereses
2845 2597 2965 2635 nrt
3014 2582 3129 2637 suis
3188 2580 3498 2635 nominibus

243 2672 327 2738 eg,
362 2672 457 2724 σὺν
516 2671 634 2731 ταῖς
676 2666 990 2736 ὀνομασίαις
1043 2667 1268 2729 τούτων,
1314 2666 1456 2735 φημὶ
1500 2666 1557 2720 δὲ
1606 2667 1817 2739 Βαρόα-

1925 2685 2205 2745 conceptae
2294 2690 2310 2727 :
2372 2674 2755 2728 Barbarismus
2833 2671 3085 2726 videlicet
3160 2684 3225 2724 ac
3288 2667 3499 2739 Scythi-

246 2760 465 2832 ρισμδν,
518 2759 613 2812 καὶ
647 2755 972 2825 Σκυθισμὺν,
1006 2756 1100 2807 καὶ
1143 2755 1515 2825 Ἑλληνισμδν,
1550 2759 1646 2809 καὶ
1696 2757 1820 2809 Ἰου-

1926 2780 2102 2833 smus,
2169 2764 2550 2829 llellenismus,
2604 2761 2922 2818 Judaismus
2958 2776 3023 2816 ac
3070 2760 3496 2816 Samaritismus.

244 2851 496 2921 δαῖσμὸν,
531 2849 626 2904 καὶ
657 2846 1116 2918 Σαμαρειτισμόν.
1166 2846 1253 2899 Ἐν
1280 2846 1336 2899 δὲ
1366 2846 1444 2916 τῷ
1476 2846 1714 2917 δευτέρῳ
1747 2846 1818 2917 βι-

1926 2856 1983 2910 In
2032 2856 2276 2911 secundo
2331 2857 2473 2909 linro
2523 2855 2654 2909 tonti
2694 2855 2804 2909 duo
2851 2862 3001 2919 sunt,
3052 2854 3288 2908 haereses
3342 2868 3498 2907 χχιιι.

246 2942 382 3013 ϐλίῳ
429 2941 583 3013 τόμοι
627 2940 740 3006 δύο,
786 2940 1030 3011 αἱρέσεις
1073 2938 1245 2993 εἴκοσι
1291 2942 1462 3011 τρεῖς.
1521 2941 1609 2993 Ἐν
1649 2940 1707 2994 δὲ
1747 2941 1820 3011 τῷ

1928 2948 1988 3002 In
2028 2950 2190 3002 tertio
2234 2948 2374 3001 libro
2423 2947 2553 3000 tomi
2603 2947 2750 3010 duo,
2796 2945 3032 3000 haereses
3074 2961 3153 2999 ιι.
3198 2941 3257 2998 in
3300 2944 3502 3014 prioris

246 3033 418 3105 τρίτῳ
455 3030 643 3103 βιϐλίῳ
682 3030 836 3101 τόμοι
885 3029 998 3093 δύο,
1059 3030 1298 3100 αἱρέσεις
1348 3030 1556 3084 ἕνδεκα.
1622 3030 1710 3084 Ἐν
1747 3032 1820 3102 τῷ

1927 3041 2109 3109 itaque
2158 3039 2280 3093 libri
2331 3046 2477 3092 tomo
2521 3038 2703 3105 primo
2741 3038 2977 3091 haereses
3019 3052 3087 3090 xx
3135 3045 3303 3090 sunt:
3348 3036 3480 3089 Bar-

244 3122 342 3180 οὖν
370 3123 571 3197 πρώτῳ
601 3122 807 3194 βιϐλίῳ,
830 3120 1031 3193 πρώτῳ
1058 3122 1229 3193 τόμῳ,
1245 3123 1483 3195 αἱρέσεις
1510 3120 1578 3184 κ’,
1598 3116 1818 3177 αίείσιν

1930 3132 2224 3193 barismus,
2285 3128 2667 3199 Scythismus,
2717 3128 3088 3191 Graecismus,
3156 3125 3494 3181 Judaismus.

246 3215 397 3269 αἴδεο
448 3211 853 3292 Βαρϐαρισμὸς,
901 3211 1237 3281 Σκυθισμὸς,
1281 3212 1649 3283 Ἑλληνισμός,
1698 3213 1820 3265 Ἰου-

1927 3221 2240 3277 Graecorum
2268 3237 2433 3292 porro
2455 3220 2776 3275 discrimina
2804 3220 2907 3273 ista
2939 3225 3067 3273 sunt
3099 3237 3112 3272 :
3150 3215 3497 3288 Pythagorei.

247 3306 497 3377 δαῖσμός.
542 3288 820 3375 Ἐλλήνων’
850 3303 1123 3373 διαφοραὶ,
1165 3304 1541 3377 Πυθαγόρειοι,
1576 3306 1745 3375 ῆγουν
1776 3306 1821 3358 οἱ

1929 3317 2045 3373 sive
2067 3288 2444 3385 Peripatetici,
2488 3311 2779 3377 Platonici,
2830 3310 3023 3375 Stoici,
3072 3309 3348 3380 Epicurei.
3408 3309 3503 3363 Sa-

248 3395 697 3468 Περιπατητικοὶ,
743 3392 1102 3455 Πλατωνικοὶ,
1138 3394 1386 3457 Στωϊκοὶ,
1437 3394 1822 3465 Ἐπικούρειοι.

1928 3407 2178 3462 maritica
2210 3406 2435 3460 haeresis
2461 3418 2582 3474 quae
2614 3418 2642 3456 a
2666 3401 2952 3457 Judaismo
2988 3400 3228 3455 manavit
3259 3418 3272 3453 :
3304 3398 3498 3454 Sama—

247 3486 619 3559 Σαμαρειτικὴ
667 3486 876 3557 αἵρεσις
924 3487 958 3558 ἡ
1005 3481 1139 3539 οὖσα
1193 3487 1256 3538 ἐκ
1306 3486 1401 3539 τοῦ
1468 3486 1821 3557 Ἰουδαϊσμοῦ.

1930 3499 2093 3553 ritani
2144 3507 2383 3567 quatuor
2435 3495 2489 3549 in
2543 3503 2728 3564 partes
2772 3493 3109 3558 tribuuntur,
3167 3491 3496 3552 Gorthenos,

249 3578 606 3651 Σαμαρειτῶν
658 3576 784 3647 ἔθνη
823 3577 1064 3648 τέσσαρα
1111 3575 1305 3642 οὕτως·
1360 3577 1399 3630 Γ
1400 3578 1606 3648 οραινοὶ
1648 3580 1690 3643 ⁵,
1728 3579 1823 3631 Σε-

1927 3588 2208 3651 Sebumos,
2262 3585 2522 3646 Essenos,
2556 3582 2866 3638 Dositheos.
2902 3580 3213 3637 Iudaeorum
3266 3582 3501 3636 limreses

249 3671 491 3735 ϐουαῖοι,
569 3669 850 3740 Ἐσσηνοὶ,
886 3668 1147 3723 Δοσίθεοι.
1195 3669 1466 3724 Ἰουδαίων
1508 3671 1750 3743 αἱρέσεις
1780 3670 1823 3734 ζ’

1927 3686 2135 3748 septem
2189 3695 2203 3731 :
2255 3674 2480 3734 Scribae,
2535 3672 2817 3733 Pharisaei,
2876 3672 3183 3734 Sadducaai,
3240 3670 3501 3727 Hemere-

247 3761 442 3825 οὕτως’
485 3762 853 3832 Γραμματεῖς,
906 3760 1207 3831 Φαρισαῖοι,
1258 3758 1622 3826 Σαδδουκαῖοι,
1662 3763 1821 3832 Ἦμε-

1928 3767 2193 3853 baptistae,
2226 3763 2419 3825 Osswi,
2467 3762 2726 3825 Nasaraai,
2782 3759 3096 3815 llerodiaui.
3150 3758 3206 3812 In
3256 3760 3500 3815 secundo

253 3852 633 3926 ροϐαπτισταὶ,
694 3851 953 3915 Ὀσσαίοι,
986 3852 1307 3921 Νασαραῖοι,
1352 3852 1688 3923 Ἦρωδιανοί.
1739 3852 1827 3907 Ἐν

1928 3849 2077 3913 tonio
2124 3856 2247 3910 libri
2314 3854 2472 3925 primi
2539 3853 2776 3907 hatreses
2818 3865 2917 3904 xm
2962 3858 3138 3904 sunt:
3175 3849 3499 3913 Simoniani,

249 3946 308 3999 δὲ
339 3944 417 4015 τῷ
462 3944 696 4016 δευτέρῳ
724 3943 875 4013 τόμῳ
919 3941 1014 3996 τοῦ
1066 3940 1283 4012 πρώτου
1320 3942 1525 4013 βιϐλίου
1566 3942 1823 4007 ὡσαύτως

1929 3946 2327 4008 Menandriani,
2376 3945 2757 4009 Saturniliani,
2811 3942 3151 4008 Basilidiani,
3199 3940 3497 4005 Nicolaittr,

248 4037 492 4107 αἱρέσεις
534 4043 599 4106 ιγ’
650 4035 821 4098 οὕτως
841 4051 854 4065 ·
885 4034 1234 4105 Σιμωνιανοὶ,
1268 4034 1689 4106 Μενανδριανοὶ,
1718 4036 1822 4087 Σα-

1928 4039 2172 4097 Gnostici
2203 4038 2296 4107 qui
2331 4044 2385 4092 et
2417 4036 2716 4091 Stratiotici
2756 4048 2821 4089 ac
2865 4032 3208 4091 Phibionitae.
3259 4031 3330 4085 ab
3374 4031 3499 4086 aliis

245 4129 592 4199 τορνιλιανοὶ,
627 4125 1007 4188 Βασιλιδιανοὶ,
1057 4125 1397 4187 Νικολαῖται,
1441 4126 1735 4179 Γνωστικοὶ
1777 4127 1819 4180 οΙ

1928 4147 2060 4187 vero
2105 4129 2459 4191 Secundiani,
2506 4129 2574 4182 ab
2614 4127 2737 4181 aliis
2779 4122 3083 4187 Socratitae,
3119 4123 3190 4176 ab
3224 4121 3346 4177 aliis
3376 4119 3497 4175 Zac-

247 4220 347 4271 καὶ
377 4218 784 4290 Στρατιωτικοὶ,
819 4219 912 4271 καὶ
952 4218 1261 4272 Φιϐιωνῖται
1295 4219 1343 4270 οἱ
1370 4217 1543 4281 αὐτοὶ,
1572 4217 1724 4290 παρὰ
1769 4216 1821 4271 δέ

1929 4223 2065 4277 chaai
2115 4221 2416 4275 dicuntur:
2448 4217 2859 4286 Carpocratitae,
2909 4213 3255 4269 Cerinthiani
3306 4212 3400 4281 qui
3446 4221 3502 4267 et

247 4327 363 4363 τισι
382 4310 773 4375 Σεκουνδιανοὶ,
804 4314 955 4384 παρὰ
980 4312 1037 4366 δὲ
1081 4310 1258 4373 ἄλλοις
1281 4310 1642 4379 Σωκρατῖται,
1677 4309 1821 4380 παρὰ

1932 4310 2302 4376 lierinthiani,
2354 4308 2619 4371 Nazareni,
2666 4306 2928 4372 Ebionazi,
2971 4303 3261 4363 Valentini.
3295 4302 3504 4358 Secun-

248 4401 309 4455 δὲ
357 4401 563 4472 ἑτέροις
608 4404 867 4473 Ζακχαῖοι
922 4401 1274 4473 καλούμενον
1325 4401 1822 4471 Καρποκρατιανοὶ,

1930 4405 2104 4472 diani,
2157 4403 2361 4474 quibus
2423 4401 2693 4463 accedunt
2750 4398 3058 4469 Epiphanes
3111 4403 3165 4451 et
3212 4392 3498 4451 Isidorus:

249 4492 608 4564 Κηρινθιανοὶ
653 4496 703 4548 οἱ
756 4496 849 4549 καὶ
888 4494 1264 4566 Μηρινθιανοὶ,
1302 4492 1823 4563 Ναζαραῖοι,Ἐϐιω‹

1934 4497 2233 4569 Ptolemaei.
2272 4494 2331 4549 ln
2361 4495 2522 4548 tertio
2568 4502 2744 4547 autem
2774 4499 2922 4544 tomo
2953 4488 3150 4560 prioris
3180 4486 3305 4541 libri
3340 4486 3506 4542 haere-

248 4589 425 4651 ναῖοι,
462 4587 799 4642 Ούαλεντῖνοι
819 4627 835 4651 ,
889 4588 1259 4643 Σεκουνδιανοὶ
1278 4626 1293 4651 ,
1344 4580 1420 4649 οἷς
1471 4585 1822 4639 συνάπτονται

1933 4607 2025 4647 ses
2068 4591 2259 4645 itidem
2303 4604 2405 4643 xm
2451 4594 2617 4642 sunt:
2647 4582 2921 4646 Marcosii,
2963 4580 3294 4644 Colorbasii,
3333 4579 3506 4634 Hera-

261 4679 582 4748 Ἐπιφάνιος
630 4680 722 4733 καὶ
768 4680 1070 4751 Ἰσίδωροςο
1119 4678 1463 4749 Πτολεμαῖοι.
1524 4677 1614 4731 Ἐν
1656 4676 1713 4731 δὲ
1749 4675 1829 4747 τῷ

1932 4680 2217 4744 οιεοιιίιιε,
2269 4676 2511 4748 Ophitte,
2564 4673 2776 4735 Caiani,
2835 4668 3102 4736 Sethiani,
3153 4668 3493 4730 Archontici.

245 4769 422 4841 τρίτῳ
448 4770 600 4841 τόμῳ
630 4770 726 4824 τοῦ
760 4770 924 4826 αὑτοῦ
981 4769 1198 4843 πρώτου
1249 4768 1453 4841 βιϐλίου
1486 4768 1728 4839 αἱρέσεις
1760 4774 1819 4837 ιγ⁴

1931 4771 2297 4831 Cerduniani.
2350 4768 2688 4831 Marciones,
2728 4764 3094 4823 Lucianistw,
3144 4760 3500 4832 Appelleiani,

246 4860 459 4925 οὕτως’
514 4861 871 4934 Μαρκώσιοι,
927 4861 1302 4933 Κολορϐἀσιοι,
1355 4859 1820 4930 Ἡρακλεωνῖται,

1935 4862 2241 4928 Severiani,
2268 4860 2505 4915 Tatiani.
2537 4857 2662 4913 "ac
2689 4863 2773 4914 est
2798 4869 3010 4912 summa
3036 4863 3308 4909 tomorum
3337 4851 3502 4906 trium

262 4952 500 5021 ’οφῖται,
544 4953 788 5018 Καῖανοὶ,
823 4954 1095 5024 ΣηΟιανοὶ,
1138 4950 1491 5024 Ἀρχοντικοὶ,
1523 4949 1830 5023 Κερδωνια-

1940 4955 2107 5027 primi
2183 4954 2330 5009 libri.
2372 4951 2622 5021 «Secundi
2671 4964 2805 5006 vero
2835 4948 2958 5003 libri
3013 4946 3143 5002 tomi
3194 4946 3303 5000 duo
3351 4953 3499 5002 sunt.

249 5043 356 5107 νοὶ,
400 5042 746 5113 Μαρκίωνες,
775 5043 1175 5109 Λουκιανισταὶ,
1215 5041 1607 5112 ’Λπελληῖανοὶ,
1655 5041 1823 5111 Σευη-

1931 5046 2093 5116 cujus
2144 5046 2200 5099 in
2242 5045 2424 5114 priore
2476 5054 2623 5097 tumo
2674 5041 2789 5112 (qui
2830 5046 3062 5110 quartus
3108 5043 3214 5103 est,
3244 5034 3290 5090 si
3325 5044 3505 5089 tomos

254 5136 454 5207 ριανοὶ,
484 5136 734 5191 Τατιανοί
756 5153 770 5168 ο
818 5136 956 5206 αὕτη
983 5138 1015 5207 ή
1046 5134 1518 5204 ἀνακεφαλαίωσις
1546 5130 1638 5185 τοῦ
1680 5131 1828 5202 πρώ-

1934 5136 2194 5205 deinceps
2225 5134 2293 5187 ab
2325 5133 2485 5187 initio
2537 5132 2814 5199 numeres)
2867 5129 3104 5183 haareses
3148 5138 3283 5178 xvut
3328 5116 3508 5177 conti-'

249 5244 348 5280 του
380 5226 584 5297 βιϐλίου
617 5227 723 5280 τῶν
763 5228 932 5300 τριῶν
962 5228 1163 5298 τόμων.
1198 5225 1307 5279 Τοῦ
1351 5225 1408 5278 δὲ
1451 5224 1703 5294 δευτέρου
1750 5222 1823 5293 βμ

1928 5234 2135 5283 nentur
2185 5226 2289 5281 hoc
2336 5222 2878 5284 modo:Em-.ratita3,
2931 5216 3301 5286 Cataphryges
3330 5216 3502 5283 quiet

252 5318 409 5373 ϐλίου
438 5320 595 5390 τόμοι
622 5319 734 5375 δύο.
768 5320 881 5375 Καὶ
904 5320 960 5373 ὲν
987 5318 1084 5390 μὲν
1111 5318 1189 5388 τῷ
1217 5316 1420 5390 πρώτῳ
1455 5315 1548 5369 τοῦ
1574 5314 1826 5386 δευτέρου

1934 5318 2275 5375 Montanistze
2332 5331 2398 5371 ac
2445 5314 2890 5383 Tascodrugitae,
2954 5304 3252 5377 Pepuziani
3304 5302 3397 5373 qui
3445 5310 3508 5358 et

253 5410 491 5480 βιϐλίου,
548 5410 792 5482 τετάρτῳ
836 5411 893 5465 δὲ
939 5410 1053 5463 ὄντι
1106 5409 1245 5464 κατὰ
1292 5408 1391 5479 τὴν
1435 5407 1685 5478 ἀπαρχῆς
1734 5405 1827 5459 τοῦ

1930 5409 2268 5477 Quintiliani,
2295 5408 2497 5478 quibus
2531 5406 2905 5476 adjunguntur
2932 5400 3283 5472 Artotyritte;
3307 5397 3500 5453 Tessa-

250 5500 492 5572 ἀριθμοῦ
525 5501 865 5564 ἀκολουθίαν,
905 5500 1143 5574 αἱρέσεις
1190 5499 1259 5571 ιη’
1285 5500 1459 5563 οὕτως
1480 5518 1492 5531 ·
1549 5499 1824 5571 Ἐγκρατῖ-

1930 5499 2352 5557 rescaedecatitaz
2389 5499 2484 5567 qui
2529 5497 2740 5553 Pascha
2791 5496 2846 5550 in
2884 5494 3129 5549 eamdem
3178 5493 3307 5548 anni
3355 5492 3499 5546 diem

250 5611 364 5657 ται,
414 5594 550 5647 κατὰ
595 5594 810 5665 Φρύγας
859 5595 907 5647 οἱ
953 5593 1046 5646 καὶ
1083 5593 1445 5647 Μοντανισταὶ
1485 5591 1580 5645 καὶ
1622 5590 1824 5643 Tanto-

1930 5589 2269 5661 conjiciunt:
2295 5588 2452 5658 Alogi
2477 5587 2569 5657 qui
2598 5595 2652 5642 et
2677 5584 3029 5656 Evangelium
3053 5591 3109 5639 et
3133 5582 3504 5654 Apocalypsin

325 5796 342 5827 ³
376 5792 504 5857 Cor.
534 5794 817 5866 Εὑνόμιος.
894 5796 913 5826 ’
941 5793 1067 5852 Cor.
1100 5791 1242 5867 μετὰ
1268 5791 1349 5849 τό.
1427 5791 1447 5824 ³
1479 5792 1606 5847 Cor.
1644 5790 1899 5845 Σατανιαι

1427 5791 1447 5824 ³
1479 5792 1606 5847 Cor.
1644 5788 1982 5847 Σατανιανοὶ.
2057 5790 2079 5821 ⁴
2113 5788 2239 5846 Cor.
2272 5790 2506 5862 ἑκάστῳ.
2583 5788 2604 5820 ⁵
2630 5784 2692 5841 F.
2721 5783 3000 5857 Γορθηνοί.
