3986 6224
481 315 592 370 839

1885 301 1944 358 S.
1987 299 2328 356 EPII’HANI!

3625 293 3666 346 8
3677 291 3764 344 ιιι

481 422 708 482 Joannis
730 418 1016 488 repudiant
1041 437 1056 474 :
1086 417 1395 482 Adamiani,
1423 415 1688 486 Sampsmi
1719 415 1812 485 qui
1847 425 1900 469 et
1934 413 2059 468 ηει-

2163 417 2472 489 δρουγῖται,
2523 411 2880 476 Πεπουζιανοὶ
2923 410 3016 464 καὶ
3059 403 3433 470 Κυντιλιανοὶ,
3479 399 3564 468 οἷς
3607 421 3758 458 συν-

482 515 677 577 εθεαξὶ,
737 509 1142 575 'I'lteodotiani,
1197 508 1708 570 bleleliisetleciani,
1769 507 2054 562 Bardesia-

483 605 661 666 aisne,
712 601 985 667 Noetiani,
1032 599 1259 664 Valesii,
1305 600 1548 663 Cathari,
1599 597 1864 669 Angeliei,
1915 596 2057 666 Apo-

484 693 668 750 stoliei
720 693 815 763 qui
867 694 1031 748 etiam
1091 691 1422 762 Apolactici,
1484 690 1804 756 Sabelliani,
1859 687 2052 758 Orige-

389 773 396 782 ’
480 785 638 840 nistae
691 783 955 839 foeditatis
1013 794 1266 838 auctores
1298 824 1313 848 ,
1360 781 1682 852 Origenistze
1708 781 1776 836 ab
1815 779 2052 850 Origene

489 877 836 934 Adamantio.
883 875 942 930 ln
985 877 1227 931 secundo
1263 881 1444 930 autent
1477 884 1623 928 tonio
1655 873 1900 942 ejusdem
1932 871 2055 926 libri

483 965 708 1022 secundi
737 965 872 1036 (qui
902 965 1084 1034 priore
1111 966 1201 1018 illa
1230 963 1550 1018 numerandi
1591 963 1802 1017 ratione
1827 963 2052 1031 quintus

482 1059 585 1128 est)
641 1059 876 1112 haereses
903 1057 1146 1126 quinque
1194 1055 1404 1126 1113
1454 1063 1620 1110 sunt:
1655 1054 1808 1108 Pauli
1859 1053 2055 1108 Samo-

483 1150 742 1214 satensis,
807 1148 1090 1202 Manieltaei
1131 1149 1226 1217 qui
1281 1159 1337 1202 et
1385 1148 1686 1210 Aeuanitae,
1737 1145 2049 1212 llieraeitae,

493 1240 768 1296 Melctiani
801 1242 892 1309 qui
929 1241 984 1294 in
1019 1239 1254 1310 Egypto
1276 1240 1515 1294 schisma
1547 1237 1816 1300 fecerunt,
1847 1237 2056 1291 Ariani.

484 1332 662 1401 Atque
730 1332 846 1384 haec
895 1339 980 1386 est
1039 1338 1314 1384 tomorum
1363 1329 1486 1384 libri
1539 1329 1764 1384 secundi
1821 1343 2057 1382 stnnma.

482 1422 750 1478 Similiter
783 1430 837 1480 et
864 1423 918 1477 in
945 1421 1104 1477 tertio
1135 1423 1276 1478 libro
1311 1422 1444 1476 temi
1469 1421 1578 1475 duo
1605 1427 1753 1476 sunt.
1781 1420 1838 1474 lu
1872 1419 2050 1490 primo

485 1523 634 1572 temo
691 1516 836 1571 tertii
893 1515 1020 1572 libri
1075 1519 1256 1584 (sexto
1299 1524 1478 1568 autem
1528 1527 1594 1568 eo
1633 1528 1794 1582 quem
1825 1511 2061 1565 diximus

487 1606 697 1676 ordine)
761 1607 996 1661 haereses
1053 1620 1131 1660 vn
1186 1591 1666 1666 suntzAudiani,
1721 1599 2058 1663 Pltotiniani,

483 1698 845 1762 Marcelliani,
883 1695 1230 1759 Semiariani,
1280 1695 1762 1750 Pneumatomacbi
1805 1693 1898 1764 qui
1949 1691 2066 1762 Spi-

2157 507 2418 562 άπτονται
2457 506 2826 577 Ἀρτοτυρϊται
2847 519 2862 534 ο
2893 499 3552 572 Τεσσαρεσκαιδεκατῐται
3581 498 3634 551 οι
3691 497 3766 554 τὸ

2165 599 2360 668 Πάσχα
2391 595 2518 667 μίαν
2543 595 2754 666 ἡμέραν
2781 593 2874 647 τοῦ
2905 593 3058 657 ἔτους
3083 591 3392 653 ποιοῦντες·
3431 588 3658 655 ’Δλογοι
3703 591 3762 643 οἱ

2156 688 2217 742 τὸ
2265 687 2595 756 Εὑαγγὲλιον
2642 685 2738 740 καὶ
2788 685 2886 756 τὴν
2946 683 3316 754 Ἀποκάλυψιν
3361 682 3610 738 Ἰωάννου
3673 684 3764 754 μὴ

2155 779 2475 851 δεχόμενοι·
2551 777 2900 848 Ἀδαμιανοὶ,
2953 775 3262 848 Σαμψαῖοι,
3339 777 3676 847 Κερκεσαίοι
3713 777 3760 837 ⁸,

2158 871 2516 934 Θεοδοτιανοὶ,
2556 868 3049 939 Μελχισεδεκιανοίι,
3084 869 3560 940 Βαρδησιανισταὶ,
3593 868 3762 938 Nos;-

2157 965 2356 1026 τιανοὶ,
2403 963 2716 1036 Οὐαλήσιοι.
2754 963 3020 1034 Καθαροί,
3079 961 3420 1030 Ἀγγελικοὶ,
3484 960 3762 1013 ’Δποστο-

2159 1056 2300 1108 λικοὶ
2329 1057 2379 1108 οἱ
2420 1057 2516 1110 καὶ
2582 1056 2981 1120 ’Λποτακτῖται,
3023 1054 3386 1119 Σαϐελλιανοὶ,
3425 1054 3760 1125 Ὠριγὲνειοι

2161 1150 2520 1219 αίσχροποιοὶ,
2561 1148 2878 1220 Ὠριγένειοι
2917 1149 2967 1200 oi
3007 1147 3102 1201 τοῦ
3157 1148 3506 1216 ’Λδάμαντος.
3561 1143 3656 1198 Ἐν
3695 1142 3758 1195 δὲ

2159 1240 2238 1311 τῷ
2266 1241 2505 1312 δευτέρῳ
2543 1242 2696 1311 τόμῳ
2722 1241 2818 1294 τοῦ
2849 1241 3288 1312 αὐτοῦνδευτέρου
3323 1239 3548 1310 βιϐλίου,
3599 1237 3756 1306 πέμ-

2163 1351 2283 1404 πτῳ
2317 1333 2374 1387 δὲ
2421 1334 2534 1388 ὖντι
2583 1335 2723 1388 κατὰ
2769 1335 2864 1388 τὸν
2909 1333 3140 1404 ἀριθμὸν
3183 1333 3274 1387 τὸν
3317 1331 3754 1404 προειρημένον,

2163 1425 2402 1498 αἱρέσεις
2435 1423 2474 1478 ε’
2507 1425 2676 1488 οὕτως
2699 1442 2712 1458 ·
2757 1425 2968 1478 Παύλου
3005 1424 3095 1477 τοῦ
3139 1423 3520 1494 Σαμοσατὲως,
3569 1424 3754 1476 Mdv:-

2161 1519 2306 1588 χαῖοι
2333 1519 2382 1571 οί
2416 1517 2508 1571 καὶ
2550 1519 2911 1580 Ἀκουανῖται,
2965 1517 3277 1587 Ἱερακῖται,
3323 1513 3654 1567 Μελετιανοὶ
3697 1513 3752 1564 ei

2163 1607 2222 1658 ὲν
2251 1608 2317 1676 τῇ
2361 1607 2620 1678 Αἰγύπτῳ
2660 1605 3021 1677 πεποιηκότες
3067 1605 3129 1658 τὸ
3176 1605 3403 1674 σχίσμα,
3445 1603 3748 1675 Ἀρειανοίι

2163 1697 2314 1766 Αὕτη
2349 1699 2382 1769 ἡ
2425 1697 2519 1750 τοῦ
2563 1697 2815 1769 δευτέρου
2857 1696 3062 1766 βιϐλίου
3087 1696 3198 1750 τῶν
3239 1696 3420 1766 τόμων
3459 1697 3754 1761 ἀνακεφα-

489 1789 622 1844 ritui
689 1795 882 1844 sancto
949 1786 1348 1842 contumeliose
1407 1786 1742 1848 detrahunt,
1797 1783 2058 1850 Aeriani,

2163 1767 2404 1852 λαίωσις.
2447 1788 2679 1857 Ὁμοίως
2709 1767 2802 1842 καὶ
2829 1789 2887 1842 ὲν
2913 1789 2991 1858 τῷ
3015 1788 3184 1859 τρίτῳ
3226 1786 3414 1857 βιϐλίῳ
3447 1785 3556 1838 εἰσὶ
3582 1785 3750 1854 τόμοι
3775 1823 3780 1826 -

491 1879 712 1936 Aetiani
745 1879 838 1950 qui
865 1887 920 1934 et
944 1876 1218 1942 Anommi,
1255 1877 1475 1956 lioc'est
1514 1875 1834 1942 Dissimiles,
1877 1873 2062 1944 appel-
2095 1937 2107 1944 ν

490 1973 696 2026 lantur.
734 1970 792 2025 ln
823 1969 1066 2026 secundo
1092 1984 1224 2025 vero
1267 1977 1415 2024 temo
1451 1967 1694 2038 ejusdem
1745 1966 1890 2022 tertii
1933 1964 2059 2020 libri

491 2060 750 2130 (septimo
795 2067 976 2114 autem
1022 2075 1088 2116 ex
1140 2059 1409 2114 divisione
1461 2058 1574 2122 illa,
1605 2071 1770 2129 quam
1797 2056 2060 2126 diximus)

487 2149 724 2206 btet-eses
765 2159 1000 2221 quatuor
1041 2159 1216 2206 sunt:
1249 2149 1580 2216 Dimmritre,
1636 2150 1730 2220 qui
1789 2164 1898 2204 non
1941 2163 2063 2219 per-

489 2240 687 2296 fectam
764 2241 971 2296 Christi
1031 2241 1466 2296 incarnationem
1542 2243 1907 2305 conﬁtentur,
1963 2241 2059 2310 qui

485 2333 652 2388 etiam
687 2332 1062 2402 Apollinaritze
1089 2333 1448 2388 nominantur
1479 2349 1492 2386 :
1527 2341 1642 2388 tum
1673 2333 1765 2404 qui
1815 2343 2062 2388 sanctam

485 2417 712 2476 Mariam
760 2437 979 2492 semper
1025 2422 1312 2494 virginem,
1365 2431 1656 2494 postquam
1720 2422 2059 2480 Salvatorem

483 2514 696 2583 genuit,
759 2528 884 2567 eum
940 2511 1182 2584 Josepho
1235 2516 1590 2570 consuevisse
1645 2514 1867 2584 dicunt,
1925 2529 2064 2586 quos

492 2605 1076 2660 Antidicomarianitas
1107 2608 1458 2662 nominamus
1489 2625 1502 2661 :
1529 2613 1584 2660 et
1613 2605 1708 2675 qui
1765 2607 1820 2660 in
1865 2619 2062 2661 nomen

485 2695 734 2764 ejusdem
781 2695 965 2751 Maria:
1005 2697 1298 2769 collytidas
1346 2697 1604 2761 ollerunt,
1653 2699 1746 2766 qui
1801 2705 2066 2752 vocantur

489 2781 908 2856 Collyridiani:
960 2787 1294 2845 Massaliani.
1369 2789 1582 2856 Quibus
1646 2789 1904 2858 adjuncta
1965 2805 2066 2860 po-

491 2883 698 2932 stremo
725 2888 808 2934 est
833 2878 1114 2934 catholica:
1141 2880 1262 2936 lidei
1299 2895 1364 2936 ac
1387 2881 1632 2936 veritatis
1659 2879 2065 2950 compendiaria

484 2967 752 3038 defensio,
810 2971 866 3026 in
919 2988 1026 3042 qua
1087 2983 1278 3030 sancta
1337 2973 1606 3030 catholica
1657 2979 1714 3029 et
1763 2973 2064 3044 apostolica

486 3059 732 3118 Ecclesia
781 3067 1053 3122 consistit.

2162 1879 2287 1932 δύο·
2340 1879 2398 1931 ὲν
2430 1875 2512 1949 τῷ
2556 1879 2655 1950 μὲν
2704 1877 2907 1949 πρώτῳ
2943 1877 3094 1947 τόμῳ
3125 1875 3219 1929 τοῦ
3271 1876 3453 1947 τρίτου
3507 1873 3748 1944 βιϐλίου,

2163 1967 2307 2038 ἕκτῳ
2337 1967 2394 2020 δὲ
2425 1967 2540 2022 ὗντι
2583 1965 2726 2020 κατά
2757 1967 2847 2020 τὸν
2875 1966 3125 2038 ἀριθμὸν,
3169 1965 3228 2020 ὃν
3272 1965 3627 2037 προείπομεν,
3662 1965 3752 2016 at?

2166 2055 2346 2128 ρέσεις
2393 2055 2459 2120 ζ’,
2509 2055 2715 2120 οὕτως’
2767 2055 3040 2122 Αὐδιανοὶ,
3085 2057 3346 2109 Φωτιανοὶ
3393 2058 3438 2120 ²,
3477 2055 3748 2126 Μαρκελ-

2162 2148 2358 2214 λιανοὶ,
2403 2147 2730 2221 Ἡμιάρειοι,
2759 2149 3210 2221 Πνευματομάχοι
3233 2150 3282 2201 οἱ
3306 2149 3366 2202 τὸ
3389 2147 3614 2219 Πνεῦμα
3643 2147 3746 2202 τοῦ

2162 2238 2296 2294 Θεοῦ
2339 2241 2400 2292 τὸ
2436 2239 2592 2309 ἅγιον
2622 2240 3085 2313 βλασφημοῦντες,
3133 2242 3415 2313 Ἀεριανοὶ,
3463 2240 3665 2294 ’Δέτιοι
3695 2243 3746 2292 o':

2161 2335 2259 2389 καὶ
2307 2335 2595 2405 Ἀνόμοιοι.
2643 2336 2732 2388 Ἔν
2777 2335 2836 2388 δὲ
2865 2334 2940 2406 τῷ
2975 2335 3214 2406 δευτέρῳ
3245 2335 3394 2406 τὸμῳ
3433 2335 3528 2388 τοῦ
3573 2335 3746 2388 αὑτοῦ

2161 2429 2350 2500 τρίτου
2379 2426 2607 2498 βιϐλίου,
2641 2425 2852 2497 ἑϐδόμῳ
2883 2425 2941 2479 δὲ
2967 2427 3081 2480 ὖντι
3103 2426 3226 2480 καθ’
3251 2425 3318 2497 ἣν
3343 2425 3570 2497 εἴπομεν
3601 2425 3744 2480 διαί-

2166 2537 2336 2593 ρεσιν,
2367 2519 2606 2592 αἱρέσεις
2651 2518 2914 2590 τέσσαρες
2959 2518 3166 2582 οὓτως-ε
3215 2519 3516 2589 Διμοιραϊοι
3563 2519 3610 2571 οἱ
3666 2517 3746 2588 μὴ

2163 2611 2373 2667 τελείαν
2402 2611 2501 2684 τὴν
2539 2611 2632 2664 τοῦ
2677 2609 2916 2683 Χριστοῦ
2961 2611 3373 2682 ὲνανθρώπησιν
3417 2609 3742 2681 ὁμολογοῦν-

2163 2721 2276 2770 τες,
2308 2706 2356 2758 οἱ
2387 2705 2481 2758 καὶ
2530 2702 2964 2776 Ἀπολιναρῖται·
2995 2704 3044 2757 oi
3083 2704 3175 2756 καὶ
3201 2703 3362 2771 ἁγίαν
3389 2701 3608 2773 Μαρίαν
3637 2701 3746 2774 τὴν

2163 2792 2522 2864 ἀειπάρθενον
2550 2791 2799 2860 λέγοντες
2830 2791 2966 2863 μετὰ
3003 2792 3065 2845 τὸ
3097 2793 3188 2845 τὸν
3223 2793 3449 2861 Σωτῆρα
3479 2787 3744 2860 γεγεννη-

2164 2887 2338 2950 κέναι,
2380 2885 2458 2954 τῷ
2497 2883 2694 2955 Ἰωσὴφ
2743 2881 3031 2955 συνῆφθαι,
3066 2882 3160 2946 οὓς
3187 2883 3524 2951 ἐκαλέσαμεν
3559 2883 3744 2933 Ἀντι-

2163 2974 2610 3046 δικομσριανίτας
2633 2991 2647 3005 ·
2680 2975 2774 3027 καὶ
2799 2973 2850 3025 οί
2879 2975 2957 3036 εἰς
2983 2972 3153 3042 δνομα
3179 2971 3280 3041 τῆς
3317 2972 3488 3042 αὐτῆς
3517 2971 3742 3041 Μαρίας

2165 3065 2482 3136 κολλυρίδας
2517 3066 2936 3139 προσφέροντες,
2965 3063 3158 3125 οἵτινες
3202 3063 3490 3116 καλοῦνται
3534 3061 3742 3115 Κολλυ-

487 3151 712 3223 ριδιανοί
731 3171 746 3186 θ
777 3155 1169 3210 Μασσαλιανοί·
1199 3157 1294 3210 καὶ
1321 3158 1354 3227 ἡ
1383 3157 1633 3228 περὶτῆς
1659 3155 1824 3227 ὀρθῆς
1865 3156 2099 3219 πίστεως
2143 3156 2238 3210 καὶ
2286 3157 2543 3228 ἀληθείας
2588 3155 2850 3222 ἀπολογία
2899 3153 3014 3225 μετ’
3033 3153 3316 3224 ἐπιτομῆς,
3345 3155 3466 3224 ῆτις
3507 3153 3660 3205 ἐστὶν
3707 3155 3738 3215 ἠ

487 3247 618 3316 ἁγία
648 3247 909 3315 καθολικὴ
953 3248 1047 3302 καὶ
1079 3249 1410 3320 ἅποστολικὴ
1448 3247 1764 3319 Ἐκκλησία.

563 3338 842 3407 Ejusmodi
885 3347 971 3394 est
1012 3355 1225 3394 summa
1285 3341 1704 3410 comprehensio
1765 3354 1831 3394 ac
1890 3341 2060 3395 totius

487 3429 670 3498 operis
703 3428 965 3486 adversus
995 3430 1271 3500 octoginta
1317 3431 1553 3485 lnereses
1589 3429 1898 3500 inscriptio,
1933 3444 2058 3484 cum

494 3517 655 3572 unica
696 3532 760 3572 ac
811 3519 1074 3587 singulari
1121 3518 1440 3574 defensione
1487 3519 1767 3584 veritatis,
1819 3519 1923 3572 hoc
1975 3525 2061 3574 est

489 3608 657 3664 unius
679 3607 934 3664 Ecclesia;
950 3619 1112 3680 atque
1133 3611 1430 3665 catholicae.
1449 3609 1601 3676 Quod
1621 3625 1760 3680 opus
1785 3609 2062 3664 distribu-

489 3709 604 3752 tum
631 3698 686 3752 in
707 3707 890 3768 partes
911 3705 1043 3762 tres,
1067 3708 1243 3756 tomos
1263 3709 1466 3770 septem
1485 3699 1883 3769 complectitur.
1905 3699 2061 3788 ane

489 3790 652 3844 aliam
685 3790 944 3860 deinceps
966 3792 1126 3860 primi
1157 3792 1287 3846 tomi
1315 3793 1516 3862 prioris
1546 3793 1668 3846 libri
1691 3807 1962 3847 summam
1997 3807 2062 3848 ac

488 3879 868 3949 compendium
915 3881 1284 3945 instituemus,
1330 3897 1440 3950 quo
1467 3881 1688 3950 quidem
1719 3882 1772 3935 in
1813 3880 1952 3938 libro
1988 3882 2064 3936 vi-

490 3969 623 4038 ginti
651 3970 884 4023 luet-eses
907 3969 1276 4024 continentur.
1303 3967 1363 4024 ln
1395 3971 1584 4040 primis
1613 3970 1758 4024 enim
1781 3969 2059 4026 haereseon

487 4060 731 4115 omnium
771 4070 976 4118 matres
1025 4077 1092 4118 ae
1123 4062 1397 4133 primaria:
1435 4063 1828 4133 appellationes
1866 4077 1897 4116 a
1933 4062 2061 4133 qui-

487 4149 590 4204 bus
619 4159 826 4205 caeterze
864 4150 1238 4216 dimanarunt,
1270 4160 1398 4208 sunt
1423 4153 1692 4220 ejusmodi
1729 4171 1742 4206 :

559 4239 962 4305 Barbarismus,
993 4241 1084 4310 qui
1120 4255 1216 4310 per
1253 4242 1494 4312 seipsum
1527 4244 1597 4298 ab
1629 4242 1838 4298 Adamo
1868 4243 1936 4298 ad
1965 4246 2059 4300 dei-

489 4343 610 4380 cem
647 4333 1026 4398 generationes
1052 4337 1107 4384 et
1157 4331 1344 4386 Noemi
1380 4340 1624 4401 tcmpora
1667 4335 2054 4402 perseveravit.

490 4417 594 4483 Qui
619 4419 998 4475 llarbarismus
1035 4429 1319 4491 propterea
1349 4423 1575 4490 dicitur,
1610 4425 1757 4495 quod
1790 4429 2055 4482 vetustis-

2230 3336 2380 3408 Αὕτη
2409 3338 2443 3407 ἡ
2483 3333 2958 3404 ἀνακεφαλαίωσις
2996 3334 3092 3387 καὶ
3118 3331 3396 3404 ἐπιγραφὴ
3425 3331 3526 3401 τῆς
3555 3331 3738 3400 πάσης

2162 3430 2304 3483 κατά
2345 3429 2454 3482 τῶν
2495 3427 2824 3496 ὀγδοήκοντα
2877 3425 3140 3498 αἱρέσεων
3188 3424 3590 3497 πραγματείας,
3639 3423 3736 3476 καὶ

2165 3523 2296 3592 μιᾶς
2338 3520 2438 3591 τῆς
2485 3521 2627 3591 ὑπὲρ
2677 3517 2934 3588 ἀληθείας
2977 3515 3290 3586 ἀπολογίας,
3335 3516 3580 3568 τουτέστι
3631 3513 3736 3584 τῆς

2164 3613 2332 3684 μόνης
2376 3611 2668 3681 καθολικῆς
2710 3610 3054 3680 Ἐκκλησίας,
3087 3611 3146 3662 ὲν
3179 3609 3326 3680 τρισὶ
3365 3609 3464 3678 μὲν
3509 3606 3734 3676 βιϐλίοις

2161 3701 2496 3770 ὑποκειμένη
2539 3700 3006 3768 συντεταγμένως,
3035 3698 3174 3752 ἑπτὰ
3217 3698 3274 3750 δὲ
3315 3698 3500 3768 τόμοις
3529 3697 3728 3768 διαιρε-

2161 3793 2338 3847 θεῖσα.
2385 3792 2729 3863 Ποιησόμευα
2757 3792 2813 3844 δὲ
2845 3791 3006 3844 πάλιν
3034 3789 3504 3858 ἀνακεφαλαίωσιν
3539 3788 3732 3858 ἑτέραν

2158 3885 2252 3939 τοῦ
2286 3885 2501 3955 πρώτου
2527 3885 2690 3954 τόμου
2724 3884 2817 3937 τοῦ
2853 3883 3067 3954 πρώτου
3105 3883 3308 3954 βιϐλίου
3337 3879 3428 3934 τοῦ
3455 3881 3598 3934 κατά
3623 3880 3730 3932 τῶν

2159 3979 2364 4032 εἴκοσιν
2408 3979 2672 4048 αἱρέσεων
2697 3976 3175 4046 διαλαμϐάνοντος.
3209 3973 3432 4048 Πρῶτον
3483 3973 3584 4044 μὲν
3619 3973 3728 4044 γὰρ

2159 4071 2214 4122 αἱ
2259 4069 2365 4122 τῶν
2399 4043 2660 4138 αἱρέσεων
2715 4043 2904 4120 «atsz
2955 4066 3190 4138 μητέρες
3237 4043 3330 4118 καὶ

2158 4157 2440 4229 ὀνομασίαι
2465 4157 2524 4222 ἐξ
2553 4152 2626 4212 ὧν
2655 4157 2812 4211 ἄλλαι
2839 4158 3066 4228 ἔφυσαν,
3096 4149 3258 4209 αὗταί
3297 4157 3403 4208 είσι
3425 4169 3441 4183 ·

2228 4250 2629 4322 Βαρϐαρισμδς,
2665 4250 2786 4320 ἥτις
2838 4248 2958 4302 καθ’
2993 4250 3192 4318 ἑαυτήν
3239 4249 3355 4300 ἐστι
3387 4247 3726 4317 διαρκέσασα
3783 4255 3794 4272 "

2158 4341 2250 4410 ἀφ’
2301 4340 2522 4410 ἡμερῶν
2565 4339 2662 4393 τοῦ
2731 4341 2923 4410 Ἀδὰμ,
2973 4339 3064 4391 ἐπὶ
3107 4339 3238 4392 δέκα
3281 4341 3496 4406 γενεαῖς
3547 4338 3582 4407 ἥ
3631 4339 3724 4391 τοῦ

2157 4433 2280 4485 Νῶε
2302 4433 2342 4486 ⁸.
2373 4431 2755 4503 Βαρϐαρισμὸς
2807 4433 2864 4485 δὲ
2911 4431 3170 4502 κέκληται
3215 4431 3322 4484 ἀπὸ
3363 4431 3460 4483 τοῦ
3500 4431 3576 4501 μὴ
3600 4433 3722 4492 τοὺς

491 4509 615 4562 simi
645 4509 719 4560 illi
747 4511 1057 4566 mortalium
1087 4527 1262 4582 neque
1277 4521 1488 4568 certum
1506 4515 1744 4584 aliquem
1770 4526 2056 4574 auctorem

2163 4524 2274 4576 τότε
2305 4521 2623 4594 ἀνθρώπους
2649 4522 2891 4592 ἀρχηγόν
2939 4539 3064 4576 τινα
3099 4523 3241 4592 ἔχειν
3271 4521 3303 4591 ἢ
3345 4521 3476 4592 μίαν
3503 4537 3724 4591 συμφω-

489 4596 786 4662 habebant,
835 4615 934 4654 nec
982 4601 1121 4656 inter
1173 4617 1232 4656 se
1271 4604 1722 4672 consentiebant;
1750 4608 1843 4662 sed
1881 4625 2054 4663 unus-

2155 4615 2306 4668 νίαν·
2344 4614 2459 4668 ἀλλ’
2500 4615 2580 4668 ὅτι
2629 4617 2736 4677 πᾶς
2780 4631 2864 4678 τις
2897 4613 3072 4683 ἑαυτῷ
3112 4615 3361 4683 ἑστοίχει,
3415 4614 3510 4666 καὶ
3563 4613 3722 4682 νόμος

487 4688 724 4757 quisque
752 4703 850 4757 pro
880 4705 982 4744 sua
1013 4691 1290 4747 voluntate
1319 4694 1480 4747 vitam
1507 4695 1844 4760 instituebat,
1867 4711 1932 4751 ac
1955 4715 2052 4768 pro

2163 4703 2330 4774 ἑαυτῷ
2373 4705 2516 4758 κατὰ
2547 4705 2648 4776 τὴν
2691 4705 3018 4774 προτίμησιν
3068 4703 3162 4756 τοῦ
3213 4704 3342 4757 ἰδίου
3387 4703 3722 4775 βουλήματος

489 4777 607 4847 lege
653 4795 814 4832 suum
880 4781 1114 4850 quisque
1159 4789 1351 4834 nutum
1411 4791 1576 4852 atque
1619 4785 1903 4840 arbitrium
1951 4789 2058 4844 sibi

487 4869 846 4944 proponebat.

561 4959 905 5031 Scythismus
939 4976 970 5014 a
997 4959 1189 5016 Noemi
1225 4965 1564 5034 temporibus
1592 4964 1661 5020 ad
1687 4982 1861 5037 usque
1887 4970 2056 5026 turris

486 5059 542 5106 et
565 5049 857 5122 Babylonis
891 5051 1400 5118 cxmdilieationem,
1432 5070 1495 5110 ac
1524 5063 1648 5126 post
1681 5059 1876 5111 turrim
1917 5074 2054 5128 pau-

2155 4792 2384 4861 ἐγίνετο.

2222 4966 2524 5038 Σκυθισμὺς
2569 4969 2677 5020 ἀπδ
2704 4968 2813 5022 τῶν
2845 4969 3069 5040 ἡμερῶν
3117 4969 3239 5023 Νῶε
3289 4969 3389 5040 (6),
3449 4973 3544 5032 καὶ
3589 4987 3710 5040 μετ-

2152 5057 2340 5112 έπειτα
2380 5059 2506 5129 ἄχρι
2534 5061 2633 5129 τῆς
2667 5059 2760 5112 τοῦ
2785 5059 2996 5132 πύργου
3032 5061 3318 5132 οἰκοδομῆς
3347 5063 3442 5115 καὶ
3473 5063 3718 5116 Βαϐυλῶ-

486 5141 568 5194 cis
600 5141 776 5194 adhuc
815 5141 975 5195 annis
1009 5143 1268 5206 obtinuit,
1301 5144 1404 5198 hoc
1433 5153 1516 5200 est
1545 5161 1720 5215 usque
1745 5146 1812 5200 ad
1851 5145 2048 5202 Pbalec

2163 5167 2262 5216 νος,
2317 5153 2410 5204 καὶ
2454 5151 2592 5221 μετὰ
2621 5153 2712 5204 τὸν
2749 5152 2843 5205 τοῦ
2895 5153 3104 5226 πύργου
3148 5155 3337 5226 χρόνον
3385 5156 3478 5206 ἐπὶ
3519 5153 3716 5221 ὀλίγοις

489 5229 704 5302 1115l
737 5239 793 5284 et
823 5231 1044 5304 Rhagau
1073 5271 1088 5295 ,
1122 5233 1215 5304 qui
1261 5235 1328 5288 ad
1365 5233 1635 5305 Europam
1679 5244 2048 5300 transeuntes,

2156 5238 2320 5304 ἔτεσι,
2349 5241 2629 5292 τουτέστιν
2671 5241 2774 5305 ἕως
2801 5241 2978 5296 Φαλὲκ
3015 5245 3110 5298 καὶ
3153 5243 3377 5312 Ῥαγὰϐ,
3409 5245 3604 5309 οττινες
3627 5245 3720 5298 ἐπὶ

581 5385 598 5417 ¹
627 5385 754 5440 Cor.
793 5388 1091 5445 Ἐλκεσαῖυι
1163 5391 1184 5422 ¹
1213 5389 1335 5445 Cor.
1368 5391 1731 5447 Φωτεινιανοί.
1806 5390 1826 5421 ³
1860 5388 1920 5444 F.
1961 5390 2059 5464 μέχ

2163 5391 2244 5446 τοῦ
2277 5391 2398 5446 Νῶε
2407 5433 2430 5447 ..

553 5537 1000 5628 (φη-ξπενᾳμσμγὸς
1030 5543 1154 5628 αιπρ
1185 5543 1304 5597 τῶν
1329 5543 1565 5628 ἡμερῶν
1589 5543 1732 5628 iras.
1781 5544 1928 5628 οτάᾳ
1958 5546 2046 5601 hic

2163 5548 2284 5628 tavii
2312 5551 2379 5605 de
2412 5551 2733 5628 ordineillo
2763 5569 2826 5608 ac
2844 5557 3238 5628 progressione
3257 5557 3540 5626 judicium,
3571 5556 3711 5628 quod

491 5615 538 5658 el
567 5617 848 5682 sectarum
877 5614 1188 5680 progressio
1213 5655 1227 5676 ,
1269 5631 1376 5682 non
1428 5618 1529 5666 ltoe
1568 5617 1742 5670 solum
1790 5617 1844 5670 in
1904 5618 2046 5682 lere,

383 5744 385 5746 _
489 5675 580 5731 sed
601 5684 650 5730 et
671 5678 820 5743 alibi,
841 5675 892 5732 in
913 5675 1049 5734 libro
1073 5675 1247 5748 primo
1267 5680 1822 5753 I’anm‘iipra-sertim.
1841 5685 1926 5742 Cf.
1945 5675 2044 5744 Pe;

2153 5621 2384 5688 legimus
2420 5624 2562 5677 inter
2593 5624 2740 5678 illius
2767 5621 3271 5684 animadversiones
3293 5629 3346 5682 in
3376 5621 3537 5684 num.
3561 5621 3616 5686 δ’.
3649 5629 3710 5682 ad

2152 5687 2477 5748 ΡιίιυΙυιίίιιω
2514 5695 2680 5749 totius
2707 5694 2911 5763 Oper-i3.
