3986 6224
316 272 413 325 εΗ
1613 257 2272 318 ΑΝΑΕΕΡΙΙΑΕΑΞΟὓΙΞ.
3463 259 3493 312 ὃ
3506 258 3568 314 ﬂ

313 387 379 439 τὸ
405 385 502 454 τῆς
535 382 799 454 Εὐρώπης
847 383 1012 452 κλίμα
1059 383 1414 443 άνανευκότες
1446 383 1484 446 ¹,
1515 380 1593 451 τῷ
1624 381 1719 451 τῆς
1762 380 1887 432 Σκυ·

2003 378 2055 430 ίιι
2091 375 2368 447 Srytliiam
2400 390 2463 430 ac
2508 376 2761 430 nationes
2802 374 3071 444 ejusmodi
3117 381 3466 444 penetrarunt
3499 378 3568 430 ab

317 477 441 539 Θίας
482 478 636 547 μέρει
674 477 769 528 καὶ
814 479 928 533 τοῖς
978 475 1157 528 αὐτῶν
1213 467 1388 528 ἔθνεσι
1435 473 1888 544 προσεκλίθησαν,

2002 468 2182 522 'I‘hare
2211 468 2553 538 temporibus
2581 477 2634 522 et
2659 470 2804 522 ultra
2833 487 2845 522 :
2878 483 2909 522 a
2942 484 3051 538 quo
3078 467 3318 525 Thraces
3349 469 3567 526 oriundi

313 567 427 620 ἀπὸ
462 569 560 637 τῆς
601 566 697 618 τοῦ
730 565 920 636 Θάῥρα
946 564 1161 636 ἡλικίας
1193 564 1288 618 καὶ
1322 563 1599 623 ἐπέκεινα,
1629 562 1690 626 ὲξ
1723 556 1892 633 οὗπερ
1995 572 2142 616 sunt.

313 663 366 714 οἱ
393 661 604 730 Θρᾷκες
630 658 934 726 γεγόνασιν.

402 768 750 841 Ἑλληνισμὸς
783 763 889 840 πρὸ
932 769 990 835 ἓξ
1033 769 1240 841 χρόνων
1277 769 1298 800 ⁸
1331 767 1426 822 τοῦ
1474 769 1679 839 Σεροὺχ
1723 763 1893 836 ἀρξά-

2071 755 2442 813 llelleuismus
2487 769 2652 830 euqut
2687 777 2717 814 a
2755 763 2986 817 Seruchi
3027 766 3381 833 temporibus.
3415 766 3565 820 Ilmle

321 880 501 928 μενος,
533 861 620 914 διά
652 861 713 914 τὸ
743 861 842 930 τῆς
870 860 1332 932 είδωλολατρείας,
1365 859 1459 912 καὶ
1503 859 1579 922 ὡς
1623 858 1895 929 ὲστοίχουν

2002 849 2274 905 idolorum
2340 852 2522 907 cultus
2585 853 2802 907 initium
2854 854 3063 908 habuit.
3120 855 3367 926 Cumque
3437 865 3576 920 tunc,

317 961 381 1006 το
411 952 708 1024 τηνικαῦτα
754 951 984 1016 ἕκαστος
1025 952 1168 1005 κατά
1199 969 1322 1005 τινα
1358 949 1773 1020 δεισιδαιμονίαν
1803 950 1898 1002 ἐπὶ
2001 943 2262 1010 ιιιιιιροιὴ
2323 942 2460 997 falsa
2528 945 2758 1014 quiSque
2816 946 3207 1015 superstitione
3259 950 3570 1014 duceretur,

317 1046 380 1098 τὸ
415 1044 615 1116 μᾶλλον
647 1043 1086 1116 πολιτικώτερον,
1124 1045 1219 1096 καὶ
1262 1044 1356 1096 ἐπὶ
1392 1041 1487 1112 ἔθη
1526 1042 1620 1095 καὶ
1664 1043 1891 1112 θεσμοὺς

2000 1033 2260 1104 deinceps
2305 1035 2610 1090 civiliorem
2665 1038 2730 1091 ad
2770 1045 2925 1091 uSum
2968 1047 3022 1092 et
3072 1039 3138 1092 ad
3187 1047 3366 1096 certas
3424 1041 3572 1110 leges

319 1133 573 1199 εἰδώλων,
624 1133 807 1204 μέντοι
845 1150 908 1201 γε
959 1133 1299 1204 ὲναρξάμενα
1350 1132 1637 1186 τάττεσθαι
1681 1133 1748 1186 τά
1791 1133 1893 1187 τῶν

2002 1123 2538 1194 simulacrorumque
2584 1126 2722 1181 ritus
2771 1127 3022 1182 homines
3086 1128 3210 1182 sese
3268 1131 3571 1184 transtule-

319 1222 621 1293 ἀνθρώπων
649 1222 803 1291 γένη,
831 1217 912 1286 οἷς
939 1224 1060 1274 τότε
1093 1223 1475 1292 στοιχήσαντες
1504 1223 1893 1289 ὲοεοποιοῦντο,

2001 1221 2150 1265 runt.
2187 1214 2430 1278 Quorum
2477 1231 2541 1269 ex
2599 1217 2918 1285 praescripto
2949 1218 3052 1271 sibi
3107 1219 3240 1273 deos
3279 1219 3571 1274 tinxerunt.

319 1315 409 1368 διὰ
461 1314 559 1385 μὲν
612 1316 920 1386 χρωμάτων
968 1315 1359 1385 διαγράφοντες
1403 1319 1504 1388 τὴν
1561 1317 1756 1388 ἀρχὴν,
1805 1317 1893 1370 καὶ

2001 1301 2078 1355 A‘c
2107 1303 2341 1369 primum
2392 1319 2486 1359 eos
2517 1319 2655 1374 quos
2705 1305 2758 1358 iu
2807 1308 3011 1360 honore
3039 1308 3314 1375 quondam
3351 1308 3573 1362 habuis-

321 1406 755 1470 ἁπεικονίςοντες
775 1406 901 1468 τοὺς
928 1404 1094 1458 πάλαι
1119 1411 1249 1478 παρ’
1279 1407 1461 1470 αὐτοῖς
1482 1405 1895 1477 τετιμημένους,

2005 1401 2144 1456 seut,
2178 1395 2295 1448 sive
2335 1403 2596 1465 tyrannos
2627 1403 2720 1449 aut
2754 1398 3205 1467 praestigiator-es,
3234 1400 3326 1468 qui
3363 1414 3575 1454 memet-

321 1498 356 1567 ῆ
413 1497 708 1568 τυράννους
757 1496 788 1567 ἢ
837 1497 1058 1564 γόητας,
1113 1498 1168 1550 τὶ
1217 1497 1522 1568 δράσαντας
1565 1500 1624 1552 ὲν
1675 1497 1752 1568 τῷ
1802 1497 1895 1568 βίῳ

2004 1482 2172 1537 rabile
2201 1484 2460 1553 quiddam
2509 1486 2561 1538 in
2607 1486 2714 1539 vita
2747 1485 3010 1556 fecerant,
3056 1504 3121 1543 ac
3151 1487 3490 1544 fortitudinis
3522 1498 3576 1545 et

311 1588 546 1658 μνήμης
587 1586 759 1652 ἄξιον,
818 1587 885 1641 δι’
922 1587 1094 1657 ἀλκῆς
1113 1605 1173 1641 τε
1202 1589 1235 1658 ἢ
1266 1591 1534 1661 σωμάτων
1582 1587 1885 1660 εὐρωστίαςη

2007 1577 2224 1632 roboris
2272 1577 2485 1632 illuSIre
2513 1579 2786 1647 specimen
2817 1581 3122 1651 ediderant,
3155 1582 3446 1654 depingere
3475 1595 3574 1638 coi-

326 1680 558 1732 Ἔπειτα
609 1677 667 1731 δὲ
722 1677 828 1731 άπὸ
880 1678 989 1732 τῶν
1045 1679 1252 1750 χρόνων
1301 1682 1395 1735 τοῦ
1451 1680 1640 1751 Θάρρα
1696 1679 1900 1747 πατρὸς

2007 1669 2217 1724 loribus
2269 1679 2324 1724 et
2374 1671 2685 1726 assimilare
2738 1674 3006 1729 solebant.
3066 1674 3438 1748 Postca_vem
3504 1677 3578 1732 ab

335 1765 586 1836 Ἀϐραὰμ
613 1764 709 1817 καὶ
731 1764 797 1817 δι’
831 1764 1162 1834 ἀγαλμάτων
1201 1765 1381 1820 αὐτῶν
1426 1767 1526 1836 τὴν
1573 1765 1780 1835 πλάνην
1825 1766 1900 1816 εἰ-

2003 1759 2184 1816 Thare
2245 1763 2421 1832 patris
2482 1764 2778 1818 Abrahami
2841 1775 3086 1836 tempore
3139 1769 3450 1825 simulacris
3511 1784 3576 1824 ac

321 1855 712 1925 δωλολατρείας
762 1857 1206 1926 εἰσηγησάμενοι,
1267 1858 1391 1923 τοὺς
1437 1857 1645 1912 ἑαυτῶν
1693 1857 1895 1928 προπά-

2005 1853 2212 1908 statuis
2245 1854 2498 1910 eumdem
2530 1869 2772 1910 errorem
2823 1856 3142 1914 idololatria:
3183 1871 3573 1930 propagaruut.

322 1964 488 2017 -τορας
526 1947 593 2000 δι’
630 1947 1036 2018 ἁπεικονισμῶν
1062 1951 1438 2018 τετιμηκότες,
1471 1950 1564 2002 καὶ
1591 1949 1696 2020 πρὸ
1724 1949 1896 2003 αὐτῶν

2002 1942 2218 2013 Quippe
2261 1945 2500 2013 majores
2549 1961 2680 2000 suos
2736 1947 3050 2003 simulacris
3095 1950 3473 2017 lidiicStaiites,
3511 1968 3575 2008 ae

324 2038 778 2109 τετελευτηκότας
823 2039 1221 2110 τεχνησάμενοι
1273 2043 1337 2094 ἐκ
1394 2042 1732 2112 κεραμικῆς
1785 2041 1898 2092 ὲπι-

2009 2046 2257 2090 mortuos
2308 2035 2544 2106 primum
2598 2053 2664 2090 ex
2715 2047 2832 2092 arte
2885 2039 3066 2105 iiglina
3115 2043 3312 2096 statuis
3363 2042 3578 2098 cilium-

326 2130 538 2199 στήμης
581 2130 642 2182 τὸ
694 2129 932 2200 πρῶτον,
981 2129 1171 2183 ἔπειτα
1202 2130 1268 2182 δι’
1320 2131 1556 2200 ἑκάστης
1583 2129 1777 2200 τέχνης
1817 2147 1900 2198 μι-

2006 2135 2160 2192 runt;
2199 2135 2313 2182 tum
2348 2128 2414 2182 ad
2443 2143 2635 2184 omnes
2669 2138 2814 2184 artes
2843 2132 3088 2186 imitandi
3123 2136 3366 2203 pervenit
3419 2138 3579 2191 indua-

329 2219 654 2290 μησάμενοι,
688 2218 960 2290 οἰκοδόμοι
1011 2220 1112 2290 μὲν
1157 2219 1303 2273 λίθον
1339 2219 1617 2285 ξύσαντες,
1664 2220 1902 2289 ἀργυρο-

2006 2221 2143 2274 stria
2170 2237 2182 2273 :
2215 2235 2340 2273 nam
2369 2227 2423 2274 et
2449 2221 2733 2275 architecti
2766 2224 2934 2276 sectis
2958 2225 3250 2293 lapidibus.
3280 2229 3578 2295 argentarii

326 2311 486 2364 κόποι
531 2311 586 2364 δὲ
625 2311 717 2364 καὶ
761 2310 1047 2381 χρυσοχόοι
1079 2311 1167 2364 διά
1217 2313 1317 2383 τῆς
1369 2311 1502 2374 ἰδίας
1542 2311 1673 2382 ὕλης
1707 2328 1900 2381 τεκτη-

2007 2320 2059 2364 et
2089 2312 2343 2364 aui-ilices
2375 2324 2588 2366 necnon
2613 2319 2665 2364 et
2698 2311 2838 2365 l'ahri
2868 2326 2965 2364 sua
3001 2307 3576 2378 quisquemateria,ae

325 2402 567 2472 νάμενοι,
586 2400 727 2454 οὕτω
752 2403 844 2454 καὶ
872 2403 1118 2465 τέκτονες
1150 2403 1238 2454 καὶ
1268 2404 1317 2454 oi
1347 2402 1597 2473 καθεξῆς.
1617 2402 1899 2470 Αἰγύπτιοι

2005 2402 2199 2471 reliqui
2229 2401 2486 2472 deinceps
2515 2402 2717 2473 elllgies
2744 2404 2915 2456 moliti
2952 2412 3082 2458 sunt
3125 2402 3294 2456 Primi
3322 2400 3569 2456 omnium

325 2493 383 2546 δὲ
425 2493 521 2546 καὶ
558 2491 909 2557 Βαϐυλώνιοι,
969 2493 1104 2563 ὁμοῦ
1152 2493 1245 2546 καὶ
1293 2493 1503 2564 Φρύγες
1535 2495 1627 2548 καὶ
1658 2493 1899 2558 Φοίνικες

2006 2495 2247 2565 A‘ngptii
2297 2511 2362 2550 ac
2409 2495 2711 2567 Babylonii,
2743 2511 2955 2550 necnon
2987 2505 3038 2550 ct
3066 2498 3308 2567 Phryges
3329 2512 3391 2552 ac
3414 2496 3577 2551 Ρίιωδ

325 2583 532 2653 ταύτης
561 2584 657 2652 τῆς
680 2583 974 2654 θρησκείας
1011 2584 1215 2655 πρῶτοι
1261 2585 1547 2656 εἰσηγηταὶ⁵
1590 2585 1899 2653 γεγόνασιν,

2006 2588 2156 2642 uices
2206 2589 2572 2658 superstitio$i
2604 2593 2784 2644 cultus
2815 2595 2869 2645 et
2899 2590 3317 2645 simulacrorum
3352 2605 3416 2645 ae
3461 2606 3579 2661 mya-

327 2675 796 2745 ἁγαλματοποιῖας
867 2693 926 2728 τε
977 2677 1070 2728 καὶ
1131 2677 1440 2746 μυντηρίων
1473 2677 1515 2742 ³,
1572 2677 1664 2744 ἀφ’
1711 2669 1786 2730 ὧν
1834 2675 1901 2730 τά

2006 2680 2296 2734 steriorum
2332 2689 2591 2736 auctores
2623 2682 2974 2736 exstiterunt.
3004 2682 3048 2734 Α
3079 2681 3281 2749 quibus
3313 2681 3575 2752 pleraque

329 2767 554 2820 πλεῖστα
579 2767 658 2829 είς
683 2765 951 2835 ’Έλληνας
993 2766 1318 2837 μετηνέχθη,
1351 2767 1458 2819 ἀπὺ
1489 2767 1586 2837 τῆς
1617 2767 1903 2839 Κέκροπος

2009 2783 2138 2829 sunt
2162 2775 2228 2829 ad
2263 2775 2485 2831 Graecos
2528 2775 2791 2829 translata
2819 2789 2832 2826 :
2857 2775 2971 2844 jam
3019 2782 3135 2828 tum
3186 2774 3254 2826 ab
3286 2781 3446 2827 artate
3481 2773 3582 2827 (Σοί

329 2858 548 2928 ἡλικίας
571 2873 632 2909 τε
663 2857 757 2911 καὶ
789 2857 996 2928 χρόνων
1045 2858 1139 2910 καὶ
1187 2857 1440 2929 καθεξῆς.
1488 2857 1800 2912 Μετέπειτα
1847 2859 1903 2912 δὲ

2014 2865 2200 2934 cropis
2229 2873 2282 2920 et
2311 2865 2589 2940 deinceps.
2630 2864 2828 2921 Postea
2861 2873 2991 2922 Vero
3025 2865 3188 2934 longo
3238 2865 3457 2919 demum
3499 2865 3583 2918 ini-

328 2947 426 3001 καὶ
454 2945 663 3016 ὑστέρῳ
693 2946 826 3000 πολὺ
859 2948 986 3010 τοὺς
1027 2947 1156 3017 περὶ
1189 2947 1394 3016 Κρόνον
1432 2947 1527 3002 καὶ
1585 2949 1759 3012 Ῥέαν,
1805 2948 1902 3003 Δία

2010 2957 2240 3012 tervallo
2284 2957 2605 3022 Saturnum,
2636 2953 2866 3023 Rheam,
2925 2957 3137 3022 Jovem,
3173 2956 3480 3026 Apollinem
3518 2961 3582 3012 ac

327 3054 388 3091 τε
432 3038 526 3089 καὶ
563 3035 872 3090 Ἀπόλλωνα
927 3037 1180 3101 καὶτοὺς
1237 3037 1470 3106 καθεξῆς
1526 3037 1680 3102 θεοὺς
1707 3039 1901 3108 ἀναγοα

1526 3037 1680 3102 θεοὺς
1707 3039 1907 3108 ἀναγοκ
1935 3067 1978 3126 c
2010 3049 2249 3119 reliquos
2283 3049 2414 3105 deos
2442 3051 2718 3106 celebrare
2751 3058 3055 3120 cmperunt.

333 3145 642 3198 ρευσαντες.

408 3238 664 3307 Ἓλληνες
710 3238 1000 3310 κέκληνται
1033 3239 1140 3292 άπὸ
1172 3239 1432 3312 Ἕλληνος
1479 3241 1557 3310 (7)
1601 3241 1792 3312 ἀνδρός
1828 3248 1908 3294 τι-

2083 3246 2254 3304 Graeci
2307 3255 2504 3303 nomen
2549 3249 2619 3304 ab
2673 3247 2894 3303 llellene
2939 3247 3058 3302 viro
3103 3243 3338 3316 quodam
3399 3239 3582 3299 Sortitl

333 3346 422 3392 νος
503 3329 608 3382 τῶν
659 3331 718 3382 ὲν
770 3332 836 3400 τῇ
914 3330 1124 3382 Ἐλλάδι
1175 3330 1607 3401 κατῳκηκότων,
1662 3332 1756 3384 καὶ
1808 3332 1907 3402 τὴν

2012 3350 2161 3400 sunt,
2202 3338 2296 3406 qui
2347 3338 2400 3390 in
2433 3335 2638 3392 Graecia
2685 3337 2888 3406 degens
2922 3336 2972 3390 ei
3021 3335 3228 3405 regioni
3263 3333 3582 3402 appellatiot

332 3422 716 3493 προσωνυμίαν
743 3425 809 3492 τῇ
850 3420 1001 3492 χώρᾳ
1038 3422 1408 3492 παρελομένου
1443 3422 1464 3453 ⁸
1485 3438 1497 3451 ·
1531 3423 1606 3487 ὡς
1645 3419 1702 3474 δὲ
1731 3421 1906 3492 ἕτεροί

2012 3439 2135 3482 nem
2165 3423 2382 3482 indidit.
2420 3430 2561 3482 Sunt
2587 3427 2678 3497 qui
2716 3429 2784 3482 ab
2812 3429 2965 3491 etwa,
2995 3419 3097 3480 line
3130 3437 3233 3488 est,
3265 3427 3429 3487 oliva.
3463 3429 3584 3495 qua!

332 3529 516 3582 φασιν,
565 3514 672 3565 άπὸ
731 3514 828 3584 τῆς
889 3514 1095 3578 ἐλαίας
1143 3513 1242 3583 τῆς
1290 3516 1348 3566 ὲν
1387 3510 1635 3584 Ἀθήναις
1675 3507 1905 3584 βλαστη-

2012 3520 2242 3574 Athenis
2271 3529 2460 3574 entorta
2507 3527 2612 3584 est,
2655 3519 3000 3590 nuncupatos
3034 3527 3157 3573 esse
3191 3518 3378 3573 velint.
3410 3517 3585 3586 Hujus

334 3607 528 3676 σάσης.
585 3607 770 3668 Ἴωνες
811 3605 868 3658 δὲ
917 3604 1124 3658 τούτων
1173 3605 1408 3677 ἀρχηγοὶ
1453 3606 1795 3676 γεγένηνται,
1835 3604 1908 3668 ὡς

2012 3612 2229 3682 generis
2262 3619 2514 3666 auctores
2553 3626 2616 3665 ac
2668 3611 2983 3666 cenditores
3025 3613 3182 3665 Iones
3233 3607 3473 3672 fuerunt,
3525 3609 3585 3663 ιιι

334 3699 448 3768 ἔχει
500 3700 534 3768 ἡ
587 3697 838 3768 ἀκρίϐεια
873 3689 982 3751 ἀπὺ
1009 3696 1105 3751 τοῦ
1159 3699 1342 3761 Ἴωνος
1381 3699 1500 3752 υἱοῦ
1551 3698 1745 3770 ἀνδρὸς
1791 3698 1908 3762 ἐνὸς

2014 3711 2081 3759 ex
2121 3706 2461 3758 acem'atiOre
2492 3703 2722 3758 historia
2753 3708 2971 3758 constat
3005 3722 3019 3758 :
3054 3703 3146 3770 qui
3179 3701 3248 3755 ab
3286 3692 3412 3754 Ione
3443 3705 3581 3770 quo-

331 3791 440 3842 τῶν
477 3789 568 3842 τὸν
606 3789 813 3859 πύργον
853 3789 1357 3860 οίκοδομησάντων·
1408 3790 1474 3843 δι’
1500 3790 1568 3859 ἣν
1600 3791 1778 3844 αἰτίαν
1817 3789 1905 3842 καὶ

2015 3793 2139 3846 dam
2193 3794 2446 3864 appellati
2488 3793 2809 3856 Sunt,unius
2839 3801 3028 3848 eorum
3064 3792 3195 3855 ﬁlio,
3244 3793 3334 3860 qui
3388 3792 3584 3844 turrim

337 3881 594 3951 Μέροπες
627 3881 921 3952 κέκληνται
961 3880 1047 3933 διὰ
1095 3882 1195 3953 τὴν
1238 3881 1644 3952 μεμερισμένην
1704 3881 1908 3950 φωνήν.

2014 3890 2407 3938 exstruxerunt
2436 3903 2448 3938 :
2483 3899 2645 3953 quam
2678 3883 2748 3938 ob
2793 3883 3016 3937 causam
3051 3874 3297 3950 Meropes
3333 3881 3587 3950 appellati

335 3974 602 4042 ’Ὕστερον
641 3973 696 4024 δὲ
741 3975 770 4026 ὁ
813 3971 1164 4043 Ἑλληνισμὸς
1195 3973 1275 4036 είς
1312 3972 1552 4043 αἱρέσεις
1601 3971 1909 4043 κατεστάθη

2015 3974 2164 4038 sunt,
2215 3973 2284 4026 ab
2318 3973 2586 4028 divisione
2617 3973 2945 4042 linguarum.
2980 3965 3174 4027 Postea
3217 3979 3344 4026 vero
3394 3970 3587 4024 reccu‘a.

337 4063 633 4133 κατωτέρω
663 4062 772 4114 τῶν
833 4063 1061 4134 χρόνων,
1107 4065 1248 4135 φημὶ
1287 4063 1344 4116 δὲ
1391 4063 1772 4132 Πυθαγορείων
1818 4063 1911 4115 καὶ

2018 4065 2250 4120 tioribus
2295 4065 2630 4134 temporibus
2687 4061 2872 4117 Graeca
2925 4062 3244 4131 Superstitio
3289 4070 3468 4114 certas
3525 4061 3579 4115 it‘l

337 4153 590 4206 Στωϊκῶν
638 4155 731 4206 καὶ
793 4154 1154 4206 Πλατωνικῶν
1230 4154 1324 4207 καὶ
1376 4150 1764 4224 Ἐπικουρείων
1821 4157 1911 4207 καὶ

2018 4155 2252 4207 lum-eses
2302 4168 2366 4206 ac
2402 4163 2579 4206 sectas
2623 4153 2756 4205 abiit
2797 4155 2809 4206 ὲ
2856 4160 3045 4221 utputa
3097 4147 3583 4221 Pythagoredrunt,

335 4243 540 4297 λοιπῶν
563 4261 576 4274 ο
607 4244 918 4308 θεοσεϐείας
947 4245 1003 4298 δὲ
1050 4246 1078 4297 ὁ
1122 4245 1404 4317 χαρακτὴρ
1435 4246 1677 4316 ὑπῆρχεν
1710 4246 1846 4315 ἅμα,
1885 4248 1909 4298 ό

2019 4247 2363 4313 Stoicorum,
2399 4241 2803 4300 Platonicorum
2827 4285 2842 4307 ,
2875 4244 3267 4314 Epicureorum
3291 4283 3306 4306 ,
3344 4254 3448 4296 etc.
3486 4241 3588 4293 Eo—

338 4337 480 4389 κατὰ
513 4336 674 4405 φύσιν
721 4337 885 4406 νόμος
929 4337 1364 4408 πολιτευόμενος,
1396 4338 1504 4391 ἀπὸ
1551 4336 1756 4389 τούτων
1807 4336 1912 4390 τῶν

2020 4339 2140 4392 dem
2192 4346 2354 4407 porro
2385 4341 2630 4406 tempore
2675 4336 2892 4406 prdpria
2943 4334 3117 4387 forma
3169 4341 3234 4389 ac
3272 4342 3398 4388 no‘la
3448 4341 3590 4387 verte

337 4430 508 4482 ἐθνῶν
537 4426 724 4482 ἑαυτὸν
754 4427 1027 4500 ἀφορίζων
1061 4407 1301 4499 άπὸίτῆς
1345 4429 1550 4500 κόσμον
1591 4429 1911 4498 καταϐολῆς,

2025 4431 2243 4500 pietatis
2267 4437 2321 4486 et
2353 4429 2630 4499 religionis
2663 4429 2870 4483 exstitit
2916 4430 3022 4481 una
3058 4444 3181 4480 cum
3213 4428 3328 4497 lege
3360 4431 3587 4488 naturai,

340 4521 436 4571 καὶ
471 4519 631 4585 δεῦρο
663 4521 824 4590 μέσος
871 4521 1156 4590 τυγχάνων
1204 4520 1588 4592 Βαρϐαρισμοῦ
1642 4520 1735 4573 καὶ
1780 4514 1914 4572 Σκυ-

2023 4524 2143 4592 qua}
2193 4523 2262 4576 ab
2308 4521 2520 4591 origine
2581 4519 2766 4573 umndi
2819 4529 2939 4575 Sese
2993 4517 3062 4574 ab
3119 4519 3227 4574 illis
3280 4518 3594 4571 nationibus

339 4610 537 4681 θέσμσῦ
587 4613 680 4664 καὶ
720 4603 1073 4681 Ἑλληνισμοῦ
1105 4612 1211 4675 ἓως
1267 4613 1390 4666 ὅτου
1443 4611 1688 4682 συνήφθη
1728 4614 1794 4682 τῇ
1825 4612 1913 4663 τοῦ

2027 4614 2239 4684 1115
2275 4619 2537 4682 perpelho
2583 4612 2923 4682 'segi'egavit,
2960 4612 3022 4664 ad
3061 4611 3200 4664 ha‘iic
3239 4611 3411 4680 usque
3449 4609 3591 4663 dicm

354 4705 605 4774 Ἀϐραὰμ
634 4699 930 4775 θεοσεϐείᾳ.
967 4705 1078 4756 Καὶ
1107 4703 1398 4774 μετέπειτα
1455 4701 1784 4773 Ἰουδαϊσμὸς
1810 4701 1917 4754 ἀπὸ

2025 4704 2166 4756 inter
2199 4702 2516 4767 Barbarum,
2570 4699 2880 4772 Scythicam
2930 4699 3282 4769 Grarcamque
3333 4703 3592 4768 supersti—

340 4797 449 4849 τῶν
489 4797 695 4866 χρόνων
737 4796 987 4866 ’Λϐραὰμ
1019 4792 1110 4848 τὸν
1157 4797 1479 4866 χαρακτῆρα
1512 4783 1771 4864 εἰληφὼς,
1824 4794 1914 4846 καὶ

2024 4793 2226 4846 tionem
2282 4791 2600 4858 ihtcrje'cta,
2652 4791 2826 4844 donec
2874 4795 2999 4844 cuni
3050 4789 3343 4842 Abraha'mi
3397 4789 3594 4858 pietate

344 4892 403 4941 ὲν
440 4890 668 4956 Μωῡσῇ,
710 4887 920 4957 ἑϐδόμῳ
953 4887 1062 4940 ἀπὸ
1103 4887 1373 4958 Ἀϐραὰμ,
1422 4887 1509 4939 διὰ
1553 4887 1646 4940 τοῦ
1675 4887 1918 4948 δοθέντος

2025 4883 2248 4937 coaluit.
2288 4881 2424 4936 Tum
2454 4882 2582 4936 vero
2617 4882 2930 4937 Judaismus
2961 4883 3030 4934 ab
3060 4881 3350 4934 Ahrahami
3386 4887 3593 4958 tempr

343 4983 510 5048 νόμου
541 4955 644 5032 ὑπο
671 4978 807 5032 Θεοῦ
838 4955 1158 5043 πλατυνθείς
1177 4955 1215 5009 ’1
1237 4955 1344 5032 ἀπὸ
1377 4980 1434 5033 δὲ
1463 4979 1557 5032 τοῦ
1601 4980 1792 5042 Ἰούδα,
1839 4991 1917 5030 τε-

2027 4974 2180 5028 ribus
2206 4975 2481 5044 propriam
2513 4974 2740 5027 formam
2773 4973 3026 5042 adeptus,
3046 4986 3108 5024 ac.
3137 4975 3230 5040 per
3260 4969 3495 5038 Moysem
3530 4955 3598 5021 ab

343 5074 545 5143 τάρτου
576 5071 692 5124 υἱοῦ
737 5072 929 5126 Ἰακὼϐ
975 5071 1070 5124 τοῦ
1110 5074 1203 5125 καὶ
1244 5070 1478 5142 Ἰσραὴλ,
1508 5071 1594 5124 διὰ
1639 5070 1801 5123 Δαϐὶδ
1829 5068 1917 5121 τοῦ

2025 5067 2337 5121 Abrahamo
2359 5067 2677 5137 septimum,
2712 5081 2776 5120 ae
2799 5067 2969 5134 legem
2998 5081 3039 5142 an
3066 5065 3172 5116 Deo
3199 5063 3451 5115 traditam
3479 5075 3595 5112 am-

349 5164 565 5238 πρώτου
597 5163 1014 5234 βασιλεύσαντος
1041 5163 1148 5216 ἀπὸ
1180 5164 1279 5233 τῆς
1307 5163 1400 5215 τοῦ
1429 5162 1592 5214 αὑτοῦ
1651 5159 1818 5212 Ἰούδα
1846 5161 1923 5229 (8)

2032 5147 2340 5228 pliilcatus,
2378 5166 2432 5214 et
2475 5160 2544 5213 ab
2590 5143 2727 5211 Iuda
2774 5162 2972 5227 quarto
3018 5149 3202 5208 Jacobi
3259 5151 3368 5204 filio
3402 5152 3494 5220 qui
3550 5151 3601 5202 et

396 5416 422 5469 έ
459 5346 632 5430 ¹Ιί³οιυ⁸
686 5345 1016 5408 νενευκότεςι
1128 5343 1148 5374 ²
1191 5344 1316 5413 ch.
1375 5343 1438 5393 ἐκ
1496 5339 1722 5410 χρόνωνε
1831 5338 1850 5368 ³
1890 5335 1967 5390 Re

427 5434 538 5469 νου.

2082 5338 2447 5410 ἀμυντηρίων,
2488 5353 2600 5391 cor.
2667 5334 3001 5405 μυστηρίων.
3147 5332 3168 5363 ⁸
3205 5332 3330 5385 Cor.
3372 5345 3602 5401 παρεχοο

353 5435 386 5487 μ
396 5434 516 5469 ενου
525 5456 538 5468 .

427 5591 502 5656 ('7)
554 5588 687 5643 Ἀπὸ
725 5589 1044 5654 Ἕλληνος.
1081 5581 1427 5644 Deucalionis
1485 5575 1578 5637 illii
1602 5623 1617 5645 ,
1652 5577 1746 5651 qui
1783 5575 1921 5636 {570

2073 5576 2188 5658 ξ’(γὸ).
2217 5575 2416 5632 Vocem
2455 5563 2662 5639 Ἰούδα,
2694 5587 2816 5643 quae
2845 5563 2912 5626 de
2939 5586 3005 5626 eo
3042 5569 3162 5625 loco
3193 5569 3496 5628 exciderat.
3530 5582 3603 5621 rei

351 5655 574 5717 circiter
602 5661 761 5713 anuis
789 5661 1001 5713 vivebat
1027 5669 1152 5711 ante
1183 5659 1463 5711 Christum
1507 5658 1716 5708 uatum.
2040 5655 2341 5706 stituimus.

633 5751 905 5814 Psrnon.
951 5751 1068 5810 Gn.
1112 5749 1298 5811 XLII.
3300 5732 3376 5790 9.7
