3986 6224
419 275 522 332 843

1793 267 1854 324 S.
1895 263 2234 324 EPIPIIANII
3571 279 3674 332 33;,

421 389 588 446 Israel
636 391 946 444 nominatus
987 397 1106 454 est,
1159 403 1256 459 per
1289 389 1675 460 Davidem,qui
1719 389 1932 460 primus
1964 401 1994 440 e

2111 389 2269 462 Ρυλῆς
2299 393 2358 446 τδ
2389 393 2538 458 τέλος
2575 397 3010 468 κεκληρωμένος.
3051 397 3317 470 Ἑλλήνων
3339 397 3394 450 δὲ
3421 397 3686 467 διαφοραὶ

421 485 568 538 tribu
612 482 746 537 Jnda
795 497 1020 551 regnum
1065 491 1353 538 assecutus
1403 493 1514 550 est,
1563 481 1861 554 perlectum
1901 479 1996 535 Ju—

423 576 616 630 daismi
653 589 846 627 nomen
879 575 1135 628 obtinuit.
1168 574 1484 630 Grmcorum
1521 589 1688 646 porro
1728 573 1832 629 ista
1867 581 1996 628 sunt

425 667 742 722 discrimina
781 685 794 720 :

500 759 840 830 Pythagorei.
877 759 992 814 sive
1017 758 1360 829 Peripatetici
1391 759 1677 814 monadem
1711 767 1768 814 et
1810 757 1995 828 provi-

419 850 660 905 dentiam
714 859 1108 916 asseruerunt;
1157 851 1264 906 diis
1313 850 1667 916 sacriﬁcare,
1739 848 1997 903 animatis

423 943 566 996 vesci
605 957 668 996 ac
701 945 828 996 vino
863 943 940 998 uti
969 943 1385 1014 prohibuerunt.
1415 943 1580 996 Iidem
1609 957 1731 1012 quae
1761 941 1830 994 ab
1869 942 1996 994 luna

421 1047 642 1088 sursum
693 1039 912 1102 patent,
964 1033 1323 1099 immortalia;
1372 1047 1493 1102 qua:
1535 1033 1794 1087 inferiora
1831 1039 1994 1098 sunt,

423 1123 674 1178 mortalia
717 1123 1003 1188 dicebant;
1079 1123 1292 1178 animas
1340 1138 1370 1176 e
1424 1125 1750 1193 corporibus
1795 1123 1848 1177 in
1892 1124 1998 1176 alia

423 1227 654 1282 corpora
682 1213 846 1266 etiam
877 1212 1195 1266 animalium
1235 1227 1298 1266 ac
1333 1212 1633 1266 bestiarum
1661 1209 1994 1264 transfundi.

429 1306 634 1360 Ilorum
663 1306 925 1376 magister
956 1303 1294 1375 Pythagoras
1323 1304 1529 1359 silentii
1559 1301 1773 1374 rigidus
1809 1302 1998 1356 obser—

423 1406 582 1452 vator
611 1395 770 1452 deum
801 1411 860 1450 se
887 1395 1210 1450 nominavit.

495 1485 756 1540 Platonici
793 1484 960 1540 Deum
1006 1491 1060 1538 et
1115 1485 1398 1538 materiam
1433 1499 1496 1536 ac
1523 1481 1754 1537 formam
1785 1483 1994 1538 consti-

423 1587 666 1641 tuerunt,
689 1579 948 1632 mundum
969 1577 1212 1648 genitum
1245 1590 1310 1631 ac
1331 1577 1664 1647 σοι-τειριίοηὶ
1678 1577 1996 1642 obnoxium;

425 1671 664 1728 animam
701 1670 997 1740 ingenitam
1043 1675 1100 1724 et
1147 1667 1508 1722 immortalem
1535 1682 1600 1720 ac
1627 1666 1869 1721 divinam
1917 1682 2001 1720 ar-

2097 485 2232 538 αἴδεο

2169 751 2544 824 Πυθαγόρειοι,
2575 752 2610 822 ἣ
2647 753 3071 824 Περιπατητικοὶ
3096 753 3194 822 {9),
3223 751 3319 821 τὴν
3353 749 3556 820 μονάδα
3587 749 3685 802 καὶ

2097 845 2196 914 τὴν
2231 847 2506 914 πρόνοιαν,
2547 847 2641 900 καὶ
2683 848 2746 900 τὺ
2788 847 3017 900 κωλύειν
3055 844 3278 898 θύεσθαι
3311 843 3452 905 θεοῖς
3477 843 3688 910 δογμα-

2096 938 2356 1002 τίζοντες,
2401 939 2659 1008 ἐμψύχων
2693 940 2766 1010 μὴ
2819 938 3276 1010 μεταλαμϐάνειν,
3309 935 3418 988 ἀπὸ
3445 933 3590 986 οἴνου
3625 933 3686 982 δὲ

2100 1030 2557 1102 ἐγκρατεύεσθαι·
2613 1031 2864 1102 διώριζον
2907 1031 2962 1084 δὲ
3005 1031 3120 1100 ἅμα
3165 1029 3274 1082 ἀπὸ
3317 1028 3548 1097 σελήνης
3589 1024 3690 1077 καὶ

2100 1121 2212 1174 ἄνω
2240 1121 2482 1174 ἀθάνατα
2511 1122 2779 1189 λέγοντες,
2807 1123 2878 1174 τὰ
2919 1123 2974 1176 δὲ
3009 1123 3266 1175 ὑποκάτω
3293 1120 3466 1186 θνητά
3487 1137 3500 1148 ·
3555 1137 3690 1188 μετ-

2101 1216 2410 1284 αγγισμοὺς
2455 1215 2512 1268 δὲ
2571 1214 2756 1285 ψυχῶν
2829 1216 2938 1268 ἀπὸ
2993 1215 3264 1284 σωμάτιον
3313 1215 3394 1275 εἰς
3449 1214 3688 1280 σώματα

2103 1307 2231 1378 ἄχρι
2265 1305 2419 1370 ζώων
2451 1308 2544 1361 καὶ
2593 1308 2902 1363 κνωδάλων.
2943 1308 3172 1362 Σιωπῶν
3209 1308 3267 1359 δὲ
3295 1310 3324 1360 ὁ
3365 1306 3574 1359 τούτων
3605 1305 3690 1358 δι-

2104 1399 2368 1463 δάσκαλος
2393 1399 2716 1472 Πυθαγόρας
2743 1400 2932 1454 ἑαυτὸν
2971 1397 3095 1452 θεὸν
3125 1399 3398 1469 ὠνόμασε.

2177 1489 2512 1544 Πλατωνικοὶ
2557 1489 2614 1544 δὲ
2641 1489 2773 1544 Θεὸν
2809 1491 2903 1544 καὶ
2941 1489 3074 1560 ὓλην
3117 1490 3212 1543 καὶ
3266 1485 3404 1552 εἶδος
3444 1489 3538 1542 καὶ
3593 1489 3696 1542 τὸν

2107 1581 2310 1652 κόσμον
2349 1581 2574 1651 γενητὸν
2603 1581 2698 1634 καὶ
2750 1581 2984 1652 φθαρτὸν
3017 1580 3302 1652 ὑπάρχειν,
3339 1579 3438 1650 τὴν
3481 1579 3538 1632 δὲ
3581 1578 3694 1648 ψυ-

2105 1673 2204 1744 χὴν
2231 1673 2524 1744 ἀγέννητον
2555 1674 2650 1727 καὶ
2689 1673 2954 1727 ἀθάνατον
2991 1673 3086 1726 καὶ⁸
3119 1673 3297 1727 θείαν·
3331 1667 3470 1724 εἶναι
3496 1671 3554 1725 δὲ
3585 1669 3694 1724 αὐ-

424 1763 616 1820 bitrati
647 1733 782 1816 sunt
809 1777 822 1812 :
857 1759 1020 1829 hujus
1053 1768 1164 1814 tres
1193 1773 1316 1813 esse
1342 1767 1552 1827 partes,
1599 1771 1762 1811 unam
1789 1757 1997 1812 ratione

2233 1733 2358 1836 τρία
2392 1733 2555 1836 μέρη,
2587 1765 2822 1833 λογικὸν,
2863 1764 3094 1834 θυμικὸν
3125 1764 3220 1818 καὶ
3261 1762 3684 1834 ἐπιθυμητικόν.

426 1854 728 1926 praeditam,
756 1852 980 1906 alteram
1005 1865 1111 1920 qua
1135 1849 1448 1916 irascimur,
1473 1849 1688 1902 tertiam
1723 1863 1829 1918 qua
1863 1863 1999 1902 eon-

423 1946 780 2016 cupiscimus.
817 1943 1150 1998 Communes
1183 1942 1443 1996 omnibus
1480 1941 1734 1996 mulieres
1761 1955 1880 1996 esse
1905 1955 2001 1994 vo-

427 2041 562 2105 luit;
601 2051 762 2092 muno
807 2043 868 2089 ut
924 2049 1088 2088 unam
1126 2033 1395 2103 privatam
1449 2031 1676 2086 haberet
1721 2045 1946 2086 uxorem
1983 2045 1997 2082 :

425 2127 522 2184 sed
555 2135 613 2182 ut
648 2126 877 2197 quilibet
915 2124 1162 2178 volentes
1193 2137 1318 2176 cum
1351 2121 1690 2191 quibuslibet
1721 2135 1862 2191 quas
1890 2121 2000 2174 vel-

425 2221 574 2280 lent,
626 2217 1114 2286 conjungerentur.
1167 2213 1332 2268 Iidem
1379 2214 1690 2268 animarum
1739 2214 1794 2268 in
1847 2213 1998 2268 varia

425 2321 658 2376 corpora
707 2305 872 2360 etiam
951 2303 1248 2358 bestiarum
1303 2301 1572 2356 transitus
1628 2299 1999 2366 aﬂirmabant;

424 2401 666 2470 deosque
709 2397 946 2467 denique
1000 2395 1312 2464 complures
1379 2393 1450 2448 ab
1522 2407 1632 2448 uno
1688 2405 1814 2447 esse
1873 2405 2000 2461 pro-

425 2492 642 2548 ductos.

497 2579 668 2634 Stoici
697 2591 897 2647 corpus
923 2575 1242 2630 universum
1272 2589 1396 2630 esse
1425 2573 1719 2638 deﬁniunt,
1749 2582 1806 2629 et
1849 2588 2001 2643 aspe-

425 2671 684 2732 ctabilem
717 2669 862 2721 htmc
903 2665 1167 2720 mundum
1199 2665 1366 2720 Deum
1396 2679 1521 2720 esse
1547 2671 1819 2720 statuunt.
1863 2662 2004 2718 Non-

427 2761 564 2816 nulli
594 2760 760 2814 etiam
790 2774 858 2812 ex
896 2757 1018 2828 igne
1059 2765 1312 2810 naturam
1351 2755 1566 2812 illorum
1619 2763 1872 2810 constare
1908 2755 2003 2810 de-

427 2850 676 2907 fendunt.
711 2848 880 2902 Deum
911 2849 1116 2918 quippe
1153 2855 1392 2902 mentem
1424 2862 1550 2902 esse
1575 2853 1789 2916 putant,
1819 2859 1884 2900 ac
1909 2860 2002 2900 va-

427 2941 686 2998 stissima:
714 2940 884 2995 totius
913 2939 1074 2994 molis
1096 2939 1220 2992 coeli
1245 2947 1300 2994 et
1335 2947 1498 2994 terrae
1527 2927 1696 2994 veluti
1725 2937 1997 3004 animam;

2101 1858 2211 1920 Τάς
2261 1857 2317 1910 δὲ
2354 1859 2620 1927 γυναῖκας
2665 1857 2850 1921 κοινὰς
2897 1859 3012 1920 τοῖς
3057 1858 3192 1910 πᾶσι
3245 1855 3520 1924 γίνεσθαι,
3591 1857 3694 1909 καὶ

2104 1949 2308 2021 μηδένα
2343 1951 2472 2020 μίαν
2498 1950 2642 2021 ἔχειν
2671 1951 2917 2021 γαμετὴν
2948 1949 3104 2012 ίδίαν,
3129 1948 3248 2002 ἀλλ’
3273 1949 3470 2012 αὐτοὺς
3497 1947 3690 2002 θέλον-

2099 2057 2200 2104 τας
2223 2043 2344 2104 ταῖς
2377 2039 2731 2112 βουλομέναις
2761 2039 2870 2112 (ιο)
2909 2043 3171 2094 συνεῖναι.
3204 2027 3597 2110 Μεταγγισμδν
3623 2037 3690 2092 δὲ

2101 2131 2360 2196 ὡσαύτως
2383 2132 2574 2204 ψυχῶν
2603 2134 2684 2196 εἰς
2715 2133 2982 2205 σωμάτων
3009 2133 3270 2202 διαφορὰς
3306 2134 3433 2205 ἄχρι
3471 2133 3690 2186 κνωδά-

2102 2222 2228 2278 λων.
2279 2219 2510 2294 Ὁμοίως
2539 2224 2598 2278 δὲ
2641 2225 2735 2278 καὶ
2768 2225 2924 2290 θεοὺς
2953 2226 3018 2280 ὲκ
3052 2225 3144 2280 τοῦ
3175 2225 3294 2283 ὲνὺς
3333 2225 3562 2290 πολλοὺς
3589 2224 3692 2278 καὶ

2102 2314 2256 2368 αὑτοὶ
2283 2315 2660 2387 ὲδογμάτισαν.

2172 2582 2422 2643 Στωϊκοὶ,
2475 2581 2636 2651 σῶμα
2689 2581 2750 2633 τὸ
2801 2581 2910 2634 πᾶν
2967 2579 3402 2650 δογματίζοντες,
3451 2580 3546 2634 καὶ
3589 2579 3694 2632 τὸν

2103 2673 2358 2745 αίσθητδν
2377 2673 2568 2728 τοῦτον
2592 2673 2795 2741 κόσμον
2817 2672 2950 2725 Θεὸν
2980 2670 3309 2741 νομίζοντες·
3331 2671 3474 2733 τινὲς
3499 2673 3567 2723 ὲκ
3583 2671 3692 2738 τῆς

2101 2763 2196 2816 τοῦ
2229 2764 2401 2833 πυρὸς
2426 2763 2613 2826 οὐσίας
2639 2763 2738 2832 τὴν
2767 2763 2928 2832 φύσιν
2957 2762 3134 2815 αὐτῶν
3163 2762 3424 2832 ὁρίζουσι.
3455 2763 3566 2814 Καὶ
3593 2763 3696 2814 τὸν

2105 2855 2202 2925 μὲν
2229 2855 2362 2907 Θεὸν
2395 2855 2520 2908 νοῦν
2555 2854 2954 2924 δογματίζουσι,
3009 2855 3104 2907 καὶ
3147 2854 3223 2917 ὡς
3267 2854 3446 2923 ψυχὴν
3483 2855 3694 2916 παντὸς

2099 2947 2194 3000 τοῦ
2234 2947 2385 3011 ὄντος
2417 2947 2615 3010 κύτους
2665 2945 2894 3018 οὐρανοῦ
2939 2947 3033 2999 καὶ
3077 2946 3202 3017 γῆς,
3241 2946 3399 3016 σῶμα
3429 2947 3488 2999 δὲ
3515 2945 3694 2998 αὑτοῦ

425 3033 587 3103 cujus
617 3047 841 3103 corpus,
871 3039 930 3086 ut
975 3031 1122 3096 dixi,
1171 3039 1346 3086 totum
1383 3031 1489 3086 hoc
1541 3030 1615 3086 sit
1659 3030 1997 3096 universum,

2111 3039 2163 3092 τὸ
2205 3041 2333 3101 πᾶν,
2371 3040 2448 3102 ὡς
2502 3039 2660 3110 ἔφην,
2704 3039 2796 3092 xui.
2837 3037 3150 3108 ὀφθαλμοὺς
3186 3037 3314 3100 τοὺς
3366 3037 3690 3108 φωστῆρας.

423 3125 570 3181 oculi
617 3138 748 3180 vero
800 3123 1002 3178 sidera.
1045 3121 1300 3177 Omnium
1362 3121 1588 3177 interire
1632 3135 1885 3186 carnem,
1945 3128 2002 3174 et

427 3219 664 3274 animam
713 3231 744 3270 a
791 3229 1020 3286 corpore
1073 3214 1312 3269 transire
1361 3213 1416 3266 in
1465 3227 1666 3282 corpus
1725 3211 1830 3267 sibi
1877 3226 2004 3281 pcr-

415 3307 678 3370 suadent.

496 3397 745 3468 Epicurei
807 3405 1018 3451 atomos
1058 3405 1112 3450 et
1149 3395 1430 3450 individua
1459 3402 1691 3464 corpora
1725 3395 2001 3451 similibus

427 3489 737 3544 constantia
787 3487 1037 3558 partibus
1099 3495 1154 3542 et
1205 3486 1459 3550 infinita,
1515 3501 1700 3541 rerum
1755 3488 1999 3540 omnium

425 3577 756 3648 principium
789 3590 914 3631 esse
954 3575 1294 3638 docuerunt,
1340 3585 1394 3631 et
1433 3573 1593 3631 linem
1627 3575 1906 3632 felicitatis
1945 3577 2001 3632 in

423 3669 706 3738 voluptate
749 3674 1086 3738 posuerunt;
1142 3665 1312 3722 Deum
1373 3681 1438 3720 ac
1487 3665 1882 3736 providentiam
1932 3665 2002 3722 ab

425 3775 610 3816 rerum
643 3757 1119 3812 administratione
1145 3756 1506 3812 sustulerunt.

497 3850 714 3921 1116
735 3849 1150 3904 Samaritismus
1177 3855 1233 3904 et
1265 3848 1574 3902 Samaritze.
1603 3847 1778 3918 Hujus
1805 3847 1874 3902 ab
1896 3845 1998 3902 Ju-

422 3941 637 3998 daismo
661 3941 814 4012 origo
847 3940 1174 4005 deducitur,
1213 3955 1338 4010 qua:
1366 3947 1642 3994 sectarum
1675 3939 1816 4009 apud
1850 3939 2000 3994 ϐητ-

421 4047 519 4088 cos
568 4031 821 4086 divertiis
862 4039 916 4086 et
957 4045 1146 4086 earum
1180 4029 1418 4084 decretis
1449 4044 1514 4084 ac
1553 4027 1826 4098 dogmatis
1857 4027 2000 4082 anti-

420 4125 583 4194 quior
625 4131 740 4190 est;
775 4131 900 4177 nam
935 4137 966 4178 e
995 4121 1119 4178 sinu
1163 4121 1286 4192 ipso
1311 4117 1582 4174 Judaismi
1619 4119 1821 4188 prodiit
1850 4117 1998 4172 circa

420 4213 948 4269 Nabuchodonosori
981 4223 1035 4267 ct
1061 4209 1302 4266 Judaicat
1336 4211 1672 4282 captivitatis
1727 4219 1994 4280 tempora.

423 4305 589 4361 Primi
637 4313 801 4361 secta:
853 4305 1166 4358 conditores
1223 4319 1290 4357 ex
1353 4303 1591 4373 Assyriis
1645 4301 1700 4356 in
1753 4300 1996 4356 Iudaeam

2107 3133 2220 3204 Τὴν
2264 3132 2322 3185 δὲ
2365 3132 2542 3202 σάρκα
2590 3131 2806 3184 πάντων
2835 3127 3210 3206 ’ἀπόλλυσθαμ
3243 3128 3336 3182 καὶ
3381 3126 3478 3197 τὴν
3503 3128 3698 3198 ψυχὴν

2107 3221 2324 3276 πάντων
2357 3219 2779 3292 μεταγγίζεσθαι
2807 3220 2916 3274 ἀπὸ
2948 3218 3198 3290 σώματος
3229 3219 3310 3280 είς
3343 3216 3520 3287 σῶμα.

2197 3393 2559 3466 Ἐπικούρειοι
2593 3391 2770 3464 ἄτομα
2797 3391 2889 3445 καὶ
2917 3389 3100 3462 ἀμερῆ
3133 3388 3361 3458 σώματα
3389 3388 3482 3442 καὶ
3507 3389 3698 3459 ὁμοιο-

2111 3488 2253 3560 μερῆ
2292 3504 2352 3540 τε
2403 3487 2496 3539 καί¹
2528 3485 2730 3556 ἄπειρα
2775 3483 2871 3554 τὴν
2910 3483 3084 3554 ἀρχὴν
3132 3477 3270 3534 εἶναι
3305 3482 3410 3533 τῶν
3465 3481 3694 3534 πάντων

2108 3579 2480 3648 ὑπεστήσαντο
2499 3593 2512 3607 ·
2574 3577 2668 3630 καὶ
2729 3575 2879 3637 τέλος
2942 3573 3231 3643 εὐδαίμονα
3281 3572 3296 3602 ³
3341 3570 3441 3640 τὴν
3491 3569 3696 3640 ἡδονὴν

2107 3669 2485 3740 ὲδογμάτισαν,
2516 3667 2612 3722 καὶ
2648 3667 2786 3738 μήτε
2811 3665 2944 3718 θεὸν
2971 3665 3108 3734 μήτε
3135 3663 3390 3734 πρόνοιαν
3415 3659 3484 3714 τὰ
3505 3661 3698 3715 πάντα

2105 3759 2340 3812 διοικεῖν.

2178 3848 2633 3922 Σαμαρειτισμὸς,
2665 3849 2758 3902 καί¹
2789 3849 2838 3900 oi
2871 3847 2968 3900 ἀπ’
2999 3845 3166 3900 αὑτοῦ
3199 3845 3554 3914 Σαμαρεῖται.
3589 3843 3694 3904 ’ος

2107 3941 2254 3993 ἐστιν
2300 3939 2405 3993 ἀπὸ
2442 3935 2794 4010 Ἰουδαῖσμοῦ,
2837 3937 2943 4010 πρὸ
2975 3937 3075 4008 μὲν
3097 3934 3187 3990 τοῦ
3232 3933 3571 4003 καταστῆναι
3605 3935 3694 3985 αἰ-

2109 4037 2286 4108 ρὲσεις
2327 4037 2406 4100 εἰς
2437 4035 2724 4108 Ἕλληνας,
2765 4033 2859 4087 καὶ
2907 4031 3012 4103 πρὸ
3060 4031 3156 4084 τοῦ
3201 4030 3463 4102 συστῆναι
3507 4029 3694 4082 αὑτῶν

2103 4128 2172 4182 τὰ
2222 4127 2486 4197 δόγματα,
2524 4125 2662 4197 μετὰ
2704 4125 2762 4178 δὲ
2809 4123 2904 4176 τοῦ
2934 4119 3074 4177 εἶναι
3121 4120 3392 4191 Ἑλλήνων
3429 4119 3528 4192 τὴν
3555 4120 3694 4192 θρη-

2107 4219 2312 4286 σκείαν,
2359 4219 2454 4273 καὶ
2511 4218 2674 4289 μέρος
2714 4219 2734 4248 ²
2761 4215 2857 4270 τοῦ
2897 4213 3228 4286 Ἰουδαϊσμοῦ
3262 4214 3364 4285 τὴν
3411 4212 3694 4284 πρόφασιν

2105 4308 2338 4380 εἰληφὼς
2389 4308 2498 4362 ἀπὺ
2549 4307 2658 4360 τῶν
2703 4305 2911 4378 χρόνων
2955 4304 3422 4375 Ναϐουχοδονόσορ
3471 4305 3564 4356 καὶ
3587 4304 3691 4373 τῆς

421 4399 778 4466 transportati
811 4399 1052 4467 quinque
1080 4395 1344 4450 duntaxat
1380 4393 1580 4464 Moysis
1633 4393 1803 4448 libros
1839 4406 1997 4448 acce-

2111 4403 2210 4456 τῶν
2255 4401 2520 4455 Ἰουδαίων
2553 4399 2946 4470 αίχμαλωσίας.
2991 4397 3244 4452 Μέτοικοι
3278 4396 3335 4449 δὲ
3380 4395 3533 4458 ὄντες
3579 4395 3695 4446 ἀπὸ

425 4497 640 4557 perunt,
666 4504 805 4559 quos
831 4503 928 4558 per
945 4487 1310 4552 sacerdotem,
1341 4487 1436 4556 qui
1453 4487 1751 4541 vocabatur
1775 4485 1997 4550 Esdras,

423 4595 514 4634 rex
549 4581 616 4632 ad
652 4582 774 4634 illos
825 4579 1096 4651 Babylone
1129 4580 1370 4634 miserat.
1403 4578 1595 4634 Omnia
1633 4579 1834 4634 habent
1873 4593 1997 4632 cum

371 4663 374 4666 ’
419 4672 622 4726 ,ἶιιιίίιεὶς
673 4674 1020 4739 communia,
1067 4673 1111 4726 si
1164 4671 1268 4726 hoc
1325 4685 1494 4725 unum
1551 4671 1820 4739 excipias,
1850 4670 1994 4740 quod

419 4773 610 4834 gentes
640 4764 1058 4821 abominentnr.
1105 4779 1282 4832 neque
1313 4777 1640 4832 quemquam
1682 4763 1996 4832 contingere

419 4857 608 4918 velint.
633 4857 888 4928 quodque
913 4865 1254 4910 mortuorum
1307 4859 1765 4912 resurrectionem
1801 4871 1865 4910 ac
1896 4871 1996 4910 ca:-

417 4957 566 5006 teras
606 4958 728 5021 pes:
769 4949 1008 5021 Moysem
1035 4949 1350 5018 prophetias
1381 4949 1660 5020 rejiciunt.
1691 4949 1992 5004 Samarita-

489 5109 504 5140 ¹
541 5108 664 5163 For.
701 5105 1066 5178 εὐδαιμονίας.
1142 5107 1164 5136 ¹
1193 5123 1282 5176 γρ.
1309 5105 1465 5175 μετά.

487 5271 562 5338 (9)
595 5271 976 5338 Πυθαγόρειοι
1005 5306 1018 5326 ,
1071 5267 1110 5332 ἢ
1129 5267 1640 5338 -Περιπατητικοὰ
1664 5337 1675 5338 7
1697 5265 1812 5338 Non
1863 5263 1998 5338 satis

415 5335 556 5396 bene
577 5335 942 5410 Pythagoreos
973 5353 1096 5390 cum
1127 5335 1508 5405 Peripateticis
1545 5336 1836 5410 confundit
1865 5335 1962 5404 Epi
1983 5363 1996 5372 -

413 5407 668 5480 phanius.
704 5407 796 5477 qui
836 5424 1008 5477 neque
1038 5415 1218 5470 aetate,
1255 5411 1429 5476 neque
1461 5407 1730 5462 doctrinis
1764 5407 1904 5460 inter
1936 5421 1996 5460 se

415 5481 784 5534 consentiunt.

487 5549 599 5616 (10)
639 5547 770 5611 Ταῖς
798 5547 1222 5614 βουλομέναις.
1259 5545 1538 5616 Patavium
1579 5547 1631 5600 in
1669 5547 1862 5616 Latina
1913 5546 1994 5616 inf

415 5619 804 5686 terpretati-one
858 5617 1060 5668 deserit
1121 5619 1209 5669 hic
1267 5615 1644 5679 Thomasins;
1703 5615 1992 5686 I'Ipiphanii

417 5685 598 5739 tanien
640 5701 800 5738 Sensa
845 5687 1068 5738 omnino
1109 5703 1214 5740 non
1269 5687 1446 5740 reddit
1477 5686 1689 5740 Latine.
1723 5685 1775 5740 ni
1810 5685 1994 5751 suspi-

2120 4492 2420 4562 ’Λσσυρίων
2445 4491 2525 4554 εἰς
2555 4490 2654 4560 τὴν
2679 4489 2961 4551 Ἰουδαίαν,
2990 4487 3086 4542 καὶ
3123 4485 3378 4549 λαϐόντες
3417 4487 3519 4556 τὴν
3549 4487 3692 4538 Πεν-

2104 4584 2364 4654 τάτευχον
2395 4583 2562 4654 μόνην
2592 4581 2890 4645 Μωῦσέως,
2912 4579 3007 4634 τοῦ
3049 4579 3312 4650 βασιλέως
3337 4579 3524 4642 αὐτοῖς
3553 4579 3692 4631 ἀπο-

2107 4677 2410 4738 στείλαντος
2445 4673 2554 4727 άπδ
2587 4672 2924 4736 Βαϐυλῶνος,
2963 4671 3051 4726 διὰ
3100 4669 3289 4743 ἱερέως
3330 4669 3537 4740 Ἐσδρα
3583 4687 3688 4722 κα-

2103 4769 2196 4821 λου
2205 4768 2386 4838 μένου.
2416 4765 2498 4820 Τὰ
2525 4765 2704 4819 πάντα
2729 4764 2942 4835 ἔχοντες
2971 4763 3064 4818 ἴσα
3091 4761 3380 4824 Ἰουδαίων,
3420 4761 3560 4831 πλὴν
3591 4761 3688 4813 τοῦ

2103 4857 2482 4928 βδελύττεσθαι
2529 4857 2598 4910 τὰ
2632 4857 2782 4926 ἔθνη,
2824 4855 2916 4908 καὶ
2961 4856 3098 4926 μήτε
3135 4852 3470 4926 προσψαύειν
3501 4853 3688 4915 τινῶν,

2103 4951 2197 5003 καὶ
2236 4950 2374 5021 πλὴν
2399 4950 2493 5002 τοῦ
2527 4949 2809 5022 ἀρνεῖσθαι
2853 4947 3064 5020 νεκρῶν
3111 4947 3426 5010 ἀνάστασιν,
3459 4945 3556 5000 καὶ
3589 4945 3688 5007 τάς

2096 5260 2242 5315 ceris
2285 5261 2492 5314 librarii
2533 5275 2724 5314 errore
2775 5265 2828 5312 et
2883 5255 3175 5310 oscitantia
3209 5253 3488 5309 Thomasii
3519 5255 3684 5311 verba

2093 5347 2221 5386 esse
2251 5332 2463 5384 vitiata.
2527 5329 2740 5384 Sensus
2775 5343 2904 5398 ergo
2957 5327 3439 5398 Epiphaniirrst.’
3477 5339 3532 5378 ut
3589 5327 3684 5396 qui

2094 5403 2320 5463 vellent,
2347 5400 2546 5464 αὐτοὺς
2577 5400 2852 5460 θέλοντας,
2889 5413 2994 5451 non
3029 5413 3152 5450 cum
3183 5397 3516 5465 quibuslibet
3545 5411 3684 5464 quas

2095 5473 2333 5534 vellent,
2382 5471 2894 5540 coniungerentur;
2940 5467 3197 5540 sedeum
3225 5467 3562 5540 quibuslibet
3593 5481 3684 5520 v0-

2093 5541 2356 5602 lentibus.
2392 5537 2853 5608 assentientibus;
2883 5554 3008 5594 cum
3033 5539 3166 5604 illis,
3191 5553 3312 5608 quae
3341 5537 3684 5598 velletit,rai.;

2095 5611 2470 5680 βουλομέναις.
