3986 6224
319 351 427 408 8υὸ

1616 351 2278 412 ANACEPHAL/LOSIS.

3475 350 3579 423 sus

319 470 485 533 ἄλλας
531 472 864 541 προφητείας
923 474 1059 543 μετά
1115 475 1391 536 Μωῦσέως
1449 477 1489 526 ¹.
1549 476 1888 549 Σαμαρειτῶι

2011 492 2205 531 norum
2251 483 2336 532 est
2381 477 2549 531 l‘actio
2593 477 2767 534 divisa
2798 482 2851 532 in
2885 477 3064 548 partes
3113 486 3364 551 quatuor.
3407 481 3578 537 Primi

319 561 448 631 ἔονη
481 562 741 633 τέσσαρα,
772 563 1058 636 Γοροοηνοὶ
1089 567 1220 636 (Η),
1255 568 1305 618 οἱ
1347 566 1526 631 ἄλλοις
1565 571 1777 638 καιροῖς
1803 569 1902 630 τάς

319 654 514 719 ἑορτὰς
544 655 767 722 ἄγοντες
795 657 945 728 παρά
973 659 1098 720 τοὺς
1127 657 1468 721 Σεὸουαίους.
1509 649 1784 712 Σεϐουαῖοι
1812 659 1902 712 διὰ

315 745 418 813 τὴν
485 746 654 815 αὐτὴν
699 748 879 801 αἰτίαν
923 748 1032 801 τῶν
1076 748 1278 818 ἑορτῶν
1335 749 1469 820 πρὸς
1518 751 1642 815 τοὺς
1692 751 1898 823 Γορθη-

318 836 443 898 νοὺς
479 836 876 908 διαφερόμενοι,
925 841 1188 911 Ἐσσηνοὶ,
1247 842 1367 912 μηδ’
1414 841 1700 912 ὁποτέραις
1748 844 1900 896 ἐναν-

314 926 589 998 τιούμενοι
612 971 626 995 ,
685 933 796 994 τοῖς
858 931 916 984 δὲ
977 932 1485 1003 παρατυγχάνουσιν
1554 933 1899 1004 ἑορτάζοντες

317 1017 646 1091 ἀδιαφόρως.
682 1021 921 1075 Δοσίθεοι
961 1025 1074 1088 τοῖς
1112 1025 1294 1086 αὐτοῖς
1329 1023 1528 1092 ἔθεσιν,
1559 1020 1638 1090 οἷς
1673 1028 1765 1080 καὶ
1796 1028 1899 1079 Σα-

320 1113 577 1180 μαρεῖται
604 1111 1102 1184 ὲμπολιτευόμενοι,
1131 1118 1401 1187 περιτομῇ
1429 1133 1489 1169 τε
1515 1118 1608 1170 καὶ
1637 1117 1898 1190 Σαϐϐάτῳ

313 1201 412 1253 καὶ
441 1204 553 1264 τοῖς
581 1202 760 1267 ἄλλοις
791 1204 1063 1277 χρώμενοι
1093 1210 1160 1277 τῇ
1193 1225 1251 1261 τε
1300 1209 1674 1281 Πεντατεύχῳ,
1703 1227 1896 1282 περισ-

316 1292 536 1364 σότερόν
570 1311 629 1346 τε
657 1295 764 1350 τῶν
794 1296 969 1350 ἄλλων
998 1298 1354 1367 φυλάττοντες
1378 1301 1441 1352 τὸ
1468 1301 1769 1372 ἀπέχεσθαι
1797 1303 1896 1372 ἐμ-

312 1384 521 1453 ψύχων.
554 1385 612 1439 ὲν
651 1388 926 1458 νηστείαις
976 1390 1336 1460 συνεχέστατα
1377 1390 1634 1462 βιοῦντες.
1674 1393 1896 1463 Ἔχουσι

312 1474 370 1526 δὲ
415 1475 509 1528 καὶ
559 1475 856 1546 παρθενίαν
902 1479 1044 1542 τινὲς
1088 1480 1269 1534 αὐτῶν
1294 1522 1308 1546 ,
1357 1481 1777 1554 ἐγκρατεύονται
1836 1483 1894 1537 δὲ

312 1565 481 1620 ἄλλοι.
517 1567 836 1621 Πιστεύουσι
868 1569 927 1623 δὲ
973 1570 1180 1643 νεκρῶν
1230 1572 1544 1636 ἀνάστασιν,
1575 1574 1711 1643 ὅπερ
1748 1571 1894 1636 ξένον

312 1657 432 1709 ἐστὶ
462 1659 850 1730 Σαμαρείταις.

2004 579 2132 622 sunt
2159 567 2444 636 Gortheni,
2481 569 2574 639 qui
2617 569 2785 625 festos
2817 571 2934 625 dies
2964 571 3109 636 aliis,
3139 587 3300 642 quam
3342 571 3575 636 Scbuaei,

2003 661 2340 729 temporibus
2370 660 2637 716 indicunt.
2678 661 2782 714 Alii
2834 662 3068 729 Sebuaei,
3102 664 3195 732 qui
3227 664 3299 720 ob
3327 665 3575 720 eamdem

2006 751 2268 806 festorum
2294 751 2527 828 “dierum
2569 753 2916 809 occasionem
2964 769 2994 808 a
3039 754 3333 810 Gorthenis
3362 755 3578 810 dissen-

2002 843 2165 897 tiunt.
2203 843 2366 897 'l‘ertii
2417 852 2546 897 sunt
2598 842 2790 898 Esseni
2816 883 2830 908 ,
2866 844 2962 914 qui
3014 847 3192 900 neutri
3231 847 3369 916 parti
3413 861 3577 915 repuo

2003 941 2207 1000 gnant,
2240 934 2334 988 sed
2387 950 2510 988 cum
2550 935 2638 998 iis,
2678 936 2730 988 in
2782 949 2921 1004 quos
2948 934 3273 1003 inciderint,
3305 937 3425 992 sine
3463 937 3576 992 ullo

2000 1025 2320 1080 discrimine
2353 1024 2490 1080 festa
2527 1036 2812 1096 peragunt.
2849 1025 3120 1083 Postremi
3149 1036 3279 1084 sunt
3308 1028 3573 1096 Dosithei,

1999 1115 2092 1183 qui
2117 1115 2333 1180 iisdem,
2371 1116 2568 1185 quibus
2603 1116 2933 1174 Samaritani
2958 1159 2973 1184 ,
3009 1120 3275 1178 institutis
3323 1131 3572 1189 utuntur;

1997 1205 2472 1261 eireumcisionem
2507 1217 2560 1262 et
2585 1209 2885 1264 Sabbatum
2915 1225 2981 1264 ac
3016 1219 3235 1276 egetera,
3278 1213 3576 1284 itidemque

1998 1292 2430 1350 Pentateuehum
2460 1298 2736 1354 adhibent.
2785 1299 3060 1371 Pnecipue
3094 1318 3222 1357 vero
3247 1317 3311 1357 ac
3343 1319 3455 1374 prae
3486 1321 3572 1362 re-

2000 1385 2163 1456 liquis
2193 1388 2448 1442 omnibus
2477 1389 2579 1443 sibi
2613 1391 2683 1445 ab
2713 1392 2974 1448 animalis
3007 1402 3331 1463 temperant,
3357 1411 3420 1449 ac
3451 1412 3574 1466 per-

1999 1484 2168 1546 petuo
2195 1476 2310 1533 fere
2338 1478 2608 1548 jejunaut.
2646 1480 2786 1536 Sunt
2823 1484 2965 1539 inter
3006 1485 3126 1541 illos
3161 1486 3255 1555 qui
3286 1487 3571 1558 virginita-

1997 1577 2106 1620 tem
2137 1568 2343 1633 colunt,
2387 1568 2478 1621 alii
2523 1570 2938 1627 continentiam.
2985 1572 3412 1632 ltesurrecturos
3447 1593 3572 1633 esse

1998 1661 2250 1710 mortuos.
2292 1656 2547 1724 credunt,
2583 1660 2726 1729 quod
2754 1675 2784 1714 a
2813 1659 3281 1719 Samaritanorum
3319 1665 3573 1737 dogmate

1995 1743 2270 1799 abhorret.

397 1824 664 1879 Ἰουδαίων
723 1826 964 1898 αἱρέσεις
1031 1820 1202 1886 ἑπτά’
1267 1832 1638 1904 Γραμματείς,
1704 1835 1888 1899 οἵτινες

2067 1832 2383 1890 ιῐυιιωοτιιιη
2441 1849 2604 1894 sectae
2636 1856 2866 1896 numero
2897 1859 2993 1907 vir,
3033 1862 3095 1899 ac
3142 1848 3318 1916 primo
3343 1845 3567 1912 Scribat,

310 1916 522 1987 νομικοὶ
560 1916 658 1987 μὲν
703 1914 862 1989 ἦσαν,
891 1923 985 1974 καὶ
1016 1924 1374 1993 Δευτερωταὶ
1408 1925 1758 1996 παραδόσεων
1782 1927 1890 1980 τῶν

308 2006 441 2077 παρ’
472 2008 655 2070 αὐτοῖς
685 2008 1094 2081 πρεσϐυτέρων,
1121 2014 1189 2082 τῇ
1222 2015 1575 2086 περιττοτέρᾳ
1605 2015 1892 2088 ἐθελοθρη-

309 2097 468 2169 σκείᾳ
492 2097 586 2169 ἔϐη
629 2099 1010 2166 φυλάττοντες,
1045 2099 1162 2156 ἂοὺ
1203 2104 1290 2158 διὰ
1315 2105 1408 2158 τοῦ
1441 2106 1604 2177 νόμου
1639 2108 1889 2179 μεμαθή-

307 2203 490 2252 κασιν,
521 2189 635 2243 ἀλλ’
668 2190 879 2254 ἑαυτοῖς
910 2191 1196 2247 ὲτύπωσαν
1244 2195 1563 2268 σεϐάσματα
1591 2198 1889 2270 δικαιότητι

304 2279 406 2350 τῆς
439 2281 778 2350 νομοθεσίας.

373 2453 696 2526 Φαρισαῖοι,
746 2458 1170 2528 ἑρμηνευόμενοι
1229 2448 1666 2531 Ἇφωρισμένοι,
1715 2465 1766 2516 oi
1829 2465 1890 2517 τὸ

301 2545 602 2615 ἀκρότατον
635 2545 896 2616 βιοῦντες,
926 2547 1021 2601 καὶ
1062 2548 1221 2620 δῆθεν
1244 2549 1354 2604 τῶν
1385 2551 1562 2605 ἄλλων
1587 2553 1887 2624 δοκιμώτε-

304 2651 408 2706 ροι.
452 2637 590 2706 Παρ⁹
619 2631 700 2701 οἷς
734 2638 828 2690 καὶ
873 2637 1081 2709 νεκρῶν
1112 2639 1432 2708 ἀνάστασις,
1471 2642 1548 2705 ὡς
1599 2646 1695 2698 καὶ
1739 2647 1889 2718 παρά

297 2725 414 2788 τοίς
442 2725 850 2796 Γραμματεὼι,
887 2730 980 2783 καὶ
1016 2730 1050 2800 ἡ
1097 2732 1229 2802 περὶ
1267 2732 1503 2801 ἀγγέλου
1528 2736 1549 2766 ³
1581 2734 1676 2787 τοῦ
1719 2735 1889 2789 Ilvati-

303 2831 475 2886 ματος
505 2817 683 2886 ἁγίου,
717 2819 800 2872 ὅτι
850 2820 966 2874 ἐστι
1023 2823 1440 2890 συγκατάθεσις.
1489 2825 1739 2882 Πολιτεία
1775 2827 1891 2882 διά-

299 2925 488 2979 φορος,
519 2909 817 2980 ἐγκράτεια
851 2912 956 2976 ἕως
985 2914 1200 2984 χρόνου,
1230 2917 1325 2970 καὶ
1369 2916 1640 2988 παρθενία
1667 2920 1890 2990 νηστεία

298 3015 362 3052 τε
407 2999 494 3052 διά
547 2999 642 3053 τοῦ
668 3002 969 3070 Σαϐϐάτου,
1000 3005 1204 3072 ξεστῶν
1238 3006 1571 3080 καθαρισμοὶ
1600 3011 1695 3064 καὶ
1733 3012 1889 3065 πινά-

299 3105 415 3140 κων
447 3089 540 3142 καὶ
569 3093 862 3161 ποτηρίων,
892 3094 969 3159 ὡς
1001 3097 1095 3149 καὶ
1129 3097 1180 3150 οἱ
1219 3098 1592 3168 Γραμματείς,
1620 3102 1880 3156 ἀποδεκά-

298 3173 465 3238 τωσίς
492 3191 550 3261 τε
578 3177 670 3261 και
695 3179 940 3250 ἀπαρχαὶ
1003 3183 1096 3235 καὶ
1146 3183 1424 3256 ἐνδελεχὴς
1471 3186 1605 3257 εὐχὴ
1636 3189 1729 3241 καὶ
1756 3191 1886 3261 σχή-
1916 3186 1958 3242 C

299 3273 453 3325 ματα
496 3258 989 3333 ἐθελοθρησκητικέι
1029 3267 1127 3337 τῆς
1171 3267 1516 3338 ἐνδυμενείας
1551 3269 1639 3325 διά
1677 3289 1758 3326 τοι
1784 3258 1887 3342 τῆς

298 3351 639 3422 ἀμπεχόνης,
673 3358 766 3406 καὶ
796 3355 904 3408 τῶν
927 3357 1270 3428 δαλματικῶν
1293 3362 1458 3432 ἤγουν
1489 3365 1767 3433 κολοὸίων,
1793 3371 1888 3424 καὶ

298 3441 398 3493 τοῦ
451 3443 768 3516 πλατυσμοῦ
811 3448 921 3502 τῶν
965 3451 1372 3524 φυλακτηρίων,
1418 3459 1665 3514 τουτέστι
1705 3461 1884 3532 aniti-

297 3550 410 3586 των
441 3536 539 3606 τῆς
565 3538 870 3610 πορφύρας,
899 3543 992 3596 καὶ
1046 3547 1365 3615 κρασπέδων
1397 3551 1492 3604 καὶ
1530 3553 1761 3622 ροϊσκων
1795 3557 1888 3609 ἐπὶ

298 3625 371 3677 τὰ
399 3627 665 3698 πτερύγια
704 3634 801 3702 τῆς
842 3634 1178 3708 ἀμπεχόνης,
1223 3639 1383 3694 ἅτινα
1414 3643 1583 3697 ταῦτα
1624 3645 1885 3717 ἐτύγχανε

299 3719 507 3787 σημεῖα
536 3721 632 3789 τῆς
675 3725 804 3794 παρ’
835 3725 1019 3790 αὐτοῖς
1047 3729 1175 3800 ἄχρι
1227 3733 1418 3802 καιροῦ
1450 3737 1773 3806 ἐγκρατείας
1793 3756 1806 3768 ⁸
1836 3740 1885 3791 οἳ

300 3805 398 3858 καὶ
433 3811 824 3884 παρεισὲφερον
853 3815 1065 3884 γένεσιν
1094 3820 1186 3871 καὶ
1217 3805 1576 3897 εἱμαρμένην,

374 4078 740 4150 Σαδδουκαῖοι,
781 4090 829 4140 οἱ
856 4089 1282 4164 ἑρμηνευόμενοι
1315 4099 1678 4166 Δικαιότατοι,
1710 4105 1760 4158 οἳ
1795 4111 1887 4161 καὶ

299 4171 368 4268 ἔκ
390 4173 580 4240 γένους
614 4177 713 4245 μὲν
752 4175 892 4249 ἦσαν
918 4183 1290 4256 Σαμαρειτῶν,
1316 4190 1451 4260 ὁμοῦ
1480 4191 1536 4245 δὲ
1566 4196 1658 4248 καὶ
1697 4198 1886 4268 ἱερέως

299 4259 531 4327 Σαδοὺκ,
576 4268 784 4338 νεκρῶν
837 4272 935 4340 μὲν
969 4274 1266 4330 ἀνάστασιν
1295 4259 1637 4351 ἀρνούμενοι,
1671 4259 1764 4340 καί
1809 4259 1884 4359 μη

301 4356 736 4428 παραδεχόμενοι
785 4362 1013 4432 ἄγγελον
1057 4369 1192 4439 μηδὲ
1231 4372 1482 4443 πνεῦμα,
1527 4377 1595 4430 τὰ
1635 4377 1692 4430 δὲ
1725 4356 1884 4434 λοιπά

300 4447 483 4501 πάντα
515 4450 664 4516 ὄντες
702 4453 957 4511 Ἰουδαῖοι.

386 4539 918 4612 Ἦμεροϐαπτισταὶ,
979 4549 1028 4602 οἳ
1079 4552 1179 4620 μὲν
1225 4554 1365 4608 κατὰ
1416 4559 1591 4613 πάντα
1645 4562 1887 4616 Ἰουδαῖοι

299 4621 465 4700 ἦσαν,
501 4630 738 4700 ἔφασκον
775 4635 831 4688 δὲ
871 4638 1074 4708 μηδένα
1120 4641 1267 4712 ζωῆς
1310 4645 1531 4700 αἰωνίου
1572 4653 1883 4722 τυγχάνειν,

303 4723 351 4774 εἰ
388 4722 464 4792 μή
492 4740 542 4775 τι
571 4722 636 4776 Ξιν
667 4725 785 4778 καθ’
817 4728 1055 4800 ἑκάστην
1087 4732 1422 4802 βαπτίζοιτο.

388 4893 656 4965 Ὀσσηνοὶ,
683 4897 732 4950 οἳ
759 4898 822 4970 δὴ
862 4901 1224 4971 Ἰτίίμὼτατοι
1268 4909 1683 4982 ἑρμηνεύονται.
1705 4915 1885 4974 Ἦσαν

299 4984 359 5038 δὲ
392 4979 538 5039 οὗτοι
564 4988 704 5041 κατὰ
729 4990 906 5044 πάντα
930 4992 1020 5045 τὸν
1046 4995 1207 5066 νόμον
1231 4999 1533 5068 τελοῦντες,
1564 5007 1804 5077 ἐχρῶντο
1829 5010 1886 5063 δὲ

301 5079 399 5130 καὶ
424 5078 667 5150 Γραφαῖς
699 5082 912 5154 ἑτέραις
934 5089 1074 5156 μετὰ
1095 5089 1186 5142 τὸν
1206 5091 1398 5162 νόμον
1432 5096 1557 5160 τοὺς
1584 5098 1641 5150 δὲ
1671 5100 1888 5166 πλείους

300 5168 413 5222 τῶν
451 5171 748 5240 μετέπειτα
777 5179 1073 5247 προφητῶν
1105 5181 1487 5238 ἀπεϐάλλοντο.

370 5261 742 5335 Νασσαραῖοι,
797 5270 846 5320 οἱ
899 5271 1324 5344 ἑρμηνευόμενοι
1366 5279 1786 5351 Ἀφηνιασταὶ,
1837 5289 1887 5339 οἳ

378 5417 394 5448 ⁸
426 5418 550 5472 Cor.
583 5419 844 5493 Μωῦσῆν.
924 5428 942 5453 ²
980 5424 1102 5479 Fur.
1141 5429 1420 5497 Ἀγγέλου,
1461 5436 1571 5488 καί.

372 5593 1003 5683 (Η),ζ’ρροθηφςοί,μιιιρ.
1152 5607 1434 5683 Ερῖρίιιιιιὶί
1472 5615 1714 5683 partitio,
1752 5634 1867 5673 mo-

297 5680 464 5727 nente
499 5671 741 5727 Priario
772 5677 824 5729 in
860 5671 1345 5735 Animmlversione
1395 5671 1636 5739 ad'hanc
1673 5671 1866 5742 Sunia-

296 5746 609 5798 rit-a‘rmrunr
637 5748 864 5814 sectatur,-
893 5757 944 5802 et
981 5751 1200 5819 quidem
1238 5753 1407 5818 bene,
1444 5771 1659 5826 aequum
1693 5764 1864 5832 magis

1995 1925 2132 1997 legis
2165 1928 2326 1998 periti
2359 1938 2414 1984 et
2446 1932 2800 1988 traditionum
2833 1951 2972 2005 quas
3004 1953 3033 1991 a
3065 1939 3371 1993 senioribus
3416 1952 3570 1995 accc:-

1992 2028 2184 2086 perant
2233 2028 2288 2075 et
2318 2020 2631 2078 Deuteroses
2657 2025 2944 2093 vocabant,
2984 2031 3367 2085 observatores
3395 2030 3568 2097 fuere;

1993 2123 2057 2163 ac
2091 2109 2231 2164 ritus
2277 2125 2471 2168 omnes
2518 2116 2956 2184 superstitiosius
2996 2121 3209 2176 caeteris
3241 2135 3304 2174 ac
3341 2122 3571 2192 diligens

1994 2199 2103 2254 tius
2159 2209 2472 2265 tenuerunt,
2526 2221 2668 2276 quos
2705 2222 2815 2262 non
2854 2224 2885 2264 e
2934 2210 3050 2280 lege
3095 2211 3420 2276 didicerant,
3472 2205 3569 2268 sed

1992 2289 2350 2361 sibimetipsis
2384 2303 2642 2366 tanquam
2690 2298 2922 2366 justitize
2949 2300 3084 2371 legis
3118 2302 3421 2372 singulares
3451 2303 3570 2359 eul-

1993 2391 2081 2437 tus
2111 2398 2177 2438 ac
2203 2389 2559 2442 caeremonias
2588 2389 2916 2446 indixerant.

2064 2471 2362 2542 Pharisaei,
2420 2494 2561 2548 quos
2609 2477 2919 2550 Segregatos
2965 2480 3308 2550 interpretari
3365 2483 3565 2552 possis,

1992 2566 2084 2635 qui
2113 2569 2522 2624 sanctissimam
2553 2573 2678 2626 vitae
2705 2575 2972 2628 rationem
3000 2573 3260 2643 professi,
3298 2575 3570 2644 probitale‘

1992 2660 2205 2713 caeteris
2261 2662 2584 2718 antecellere
2637 2664 2980 2719 videbantur.
3032 2666 3368 2722 Mm-tuormn
3425 2672 3567 2737 apud

1992 2747 2115 2802 illos
2157 2752 2490 2806 resurrectio
2552 2763 2612 2806 ut
2655 2762 2710 2808 et
2756 2757 2899 2824 apud
2969 2757 3192 2812 Seribas
3234 2759 3566 2814 dthlldillll‘.’

1993 2839 2159 2894 Iidem
2207 2844 2459 2912 angelum
2491 2859 2556 2898 ac
2583 2845 2846 2914 Spiritum
2892 2858 3140 2903 sanctum
3170 2865 3292 2906 esse
3323 2868 3428 2906 non
3470 2864 3568 2908 ne-‘

1991 2932 2142 3001 gant.
2183 2931 2315 2988 Vitae
2343 2934 2602 2990 eximium
2633 2939 2943 2994 institutum
2974 2957 3082 3011 pne
3119 2955 3180 2997 se
3213 2944 3413 3007 ferunt,
3435 2960 3569 2999 cou-

1995 3022 2276 3076 tinentiam
2308 3034 2516 3079 certum
2562 3027 2628 3081 ad
2679 3037 2895 3099 tempus
2933 3046 2998 3085 ac
3029 3033 3391 3102 virginitatem
3431 3051 3568 3106 quo.

1992 3125 2100 3180 que
2142 3113 2481 3182 suscipiunt,
2532 3115 2618 3170 bis
2664 3117 3003 3176 hebdomada
3038 3136 3254 3192 quaque
3295 3122 3568 3193 jejunare,

1993 3217 2187 3258 urceos
2235 3218 2300 3259 ac
2348 3204 2534 3261 discos
2566 3217 2620 3261 et
2669 3210 2862 3277 pocula
2914 3212 3114 3280 saepius
3158 3213 3361 3278 cluere,
3413 3223 3475 3269 ut
3515 3225 3570 3270 et

1992 3289 2218 3356 Scribae,
2254 3293 2404 3348 soliti
2435 3309 2450 3346 :
2483 3294 2552 3349 ad
2599 3296 2714 3351 hzee
2764 3299 2973 3370 1117
3020 3300 3263 3356 decimas
3288 3311 3344 3358 ct
3375 3305 3570 3375 primi-

1991 3384 2096 3440 tias
2122 3385 2340 3451 olferre,
2389 3387 2613 3444 assidue
2648 3392 2887 3458 precari,
2934 3400 3119 3448 certos
3163 3394 3347 3450 cultus
3379 3413 3442 3450 ae
3474 3412 3570 3452 su-

1993 3476 2306 3545 perstitiosa
2359 3480 2811 3537 vestimentorum
2863 3500 3062 3554 genera
3114 3487 3391 3543 curiosius
3438 3491 3569 3546 all'eé

1989 3576 2175 3632 ctare,
2210 3568 2524 3637 cujusmodi
2573 3581 2703 3626 sunt
2750 3572 3056 3629 dalmaticaa
3092 3576 3209 3630 sive
3242 3578 3476 3643 colobia,
3515 3587 3571 3634 ct

1990 3655 2183 3711 latiora
2244 3663 2490 3729 quaedam
2573 3663 2943 3732 phylacteria,
2990 3665 3095 3724 hoc
3141 3673 3226 3721 est
3287 3678 3568 3739 segmenta

1991 3760 2288 3815 purpurea,
2319 3755 2373 3803 et
2423 3748 2651 3806 ﬁmbriie'
2729 3768 2793 3806 ac
2835 3754 3212 3824 malogranata
3237 3757 3305 3813 ad
3333 3760 3568 3814 vestium

1989 3852 2117 3891 oras
2145 3852 2384 3906 appensa
2407 3878 2421 3902 ,
2457 3857 2578 3910 qua:
2615 3843 2857 3912 ipsorum
2894 3849 3241 3915 temporariae
3277 3853 3569 3904 continen-

1990 3925 2078 3980 tiae
2104 3928 2260 3996 signa
2302 3930 2686 3997 praeferebant.
2727 3930 2894 3988 Iidem
2926 3945 3212 4005 postremo
3241 3953 3472 4008 geneses
3503 3958 3568 3997 ac

1990 4017 2160 4070 fatum
2200 4019 2640 4076 iutroducebant.

2062 4108 2379 4164 Sadducaeis
2431 4111 2500 4165 ab
2551 4113 2902 4168 exactissima
2941 4115 3159 4184 justitia
3212 4133 3414 4174 nomen
3459 4131 3565 4178 est.

1989 4198 2092 4263 Qui
2123 4214 2154 4253 e
2184 4199 2659 4256 Samaritanorum
2708 4220 2909 4274 genere
2940 4222 2970 4259 a
3015 4209 3302 4266 sacerdote
3328 4212 3567 4280 quodam

1991 4289 2170 4350 Sadoc
2217 4303 2398 4349 ortum
2447 4297 2777 4356 habuerunt.
2835 4299 3173 4358 Mortuorum
3208 4309 3568 4373 resurrectio-

1990 4401 2111 4440 nem
2140 4385 2426 4452 damnant,
2461 4390 2714 4459 angelum
2770 4405 2834 4445 ac
2880 4391 3136 4460 spiritum
3185 4396 3432 4454 {illiditus
3465 4413 3567 4452 ne-

1989 4486 2142 4549 gant,
2178 4487 2376 4533 ezetcra
2405 4478 2718 4536 Judzeorum
2753 4485 2982 4543 similes.

2064 4569 2552 4641 “CIIICI‘UbapliSlR‘.
2583 4575 2720 4628 nihil
2749 4578 2818 4631 ab
2837 4575 3043 4634 Judzeis
3075 4588 3430 4650 praeterquam
3463 4583 3568 4638 hoc

1991 4675 2100 4714 uno
2125 4661 2528 4731 disereparunt,
2557 4667 2702 4733 quod
2737 4669 3011 4724 neminem
3035 4685 3253 4726 acterna:
3273 4674 3397 4726 vitae
3416 4689 3568 4727 com-

1990 4758 2174 4818 potem
2218 4767 2341 4806 esse
2385 4768 2547 4824 posse
2595 4757 2879 4825 dicerent,
2941 4761 3048 4814 nisi
3094 4763 3338 4831 quotidie
3385 4779 3445 4818 se
3490 4765 3568 4818 la-

1989 4847 2162 4894 varet.

2061 4930 2280 4995 Osscni,
2307 4949 2542 5002 quorum
2581 4951 2782 4993 nomen
2812 4938 3236 4998 Procacissimos
3268 4944 3563 5013 signilicat.

1987 5020 2088 5086 Qui
2123 5038 2190 5076 ex
2223 5025 2546 5095 praescripto
2586 5028 2720 5099 legis
2743 5034 2928 5085 omnia
2951 5032 3262 5100 faciebant;
3300 5033 3394 5090 sed
3428 5037 3566 5091 alias

1989 5119 2248 5177 praeterea
2269 5113 2587 5184 Seripturas
2614 5119 2969 5187 adhibebant,
2996 5132 3050 5177 et
3077 5140 3143 5178 ex
3167 5125 3566 5194 posterioribus

1989 5203 2269 5270 pruplietis
2305 5207 2598 5278 plerosque
2633 5212 2976 5280 rejiciebant.

2058 5293 2410 5367 Nassaraeos,
2445 5299 2796 5357 Comumaces
2834 5307 3185 5376 interpretari
3231 5312 3435 5378 possis,
3470 5313 3563 5383 qui

1975 5637 2039 5675 ac
2066 5624 2355 5706 benignum]
2412 5627 2671 5706 lectorem
2725 5634 2922 5704 exigit,
2959 5645 3122 5706 quam
3167 5651 3480 5700 accuratum
3513 5661 3566 5702 et

1975 5709 2244 5817 sleviirum.
2295 5696 2492 5752 Confer
2544 5717 2664 5768 qua:
2724 5696 2919 5761 eodem
2973 5696 3030 5762 in
3083 5710 3206 5766 loco
3266 5696 3564 5772 instinctu-vir

1975 5783 1992 5816 ί
2014 5782 2076 5816 (ΝΣ
2108 5781 2192 5817 us.

1975 5781 2192 5822 (ments.
