3986 6224
417 348 518 406 817

1801 333 1859 388 S.
1903 329 2242 388 EPIPHANII

3557 331 3669 386 8‘8

415 463 601 523 carnis
631 470 994 529 usu‘prorsus
1019 451 1364 510 interdicunt
1399 467 1412 505 :
1451 449 1520 505 ab
1572 447 1825 503 animatis
1860 445 1983 501 abs-

2094 447 2272 499 πᾶσαν
2304 447 2680 519 σαρκοφαγίαν
2711 443 3160 518 ἀπαγορεύουσιν,
3189 444 3446 515 ἐμψύχων
3474 446 3528 500 δὲ
3551 447 3667 500 οὐδ’

415 555 613 614 tinent,
655 544 1023 619 patriarchas
1052 555 1246 598 omnes
1286 539 1378 609 qui
1412 538 1467 590 in
1517 533 1884 590 Pentateucho
1917 532 1983 586 ad

417 643 620 713 Moysis
675 636 896 694 et-Jesu
946 636 1040 690 ﬁlii
1107 631 1255 688 Nave
1295 639 1542 699 tempora
1593 625 1982 684 continentur,

419 732 700 786 aseiscunt
738 734 817 782 -et
859 727 927 782 iis
959 725 1137 779 'ﬁdem
1186 721 1483 775 adhibent:
1523 715 1828 786 cuiusmodi
1857 720 1986 769 sunt

412 823 691 879 Abraham
743 828 798 875 et
871 817 1022 874 Isaac
1097 824 1151 868 et
1208 812 1378 866 Jacob
1441 812 1615 879 iisque
1673 806 1984 875 superiores

417 930 631 976 omnes,
677 923 892 967 necnon
943 920 998 962 et
1032 907 1245 978 Moyses
1281 905 1395 974 ipse
1421 919 1546 955 eum
1577 903 1792 953 Aarone
1821 904 1986 967 atque

414 1008 564 1066 Jesu,
590 1004 857 1060 Caeterum
900 998 1253 1056 Pentateuchi
1299 995 1572 1050 volumina
1618 989 1822 1062 Moysis
1863 1003 1986 1044 esse

419 1116 528 1156 non
555 1105 791 1168 putant,
825 1103 880 1150 et
924 1092 1030 1148 alia
1078 1091 1146 1145 ab
1199 1089 1268 1146 iis
1295 1087 1511 1142 diversa
1539 1097 1709 1154 penes
1757 1095 1817 1137 se
1861 1093 1986 1135 esse

407 1191 686 1262 iactitant.

483 1275 780 1335 Herodiani
815 1289 941 1330 eum
973 1271 1190 1328 Iudaeos
1221 1269 1276 1323 in
1305 1265 1562 1324 omnibus
1595 1278 1716 1320 sese
1756 1269 1986 1332 praesta-

410 1379 553 1436 rent,
583 1367 852 1424 Herodem
885 1364 1166 1420 Christum
1199 1376 1323 1417 esse
1370 1356 1788 1428 proﬁtebantur,
1822 1351 1984 1420 eique

410 1461 616 1516 Christi
642 1458 962 1529 dignitatem
999 1468 1064 1508 ac
1095 1467 1295 1507 nomen
1321 1447 1671 1518 aﬁingebant.

483 1552 702 1608 Primus
727 1550 832 1604 iste
869 1556 1053 1602 tomus
1091 1553 1176 1600 est
1203 1543 1294 1614 qui
1322 1541 1558 1594 haereses
1587 1553 1661 1591 xx
1694 1534 1938 1591 continet
1967 1547 1980 1583 :

405 1654 461 1698 et
511 1643 564 1696 in
599 1641 791 1696 eodem
839 1637 907 1693 de
957 1635 1334 1691 incarnatione
1371 1630 1577 1686 Christi
1629 1642 1694 1681 ac
1737 1625 1984 1682 veritatis

406 1732 752 1804 professione
777 1744 898 1800 quae
939 1741 1048 1783 una
1097 1734 1152 1782 et
1205 1725 1324 1780 sola
1371 1731 1456 1778 est
1507 1720 1602 1776 Dei
1646 1732 1776 1775 vera
1825 1717 1978 1780 ﬁdes,

409 1834 692 1895 postremo
721 1823 843 1876 loco
871 1819 1183 1874 disseritur.
1519 1809 1522 1812 ’

473 1915 756 1970 Hal-tenus
781 1913 966 1981 itaque
999 1925 1068 1964 xx
1107 1908 1322 1963 illarum
1356 1906 1636 1962 haereseon
1668 1917 1790 1974 quae
1818 1901 1982 1957 Chri-

407 2017 553 2064 stum
580 2012 995 2061 antecesserunt
1047 2002 1354 2057 confutatio
1408 2014 1475 2054 ac
1530 1998 1656 2054 ﬁdei
1701 2005 1756 2053 et
1799 1997 1984 2052 incar-

406 2100 650 2156 nationis
683 2096 888 2152 Christi
911 2095 1192 2150 declarata
1222 2095 1365 2147 ratio
1388 2101 1491 2147 est.

503 2192 722 2262 1118
783 2187 889 2244 Sed
950 2204 980 2244 e
1023 2187 1252 2258 vestigio
1309 2184 1514 2241 Christi
1569 2183 1697 2239 Jesu
1759 2182 1978 2238 Domini

405 2284 579 2339 nostri
631 2281 896 2335 adventus
954 2282 1007 2332 in
1057 2291 1224 2331 carne
1258 2282 1589 2330 consecutus
1619 2280 1736 2340 est,
1781 2273 1876 2345 qui
1930 2282 1985 2330 et

403 2393 479 2431 vn
519 2375 642 2428 illas
688 2373 926 2427 hereses
961 2369 1354 2439 Hierosolymis
1387 2365 1636 2429 oll'endit,
1669 2373 1724 2420 et
1757 2366 1978 2421 easdem

407 2483 506 2524 sua
543 2468 594 2522 vi
623 2465 914 2536 dissipavit
939 2473 994 2518 et
1024 2462 1310 2524 exstinxit.
1339 2459 1722 2526 Quan‘nobrem
1759 2457 1984 2528 reliquae

401 2574 596 2616 omnes
647 2558 883 2613 liasreses
923 2554 1161 2609 adventu
1207 2554 1301 2607 illo
1346 2552 1681 2623 posteriores
1716 2552 1980 2604 fuerunt:

406 2651 666 2705 nimirum
696 2657 987 2718 postquam
1015 2643 1184 2699 Maria
1206 2646 1359 2715 virgo
1391 2642 1647 2698 Nazareti
1682 2658 1712 2696 a
1731 2641 1983 2697 Gabriele

404 2744 686 2796 cuzlestem
721 2741 976 2794 nuntium
1017 2737 1257 2806 accepit,
1294 2749 1359 2789 ac
1397 2733 1634 2790 Verbum
1676 2734 1810 2788 illud
1852 2747 1987 2788 con-

403 2843 624 2904 ceptum
659 2840 768 2895 est,
805 2830 954 2902 quod
1004 2830 1224 2885 coalitus
1257 2842 1288 2884 e
1325 2835 1556 2899 paterno
1590 2826 1714 2881 sinu
1761 2826 1982 2897 prodiit,

405 2935 534 2980 ante
589 2935 806 2995 tempus
852 2930 1017 2994 atque
1069 2920 1286 2977 initium
1331 2933 1495 2974 omne
1533 2917 1883 2989 productum,
1931 2925 1987 2973 et

400 3019 662 3074 extremis
680 3015 1018 3087 temporibus
1040 3012 1189 3068 venit
1219 3011 1360 3067 Deus
1374 3008 1611 3066 Verbum
1641 3010 1936 3074 exsistens,
1955 3024 1986 3062 a

2013 1787 2058 1843 B

2084 539 2221 602 ὅλως
2264 538 2788 608 μεταλαμϐάνουσιν.
2841 539 3004 608 Ἄχρι
3038 533 3095 590 δὲ
3126 539 3404 601 Μωῦσέως
3426 537 3521 591 καὶ
3555 540 3664 610 Ἰη-

2087 627 2182 681 σοῦ
2215 627 2310 680 τοῦ
2340 628 2497 697 Ναυῆ
2527 629 2724 691 τοῖς.ἐν
2754 629 2820 697 τῇ
2850 625 3206 698 Πεντατεύχῳ
3232 627 3408 694 ἁγίοις
3436 627 3668 697 ὀνόμασι

2088 718 2443 792 πατριαρχῶν
2477 717 2808 789 κεχρημένοι
2835 736 2894 771 τε
2921 718 3013 770 καὶ
3042 716 3409 781 πιστεύοντες,
3436 717 3588 787 φημὶ
3608 717 3672 770 δὲ

2099 809 2352 882 ’Λϐραὰμ
2386 809 2479 862 καὶ
2521 808 2708 861 Ἰσαὰκ
2743 807 2837 861 καὶ
2877 806 3072 860 Ἰακὼϐ
3109 809 3202 860 καὶ
3234 807 3342 859 τῶν
3377 808 3664 870 ἀνωτάτω,

2086 901 2180 954 καὶ
2220 899 2386 954 αὐτοῦ
2432 900 2710 964 Μωῦσέως
2762 899 2856 953 καὶ
2914 899 3123 970 Ἀαρὼν
3171 899 3266 952 καὶ⁹
3303 897 3495 969 Ἰησοῦ.
3553 899 3669 963 Τὰς

2084 990 2142 1043 δὲ
2199 991 2298 1061 τῆς
2344 989 2713 1060 Πεντατεύχου
2764 990 2988 1062 Γραφὰς
3039 990 3139 1042 οὐκ
3202 984 3342 1042 εἶναι
3386 989 3671 1054 Μωῡσέως

2084 1077 2523 1152 δογματίζουσιν,
2565 1079 2732 1143 ἄλλας
2767 1080 2824 1134 δὲ
2862 1080 3015 1152 παρὰ
3058 1079 3260 1144 ταύτας
3304 1079 3448 1150 ἔχειν
3481 1079 3669 1132 διαϐε-

2085 1172 2383 1227 ϐαιοῦνται.

2166 1264 2506 1334 Ἡρωδιανοὶ,
2552 1263 2602 1316 οἳ
2649 1263 2886 1317 Ἰουδαῖοι
2938 1263 3036 1333 μὲν
3079 1257 3219 1334 ἦσαν
3273 1261 3414 1316 κατὰ
3463 1262 3671 1323 πάντα,

2098 1353 2342 1425 Ἡρώδην
2387 1354 2446 1406 δὲ
2493 1355 2726 1425 Χριστὸν
2761 1356 3132 1425 προσεδόκων,
3176 1355 3270 1407 καλ⁵
3316 1354 3490 1424 τούτῳ
3537 1354 3674 1424 περὶ

2084 1445 2182 1500 τοῦ
2219 1446 2454 1517 Χριστοῦ
2488 1446 2766 1500 ἐπεδίδουν
2791 1447 2928 1517 γέρα
2958 1446 3052 1498 καὶ
3083 1446 3273 1515 ὄνομα.

2155 1529 2324 1600 Οὗτος
2370 1537 2586 1608 πρῶτος
2625 1538 2791 1609 τόμος
2840 1539 3110 1610 περιέχων
3152 1539 3292 1591 κατὰ
3333 1537 3522 1592 πασῶν
3555 1539 3672 1590 τῶν

2085 1633 2287 1686 εἴκοσιν
2311 1633 2575 1702 αἱρέσεων
2595 1649 2606 1659 θ
2646 1631 2704 1684 ἐν
2732 1630 2878 1700 αὐτῴ
2903 1630 2958 1682 δέ
2980 1630 3125 1701 καὶὴ
3156 1631 3284 1700 περὶ
3311 1631 3408 1700 τῆς
3427 1628 3672 1700 Χριστοῦ

2067 1722 2344 1793 ’ἐνδημίας
2376 1722 2654 1786 ὑπόθεσις,
2707 1724 2801 1774 καὶ
2830 1723 2862 1793 ἡ
2892 1723 2989 1793 τῆς
3021 1721 3276 1792 ἀληθείας
3311 1721 3598 1792 ὁμολογία,
3631 1723 3668 1792 ἡ

2089 1814 2186 1886 μία
2213 1816 2306 1869 καὶ
2339 1815 2475 1886 μόνη
2497 1809 2634 1869 οὖσα
2659 1814 2751 1868 τοῦ
2785 1813 2920 1867 Θεοῦ
2949 1813 3154 1886 ἀληθὴς
3189 1814 3392 1878 πίστις.

2157 1909 2268 1960 Καὶ
2309 1909 2414 1972 ἕως
2447 1909 2544 1979 μὲν
2569 1901 2672 1961 ὧδε
2711 1910 2744 1980 ἡ
2777 1908 2887 1962 τῶν
2928 1907 3036 1980 πρὸ
3073 1907 3308 1979 Χριστοῦ
3337 1907 3546 1961 εἴκοσιν
3585 1909 3675 1960 αι-

2091 2001 2290 2073 ρέσεων
2325 2001 2622 2070 ἀντιλογία,
2666 2002 2761 2055 καὶ
2804 2002 2933 2072 περὶ
2971 2000 3209 2064 πίστεως
3244 2000 3339 2053 καὶ
3386 2001 3518 2070 περὶ
3567 2001 3672 2072 τῆς

2064 2096 2352 2166 ’ἐνσάρκου
2381 2093 2474 2148 τοῦ
2507 2094 2743 2166 Χριστοῦ
2778 2092 3101 2163 παρουσίας.

2159 2186 2334 2251 Εὐθὺς
2366 2186 2679 2256 ἐπεδήμησε
2719 2185 2860 2238 κατά
2889 2185 3056 2247 πόδας
3081 2185 3115 2256 ἠ
3146 2184 3240 2238 τοῦ
3271 2185 3478 2255 Κυρίου
3510 2184 3673 2255 ἡμῶν

2101 2279 2275 2348 Ἰησοῦ
2309 2278 2546 2350 Χριστοῦ
2578 2277 2843 2349 ένσαρκος
2881 2277 3149 2348 παρουσία
3177 2278 3216 2339 ⁸,
3252 2277 3372 2347 ἥτις
3399 2277 3670 2332 κατέλαϐε

2089 2369 2270 2441 (πρὸς)
2302 2369 2400 2433 τὰς
2428 2369 2829 2440 προειρημένας
2858 2370 2997 2423 ἐπτέι
3022 2369 3262 2439 αἱρέσεις
3284 2371 3341 2422 ἐν
3368 2369 3465 2440 (δὲ)
3508 2370 3672 2440 Ἱερο-

2089 2463 2362 2532 σολύμοις,
2387 2461 2576 2514 ἔσϐεσε
2617 2461 2672 2515 δὲ
2699 2461 2904 2524 ταύτας
2932 2463 2965 2532 ἡ
2998 2461 3162 2514 αὐτοῦ
3188 2460 3416 2532 δύναμις
3442 2463 3536 2515 καὶ
3565 2463 3674 2514 διε-

2090 2554 2334 2607 σκέδασε.
2366 2552 2565 2606 Λοιπὸν
2588 2552 2645 2606 δὲ
2673 2552 2781 2605 ἀπὸ
2811 2552 2910 2622 τῆς
2937 2551 3102 2605 αὐτοῦ
3142 2551 3461 2624 ἐπιδημίας,
3482 2554 3504 2583 ¹
3531 2551 3673 2622 μετὰ

2087 2646 2148 2698 τὸ
2190 2645 2642 2716 εὐαγγελισθῆναι
2673 2643 2907 2716 Μαριὰμ
2953 2646 3010 2698 ἐν
3056 2644 3331 2715 Ναζαρὲτ,
3372 2646 3465 2696 καὶ
3497 2661 3676 2695 συνειο

2089 2737 2352 2808 ληφθέναι
2378 2738 2468 2790 τὸν
2493 2738 2662 2806 Λόγον
2689 2738 2782 2791 τὸν
2814 2738 2941 2792 ὄντα
2969 2737 3061 2791 ἀπ’
3091 2736 3322 2807 οὐρανοῦ
3357 2738 3422 2789 ἐκ
3453 2736 3674 2789 κόλπων

2088 2828 2358 2900 πατρῴων
2375 2830 2774 2900 γεγεννημένον
2792 2829 3035 2900 ἀχρόνως
3050 2829 3144 2881 καὶ
3160 2829 3429 2902 ὰνάρχως,
3450 2827 3675 2881 ἐλθόντα

2086 2921 2144 2974 δὲ
2183 2921 2269 2974 ἐπ’
2320 2923 2565 2991 ἐσχάτων
2622 2921 2732 2975 τῶν
2775 2921 2998 2996 ἡμερῶν
3027 2921 3160 2977 Θεὸν
3205 2923 3378 2990 Λόγον
3412 2922 3563 2980 ὂντα,
3608 2924 3674 2974 ἐκ

2088 3010 2223 3063 Θεοῦ
2255 3011 2467 3081 Πατρὸς
2493 3010 2762 3081 ἀληθινῶς
2786 3012 3204 3082 γεγεννημένον,
3233 3011 3518 3082 όμοούσιον
3540 3011 3675 3066 ὄντα

404 3110 513 3166 Deo
561 3111 720 3165 Patre
782 3123 968 3166 revera
1042 3109 1260 3178 genitus
1325 3101 1680 3173 ejusdemque
1721 3115 1846 3158 cum
1893 3101 1983 3156 illo

2094 3101 2165 3174 τῷ
2190 3105 2385 3174 Πατρι,
2424 3106 2518 3156 καὶ
2543 3103 2696 3157 οὐδὲν
2726 3105 2876 3176 παρὰ
2898 3104 2989 3158 τὸν
3022 3104 3242 3176 Πατέρα
3281 3104 3670 3174 ἠλλοιωμένον,

403 3203 748 3265 substantiae,
791 3217 890 3256 nec
925 3201 1035 3254 ulla
1068 3216 1124 3255 re
1150 3215 1179 3253 a
1205 3198 1366 3254 Patre
1395 3205 1658 3263 mutatus,
1687 3197 1782 3252 sed
1813 3195 1982 3250 vicis-

402 3293 664 3349 situdinis
699 3307 763 3347 ac
795 3292 1122 3347 mutationis
1151 3298 1200 3345 et
1237 3290 1542 3345 aﬁectiouis
1575 3288 1755 3343 omnis
1786 3302 1982 3357 expers

401 3395 455 3441 et
501 3387 641 3440 citra
674 3385 839 3438 ullam
885 3383 1052 3438 animi
1107 3383 1556 3437 commotionem.
1582 3378 1686 3446 Qui
1722 3395 1846 3433 eum
1887 3394 1983 3449 ge-

408 3477 561 3532 neris
608 3476 784 3531 nostri
825 3476 1086 3529 misertus
1132 3473 1293 3535 foret.
1325 3471 1614 3528 descendit
1653 3488 1684 3527 e
1727 3471 1889 3537 coelo,
1921 3485 1984 3526 ac

412 3569 473 3622 ile
524 3566 731 3637 Spiritu
779 3579 991 3629 sancto,
1019 3580 1129 3619 non
1155 3579 1187 3619 e
1227 3564 1369 3619 virili
1422 3563 1634 3619 semine
1662 3571 1981 3635 conceptus,

410 3675 596 3716 verum
611 3655 830 3729 corpus
863 3674 893 3713 e
927 3656 1097 3711 Maria
1133 3656 1396 3727 suscepit,
1431 3670 1555 3710 cum
1582 3670 1612 3710 e
1643 3666 1836 3711 sancto
1863 3657 1986 3726 ejus

406 3761 568 3810 utero
603 3765 827 3807 carnem
867 3749 977 3805 sibi
1007 3749 1283 3812 ﬁnxisset,
1308 3747 1715 3813 humanamque
1747 3748 1984 3802 animam

402 3857 457 3903 et
501 3856 738 3902 mentem
787 3843 1095 3908 induisset;
1138 3857 1202 3896 ac
1248 3840 1516 3912 quidquid
1547 3841 1773 3896 omnino
1820 3841 1987 3896 homo

403 3948 506 4004 est,
551 3945 753 4008 praeter
795 3942 1084 4006 peceatum
1111 3975 1126 4000 ,
1163 3948 1351 3990 secum
1410 3947 1476 3988 ac
1519 3947 1646 3987 cum
1699 3932 1987 3990 divinitate

405 4045 505 4086 sua
536 4029 870 4100 copulasset.
917 4025 1050 4081 Inde
1091 4025 1426 4080 Bethlehemi
1461 4025 1516 4078 in
1555 4025 1729 4079 lucem
1765 4024 1983 4088 editus,

408 4129 574 4192 atque
610 4119 996 4182 circumcisus,
1047 4115 1439 4187 Hierosolymis
1474 4116 1692 4169 oblatus
1725 4124 1842 4181 est;
1887 4114 1989 4169 ibi-

404 4227 512 4284 que
539 4228 570 4267 a
594 4212 864 4284 Symeone
898 4211 1040 4265 inter
1067 4208 1290 4263 brachia
1323 4215 1704 4277 susceptus,et
1736 4208 1805 4262 ab
1831 4206 1987 4262 Anna

402 4307 704 4363 Phanuelis
745 4305 851 4359 ﬁlia
886 4304 1242 4376 prophetissa
1272 4301 1626 4373 praedicatus,
1662 4301 1987 4355 Nazaretum

404 4401 722 4470 deportatus
753 4406 860 4454 est.
893 4397 1032 4451 Tum
1077 4412 1223 4451 anno
1273 4394 1521 4464 sequenti
1563 4410 1622 4449 se
1650 4408 1836 4447 coram
1875 4391 1988 4446 Deo

404 4489 860 4559 repraesentavit,
913 4496 1075 4557 atque
1126 4487 1254 4541 inde
1307 4485 1717 4540 Bethle’hemum
1764 4494 1988 4554 propter

409 4581 626 4652 generis
678 4582 1141 4651 propinquitatem
1189 4594 1218 4632 a
1267 4587 1440 4632 matre
1484 4577 1698 4632 delatus
1739 4585 1842 4632 cst.
1879 4575 1984 4633 Sed

413 4686 632 4727 rursum
671 4671 995 4726 Nazaretum
1043 4672 1280 4734 rediens,
1324 4685 1470 4725 anno
1517 4669 1686 4724 altero
1713 4675 1974 4733 vertente,

408 4760 1128 4831 Hierosolymam,gestante
1149 4767 1342 4824 matre,
1366 4759 1665 4829 perductus
1687 4767 1792 4815 est.
1820 4757 1985 4813 Beth-

407 4853 602 4909 lehemi
662 4867 826 4923 porro
863 4867 987 4906 eum
1037 4851 1103 4906 ad
1137 4853 1282 4908 aedes
1337 4853 1604 4922 quasdam
1655 4869 1778 4906 cum
1814 4862 1986 4908 matre

406 4961 472 5001 ac
509 4943 750 5015 Josepho
777 4944 1110 5012 divertisset,
1139 4943 1232 5014 qui
1263 4943 1377 5015 jam
1419 4945 1643 5016 grandis
1678 4955 1806 5000 natu
1846 4962 1970 5000 cum

478 5101 727 5156 ‘Eadeln
761 5101 854 5156 lib.
877 5117 903 5154 -ι
945 5098 1167 5154 Panarii
1218 5098 1492 5169 leguntur.

403 5173 550 5243 λέγω
582 5173 667 5244 δή.
693 5171 816 5245 Mox
851 5169 1203 5243 συνειλῆφθαι
1244 5171 1348 5241 leg.
1426 5171 1446 5202 ³
1477 5170 1598 5225 Scr.
1629 5169 2016 5244 ἀπενεχθέντα.

462 5287 592 5356 ῌΞ)
625 5286 873 5356 reporta
924 5285 1070 5338 ὄντι.
1119 5282 1505 5356 Animadverte
1538 5299 1722 5340 senem
1754 5285 1823 5339 ab
1853 5285 1979 5356 Epi-

406 5354 612 5425 phanio
652 5354 760 5411 dici
808 5355 1107 5424 Josephum
1164 5355 1400 5424 Virginis
1458 5354 1639 5410 Mariae
1692 5354 1976 5425 sponsum.

404 5427 604 5482 iisdem
634 5429 855 5482 omnino
890 5426 1068 5479 verbis
1097 5425 1163 5480 de
1189 5425 1285 5495 illo
1317 5426 1556 5495 loquitur
1583 5435 1636 5481 et
1667 5427 1719 5479 in
1747 5427 1980 5480 Panario

408 5498 478 5548 de
517 5498 899 5551 incarnatione
940 5495 1142 5550 Christi
1181 5494 1400 5549 Domini
1436 5511 1633 5563 agens,
1661 5511 1814 5551 num.
1843 5498 1980 5563 i;in

399 5566 602 5638 inmissi
637 5567 726 5638 ὃς,
752 5583 910 5638 num.
945 5565 1028 5628 10,
1069 5567 1245 5635 ipsum
1285 5569 1696 5638 octogenarium
1724 5569 1880 5638 iacit.

462 5633 595 5708 illi)
635 5634 717 5700 Τῷ
740 5633 1167 5708 δευτέρῳλὲτει.
1215 5638 1290 5690 Ea
1328 5633 1612 5708 Epiphanii
1645 5637 1834 5707 opinio
1871 5646 1977 5697 est.

404 5702 632 5760 biennio
662 5720 690 5755 a
721 5707 804 5759 sui
856 5706 1134 5760 nativitate
1164 5721 1352 5778 magos
1373 5702 1660 5778 eicepissc
1685 5702 1981 5762 ’Christum

2084 3198 2199 3251 ἀλλ’
2231 3197 2500 3269 ἄτρεπτον
2537 3198 2667 3252 ὄντα
2706 3199 2799 3253 καὶ
2831 3199 3190 3253 ἀναλλοίωτον
3212 3199 3396 3268 ἀπαθῆ
3428 3216 3489 3251 τε
3511 3199 3670 3261 ὅλως,

2088 3289 2478 3361 συμπάσχοντα
2512 3290 2570 3343 δὲ
2608 3289 2684 3360 τῷ
2715 3291 2970 3362 ἡμετέρῳ
3013 3290 3181 3359 γένει,
3211 3292 3304 3344 καὶ
3325 3290 3551 3342 ἐλθόντα
3575 3289 3676 3342 ἀπ’

2085 3380 2340 3452 οὐρανοῦ,
2383 3381 2826 3452 ἐγκυμονηθέντα
2853 3383 2953 3436 οὐκ
2985 3382 3094 3436 ἀπὸ
3118 3383 3431 3454 σπέρματος
3455 3381 3672 3452 ἀνδρὸς,

2086 3474 2200 3527 ἀλλ’
2226 3473 2332 3527 ἀπὸ
2362 3472 2673 3544 Πνεύματος
2701 3475 2876 3543 ἁγίου,
2911 3473 3177 3546 ἀληθινῶς
3213 3475 3368 3547 σῶμα
3399 3477 3504 3529 ἀπὸ
3550 3479 3675 3531 Μα-

2091 3565 2210 3636 ρίας
2236 3565 2527 3637 ἐσχηκότα,
2557 3565 2945 3619 ἁναπλάσαντα
2993 3566 3174 3638 ἐαυτῷ
3213 3568 3313 3639 τὴν
3343 3570 3522 3638 σάρκα
3564 3569 3677 3622 ἀπὸ

2086 3660 2186 3729 τῆς
2222 3659 2433 3728 μήτρας
2460 3657 2557 3727 τῆς
2589 3658 2775 3725 ἁγίας,
2806 3659 2985 3730 ψυχὴν
3015 3661 3114 3733 τὴν
3145 3658 3494 3731 ἀνθρωπίνην
3527 3663 3678 3734 είληη

2089 3751 2226 3818 φότα
2249 3752 2343 3804 καὶ⁵
2363 3750 2488 3804 νοῦν
2510 3752 2602 3804 κα)⁵
2628 3752 2736 3804 πᾶν
2762 3751 2814 3802 εἴ
2835 3751 2887 3804 τί
2919 3753 3065 3804 ἐστιν
3096 3751 3404 3822 ἄνθρωπος,
3435 3755 3515 3818 είς
3544 3756 3674 3808 έαυ⁶

2089 3844 2180 3897 τὸν
2205 3845 2272 3914 τῇ
2301 3842 2494 3897 ἑαυτοῦ
2525 3844 2738 3916 θεότητι
2768 3843 3168 3912 συνενώσαντα,
3195 3847 3593 3918 γεγεννημένον
3613 3864 3673 3902 τε

2091 3934 2151 3984 ἐν
2183 3932 2450 4004 Βηθλεέμ,
2491 3935 2918 4006 περιτμηθέντα,
2953 3937 3384 4008 προσενεχθέντα
3421 3939 3480 3992 ἐν
3514 3940 3675 4007 Ἱερο-

2091 4024 2369 4094 σολύμοις,
2409 4025 2867 4094 ἐναγκαλιτθέντα
2908 4026 3011 4079 ὑπὸ
3035 4027 3277 4098 Συμεὼν,
3311 4029 3673 4101 ἀνθομολογη-

2091 4115 2252 4170 θέντα
2286 4116 2390 4170 ὑπὸ
2423 4119 2621 4189 ’Λννης
2650 4119 2750 4187 τῆς
2778 4119 2872 4172 τοῦ
2897 4121 3137 4192 Φανουὴλ
3173 4124 3522 4194 προφήτιδος,
3567 4125 3675 4177 λει-

2092 4211 2341 4281 φθέντα³
2387 4213 2466 4275 εἰς
2508 4211 2795 4284 Ναζαρὲτ,
2853 4213 3074 4268 ἐλθόντα
3124 4215 3202 4284 τῷ
3253 4215 3382 4286 ἑξῆς
3441 4216 3676 4288 ἐνιαυτῷ

2090 4301 2322 4372 ὀφθῆναι
2349 4301 2577 4356 ἐνώπιον
2607 4303 2810 4376 Κυρίου
2832 4344 2845 4367 ,
2900 4305 3192 4375 γενόμενόν
3225 4323 3284 4358 τε
3327 4308 3385 4359 ἐν
3427 4307 3674 4378 Βηθλεέμ

2092 4395 2176 4449 διὰ
2211 4395 2308 4467 τὴν
2352 4395 2670 4464 συγγένειαν
2719 4396 2826 4450 ὑπό
2863 4397 2961 4467 τῆς
3004 4397 3209 4469 μητρὸς
3247 4397 3671 4468 βασταζόμενον,

2093 4483 2248 4550 αὖθις
2273 4487 2433 4542 πάλιν
2456 4489 2537 4551 είς
2562 4489 2818 4561 Ναζαρὲτ
2839 4489 3179 4561 ἀπαρθέντα,
3207 4490 3300 4544 καὶ
3324 4491 3468 4544 κατὰ
3491 4492 3672 4545 δευτέ-

2093 4595 2195 4649 ραν
2236 4578 2482 4650 περίοδον
2510 4579 2770 4633 ἐνιαυτῶν
2795 4581 2880 4641 εὶς
2906 4580 2974 4633 τὰ
3009 4577 3354 4650 Ἰεροσόλυμα
3380 4579 3674 4650 ἐληλυθότα

2094 4671 2493 4741 βασταζόμενον
2523 4671 2628 4725 ὑπὸ
2656 4672 2755 4742 τῆς
2793 4673 2928 4733 ἰδίας
2967 4673 3171 4744 μητρός
3195 4689 3208 4703 ·
3248 4675 3305 4725 ἐν
3335 4673 3584 4744 Βηθλεέμ
3619 4675 3674 4726 ἐν

2091 4762 2239 4833 οἰκίᾳ
2265 4762 2593 4816 κατελθόντα
2643 4764 2740 4816 σὺν
2783 4766 2848 4833 τῇ
2892 4763 2998 4834 ἰδίᾳ
3029 4764 3198 4836 μητρὶ
3227 4763 3320 4817 καὶ
3371 4763 3567 4834 Ἰωσὴφ
3591 4764 3674 4830 γέ-

2096 4873 2240 4926 ροντι
2273 4855 2388 4908 ὄντι
2427 4853 2562 4926 (l2),
2583 4857 2680 4908 σὺν
2712 4857 2776 4925 τῇ
2812 4855 3043 4926 Μαριὰμ
3072 4855 3128 4908 δέ
3170 4855 3312 4908 ὄντι·
3343 4856 3569 4909 κάκεῖσε
3600 4857 3675 4926 τῷ

2085 4949 2323 5021 δευτέρῳ
2367 4949 2477 5003 έτει
2496 4949 2609 5022 (15)
2657 4949 2758 5020 τῆς
2798 4949 2962 5003 αὑτοῦ
3017 4952 3322 5022 γεννήσεως
3374 4970 3673 5006 κατοπτευ-

1597 5102 1616 5130 ²
1641 5102 1983 5177 Supple_n_dur

2094 5122 2137 5159 ιχ
2192 5105 2283 5158 lib.
2319 5121 2356 5171 ι,
2388 5106 2444 5158 αἱ
2507 5105 2800 5174 μετέπειτα
2849 5107 3020 5159 πᾶσαι
3070 5105 3358 5174 γεγόνασιν
3402 5107 3670 5177 αἱρέσεις·

2090 5285 2420 5349 Dominum;
2451 5299 2615 5350 quam
2668 5299 2777 5338 non
2821 5284 2999 5338 solum
3042 5283 3131 5339 hic
3162 5285 3438 5347 insinuat,
3495 5286 3591 5341 sed
3622 5297 3670 5342 et

2089 5357 2145 5410 in
2192 5356 2337 5424 let-is
2383 5369 2552 5424 supra
2596 5354 2885 5419 indicatis,
2937 5355 3140 5424 quibus
3191 5355 3328 5410 adde
3379 5371 3534 5411 nunt.
3587 5357 3672 5420 10,

2089 5425 2292 5496 Ηςιιτεε.
2331 5423 2418 5477 78.
2452 5423 2606 5479 Illam
2641 5427 2873 5496 fortasse
2909 5423 3185 5481 cuncessit
3231 5427 3286 5480 in
3339 5427 3671 5496 opinionem,

2090 5495 2234 5565 quod
2284 5504 2663 5564 praeconcepta
2708 5495 2945 5550 Mattlnei
2995 5498 3309 5563 narratione
3340 5495 3407 5551 de
3441 5496 3673 5560 Herode.

2094 5566 2187 5637 qui
2220 5566 2396 5637 iratus
2429 5567 2712 5622 mandavit
2743 5569 2927 5622 necari
2962 5567 3237 5631 infantes,
3271 5567 3364 5636 qui
3397 5568 3673 5620 biennium

2091 5635 2334 5691 nondum
2367 5646 2744 5708 excesserant,
2770 5637 2933 5707 juxta
2958 5649 3158 5705 tempus
3190 5635 3329 5708 quod
3353 5639 3672 5708 exquisierat

2091 5726 2124 5762 a
2152 5708 2317 5778 magis
2351 5706 2574 5777 (Matth.
2612 5725 2670 5779 ιι,
2706 5705 2832 5782 16);
2880 5705 3466 5780 ιρηιροτυιιιιαιίοηεε
3508 5705 3670 5778 negli-
