3986 6224
317 440 422 496 819

1601 446 2266 505 ANACEI’HALAEOSIS.
2621 492 2633 512 ,
2664 465 2676 501 t

3470 451 3574 506 850

314 555 497 618 θέντα,
521 555 670 629 δῶρα
703 555 954 624 λαϐόντα,
992 561 1085 615 καὶ
1107 562 1164 616 ὲν
1197 561 1335 634 αύτῇ
1358 564 1514 617 νυκτὶ
1545 566 1638 620 ὑπ’
1664 567 1886 636 ἀγγέλου

2004 568 2172 623 Maria
2215 567 2467 636 degebat,
2502 567 2746 624 secundo
2789 568 2858 624 ab
2895 567 3179 623 nativitate
3213 570 3399 624 anno’
3441 585 3575 624 con-

315 648 395 718 τῷ
408 648 604 719 Ἰωσὴφ
624 655 1058 721 χρηματίσαντος
1073 655 1151 718 είς
1165 656 1433 723 Αἴγυπτον
1452 658 1891 729 παραληφθέντα·

315 746 412 795 καὶ
439 744 838 812 κατεληλυθότα
862 746 1070 800 ἐκεῖθεν
1101 747 1282 810 πάλιν,
1315 747 1402 802 διὰ
1424 749 1516 802 δύο
1542 750 1678 804 ἑτῶν
1703 751 1894 821 ἀνελη-

315 831 532 898 λυθότα,
572 835 989 907 τελευτήσαντος
1032 838 1125 892 τοῦ
1188 840 1447 913 Ἡρώδου,
1497 841 1792 913 Ἀρχελάου
1837 843 1894 898 δὲ

313 923 714 997 διαδεξαμένου.

386 1102 479 1173 Τῷ
508 1105 616 1174 γὰρ
642 1107 952 1178 τριακοστῷ
979 1109 1093 1174 (14)
1125 1110 1294 1182 τρίτῳ
1329 1109 1567 1183 Ἡρώδου
1586 1154 1600 1178 ,
1629 1130 1895 1184 τεσσαρα-

313 1193 495 1264 κοστῷ
524 1195 581 1248 δὲ
611 1195 849 1267 δευτέρῳ
878 1199 1188 1267 Αὐγούστου
1218 1201 1310 1255 τοῦ
1342 1201 1610 1272 βασιλέως
1637 1206 1894 1272 γεννᾶται

310 1287 342 1337 ὁ
371 1285 560 1357 Σωτὴρ
602 1287 661 1340 ὲν
702 1288 948 1360 Βηθλεὲμ
983 1295 1083 1362 τῆς
1129 1294 1409 1358 Ἰουδαίας.
1460 1294 1680 1349 Κάτεισι
1718 1296 1773 1350 δὲ
1815 1299 1894 1361 είς

311 1376 592 1446 Αἴγυπτον
618 1378 699 1450 τῷ
726 1383 1036 1454 τριακοστῷ
1065 1385 1299 1457 πέμπτῳ
1324 1385 1437 1456 (14)
1482 1387 1721 1454 Ἡρώδου
1743 1404 1756 1419 ⁶
1796 1389 1892 1443 ἇν-

310 1487 419 1524 εισι
457 1470 515 1522 δὲ
551 1472 645 1525 ἀπ’
677 1473 954 1541 Αἰγύπτου
1003 1477 1145 1546 μετὰ
1184 1479 1284 1550 τὴν
1336 1479 1575 1550 Ἡρώδου
1614 1481 1890 1552 τελευτήν.

309 1562 389 1615 Δι’
406 1555 482 1616 ὧν
512 1564 605 1617 ἐπὶ
629 1565 923 1635 τριάκοντα
950 1568 1089 1622 ἑπτὰ
1111 1569 1254 1624 ἔτεσι
1278 1571 1377 1640 τῆς
1397 1572 1567 1642 αὐτῆς
1594 1573 1686 1626 τοῦ
1715 1573 1893 1644 Ἡρώ-

309 1655 403 1708 δου
427 1656 604 1727 ἀρχῆς
638 1652 706 1728 ἦν
736 1659 765 1711 ὀ
799 1661 927 1722 παῖς
952 1662 1234 1733 τεσσάρων
1265 1662 1402 1716 ἐτῶν
1430 1664 1561 1735 (l6),
1597 1665 1686 1718 ὅτε
1717 1665 1895 1737 Ἡρώ-

308 1746 409 1816 δης
437 1749 761 1818 τριακοστὸν
806 1749 1032 1819 ἕϐδομον
1082 1752 1380 1823 πληρώσας
1427 1755 1762 1827 κατέστρεψε
1800 1757 1894 1811 τὸν

312 1838 447 1907 βίον.
499 1841 790 1911 Ἀρχέλαος
817 1842 877 1895 ’δὲ
912 1842 1068 1896 ἐννέα
1104 1844 1198 1914 ἔτη
1233 1844 1526 1914 βασιλεύει.
1577 1848 1664 1911 Ὦς
1696 1846 1894 1914 ὲξιὼν¹Ι

1997 668 2228 726 ventus,
2277 675 2343 716 ac
2389 661 2709 716 muneribus
2761 667 2993 716 ornatus
3043 668 3148 716 est.
3203 660 3402 716 Eadem
3442 677 3577 716 vero

2001 761 2162 806 nocte
2191 766 2318 806 cum
2344 750 2618 820 Josephus
2647 767 2766 822 'per
2793 753 3067 808 somnium
3103 752 3172 807 ab
3200 753 3394 822 angelo
3424 763 3576 808 esset

1999 845 2340 908 admonitus,
2377 845 2429 899 in
2466 845 2762 918 [Egyptum
2797 845 3155 902 transfertur.
3189 844 3345 902 Unde
3377 860 3573 902 rursus

1997 947 2121 1008 post
2149 937 2452 1002 biennium,
2489 946 2708 993 mortuo
2729 938 2842 1009 jam
2876 936 3087 993 Herode
3143 951 3208 992 ac
3245 936 3573 993 succedente

1999 1028 2289 1094 Archelao,
2326 1030 2637 1085 revertitur.

2072 1119 2353 1190 Siquidem
2409 1136 2556 1178 anno
2615 1121 2847 1178 Herodis
2904 1137 3116 1188 xxxm,
3173 1120 3402 1191 Augusti
3459 1135 3575 1180 χιιι.

2001 1209 2338 1266 Bethlehemi
2361 1210 2415 1264 in
2447 1209 2636 1265 Judrea
2660 1210 2912 1264 Salvator
2938 1211 3205 1265 nascitur.
3233 1205 3573 1261 Tum-Hero-

1997 1302 2082 1358 dis
2113 1318 2255 1358 xxxv
2281 1303 2338 1358 in
2355 1301 2646 1374 Egyptum
2679 1302 2958 1374 profectus
2981 1309 3088 1356 est.
3126 1298 3340 1369 1119
3367 1295 3574 1351 Eodem

1996 1394 2209 1452 Herode
2229 1402 2467 1462 mortuo,
2491 1397 2559 1452 ab
2575 1395 2810 1466 Egypto
2833 1392 3206 1460 rediit.Quare
3227 1404 3452 1446 necesse
3467 1395 3571 1453 cst,

1995 1502 2185 1542 xxxvii
2219 1485 2451 1543 Herodis
2483 1502 2628 1542 anno
2649 1494 2902 1558 quartum
2930 1484 3116 1541 aetatis
3140 1481 3594 1552 suat-puerulum

1995 1580 2196 1651 egisse,
2236 1595 2363 1636 cum
2395 1579 2660 1643 Herodes,
2695 1580 2943 1648 inquam,
2987 1585 3192 1646 septem
3233 1589 3297 1628 ac
3345 1572 3595 1642 triginta-

1995 1670 2266 1727 conl'ectis
2321 1671 2482 1726 annis
2528 1669 2747 1725 vivendi
2786 1668 2948 1724 tinem
2995 1666 3206 1722 habuit.
3255 1663 3384 1719 Post
3427 1662 3572 1716 hunc

1994 1763 2296 1819 Archelaus
2349 1778 2543 1817 novem
2604 1762 2765 1818 annis
2819 1759 3066 1831 regnavit
3110 1777 3124 1814 :
3169 1771 3282 1827 quo
3343 1769 3570 1826 regnum

1996 1854 2241 1921 ineunte,
2269 1852 2542 1924 Josephns
2574 1869 2639 1909 ex
2673 1851 2911 1924 Egypto
2944 1867 3070 1906 cum
3105 1849 3272 1904 Maria
3304 1862 3369 1902 ac
3403 1861 3572 1917 puero

325 1928 523 2002 Ἰωσὴφ
563 1931 679 2002 ἅμα
713 1935 778 2003 τῇ
814 1928 1002 2006 Μαρίᾲ
1034 1936 1128 1988 καὶ
1170 1935 1247 2006 τῷ
1281 1937 1497 2007 παιδίῳ,
1537 1936 1774 2002 ἀκούσας
1801 1938 1886 1991 τὸν

1995 1946 2301 2018 digressus,
2329 1923 2421 2002 ubi
2451 1923 3033 2016 Archelaumregnare
3055 1942 3266 2006 didicit,
3298 1941 3354 1994 iu
3389 1949 3572 2010 partes

323 2023 614 2094 Ἀρχέλαον
645 2023 983 2094 βασιλεύειν,
1025 2025 1371 2098 ἀνεχώρησεν
1403 2029 1484 2091 είς
1521 2027 1592 2082 τὰ
1622 2029 1761 2100 μέρη
1790 2030 1890 2100 τῆς

307 2116 619 2180 Γαλιλαίας,
661 2117 755 2170 καὶ
789 2118 1110 2189 κατῴκησεν
1137 2120 1218 2181 εἰς
1260 2118 1534 2190 Ναζαρέτ.
1597 2120 1891 2191 Ἀρχέλαος

304 2207 365 2260 δὲ
399 2209 565 2279 γεννᾷ
609 2207 701 2261 τὸν
746 2206 992 2280 Ἡρώδην
1022 2209 1114 2263 τὸν
1150 2207 1432 2281 νεώτερον,
1478 2210 1575 2264 καὶ
1619 2210 1906 2281 βασιλεύει.

315 2300 566 2373 Ἡρώδης
602 2302 682 2372 τῷ
714 2301 918 2372 ὲννάτῳ
953 2301 1062 2355 ἔτει
1109 2302 1208 2373 τῆς
1238 2301 1332 2355 τοῦ
1377 2302 1584 2374 πατρὸς
1614 2302 1891 2372 βασιλείας

318 2389 611 2465 Ἀρχελάου
659 2394 797 2448 κατά
843 2393 1114 2464 διαδοχήν.
1178 2395 1288 2448 Καὶ⁸
1331 2395 1519 2463 γέγονε
1566 2395 1890 2467 λογιζόμενα

302 2487 568 2559 δεκατρία
614 2488 708 2558 ἔτη
756 2487 868 2556 (l7)
899 2491 964 2558 τῇ
1008 2486 1259 2558 ὲνσάρκῳ
1300 2488 1541 2560 Χριστοῦ
1595 2490 1898 2561 παρουσίᾳ..

316 2579 806 2650 ’θκτωκαιδεκάτῳ
845 2579 902 2632 δὲ
948 2579 1056 2632 ἔτει
1096 2578 1336 2650 Ἡρώδου
1363 2579 1459 2633 τοῦ
1503 2580 1891 2653 ἐπικληθέντος

315 2670 618 2742 Ἀγρίππα,
648 2671 852 2742 ἤρξατο
880 2672 908 2724 ὁ
949 2670 1158 2742 Ἰησοῦς
1182 2670 1275 2724 τοῦ
1291 2671 1672 2743 κηρύγματος,
1703 2674 1800 2728 καὶ
1829 2675 1892 2727 τὸ

304 2765 588 2835 βάπτισμα
608 2763 792 2818 τδάπὸ
809 2763 1055 2818 Ἰωάννου
1071 2763 1190 2818 τότε
1209 2763 1497 2834 λαμϐάνει,
1513 2765 1608 2818 καὶ
1624 2766 1893 2836 κηρύσσει

302 2855 552 2909 ἐνιαυτὸν
580 2855 790 2919 δεκτὸν,
821 2855 908 2908 ὑπ’
935 2855 1148 2919 οὐδενὸς
1171 2854 1605 2928 ἀντιλεγόμενος,
1633 2857 1758 2912 οὔτε
1784 2860 1889 2913 ὑπὸ

315 2947 604 3012 Ἰουδαίων,
634 2947 758 3001 οὔτε
781 2948 887 3002 ὑπὸ
916 2947 1204 3019 Ἑλλήνων,
1228 2947 1351 3001 οὗτε
1382 2949 1486 3002 ὑπὸ
1507 2950 1888 3021 Σαμαρειτῶν,

297 3039 434 3095 οὔτε
454 3042 560 3094 ὑπό
589 3059 725 3106 τινος
749 3042 957 3114 ἐτέρου.
997 3043 1226 3095 Ἔπειτα
1250 3041 1662 3114 ἀντιλεγόμενος
1689 3045 1890 3116 ἐκήρυ-

300 3133 394 3200 ξεν
431 3135 675 3186 ἐνιαυτὸν
711 3133 932 3187 δεκτόνο
985 3135 1079 3188 καὶ
1117 3134 1340 3203 γέγονεν
1377 3135 1764 3189 ἐννεακαίδεκα
1791 3136 1886 3207 ἔτη

297 3226 382 3298 τῷ
404 3225 800 3297 αὒτῷἭρώδῃ,
830 3225 908 3296 τῷ
941 3225 995 3279 δὲ
1013 3226 1230 3297 Σωτῆρι
1256 3226 1580 3296 τριακοστὸν
1611 3225 1882 3298 δεύτερον.

312 3318 411 3371 Ἐν
431 3318 487 3370 δὲ
525 3316 604 3388 τῷ
634 3317 865 3388 είκοστῷ
897 3316 1007 3370 ἔτει
1055 3316 1297 3388 Ἡρώδου
1322 3315 1417 3370 τοῦ
1445 3317 1758 3388 Τετράρχου
1787 3335 1886 3370 κα-

296 3410 586 3483 λουμένου,
611 3410 818 3480 γίνεται
842 3408 904 3462 τὸ
936 3411 1201 3480 σωτήριον
1235 3409 1404 3472 πάθος
1433 3408 1528 3462 καὶ
1553 3411 1586 3479 ἡ
1622 3407 1882 3472 ἀπάθεια,

303 3502 494 3572 γεῦσις
527 3520 588 3556 τε
627 3501 856 3556 θανάτου
885 3502 1013 3572 ἄχρι
1049 3501 1307 3572 σταυροῦ.
1335 3501 1634 3572 πάσχοντος
1674 3501 1732 3554 ὲν
1756 3500 1888 3571 άλη-

299 3595 444 3665 θεία,
481 3593 727 3658 ἀπαθῶς
758 3594 814 3648 δὲ
850 3594 1102 3665 μένοντος
1125 3595 1183 3646 ἐν
1213 3594 1444 3662 θεότητι.
1491 3593 1750 3661 Χριστοῦ
1778 3592 1886 3663 γὰρ

297 3690 600 3753 ,παθόντος
634 3688 782 3754 ὑπὲρ
815 3687 986 3755 ἡμῶν
1018 3688 1220 3753 σαρκὶ,
1249 3690 1413 3757 φησὶν
1446 3687 1480 3756 ἡ
1515 3685 1633 3739 θεία
1655 3686 1844 3756 Γραφή
1866 3703 1881 3716 ·

299 3778 398 3833 καὶ
422 3778 588 3830 πάλιν
613 3794 626 3807 ’
666 3779 1033 3844 Θανατωθεὶς
1057 3778 1176 3847 μὲν
1199 3778 1396 3845 σαρκὶ,
1425 3777 1796 3845 ζωοποιηθεὶς
1815 3776 1884 3830 δὲ

298 3869 613 3936 πνεύματι,
645 3869 737 3921 καὶ
763 3867 829 3921 τὰ
858 3869 1004 3939 ἑξῆς.
1050 3869 1401 3940 Σταυροῦται,
1433 3869 1716 3933 θάπτεται,
1747 3886 1881 3922 κατ-

297 3962 519 4033 έρχεται
563 3960 643 4024 είς
681 3961 749 4015 τὰ
778 3961 1106 4032 καταχθόνια
1151 3963 1208 4015 ὲν
1236 3961 1447 4031 θεότητι
1489 3961 1582 4014 καὶ
1615 3962 1672 4013 ὲν
1708 3960 1877 4030 ψυχῇ,

374 4141 391 4172 ¹
432 4138 622 4196 Melius
648 4141 739 4196 lib.
777 4157 816 4204 ι,
845 4136 905 4195 οὗ
931 4142 987 4194 ὲν
1011 4141 1152 4212 ἀρχῇ
1183 4141 1279 4210 τῆς
1304 4139 1577 4209 βασιλείας
1609 4139 1788 4207 ἐξιών.

296 4335 438 4394 gens
459 4359 475 4383 ,
507 4334 618 4374 non
641 4319 796 4394 satis
831 4317 1125 4373 adre-rtcrit
1154 4358 1168 4382 ,
1207 4334 1343 4394 rum
1368 4319 1483 4394 illo
1516 4319 1736 4374 biennio
1776 4336 1886 4375 non

301 4390 444 4446 bene
478 4391 656 4460 aptari
686 4405 845 4460 posse
874 4401 1089 4460 tempus
1111 4390 1412 4444 nativitatis
1443 4390 1571 4444 Jesu
1605 4406 1728 4444 cum
1760 4400 1890 4445 tem-

301 4477 435 4532 prire
474 4459 667 4515 mortis
690 4459 976 4525 Herodis;
1013 4477 1111 4515 nec
1131 4476 1273 4532 _qua3
1311 4462 1376 4514 ab
1404 4461 1753 4529 cvangelistis
1797 4461 1848 4532 di
1871 4492 1886 4502 -

1877 4142 1898 4172 '
1930 4141 1974 4194 A
2010 4142 2205 4211 magis.
2281 4141 2302 4172 ³
2330 4137 2516 4194 chtr.
2545 4156 2618 4204 tv,
2651 4141 2700 4193 l.

1993 2038 2226 2094 G‘alilteae
2255 2039 2502 2101 secessit,
2545 2052 2609 2091 ac
2639 2047 2753 2091 tum
2798 2034 3050 2090 bazareti
3115 2031 3386 2088 consedit.
3449 2030 3572 2086 Ca:-

1993 2137 2173 2185 terum
2222 2128 2526 2188 Archelaus
2574 2126 2841 2182 Herodem
2883 2125 3158 2195 iuniorem
3217 2122 3572 2194 genuitq-qui

1993 2234 2143 2275 nono
2192 2219 2444 2274 Archelai
2497 2218 2670 2289 patris
2719 2231 2865 2272 anno
2906 2216 2962 2270 in
3012 2231 3239 2285 regnum
3281 2215 3569 2270 successit.

1992 2311 2247 2382 Idemque
2276 2326 2452 2366 annus
2477 2325 2508 2364 a
2553 2308 2857 2364 Nativitate
2889 2307 3098 2362 Christi
3133 2321 3231 2360 xm
3273 2319 3572 2360 numeran—

1992 2400 2096 2459 dus
2147 2412 2250 2458 est.
2307 2400 2516 2456 Octavo
2565 2399 2780 2455 decimo
2832 2413 2978 2452 anno
3029 2396 3260 2452 Herodis
3298 2395 3569 2466 Agrippze,

1993 2495 2157 2552 Jesus
2179 2495 2433 2550 Christus
2456 2492 2807 2565 promulgare
2828 2491 3074 2546 divinum
3101 2488 3325 2544 verbum
3349 2502 3571 2557 aggres-

1993 2604 2090 2645 sus
2145 2594 2256 2658 est,
2284 2602 2350 2642 ac
2398 2595 2514 2642 tum
2545 2601 2574 2640 a
2607 2584 2818 2640 Joanne
2862 2583 3194 2653 baptismum
3245 2579 3484 2648 accipit,
3516 2586 3572 2632 ct

1997 2696 2203 2735 annum
2239 2680 2391 2743 illum
2441 2685 2726 2747 acceptum
2765 2676 2821 2730 in
2866 2691 2929 2731 ea
2976 2671 3236 2745 praeconii
3291 2671 3574 2724 fiuit-tione

1991 2771 2286 2835 consumit,
2310 2770 2463 2825 nullo
2485 2783 2664 2839 neque
2684 2766 3022 2830 Iud-morum,
3055 2779 3232 2836 neque
3259 2761 3569 2833 gentilium,

1992 2879 2170 2935 neque
2199 2862 2695 2925 Samaritanorum,
2742 2874 2921 2930 neque
2964 2858 3193 2914 alterius
3235 2855 3452 2926 generis
3482 2868 3572 2907 reo

1990 2962 2288 3028 pugnante.
2323 2954 2580 3010 Secundo
2617 2952 2876 3024 praeconii
2913 2949 3155 3007 ccelestis
3196 2962 3342 3002 anno
3404 2961 3568 3016 quam

1991 3047 2259 3119 plurimos
2285 3047 2682 3103 obtrectatores
2712 3044 2935 3104 habuit;
2958 3041 3054 3112 qui
3082 3040 3302 3112 quidem
3337 3037 3570 3093 Herodis

1991 3137 2240 3208 ejusdem
2283 3153 2409 3201 xix,
2455 3135 2660 3191 Christi
2719 3150 2872 3189 xxxii
2930 3133 3164 3189 exstitit.
3218 3130 3444 3186 Detnum
3495 3143 3566 3181 xx

1991 3230 2280 3286 tetrarchae
2311 3227 2542 3286 Herodis
2585 3242 2731 3282 anno
2765 3225 3020 3282 Christus
3056 3222 3320 3279 Dominus
3349 3220 3421 3275 ob
3463 3219 3559 3274 hu-

1991 3322 2138 3376 mani
2172 3323 2389 3391 generis
2443 3320 2674 3376 salutem
2719 3333 2950 3390 passus,
2991 3326 3153 3386 atque
3196 3313 3388 3368 eodem
3432 3318 3596 3366 tem-.

1990 3428 2122 3484 pore
2152 3413 2287 3468 nihil
2318 3426 2514 3483 passus
2549 3421 2664 3477 est;
2691 3420 2806 3465 tum
2843 3424 2967 3463 cum
3004 3415 3232 3462 mortem
3268 3406 3579 3475 degustans-

1991 3503 2058 3558 ad
2094 3503 2274 3573 ipsum
2314 3503 2480 3557 etiam
2523 3502 2709 3556 crucis
2758 3499 3115 3570 supplicium,
3147 3511 3348 3566 passus
3392 3501 3479 3551 est
3507 3493 3594 3549 in,

1989 3594 2241 3658 veritate,
2293 3609 2416 3648 cum
2467 3593 2686 3648 interim
2743 3591 2879 3646 nihil
2927 3591 3044 3660 ipsa
3094 3589 3380 3644 divinitate
3415 3595 3572 3657 pate-

1989 3695 2161 3742 retur.
2213 3684 2424 3740 Christo
2475 3685 2614 3739 enim
2655 3683 2772 3754 (ait
2802 3681 3123 3752 Scriptura)
3172 3696 3267 3749 pro
3307 3677 3457 3732 nobis
3515 3678 3569 3730 in

1991 3794 2149 3831 carne
2178 3791 2335 3844 passo
2351 3776 2392 3829 ³.
2421 3773 2793 3844 Rursumque,
2831 3771 3191 3840 Mortiﬁcatus
3226 3767 3566 3832 carne,.vivi-

1990 3869 2182 3937 ﬁcatus
2218 3879 2394 3921 autem
2419 3868 2611 3932 spiritu
2636 3867 2677 3929 δ,
2712 3874 2767 3921 et
2796 3881 2926 3936 qua}
2947 3870 3272 3934 sequuntur.
3315 3859 3372 3913 lu
3403 3874 3584 3914 cruce.

1992 3958 2370 4029 suspenditur,
2403 3961 2705 4030 sepelitur;
2738 3959 2804 4012 ad
2857 3957 3066 4013 inferos
3110 3970 3258 4009 cum.
3281 3953 3580 4008 divinitate

2780 4137 2842 4190 ⁶Ι
2879 4136 3023 4193 Petr.
3060 4153 3139 4194 ιιι.
3181 4137 3265 4192 18.

1988 4337 2123 4377 sane
2167 4321 2361 4377 recidit
2413 4321 2469 4375 in
2505 4334 2708 4373 annum
2766 4318 2977 4388 imperii
3009 4317 3243 4388 Augusti
3291 4331 3396 4388 non
3431 4333 3565 4378 χιιι.

1988 4394 2082 4448 sed
2120 4409 2183 4447 χι.
2214 4403 2338 4447 ante
2373 4391 2752 4463 Dionysiauam
2783 4387 3060 4458 volgatam
3088 4387 3252 4441 mm
3287 4387 3471 4463 v._Qua
3501 4388 3568 4463 de

1990 4480 2048 4517 re
2072 4467 2142 4517 ob
2173 4460 2546 4531 discrepantes
2587 4463 2735 4531 inter
2764 4475 2822 4513 se
2851 4469 3092 4513 veterum
3123 4460 3458 4531 sententias,
3497 4460 3567 4511 oh

299 4521 525 4602 cuntur;
553 4548 677 4584 cum
712 4531 777 4584 iis
803 4571 840 4602 ,Α
873 4521 994 4600 qua:
1031 4533 1082 4584 in
1113 4521 1427 4602 Jtidn'orum
1464 4521 1883 4600 Antiquitatibus
1917 4521 1962 4578 ί)
2001 4521 2370 4588 diﬂirultateni
2400 4530 2760 4602 componendi
2789 4532 2928 4584 inter
2958 4538 3349 4602 sese-tempora
3388 4530 3568 4602 diver—

303 4604 467 4657 habet
497 4600 770 4670 Josephus
801 4600 1080 4656 lleln'aeus.
1107 4601 1392 4656 Mattlneus
1423 4602 1642 4658 laudato
1679 4603 1730 4655 in
1764 4604 1888 4658 loco

303 4674 583 4728 biennium
616 4683 672 4725 ut
695 4673 1079 4744 admittamns,
1116 4689 1224 4727 non
1250 4675 1443 4744 exigit.
1481 4672 1544 4726 Et
1575 4688 1886 4744 quanquam

298 4745 354 4798 in
418 4742 731 4809 hujusmodi
788 4743 1190 4812 cltrouologicis
1247 4743 1696 4812 inquisitiouibus
1741 4742 1884 4799 certi

303 4815 378 4868 nil
417 4814 716 4869 habeamus
743 4854 756 4876 ,
817 4815 1165 4868 verisimilior
1223 4822 1406 4869 tamen
1445 4823 1671 4884 apparet
1712 4816 1884 4868 altera

299 4885 512 4952 opinio,
545 4899 666 4953 qua:
696 4891 749 4936 et
793 4885 932 4953 apud
964 4886 1111 4938 viros
1157 4885 1349 4939 doctos
1375 4886 1744 4956 communior,
1775 4901 1883 4956 qua

300 4956 540 5010 dicimus
587 4970 693 5007 non
733 4956 919 5008 multis
958 4971 986 5008 a
1039 4957 1317 5008 nativitate
1355 4955 1550 5010 diebus
1603 4955 1880 5011 Christum

301 5023 639 5096 Bctlilehemi
674 5024 842 5080 fuisse
879 5044 906 5077 ιι
935 5027 1108 5092 inagis
1140 5027 1448 5096 adoratum.
1495 5027 1593 5079 Cui
1639 5027 1880 5096 opinioni

304 5111 410 5150 nec
466 5094 752 5150 Mattha'ns
791 5104 1098 5165 repugnat,
1159 5096 1269 5150 imo
1321 5095 1608 5165 sullragari
1668 5094 1884 5151 videtur

304 5167 463 5220 initio
496 5166 644 5220 illius
673 5167 897 5221 secundi
937 5167 1131 5235 capitis
1170 5182 1455 5235 magorum
1489 5169 1782 5221 adventum
1815 5170 1882 5222 il-

299 5237 410 5291 lico
442 5237 783 5306 suhjungens
807 5238 1110 5291 narrationi
1139 5240 1458 5297 nativitatis.
1497 5245 1660 5306 atque
1687 5239 1877 5293 aiens:

297 5307 433 5378 Cum
459 5324 583 5378 ergo
621 5316 780 5378 notus
819 5318 954 5362 esset
992 5307 1148 5362 Jesus
1180 5309 1232 5362 in
1273 5308 1573 5362 Bethlehem
1602 5306 1793 5371 Jnda',
1827 5310 1879 5362 in

296 5376 483 5450 (fielms
503 5376 738 5450 Herodis
765 5379 925 5449 regis,
964 5395 1078 5432 ecce
1108 5381 1248 5450 magi
1283 5380 1348 5432 ab
1388 5380 1601 5434 Oriente
1633 5390 1879 5433 venemut

295 5447 710 5519 Jerosolymam.

370 5519 486 5590 (14)
528 5519 863 5590 Τριακοατῷ
895 5520 1082 5587 τρίτῳ.
1117 5519 1192 5573 Ita
1244 5535 1380 5575 enm-
1411 5520 1735 5575 Czrsariensi
1771 5519 1878 5574 Eu-

295 5589 474 5671 sebio,
510 5599 623 5671 tum
659 5591 713 5644 in
755 5589 1049 5671 Chaonias,
1081 5599 1198 5671 Lam
1222 5591 1282 5671 _in
1315 5593 1517 5671 quinto.
1547 5592 1644 5671 lib.
1674 5607 1688 5643 ι
1729 5591 1874 5648 llist.

289 5660 425 5716 εισι.
483 5661 696 5730 capite,
751 5662 1020 5716 sentiebat
1081 5660 1418 5728 Epiphanius
1492 5661 1559 5714 At
1619 5671 1874 5716 accurata

299 5732 474 5802 u-agis
513 5741 818 5801 temporum
856 5734 993 5784 ratio
1028 5731 1114 5784 illa
1149 5747 1270 5786 esse
1301 5733 1532 5795 videtur,
1564 5749 1684 5800 qtae
1712 5733 1867 5784 Nata-

296 5803 410 5860 lcm
435 5803 581 5858 diem
611 5803 811 5856 Christi
842 5802 1050 5856 liontini
1084 5805 1277 5856 slatuit
1315 5805 1367 5857 in
1403 5818 1547 5856 anno
1574 5820 1736 5856 xxxiv
1764 5803 1871 5858 llc-

294 5874 454 5928 radis
507 5881 631 5944 post
694 5874 980 5944 depulsum
1031 5873 1362 5944 Antigonum
1411 5875 1732 5946 regnantis,
1775 5875 1868 5944 qui

1992 4619 2051 4658 sa
2074 4645 2087 4667 ,
2128 4600 2539 4662 intricatissima
2573 4613 2628 4656 ct
2662 4602 2893 4655 salebris
2947 4601 3187 4670 undique
3233 4600 3410 4654 obsita
3438 4639 3454 4661 ,
3487 4600 3572 4652 in-

1992 4677 2202 4733 numeri
2236 4674 2624 4744 propemodum
2664 4673 2974 4741 scripsere.
3017 4673 3125 4744 _qui
3167 4671 3379 4724 consuli
3436 4686 3568 4740 pos-

1990 4753 2144 4807 sunt,
2185 4740 2250 4800 ρι’
2266 4761 2361 4799 eos
2395 4746 2538 4799 inter
2569 4740 2879 4812 postremus
2908 4740 3154 4810 profecto
3186 4758 3295 4793 non
3327 4749 3427 4812 est.
3467 4756 3568 4794 nec

1990 4816 2213 4885 insuper
2246 4816 2529 4870 habendus
2557 4810 2580 4876 ,ἡ
2607 4829 2766 4882 quem
2811 4827 2955 4880 sa-pe
2995 4812 3334 4885 Iaudavinius
3365 4853 3378 4875 ,
3411 4810 3568 4885 l’cta-

1989 4883 2198 4941 viusret
2225 4888 2276 4941 in
2311 4887 2428 4941 suis
2464 4886 2536 4939 De
2566 4885 2812 4938 doctrina
2861 4895 3152 4952 temporum
3209 4883 3362 4936 libris
3403 4891 3451 4935 et
3512 4883 3564 4934 in

1987 4956 2208 5031 iisqum
2242 4958 2308 5031 ad
2336 4956 2623 5027 Epiphanii
2648 4956 2900 5031 haeresim
2933 4954 2995 5009 5i
3033 4954 3311 5031 scripsitt‘
3355 5019 3366 5031 ο

2059 5020 2293 5095 (1⁷5)Τῴ
2348 5020 2680 5094 τριακοστῷ
2723 5025 2988 5094 πέμπτῳ.
3051 5020 3214 5078 Iusta
3272 5020 3564 5095 Epiphanii

1986 5091 2321 5170 opinionem,
2351 5091 2512 5167 quam
2539 5099 2700 5168 paulo
2721 5091 2976 5166 superius
3006 5095 3188 5149 minus
3213 5091 3562 5146 verisimilem

1985 5169 2258 5223 dicebant.

2055 5240 2166 5309 (lii)
2202 5237 2524 5306 Τεσσιίρωι·
2547 5237 2719 5309 ἐτῶν.
2751 5235 3009 5291 Eorlasse
3037 5234 3390 5309 n'iinusvere.
3421 5232 3566 5309 μοι’-

1983 5303 2113 5364 tuus
2151 5303 2412 5365 creditur
2447 5307 2688 5363 Herodes
2742 5323 2887 5360 anno
2946 5321 2976 5358 a
3031 5303 3236 5358 Christi
3273 5303 3564 5358 Nativilasc

1983 5381 2224 5435 nondum
2254 5380 2588 5434 adamussim
2625 5377 2861 5447 expleto.
2915 5375 3026 5430 Nec
3061 5373 3302 5430 llerozles
3329 5376 3397 5428 ab
3445 5377 3561 5427 An-

1983 5452 2153 5522 tigoni
2197 5461 2372 5505 morte
2401 5463 2586 5522 xxxvii
2623 5450 2874 5522 regnavit
2902 5451 3098 5522 annos.

2051 5520 2656 5592 (17)7Δεκατρία-ἔτῃ.
2717 5517 2773 5570 Si
2825 5516 3042 5592 probari
3080 5516 3361 5592 contingat
3389 5552 3404 5576 ,
3442 5529 3564 5592 qua:

1980 5586 2156 5661 supra
2190 5591 2521 5653 iudicabam,
2553 5589 2618 5641 ad
2651 5586 2838 5642 eorum
2892 5588 3242 5661 rationcnrct
3273 5587 3426 5638 lorus
3459 5586 3563 5639 iste

1979 5656 2263 5731 Epiphanii
2296 5669 2583 5715 revocetur
2614 5673 2838 5713 necesse
2857 5665 2970 5731 _est.
2994 5656 3176 5731 Quod
3209 5667 3260 5710 et
3281 5663 3560 5731 praestan-

1977 5726 2104 5786 dum
2161 5734 2377 5786 videtur
2437 5732 2580 5784 circa
2641 5744 2812 5782 annos
2856 5727 3112 5795 Baptismi
3167 5737 3220 5782 ct
3281 5726 3560 5781 Passionis

1976 5805 2178 5858 Christi
2205 5801 2519 5857 Domini.l)e
2539 5800 2738 5871 quibus
2765 5801 2922 5871 annis
2943 5805 3153 5851 constat
3171 5815 3275 5871 non
3297 5798 3559 5871 minorem

1937 5891 1940 5894 '
1983 5892 2100 5930 csse
2151 5866 2580 5927 controversiam
2612 5885 2776 5941 quam
2826 5869 2893 5926 de
2935 5876 3181 5940 tempore
3227 5866 3556 5922 Nativitatis.
