3986 6224
429 411 526 482 851

1861 411 1916 468 S.
1962 410 2296 468 El’il’liANll

3568 425 3680 480 853:

427 550 526 594 sua
556 543 610 589 et
648 531 826 588 anima
857 529 1163 598 descendit,
1205 534 1478 604 captivam
1523 535 1673 594 ducit
1709 535 1986 606 captivita-

2103 535 2504 606 αίχμαλωτεύει
2535 535 2635 604 τὴν
2663 535 3059 606 αἰχμαλωσίαν,
3095 537 3186 592 καὶ
3213 539 3496 596 ἀνίσταται
3519 547 3678 614 τριή-

427 634 534 686 tem
555 665 572 691 ,
607 640 670 679 ac
697 623 859 680 tertio
880 625 970 680 die
997 640 1120 680 cum
1163 627 1516 683 sanctissimo
1539 643 1641 684 suo
1665 643 1896 698 corpore
1929 627 1994 682 ad

425 719 598 772 vitam
629 717 925 784 excitatur.
950 717 1106 783 Quod
1135 717 1354 786 quidem
1381 735 1583 790 corpus
1606 735 1782 789 neque
1801 719 1998 774 dissol-

425 807 656 862 vendum
689 807 1059 876 amplius,nec
1089 823 1402 876 passurum,
1426 825 1528 865 nec
1552 811 1654 866 sub
1681 811 1876 866 mortis
1899 811 1996 868 do-

425 899 692 964 minatum
721 909 910 969 postea
933 915 1385 966 eessurum,cum
1418 917 1517 958 sua
1554 903 1839 960 divinitate
1861 918 1997 960 con-

419 991 622 1060 junxit.
656 989 712 1044 id
744 991 889 1060 quod
926 991 1170 1061 Apostoli
1213 993 1530 1050 testimonio
1557 996 1948 1064 comprobatur
1976 1014 1994 1051 :

427 1083 594 1148 Mora,
623 1083 818 1154 inquit,
857 1100 958 1138 non
981 1084 1207 1146 amplius
1231 1085 1280 1139 ei
1301 1085 1662 1148 dominabitur
1681 1087 1720 1140 ¹.

494 1177 612 1232 lioc
637 1177 804 1248 igitur
835 1177 1010 1246 ipsum
1045 1192 1175 1232 vere
1229 1191 1455 1248 corpus,
1487 1193 1706 1236 carnem
1738 1179 1912 1249 ipsam
1941 1187 1996 1232 et

423 1266 661 1320 animam
700 1266 906 1336 ipsam,
941 1267 1057 1336 ipsa
1093 1267 1291 1336 quibus
1331 1269 1620 1324 constabat
1649 1269 1854 1331 omnia,
1883 1284 1991 1324 non

424 1355 575 1410 aliud
607 1356 906 1426 quidquam
945 1365 1140 1425 praeter
1175 1373 1362 1412 verum
1402 1371 1626 1434 corpus,
1653 1358 1750 1414 sed
1788 1359 1994 1428 ipsum-

422 1457 534 1504 met
569 1449 702 1506 illud
737 1449 786 1503 vi
817 1449 1030 1504 caelesti
1061 1448 1322 1518 perfudit,
1352 1458 1406 1504 et
1433 1449 1490 1506 in
1515 1464 1684 1504 unum
1719 1449 1989 1520 idemque,

421 1543 476 1595 in
542 1556 742 1604 unam,
797 1540 1055 1610 inquam,
1101 1540 1442 1596 divinitatem
1501 1541 1880 1604 consociavit,
1935 1550 1994 1594 ut

419 1645 676 1686 earneum
711 1639 860 1686 esset
891 1630 1331 1701 ineorruptibile,
1361 1645 1686 1702 corporeum
1723 1633 1990 1703 spiritale,

415 1733 736 1782 concretum
765 1733 948 1788 tenue,
986 1725 1201 1796 1120
1230 1725 1456 1780 mortale
1485 1725 1812 1791 immortale,
1843 1727 1992 1797 quod

419 1817 564 1880 nulla
603 1817 830 1887 omnino
859 1817 986 1872 tabe
1023 1801 1352 1876 diSsolutum
1393 1815 1594 1882 fuerat,
1626 1818 1808 1872 anima
1845 1819 1990 1889 apud

419 1907 623 1964 inieras
657 1923 768 1964 non
801 1908 1012 1972 relicta,
1043 1923 1168 1963 cum
1209 1922 1312 1964 nec
1357 1922 1558 1978 corpus
1593 1909 1738 1966 velut
1785 1911 1986 1966 instru-

415 2005 656 2064 mentum
707 1999 891 2070 aliqua
946 2013 1012 2053 ex
1083 2007 1237 2069 parte
1291 1998 1346 2054 in
1401 2001 1608 2069 peccati
1664 2001 1986 2071 obsequium

418 2087 613 2154 fuisset
658 2087 991 2158 impensum,
1026 2103 1128 2143 nec
1157 2104 1314 2146 mens
1349 2090 1460 2144 ulla
1511 2091 1708 2148 fuisset
1745 2093 1800 2148 iu
1835 2092 1986 2150 dete-

417 2181 539 2248 rius
568 2181 870 2241 mutatione
908 2181 1133 2249 polluta.
1171 2181 1276 2236 Sed
1306 2197 1432 2236 cum
1478 2183 1585 2238 sibi
1629 2184 1814 2238 omnia
1868 2199 1989 2254 qua".

415 2275 652 2330 hominis
689 2274 912 2345 propria
968 2281 1098 2330 sunt
1148 2276 1473 2340 ascivisset,
1527 2278 1716 2332 eadem
1773 2278 1984 2349 integra

412 2367 672 2430 servavit,
708 2381 830 2436 quae
879 2381 1018 2421 verae
1077 2367 1156 2422 illi
1198 2382 1361 2438 quam
1420 2369 1544 2424 sibi
1573 2369 1984 2436 conciliaverat,

413 2467 624 2514 natura:
680 2459 748 2513 ad
809 2459 1012 2514 rationi
1065 2467 1470 2527 consentaneos
1533 2476 1668 2518 usus
1729 2461 1988 2519 divinitas

411 2559 766 2610 concesserat
813 2569 828 2606 :
889 2567 1028 2607 usus
1086 2551 1344 2606 nimirum
1390 2553 1550 2616 illos,
1605 2552 1698 2623 qui
1750 2562 1810 2610 ut
1863 2568 1989 2610 esse

411 2643 629 2712 penitus
660 2643 873 2716 possint
891 2681 906 2706 ,
933 2644 1129 2712 partim
1158 2644 1406 2712 corporis
1429 2653 1621 2714 egent,
1643 2644 1839 2712 partim
1868 2645 1988 2698 ani-

411 2736 482 2788 mi
524 2743 688 2804 atque
732 2734 982 2788 humanae
1023 2735 1219 2790 mentis
1271 2734 1602 2790 adminiculo
1633 2754 1646 2789 :
1677 2734 1986 2804 cuiusmodi

409 2833 539 2881 sunt
585 2825 779 2891 fames,
827 2826 966 2888 sitis,
1025 2825 1226 2890 fletus,
1285 2826 1533 2889 tristitia,
1582 2826 1854 2898 iaerymaa.
1887 2839 1986 2882 so-

413 2933 611 2978 mnus.
671 2917 822 2971 labor
867 2931 932 2972 ac
977 2917 1196 2986 requies
1253 2916 1376 2972 llaec
1404 2918 1550 2972 enim
1609 2917 1792 2985 omnia
1837 2918 1986 2972 nulla

413 3009 682 3066 infuscata
720 3011 927 3080 peccati
983 3013 1185 3081 specie,
1233 3023 1504 3081 suscepta:
1553 3010 1734 3081 reipsa
1777 3021 1988 3066 natura“.

407 3104 646 3170 hominis
679 3115 1001 3172 argumenta
1033 3105 1314 3159 continent
1349 3124 1362 3160 :
1401 3121 1528 3160 cum
1553 3119 1664 3175 qua
1692 3121 1820 3160 vere
1847 3117 1984 3160 eon-

405 3196 614 3252 soeiata
678 3197 940 3252 divinitas
993 3197 1292 3252 humanum
1341 3207 1524 3252 tamen
1573 3197 1778 3267 patitur
1825 3197 1982 3263 nihil,

407 3289 631 3344 tametsi
657 3305 778 3358 quin
807 3289 1012 3348 rationi
1042 3299 1412 3345 consentanea
1439 3288 1638 3352 forent,
1675 3289 1980 3353 admiserit,

405 3391 572 3452 atque
601 3382 670 3436 ab
719 3383 864 3435 omni
894 3391 1113 3450 peccato
1141 3389 1194 3445 et
1228 3381 1282 3436 in
1311 3381 1468 3451 pejus
1511 3395 1576 3435 ae
1602 3379 1827 3436 vetitum
1863 3395 1983 3434 mu-

405 3473 614 3534 tatione
655 3473 842 3540 procul
869 3471 1124 3526 abfuerit.
1162 3472 1240 3525 Ad
1287 3472 1402 3525 inec
1443 3474 1715 3526 excitatus
1744 3485 1776 3525 a
1806 3478 1983 3526 morte

407 3564 660 3624 Christus
701 3563 940 3618 occlusis
979 3563 1165 3632 januis
1201 3564 1484 3634 ingressus
1521 3573 1608 3618 est
1631 3565 1674 3628 ³,
1715 3563 1794 3617 uti
1833 3563 1982 3632 quod

410 3661 680 3728 hactenus,
728 3670 977 3710 crassum
1027 3661 1458 3725 concrettnnqne
1511 3654 1689 3708 fuerat
1741 3667 1982 3723 corpus,

418 3750 608 3804 eadem
636 3763 759 3802 eum
793 3764 956 3802 carne
987 3747 1314 3818 ossibusque
1341 3757 1500 3802 tenue
1528 3763 1592 3802 ac
1633 3747 1832 3802 subtile
1861 3762 1983 3804 esse

407 3853 756 3902 monstraret.
810 3841 1006 3897 Statim
1059 3842 1204 3896 enim
1251 3851 1414 3911 atque
1468 3843 1838 3914 introgressus
1875 3853 1980 3910 est,

407 3957 602 4000 manus
630 3957 693 3995 ac
739 3938 904 4010 pedes
950 3947 1004 3993 et
1049 3936 1367 3998 confossum
1413 3937 1558 4000 latus
1588 3954 1712 3993 cum
1762 3941 1982 3995 ossibus

406 4049 470 4089 ac
521 4033 706 4090 nervis
756 4029 1036 4086 ostendit:
1092 4029 1249 4092 adeo,
1299 4043 1421 4098 qua:
1455 4037 1568 4084 tum
1618 4030 1979 4096 videbantur,

409 4126 584 4182 solida
613 4133 793 4186 erant,
827 4137 926 4177 nec
975 4121 1160 4192 specie
1211 4127 1374 4175 tenus
1411 4123 1722 4177 exstabant.
1769 4122 1982 4189 Quibus

406 4218 572 4272 rebus
619 4231 811 4270 eorum
857 4215 1100 4266 omnium
1153 4229 1274 4282 qua:
1345 4213 1464 4266 tidei
1511 4223 1567 4268 et
1613 4216 1728 4284 spei
1781 4225 1983 4271 nostra:

410 4311 688 4381 proposita
745 4317 894 4372 sunt,
930 4308 1329 4377 promissorum
1384 4322 1479 4375 per
1531 4323 1651 4362 sese
1697 4309 1980 4363 veritatem

409 4403 774 4466 confirmavit,
815 4401 1104 4470 periicieus
1160 4399 1379 4464 omnia;
1435 4415 1610 4469 neque
1667 4399 1790 4454 [icta
1839 4401 1981 4455 dun-

409 4501 559 4544 taxat
587 4489 844 4559 imagine,
878 4489 974 4544 sed
1015 4487 1196 4556 reipsa
1225 4503 1348 4541 cum
1399 4489 1518 4545 suis
1557 4504 1895 4546 convesvens
1927 4499 1982 4546 et

2100 645 2266 700 μερος
2311 629 2410 682 σὺν
2441 627 2593 698 αὐτῷ
2637 627 2715 698 τῷ
2761 629 2902 700 ἁγίῳ
2939 630 3238 701 Πνεύματι,
3283 634 3586 698 συνενὼσας
3617 638 3678 687 τὸ

2098 721 2258 790 σῶμα
2285 723 2351 790 τῇ
2383 719 2616 790 θεότητι,
2669 719 2868 790 μηκέτι
2897 719 3173 791 λυόμενον,
3217 723 3410 793 μηκέτι
3439 725 3674 794 πάσχον,

2100 814 2296 884 μηκέτι
2336 813 2441 866 ὑπὸ
2494 811 2586 866 τοῦ
2616 811 2850 866 θανάτου
2899 815 3312 886 κυριευόμενθν,
3355 816 3432 879 ὣς
3457 834 3628 886 φησιν
3648 820 3678 871 ό

2110 906 2430 970 ’Λπόστολος
2449 922 2463 934 ·
2497 904 2762 972 Θάνατος
2789 906 2976 960 αὐτοῦ
3005 905 3204 962 οὐκέτι
3235 909 3514 976 κυριεύει.

2165 1175 2308 1228 Αὐτὸ
2335 1174 2398 1228 τὸ
2427 1172 2588 1244 σῶμα
2621 1171 2918 1243 ἀληθινῶς,
2951 1170 3120 1242 αὐτὴν
3147 1170 3246 1242 τὴν
3273 1171 3473 1242 σάρκα,
3499 1169 3678 1238 αὐτὴν

2093 1267 2194 1338 τὴν
2220 1266 2418 1337 ψυχὴν,
2447 1266 2588 1320 αὑτά
2611 1265 2682 1320 τὰ
2723 1265 2923 1330 πάντα,
2947 1266 3047 1318 οὐκ
3082 1263 3211 1316 ἄλλο
3248 1281 3300 1315 τι
3343 1263 3494 1333 παρά
3527 1263 3590 1315 τὸ
3619 1262 3680 1316 ὃν

2097 1358 2289 1429 σῶμα,
2335 1358 2450 1411 ἀλλ’
2501 1357 2633 1412 αὐτὸ
2670 1355 2732 1410 ὃν
2777 1355 3159 1425 ὲνδυναμώσας
3199 1355 3296 1407 καὶ
3341 1353 3546 1418 ένώσας
3594 1356 3678 1418 είς

2099 1451 2226 1520 μίαν
2254 1449 2480 1518 ἑνότητα
2530 1449 2626 1502 καὶ
2681 1449 2764 1512 είς
2809 1447 2940 1518 μίαν
2984 1447 3212 1516 θεότητα
3232 1485 3248 1510 ,
3298 1445 3360 1498 τὺ
3409 1445 3680 1515 σαρκικὸν

2092 1540 2388 1610 ἄφθαρτον,
2417 1539 2478 1592 τὸ
2506 1539 2816 1609 σωματικὸν
2844 1537 3234 1608 πνευματικὸν,
3259 1537 3321 1590 τὸ
3353 1537 3678 1610 παχυμερὲς

2093 1634 2452 1706 λεπτομερὲς,
2491 1635 2552 1686 τὸ
2585 1631 2779 1704 θνητὸν
2807 1631 3096 1696 ἀθάνατον,
3137 1631 3221 1710 μὴ
3259 1630 3504 1700 ὲωρακὸς
3533 1629 3676 1688 ὅλως

2092 1725 2412 1795 διαφθορὰν,
2445 1724 2522 1796 μὴ
2568 1723 3024 1794 καταλειφθείσης
3051 1723 3150 1794 τῆς
3181 1723 3362 1794 ψυχῆς
3397 1724 3477 1786 εἰς
3513 1723 3674 1800 ᾅδην,

2097 1815 2172 1888 μὴ
2199 1813 2551 1886 μερισθέντος
2579 1812 2674 1866 τοῦ
2701 1811 2933 1883 ὀργάνου
2967 1815 3048 1876 είς
3076 1811 3374 1882 ἁμαρτίαν,
3401 1810 3477 1882 μὴ
3505 1829 3672 1881 χραν-

2092 1909 2275 1971 θέντος
2297 1905 2392 1971 τοῦ
2430 1905 2521 1960 νοῦ
2561 1907 2642 1968 εἰς
2681 1905 2920 1976 τροπήν⁸
2962 1903 3098 1966 ἀλλὰ
3138 1904 3209 1957 τά
3253 1903 3350 1957 ὅλα
3379 1901 3676 1973 ἀνθρώπου

2089 2000 2306 2068 λαϐὼν,
2361 1999 2604 2070 φυλάξας
2648 1997 2706 2052 δὲ
2739 1997 2838 2052 ὅλα
2869 1997 2982 2069 (τὰ)
3033 1997 3240 2062 τέλεια,
3281 1995 3676 2060 ὲπιδεδωκυίας

2088 2092 2188 2163 τῆς
2211 2092 2464 2162 θεότητος
2487 2093 2554 2164 τῇ
2574 2090 2798 2160 ἀληθινῇ
2823 2089 2980 2143 ὲνανθ
2989 2089 3252 2160 ρωπήσει,
3273 2089 3394 2151 ταῖς
3419 2087 3636 2158 χρείαις
3652 2089 3675 2120 ⁸

2089 2187 2209 2248 ταῖς
2239 2183 2515 2252 εὐλογίαις
2543 2163 2687 2236 κατά
2721 2183 2822 2246 τὰς
2849 2181 3168 2252 σωματικάς
3199 2197 3258 2244 τε
3289 2181 3381 2234 καὶ
3405 2181 3674 2250 ψυχικὰς,

2089 2278 2184 2331 καὶ
2203 2279 2269 2332 ἐκ
2293 2277 2386 2330 νοῦ
2410 2277 2750 2348 ἀνθρωπίνου
2773 2275 3120 2346 κεκτημένας
3143 2273 3244 2344 τὴν
3267 2273 3374 2344 πλη
3383 2273 3670 2344 ροφορίαν,

2087 2372 2158 2425 τὰ
2179 2374 2246 2443 τῇ
2277 2371 2439 2444 πείνῃ
2463 2369 2558 2423 καὶ
2585 2369 2736 2441 δίψῃ,
2781 2369 2874 2422 καὶ
2917 2365 3182 2436 κλαυθμῷ
3209 2383 3268 2418 τε
3307 2365 3402 2418 καὶ
3433 2365 3670 2434 ἀθυμίᾳ,

2087 2461 2316 2533 δάκρυσί
2335 2480 2395 2516 τε
2427 2461 2522 2524 καὶ
2550 2461 2722 2531 ὕπνῳ,
2747 2459 2978 2529 καμάτῳ
3009 2459 3102 2512 καὶ
3130 2457 3456 2512 ἀναπαύσει,
3481 2455 3673 2508 Ταῦτα

2088 2553 2200 2626 γὰρ
2245 2554 2342 2624 οὐχ
2387 2551 2660 2624 ἁμαρτίας
2703 2549 2864 2622 εἶδος,
2881 2552 2996 2604 ἀλλ’
3040 2549 3434 2622 ἀνθρωπισμοῦ
3471 2547 3676 2617 ἀληθε-

2090 2647 2310 2705 στάτου.
2335 2645 2564 2717 ἀληθείᾳ
2583 2646 2682 2714 τῆς
2706 2643 2958 2714 θεότητος
2981 2644 3269 2712 συνούσης,
3287 2642 3346 2695 οὐ
3371 2642 3438 2695 τὰ
3459 2641 3674 2712 ἀνθρὼ-

2089 2758 2221 2794 πινα
2251 2739 2590 2808 πασχούσης,
2617 2735 2752 2791 ἀλλά
2791 2737 2890 2806 τῆς
2933 2735 3184 2806 θεότητος
3241 2733 3670 2804 συνευδοκούσης

2089 2830 2168 2892 εἰς
2189 2828 2258 2880 τὰ
2282 2826 2498 2894 εὔλογα,
2530 2826 2625 2880 καὶ
2654 2826 2811 2888 exta;
2853 2825 3126 2896 ἁμαρτίας
3165 2825 3260 2878 καὶ
3292 2824 3500 2894 τροπῆς
3523 2824 3672 2894 ἀπη-

2088 2922 2425 2994 γορευμένης
2481 2919 2856 2991 ὑπαρχούσης.
2911 2918 3070 2971 Ἀλλά
3122 2918 3218 2972 καὶ
3273 2919 3470 2987 ἀνέστη
3491 2956 3506 2982 ,
3575 2918 3672 2970 καὶ

2089 3014 2270 3086 θυρῶν
2318 3013 2722 3083 κεκλεισμένων
2777 3010 3025 3081 εἰσῆλθεν
3051 3049 3066 3074 ,
3110 3011 3197 3068 ἵνα
3239 3009 3301 3063 τὸ
3349 3010 3670 3080 παχυμερὲς

2089 3106 2420 3177 λεπτομερὲς
2455 3103 2744 3176 ἀποδείξῃ,
2789 3103 2924 3157 αὐτὸ
2971 3102 3033 3155 τὸ
3087 3102 3146 3155 ὃν
3199 3103 3295 3162 σὺν
3357 3102 3526 3171 σαρκὶ
3573 3103 3672 3166 καὶ

2011 3206 2054 3266 c
2087 3197 2314 3260 ὀστέοις.
2361 3193 2516 3250 Μετά
2547 3192 2657 3265 γὰρ
2707 3193 2769 3244 τὸ
2819 3189 3082 3244 εἰσελθεῖν
3125 3187 3294 3255 ἔδειξε
3335 3191 3526 3258 χεῖρας
3572 3189 3670 3241 καὶ

2085 3291 2254 3354 πόδας
2291 3288 2385 3342 καὶ
2423 3285 2664 3357 πλευρὰν
2693 3282 3049 3352 νενυγμένην,
3082 3282 3244 3334 ὀστέα
3283 3298 3342 3334 τε
3375 3281 3470 3333 καὶ
3499 3279 3668 3350 νεῦρα

2086 3385 2180 3438 καὶ
2209 3382 2278 3435 τὰ
2313 3380 2469 3446 ἀλλα,
2501 3378 2576 3442 ὡς
2615 3377 2690 3448 μὴ
2724 3371 2864 3430 εἶναι
2903 3374 3204 3444 φαντασίαν
3249 3373 3310 3426 τὸ
3345 3372 3662 3443 ὁρώμενον·

2085 3473 2320 3536 πίστεώς
2337 3489 2400 3524 τε
2431 3470 2524 3522 καὶ
2549 3467 2763 3528 ἐλπίδος
2797 3466 2898 3536 τῆς
2933 3465 3208 3536 ἡμετέρας
3238 3466 3346 3535 τὴν,
3373 3463 3666 3532 ὑπόσχεσιν

2085 3568 2318 3622 ἐποιεῖτο
2341 3565 2407 3618 δι’
2439 3561 2652 3626 ἑαυτοῦ,
2683 3559 2752 3614 τὰ
2787 3559 2884 3610 ὅλα
2909 3555 3202 3619 τελειώσας
3249 3557 3343 3608 καὶ
3373 3554 3666 3608 συνεσθίων

2085 3663 2180 3716 καὶ
2224 3656 2670 3727 συναυλιζόμενος
2709 3654 2770 3706 οὐ
2805 3654 3024 3724 δοκήσει
3069 3649 3185 3704 ἀλλ’
3225 3648 3454 3720 ἀληθεία
3477 3665 3491 3678 ·
3539 3665 3666 3700 παι-

2083 3753 2251 3807 δεύων
2286 3768 2344 3804 τε
2379 3747 2586 3813 ἐδίδαξε
2625 3745 2904 3816 βασιλείαν
2927 3741 3210 3814 οὐρανῶν,
3255 3741 3563 3810 ἐκήρυσσεν
3607 3740 3666 3790 ὲν

2083 3843 2312 3914 ἀληθείᾳ
2328 3841 2389 3894 τὸ
2412 3841 2554 3912 μέγα
2571 3839 2664 3892 καὶΙ
2683 3834 3110 3910 κορυφαιότατον
3128 3830 3407 3902 σημαίνων
3428 3833 3542 3892 τοῖς
3571 3848 3666 3893 μα-

2085 3935 2294 4005 θηταῖς,
2318 3933 2412 3988 καὶ
2436 3932 2640 4001 λέγων·
2675 3927 3106 3994 Ηαθητεύσατε
3139 3922 3210 3976 τὰ
3235 3921 3668 3990 ἐθνηπουτέστι,

2088 4024 2447 4098 μεταϐάλλετε
2477 4023 2547 4076 τὰ
2577 4019 2705 4090 ἔθνη
2734 4017 2842 4072 ἀπὸ
2879 4016 3076 4079 κακίας
3116 4013 3194 4076 είς
3239 4011 3339 4080 τὴν
3383 4010 3658 4080 ἀλήθεεαν,

2083 4119 2191 4174 ἀπὸ
2205 4116 2467 4186 αἱρέσεων
2483 4115 2562 4177 είς
2587 4112 2716 4184 μίαν
2732 4109 2964 4188 θεότητα
2976 4109 3015 4138 θ’
3034 4101 3426 4173 βαπτίζοντες
3442 4101 3662 4166 αὐτοὺς

2084 4215 2169 4279 εὶς
2197 4211 2386 4280 ὄνομα
2406 4204 2636 4275 Πατρός
2659 4203 2760 4257 καί
2791 4202 2926 4256 Υιοῦ
2957 4200 3055 4254 καί
3085 4199 3260 4267 ἁγίου
3293 4197 3658 4264 Πνειόματος,

2084 4307 2164 4368 εἰς
2197 4304 2296 4374 τὴν
2321 4299 2608 4372 Κυριακὴν
2635 4291 2930 4364 ὀνομασίαν
2957 4291 3056 4360 τῆς
3097 4289 3141 4341 Τ
3147 4287 3344 4358 ριὰδος,
3375 4285 3540 4352 ἁγίαν
3569 4285 3660 4335 καὶ

2089 4393 2372 4468 βασιλικὴν
2427 4387 2735 4461 σφραγῖδογ
2787 4385 2874 4438 ἵνα
2929 4382 3077 4452 δείξῃ
3129 4381 3196 4431 ὲκ
3251 4377 3346 4431 τοῦ
3399 4376 3658 4444 ὀνόματος

2090 4487 2358 4560 μηδεμίαν
2395 4483 2680 4540 ἀλλοίωσιν
2711 4476 2852 4532 εἶναι
2883 4475 2980 4546 τῆς
3021 4475 3152 4545 μιᾶς
3181 4471 3453 4540 ἐνότητος.
3485 4469 3658 4560 Ὅπου

409 4581 686 4636 habitans.
706 4578 850 4644 Quin
875 4581 1098 4634 eosdem
1133 4580 1393 4644 instituit,
1413 4595 1478 4634 ac
1505 4583 1730 4636 cmlestc
1753 4597 1978 4652 regnum

2092 4583 2195 4653 γὰρ
2222 4582 2272 4634 οἱ
2305 4575 2694 4648 βαπτιζόμενοι
2732 4569 3046 4624 κελεύονται
3075 4567 3162 4630 εὶς
3191 4564 3379 4632 ὄνομα
3407 4559 3658 4628 Πατρῧς,

409 4685 534 4726 cum
566 4668 797 4724 veritate
830 4671 1083 4723 nuntiare
1114 4670 1302 4724 docuit
1335 4689 1348 4725 :
1381 4680 1494 4724 tum
1531 4687 1655 4726 cum
1687 4673 1980 4726 mavinnun

2092 4651 2175 4728 καί
2227 4669 2522 4739 ἀσφαλῶςτ
2568 4669 2601 4736 ἡ
2635 4662 2944 4730 δοξολογία·
2981 4661 3068 4725 είς
3111 4657 3298 4725 ὄνομα
3355 4656 3516 4716 Ποῦ,
3564 4651 3660 4702 οὐκ

409 4761 542 4819 illud
575 4763 843 4832 longeque
867 4763 1202 4831 praecipuum
1235 4776 1499 4815 arcanum
1529 4761 1821 4832 discipulis
1850 4779 1980 4834 ape-

2092 4765 2398 4825 Ξιποδὲοντος
2428 4762 2448 4792 ³
2485 4761 2517 4830 ἠ
2548 4757 2866 4828 ἐπίκλησις·
2903 4756 2989 4819 είς
3029 4752 3220 4818 ὄνομα
3260 4747 3435 4816 ἁγίου
3477 4743 3660 4834 Μνεύ-

405 4857 558 4911 ruit:
600 4853 810 4922 Docete,
849 4853 1028 4924 inquit
1047 4853 1090 4915 ³,
1127 4871 1302 4907 omnes
1342 4863 1516 4924 gentes
1545 4868 1564 4906 :
1611 4855 1713 4908 hoc
1757 4862 1864 4922 est,
1890 4833 1984 4912 Val)

2092 4874 2284 4920 natae,
2313 4855 2373 4906 οὐ
2396 4849 2702 4924 διῃρημένη
2728 4848 2762 4916 ἡ
2787 4847 3002 4911 ἓνωσις,
3025 4842 3146 4896 οὐδὲ
3171 4833 3658 4910 ἀπηλλοτριωμὲνη

405 4947 762 5019 improbitate
797 4946 920 5000 illas
964 4945 1029 5000 ad
1067 4945 1376 5008 veritatem,
1409 4946 1476 4998 ah
1513 4945 1680 5000 sectis
1713 4948 1880 5004 variis
1912 4952 1978 5005 ad

2092 4939 2184 5008 τῆς
2213 4936 2342 5006 μιᾶς
2369 4943 2642 5013 θεότητος.

400 5018 648 5092 eamdem
679 5035 1063 5092 divinitatem‘
1103 5035 1394 5100 traducite,
1431 5035 1760 5104 baptizanlcs
1791 5055 1882 5095 eas
1919 5044 1975 5096 in
2007 5043 2222 5098 nomine
2260 5037 2440 5090 Patris
2480 5043 2528 5087 et
2557 5029 2687 5084 Filii
2715 5041 2762 5083 et
2808 5027 3036 5094 Spiritus
3061 5021 3274 5076 sancti:
3330 5018 3598 5072 nimirum.

401 5137 460 5196 in
492 5134 773 5200 Dominica
824 5133 1109 5206 Trinitatis
1156 5133 1538 5204 appellatione,
1589 5135 1734 5205 quod
1787 5137 1966 5207 ipsum
2003 5141 2416 5196 sacrosanctum
2447 5137 2530 5186 est
2571 5142 2637 5182 ac
2673 5125 2882 5196 regiqu
2914 5121 3130 5189 signum
3160 5134 3176 5182 ;
3207 5131 3317 5187 quo
3351 5114 3434 5168 Vel
3471 5115 3591 5180 ll“Su

399 5229 624 5285 nomine
647 5229 1002 5304 significaret.
1034 5225 1168 5281 nihil
1193 5241 1315 5282 esse
1337 5226 1406 5282 ab
1429 5226 1644 5282 unitate
1668 5227 1969 5285 diversum.
2003 5233 2140 5287 Cum
2171 5229 2319 5284 enim
2361 5221 2626 5293 baptizari
2661 5219 2911 5273 homines
2941 5215 3099 5285 jubet
3137 5211 3192 5264 in
3231 5210 3440 5264 nomine
3483 5208 3594 5262 Pa-

401 5326 520 5391 ινίδ,
555 5323 710 5378 ῧῐηιίι
745 5337 809 5378 ac
836 5321 1048 5385 ειεὼῑιίε
1082 5328 1166 5384 οει
1203 5319 1390 5390 gloriae
1433 5320 1789 5390 praldicatio;
1825 5326 1970 5393 quod
2004 5341 2137 5380 vero
2160 5321 2380 5376 additur
2416 5319 2470 5370 in
2527 5315 2735 5368 nomine
2770 5311 2920 5374 Filii,
2972 5308 3122 5362 nulla
3153 5321 3212 5360 re
3237 5305 3402 5358 hunc
3436 5319 3466 5356 a
3507 5317 3600 5371 pa-

401 5427 566 5473 terna
596 5414 868 5487 dignitate
912 5413 1146 5480 deiicere
1180 5412 1473 5483 appellatio
1523 5413 1640 5483 ipsa
1689 5414 1974 5482 declarat;
2011 5423 2290 5485 postremo
2333 5411 2398 5466 iis
2437 5409 2491 5463 in
2527 5407 2732 5468 verbis,
2773 5406 2826 5458 in
2863 5404 3071 5458 nomine
3114 5399 3346 5469 Spiritus
3395 5395 3590 5456 sancti,

404 5511 554 5584 nulla
584 5518 668 5564 est
703 5507 928 5580 unitatis
959 5507 1178 5576 divisio,
1210 5523 1388 5578 neque
1433 5508 1502 5562 ab
1545 5524 1652 5561 una
1701 5510 1986 5565 divinitate
2011 5507 2322 5564 diversitas.

476 5601 685 5672 1121
727 5600 971 5668 Denique
1010 5599 1200 5654 eodem
1241 5613 1364 5656 cum
1415 5614 1647 5669 corpore
1700 5607 1753 5654 et
1788 5601 1970 5654 anima

413 5705 699 5767 menteque
747 5693 814 5748 ad
849 5693 1020 5748 cmlos
1071 5701 1289 5748 evectus
1321 5700 1425 5756 est,
1471 5692 1728 5747 omnibus
1775 5693 1881 5747 illis
1917 5693 1974 5746 in

477 5808 492 5838 ¹
525 5807 681 5858 Rom.
715 5821 785 5864 τι,
817 5807 869 5856 9.
949 5807 967 5834 ²
996 5803 1250 5864 .loan.xx.
1285 5805 1369 5867 19,
1401 5805 1490 5857 ‘26.

1588 5807 1607 5835 ³
1643 5805 1828 5860 Matth.
1853 5823 2044 5870 xxvm,
2089 5807 2174 5861 i9.
2253 5806 2274 5836 "
2305 5805 2362 5858 In
2403 5803 2662 5866 I’uuario,
2696 5803 2976 5858 unitatem.

2163 5598 2460 5669 ’Λνελήφθη
2501 5599 2578 5659 εἰς
2608 5595 2870 5666 οὐρανοὺς
2903 5593 2960 5645 ὲν
3003 5589 3152 5660 αὐτῷ
3190 5587 3268 5658 τῷ
3305 5586 3521 5656 σώματι
3567 5589 3658 5640 καὶ

2081 5695 2148 5763 τῇ
2176 5693 2325 5761 ψυχῇ
2353 5691 2446 5744 καὶ
2470 5690 2549 5760 τῷ
2573 5689 2668 5760 νῷ,
2707 5686 3013 5748 συνενώσας
3041 5687 3121 5748 εἰς
3155 5683 3278 5753 μίαν
3305 5681 3530 5750 ἑνότητα
3567 5679 3658 5730 καὶ

3095 5802 3116 5832 ⁵
3149 5799 3366 5855 Ilectius
3395 5797 3449 5851 in
3495 5796 3589 5850 lib.
3619 5812 3656 5860 ι,

408 5875 657 5943 εὐλόγους
689 5873 872 5943 χρείας
916 5875 1157 5940 scripsit.
1231 5876 1250 5904 ⁶
1283 5873 1398 5926 Lib.
1433 5890 1470 5938 ι,
1501 5875 1726 5944 ἑνότητα
1756 5877 1856 5946 leg.
1930 5878 1947 5909 "

2092 5883 2118 5930 ι.
2157 5876 2402 5944 ἀσφαλής
2443 5876 2542 5945 leg.
2623 5877 2644 5908 ⁸
2673 5893 2758 5944 γρ.
2788 5873 3142 5935 ἀποδεόντως,
