3986 6224
265 413 375 471 853
1624 431 2290 487 ANACEPIIAL/EOSIS.
3417 446 3521 501 854

264 531 397 601 μίαν
423 535 795 606 πνευματικὴν
818 537 1132 603 ὑπόστασιν,
1159 543 1251 595 καὶ
1272 544 1453 598 ἔνθεον
1481 549 1838 613 ἁποτελέσας,

1950 568 2113 604 ιιιιιιιιι
2147 550 2422 614 conﬂatis,
2449 560 2613 621 atque
2647 553 2699 607 in
2729 556 2973 610 eamdem
3003 557 3305 627 spiritmem
3334 578 3524 633 perso-

259 623 517 677 ἑιιάθισεν
548 627 605 677 ἐν
643 626 793 698 δεξιᾷ
823 631 916 681 τοῦ
952 632 1185 702 Πατρὸς,
1229 635 1448 706 πέμψας
1489 641 1735 709 κήρυκας
1764 644 1833 703 εἰς

1950 660 2074 698 nam
2109 646 2577 699 concurrentibus
2629 644 2938 716 divinisque
2971 651 3220 717 redditis,
3259 653 3311 708 in
3343 654 3520 711 Patris

259 713 393 782 ὃλην
418 714 517 784 τὴν
549 717 890 791 οἰκουμένην,
923 722 1139 793 Σίμωνα
1171 726 1395 797 Πέτρον,
1460 732 1710 801 Ἀνδρέαν
1752 735 1833 787 τοι

1947 733 2140 790 dextra
2168 733 2438 798 consedit,
2467 749 2747 802 praecones
2778 736 2832 789 in
2858 737 3171 794 universum
3196 743 3382 797 orbem
3411 752 3520 799 ter-

258 806 489 875 ἀδελφὸν
531 810 717 875 αὑτοῦ,
772 812 1027 867 Ἰάκωϐον
1066 818 1159 869 καὶ
1203 820 1475 890 Ἰωάννην,
1522 826 1646 888 τοὺς
1692 828 1832 891 υἱοὺς

1946 842 2022 880 ra:
2070 826 2236 884 misit,
2274 824 2551 879 Simonem
2590 824 2810 880 Petrum
2852 840 2905 882 et
2938 831 3212 886 Andream
3246 834 3366 901 ejus
3407 835 3516 890 fra-

258 898 685 961 Ζεϐεδαίουνοῦς
722 902 887 957 πάλαι
933 905 1239 971 ἐξελέξατο.
1272 910 1535 966 Φίλιππον
1572 919 1665 968 καὶ
1704 918 1832 989 Βαρ-

1945 926 2121 982 trem,
2176 915 2438 972 Jacobqu
2486 929 2539 973 et
2575 917 2839 974 Joannem
2890 920 3136 977 Zebedtei
3193 924 3519 997 ﬁlios,quos

258 989 571 1059 θολομαῖον,
628 995 905 1050 Ματθαὶον
955 1000 1048 1051 καὶ
1097 1002 1296 1072 Θωμᾶν
1354 1008 1446 1059 καὶ
1500 1008 1697 1061 Ἰούδαν
1750 1012 1832 1065 καῖ

1945 1006 2074 1061 olim
2108 1006 2406 1077 delegerat,
2444 1007 2750 1079 Philippum
2784 1023 2836 1065 et
2867 989 3353 1075 Bartholonuenm,
3388 989 3519 1071 illat-

256 1081 539 1147 (-)αδδαίον,
572 1084 790 1153 Σίμωνα
818 1088 906 1141 τὸν
948 1091 1223 1163 Ζηλωτὴν,
1255 1096 1439 1149 ἰούδαν
1464 1115 1521 1151 τε
1547 1099 1638 1152 τὸν
1666 1102 1830 1157 Ἰσκα-

1945 1099 2143 1154 thamm
2193 1110 2244 1155 et
2308 1100 2606 1163 Thomam,
2646 1113 2698 1156 ct
2746 1102 2940 1158 Jutlam
2982 1121 3045 1159 ac
3077 1105 3434 1176 Thaddzeum,
3466 1121 3518 1165 ct

260 1173 465 1267 ριωτην
511 1176 603 1227 καί¹
650 1179 919 1250 προδότην
944 1181 1111 1236 αὑτοῦ
1154 1186 1480 1257 γενόμενον⁶
1510 1192 1602 1244 καὶ
1648 1193 1834 1259 ἄλλους

1946 1190 2222 1246 Simonem
2267 1192 2489 1247 Zeloten
2522 1201 2577 1247 ct
2606 1193 2800 1247 Jndam
2858 1195 3197 1260 lscariotem,
3233 1213 3261 1250 a
3292 1215 3401 1267 quo
3432 1200 3518 1255 illc

258 1265 629 1337 ἑϐδομήκοντα
676 1271 799 1337 δύο,
846 1272 906 1338 ἐξ
952 1268 1027 1327 ὧν
1084 1272 1225 1348 ἦσαν
1278 1281 1418 1335 ἑπτὰ
1469 1285 1517 1336 ot
1577 1286 1666 1339 ἐπὶ
1735 1289 1832 1342 τῶν

1941 1283 2175 1339 traditus
2196 1293 2306 1339 est:
2346 1286 2469 1338 item
2494 1286 2629 1339 alios
2661 1301 2830 1350 Lxxu,
2860 1302 2890 1342 e
2913 1288 3111 1356 quibus
3146 1305 3216 1343 vn
3244 1265 3321 1344 illi
3349 1291 3515 1357 fuere,

255 1360 443 1452 χηρῶν
462 1362 595 1427 (18),
617 1366 909 1433 Στέφανος,
938 1369 1221 1435 Φίλιππος.
1242 1373 1534 1446 Πρόχορος.
1560 1380 1829 1452 Νικάνωρ,

1946 1375 2031 1445 qui
2076 1374 2143 1427 ad
2189 1375 2476 1429 viduarum
2503 1375 2826 1444 obsequium
2856 1376 3051 1431 delecti
3091 1387 3259 1433 sunt:
3292 1377 3520 1449 Stepha-

254 1451 465 1518 Τίμων.
499 1454 792 1525 Παρμενᾶς
844 1461 939 1513 καὶ
968 1462 1249 1526 Νικόλαος.
1276 1466 1419 1535 Πρὸς
1445 1468 1657 1533 τούτοις
1686 1451 1828 1525 Ματ‹

1945 1482 2066 1530 nus,
2119 1465 2423 1536 Philippus,
2463 1465 2798 1529 Prochorus,
2840 1465 3100 1531 Nicanor,
3131 1467 3348 1533 Timon,
3382 1469 3519 1524 Par-

256 1543 429 1605 θίαςό
464 1546 585 1598 ἀντὶ
624 1548 792 1601 Ἰούδα
836 1550 1061 1620 ἔσχατον
1104 1557 1507 1627 συμψηφισθεὶς
1550 1563 1686 1630 μετὰ
1727 1566 1830 1618 τῶν

1942 1573 2124 1612 menas
2174 1567 2227 1612 et
2277 1556 2531 1611 Nicotaus
2576 1574 2589 1610 :
2627 1564 2681 1610 et
2721 1564 2915 1627 prmtcr
2974 1558 3073 1613 hos
3111 1557 3387 1624 Matthias,
3423 1562 3516 1632 qui

252 1634 467 1688 δώδεκα
496 1638 828 1694 ἀποστόλων.
852 1644 1007 1696 Μετά
1037 1646 1093 1699 δὲ
1116 1647 1319 1702 τούτων
1347 1652 1561 1706 πάντων
1587 1656 1826 1726 Μάρκος,

1945 1650 2060 1703 loco
2086 1647 2239 1703 Judze
2270 1648 2412 1703 inter
2440 1664 2515 1701 χιι
2562 1648 2840 1716 apostolos
2871 1657 3159 1720 cooptatus
3188 1661 3291 1706 cst.
3324 1652 3519 1709 Acces-

251 1728 489 1791 Λουκᾶς,
524 1730 772 1793 Ἰοῦστος.
799 1732 1087 1803 Βαρνάϐας
1131 1738 1225 1790 καὶ
1265 1741 1544 1813 Ἀπελλῆς,
1586 1745 1825 1814 Ῥοῦφος,

1939 1749 2129 1795 serunt
2172 1740 2238 1793 ad
2290 1741 2412 1794 illos
2463 1739 2701 1801 Marcus,
2736 1738 2935 1802 Lucas,
2966 1739 3178 1806 Justus,
3215 1742 3513 1809 Barnabas,

249 1818 429 1887 Νίγερ
475 1822 569 1872 καλ⁸
624 1823 673 1874 οἱ
730 1822 907 1879 λοιποὶ
962 1827 1071 1880 τῶν
1122 1829 1609 1901 ἑϐδομηκονταδύο.
1675 1839 1823 1892 Μετά

1942 1830 2175 1901 Apelles,
2210 1829 2409 1894 Rufus,
2439 1830 2599 1900 Niger
2650 1844 2712 1883 ac
2744 1831 2938 1899 reliqui
2966 1831 3032 1885 de
3061 1846 3230 1886 Lxxn.
3258 1833 3385 1887 Post
3419 1834 3516 1890 hos

248 1908 479 1973 τούτους
539 1912 597 1965 δὲ
657 1914 867 1978 πάντας
927 1919 1019 1970 καὶ
1074 1922 1169 1973 σὺν
1224 1922 1406 1987 αὐτοῖς
1462 1926 1674 1981 Παῦλον
1740 1930 1822 1983 τὸν

1942 1933 2124 1973 mones
2164 1928 2219 1973 et
2266 1933 2390 1973 cum
2442 1918 2525 1973 eis
2576 1918 2987 1973 sanctissimum
3043 1918 3273 1975 Paulum
3321 1938 3419 1976 sua
3450 1926 3516 1980 de

248 2000 558 2069 ἁγιώτατον
600 2004 899 2060 ἀπόστολον
948 2008 1308 2082 ἐκλεξάμενος
1348 2016 1433 2068 διὰ
1467 2019 1651 2089 φωνῆς
1698 2020 1822 2085 ἰδίας

1938 2010 2075 2063 coelo
2107 2025 2240 2064 voce
2277 2010 2444 2063 missa
2484 2010 2793 2079 apostolum
2823 2009 3066 2080 gentium
3099 2027 3161 2065 ac
3190 2028 3512 2083 przccoiiem,

248 2091 350 2144 ἀπ’
384 2094 638 2163 ούρανοῦ,
673 2097 969 2153 ἀπόστολον
991 2103 1127 2172 ὁμοῦ
1162 2105 1255 2158 καὶ
1289 2108 1506 2179 κήρυκα
1538 2110 1710 2165 ὲθνῶν
1736 2115 1822 2166 καὶ

1937 2110 1984 2157 et
2043 2102 2328 2173 apostolici
2373 2103 2663 2157 ministerii
2719 2111 3222 2158 consummatorcm
3256 2105 3511 2161 instituit.

248 2185 545 2258 πληρωτὴν
600 2188 965 2263 ἀποστολικῆς
1027 2196 1300 2263 διακονίας
1364 2202 1670 2257 ἀπέστειλε.
1722 2208 1822 2260 Kal

1942 2194 2035 2261 Qui
2059 2195 2277 2264 quidem
2300 2194 2503 2248 Lucam
2536 2211 2701 2248 unum
2733 2210 2764 2248 e
2793 2210 2939 2248 mm
2965 2194 3252 2265 discipulis
3281 2198 3371 2267 qui
3404 2197 3516 2253 dis-

246 2278 498 2349 εὐρίσκει
518 2282 733 2336 Λουκᾶν
759 2284 866 2338 τῶν
889 2286 1350 2359 ἑϐδομηκονταδύο
1369 2292 1493 2346 ὄντα
1517 2295 1624 2349 τῶν
1641 2298 1820 2367 ἐσκορ-

1942 2284 2075 2354 persi
2131 2285 2365 2348 fuerant,
2402 2284 2628 2346 invenit,
2668 2300 2903 2354 eumque
2972 2287 3227 2341 comitem
3266 2297 3320 2342 ct
3360 2287 3516 2354 adju—

248 2372 553 2440 πισμένων,
586 2376 681 2429 καὶ
722 2377 1013 2433 ἀκόλουθον
1054 2381 1217 2435 αὑτὸν
1250 2383 1409 2437 ἔλαϐε
1442 2387 1533 2440 καὶ
1570 2390 1822 2459 συνεργὸν

1938 2386 2105 2432 torem
2126 2376 2404 2446 Evangelii
2429 2375 2696 2431 adhibuit.
2724 2374 2836 2431 lloc
2862 2377 3024 2431 modo
3048 2387 3217 2431 totum
3238 2378 3512 2451 Evangelii

245 2462 345 2515 τοῦ
381 2465 734 2535 Εὑαγγελίου.
772 2471 958 2536 Οὕτως
997 2474 1129 2542 γοῦν
1170 2476 1424 2548 ὲτελέσθη
1466 2481 1498 2548 ή
1544 2482 1692 2534 πᾶσα
1737 2483 1819 2535 εῦ-

1932 2469 2213 2540 ncgotium
2248 2469 2313 2522 ad
2346 2468 2449 2523 hoc
2478 2484 2654 2539 usque
2681 2469 2945 2540 temporis
2976 2470 3287 2527 confectum
3312 2482 3421 2529 est.

245 2556 515 2629 αγγελικὴ
549 2564 903 2631 πραγματεία
923 2563 1028 2628 ἕως
1050 2565 1238 2620 τούτου
1260 2566 1354 2620 τοῦ
1380 2570 1593 2639 χρόνου.

325 2649 519 2702 Ἔσται
551 2650 608 2702 δέ
654 2670 743 2722 μοι
779 2655 809 2706 ὁ
852 2654 1007 2723 λόγος
1043 2657 1148 2719 ἕως
1182 2652 1282 2711 ὧδε
1316 2661 1444 2731 περὶ
1473 2662 1581 2714 τῶν
1626 2662 1827 2716 είκοσιν

1959 2638 2178 2709 'Atque
2206 2640 2471 2697 hactenus
2520 2641 2589 2697 de
2633 2658 2704 2696 xx
2762 2644 2954 2711 sectis,
3004 2646 3179 2715 deque
3230 2662 3316 2712 eo,
3367 2653 3509 2719 quod

249 2739 552 2809 αἱρέσεων,
601 2744 697 2796 καὶ
752 2745 853 2815 τῆς
899 2747 1045 2801 κατά
1095 2730 1417 2804 ἀκολουθίαν
1468 2754 1525 2804 ὲν
1578 2754 1823 2826 συντόμῳ

1933 2730 2124 2786 ordine
2151 2742 2510 2787 consecutum
2545 2742 2652 2797 est,
2682 2744 2737 2790 et
2771 2749 2800 2788 a
2828 2751 2913 2789 me
2943 2738 3132 2807 paucis
3157 2742 3507 2810 explicatum,

246 2832 613 2903 εύαγγελικῆς
653 2835 749 2889 τοῦ
794 2840 999 2910 κόσμου
1035 2843 1400 2910 φωταγωγίας
1431 2844 1518 2896 διὰ
1550 2844 1645 2897 τοῦ
1694 2823 1820 2916 Χριλ

1936 2823 2241 2893 evangelica
2266 2824 2475 2879 scilicet
2502 2824 2643 2889 luce,
2669 2840 2792 2896 qua:
2814 2840 2843 2879 a
2860 2826 3082 2883 Christo
3103 2827 3333 2885 Domino
3360 2832 3510 2901 ejus-

248 2925 377 2977 στοῦ
408 2926 503 2978 καὶ
524 2927 631 2980 τῶν
669 2929 925 2998 μαθητῶν
949 2932 1114 2984 αὑτοῦ
1156 2935 1577 3006 γεγεννημένης.
1615 2932 1709 3001 Οἷς
1733 2915 1822 2991 καὶ

1931 2931 2036 2986 que
2072 2915 2355 2986 discipulis
2398 2916 2514 2970 orbi
2558 2926 2829 2972 terrarum
2871 2917 3021 2973 illata
3059 2919 3179 2975 fuit.
3236 2921 3447 2988 Quibus
3478 2941 3505 2979 a

244 3017 407 3085 ὃμοια
446 3019 695 3085 συλλέξαι
751 3023 845 3074 καὶ
891 3022 1233 3094 παραθέσθαι
1262 3025 1330 3078 τά
1372 3026 1818 3099 προθεσπίσματά

1933 3024 2017 3062 me
2046 3007 2207 3063 dictis
2248 3020 2617 3063 consentanea
2668 3011 2927 3083 pleraque
2960 3012 3218 3082 colligere
3261 3015 3507 3082 licet,'ac

241 3126 303 3159 τε
346 3110 569 3173 καὶτὰς
600 3115 933 3183 προφητείας
967 3115 1074 3168 ἀπὸ
1113 3116 1275 3186 νόμου
1314 3135 1372 3170 τε
1424 3120 1514 3172 καὶ
1558 3120 1815 3190 Ψαλμῶν,

1930 3100 2184 3154 vaticinia
2215 3110 2264 3155 et
2290 3102 2509 3155 oracula
2536 3117 2601 3155 ex
2635 3102 2753 3173 lege
2784 3105 2950 3158 veteri
2979 3106 3057 3159 vel
3090 3104 3323 3163 Psalmis
3354 3110 3504 3163 aliis-

242 3202 341 3252 καὶ
366 3202 473 3253 τῶν
499 3204 673 3256 ἄλλων
710 3204 810 3265 τὰς
841 3206 1163 3270 ἀκολουθίας
1194 3209 1288 3261 καὶ
1329 3209 1581 3278 ἀγωγάςο
1618 3211 1816 3265 ἔνεστιν

1929 3208 2034 3261 que
2062 3193 2217 3248 libris
2243 3194 2587 3263 conquirere,
2622 3202 2676 3248 et
2707 3196 2951 3251 omnium
2992 3198 3185 3251 seriem
3227 3201 3503 3256 ordinem-

246 3289 443 3348 ἰδεῖνί.
510 3292 604 3343 καὶ
656 3292 756 3362 τὴν
811 3294 1098 3362 ἀκρίϐειαν
1140 3296 1581 3355 καταλαϐέσθαι.
1632 3300 1707 3362 ὡς
1760 3303 1820 3355 οὐ

1928 3300 2037 3353 que
2069 3286 2405 3354 perscrutari
2437 3303 2452 3349 ;
2508 3300 2573 3340 ex
2619 3286 2794 3355 iisque
2836 3286 3270 3343 incarnationem
3300 3290 3502 3347 Christi

241 3380 398 3443 νόθος
425 3381 540 3433 ἀλλ’
568 3382 794 3452 ἀληθὴς.
823 3386 918 3436 καὶ
947 3388 1484 3455 προκαταγγελθεῖσα
1510 3390 1617 3443 ἀπὸ
1642 3392 1815 3463 πάσης

1928 3378 2144 3433 Domini
2187 3379 2476 3449 perspicue
2514 3381 2877 3450 comprobare
2918 3396 3027 3434 non
3077 3383 3501 3452 supposititiam,

239 3474 343 3541 τῆς
368 3473 603 3536 παλαιᾶς
622 3474 906 3545 διαθήκης,
940 3479 1034 3529 καὶ
1066 3479 1435 3547 ἀναμφίϐολός
1465 3482 1613 3535 ἐστιν
1651 3486 1683 3554 ή
1727 3485 1813 3537 τοῦ

1926 3472 2021 3528 sed
2042 3488 2223 3527 veram
2246 3473 2543 3532 exstitisse.
2570 3481 2735 3542 atque
2763 3474 2815 3526 in
2840 3474 2955 3542 lege
2974 3475 3142 3528 veteri
3171 3477 3500 3536 nuntiatam.

238 3566 483 3635 Χριστοῦ
520 3571 794 3635 παρουσία
828 3572 924 3622 καὶ
970 3571 1301 3643 εὐαγγελικὴ
1330 3574 1663 3630 διδασκαλία.
1705 3579 1812 3631 Ἵνα

1925 3571 1986 3619 ut
2014 3564 2081 3619 de
2104 3580 2169 3620 eo
2200 3565 2381 3619 nullus
2413 3566 2483 3619 sit
2513 3565 2793 3619 dubitandi
2834 3567 2987 3619 locus
3013 3568 3258 3622 relictus.
3294 3568 3398 3623 Sed
3428 3586 3494 3624 ne

236 3658 298 3710 δὲ
352 3659 425 3728 μὴ
482 3660 561 3722 είς
612 3660 774 3729 ὄγκον
834 3663 1172 3733 παρεκτείνω
1219 3666 1318 3735 τὴν
1366 3667 1465 3737 τῆς
1515 3670 1810 3735 συντάξεως

1926 3656 2090 3727 hujus
2135 3657 2317 3726 operis
2353 3657 2609 3709 tractatio
2654 3657 2706 3709 in
2758 3656 3028 3711 inﬁnitum
3059 3666 3365 3725 excrescat,
3405 3660 3490 3712 his

238 3749 649 3817 πραγματείαν,
681 3751 891 3814 τούτοις
925 3753 1360 3825 ἀρκεσθήσομαι.

1333 3776 1360 3807 ι.
1926 3761 2047 3814 qua:
2073 3745 2217 3800 dicta
2249 3754 2377 3799 sunt
2404 3745 2613 3800 erimus
2641 3746 2907 3800 contenti.

318 3838 529 3909 Προϊὼν
586 3841 641 3893 δὲ
700 3842 897 3913 ἐφεξῆς
946 3844 1044 3907 τὰς
1094 3848 1387 3917 μετέπειτα
1436 3847 1512 3917 τῷ
1557 3849 1657 3919 βίῳ
1703 3852 1822 3903 ἐπι-

2007 3837 2085 3890 Ac
2128 3836 2386 3906 deinceps
2439 3837 2725 3907 opiniones
2771 3837 2913 3900 illas,
2954 3852 3075 3906 qua
3126 3837 3179 3891 in
3222 3838 3501 3891 hominum

236 3932 469 3999 φυείσας
507 3934 598 3985 ἐπὶ
629 3938 770 4005 κακῇ
810 3936 1080 4007 προφάσει
1108 3938 1263 4004 δόξας
1285 3939 1483 4009 ὁμοίως
1512 3941 1810 4011 διαγράψωλ

1928 3927 2089 3981 vitam
2112 3935 2299 3998 postea
2326 3927 2560 3996 pessimo
2587 3928 2771 3982 colore
2798 3943 2861 3980 ac
2892 3928 3072 3997 specie
3099 3928 3321 3997 prolatae
3352 3938 3502 3993 sunt,

1925 4020 2114 4075 eadem
2150 4020 2292 4076 serie
2322 4028 2624 4089 pertexam.

1330 4130 1711 4192 HEERESES
1766 4132 1966 4193 ΤΟΜΙ
2026 4132 2080 4192 Π
2127 4132 2334 4191 LIBRI
2374 4132 2427 4193 Ι.

311 4251 386 4305 A'.
425 4253 534 4304 Καὶ
566 4250 736 4306 ταῦτα
772 4250 881 4320 γὰρ
933 4251 1140 4304 ἔνεστιν
1182 4254 1240 4305 ἐν
1284 4251 1363 4322 τῷ
1402 4252 1635 4324 δευτέρῳ
1667 4252 1818 4323 τόμῳ

1994 4253 2207 4322 1122
2260 4251 2297 4304 Ι.
2348 4250 2470 4305 Ihec
2508 4260 2637 4305 sunt
2679 4268 2800 4321 quae
2836 4253 2888 4306 in
2924 4255 3166 4309 secundo
3199 4264 3344 4308 tomo
3379 4256 3499 4310 libri

229 4344 331 4397 τοῦ
374 4344 590 4415 πρώτου
638 4344 840 4413 βιϐλίου
882 4343 1312 4414 διαλαμϐάνοντα
1352 4345 1480 4415 περὶ
1520 4344 1803 4415 δεκατριῶι

1925 4344 2079 4414 primi
2111 4343 2483 4405 continentur,
2508 4342 2561 4395 in
2596 4357 2706 4411 quo
2738 4358 2835 4395 xm
2870 4344 3104 4398 haereses
3130 4346 3499 4415 explicantur,

231 4436 521 4507 αἱρέσεων,
562 4429 635 4489 ὧν
681 4435 870 4507 πρώτη
904 4437 937 4506 ἡ
977 4435 1070 4488 τοῦ
1105 4436 1344 4506 Σίμωνος
1370 4435 1462 4489 τοῦ
1505 4437 1726 4503 Μάγου,
1760 4436 1805 4498 ὃς

1930 4450 2146 4504 tuarum
2167 4436 2337 4504 prima
2359 4442 2437 4489 est
2461 4434 2698 4488 Simonis
2714 4433 2875 4503 Magi,
2899 4436 2991 4503 qui
3013 4438 3193 4489 statim
3217 4438 3504 4506 postChri-

232 4528 401 4591 εὐθὺς
446 4527 585 4597 μετὰ
626 4528 859 4596 Χριστὸν
908 4527 988 4579 ἔτι
1027 4527 1411 4597 κηρυσσόντων
1442 4527 1551 4579 τῶν
1583 4529 1806 4581 ἀποστό-

1926 4537 2062 4581 stum
2091 4526 2517 4595 praedicantibus
2546 4526 2724 4579 adhuc
2758 4528 3025 4595 apostolis
3055 4530 3301 4592 emersit,
3332 4543 3359 4581 ει
3392 4546 3500 4601 quo

232 4619 346 4671 λων
376 4620 569 4687 ἐφάνη,
597 4618 690 4687 ἀφ’
714 4614 774 4671 οὗ
808 4618 901 4671 καὶ
941 4618 1267 4687 Σιμωνιανοὶ
1298 4618 1605 4687 ἐκλήθησαν
1625 4658 1638 4676 .
1669 4620 1717 4671 οἱ
1746 4621 1806 4689 τῇ

1924 4618 2222 4672 Simoniani
2264 4619 2411 4674 illius
2446 4618 2670 4673 ltaaresis
2706 4626 3006 4673 sectatores
3055 4621 3305 4689 appellati
3350 4632 3498 4676 sunt.

232 4712 402 4766 αὑτοῦ
454 4711 661 4782 αἱρέσει
721 4711 1129 4783 προσκείμενοι.
1174 4702 1342 4773 Οὗτος
1402 4712 1466 4763 ὲκ
1504 4712 1806 4782 Σαμαρείας

1924 4712 2021 4765 llic
2067 4728 2131 4766 ex
2183 4710 2443 4764 Samaria:
2496 4710 2614 4763 vico
2665 4710 2902 4779 quodam
2954 4709 3157 4765 Gittbis
3209 4712 3498 4776 oriundus.

228 4804 481 4875 ὡρμᾶτο,
514 4803 706 4873 κώμης
734 4803 962 4864 Γιτθῶν,
992 4802 1231 4872 Χριστοῦ
1280 4802 1337 4855 δὲ
1380 4803 1609 4855 ὑπέδυεν
1643 4804 1802 4874 ὄνομα

1928 4804 2199 4858 Christum
2243 4803 2463 4857 nomine
2499 4812 2660 4858 tenus
2709 4804 2993 4873 professus
3022 4813 3125 4860 est.
3175 4806 3380 4859 Auctor
3412 4821 3502 4858 nc-

230 4897 417 4967 μόνον.
449 4896 656 4961 Ἐδειξε
691 4896 747 4948 δὲ
790 4895 1173 4967 αίσχροποιῖαν
1208 4893 1306 4967 τὴν
1357 4893 1502 4964 μίξιν
1531 4895 1804 4965 μολυσμοῦ

1925 4896 2102 4950 fand:e
2157 4894 2516 4951 obscenitatis
2564 4907 2619 4950 ct
2672 4896 3101 4966 inquinatissimi
3152 4896 3495 4960 concubitus,

303 5056 317 5085 ¹
354 5053 572 5109 Leviter
602 5054 932 5124 depravatus
964 5053 1049 5107 hic
1081 5052 1256 5107 locus.
1284 5050 1410 5107 Cor.
1435 5052 1660 5122 ἀγωγὰς
1689 5052 1877 5109 ἔνεστιε

602 5054 932 5124 depravatus
964 5053 1049 5107 hic
1081 5052 1256 5107 locus.
1284 5050 1410 5107 Cor.
1435 5052 1660 5122 ἀγωγὰς
1689 5052 1896 5109 ἔνεστιν
1926 5054 2053 5107 ἰδεῖν
2092 5071 2171 5106 τε.

304 5214 418 5282 (l8)
464 5216 527 5266 Οἱ
567 5214 661 5267 ἐπὶ
700 5214 818 5266 τῶν
844 5211 1065 5282 χηρῶν.
1108 5212 1339 5267 Unicum
1373 5222 1578 5267 tantum
1629 5229 1728 5267 nec
1757 5214 1814 5267 il-
1918 5214 2057 5268 blica
2093 5214 2458 5283 impositionc,
2489 5230 2609 5284 qua:
2638 5215 2819 5269 omnia
2857 5229 2964 5268 non
3000 5213 3169 5269 solam
3205 5212 3272 5284 de
3313 5213 3494 5267 viduis

228 5287 321 5340 lml
352 5284 1056 5354 praecipuumdiaronorum
1083 5284 1463 5353 ollicium,qu0
1483 5284 1659 5354 viduis
1686 5300 1815 5353 prm-
1918 5300 2131 5342 curam.
2170 5282 2262 5338 Sed
2313 5282 2518 5353 grande
2552 5285 2771 5354 aliquod
2824 5284 3170 5353 protendunt.
3208 5282 3496 5354 Declarant

229 5366 319 5410 sto
354 5352 540 5415 erant,
575 5356 750 5421 tangit
800 5354 1138 5423 Epiphanius
1178 5355 1280 5408 hoc
1328 5352 1381 5408 in
1436 5353 1657 5423 loco,de
1686 5352 1816 5409 illis
1919 5362 1973 5409 et
2006 5354 2194 5408 Patres
2224 5352 2534 5411 traditionis
2584 5352 2905 5424 argumento
2932 5354 3190 5424 docentes
3230 5352 3496 5409 diaconos

229 5444 340 5479 non
389 5425 715 5493 composito,
759 5424 854 5480 sed
912 5425 1088 5478 obiter
1148 5440 1333 5493 agens.
1390 5426 1655 5479 Ctetcrum
1706 5440 1815 5478 non
1920 5427 2123 5479 electos
2156 5425 2546 5495 institutusque
2593 5423 2937 5495 potissimum
2975 5423 3163 5484 fuisse,
3207 5431 3267 5495 ut
3312 5440 3496 5478 sacer-

227 5498 296 5549 ad
359 5496 488 5550 illud
541 5504 752 5548 tantum
812 5512 1008 5548 munus
1053 5496 1253 5549 ascitos
1317 5511 1411 5549 cos
1462 5495 1628 5549 fuisse
1682 5496 1817 5550 satis
1923 5494 2144 5548 dotilnis
2178 5513 2333 5550 saera
2400 5494 2723 5549 l'aeientibus
2767 5495 2832 5547 ad
2884 5494 3055 5547 altare
3096 5494 3492 5554 ministrarent,

227 5567 475 5620 declarat
510 5564 567 5620 S.
604 5565 779 5619 Lucas
824 5566 1262 5633 Apostolicormn
1302 5574 1518 5619 actuum
1572 5580 1692 5633 cap.
1736 5582 1811 5626 vr,
1922 5564 2115 5619 Notu-n
2152 5576 2235 5620 est
2268 5566 2323 5619 S.
2362 5566 2694 5634 Cyprianum
2731 5564 2782 5616 in
2816 5563 3054 5632 Epistola
3082 5579 3178 5634 sua
3219 5564 3287 5616 ad
3320 5563 3488 5631 Rogu-

231 5637 453 5691 modum
502 5645 665 5703 atque
704 5635 931 5688 formam
968 5635 1125 5689 nobis
1166 5634 1485 5690 describens
1516 5651 1620 5703 qua
1654 5634 1809 5689 electi
1921 5636 2144 5689 timmnt.
2199 5653 2319 5704 qua:
2369 5633 2436 5687 65
2482 5636 2609 5687 olim
2645 5634 2947 5687 habebatur
2992 5634 3045 5687 in
3091 5633 3303 5696 ordine,
3350 5650 3493 5690 nunc

231 5706 384 5760 fuere
417 5715 471 5760 et
502 5707 759 5760 instituti.
795 5706 1120 5759 (lliristianre
1163 5706 1419 5758 nimirum
1464 5706 1635 5775 plebis
1671 5706 1811 5759 scito
1920 5716 2098 5758 aut-1n
2135 5707 2187 5767 5,
2221 5703 2498 5771 conceptis
2531 5704 2709 5775 verbis
2762 5703 3070 5773 Scripsisse.
3104 5704 3351 5758 diaconos
3380 5714 3493 5771 part

228 5777 493 5845 quodam,
549 5778 832 5846 probitatis
878 5792 1087 5829 morum
1123 5774 1484 5839 documento;
1538 5778 1807 5841 oratione,
1919 5793 2193 5828 asceitsum
2253 5777 2460 5828 Domini
2514 5777 2564 5827 in
2613 5774 2790 5846 oculos,
2834 5775 3098 5842 apostolos
3143 5776 3243 5828 sibi
3297 5778 3495 5830 eruisti-

229 5843 337 5915 qua
380 5847 521 5901 Deus
549 5843 932 5917 'dcprccatus;
985 5849 1353 5917 apostolorum
1407 5863 1663 5901 manuum
1707 5864 1807 5915 pu-
1920 5848 2102 5911 tuisse,
2137 5847 2465 5912 episcopatus
2500 5847 2581 5901 sui
2610 5856 2657 5897 et
2693 5843 2943 5899 Ecclesia:
2974 5846 3257 5899 ministros.
