3986 6224
380 343 480 410 ἔὸτ

1697 339 2350 397 ANACEPIIALIEOSIS.

3517 338 3628 397 858

382 455 570 530 μανῶς
617 451 1010 524 ἐργαζόμενον
1061 453 1117 510 ὲν
1161 449 1421 523 Αἰγύπτῳ
1468 451 1523 505 δὲ
1561 431 1952 523 Στρατιωτικοί

2082 451 2126 505 is
2158 451 2373 506 vesania
2405 459 2756 522 superarunt.
2787 451 3116 516 Stratiotici,
3145 450 3199 506 id
3228 459 3336 514 est,
3363 450 3628 508 Militares

382 545 704 615 καλούμενοι
739 545 830 596 καὶ
863 544 1204 602 Φιὸιωνῖται·
1248 546 1304 602 ὲν
1349 543 1406 598 δὲ
1451 545 1565 606 τοῖς
1607 545 1954 614 ἀνωτερικοῖς

383 637 594 706 μέρεσι,
640 633 1010 687 Σεκουνδιανοί
1077 636 1134 687 ἐν
1175 634 1352 697 ἄλλοις
1391 633 1447 686 δὲ
1479 633 1694 704 μέρεσι,
1728 634 1953 702 Σωκρα-

379 730 554 779 τῖταιο
592 727 742 795 παρὰ
769 725 824 777 δὲ
859 724 1084 796 ἑτέροις.
1136 727 1428 796 Ζακχαῖοι³
1465 723 1614 777 ἄλλοι
1656 723 1713 777 δὲ
1760 723 1955 776 Κοδια-

379 820 503 881 νοῦς
546 819 742 881 αὐτοὺς
779 817 1028 885 λέγουσι·
1077 817 1225 875 ἄλλοι
1275 816 1332 868 δὲ
1385 817 1714 887 Βορϐορίτας
1759 815 1954 877 αὐτοὺς

381 908 628 966 καλοῦσι.

452 998 526 1050 Ζ¹.
582 995 1096 1068 Καρποκρατιανοὶ,
1162 995 1269 1051 ἀπὸ
1328 995 1761 1064 Καρποπράτους
1809 992 1954 1055 τινος

379 1085 490 1148 τῶν
511 1087 568 1138 ἐν
682 1084 981 1156 Ἀσίαιὲδ),
1007 1084 1063 1148 ὃς
1095 1083 1338 1138 ἐδίδασκε
1367 1086 1543 1138 πᾶσαν
1566 1084 1953 1154 αἰσχρουργίαν

381 1177 626 1230 ἐκτελεῖν
654 1179 748 1232 καί
779 1179 886 1230 πᾶν
918 1176 1252 1245 ἐπιτήδευμα
1289 1175 1582 1247 ἁμαρτίας.
1611 1176 1721 1229 Καὶ
1769 1176 1817 1227 εἰ
1879 1176 1951 1247 μή

382 1286 466 1332 τις
490 1269 578 1322 διὰ
607 1270 844 1333 πάντων,
861 1268 1017 1339 φησὶ,
1036 1268 1302 1340 παρέλθῃ.
1319 1267 1411 1320 καὶ
1436 1268 1497 1322 τὸ
1514 1267 1723 1337 θέλημα
1739 1267 1954 1324 πάντων

380 1361 649 1436 δαιμόνων
684 1361 778 1414 καὶ
817 1361 1062 1430 ἀγγέλων
1093 1361 1366 1414 ὲκτελὲσει
1392 1401 1406 1424 ,
1446 1361 1507 1413 οὐ
1537 1359 1754 1413 δύναται
1788 1361 1955 1434 ὑπερ-

382 1451 543 1520 ϐῆναι
569 1452 648 1515 εἰς
673 1451 763 1506 τὸν
785 1453 1013 1523 οὐρανὸν
1033 1493 1047 1518 ,
1077 1453 1196 1506 οὐδὲ
1229 1452 1328 1516 τὰς
1354 1452 1529 1523 ἀρχὰς
1555 1453 1648 1506 καὶ
1679 1452 1776 1516 τὰς
1800 1453 1954 1519 ἐξου-

384 1541 506 1603 σίας
538 1540 846 1612 παρελθεῖν.
886 1541 1078 1610 Ἔλεγε
1104 1540 1158 1593 δὲ
1185 1540 1276 1593 τὸν
1325 1540 1533 1611 Ἰησοῦν
1561 1539 1738 1610 ψυχὴν
1764 1538 1955 1608 νοερὰν

382 1629 698 1699 εἰληφέναι,
732 1629 910 1681 εἰδότα
933 1627 988 1680 δὲ
1027 1627 1094 1680 τὰ
1123 1628 1253 1692 ἄνω,
1285 1627 1467 1680 καὶτὰ
1491 1624 1727 1678 ἐνταῦθα
1752 1640 1956 1690 καταγ-

382 1721 625 1790 γέλλειν·
675 1721 771 1774 καὶ
812 1721 888 1784 ὡς
913 1719 1079 1782 εἴτις
1134 1718 1392 1789 πράξειεν
1433 1718 1594 1789 ὅμοια
1637 1715 1714 1786 τῷ
1757 1716 1952 1787 Ἰησοῦ,

383 1813 503 1864 κατ’
533 1811 694 1864 αὐτὸν
732 1807 888 1864 εἶναι.
935 1811 1038 1862 Τὸν
1087 1810 1144 1863 δὲ
1184 1811 1346 1879 νόμον
1376 1809 1472 1862 σὺν
1505 1810 1570 1878 τῇ
1616 1807 1723 1860 τῶν
1748 1805 1955 1876 νεκρῶν

381 1902 675 1955 ἀναστάσει
701 1903 1068 1974 ἀπαγορεύει,
1101 1903 1176 1967 ὼς
1202 1904 1258 1955 αἰ
1289 1901 1399 1955 ἀπὸ
1423 1900 1665 1970 Σίμωνος
1691 1899 1952 1969 αἱρέσεις.

383 1991 586 2048 Τούτου
616 1995 838 2060 γέγονεν
869 1994 900 2064 ἡ
935 1994 991 2044 ἐν
1022 1991 1208 2065 Ῥώμῃ
1243 1989 1614 2062 Μαρκελλίνα.
1646 1990 1871 2051 Εἰκόνας
1900 1988 1956 2040 δὲ

384 2085 617 2153 ποιήσας
659 2085 716 2134 ἐν
749 2085 928 2155 κρυφῇ
969 2081 1142 2155 Ἰησοῦ
1173 2083 1267 2134 καὶ
1309 2080 1546 2137 Παύλου.
1588 2082 1680 2132 καὶ
1715 2079 1954 2148 Ὀμήρου

385 2176 480 2228 καὶ
513 2174 848 2244 Πυθαγόρου,
875 2173 1075 2234 ταύτας
1099 2172 1297 2242 ἐθυμία
1325 2171 1418 2224 καὶ
1451 2169 1794 2240 προσεκύνει.
1835 2191 1850 2203 ί·

385 2271 562 2337 Atque
618 2267 758 2322 idem
789 2267 915 2322 Jesu
955 2265 1216 2335 Paulique
1280 2280 1487 2319 necnon
1545 2271 1599 2320 et
1652 2261 1870 2316 Homeri
1928 2277 1992 2316 ac

384 2376 481 2416 eas
518 2368 572 2414 et
597 2359 918 2414 adoratione
951 2363 1274 2427 prosecutus
1305 2361 1408 2410 est.

458 2457 540 2515 ιιι,
562 2454 917 2526 Κηρινθιανοὶ
945 2453 1039 2505 καὶ
1067 2451 1444 2523 Μηρινθιανοὶ,
1471 2450 1521 2502 οἰ
1545 2449 1654 2503 ἀπὸ
1683 2447 1963 2519 Κηρίνθου

387 2546 480 2605 καὶ
517 2544 796 2616 Μηρίνθου
840 2543 952 2613 (26)
992 2541 1266 2604 Ἰουδαῖοι,
1298 2540 1492 2601 οἵτινες
1534 2538 1836 2609 περιτομὴν
1866 2538 1962 2592 αὺ-

387 2635 563 2710 χοῦσι.
593 2637 687 2690 καὶ
719 2635 920 2704 κόσμον
951 2633 1054 2687 ὑπὸ
1089 2631 1336 2700 ἀγγέλων
1365 2629 1752 2699 γεγεννῆσθαι·
1782 2630 1871 2682 τὸν
1905 2629 1962 2686 δὲ

399 2709 611 2799 Ἰησοῦν
645 2729 786 2781 κατὰ
821 2725 1099 2798 προκοπὴν
1128 2723 1361 2795 Χριστὸν
1387 2720 1692 2777 καλεῖσθαι.

461 2905 538 2960 6'.
598 2903 906 2974 Ναζωραῖοι
958 2901 1107 2973 (27),
1151 2897 1358 2970 Ἰησοῦν
1418 2897 1516 2968 μὲν
1573 2895 1964 2967 ὁμολογοῦντες

390 2999 520 3058 Υἱὺν
550 2996 706 3061 Θεοῦ,
739 2996 915 3049 πάντα
941 2993 996 3048 δὲ
1023 2993 1164 3046 κατὰ
1197 2994 1359 3062 νόμον
1393 2989 1820 3060 πολιτευόμενοι.

2057 543 2110 596 in
2141 541 2376 613 zEgypto
2423 543 2684 599 dicuntur
2733 551 2788 598 et
2831 543 3176 604 Phihionitze.
3230 542 3283 597 in
3343 544 3630 612 superiore

2057 640 2230 686 tractu
2287 633 2636 696 Secundiani,
2666 634 2790 688 alibi
2846 633 3150 699 Socratitze,
3192 635 3260 688 ab
3317 635 3439 690 aliis
3488 634 3628 690 Zac-

2055 721 2211 774 eluci.
2263 720 2402 776 Sunt
2446 723 2538 792 qui
2594 738 2689 778 eos
2723 723 2994 778 Codianos
3045 724 3359 787 nomini-nt,
3404 723 3624 794 quidam

2057 811 2390 876 Borboritas,
2422 813 2538 868 sive
2571 811 2913 871 Lutulentos.

2125 984 2236 1040 νη.
2267 984 2676 1057 Carpocratiani
2709 1004 2739 1043 a
2767 986 3100 1058 Carpocrate
3125 989 3360 1059 quodam
3385 989 3630 1047 Asiatico

2055 1077 2207 1142 dicti,
2241 1079 2331 1147 qui
2364 1078 2431 1134 ad
2457 1095 2616 1134 omne
2640 1079 3042 1150 turpitudinum
3073 1095 3137 1134 ac
3180 1080 3511 1151 ﬂagitiorum
3537 1099 3629 1152 ge-

2056 1184 2159 1222 nus
2204 1169 2502 1238 discipulos
2555 1169 2904 1225 inl'ormahat.
2952 1171 3107 1236 Quod
3145 1173 3192 1227 si
3232 1173 3384 1240 quis,
3428 1173 3628 1230 aiebat.

2055 1273 2162 1312 non
2192 1259 2373 1312 omnia
2403 1263 2754 1330 percnrrerit,
2781 1277 2958 1331 neque
2988 1263 3294 1316 dannonum
3325 1272 3381 1315 et
3412 1265 3632 1333 angelo-

2055 1364 2174 1402 rum
2202 1349 2444 1402 omnium
2481 1351 2744 1404 voluntati
2781 1352 3135 1417 satisfecerit,
3169 1352 3222 1406 in
3249 1355 3450 1407 coelum
3475 1353 3631 1408 evehi

2056 1439 2276 1494 minime
2303 1449 2500 1509 potest,
2526 1458 2698 1515 neque
2723 1444 3061 1513 principatus
3088 1451 3142 1499 et
3167 1453 3468 1514 potestates
3493 1456 3634 1499 tran-

2056 1531 2333 1585 scendere.
2391 1533 2684 1588 Assercbat
2720 1534 2860 1588 idem
2900 1533 3087 1588 .lesum
3124 1547 3304 1590 mente
3343 1535 3625 1605 praeditam

2057 1622 2295 1677 animam
2339 1625 2673 1694 sumpsisse,
2714 1633 2768 1680 et
2814 1627 3123 1681 cmlestium
3170 1643 3234 1682 ac
3283 1636 3630 1683 terrenorum

2057 1716 2370 1785 cognitione
2413 1717 2700 1786 praeditum
2740 1717 3052 1774 hominibus
3094 1735 3156 1774 ea
3191 1720 3513 1774 nuntiasse:
3565 1734 3632 1773 ac

1989 1793 2029 1847 Β
2059 1806 2105 1859 si
2129 1807 2253 1876 quis
2285 1807 2474 1862 eadem
2510 1825 2630 1880 qua:
2672 1807 2834 1864 Jesus
2866 1809 3016 1873 olim,
3063 1819 3357 1880 perpetret,
3394 1811 3536 1866 haud
3569 1826 3636 1866 eo

2062 1897 2378 1954 inferiorem
2413 1899 2676 1954 futurum.
2728 1900 2953 1956 Demum
2990 1902 3158 1972 legem
3189 1918 3294 1955 una
3332 1917 3456 1955 cum
3489 1917 3635 1957 mor—

2064 1999 2282 2045 tuorum
2313 1995 2716 2048 resurrectione
2743 1993 3057 2057 damnabat,
3097 1993 3554 2063 quemadmodum
3584 2003 3638 2045 et

2065 2081 2369 2137 Simoniani
2421 2084 2714 2153 carterique
2754 2099 2967 2148 omnes,
3021 2099 3160 2154 quos
3205 2083 3487 2152 hucusque
3520 2097 3640 2152 pcr-

2063 2176 2275 2231 ccnsui.
2337 2175 2412 2228 Ex
2447 2174 2610 2244 hujus
2638 2191 2799 2245 grege
2831 2175 3144 2229 Marcellina
3176 2175 3267 2228 illa
3301 2177 3483 2228 Itonia:
3516 2175 3635 2227 fuit.

2063 2265 2382 2337 Pythagorae
2417 2268 2725 2323 clanculum
2769 2268 3032 2338 imagines
3074 2267 3316 2338 ﬁngens,
3368 2265 3639 2322 sumtibus

2139 2443 2273 2498 Vlll.
2322 2444 2685 2509 Cerinthiani,
2714 2445 2830 2502 sive
2861 2444 3210 2500 Merinthiani
3239 2462 3270 2500 a
3297 2447 3560 2502 Cerintho
3585 2459 3639 2505 et

2067 2535 2358 2600 Merintho,
2399 2535 2611 2592 Judaici
2642 2537 2858 2606 generis
2885 2538 3242 2604 exstiterunt,
3274 2541 3365 2609 qui
3400 2540 3639 2594 circum-

2065 2627 2330 2681 cisionem
2383 2643 2493 2697 pra:
2531 2643 2590 2682 se
2629 2627 2897 2683 ferebant.
2947 2626 3204 2681 Mundum
3231 2629 3298 2681 ab
3323 2629 3528 2698 angelis
3557 2628 3638 2681 l‘a-

2066 2716 2355 2781 briratnm,
2379 2715 2566 2774 .lcsum
2588 2716 2655 2772 ad
2683 2717 2889 2772 Christi
2913 2717 3232 2788 dignitatem
3261 2734 3354 2788 per
3375 2719 3638 2774 virtutum

2072 2809 2406 2862 incrementa
2436 2793 2750 2878 pervenisse
2780 2810 3052 2863 dixerunt.

2143 2899 2235 2955 IX.
2279 2899 2519 2956 Nazoraei
2561 2900 2634 2954 ita
2663 2899 2846 2954 .lesnm
2887 2917 3008 2956 esse
3040 2899 3130 2955 Dei
3167 2899 3360 2956 Filium
3392 2916 3644 2958 asserue-

2072 3000 2231 3054 runt,
2277 2998 2336 3044 ut
2380 2989 2548 3046 Mosis
2591 2991 2764 3062 legem
2791 2993 3014 3046 omnino
3051 2992 3175 3046 vita:
3218 2992 3285 3046 ad
3331 2993 3640 3048 institutum

1995 3063 2038 3122 ο
2073 3083 2388 3138 asciverint.

462 3171 519 3225 ιν.
570 3169 902 3232 Ἐδιωναῖοι,
953 3166 1350 3238 παραπλησίως
1392 3164 1501 3221 τῶν
1547 3165 1966 3237 προειρημένων

394 3261 771 3334 Κηρινθιανῶν
805 3260 898 3313 καὶ
928 3259 1263 3330 Ναζωραίων
1283 3297 1298 3322 ,
1327 3252 1408 3320 οἷς
1449 3257 1695 3327 συνήφθη
1728 3256 1872 3310 κατά
1914 3274 1966 3308 τι

391 3358 427 3428 ἡ
465 3354 575 3407 τῶν
618 3353 914 3423 Σαμψαίων
939 3369 1000 3404 τε
1033 3351 1127 3404 καὶ
1167 3349 1489 3404 Ἐλκεσαίων
1522 3350 1733 3420 αἵρεσις
1753 3367 1765 3378 ο
1795 3349 1845 3401 οἳ
1877 3348 1968 3401 τὸν

394 3445 629 3518 Χριστόν
664 3461 828 3514 φασιν
855 3443 1102 3497 ἐκτίσθαι
1147 3444 1204 3495 ὲν
1239 3442 1317 3512 τῷ
1357 3441 1574 3512 οὐρανῷ
1601 3442 1693 3495 καί¹
1724 3441 1786 3494 τὸ
1813 3440 1968 3509 ἅγιον

394 3537 642 3607 Πνεῦμα,
685 3537 1065 3606 ὲνδημήσαντα
1091 3535 1150 3590 δὲ
1185 3535 1244 3591 ὲν
1275 3534 1353 3605 τῷ
1395 3534 1566 3604 Ἀδὰμ
1599 3533 1834 3606 πρῶτον,
1875 3535 1969 3587 καὶ

396 3631 537 3684 κατὰ
565 3630 754 3700 καιρὸν
785 3629 1100 3697 ἐνδυόμενον
1131 3627 1293 3680 αὐτὸν
1325 3627 1414 3680 τὴν
1455 3626 1647 3698 Ἀδὰμ,
1679 3626 1776 3678 καὶ
1808 3625 1970 3680 πάλιν

395 3720 752 3792 ἐκδυόμενονο
784 3719 940 3772 τοῦτο
995 3718 1147 3793 (γὰρ)
1186 3717 1350 3786 φασὶν
1403 3716 1835 3772 ὲπιτετελεκέναι
1874 3717 1971 3768 αύ-

395 3810 490 3865 τὸν
519 3813 577 3863 ὲν
599 3813 666 3881 τῇ
692 3809 942 3880 ὲνσάρκῳ
967 3808 1133 3861 αὑτοῦ
1162 3806 1455 3878 παρουσίᾳ.
1473 3806 1712 3860 Ἰουδαῖοι
1740 3807 1797 3860 δὲ
1819 3807 1970 3869 ὄντες

398 3902 752 3970 Εὑαγγελίοις
784 3901 1112 3971 κέχρηνται·
1143 3898 1519 3970 σαρκοφαγίαν
1559 3898 1929 3966 βδελύττονται
1951 3913 1966 3928 ⁸

396 3994 460 4047 τὸ
489 3992 631 4064 ὕδωρ
661 3993 716 4044 δὲ
747 3993 864 4044 ἀντὶ
893 3989 1026 4043 Θεοῦ
1061 3989 1272 4060 ἔχουσι’
1304 3989 1395 4041 τὸν
1421 3989 1477 4042 δὲ
1501 3985 1734 4059 Χριστὸν
1762 3987 1972 4059 ἄνθρω-

400 4101 502 4137 πον
531 4085 589 4135 ὲν
621 4086 688 4153 τῇ
715 4082 964 4152 ὲνσάρκῳ
1003 4080 1274 4151 παρουσίᾳ⁴
1306 4079 1614 4133 ἐνδεδύσθαι
1636 4119 1650 4142 ,
1686 4080 1762 4144 ὡς
1808 4080 1968 4150 ἔφην.

401 4175 650 4246 Συνεχῶς
675 4175 732 4228 δὲ
758 4174 1104 4245 βαπτίζονται
1132 4175 1190 4225 ἐν
1217 4174 1328 4234 τοῖς
1371 4170 1524 4224 ὕδασι
1569 4171 1761 4241 θέρους
1783 4187 1842 4223 τε
1879 4172 1972 4222 καὶ

399 4267 668 4340 χειμῶνος
694 4268 774 4330 εἰς
799 4265 1067 4335 ἁγιασμὸν
1092 4264 1272 4334 δῆθεν,
1310 4262 1499 4334 ὥσπερ
1531 4263 1580 4316 οἰ
1614 4263 1969 4334 Σαμαρεῖται.

473 4441 577 4493 lA‘.
619 4439 1073 4500 Οὐαλεντινιανοί,
1119 4439 1168 4491 οἳ
1203 4439 1381 4508 σάρκα
1408 4436 1506 4507 μὲν
1535 4437 1972 4508 ἀπαγορεύουσιν

402 4533 482 4595 εἰς
529 4531 844 4594 ἀνάστασιν,
891 4529 1131 4582 Παλαιὰν
1172 4530 1227 4583 δὲ
1269 4529 1522 4584 ἀθετοῦσι
1561 4530 1837 4600 Διαθήκην
1883 4529 1978 4581 καὶ

403 4625 707 4692 προφήτας,
725 4621 1189 4690 ἀναγινώσκοντες
1220 4623 1338 4692 μὲν,
1376 4623 1468 4674 καὶ
1494 4623 1594 4676 ὅσα
1615 4624 1694 4685 εἰς
1721 4621 1977 4691 ὁμοίωσιν

403 4715 655 4768 δύνανται
696 4716 1136 4786 τροπολογείσθαι
1155 4717 1252 4787 τῆς
1279 4717 1458 4770 αὐτῶν
1499 4717 1763 4787 αἱρέσεως
1788 4757 1800 4778 ,
1829 4715 1980 4785 δεχός

409 4824 594 4876 μενοι·
621 4807 814 4875 ἐτέρας
855 4807 910 4859 δέ
948 4825 1100 4870 τινας
1135 4808 1460 4878 μυθολογίας
1487 4808 1944 4879 παρεισφέροντες
1963 4851 1978 4875 ,

406 4899 699 4972 τριάκοντα
734 4898 1028 4950 ῐενιιιιυιιῖῶνι
1059 4900 1354 4969 ὀνομασίας
1384 4899 1641 4969 φέροντες
1674 4901 1977 4975 ἀρῤενοθη-

407 4989 569 5044 λειῶν
595 4990 729 5061 ὁμοῦ
765 5008 845 5053 τε,
898 4993 963 5044 ἐκ
989 4991 1080 5043 τοῦ
1113 4992 1316 5062 πατρὸς
1340 4991 1450 5044 τῶν
1490 4992 1626 5044 ὅλων
1650 4994 1979 5063 γεγεννημέ-

409 5100 566 5146 νους,
610 5082 704 5146 οὓς
744 5083 838 5136 καὶ
878 5083 1032 5145 θεοὺς
1065 5081 1322 5152 ἡγοῦνται
1368 5083 1462 5135 καὶ
1509 5083 1733 5147 αἰῶνας.
1779 5084 1884 5139 Τὸν
1921 5084 1979 5138 δὲ

505 5245 523 5276 ⁸
551 5244 680 5300 Cor.
714 5261 778 5300 ex
817 5245 853 5298 Ι.
889 5261 930 5308 ι,
953 5243 1184 5300 αἰώνων.

482 5401 594 5470 (‘23)
639 5402 762 5466 Τῶν
798 5401 868 5464 ἐν
919 5399 996 5469 τῇ
1053 5400 1244 5470 Ἀσίᾳ.
1289 5399 1540 5457 Clemens
1579 5401 1983 5458 Alexandrinus

413 5469 739 5527 Stromalum
769 5471 860 5524 lib.
891 5487 972 5529 Ill,
1004 5479 1058 5525 et
1084 5469 1458 5525 Thcodoretns
1507 5470 1756 5524 llwretic.
1811 5473 1981 5538 fabul.

414 5543 507 5596 lib.
569 5558 620 5602 l,
674 5544 1056 5610 Carpocratem
1111 5556 1216 5593 non
1278 5541 1538 5594 Asianum
1598 5541 1838 5606 faciunt,
1887 5545 1982 5600 sed

414 5612 754 5681 (Egyptinm,
787 5627 988 5677 gem-re.
1011 5611 1266 5663 nimirum
1297 5610 1742 5681 Alexandrinum.

485 5680 597 5746 (tib)
635 5685 697 5735 Οἱ
731 5681 1155 5746 ἁπύιίιιριίηοοιι
1188 5681 1284 5732 καὶ
1305 5680 1620 5747 Μηρίνθου.
1647 5681 1981 5734 Ccrinthiani

413 5765 468 5810 et
497 5750 839 5809 liorinthiani
874 5761 996 5806 sunt
1032 5751 1316 5819 appellati;
1347 5766 1414 5803 an
1441 5767 1468 5803 a
1501 5751 1780 5817 Cerintho,
1811 5753 1901 5818 qui
1927 5760 1982 5806 ct

2138 3174 2205 3231 X.
2238 3174 2608 3232 Cerinthianis
2634 3189 2697 3230 ac
2729 3174 3006 3230 Nazorzeis
3034 3174 3296 3231 simillimi
3330 3187 3455 3230 sunt
3480 3174 3642 3230 Ebio-

2069 3265 2216 3328 uitae,
2261 3266 2461 3336 quibus
2489 3281 2613 3321 cum
2647 3264 2942 3335 Sampsaais
2981 3273 3036 3320 et
3065 3263 3322 3319 Elcesmis
3358 3265 3538 3334 aliqua
3571 3281 3635 3320 et

2069 3367 2220 3426 parte
2275 3357 2545 3412 convenit.
2616 3357 2677 3410 lli
2729 3357 3010 3412 Christum
3065 3357 3121 3411 in
3175 3358 3315 3411 coelo
3374 3366 3641 3419 creatum,

2068 3451 2296 3519 ejusque
2317 3457 2566 3502 sanetum
2591 3447 2854 3519 Spiritum
2883 3449 3173 3502 allirmant.
3208 3450 3359 3502 Illum
3385 3449 3560 3518 ipsum
3590 3451 3647 3506 in

2072 3544 2336 3597 Adamum
2373 3556 2495 3597 sese
2541 3541 2811 3596 infudisse
2850 3541 3062 3612 primo;
3115 3552 3169 3597 et
3213 3549 3364 3598 certe
3405 3550 3647 3611 tempore

2071 3635 2313 3688 induisse
2351 3634 2526 3702 ipsum
2559 3633 2824 3686 Adamum
2890 3649 3219 3702 rursumque
3267 3634 3516 3698 exuisse,
3566 3634 3646 3685 id-

2069 3741 2176 3794 que
2207 3724 2404 3778 fecisse
2434 3739 2555 3777 cum
2593 3725 2646 3778 in
2677 3731 2854 3779 terras
2877 3739 3109 3794 corpore
3139 3724 3370 3780 indutus
3407 3723 3645 3777 advenit.

2070 3817 2149 3871 Ac
2180 3818 2304 3872 licet
2330 3815 2499 3871 Judaei
2531 3817 2662 3884 sint,
2716 3816 3069 3886 Evangelium
3103 3815 3462 3871 nihilominus
3491 3815 3648 3867 adhi-

2071 3912 2222 3966 bent.
2281 3909 2540 3965 Carnium
2594 3925 2748 3966 esum
2785 3909 3150 3974 detestantur,
3181 3923 3376 3977 aquam
3411 3923 3508 3976 pro
3539 3905 3650 3960 Deo

2076 4003 2292 4057 habent.
2319 4002 2603 4057 Christum
2637 4002 2690 4055 in
2723 4018 2823 4057 suo
2860 4003 2974 4068 illo,
3011 4001 3088 4054 uti
3124 4000 3386 4060 diximus,
3413 3997 3650 4054 adventu

2076 4094 2350 4147 hominem
2382 4092 2630 4148 induisse
2662 4091 2875 4150 dicunt.
2935 4092 3183 4162 Denique
3211 4093 3371 4162 aquis
3411 4108 3469 4148 se
3499 4091 3652 4148 iden-

2074 4183 2240 4237 tidem
2293 4191 2401 4236 tam
2439 4182 2616 4237 hieme
2659 4199 2821 4252 quam
2869 4193 3056 4240 testate
3085 4183 3290 4248 lavant,
3328 4183 3540 4256 1124
3567 4186 3652 4240 ni-

2075 4273 2272 4326 mirum
2299 4271 2605 4326 sanctitatis
2633 4273 2995 4330 conciliandae
3029 4273 3133 4328 sibi
3161 4275 3358 4345 gratia.
3392 4276 3654 4346 quemad-

2080 4363 2297 4415 modum
2336 4361 2638 4416 Samarilm.

2148 4449 2236 4503 XI.
2287 4448 2648 4505 Valentiniani
2696 4465 2990 4521 corporum
3041 4454 3507 4509 resurrectionem
3557 4470 3653 4510 ne-

2077 4553 2229 4613 gant,
2261 4541 2428 4597 Vetus
2459 4543 2870 4600 Testamentum
2915 4560 2979 4600 ac
3023 4546 3322 4616 prophetas
3355 4555 3651 4618 respuunt:

2081 4649 2203 4703 quae
2232 4634 2591 4689 nihilominus
2621 4635 2806 4706 legunt
2855 4635 2979 4706 ipsi,
3025 4645 3079 4690 et
3120 4637 3166 4690 si
3220 4635 3352 4707 quid
3381 4647 3484 4704 est,
3512 4638 3658 4708 quod

2081 4725 2146 4776 ad
2187 4724 2402 4777 illorum
2438 4725 2673 4779 lueresin
2707 4742 2800 4796 per
2844 4725 3068 4798 ﬁguram
3102 4742 3165 4782 ac
3198 4735 3414 4799 tropum
3445 4745 3661 4782 accom-

2083 4801 2292 4869 modari
2329 4817 2524 4886 possit,
2563 4819 2614 4872 id
2650 4819 2974 4872 admittunt.
3031 4816 3137 4872 Sed
3183 4832 3360 4875 certas
3393 4821 3660 4890 quasdam

2086 4903 2302 4960 fabulas
2335 4906 2685 4972 addiderunt,
2733 4917 2788 4961 et
2844 4909 3064 4978 triginta
3112 4925 3325 4963 {conum
3377 4911 3662 4974 utriusque

2085 5011 2250 5052 sexus
2291 5000 2555 5052 vocabula
2590 5002 2884 5054 commenti
2918 5014 3081 5069 sunt;
3117 5018 3258 5070 quos
3279 5000 3495 5072 quidem
3547 5015 3657 5054 reo-

2085 5101 2187 5140 nas
2211 5087 2280 5142 ab
2307 5088 2690 5146 universorum
2716 5102 2942 5162 parente
2973 5109 3037 5148 ac
3062 5092 3344 5146 conditore
3367 5090 3661 5161 productos

2088 5402 2391 5459 Merinthus
2425 5403 2530 5456 alio
2561 5401 2778 5457 nomine
2811 5410 3112 5462 vocaretur,
3141 5416 3208 5454 an
3249 5399 3317 5454 ab
3348 5399 3474 5462 alio,
3513 5401 3602 5468 qui
3633 5415 3666 5454 a

2087 5474 2346 5527 Cerintho
2372 5474 2622 5526 diversus
2661 5471 2958 5525 Merinthns
2991 5471 3152 5526 luerit
3184 5473 3395 5540 dictus,
3415 5474 3664 5540 ignorare

2086 5555 2146 5597 se
2173 5544 2372 5596 fatetur
2409 5541 2738 5610 Epiphanius
2771 5557 2919 5594 num.
2955 5545 2984 5594 8
3041 5543 3305 5596 haereseos
3337 5539 3427 5603 27.

2158 5613 2268 5680 (2'7)
2308 5610 2641 5677 Νιιζὶοριιῖοι.
2696 5610 2767 5662 De
2815 5611 2916 5664 hac
2961 5611 3336 5665 Ιιιιιιιιιίιοοιίιιη
3369 5621 3517 5666 secta
3547 5611 3662 5675 lege

2087 5681 2287 5734 Petavii
2325 5681 2855 5736 Aninmdversimwm
2878 5723 2891 5744 ,
2922 5698 3042 5751 qua:
3073 5691 3155 5738 est
3187 5683 3252 5734 ad
3299 5681 3517 5743 Penuria
3549 5681 3660 5740 lue-

2087 5754 2249 5806 I'esim
2288 5753 2376 5807 ευ.
