3986 6224
411 387 514 443 859

1795 389 1854 443 S.
1893 387 2230 443 EPII’IMNII

3558 399 3646 460 860

411 515 690 572 asserunt,
730 523 872 578 quos
899 514 954 563 et
983 505 1122 563 deos
1163 515 1219 564 et
1263 525 1448 565 :eonas
1477 509 1706 564 faciunt.
1766 510 1990 565 Demum

2117 511 2334 582 (ριστὸν
2379 511 2473 564 ἀπ’
2514 509 2748 582 οὐρανοῦ
2777 509 2936 580 σῶμα
2977 511 3294 583 ἐνηνοχέναι
3316 557 3328 576 ,
3361 515 3450 568 καὶ
3473 518 3541 580 ὡς
3573 518 3647 572 διὰ

410 603 690 656 Christum
731 616 762 655 e
802 601 942 656 coelo
972 617 1172 670 corpus
1212 604 1502 670 extulisse,
1523 619 1586 658 ac
1633 619 1729 673 per
1769 601 1995 658 Mariam

411 693 720 748 traductum
753 707 876 748 esse
910 693 1056 748 velut
1089 709 1187 763 per
1218 695 1470 748 tubulum
1518 695 1854 750 existimant.

483 784 595 838 XII.
627 784 988 848 Seeundiani,
1025 800 1328 855 eorumque
1377 785 1513 840 socii
1555 785 1872 856 Epiphanes
1917 793 2000 838 at-

413 895 520 946 que
547 877 792 933 Isidorus
813 877 1002 932 eadem
1031 877 1172 932 inter
1196 893 1256 932 sc
1281 877 1430 947 paria
1457 885 1848 948 componentes
1873 891 1998 930 cum

419 970 712 1024 Valentino
745 969 1137 1032 consentiunt;
1189 970 1452 1024 nonnulla
1483 977 1666 1024 tamen
1701 969 1772 1024 ab
1801 969 1868 1022 iis
1919 967 2002 1022 di-

416 1077 575 1118 versa
609 1071 814 1132 ponunt
837 1103 853 1126 ,
887 1071 941 1117 et
976 1062 1043 1116 ad
1073 1059 1274 1116 findant
1305 1061 1531 1131 in’super
1561 1060 1842 1115 libidinem
1871 1074 2006 1115 suos

418 1151 734 1208 instituunt.
781 1153 948 1208 Iidem
973 1160 1028 1208 et
1057 1151 1492 1207 incarnationem
1534 1159 1755 1222 negant.

485 1329 624 1387 XIII.
657 1329 954 1396 Ptolemaei,
987 1331 1258 1388 Valentini
1303 1331 1558 1402 discipuli
1599 1330 1839 1394 fuerunt,
1878 1344 2002 1383 cum

418 1424 619 1494 quibus
649 1423 804 1480 Flora
835 1425 1207 1495 conjungitur.
1243 1423 1351 1479 Par
1401 1423 1654 1493 idemque
1703 1423 1898 1492 dogma
1938 1421 2006 1478 de

420 1516 904 1587 conjugalionibus
934 1519 1040 1573 illis
1071 1533 1195 1572 cum
1229 1517 1520 1572 Valentino
1550 1531 1613 1569 ac
1645 1514 2006 1570 Secundianis

421 1615 697 1674 astruunt,
730 1609 824 1663 sed
853 1611 905 1662 in
941 1607 1274 1679 quibusdam
1305 1615 1488 1661 tamen
1513 1605 1851 1675 discrepant.

493 1699 615 1754 11ίὲ0
641 1709 726 1756 est
749 1703 974 1757 secundi
1002 1703 1134 1757 tomi
1165 1701 1288 1756 libri
1315 1699 1476 1771 primi
1499 1713 1732 1764 summa,
1761 1714 1884 1770 qua:
1913 1714 2004 1754 xm

419 1793 656 1848 lliCl'CSCS
685 1794 1086 1864 complectitur.

2100 603 2338 675 σωλῆνος
2361 603 2463 674 τὴν
2489 603 2713 675 Μαρίαν
2746 603 3152 675 πεπερακέναι.

2173 785 2270 838 1Β’.
2311 783 2717 848 Σεκουνδιανοὶ,
2769 777 2852 845 οἷς
2902 781 3268 835 συνάπτονται
3317 779 3650 848 Ἐπιφάνιος1

2103 877 2196 928 καὶ
2235 875 2523 946 Ἰσίδωρος,
2553 877 2677 937 ταῖς
2705 875 2896 938 αὐταῖς
2923 873 3258 945 κεχρημένοι
3290 873 3384 926 καὶ
3407 866 3542 927 οὗτοι
3576 893 3652 929 συ-

2103 965 2346 1036 ζυγίαις,
2379 967 2543 1038 ὅμοια
2577 966 2914 1036 Οὐαλεντίνῳ
2958 966 3364 1036 πεφρονηκότες
3383 1006 3398 1028 9
3429 966 3576 1039 ἕτερα
3605 969 3650 1021 δὲ

2103 1059 2235 1129 παρ’
2262 1057 2474 1111 αὑτῶν¹
2513 1057 2694 1121 ποσῶς
2729 1057 3058 1129 διηγοῦνται.
3107 1059 3470 1128 ¹Προστιθιξιισι
3497 1059 3548 1112 δὲ
3585 1062 3652 1114 αἱ·

2107 1150 2439 1222 σχρουργίαν
2470 1151 2835 1215 διδάσκοντες.
2877 1150 3310 1222 ’Λπαγορεύουσι
3337 1150 3392 1203 δὲ
3419 1154 3506 1205 καὶ
3533 1145 3653 1206 οὗτοι

2105 1243 2204 1313 τὴν
2237 1241 2438 1313 σάρκα.

2177 1334 2274 1388 II".
2315 1335 2662 1405 Πτολεμαῖοι,
2690 1336 2738 1388 oi
2770 1335 3014 1407 μαθηταὶ
3045 1336 3202 1400 ὅντες
3249 1335 3340 1388 καὶ
3365 1335 3510 1388 αὐτοὶ
3535 1335 3654 1388 Οὐσ-

2105 1428 2368 1490 λεντίνου,
2420 1423 2501 1492 οἷς
2537 1429 2868 1482 συνάπτεται
2899 1431 2935 1500 ἡ
2987 1427 3202 1500 Φλώρα.
3239 1425 3322 1480 Τὰ
3351 1425 3521 1479 αὑτᾶ³
3564 1427 3652 1480 τῶν

2109 1517 2378 1586 συζυγῶν
2425 1519 2519 1572 καὶ
2545 1513 2694 1574 οὗτοι
2741 1519 2996 1589 λέγουσι,
3045 1519 3192 1574 καθά
3220 1519 3314 1573 καὶ
3347 1519 3657 1578 Οὐαλεντίνος

2108 1611 2204 1663 καὶ
2244 1609 2638 1674 Σεκουνδιανοὶ,
2665 1611 2809 1664 κατά
2835 1630 2886 1665 τι
2915 1611 2972 1664 δὲ
2993 1611 3089 1664 καὶ
3133 1607 3282 1666 οὗτοι
3324 1610 3652 1680 διαφέρονται.

2179 1701 2326 1773 Αὕτη
2361 1703 2456 1756 καὶ
2491 1704 2524 1774 ή
2555 1701 2651 1756 τοῦ
2697 1703 2952 1776 δευτέρου
2985 1703 3158 1776 τόμου
3203 1704 3300 1758 τοῦ
3352 1703 3553 1776 πρώτου
3590 1707 3652 1772 βι-

2109 1793 2258 1848 ϐλίου
2285 1796 2394 1849 τῶν
2421 1796 2725 1868 δεκατριῶν
2749 1797 3016 1869 αἱρέσεων
3042 1796 3525 1866 άνακεφαλαίωσις.

1501 1906 1886 1974 ΗλΕΙὶΕΞΕΒ
1929 1907 2130 1971 TUM]
2181 1913 2265 1972 111
2311 1914 2518 1974 LIBRI
2559 1914 2612 1976 1.

493 2058 560 2110 At
599 2055 654 2110 in
707 2053 772 2108 lll
819 2063 968 2110 tomo
1020 2055 1265 2126 ejusdem
1319 2055 1443 2111 libri
1486 2071 1502 2110 I
1548 2055 1667 2110 alia:
1705 2057 1790 2111 ha:
1829 2053 2013 2110 conti-

2185 2061 2278 2117 Ἔν
2324 2062 2382 2120 δὲ
2424 2059 2502 2132 τῷ
2521 2057 2686 2130 τρίτῳ
2705 2058 2798 2112 τοῦ
2841 2059 3008 2113 αὐτοῦ
3053 2057 3274 2130 πρώτου
3319 2059 3513 2127 βιϐλίου
3548 2061 3660 2114 εἰσιν

421 2157 624 2205 nentur
647 2149 883 2204 han-eses
907 2163 1026 2202 xm:

493 2241 536 2296 1.
588 2239 862 2296 Marcosii.
919 2238 1138 2295 Marcus
1182 2239 1404 2310 quidam
1448 2239 1662 2296 exstitit
1713 2237 1998 2295 Colorbasi

427 2331 860 2400 condiscipulus.
897 2330 944 2384 Is
974 2330 1084 2384 duo
1114 2329 1368 2385 similiter
1397 2329 1663 2400 principia
1694 2329 2005 2386 constituit.

425 2423 760 2478 blortuorum
789 2421 1246 2477 resurrectionem
1287 2421 1538 2491 negabat.
1575 2419 1840 2475 Utcbatur
1868 2434 2008 2488 pra:-

423 2515 598 2585 stigiis
636 2515 926 2584 ejusmodi,
981 2523 1038 2567 ut
1084 2513 1251 2568 certis
1308 2514 1647 2569 carminibus
1685 2515 2007 2583 poculorum

425 2609 692 2678 liquorem
724 2607 776 2661 in
813 2607 1104 2662 caeruleum
1147 2621 1596 2676 purpureumque
1619 2607 1860 2661 colorem
1889 2621 2010 2660 ver-

425 2705 588 2758 teret,
637 2695 838 2764 quibus
880 2695 1055 2749 saeris
1101 2693 1346 2750 infelices
1397 2695 1749 2750 mulierculas
1795 2695 2012 2750 initiare

425 2789 663 2844 solebat.
716 2785 858 2840 Idem
893 2785 962 2839 ad
993 2799 1120 2839 xxxv
1155 2785 1424 2840 elementa
1463 2785 1688 2856 perinde
1719 2801 1779 2840 ac
1813 2785 2012 2840 Valen-

427 2879 579 2934 tinus
607 2879 864 2932 universa
895 2891 1154 2932 revocare
1189 2877 1405 2931 nititur.

497 2969 559 3023 II.
593 2967 920 3024 Colorbasii.
967 2967 1301 3024 Colorbasus
1349 2967 1455 3024 iste
1491 2968 1712 3024 easdem
1740 2966 1853 3023 fere
1886 2968 2009 3038 opi-

2113 2150 2566 2238 ἕτεραι-αἱρέσεις
2592 2151 2872 2238 δεκαςρεῖς
2899 2145 3058 2206 αὗται
3081 2169 3095 2184 ·

2185 2221 2265 2274 εγ.
2306 2221 2645 2294 Μαρκὼσιοι.
2695 2221 2922 2294 Μάρκος
2957 2241 3042 2286 τις
3084 2221 3379 2294 γεγένηται
3420 2223 3660 2293 K010965—

2115 2330 2209 2366 σου
2241 2314 2634 2387 συμφοιτητὴς,
2665 2313 2758 2368 δύο
2781 2315 2956 2386 άρχάς
2989 2315 3084 2369 καὶ
3108 2315 3276 2379 αὐτὸς
3329 2317 3660 2387 παρεισάγων.

2127 2405 2338 2459 Ἀθετεῖ
2381 2407 2436 2460 δὲ
2478 2409 2688 2480 νεκρῶν
2734 2409 3052 2462 ἀνάστασιν.
3099 2409 3411 2473 Φαντασίας
3440 2409 3492 2462 δέ
3537 2427 3664 2474 τινας

2115 2496 2180 2550 δι’
2219 2499 2564 2569 ἐκπωμάτων
2605 2499 2663 2565 ἐξ
2704 2499 2964 2571 ἐπαοιδῆς
2993 2501 3074 2564 εἰς
3106 2501 3341 2556 κυάνεον
3375 2501 3556 2572 χρῶμα
3587 2500 3663 2554 καὶ

2117 2589 2424 2662 πορφύρεον
2459 2592 2810 2662 μεταϐάλλων
2835 2633 2850 2658 ,
2889 2596 3252 2664 μυσταγωγεῖ
3279 2593 3374 2657 τὰς
3403 2593 3660 2664 ἀπατωμέ-

2109 2696 2205 2744 νας
2252 2683 2540 2748 γυναῖκας.
2591 2683 2701 2737 Καὶ
2745 2683 2908 2748 αὐτὸς
2968 2683 3026 2738 δὲ
3084 2683 3200 2737 τῶν
3251 2684 3662 2752 εἰκοσιτεσσάρων

2111 2773 2388 2842 στοιχείων
2417 2773 2666 2843 βούλεται
2699 2774 2768 2830 τά
2794 2777 2970 2830 πάντα
3003 2776 3287 2848 ἡγεῖσθαι,
3335 2775 3524 2846 ὁμοίως
3549 2777 3664 2829 Οὑε-

2109 2863 2360 2937 λεντίνῳ.

2181 2958 2256 3014 B'.
2281 2958 2662 3030 Κολορϐάσιοι.
2685 2961 2796 3016 Καὶ
2819 2953 2976 3026 οὗτος
2999 2963 3028 3015 ὀ
3052 2959 3400 3032 Κολὸρδασος
3437 2957 3663 3020 ὡσαύτως

429 3062 620 3116 niones
668 3062 950 3132 amplexus
989 3068 1102 3116 ‘cst.
1167 3057 1274 3115 Sed
1325 3061 1590 3116 nonnulla
1643 3069 1823 3115 tamen
1855 3069 2006 3124 sunt,

2117 3051 2183 3106 τά
2209 3053 2350 3108 αὐτὰ
2382 3051 2738 3126 διηγούμενος
2758 3093 2774 3119 ,
2815 3055 2958 3108 κατά
3004 3071 3056 3108 τι
3101 3055 3520 3126 διαφερόμενος,
3553 3049 3664 3120 πρὸς

427 3155 482 3206 in
528 3152 730 3222 quibus
773 3152 842 3206 ab
887 3152 1010 3207 aliis
1047 3152 1354 3206 haeresibus
1401 3150 1700 3222 discrepat,
1733 3149 1897 3204 Marci
1953 3165 2015 3203 ac

429 3243 704 3299 Valentini
769 3243 1176 3314 potissimum:
1253 3241 1522 3314 siquidem
1593 3243 2016 3315 propagationes

427 3351 640 3392 menum
671 3345 726 3390 et
753 3335 1030 3404 ogdoadas
1073 3335 1182 3390 alio
1215 3336 1377 3390 modo
1400 3335 1645 3390 tradidit.

505 3425 721 3495 1125
751 3425 840 3478 III.
877 3423 1287 3481 Ileracleonitaz.
1321 3425 1496 3480 Etiam
1530 3425 1828 3482 Heracleon
1859 3441 2015 3480 com-

437 3519 722 3573 mentitias
753 3517 1032 3588 ngdoadas
1067 3519 1327 3574 retinuit:
1361 3519 1413 3574 in
1443 3519 1642 3590 quibus
1678 3519 2018 3590 explicandis

442 3626 472 3662 ιι
507 3608 670 3663 Marci
709 3619 764 3664 et
819 3607 1094 3665 Ptolemaei
1152 3625 1217 3666 ac
1266 3609 1542 3666 Valentini
1588 3597 2020 3682 cacterormnque

433 3702 699 3770 Opinione
746 3702 1022 3758 discessit.
1084 3701 1228 3758 Suos
1291 3719 1456 3774 porro
1508 3705 1612 3759 sub
1661 3705 1839 3774 ipsum
1897 3705 2021 3758 vitae

433 3799 640 3852 exitum
681 3794 906 3865 perinde
949 3811 1012 3850 ac
1062 3793 1282 3850 Marcus
1327 3795 1585 3858 instituit,
1628 3797 1750 3850 oleo
1795 3795 2022 3865 opobal-

435 3903 591 3942 samo
631 3893 685 3940 et
720 3899 860 3956 aqua
912 3887 966 3940 in
1015 3895 1182 3957 caput
1239 3887 1440 3942 infusis
1491 3888 1544 3941 in
1583 3887 1813 3942 salutem
1871 3901 2022 3942 assc-

437 3985 600 4044 runt;
630 3994 847 4048 unaque
876 3995 1040 4034 voces
1071 3979 1334 4048 quasdam
1367 3977 1664 4035 llebraicas
1695 3981 1748 4034 in
1784 3979 1903 4048 ejus
1926 3978 2021 4049 qui

433 4071 687 4141 expiatur
713 4079 878 4140 caput
907 4073 1282 4126 insusurrmn.

509 4161 598 4217 IV.
639 4163 877 4233 Opima).
914 4161 976 4218 IIi
1010 4171 1318 4233 serpentem
1350 4171 1685 4217 venerantur
1730 4175 1793 4216 ac
1820 4161 2019 4231 prmdi-

437 4265 568 4312 cant
603 4276 616 4312 :
651 4272 887 4327 eumque
927 4271 1052 4313 esse
1104 4257 1382 4312 Christum
1424 4263 1698 4312 asserunt.
1743 4255 1827 4310 0b
1871 4256 1922 4310 id
1963 4255 2017 4312 in

434 4348 670 4420 quadam
705 4349 842 4403 cista
868 4356 1173 4418 serpentem
1206 4357 1512 4403 asservant.

499 4437 557 4492 V.
594 4439 779 4497 Caiani
798 4439 1158 4496 consimiliter
1173 4455 1236 4494 ac
1263 4441 1571 4510 superiores
1590 4449 1825 4496 veterem
1841 4445 2028 4510 legem.

437 4537 492 4584 et
513 4545 636 4585 eum
656 4531 747 4598 qui
774 4531 826 4584 in
857 4546 919 4586 ea
955 4532 1168 4587 locutus
1201 4540 1303 4591 est.
1327 4531 1642 4604 repudiant,
1665 4533 2022 4587 resurrectio-

439 4637 564 4677 nem
609 4621 794 4676 carnis
827 4622 1120 4692 abnegant,
1153 4621 1382 4678 Caimnn
1416 4625 1824 4686 commendant,
1857 4639 2018 4692 quem

440 4714 836 4786 prrestantioris
881 4713 1170 4784 cujusdam
1201 4715 1422 4770 virtutis
1475 4715 1646 4771 fuisse
1701 4714 2018 4786 prwdicant.

442 4807 547 4861 Sed
589 4815 642 4859 et
671 4805 866 4860 Judam
897 4805 1098 4862 divinis
1147 4806 1452 4862 honoribus
1510 4809 1772 4872 alliciunt,
1807 4823 2018 4862 necnon

438 4909 493 4956 et
521 4897 660 4954 Core
697 4907 751 4954 et
783 4897 992 4952 Datban
1026 4912 1080 4954 et
1107 4897 1312 4952 Abiron
1349 4913 1412 4953 ac
1449 4897 1779 4954 Sodomitas.

513 4989 602 5046 Vl.
645 4989 912 5046 Scthiani.
949 4989 1012 5044 Ili
1048 4989 1275 5045 Sethum
1309 4989 1560 5045 laudibus
1583 4989 1837 5050 elTerunt.
1859 5007 2019 5062 quem

437 5101 504 5140 ex
538 5101 805 5154 suprema:
845 5081 1033 5138 Matris
1065 5082 1388 5153 pteuitentia
1427 5091 1771 5152 procreatum
1809 5092 2018 5152 putant,

439 5193 588 5238 cum.
614 5177 784 5232 Caino
827 5185 882 5232 et
929 5177 1101 5232 Abelo
1135 5175 1462 5238 interfectis,
1497 5189 1798 5246 congressa
1835 5177 2020 5232 since-

441 5287 560 5326 ram
595 5271 822 5340 stirpem
856 5269 1109 5324 videlicet
1139 5267 1366 5324 Setbum
1401 5269 1658 5338 protulit;
1692 5283 1722 5322 a
1761 5284 1870 5338 quo
1899 5268 2022 5322 uni-

441 5381 664 5420 versum
703 5381 876 5435 genus
924 5364 1204 5418 hominum
1253 5361 1513 5416 manavit.
1551 5359 1837 5416 Postremo
1877 5360 2028 5431 prin-

439 5458 580 5527 cipia
623 5465 676 5512 et
714 5463 1010 5526 potesmtes
1061 5463 1386 5526 caete-raque.
1443 5461 1500 5508 ut
1543 5452 1656 5518 alii,
1693 5454 1876 5507 omnia
1917 5461 2027 5508 sta-

443 5556 626 5602 tuunt.

515 5640 626 5696 Vll.
685 5641 1019 5694 Archontici.
1077 5641 1170 5694 Isti
1223 5649 1349 5694 item
1401 5638 1464 5692 ad
1511 5641 1694 5708 plures
1747 5639 2022 5710 principes

517 5757 530 5786 '
559 5755 639 5806 Al.
677 5753 997 5820 Ἐπιφάνης.

445 5825 474 5857 ⁸
497 5823 623 5880 For.
645 5821 706 5875 τὸ
737 5821 843 5874 ὑπὸ
883 5823 1024 5874 Κάϊν
1055 5823 1145 5875 τὸν
1167 5821 1345 5878 ἰἰίὶέλ.

2115 3144 2214 3209 τὰς
2243 3144 2409 3210 ἄλλας
2437 3146 2703 3218 αἱρέσεις,
2733 3148 2879 3218 φημὶ
2916 3147 2972 3202 δὲ
3003 3147 3140 3220 πρὸς
3177 3149 3306 3211 τοὺς
3331 3147 3452 3217 περὶ
3469 3145 3663 3215 Μάρκον

2115 3235 2210 3288 καὶ
2237 3235 2607 3304 Οὐαλεντῖνον,
2637 3235 2736 3301 τὰς
2771 3236 3042 3308 προϐολὰς
3075 3237 3132 3290 δὲ
3165 3238 3260 3292 καὶ
3287 3235 3528 3305 ὀγδοάδας
3555 3233 3652 3286 ἐτέ-

2121 3345 2230 3398 ρως
2257 3327 2518 3394 ἐδίδαξεν.

2188 3423 2262 3477 I".
2315 3421 2742 3495 Ἡρακλεωνῖται
2762 3463 2778 3488 ,
2833 3423 2924 3478 καὶ
2971 3424 3128 3478 αὐτοὶ
3173 3427 3242 3496 τῇ
3291 3423 3398 3477 τῶν
3435 3417 3666 3490 ὀγδοάδων

2117 3517 2371 3587 φέρονται
2401 3515 2716 3587 μυθολογίᾳ,
2749 3515 2951 3587 ἑτέρως
2977 3515 3034 3570 δὲ
3064 3516 3220 3586 παρὰ
3247 3513 3338 3568 τὸν
3361 3514 3568 3584 Μάρκον
3592 3511 3666 3562 καὶ

2119 3608 2451 3676 Πτολεμαῖον
2487 3608 2584 3662 καὶ
2611 3607 2959 3662 Οὐαλεντίνον
2997 3607 3092 3660 καὶ
3123 3608 3254 3671 τοὺς
3287 3606 3490 3669 ἄλλους.
3534 3602 3668 3656 Ἀλλά

2118 3701 2213 3754 καί¹
2248 3701 2340 3753 ἐπὶ
2376 3702 2442 3772 τῇ
2493 3699 2702 3770 κεφαλῇ
2724 3701 2745 3730 ’⁵
2789 3699 2899 3754 τῶν
2947 3699 3078 3770 παρ’
3115 3699 3302 3763 αὐτοῖς
3337 3696 3668 3752 τελευτώντων

2118 3793 2317 3862 ὁμοίως
2345 3791 2422 3864 τῷ
2456 3793 2666 3864 Μάρκῳ
2699 3791 3018 3863 λυτροῦνται
3047 3792 3112 3846 δι’
3153 3792 3337 3846 ἐλαίου
3373 3791 3476 3845 ἀπὸ
3505 3787 3668 3859 βαλσά-

2124 3903 2224 3956 μου
2256 3887 2350 3940 καὶ
2383 3885 2915 3956 ὖδατος,ὲπικλήσεις
2953 3886 3104 3950 τινὰς
3145 3886 3457 3958 Ἑϐραϊκαῖς
3493 3881 3668 3947 λέξεσιν

2121 3977 2463 4048 ἐπιλέγοντες
2493 3978 2586 4030 ἐπὶ
2609 3979 2675 4048 τῇ
2709 3977 2916 4048 κεφαλῇ
2941 3977 3033 4032 τοῦ
3062 3977 3225 4049 δῆθεν
3253 3977 3608 4048 λυτρουμένου.

2193 4165 2265 4215 Δν.
2318 4162 2562 4230 Ὀφῖται,
2600 4163 2650 4215 οῑ
2699 4163 2790 4216 τὸν
2840 4163 2964 4233 ὅφιν
3007 4162 3322 4230 δοξάζοντες
3383 4163 3470 4216 καὶ
3511 4159 3668 4212 τοῦτον

2123 4257 2355 4328 Χριστὸν
2384 4257 2696 4328 ἡγούμενοι,
2735 4255 2949 4328 ἔχοντες
2977 4257 3030 4310 δὲ
3067 4258 3129 4311 τὸ
3171 4257 3399 4329 ἑρπετὸν
3442 4253 3585 4308 τοῦτο
3623 4252 3670 4302 ἐν

2123 4350 2285 4421 κίστῃ
2311 4349 2435 4403 τινί.

2197 4443 2274 4496 E'.
2320 4442 2569 4502 Καῖανοὶ.
2607 4440 2868 4506 ὡσαύτως
2906 4441 3022 4513 ἅμα
3063 4445 3174 4504 τοῖς
3208 4443 3468 4514 πρότερον
3499 4437 3579 4490 τὸν
3601 4433 3670 4486 νό-

2130 4550 2231 4604 μον
2263 4533 2357 4586 καὶ
2395 4531 2487 4586 τὸν
2527 4531 2838 4602 λαλήσαντα
2873 4533 2930 4586 ὲν
2955 4531 3105 4603 νόμῳ
3135 4531 3469 4595 ἀθετοῦντες,
3498 4523 3668 4595 σαρκός

2127 4643 2186 4679 τε
2209 4625 2502 4680 ἀνάστασιν
2531 4625 2878 4696 ἀρνούμενοι,
2907 4625 2997 4678 τὸν
3029 4625 3167 4678 Κάῖν
3193 4623 3487 4690 δοξάζουσι,
3511 4619 3669 4686 λέγονι

2125 4735 2216 4780 τες
2241 4716 2402 4770 αὑτὸν
2443 4719 2540 4786 τῆς
2581 4718 2933 4788 ἰσχυροτέρας
2974 4717 3274 4788 δυνάμεως.
3303 4717 3449 4783 Ἀμα
3500 4711 3550 4764 δὲ
3593 4705 3670 4760 καὶ

2124 4809 2215 4862 τὸν
2238 4809 2434 4863 Ἰούδαν
2465 4808 2856 4873 ἐκθειάζουσιν,
2883 4809 3017 4879 ὁμοῦ
3044 4826 3102 4862 τε
3136 4810 3228 4862 καὶ
3259 4807 3381 4871 τοὺς
3409 4804 3528 4876 περὶ
3550 4797 3668 4866 Κορὲ

2127 4903 2222 4955 καὶ
2249 4901 2425 4955 Δαθὰν
2455 4901 2550 4955 καὶ
2586 4901 2864 4974 Ἀδειρὼν,
2893 4901 3031 4954 ἀλλά
3068 4903 3162 4956 καὶ
3187 4901 3310 4964 τοὺς
3343 4894 3628 4966 Σοδομίταςο

2199 4993 2288 5062 (ζ’.
2319 4995 2588 5066 Σηθιανοί.
2617 4989 2776 5048 Οὗτοι
2820 4996 2982 5050 πάλιν
3021 4993 3110 5048 τὸν
3151 4994 3256 5065 Σὴθ
3285 4991 3565 5060 δοξάζουσι,
3589 4983 3670 5052 φάε

2129 5105 2348 5151 σκοντες
2372 5088 2532 5142 αὑτὸν
2562 5083 2700 5141 εἶναι
2743 5090 2806 5141 ὲκ
2859 5087 3216 5158 μεταμελείας
3245 5089 3342 5156 τῆς
3367 5081 3556 5137 ἄνωθεν
3581 5091 3662 5144 μην

2127 5180 2272 5248 τρδς,
2319 5179 2676 5251 συνελθούσης
2726 5179 3012 5250 μετά¹τὸν
3060 5178 3199 5231 Κάῖν
3228 5177 3322 5232 καὶ
3349 5171 3504 5228 ’Ἅϐελ
3551 5169 3666 5220 ἀπο-

2127 5271 2443 5342 κτανθῆναι,
2493 5272 2586 5326 καὶ
2631 5271 2870 5340 καθαρὸν
2899 5270 3120 5341 σπέρμα
3151 5269 3241 5322 τὸν
3271 5267 3375 5338 Σὴθ
3405 5263 3665 5332 ποιήσασαν

2125 5366 2185 5430 ἐξ
2224 5361 2392 5436 οὗπερ
2421 5365 2606 5418 λοιπὸν
2645 5363 2892 5434 κατήχθη
2927 5365 2987 5416 τὸ
3021 5364 3238 5417 πάντων
3267 5358 3550 5429 ἀνθρώπων
3583 5347 3662 5416 γέ-

2125 5474 2230 5519 νος.
2269 5457 2375 5510 Καὶ
2408 5459 2560 5510 αὐτοὶ
2596 5455 2652 5508 δὲ
2693 5457 2890 5526 Ἀρχὰς
2923 5457 3018 5509 καὶ
3060 5453 3335 5522 Ἐξουσίας
3379 5449 3467 5505 καὶ
3505 5447 3591 5499 ὅσα
3623 5437 3662 5492 οι

2125 5539 2712 5620 άλὶιοι”δογματίζοιυσι,
2739 5548 2832 5602 καὶ
2859 5547 3012 5602 αὐτοὶ
3041 5545 3413 5615 ὲδογμάτισαν.

2196 5641 2267 5694 Z'.
2305 5639 2659 5708 ’Λρχοντικοί.
2691 5632 2848 5692 Οὗτοι
2887 5637 3047 5690 πάλιν
3089 5637 3168 5699 εἰς
3211 5633 3404 5692 πολλὰς
3431 5623 3586 5700 ἀρχὰς
3615 5620 3665 5672 τδ

1077 5751 1464 5826 1ξῩςηκριύτὸν.
1542 5754 1562 5786 ³
1593 5753 1749 5810 Deest
1805 5754 1952 5826 περί.
2029 5755 2050 5788 ’⁵
2083 5753 2200 5810 Lib.
2224 5773 2260 5824 1,
2295 5754 2430 5826 πρὸς
2462 5757 2527 5826 τῇ
2559 5753 2778 5824 τελευτῇ
2803 5753 2924 5817 τοὺς
2955 5751 3081 5824 παρ’
3111 5751 3289 5814 αὐτοῖς
3317 5739 3660 5801 τελευτῶντας-
