3986 6224
306 353 402 415 861

1593 365 2244 424 ΑΝᾹΟΕΡΙΙΛΙΑἘΟείὃ.

3458 373 3566 431 862

307 475 416 530 πᾶν
452 473 800 546 ἀναφέρουσι,
835 479 927 532 καὶ
957 479 1024 536 τά
1065 480 1330 552 γενόμενα
1359 485 1422 538 ὲκ
1447 485 1648 540 τούτων
1678 489 1892 558 γεγενῆο

2013 488 2248 542 universa
2278 487 2596 549 referentes.
2630 503 2968 557 quacunque
3020 489 3162 542 facta
3201 488 3426 552 sunt,ab
3458 489 3566 542 illis

305 565 460 620 σθαι·
496 568 806 623 ἁλίσκονται
839 573 853 602 ¹
885 570 942 624 δὲ
977 574 1070 626 καὶ
1105 575 1198 628 ἐπὶ
1234 577 1551 648 αἰσχρότητί
1584 597 1709 634 τινι.
1748 581 1889 649 Σαρ-

305 658 403 718 κδς
436 658 491 710 δὲ
537 660 834 716 ἀνάστασιν
883 663 1152 732 ἀθετοῦσι,
1194 670 1288 721 καὶ
1332 670 1571 724 Παλαιὰν
1616 671 1892 744 Διαθήκην

306 749 701 818 μεταϐάλλουσι
727 755 776 817 ³,
801 754 1090 825 κέχρηνται
1117 758 1171 811 δὲ
1196 761 1406 832 Παλαιᾷ
1432 762 1524 818 καὶ⁴
1571 763 1744 834 Καινῇ
1762 764 1889 821 Διαι-

305 839 472 916 om,
496 843 735 920 ἑκάστην
768 845 912 912 λέξιν
941 849 1021 913 εἰς
1052 851 1141 904 τὴν
1184 853 1391 906 ἑαυτῶν
1415 855 1538 907 νοῦν
1576 855 1888 925 μεθοδεύον-

304 949 422 996 τες.

377 1116 460 1170 H'.
483 1116 866 1187 Κερδωνιανοὶ,
881 1122 928 1174 οἰ
954 1123 1060 1176 απὸ
1086 1124 1367 1195 Κέρδωνος
1386 1127 1478 1180 τοῦ
1495 1128 1887 1199 Ἡρακλέωνος,

309 1205 678 1278 διαδεξάμενοι
709 1210 730 1241 ³
772 1210 886 1280 (28)
920 1212 1019 1284 τὴν
1067 1218 1298 1287 μετοχὴν
1342 1217 1442 1287 τῆς
1488 1219 1725 1290 πλάνης,
1781 1221 1890 1272 ἀπὸ

306 1299 372 1350 δὲ
416 1299 510 1368 τῆς
545 1299 746 1370 Συρίας
769 1303 850 1364 εἰς
894 1303 1112 1376 Ῥώμην
1142 1307 1256 1374 (28)
1303 1309 1753 1377 μεταναστάντος,
1796 1312 1889 1363 καὶ

308 1392 569 1459 κήρυγμα
610 1390 807 1443 ἑαυτοῦ
859 1393 1154 1464 ἐκθεμένου
1199 1399 1255 1450 ὲν
1301 1399 1513 1470 χρόνοις
1562 1400 1815 1470 Ῥηγίνου
1867 1401 1889 1434 ’⁵

307 1482 626 1533 ἐπισκόπου.
676 1483 780 1535 Δύο
823 1485 878 1537 δὲ
918 1486 1092 1556 ἀρχάς
1119 1487 1374 1559 κηρύττει
1419 1485 1572 1555 οὗτος
1620 1494 1888 1559 ἐναντίας,

312 1573 388 1643 μὴ
418 1571 555 1627 εἶναι
585 1575 640 1628 δὲ
667 1575 758 1628 τὸν
788 1577 831 1628 Χ
840 1578 1020 1648 ριστὸν
1049 1581 1326 1650 γεννητὸν,
1358 1583 1558 1653 ὁμοίαις
1586 1603 1644 1637 τε
1679 1586 1888 1656 νεκρῶν

309 1666 604 1720 ἀνάστασιν
638 1668 866 1730 ἀθετῶν,
897 1672 992 1724 καὶ
1021 1671 1122 1742 τὴν
1159 1673 1401 1729 Παλαιὰν
1427 1667 1720 1747 Διαθῆκην.

379 1757 456 1808 6'.
483 1758 914 1828 Μαρκιωνισταί.
953 1762 1217 1832 Μαρκίων
1262 1759 1417 1830 οὗτος
1452 1768 1512 1819 ὲκ
1553 1768 1755 1820 Πόντου
1795 1769 1880 1838 ὁρ-

1993 589 2114 631 orta
2148 580 2435 633 deliniunt.
2489 578 2696 632 Habent
2733 588 2784 632 et
2819 580 3134 634 foedissima:
3177 579 3450 648 quoddam
3501 580 3565 632 li-

1993 671 2196 726 bidinis
2261 687 2453 741 genus.
2507 670 2702 724 Carnis
2761 671 3218 723 resurrectionem
3277 679 3562 739 respuunt.

1995 761 2162 818 Vetus
2213 761 2622 817 Testamentmn
2667 762 3003 815 calumniose
3051 761 3340 827 rejieiunt,
3396 777 3567 830 quan-

1990 870 2154 923 quam
2194 853 2378 907 ethoc
2413 863 2467 908 et
2515 851 2666 905 Novo
2719 854 2941 920 insuper
2975 867 3366 922 nonnunquam
3409 862 3566 908 utan-

1992 953 2082 998 tur
2115 963 2127 999 :
2154 959 2221 998 ex
2245 945 2446 1014 quibus
2480 943 2725 1013 singulas
2756 943 2978 997 voculas
3007 943 3201 998 callide
3235 945 3302 999 ad
3334 955 3568 1000 mentem

1991 1049 2146 1089 suam
2177 1034 2613 1090 accommodant.

2074 1123 2214 1178 Vill.
2249 1124 2577 1179 Cerdoniani
2613 1139 2642 1177 a
2675 1122 2942 1187 Ccrdonc,
2976 1121 3072 1191 qui
3109 1137 3268 1191 quem
3307 1123 3375 1176 ab
3407 1121 3571 1177 Hera.

1990 1218 2179 1270 ειη-ουρ
2222 1231 2460 1270 errorem
2511 1216 2791 1277 hauserat,
2837 1216 2999 1271 novis
3039 1215 3278 1268 inventis
3323 1215 3565 1268 adauxit.

1990 1305 2066 1357 Ac
2117 1319 2240 1357 eum
2293 1303 2517 1357 Ruinam
2551 1318 2582 1358 e
2618 1303 2774 1375 Syria
2840 1304 3118 1374 profectus
3155 1312 3319 1366 esset,
3379 1302 3573 1373 llygini

1992 1393 2150 1465 Papae
2186 1393 2520 1462 temporibus
2562 1407 2659 1447 sua
2707 1393 2961 1461 dogmata
2996 1392 3399 1448 disseminavit.
3455 1390 3572 1444 Duo

1991 1503 2157 1556 porro
2201 1486 2464 1554 principia
2513 1484 2788 1538 contraria
2838 1484 3067 1538 invicem
3099 1482 3347 1536 aﬂirmat.
3402 1482 3573 1551 Negat

1988 1579 2266 1632 Christum
2293 1592 2414 1631 esse
2443 1577 2708 1647 genitum.
2735 1575 3074 1630 Mortuorum
3110 1574 3572 1630 resurrectionem

1989 1682 2038 1720 et
2078 1667 2243 1722 Vetus
2285 1666 2696 1720 Testamentum
2737 1665 2935 1734 rejicit.

2064 1756 2152 1812 1X.
2215 1757 2599 1811 Marcionistaz.
2651 1755 2857 1810 Marcio
2907 1771 2973 1810 ex
3032 1754 3205 1811 Ponto
3267 1753 3570 1813 oriundus.

311 1846 584 1918 μώμενος,
615 1850 913 1904 ἐπισκόπου
949 1853 1047 1923 μὲν
1089 1849 1156 1925 ἢν
1187 1855 1320 1918 υίὸς,
1353 1857 1576 1930 φθείρας
1603 1859 1658 1911 δὲ
1688 1859 1885 1931 παρθέ-

2013 1849 2252 1918 ιιιὶδςορο
2283 1856 2435 1916 patre
2478 1854 2640 1901 natus
2683 1854 2808 1901 est:
2841 1860 2871 1899 a
2899 1861 3010 1916 quo
3057 1845 3271 1916 1126
3303 1845 3372 1898 ob
3410 1845 3568 1914 virgi-

308 1955 401 1991 vov
433 1939 665 2010 ἀπέδρα,
699 1941 871 1995 διὰτὸ
917 1943 1180 2008 ὲξεῶσθαι
1229 1947 1336 2000 ὑπὸ
1377 1948 1471 2000 τοῦ
1512 1949 1642 2002 ἰδίου
1686 1949 1893 2020 πατρὸς

307 2028 418 2081 ἀπὸ
448 2031 547 2100 τῆς
590 2030 932 2101 Ἐκκλησίας.
981 2034 1240 2088 Ἀνελθὼν
1272 2036 1329 2089 δὲ
1370 2039 1429 2089 ὲν
1454 2041 1518 2108 τῇ
1562 2038 1766 2111 Ῥώμῃ,
1798 2043 1890 2094 καὶ

309 2121 544 2189 αἰτήσας
572 2121 860 2191 μετάνοιαν
896 2124 1020 2188 τοὺς
1061 2126 1179 2178 κατ’
1210 2129 1387 2180 ἐκεῖνο
1434 2129 1650 2200 καιροῦ,
1690 2132 1783 2184 καὶ
1821 2132 1894 2203 μὴ

307 2212 507 2281 τυχὼν,
532 2213 790 2283 ἐπαρθεὶς
811 2214 952 2268 κατά
981 2216 1078 2286 τῆς
1103 2216 1357 2283 πίστεως,
1386 2219 1728 2289 ἐδογμάτισε,
1750 2225 1898 2296 τρεῖς

309 2303 487 2371 ἀρχάς
543 2303 996 2374 εἰσηγησάμενος,
1034 2307 1237 2374 ἀγαθόν
1280 2325 1342 2360 τε
1401 2309 1496 2362 καὶ
1544 2310 1752 2364 δίκαιον
1805 2314 1898 2366 καὶ

310 2391 543 2457 φαῦλονο
597 2387 735 2446 εἷναί
785 2411 845 2446 τε
900 2394 998 2464 τὴν
1044 2397 1252 2468 Καινὴν
1296 2399 1571 2470 Διαθήκην
1613 2401 1897 2474 ἀλλοτρίαν

309 2482 413 2548 τῆς
449 2482 691 2546 Ιιαλαιᾶς
726 2483 938 2538 καὶτοῦ
977 2486 1042 2538 ὲν
1073 2487 1210 2558 αὐτῇ
1250 2487 1598 2560 λαλήσαντος.
1649 2493 1900 2546 Ἀνάστα-

313 2589 402 2624 σιν
448 2573 647 2643 σαρκὸς
699 2574 895 2628 ἀθετεῖ.
942 2575 1230 2647 Βάπτισμα
1275 2579 1492 2632 δίδωσιν
1526 2583 1588 2636 οὐ
1622 2584 1781 2652 μόνον
1813 2583 1895 2651 ἓν,

313 2665 450 2718 ἀλλὰ
482 2667 574 2720 καὶ
615 2665 714 2720 δύο.
744 2668 840 2722 καὶ
878 2668 1004 2741 τρία
1047 2671 1185 2740 μετά
1224 2673 1285 2724 τὺ
1330 2678 1690 2745 παραπεσεῖν.
1729 2678 1896 2750 ’Υπὲρ

311 2755 371 2806 δὲ
401 2754 510 2807 τῶν
556 2755 868 2809 τεθνεώτων
907 2760 1331 2830 κατηχουμένων
1377 2762 1597 2833 ἐτέρους
1627 2763 1896 2832 βαπτίζει,

312 2843 485 2907 ἀδεῶς
519 2847 612 2898 καὶ
639 2846 883 2914 γυναιξὶν
920 2849 1203 2920 ἐπιτρέπει
1233 2849 1456 2921 λουτρὸν
1485 2853 1704 2908 διδόναι.

388 2939 444 2990 1’·.
477 2939 879 2992 Λουκιανισταί.
907 2941 1204 3005 Λουκιανός
1229 2961 1313 3006 τις
1344 2945 1588 3016 ἀρχαῖος,
1619 2947 1716 3017 οὐχ
1745 2950 1774 3001 ό
1805 2947 1900 3002 νῦν

314 3030 378 3080 ὲν
432 3028 642 3098 χρόνοις
692 3031 1099 3084 Κωνσταντίνου
1151 3035 1465 3105 γενόμενος,
1511 3037 1690 3093 πάντα
1759 3041 1899 3094 κατά

314 3119 409 3171 τὸν
442 3119 743 3188 Μαρκίωνα
769 3120 1140 3190 ἐδογμάτισεν,
1173 3125 1334 3196 ἔτερα
1364 3127 1420 3179 δὲ
1453 3129 1603 3198 παρά
1631 3130 1720 3183 τὸν
1754 3132 1900 3203 Μαρ-

320 3208 494 3261 κίωνα
523 3209 617 3262 καὶ
646 3210 807 3274 αὐτὸς
831 3211 991 3281 δῆθεν
1023 3215 1407 3287 περισσότερον
1429 3219 1765 3290 δογματίζει.

396 3302 496 3357 1Λ’.
523 3301 914 3373 ’Λπελληῖανοί.
958 3305 1067 3358 Καὶ
1095 3298 1249 3370 οὗτος
1279 3310 1307 3361 ὁ
1338 3309 1600 3380 Ἀπελλῆς
1638 3312 1703 3364 τὰ
1743 3314 1902 3383 ὅμοια

319 3392 608 3462 Μαρκίωνι
661 3393 756 3446 καί⁹
809 3395 1095 3465 Λουκιανῷ
1134 3397 1467 3466 δογματίζει,
1526 3400 1764 3464 κακίζων
1805 3403 1902 3474 τὴν

322 3483 508 3534 πᾶσαν
542 3480 759 3550 ποίησιν
796 3481 891 3534 καὶ
927 3481 1019 3535 τὸν
1059 3486 1418 3554 πεποιηκότα.
1454 3486 1566 3557 Οὐχ
1607 3487 1807 3558 ὁμοίως
1849 3488 1905 3540 δὲ

321 3573 533 3636 τούτοις
559 3573 873 3642 δογματίζει
896 3574 990 3627 καὶ
1011 3577 1158 3646 τρεῖς
1198 3576 1390 3646 ἀρχὰς,
1417 3577 1551 3630 ἀλλὰ
1583 3579 1710 3649 μίαν
1733 3579 1906 3650 ἀρχὴν

324 3666 423 3717 καὶ
447 3664 542 3717 ἕνα
572 3663 702 3716 Θεὸν
728 3663 858 3717 ὅντα
883 3663 1155 3718 ἀνώτατον
1199 3668 1293 3719 καὶ
1322 3669 1785 3739 ἀκατονόμαστον,
1811 3669 1906 3721 αὺ-

323 3756 418 3809 τὸν
444 3755 501 3809 δὲ
530 3754 886 3826 πεποιηκέναι
913 3755 1070 3810 ἄλλον
1087 3775 1101 3788 ·
1137 3759 1228 3812 καὶ
1252 3759 1413 3822 αὐτὸς
1437 3760 1466 3811 ό
1496 3760 1784 3830 γενόμενος
1813 3777 1908 3813 πο-

325 3847 493 3916 νηρὸς
542 3846 806 3918 εὑρεθεὶς,
859 3847 1078 3919 ἐποίησε
1119 3851 1185 3920 τῇ
1239 3849 1434 3904 ἑαυτοῦ
1475 3849 1768 3923 φαυλότητι
1815 3852 1908 3904 τὸν

328 3939 554 4008 κόσμον.

403 4031 501 4084 IB'.
530 4029 866 4101 Σευηριανοί.
891 4031 1126 4104 Σευῆρός
1155 4051 1237 4097 τις
1262 4034 1423 4089 πάλιν
1439 4035 1518 4107 τῷ
1537 4035 1769 4106 Ἀπελλῇ
1794 4053 1912 4089 συν-

329 4123 620 4186 επόμενος,
637 4123 729 4175 τὸν
749 4123 846 4192 μὲν
877 4119 1018 4176 οῐνον
1035 4124 1420 4193 ἀποϐάλλεται,
1443 4127 1537 4179 καὶ
1558 4127 1654 4198 τὴν
1671 4126 1928 4198 ἄμπελον,

329 4217 397 4267 ἐκ
425 4215 481 4267 δὲ
506 4213 600 4267 τοῦ
627 4215 1059 4284 δρακοντοειδοῦς
1103 4219 1280 4272 Σατᾶν
1321 4218 1633 4288 μυθολογῶν
1677 4221 1913 4287 πεφυκέ-

329 4307 547 4375 ναιοτὴν
581 4311 817 4374 γυναῖκα
845 4311 1137 4380 ἀριστερᾶς
1169 4310 1449 4381 δυνάμεως
1478 4311 1742 4383 ὑπάρχειν
1775 4313 1909 4382 (‘29).

344 4398 671 4466 Ὀνομασίας
697 4399 753 4452 δέ
778 4417 931 4464 τινας
976 4403 1273 4473 ἀρχόντων,
1309 4404 1402 4456 καὶ
1429 4404 1606 4474 βιϐλία
1633 4404 1754 4458 τινά
1779 4405 1913 4458 ἀπό-

330 4502 518 4557 κρυφα
550 4490 896 4558 παρεισάγει,
925 4493 994 4542 τὰ
1019 4491 1180 4560 ὃμοια
1224 4493 1282 4545 δὲ
1325 4496 1445 4558 ταῖς
1485 4494 1674 4558 ἄλλαις
1711 4495 1912 4567 σαρκὸς

331 4577 630 4632 ἀνάστασιν
657 4580 842 4634 ἀθετεῖ
869 4581 963 4634 καλ⁵
993 4582 1236 4636 Παλαιὰν
1263 4585 1555 4656 Διαθήκην.

411 4750 511 4807 ll".
533 4755 810 4810 Τατιανοί.
843 4757 1103 4822 Τατιανὺς
1130 4751 1283 4822 οὗτος
1316 4760 1610 4814 συνεϐίωσε
1653 4761 1750 4831 μὲν
1778 4763 1911 4814 ’1ου-

335 4844 505 4916 στίνῳ
519 4844 595 4914 τῷ
614 4845 867 4918 Μάρτυρι
888 4847 966 4916 τῷ
978 4849 1138 4918 ἁγίῳ,
1157 4849 1291 4918 μετὰ
1312 4849 1367 4901 δὲ
1393 4848 1489 4920 τὴν
1514 4850 1608 4902 τοῦ
1639 4850 1913 4922 μάρτυρος

333 4938 431 4990 καὶ
443 4936 1024 5006 φιλοσόφουίουστίνου
1040 4938 1313 5009 τελευτὴν,
1333 4939 1684 5010 προσεφθάρη
1698 4943 1806 5005 τοῖς
1819 4941 1912 4994 τοῦ

332 5031 662 5101 Μαρκίωνος
697 5031 950 5102 δόγμασι,
985 5032 1340 5103 μαθητευθεὶς
1383 5031 1458 5102 τῷ
1501 5032 1648 5102 αὐτῷ
1686 5034 1916 5102 ἐδογμά-

331 5139 477 5183 τισε,
509 5123 602 5175 καὶ
633 5123 794 5177 πάλιν
829 5125 989 5194 ἕτερα
1016 5127 1146 5195 παρ’
1174 5127 1398 5178 ἐκεῖνον.
1438 5124 1683 5192 Ἑλέγετο
1723 5127 1777 5178 δὲ
1810 5124 1918 5179 ἀπὸ

335 5215 767 5285 Μεσοπαιαμίας
787 5216 1082 5286 ὁρμᾶσθαι.

415 5375 430 5404 ¹
463 5373 621 5430 Deest
650 5374 919 5444 λέγουσιν.
1022 5375 1040 5404 ’
1075 5373 1192 5428 Lib.
1225 5391 1261 5438 I,
1292 5372 1656 5427 διαϐάλλουσι.

415 5529 530 5598 (28)
566 5529 708 5583 ’Λπό
727 5529 795 5581 δὲ
813 5527 925 5595 τῆς
951 5530 1169 5593 Συρίας
1192 5531 1280 5591 εἰς
1324 5526 1578 5596 Ῥώμην,
1610 5544 1664 5580 κ.
1683 5545 1734 5580 τ.
1758 5527 1806 5598 λγ.
1843 5525 1916 5598 Qe

343 5600 446 5670 hac
479 5597 536 5653 re
562 5600 783 5670 legenda
809 5616 929 5668 qua:
956 5615 1022 5652 ex
1047 5599 1244 5670 Irenaeo
1275 5599 1434 5652 habet
1458 5599 1727 5652 Eusebius
1753 5597 1820 5651 ll.
1849 5597 1913 5650 E.

345 5669 439 5723 lib.
477 5687 548 5730 tv,
577 5669 847 5738 capitibus
883 5670 945 5721 10
972 5675 1024 5723 et
1059 5669 1141 5721 il.

420 5740 532 5810 βυ)
578 5735 694 5808 Τὴν·
738 5740 992 5810 γυναῖκα
1040 5735 1356 5806 ἀρισίτιεγηῖς
1398 5739 1700 5808 δυνάμεως
1732 5736 1900 5806 iunip-

1759 5371 1776 5401 ³
1805 5369 1931 5426 For.
1971 5371 2370 5441 διαδεξαμένου.

1999 1941 2084 1995 nis
2115 1948 2365 2010 stuprum
2402 1939 2610 2006 ejertus
2639 1954 2703 1992 ex
2756 1936 3025 2003 Ecclesia,
3078 1937 3308 1992 Romam
3338 1937 3572 2008 aufugit.

2003 2029 2099 2085 libi
2144 2045 2269 2084 cum
2323 2030 2393 2085 ab
2428 2029 2493 2083 iis
2527 2029 2620 2098 qui
2675 2036 2786 2082 tum
2844 2027 3102 2085 Ecclesiae
3138 2036 3424 2099 praeerant,
3459 2043 3576 2098 pm-

1998 2121 2284 2175 nitentiam
2339 2119 2546 2173 frustra
2602 2118 2971 2185 postulasset,
3026 2118 3356 2173 catholicam
3415 2117 3573 2171 ﬁdem

1998 2226 2312 2281 oppugnare
2337 2211 2590 2265 instituit.
2627 2209 2993 2275 Quamobrem
3026 2211 3129 2263 tria
3159 2224 3283 2264 esse
3307 2207 3578 2278 principia

1998 2304 2157 2367 dixit,
2211 2304 2412 2356 bonum
2457 2311 2511 2355 et
2538 2302 2748 2372 justum
2783 2309 2838 2356 et
2883 2301 3106 2354 malum.
3153 2299 3361 2354 Novum
3387 2297 3578 2354 Testa-

1999 2404 2241 2451 mentum
2269 2410 2298 2448 a
2331 2393 2527 2448 Vetere
2559 2402 2611 2448 et
2653 2393 2898 2463 ejusdem
2935 2401 3159 2446 auctore
3189 2391 3424 2444 alienum
3455 2405 3579 2444 esse

1997 2487 2204 2542 docuit.
2240 2486 2434 2540 Carnis
2465 2485 2925 2540 resurrectionem
2959 2482 3205 2539 sustulit.
3255 2481 3376 2536 Non
3408 2497 3575 2535 unum

1999 2575 2269 2644 baptisma
2305 2573 2595 2636 duntaxat,
2645 2573 2740 2628 sed
2779 2580 2835 2628 et
2883 2573 2993 2627 duo
3039 2581 3094 2626 et
3136 2571 3242 2624 tria
3284 2580 3404 2640 post
3440 2571 3574 2625 deli-

1999 2679 2146 2722 ctum
2202 2666 2464 2737 indulget.
2515 2665 2620 2719 Pro
2677 2665 2908 2719 mortuis
2979 2664 3389 2719 catechumcnis
3443 2663 3580 2718 alios

1999 2758 2261 2828 baptizat,
2301 2772 2366 2810 ac
2412 2755 2730 2810 mulieribus
2767 2753 3018 2808 conferre
3069 2751 3400 2824 baptismum
3451 2752 3572 2808 sine

2006 2847 2118 2901 ullo
2150 2845 2472 2900 discriminc
2511 2843 2796 2914 permittit.

2070 2936 2136 2991 Χ.
2173 2937 2522 2991 Lucianistm.
2558 2935 2836 2990 Lucianus
2881 2934 2970 2988 hic
3021 2933 3319 3002 antiquior,
3352 2949 3460 2985 non
3493 2933 3573 2985 al-

2001 3035 2083 3082 ter
2115 3029 2203 3083 ille
2236 3029 2329 3098 qui
2369 3027 2730 3082 Constantino
2781 3027 3084 3096 imperante
3126 3025 3278 3087 vixit,
3313 3024 3367 3077 in
3401 3024 3581 3076 enmi-

2005 3122 2109 3177 bus
2155 3120 2456 3176 Marcionis
2503 3117 2749 3187 vestigiis
2809 3115 3047 3182 inhaesit,
3101 3115 3203 3170 etsi
3253 3113 3580 3183 quibusdam

1931 3200 1973 3254 Ο
2019 3213 2248 3282 adjectis
2279 3209 2614 3267 cumulatius
2645 3207 2849 3278 aliquid
2876 3207 3072 3261 docere
3104 3204 3333 3261 studuit.

2081 3301 2174 3354 ΧΙ.
2214 3297 2532 3370 Apelleiani.
2578 3297 2792 3366 Apelles
2857 3294 3108 3350 similiter
3167 3303 3331 3363 atque
3378 3291 3582 3347 Marcio

2004 3402 2058 3450 ct
2089 3392 2368 3446 Lucianus
2395 3387 2664 3460 quidquid
2697 3386 2977 3442 conditum
3017 3396 3102 3441 est
3131 3401 3254 3439 cum
3301 3385 3420 3456 ipso
3448 3400 3581 3438 eon-

2005 3486 2182 3539 ditorc
2209 3483 2501 3551 vituperat.
2541 3477 2657 3532 Non
2703 3484 2888 3532 tamen
2919 3476 3025 3530 tria
3075 3483 3132 3528 ut
3171 3475 3247 3528 illi
3284 3473 3577 3543 principia.

2007 3577 2101 3631 sed
2138 3591 2303 3628 unum
2352 3581 2563 3627 tantum
2596 3570 2823 3632 invexit,
2872 3569 3166 3638 itidemque
3216 3567 3380 3622 Deum
3415 3582 3583 3618 unum

2008 3683 2071 3722 ac
2100 3678 2436 3735 supremum,
2480 3669 2535 3717 et
2575 3659 2815 3714 nominis
2860 3669 3161 3730 expertem,
3214 3657 3306 3727 qui
3339 3657 3585 3727 singula-

2014 3776 2126 3813 rem
2159 3759 2391 3813 alterum
2432 3753 2803 3826 procreaverit
2830 3769 2844 3807 :
2873 3752 2965 3823 qui
2998 3767 3122 3806 cum
3159 3751 3336 3805 malus
3379 3752 3586 3804 evasis-

2010 3859 2114 3914 set,
2153 3847 2415 3904 mundum
2449 3860 2546 3902 sua
2575 3845 2664 3899 illa
2696 3845 3042 3915 improbitate
3076 3842 3342 3897 condidit.

2085 4024 2199 4080 XII.
2242 4023 2540 4080 Severiani.
2601 4021 2835 4077 Severus
2876 4021 2964 4074 hic
3025 4017 3231 4086 Apellis
3270 4017 3477 4070 assecla
3510 4017 3589 4069 vi-

2014 4131 2145 4170 num
2185 4129 2249 4169 ac
2279 4115 2442 4169 vitem
2474 4113 2691 4182 penitus
2722 4114 2974 4176 damnat;
3017 4124 3136 4178 quae
3170 4125 3236 4161 cx
3273 4105 3488 4161 Satanae
3532 4107 3588 4161 in

2021 4209 2194 4260 forma
2225 4205 2495 4275 serpentis
2527 4213 2582 4258 et
2611 4212 2771 4257 terrae
2801 4215 3102 4271 congressu
3149 4207 3443 4268 propagata
3490 4198 3588 4251 iiu-

2017 4297 2114 4366 git.
2149 4294 2431 4350 Mulierem
2479 4308 2698 4363 quoque
2739 4290 2981 4346 sinistrae
3033 4287 3253 4343 virtutis
3283 4302 3404 4342 esse
3433 4288 3585 4342 dicit.

2015 4389 2328 4458 Principum
2355 4386 2618 4442 vocabula
2683 4382 2952 4454 quaedam,
2980 4388 3036 4436 ct
3071 4379 3334 4451 quosdam
3367 4394 3590 4450 apocry-

2017 4481 2154 4552 phos
2217 4480 2385 4535 libros
2436 4477 2671 4532 inducit.
2714 4474 2771 4528 In
2812 4480 3151 4526 mortuorum
3195 4471 3592 4526 resurrectione

2023 4571 2308 4642 Veterique
2346 4569 2696 4626 Testamento
2730 4565 3030 4622 refellendo
3080 4579 3207 4619 cum
3248 4564 3372 4618 aliis
3424 4564 3592 4618 lucre—

2020 4665 2175 4719 sibus
2209 4662 2504 4717 consentit.

2091 4753 2230 4808 XIII.
2292 4751 2528 4806 Tatiani.
2586 4748 2849 4803 Tatianus
2904 4749 3138 4818 primum
3193 4761 3316 4800 cum
3376 4752 3570 4800 sancto

2020 4845 2241 4900 Justino
2292 4851 2534 4914 martyre
2579 4856 2644 4896 ac
2691 4841 3017 4912 philosopho
3067 4840 3222 4892 vixit.
3261 4837 3391 4893 Post
3435 4837 3593 4905 cujus

2023 4939 2234 4994 obitum
2287 4936 2613 5005 contagione
2664 4934 2957 4989 Marcionis
2997 4933 3308 5001 dogmatum
3360 4930 3596 4991 amatus,

2024 5031 2146 5100 rjus
2173 5029 2478 5099 discipulus
2511 5028 2644 5094 fuit;
2695 5026 2762 5080 ad
2794 5042 2966 5096 eaque
3013 5041 3133 5095 quae
3178 5039 3300 5076 cum
3346 5038 3412 5075 eo
3443 5035 3595 5074 coiti-

2026 5121 2265 5176 munitcr
2318 5121 2514 5183 tenuit,
2573 5135 2711 5173 nova
2765 5119 2991 5187 insuper
3042 5115 3270 5170 addidit.
3324 5111 3529 5168 Ferunt
3564 5128 3599 5168 ο

2026 5213 2415 5287 Mc50potamia
2445 5216 2736 5270 oriundum
2775 5214 2921 5267 hunc
2947 5211 3136 5266 fuisse.

2456 5370 2476 5401 ⁸
2505 5369 2634 5424 Cor.
2678 5366 2914 5435 ’Υγίνου.

2045 5584 2358 5668 Epiphanius
2393 5584 2664 5668 hipresgos
2699 5584 2768 5644 45
2827 5606 2975 5668 num.
3022 5584 3375 5668 ‘2,_¢bo'wxr-uct
3416 5584 3472 5636 δε
3503 5587 3599 5644 λαὶ,

2023 5659 2381 5740 τῆν’γυναῐκα
2408 5661 2546 5719 εἶναι
2577 5662 2737 5732 ἔργον
2762 5661 2855 5714 τοῦ
2885 5659 3117 5712 Σατανᾶ.

2063 5544 2171 5588 ειν,
2210 5527 2312 5580 hoc
2336 5533 2441 5587 est,
2474 5522 2689 5578 Satanae
2715 5535 2852 5590 opus
2881 5532 3024 5581 esse,
3046 5518 3313 5572 ιιιιιὶςυι-ιο
3347 5515 3417 5567 ait
3454 5514 3592 5566 idem

2021 5546 2358 5650 {Epiphanius
2393 5595 2664 5648 haereseos
2699 5591 2768 5644 45
2827 5606 2975 5642 num.
3022 5589 3078 5648 ‘2,
3105 5584 3375 5638 Φάσκτιυσι
3416 5584 3472 5636 δε
3503 5587 3592 5637 λαὶ
