3986 6224
428 270 534 324 8ῧ7

1827 264 1882 320 S.
1931 263 2268 320 EPII‘IIANII

3575 269 3690 325 863

499 379 634 434 XIII.
674 379 897 433 Calltari
973 376 1243 432 Novatum
1299 377 1602 432 Romanum
1647 383 1818 432 secuti
1850 387 1995 434 sunt.

2175 381 2270 432 II".
2333 379 2600 449 Καθαροί,
2643 381 2691 431 οί
2753 380 2868 448 ἅμα
2921 380 3156 450 Ναϐἀτῳ
3197 381 3568 449 συναφθέντες
3603 379 3692 452 τῷ

431 471 494 525 lli
525 473 771 540 digamos
817 470 1033 538 penitus
1061 469 1434 540 proscribunt,
1470 471 1845 538 paenitentiam
1889 485 1996 522 non

429 563 748 617 admittunt.

502 648 716 718 1129
755 646 891 702 XIV.
934 649 1200 719 Angelici.
1247 649 1310 703 Hi
1356 666 1624 722 nusquam
1659 652 1819 707 hodie
1845 667 2000 722 repe-

428 737 664 792 riunlur.
705 738 950 807 Angelici
999 755 1126 794 vero
1174 741 1388 797 ordinis
1420 758 1479 798 se
1505 758 1630 800 esse
1671 743 2001 814 proﬁteban-

429 841 534 892 tur,
575 830 738 899 idque
769 831 988 886 nomine
1016 832 1134 902 ipso
1165 834 1544 904 praferebant.

497 919 611 974 XV.
653 921 974 990 Apostolici,
1001 923 1092 992 qui
1127 933 1182 978 et
1217 925 1522 992 Apotactici
1554 927 1669 982 sive
1701 927 2002 984 Renuntia-

427 1017 596 1078 tores,
628 1011 682 1065 in
711 1011 914 1067 Pisidia
951 1014 1324 1068 inveniuntur.
1360 1015 1424 1069 Illi
1459 1017 1608 1071 solos
1643 1019 1766 1074 illos
1801 1021 2004 1075 admit-

429 1109 572 1168 tunt,
601 1104 697 1172 qui
733 1119 794 1159 se
820 1103 980 1158 bonis
1007 1106 1262 1161 omnibus
1291 1106 1688 1166 abdicaverint.
1731 1112 1998 1168 Caeterum

431 1197 836 1252 Encratitarum
875 1199 1084 1254 similes
1112 1207 1262 1264 sunt,
1290 1201 1393 1256 etsi
1419 1202 1638 1260 diversa
1661 1206 1910 1275 quaedam
1933 1208 2003 1263 ab

431 1288 538 1342 illis
565 1293 831 1342 statuunt.

499 1375 640 1431 XVI.
685 1377 978 1434 Sabelliani
1010 1392 1138 1434 cum
1169 1377 1450 1436 Noetianis
1493 1377 1550 1436 in
1585 1384 1840 1440 omnibus
1873 1399 2000 1454 pro-

433 1470 720 1537 pcmodum
763 1471 1152 1536 consentiunt,
1201 1472 1308 1529 nisi
1349 1473 1497 1544 quod
1551 1473 1765 1530 Patrem
1824 1479 2000 1548 ipsum

429 1567 630 1628 negant
655 1573 778 1614 esse
805 1574 1054 1628 passum.

501 1647 662 1706 XVII.
719 1647 1034 1720 Origeniani
1077 1666 1109 1704 a
1156 1652 1391 1721 quodam
1465 1650 1696 1724 Origene
1748 1654 1997 1711 derit-ali.

2111 467 2380 538 Ῥωμαίῳ.
2413 469 2523 521 Καὶ
2549 469 2674 532 τοὺς
2695 468 2960 538 διγάμους
2992 467 3272 532 παντελῶς
3299 469 3694 540 ἁποϐαλλόμε-

2100 575 2200 624 νοι,
2229 559 2321 612 καὶ
2355 559 2641 629 μετάνοιαν
2674 559 2748 629 μὴ
2776 559 3073 628 δεχόμενοι.

2174 653 2270 703 ΙΔ’.
2327 651 2652 718 ’Λγγελικοί.
2711 644 2871 704 Οὗτοι
2919 649 3200 714 παντελῶς
3243 650 3510 716 ἐξέλιπον.
3579 649 3692 702 Af»-

2101 742 2320 811 χοῦντες
2343 741 2400 794 δὲ
2423 738 2562 812 ἦσαν
2593 741 2888 812 ἀγγελικὴν
2913 740 3066 808 τάξιν
3087 742 3252 812 ἔχειν,
3285 745 3317 817 ῆ
3343 739 3436 794 διὰ
3453 741 3520 794 τὸ
3558 741 3694 808 ’Δγ-

2101 833 2289 900 γέλους
2318 831 2630 902 προσκεκλῆ
2638 832 2778 884 σθαι.

2171 926 2272 979 IE'.
2322 923 2712 983 ’Λποστολικοὶι
2745 925 2793 976 οί
2832 924 2925 976 καὶ
2971 923 3472 992 Ἀποτακτικοὶ,καὶ
3523 923 3696 976 αὐτοὶ

2102 1017 2231 1087 περὶ
2263 1015 2527 1078 Πισιδίαν,
2567 1015 2724 1084 μόνον
2761 1015 3184 1078 ’Δποτακτικοὺς
3208 1015 3490 1086 δεχόμενοι
3509 1051 3530 1076 ,
3559 1015 3692 1066 καθ’

2103 1103 2328 1166 ἑαυτοὺς
2354 1103 2412 1156 δὲ
2440 1103 2744 1172 εὐχόμενοι,
2771 1103 3284 1174 παραπλησιάζουσι
3314 1104 3372 1156 δὲ
3396 1106 3514 1166 τοῖς
3557 1105 3692 1169 Ἐγ-

2101 1195 2408 1266 κρατίταις.
2449 1193 2649 1256 Ἀλλας
2688 1193 2744 1246 δὲ
2791 1195 2920 1264 παρ’
2959 1195 3158 1257 αὐτοὺς
3189 1192 3478 1266 φρονοῦσιν
3525 1194 3692 1264 αἱρέ-

2105 1303 2234 1338 σεις.

2173 1371 2672 1438 ιςὀΣαϐελλιανοὶ,
2723 1379 2773 1430 οί
2805 1375 2874 1430 τὰ
2913 1377 3076 1446 ὃμοια
3107 1378 3349 1448 ἀνοήτως
3375 1377 3390 1408 ⁸
3423 1373 3690 1440 δοξάζον-

2101 1485 2211 1532 τες,
2242 1468 2392 1539 παρὰ
2417 1467 2575 1524 τοῦτο
2623 1467 2810 1540 μόνον·
2847 1468 3066 1538 λέγουσι
3107 1470 3217 1540 γὰρ
3247 1468 3324 1540 μὴ
3351 1467 3694 1522 πεπονθέναι

2102 1559 2195 1612 τὸν
2227 1559 2445 1631 Πατέρα
2483 1559 2617 1630 (Il).

2173 1649 2268 1707 IZ'.
2311 1651 2664 1722 Ὡριγενιανοί
2712 1669 2858 1715 τινος
2912 1651 3219 1724 Ὠριγένους
3257 1649 3370 1722 (42)
3393 1691 3410 1716 ,
3457 1651 3694 1721 αἰσχρο-

430 1739 754 1809 Turpissimi
791 1719 886 1796 isti
913 1749 1084 1807 sunt,
1125 1719 1191 1796 ac
1229 1740 1494 1798 nefariam
1525 1719 1586 1798 et
1612 1753 1996 1814 praeposteram

2121 1743 2249 1795 ποιοῖ
2279 1743 2336 1796 δὲ
2361 1719 2506 1797 οὗτοί
2525 1745 2683 1808 εἰσιν,
2709 1719 3219 1816 ἀρῤητοποιοῦντες,
3249 1719 3440 1796 τιαῖντὰ
3471 1719 3694 1796 ἑαυτῶν

427 1835 708 1890 libidinem
735 1842 1014 1900 exercent,
1042 1849 1252 1903 suaque
1279 1849 1512 1906 corpora
1544 1847 1924 1906 corrumpunt.

501 1926 696 1982 XVIII.
753 1926 1066 1998 Origeniani
1135 1927 1228 1982 alii
1281 1927 1350 1982 ab
1395 1927 1628 1998 Origene
1675 1929 2001 1984 Adamantio

433 2019 734 2090 Scriptore.
769 2019 834 2072 Ili
886 2027 1228 2074 mortuorum
1277 2020 1736 2074 resurrectionem
1783 2030 1999 2090 negant.

431 2109 565 2164 Tam
609 2109 888 2167 Christum
918 2125 1082 2182 quam
1124 2109 1387 2180 Spiritum
1419 2119 1668 2166 sanctum
1701 2113 1902 2167 creatis
1945 2114 1998 2168 in

431 2203 598 2256 rebus
649 2209 959 2268 numerant,
1012 2201 1324 2272 paradisum
1373 2216 1438 2256 ac
1491 2202 2002 2271 cwlos,c:eteraque

431 2293 613 2346 onmia
647 2291 714 2346 ad
751 2291 1036 2362 allegorias
1081 2289 1348 2356 referunt,
1379 2289 1582 2348 Christi
1621 2305 1847 2362 regnum
1888 2299 2000 2347 ter-

432 2381 750 2436 minandum
777 2396 900 2437 esse
935 2381 1152 2436 docent.

505 2471 781 2528 Hactenus
810 2472 942 2526 tomi
979 2471 1141 2542 primi
1163 2471 1286 2528 libri
1327 2486 1366 2528 ιι
1399 2470 1634 2528 haereses
1665 2487 1822 2526 ινιιι.

2107 1833 2336 1904 σώματα
2369 1835 2546 1907 φθορᾷ
2567 1835 2972 1906 παραδιδόντες.

2179 1925 2283 1979 III'.
2338 1926 2694 1996 Ὠριγενιανοὶ
2753 1925 2900 1981 ἄλλοι
2930 1925 3026 1978 τοῦ
3053 1925 3148 1980 καὶ
3203 1925 3544 1994 Ἀδάμαντος
3597 1921 3692 1976 τοῦ

2109 2015 2494 2082 Συντακτικοῦ,
2527 2018 2578 2069 oi
2607 2016 2706 2088 τὴν
2733 2016 2840 2070 τῶν
2874 2017 3083 2088 νεκρῶν
3115 2017 3411 2070 ἀνάστασιν
3437 2015 3688 2070 ἀποϐαλ-

2109 2105 2344 2175 λόμενοι.
2392 2105 2626 2176 Χριστὸν
2681 2107 2738 2160 δὲ
2789 2107 2996 2176 κτίσμα
3046 2105 3230 2160 καὶτὸ
3257 2104 3412 2172 ἅγιον
3455 2106 3688 2174 Πνεῦμα

2109 2199 2509 2271 εἰσηγούμενοι,
2573 2199 2903 2269 παράδεισον
2939 2198 2995 2252 δὲ
3035 2199 3129 2251 καὶ
3179 2196 3442 2268 οὐρανοὺς
3481 2197 3583 2249 καὶ
3621 2196 3687 2247 τὰ

2106 2289 2242 2343 ἄλλα
2275 2291 2451 2344 πάντα
2478 2289 3030 2361 ἀλληγοροῦντες,καὶ
3058 2289 3212 2352 τέλος
3251 2289 3396 2356 ἕξειν
3423 2288 3524 2359 τὴν
3551 2289 3686 2358 Χριο

2108 2378 2232 2432 στοῦ
2259 2379 2534 2450 βασιλείαν
2565 2381 2802 2450 τολμῶσι
2834 2379 3034 2447 λέγειν.

2173 2463 2340 2524 Λῦται
2399 2469 2561 2522 πάλιν
2619 2471 2674 2522 at
2727 2468 3001 2524 δεκαοκτὼ
3043 2469 3305 2539 αἱρέσεις,
3349 2469 3446 2521 καὶ
3499 2467 3564 2520 ὲν
3608 2467 3685 2537 τῷ

2109 2563 2308 2634 πρώτῳ
2339 2565 2490 2635 τόμῳ
2505 2563 2596 2617 τοῦ
2616 2563 2869 2634 δευτέρου
2902 2562 3129 2634 βιϐλίου.

1523 2665 1909 2730 HIEMISES
1951 2669 2151 2735 TOMI
2179 2676 2232 2739 II
2269 2677 2474 2738 LIBRI
2527 2677 2608 2738 II.

503 2789 564 2846 In
593 2788 833 2846 secundo
861 2803 991 2842 vero
1025 2796 1171 2842 tomo
1217 2787 1342 2841 libri
1390 2802 1426 2841 ιι
1473 2789 1566 2857 qui
1605 2799 1871 2844 tomorum
1918 2805 2006 2845 or-

434 2883 562 2938 dine
591 2899 622 2937 ν
650 2892 754 2945 est,
791 2881 1026 2936 haereses
1075 2895 1106 2935 ν
1150 2880 1687 2950 comprehenduntur
1711 2920 1726 2946 ,
1770 2881 1872 2938 hoc
1910 2898 2006 2939 or-

434 2973 597 3028 dine:

503 3065 546 3118 I.
585 3061 740 3117 Pauli
787 3060 1148 3123 Samosateni,
1180 3061 1273 3130 qui
1317 3059 1621 3116 Antiochia:
1650 3075 1857 3132 magnae
1889 3065 2004 3134 epi-

433 3169 634 3224 scopus
667 3153 785 3207 l‘uit.
825 3151 924 3206 IIic
967 3151 1361 3222 propemodum
1395 3165 1503 3205 non
1544 3151 1810 3208 exsistere
1848 3153 2007 3209 Chri-

433 3255 578 3300 stum
608 3243 858 3304 aﬂirmat,
903 3250 1065 3311 atque
1097 3239 1366 3309 ejusmodi
1411 3239 1647 3296 Verbum
1691 3257 1812 3298 esse
1829 3237 2004 3307 lingit,

433 3335 578 3406 quod
614 3335 668 3387 in
694 3332 1000 3402 prolatione
1028 3331 1282 3387 consistit
1306 3349 1320 3387 :
1350 3332 1601 3386 eumdem
1633 3347 1797 3402 porro
1825 3349 1948 3390 esse
1973 3349 2002 3388 a

434 3423 602 3476 Maria
636 3421 890 3490 coepisse.
924 3421 1004 3474 Ac
1032 3435 1152 3490 qua:
1184 3421 1359 3476 sacris
1381 3421 1436 3475 in
1463 3421 1680 3476 Litteris
1706 3421 1772 3476 de
1795 3438 1862 3478 eo
1887 3439 2008 3494 pro-

434 3515 679 3570 nuntiata
721 3521 874 3578 sunt,
925 3511 1269 3582 praedicenda
1317 3529 1440 3571 esse
1487 3529 1638 3571 more
1674 3516 1839 3581 dicta,
1880 3531 2003 3571 cum

434 3606 550 3674 ipse
578 3601 818 3658 nondum
850 3603 1163 3670 exsisteret,
1206 3604 1301 3659 sed
1333 3619 1362 3659 a
1393 3604 1585 3672 Maria,
1619 3607 1700 3662 uti
1731 3607 2002 3673 diximus,

431 3705 488 3754 et
515 3697 584 3752 ab
609 3709 674 3750 eo
704 3695 972 3751 duntaxat
1005 3704 1252 3766 tempore
1276 3711 1385 3767 quo
1411 3711 1575 3754 carne
1605 3699 1870 3770 praeditus
1897 3699 1996 3755 ad-

431 3787 601 3854 venit,
637 3801 760 3843 esse
789 3787 1042 3858 coeperit.
1065 3791 1068 3794 ’

500 3881 564 3936 ll.
607 3879 911 3949 Manichaci,
955 3896 1094 3953 quos
1133 3889 1188 3939 ct
1231 3883 1526 3938 Acuanitas
1573 3893 1792 3948 vocant,
1834 3883 2004 3942 Manis

429 3973 610 4029 Persae
634 3973 913 4044 discipuli,
940 3973 1221 4030 Christum
1249 3973 1431 4045 specie
1463 3981 1627 4030 tenus
1658 3977 2001 4046 profitentur,

2186 2797 2275 2850 Ἐν
2322 2797 2378 2850 δὲ
2443 2797 2520 2867 τῷ
2563 2797 2800 2868 δευτέρῳ
2861 2795 3012 2866 τόμῳ
3072 2795 3167 2849 τοῦ
3226 2793 3392 2850 αὑτοῦ
3447 2794 3680 2864 βιϐλίου.

2101 2887 2338 2957 πέμπτῳ
2353 2888 2410 2941 δὲ
2433 2889 2546 2942 ὄντι
2562 2888 2701 2942 κατὰ
2721 2888 2813 2941 τὸν
2831 2887 3225 2960 προειρημένον
3247 2886 3502 2958 ἀριθμὸν,
3521 2881 3682 2940 αὗταί

2106 2981 2242 3034 είσιν
2279 2981 2334 3034 ai
2369 2980 2530 3032 πέντε
2556 2981 2830 3052 αἱρέσεις·

2175 3071 2254 3126 A'.
2316 3073 2528 3126 Παύλου
2586 3073 2968 3144 Σαμοσατέως,
3033 3072 3330 3125 ἐπισκόπου
3383 3069 3680 3142 γενομένου

2117 3162 2445 3232 Ἀντιοχείας
2469 3164 2565 3231 τῆς
2589 3161 2848 3234 μεγάλης.
2871 3155 3036 3224 Οὗτος
3057 3161 3400 3232 ἀνύπαρκτον
3431 3161 3526 3214 τὸν
3551 3161 3680 3232 Χρι-

2107 3253 2230 3306 στὸν
2269 3253 2449 3321 ὀλίγου
2487 3252 2597 3306 δεῖν
2643 3252 3068 3314 διαϐεϐαιοῦται,
3116 3247 3288 3322 Λόγον
3345 3252 3680 3324 προφορικὺν

2105 3343 2266 3396 αὐτὸν
2306 3343 2670 3414 σχηματίσας,
2711 3345 2820 3398 ἀπὸ
2852 3344 2908 3397 δὲ
2947 3343 3164 3414 Μαρίας
3201 3347 3296 3398 καὶ
3333 3343 3496 3414 δεῦρο
3521 3339 3676 3398 εἶναι.

2107 3433 2663 3504 Προκαταγγελτικῶς
2693 3434 2792 3506 μὲν
2818 3434 2886 3488 τὰ
2913 3437 3040 3506 περὶ
3075 3435 3241 3488 αὐτοῦ
3275 3437 3332 3489 ὲν
3359 3437 3478 3498 ταῖς
3509 3435 3680 3498 θείαις

2103 3525 2345 3595 Γραφαῖς
2378 3527 2642 3597 εἰρημένα
2662 3525 2898 3596 ἔχοντος,
2923 3525 2999 3597 μὴ
3017 3527 3168 3590 ὄντος
3192 3525 3269 3589 δὲ,
3291 3525 3404 3580 ἀλλ’
3429 3526 3540 3580 ἀπὺ
3562 3527 3678 3581 Ma-

2107 3616 2226 3685 ρὶας
2257 3617 2348 3670 καὶ
2367 3615 2527 3686 δεῦρο
2550 3616 2639 3671 διὰ
2666 3617 2766 3687 τῆς
2798 3617 3064 3689 ὲνσάρκου
3104 3617 3428 3688 παρουσίας.

2176 3883 2249 3938 B'.
2283 3887 2570 3956 Μανιχαῖοι
2601 3887 2693 3940 καὶ
2736 3887 3078 3942 Ἀκουανϊται
3107 3881 3240 3958 (45),
3274 3889 3324 3940 οί
3373 3887 3470 3940 τοῦ
3521 3885 3675 3958 Μανῆ

2106 3975 2347 4046 μαθηταὶ
2398 3975 2493 4028 τοῦ
2557 3975 2790 4048 Πέρσου,
2829 3977 3064 4049 Χριστὸν
3116 3979 3356 4048 σχήματι
3397 3977 3671 4047 λέγοντες,

431 4067 600 4122 solem
630 4065 926 4136 lunamque
944 4073 1294 4122 venerantur.
1323 4065 1505 4123 Stellis
1531 4083 1594 4122 ac
1619 4068 1916 4124 virtutibus
1949 4079 1998 4125 et

2121 4067 2252 4138 ἱλιόν
2284 4085 2343 4121 τε
2379 4067 2628 4134 σέϐοντες
2655 4069 2745 4123 καὶ
2778 4069 3026 4142 σελήνην,
3061 4068 3282 4140 ἄστροις
3311 4086 3372 4122 τε
3392 4070 3490 4124 καὶ
3520 4070 3673 4125 δυνά-

429 4158 769 4216 daemonibus
812 4157 1143 4230 supplicant.
1192 4157 1309 4214 Duo
1352 4159 1642 4230 principia,
1687 4161 1891 4216 bonum
1937 4175 1998 4216 ac

2121 4175 2231 4211 teat
2271 4159 2363 4211 καὶ
2400 4159 2650 4230 δαίμοσιν
2693 4161 2999 4232 εὐχόμενοι.
3055 4161 3252 4236 Ἀρχὰς
3291 4161 3388 4215 δύο
3424 4161 3672 4232 εἰσηγού-

429 4255 654 4319 malum,
687 4253 1049 4308 constituunt.
1089 4249 1369 4305 Christum
1401 4251 1582 4322 specie
1632 4259 1792 4307 tenus
1835 4267 1998 4321 appa-

2121 4263 2277 4311 ιενοι,
2311 4248 2552 4320 πονηράν
2578 4266 2640 4302 τε
2667 4250 2761 4302 καὶ
2793 4249 3026 4321 ἀγαθήν.
3071 4251 3306 4324 Χριστὸν
3328 4251 3550 4322 δοκήσει
3584 4269 3674 4304 πε-

429 4345 629 4408 ruisse,
663 4343 952 4412 specieque
981 4351 1142 4398 tenus
1169 4355 1292 4396 esse
1321 4355 1562 4410 passum.
1595 4339 1764 4397 Vetus
1805 4341 1995 4396 Testa-

2121 4336 2348 4408 ρηνέναι,
2388 4339 2480 4393 καὶ
2505 4339 2720 4411 δοκήσει
2765 4341 3106 4394 πεπονθέναι.
3139 4342 3382 4396 Παλαιὰν
3402 4343 3674 4414 Διαθήκην

430 4443 669 4489 ruentum
699 4447 954 4503 eumque,
983 4433 1075 4502 qui
1108 4433 1162 4487 in
1193 4433 1286 4488 illo
1309 4435 1524 4490 locutus
1551 4443 1656 4498 est,
1693 4435 1998 4490 maledictis

2121 4429 2553 4502 Βλασφημοῦντες
2595 4431 2689 4484 καὶ
2735 4431 2826 4486 τὸν
2863 4435 2922 4486 έν
2971 4433 3108 4504 αὐτῇ
3147 4433 3456 4506 λαλήσαντα
3501 4435 3634 4490 Θεόν
3656 4452 3670 4466 '

430 4535 680 4580 onerant.
711 4524 971 4579 Mundam
1001 4525 1222 4594 quidem
1251 4540 1359 4580 non
1388 4526 1724 4590 universum,
1758 4524 1852 4580 sed
1877 4526 1998 4595 ejus

2121 4522 2306 4593 ιόσμον
2337 4523 2394 4575 δὲ
2425 4524 2483 4576 οὺ
2505 4524 2594 4578 τὸν
2617 4525 2813 4588 πάντα,
2848 4525 2981 4579 ἀλλὰ
2999 4525 3166 4598 μέρος
3189 4529 3256 4582 ἐκ
3283 4527 3416 4582 Θεοῦ
3447 4531 3670 4600 γεγενῆ-

433 4625 638 4688 partem
673 4631 702 4669 a
731 4616 839 4670 Deo
877 4615 1191 4670 fabricatam
1222 4633 1343 4670 esse
1376 4625 1644 4671 statuunt.

505 4703 816 4776 1130i“.
844 4702 1128 4757 Ilieracitae
1156 4704 1223 4758 ab
1248 4703 1472 4758 llicrace
1509 4705 1800 4773 interprete
1826 4716 1889 4756 ac
1908 4702 2000 4756 do-

499 4864 516 4894 '
548 4864 674 4918 (lor.
702 4879 762 4918 ex
785 4869 828 4921 1.
867 4879 904 4928 1,
933 4863 1261 4916 Νοετιανῶν.

499 4977 612 5044 (Μ)
637 4974 731 5042 Μὴ
761 4973 1120 5028 πεπονθέναι
1147 4973 1253 5026 τὸν
1283 4973 1530 5044 Πατέρα.
1565 4972 1742 5029 Locus
1771 4975 1872 5027 ista
1899 4990 2000 5030 ceu

429 5049 564 5101 I'alsa
595 5043 866 5100 exhibens
915 5053 1136 5097 notatur
1167 5045 1233 5096 ab
1265 5043 1571 5113 Augustino
1604 5047 1782 5114 capite
1805 5046 1895 5108 4|,
1931 5045 2002 5100 De

427 5118 731 5171 hwresibus.
766 5116 908 5169 Idem
935 5114 991 5168 S.
1028 5115 1225 5168 Doctor
1251 5115 1494 5180 pluribus
1523 5115 1576 5167 in
1619 5115 1748 5168 locis
1779 5131 2001 5168 suorum

427 5189 482 5242 in
510 5187 769 5241 Joannem
795 5185 1168 5249 Tractatuum,
1196 5193 1252 5236 ut
1272 5185 1362 5248 4-0,
1391 5185 1458 5238 70
1474 5193 1528 5238 et
1551 5185 1637 5245 Ἠ,
1669 5184 2005 5238 Sabellianos

425 5267 482 5314 et
507 5258 954 5326 Patropassiauos
987 5264 1163 5316 vocat,
1198 5271 1307 5323 quo
1360 5256 1577 5326 nonnae
1617 5256 1777 5326 apud
1804 5254 2006 5307 liol'na-

429 5345 530 5382 nos
557 5323 743 5382 donari
779 5328 872 5396 qui
905 5327 1046 5395 apud
1084 5325 1366 5395 [Egyptios
1405 5323 1696 5396 Sabeliiani
1732 5325 1992 5396 diceban-

427 5411 535 5454 tur.
554 5409 676 5452 ante
702 5394 1066 5467 Augustinum
1101 5394 1320 5450 in'libro
1352 5396 1422 5449 De
1455 5394 1668 5464 synodi;
1701 5395 1998 5462 scripserat

429 5470 776 5522 Athanasius.

499 5537 608 5604 (42)
655 5538 818 5601 Tir-dc
857 5537 1212 5605 Ὠριγὲνους.
1239 5536 1292 5590 In
1339 5534 1528 5589 hazresi
1556 5533 1625 5587 65
1660 5531 1903 5605 Pirum-ii,
1935 5547 1993 5588 se

428 5606 639 5676 nescire
663 5609 734 5658 ait
765 5604 1118 5676 Epiphanius,
1137 5621 1268 5658 num
1295 5605 1612 5674 Origeniaui
1647 5605 1732 5656 isti
1765 5604 1993 5656 aliAda-

423 5675 632 5728 manlio
670 5675 900 5746 Orio-ene
949 5685 1406 5743 nuncupationem
1450 5675 1757 5744 acceperint
1808 5691 1987 5738 suam,

2105 4612 2229 4666 σθαι
2257 4614 2579 4684 ὁριζόμενοι.

2175 4708 2254 4758 l".
2296 4705 2672 4775 Ἱερακῖται,οί
2704 4703 2811 4760 ἀπὸ
2855 4707 3091 4778 Ἱέρακος
3122 4710 3216 4763 τοῦ
3257 4711 3668 4767 Λεοντοπολίτου

2099 4991 2165 5027 an
2203 4973 2382 5044 potius
2423 4975 2490 5026 ab
2533 4976 2702 5028 altero
2739 4975 2980 5044 ejusdem
3026 4977 3264 5033 nominis
3317 4977 3556 5036 homine.
3588 4983 3665 5036 Ab

2099 5045 2332 5116 Origene
2363 5045 2704 5116 _Adamantio
2751 5045 3108 5102 inverisimile
3169 5063 3398 5116 prorsus
3429 5049 3664 5107 declarat

2101 5115 2324 5185 insigne
2345 5113 2634 5168 discrimen
2667 5118 2806 5170 inter
2833 5127 3013 5172 mores
3043 5113 3211 5185 illius,
3235 5127 3290 5172 et
3315 5119 3548 5176 istorum
3574 5123 3664 5176 im—

2103 5183 2412 5255 pudicitias.

2176 5254 2733 5328 (45)_:Ax_opar7‘rat.
2766 5253 2842 5328 Eo
2887 5256 3052 5328 etiam
3097 5258 3318 5313 nomine
3367 5259 3662 5328 appellatos

2105 5323 2276 5380 fuisse
2307 5323 2736 5400 hlanichaeosab
2777 5326 2928 5400 Acua
2976 5323 3538 5400 Veteranoqupdam,
3574 5331 3662 5400 qui

2101 5401 2220 5448 erat
2249 5409 2282 5449 e
2315 5394 2698 5464 Mesopotamia
2729 5395 3027 5464 prolectus,
3057 5398 3224 5451 tradit
3250 5394 3313 5452 iii
3336 5397 3570 5454 l’ammo
3591 5394 3664 5452 ad

2101 5465 2246 5519 hunc
2299 5465 2476 5518 locum
2531 5464 2881 5534 Epiphanius.
2923 5467 3135 5520 Ancum
3177 5465 3506 5524 Veteranum
3558 5470 3660 5525 dici

2101 5535 2490 5604 interpretatur
2529 5533 2803 5598 Petavius,
2842 5537 2986 5604 quod
3033 5538 3222 5592 militia
3265 5537 3558 5594 defunctus
3587 5541 3660 5594 lea

2098 5606 2342 5674 gitimam
2376 5605 2688 5660 missionem
2721 5608 3038 5662 obtinuerit.
