3986 6224
261 311 370 364 869

1593 298 2256 354 ANACEI’IIALJEOSlS.

3435 304 3538 357 670

259 423 363 490 ⁸νῆις
395 422 672 490 Αἰγύπτου
703 421 969 492 ἐξηγητοῦ
995 437 1157 483 τινος,
1186 422 1385 490 σαρκὸς
1405 421 1698 474 ἀνάστασιν
1729 421 1852 474 ἀθε-

1981 429 2109 476 tore
2128 423 2364 490 quodam
2389 419 2732 492 Leontopoli,
2751 435 2896 492 quod
2914 420 3129 489 Algyplt
3159 418 3412 488 oppidum
3432 429 3538 484 est,

261 514 511 576 τοῦντες,
549 513 821 585 χρώμενοι
843 512 900 564 δὲ
932 511 1142 582 Παλαιᾷ
1164 512 1256 564 καὶ
1288 512 1402 582 Νέᾳ
1430 513 1856 584 Διαθήκῃ,ἀπα-

264 603 583 676 τορεύοντες
634 603 691 656 δὲ
730 601 907 672 γάμον
953 599 1253 663 παντελῶς,
1304 600 1633 670 μονάζοντας
1677 600 1732 652 δὲ
1761 603 1856 652 καὶ

263 693 569 766 παρθένους
617 693 712 745 καὶ
757 691 1258 762 ἑγκρατευομένους
1307 691 1586 761 δεχόμενοι
1626 691 1721 743 καὶ
1755 691 1851 761 χή-

264 804 418 857 ρους,
449 785 699 854 λέγοντες
735 785 806 838 τὰ
831 783 1060 855 μηδέπω
1098 783 1157 835 ἐν
1188 781 1378 853 ἡλικίᾳ
1411 781 1680 852 γενόμενα
1729 799 1848 834 παι-

259 877 352 929 δία
375 879 392 908 ¹
430 877 708 948 βασιλείας
747 876 806 930 δὲ
834 876 914 946 μὴ
943 873 1190 946 μετέχειν
1216 873 1401 942 ἔλεγον
1435 874 1561 936 τοὺς
1593 872 1669 944 μὴ
1702 871 1859 942 ἀθλή-

267 983 492 1030 σαντας.

338 1061 412 1114 Δ’.
449 1058 797 1129 Μελητιανοὶ,
825 1059 875 1110 οἱ
907 1060 965 1110 ὲν
995 1055 1260 1126 Αἰγύπτῳ
1294 1056 1503 1127 σχίσμα
1539 1055 1714 1118 ὄντες,
1743 1054 1856 1107 ἀλλ’

261 1149 366 1217 οὐχ
401 1149 632 1217 αἵρεσις,
663 1149 737 1219 μὴ
764 1147 1151 1219 συνευξάμενοι
1183 1148 1294 1218 (44)
1315 1150 1428 1210 τοῖς
1451 1149 1509 1200 ἐν
1535 1147 1612 1216 τῷ
1634 1145 1859 1216 διωγμῷ

267 1240 758 1310 παραπεπτωκόσι,
784 1239 878 1292 νῦν
903 1239 959 1292 δὲ
1006 1241 1304 1311 Ἀρειανοῖς
1331 1238 1715 1308 συναφθέντες.

338 1414 415 1465 E'.
459 1412 802 1483 ’Λρειανοὶνοί
823 1413 916 1464 καὶ
948 1411 1373 1481 ’Δρειομανῖται,
1400 1411 1450 1462 oi
1476 1411 1567 1463 τὸν
1599 1408 1727 1462 Υἱὸν
1761 1405 1858 1462 τοῦ

263 1503 404 1556 Θεοῦ
436 1505 642 1573 κτίσμα
674 1503 946 1572 λέγοντες,
983 1504 1078 1556 καὶ
1109 1503 1171 1554 τὸ
1202 1501 1426 1572 Πνεῦμα
1457 1501 1516 1554 τὸ
1549 1501 1704 1570 ἆγιον
1738 1499 1858 1552 κτί-

269 1613 385 1665 σμα
438 1595 756 1664 κτίσματος.
809 1595 1000 1666 Σὰρκα
1047 1594 1208 1665 μόνον
1242 1593 1334 1646 τὸν
1365 1592 1594 1664 Σωτῆρα
1627 1589 1861 1661 Χριστὸν

266 1688 380 1741 ἀπὺ
397 1689 617 1759 Μαρίας
639 1688 919 1760 εἰληφέναι
948 1686 1420 1757 διαϐεϐαιούμενοι
1455 1687 1549 1738 καὶ
1577 1686 1638 1738 ού
1655 1683 1856 1754 ψυχήν.

1957 513 2210 566 oriundo.
2245 511 2350 578 Qui
2384 514 2842 568 resurrectionem
2879 511 3063 567 carnis
3096 514 3324 580 respuit.
3362 509 3540 564 Utun-

1970 613 2058 656 tur
2086 604 2162 658 iili
2191 601 2373 657 Veteri
2406 616 2470 656 ac
2501 601 2652 656 Novo
2678 602 3046 657 Testamento.
3083 600 3298 670 Nuptiis
3324 600 3540 670 penitus

1958 694 2314 749 interdicunt.
2350 693 2644 748 Monachus
2666 701 2719 748 et
2745 695 2988 766 virgines
3011 701 3064 748 et
3099 691 3444 747 continentes
3477 705 3540 744 ac

1961 785 2156 842 viduos
2205 786 2538 847 admittunt;
2588 800 2788 854 pueros
2839 793 3050 839 matura
3094 783 3336 838 nondum
3383 790 3543 836 aetate

1958 877 2111 946 regni
2137 877 2380 931 emlestis
2406 876 2695 945 participes
2721 891 2843 931 esse
2871 885 3088 946 negant,
3115 874 3262 945 quod
3295 874 3539 927 nomium

1959 967 2259 1022 certamine
2295 967 2562 1037 perfuncti
2600 975 2750 1022 sunt.

2030 1057 2121 1114 IV.
2163 1059 2454 1124 Mcletiani,
2484 1058 2795 1113 schismatis
2821 1058 2873 1111 in
2909 1055 3146 1128 [Egypto
3176 1071 3282 1109 non
3319 1055 3544 1109 lizeresis

1961 1151 2141 1204 locum
2174 1150 2444 1204 obtinent.
2481 1150 2583 1216 Qui
2612 1165 2735 1203 cum
2769 1149 2876 1202 illis
2907 1164 3128 1218 pret-um
3155 1147 3543 1200 communione

1971 1243 2231 1311 conjungi
2267 1243 2578 1301 noluerunt.
2608 1241 2699 1310 qui
2738 1241 2789 1294 in
2823 1239 3206 1309 persecutione
3229 1237 3364 1307 lapsi
3393 1246 3543 1301 sunt,

1963 1347 2111 1387 nunc
2136 1349 2194 1388 se
2223 1333 2288 1385 ad
2319 1335 2548 1386 Arianos
2568 1339 2950 1402 aggregarunt.

2050 1423 2116 1477 V.
2157 1424 2490 1487 Ariani,sive
2519 1423 2871 1477 Ariomanitte
2898 1421 2990 1474 Dei
3015 1419 3210 1475 Filium
3239 1427 3544 1473 creaturam

1963 1532 2089 1572 esse
2122 1516 2335 1577 dicunt,
2381 1513 2644 1584 Spiritum
2683 1529 2812 1568 vero
2850 1522 3099 1570 sanctum
3130 1521 3396 1568 creatura:
3424 1527 3549 1565 esse

1968 1615 2300 1670 creaturam,
2334 1604 2670 1660 Salvatorem
2700 1615 2946 1661 nostrum
2973 1619 3194 1658 carnem
3225 1604 3490 1657 duntaxat
3515 1617 3547 1655 a

1967 1697 2159 1764 Maria,
2183 1712 2290 1751 non
2328 1697 2562 1750 animam
2600 1699 2877 1766 accepisse
2906 1697 3254 1750 confirmant.
3288 1693 3412 1750 Fuit
3459 1693 3548 1748 hic

266 1774 378 1832 Ἦν
424 1780 482 1832 δὲ
534 1770 688 1842 οὗτος
729 1781 758 1833 ὁ
791 1780 1009 1850 ’Λρειος
1041 1777 1412 1849 πρεσϐύτερος
1455 1776 1556 1847 τῆς
1607 1777 1858 1842 Ἀλεξαν-

1981 1788 2130 1843 \rius
2155 1788 2410 1843 Ecclesia:
2442 1788 2822 1842 Alexandrinae
2852 1788 3159 1858 presbyter.

261 1871 438 1941 ὁρέων
478 1871 828 1942 Ἐκκλησίας.

339 1961 488 2032 Αὕτη
523 1965 558 2034 ἠ
605 1963 698 2017 τοῦ
749 1965 1005 2037 δευτέρου
1033 1963 1240 2034 βιϐλίου
1285 1962 1378 2016 τοῦ
1410 1961 1662 2034 δευτέρου
1691 1960 1857 2030 τόμου

266 2055 523 2126 πέμπτου
553 2057 610 2111 δὲ
653 2058 913 2128 ἀπαρχῆς
956 2059 1058 2127 τῆς
1094 2055 1420 2120 ἀκολουθίας
1457 2056 1633 2118 ὄντος,
1671 2055 1862 2108 ἀνακε-

266 2147 572 2217 φαλαίωσις
591 2149 858 2218 αἱρέσεων
895 2149 1078 2204 πέντε.

2031 1959 2160 2014 Ilaec
2195 1965 2279 2013 est
2326 1959 2567 2030 quinque
2598 1958 2880 2013 litereseon
2917 1973 3152 2022 summa,
3191 1974 3313 2028 quae
3352 1958 3404 2012 in
3443 1957 3548 2012 hoc

1963 2067 2000 2107 ιι
2037 2060 2188 2105 ιοιιιο
2227 2051 2353 2106 libri
2386 2067 2447 2114 ιι,
2485 2053 2600 2106 sive
2628 2052 2824 2108 ordine
2853 2067 2884 2102 ν
2921 2051 3300 2127 continentur.

1388 2242 1775 2304 HJERESES
1812 2233 2016 2299 TOMI
2053 2231 2075 2292 I
2112 2229 2323 2291 LIBRI
2356 2229 2467 2290 III.

353 2370 442 2422 Ἐν
467 2369 524 2422 δὲ
559 2368 636 2437 τῷ
676 2367 877 2438 πρώτῳ
913 2367 1065 2439 τόμῳ
1101 2366 1196 2420 τοῦ
1226 2367 1409 2437 τρίτου
1451 2364 1679 2436 βιϐλίου,
1714 2361 1859 2431 ἕκτῳ

266 2461 329 2514 δὲ
357 2461 470 2513 ὄντι
495 2459 616 2512 καθ’
637 2459 695 2511 ὃν
719 2460 1056 2531 προείπομεν
1089 2459 1344 2530 ἀριθμὸν,
1381 2457 1525 2512 ἑπτά
1551 2459 1686 2510 εἰσιν
1716 2453 1862 2525 αἰρέ-

268 2567 388 2614 σεις
423 2551 518 2602 σὺν
550 2551 665 2613 τοῖς
702 2549 1016 2620 σχίσμασιν,
1049 2549 1221 2613 οὕτως
1247 2566 1260 2580 '

336 2644 416 2696 Ν.
444 2642 718 2704 Λύδιανοὶ,
767 2641 1114 2712 ἀφηνιασμὸς
1161 2641 1256 2694 καὶ
1294 2641 1522 2712 σχίσμα,
1553 2638 1614 2692 οὐ
1643 2639 1743 2710 μέν
1776 2654 1858 2691 τοι

267 2734 503 2804 αἵρεσις.
537 2727 696 2786 Οὗτοι
738 2733 834 2803 μὲν
863 2733 1138 2804 διαγωγὴν
1167 2733 1262 2786 καὶ
1295 2733 1405 2802 βίον
1435 2728 1494 2786 εὖ
1527 2725 1860 2800 τεταγμένον

269 2827 589 2896 κέκτηνται.
652 2825 774 2877 Εἰσὶ
812 2825 870 2877 δὲ
918 2823 1060 2876 κατὰ
1100 2823 1278 2876 πάντα
1307 2825 1405 2894 τὴν
1434 2823 1616 2876 πίστιν
1646 2820 1861 2891 ἔχοντες

268 2921 349 2983 ὡς
393 2923 427 2990 ἠ
483 2919 746 2988 καθολικὴ
800 2917 1131 2988 Ἐκκλησία,
1188 2917 1575 2988 μοναστηρίοις
1617 2917 1638 2946 ²
1686 2914 1744 2968 δὲ
1808 2915 1859 2968 oi

2031 2353 2098 2405 At
2128 2352 2181 2404 in
2219 2349 2400 2420 priore
2435 2356 2582 2401 temo
2611 2347 2734 2401 lihri
2774 2347 2939 2410 tertii,
2977 2346 3092 2400 sive
3123 2347 3314 2400 ordine
3351 2356 3528 2412 sexto,

1969 2441 2270 2496 Secundum
2305 2439 2614 2493 institutum
2648 2453 2677 2490 a
2711 2439 2866 2491 nobis
2897 2439 3166 2498 ordinem,
3194 2447 3400 2506 septem
3430 2439 3546 2490 lue-

1969 2549 2122 2588 I'CSCS
2152 2532 2504 2586 εοιιιίιιοιιιιιι·
2531 2546 2654 2585 Clllll
2686 2531 3078 2584 εοιιίειιιειῑὶὶιιιε
3106 2548 3119 2584 Ξ

2033 2625 2074 2680 1.
2119 2624 2488 2678 Andianorum
2532 2621 2750 2692 proprie
2792 2621 3030 2676 schisma
3067 2636 3128 2674 ac
3153 2622 3406 2689 defectio,
3437 2634 3547 2673 non

1963 2714 2208 2771 haeresis.
2263 2712 2467 2766 lIorum
2521 2712 2928 2766 beneinstituta
2964 2711 3178 2766 vivendi
3221 2712 3364 2764 ratio
3413 2717 3538 2765 est:

1961 2805 2056 2860 sed
2102 2819 2275 2876 neque
2316 2804 2460 2874 quod
2508 2803 2574 2857 ad
2617 2803 2776 2857 fidem
2806 2802 3031 2866 attinet,
3068 2802 3136 2856 ab
3176 2799 3419 2855 Ecclesia
3451 2815 3544 2854 ca-

1961 2896 2164 2950 tholica
2214 2896 2568 2950 dissentiunt.
2629 2895 2885 2949 Ilabitant
2933 2893 3125 2962 majori
3180 2909 3247 2947 ex
3284 2900 3436 2962 parte
3493 2892 3550 2944 in

272 3012 491 3074 πλείους
548 3009 884 3064 κατοικοῦσι.
931 3009 1246 3080 Κέχρηνται
1281 3008 1339 3062 δὲ
1372 3009 1466 3062 καὶ
1518 3006 1860 3080 ἀποκρύφοις

1981 2989 2330 3044 nonasteriis.
2382 2987 2575 3058 Magna
2613 2994 2698 3042 est
2745 2986 2888 3056 apud
2935 2986 3058 3040 illos
3109 2986 3542 3056 aporrypltoruut

274 3102 491 3164 πολλοῖς
515 3099 855 3172 κατακόρως.
899 3101 974 3152 Οὐ
1012 3099 1362 3170 συνεύχονται
1392 3099 1448 3151 δὲ
1486 3099 1638 3169 ἡμῖν,
1669 3097 1863 3166 ψέγον-

272 3211 366 3256 τες
389 3194 516 3256 τοὺς
547 3193 676 3263 παρ’
703 3194 834 3262 ἡμῖν
859 3191 1519 3258 ὲπισκόπους,πλουσίους
1547 3190 1862 3252 καλοῦντες,

273 3281 369 3334 καὶ
391 3280 602 3343 ἄλλους.
640 3278 933 3333 Ποιοῦσιδὲ
965 3280 1059 3333 καὶ
1101 3279 1163 3332 τὸ
1183 3281 1376 3350 Πάσχα
1409 3279 1738 3344 ἰδιαζόντως,
1775 3280 1862 3332 ὅτε

197 3418 210 3427 .
287 3369 528 3423 Ἰουδαῖοι
553 3369 822 3424 ποιοῦσιν.
855 3371 1080 3440 Ἔχουσι
1113 3369 1168 3422 δὲ
1213 3370 1478 3423 ἰδιωτικόν
1505 3386 1558 3422 τι
1592 3369 1686 3422 καὶ
1714 3368 1864 3438 φιλό-

273 3477 476 3526 νεικον,
511 3460 785 3532 ξηρότατα
815 3459 877 3513 τὸ
913 3461 1040 3514 κατ’
1068 3462 1272 3514 εἰκόνα
1303 3460 1697 3533 ἑρμηνεύοντες
1725 3461 1860 3529 (45).

349 3729 428 3784 B'.
476 3727 878 3782 Φωτεινιανοί³.
903 3722 1072 3792 Οὗτος
1120 3729 1150 3779 ὁ
1183 3728 1446 3792 Φωτεινὺς
1481 3728 1589 3782 ἀπὸ
1635 3727 1862 3800 Σιρμίου

277 3821 564 3892 ὑπάρχων,
587 3821 666 3874 ἔτι
705 3820 800 3874 καὶ
831 3819 990 3892 δεῦρο
1026 3819 1252 3890 περιὼν,
1285 3819 1354 3872 τὰ
1379 3821 1540 3890 ὃμοια
1568 3820 1762 3892 Παύλῳ
1789 3819 1866 3891 τῷ

277 3913 591 3982 Σαμοσατεῖ
627 3911 914 3981 ἐφρόνησε.
953 3913 1062 3964 Καὶ
1090 3911 1252 3973 αὐτὸς
1275 3909 1330 3964 δὲ
1373 3911 1482 3964 ἀπὸ
1518 3912 1737 3982 Μαρίας
1773 3911 1865 3964 καὶ

275 4003 440 4074 δεῦρο
458 4003 549 4055 τὸν
569 4003 804 4073 Χριστὸν
827 3999 1260 4072 διαϐεϐαιοῦται.

353 4179 425 4232 Γ’.
473 4180 900 4250 Μαρκελλιανοὶ,
953 4179 1062 4233 ἀπὸ
1115 4179 1440 4252 Μαρκέλλου
1473 4179 1582 4250 (46)
1624 4180 1718 4233 τοῦ
1759 4182 1867 4236 ἀπὸ

292 4271 569 4341 ’Λγκύρας
591 4271 692 4342 τῆς
716 4272 1004 4335 Γαλατίας.
1029 4264 1198 4334 Οὗτος
1232 4274 1290 4325 ἐν
1324 4273 1465 4342 ἀρχῇ
1508 4273 1866 4344 παραπλήσια

1967 3080 2228 3134 librorum
2254 3080 2428 3149 cepia.
2459 3080 2789 3134 Communes
2813 3077 3097 3132 nobiscum
3127 3077 3406 3130 orationes
3431 3091 3543 3129 non

1966 3173 2189 3235 habent,
2228 3173 2604 3242 vituperantes
2651 3171 2940 3240 episcopos
2987 3179 3203 3223 nostros
3235 3168 3547 3237 divitesque

1966 3265 2323 3334 appellantes,
2361 3273 2414 3319 et
2443 3264 2600 3318 ali-os.
2633 3262 2775 3328 Quin
2834 3262 2997 3316 etiam
3037 3259 3244 3314 Pascha
3293 3258 3550 3328 privatim

1965 3357 2157 3411 eodem
2199 3371 2308 3427 quo
2347 3355 2518 3411 Iudici
2557 3364 2802 3426 tempore
2836 3353 3133 3407 celebrant.
3174 3351 3270 3406 Est
3306 3359 3361 3405 et
3387 3350 3550 3420 quid-

1966 3445 2090 3498 dam
2133 3447 2410 3516 peculiare
2445 3447 2602 3516 ipsis,
2634 3444 2780 3515 quod
2825 3443 3126 3499 defendunt
3166 3457 3378 3496 summa
3410 3455 3548 3496 con-

1966 3540 2210 3594 tentione
2235 3558 2248 3594 :
2277 3540 2480 3610 quippe
2507 3537 2638 3593 illud
2683 3535 2828 3606 quod
2863 3537 3126 3608 scriptum
3157 3545 3242 3590 cst
3268 3535 3336 3586 ad
3365 3533 3550 3603 imagi-

1966 3647 2105 3695 nem,
2134 3631 2329 3687 durius
2356 3633 2809 3701 interpretantur.

2037 3722 2101 3777 II.
2145 3723 2476 3778 Photiniani.
2511 3723 2780 3778 Photinus
2811 3723 2914 3778 iste
2954 3719 3159 3775 Sirmio
3187 3719 3456 3773 oriundus
3487 3717 3554 3772 ad

1965 3815 2296 3871 hodiernmn
2341 3833 2515 3887 usque
2554 3825 2771 3888 tempus
2821 3822 3128 3886 supererat.
3180 3813 3283 3880 Qui
3330 3813 3552 3883 quidem

1967 3908 2278 3962 consimilia
2311 3907 2482 3962 Paulo
2511 3907 2870 3965 Samosateno
2891 3909 3058 3963 sentit
3087 3927 3099 3963 :
3127 3909 3392 3964 nonnulla
3423 3918 3554 3961 sunt

1968 4007 2151 4053 tamen
2191 4000 2245 4054 in
2290 3999 2490 4068 quibus
2517 4001 2587 4053 ab
2616 4001 2806 4055 eodem
2841 4001 3092 4055 dissidet.
3127 3999 3270 4054 Idem
3316 4016 3348 4055 e
3387 3999 3554 4054 Maria

1966 4089 2248 4142 Christum
2280 4089 2496 4142 initium
2525 4090 2748 4158 penitus
2775 4090 3055 4159 accepisse
3087 4097 3253 4158 putat.

2043 4179 2085 4248 ι
2098 4179 2250 4248 131
2273 4177 2356 4231 lll.
2375 4178 2727 4233 Marcelliani.
2749 4178 2951 4234 II'orum
2968 4179 3251 4233 Marcellus
3266 4185 3555 4233 auctorcx-

1969 4271 2126 4328 stitit.
2143 4273 2372 4342 Ancyrae
2389 4271 2442 4324 in
2461 4268 2671 4324 Galatia
2689 4272 2996 4342 episcopus.
3013 4270 3115 4337 Qui
3139 4286 3260 4324 cum
3281 4271 3436 4325 initio
3456 4287 3556 4340 pro

279 4362 558 4431 Σαϐελλίῳ
605 4363 900 4432 φρονήσας,
938 4361 1291 4432 διεφημίσθη.
1337 4363 1430 4424 Εἰς
1479 4361 1776 4429 ἀπολογίας
1815 4363 1863 4416 δὲ

1981 4364 2288 4418 Sabelliano
2316 4363 2591 4420 communi
2625 4363 2766 4418 fama
2797 4364 3086 4420 traductus
3111 4373 3280 4431 esset,
3305 4358 3401 4415 sed
3413 4359 3563 4428 seip-

351 4521 369 4550 ¹
400 4521 707 4590 Corruptus
737 4521 912 4575 locus.
987 4521 1008 4550 ²
1033 4519 1162 4573 Cor.
1195 4520 1547 4592 μοναστήρια.
1617 4519 1638 4550 ³
1666 4521 1860 4590 πλῷω

1981 4521 2038 4573 νοί
2075 4531 2128 4576 οι
2152 4521 2374 4585 Φὼτιος.

357 4634 472 4705 (44)
500 4633 596 4700 Μὴ
619 4633 1080 4706 συνευξίίμενοι,
1106 4643 1212 4689 etc.
1245 4635 1512 4690 Meletium
1547 4634 1598 4687 in
1633 4633 1870 4706 (Egypto

280 4704 604 4776 episcopum
636 4719 665 4756 a
699 4704 859 4776 Petro
893 4706 1262 4758 Alexandrino
1304 4706 1597 4776 schismate
1632 4704 1864 4761 factose

285 4775 616 4845 sejuuxisse,
644 4775 984 4845 quodrlapsos
1001 4777 1053 4828 in
1079 4777 1454 4845 persecutione
1484 4775 1723 4845 recipere
1744 4791 1866 4830 cum

289 4844 383 4900 illo
414 4845 708 4903 renuisset,
745 4844 831 4915 hic
855 4844 1090 4908 indicat,
1121 4848 1366 4915 pluribus
1395 4849 1446 4898 in
1479 4844 1715 4897 Panario
1745 4863 1870 4898 nar-

289 4925 376 4969 rat
401 4915 756 4984 Epiphanius.
783 4914 938 4980 Quod
965 4924 1022 4968 ut
1049 4914 1233 4970 minus
1259 4932 1444 4969 verum
1473 4930 1500 4966 a
1530 4917 1661 4968 viris
1691 4916 1868 4971 doctis

290 4987 560 5052 rejicitur,
593 4997 706 5038 tum
734 4986 804 5037 ob
833 4985 889 5038 S.
921 4987 1204 5039 Athanasii
1233 4987 1285 5040 in
1316 4986 1572 5055 Apologia
1607 5001 1642 5038 ιι
1686 4995 1868 5039 aucto-

288 5058 530 5114 ritatem.
574 5056 664 5108 ubi
715 5055 1030 5125 schismatis
1084 5057 1229 5111 illius
1289 5056 1556 5125 originem
1600 5055 1766 5110 refert
1799 5058 1866 5110 ad

286 5125 704 5196 odiumMeletii
735 5127 786 5196 in
818 5124 1036 5180 Petrum
1072 5124 1523 5188 Alexamlrinum,
1561 5144 1588 5176 ιι
1624 5143 1730 5194 quo
1760 5131 1870 5196 epi-

284 5195 496 5264 chpali
530 5195 698 5266 gradu
743 5195 918 5249 fuerat
950 5197 1196 5266 dejeetus
1237 5198 1307 5250 ob
1343 5197 1682 5251 intolerabile
1733 5195 1867 5250 faci-

286 5283 398 5322 nus
430 5281 458 5316 a
500 5283 559 5319 se
591 5267 891 5320 admissum
921 5286 936 5330 ;
976 5269 1356 5336 persecutione
1383 5269 1525 5322 enim
1558 5279 1870 5334 superatus,

284 5338 583 5405 episcopus
616 5337 758 5396 licet,
793 5338 952 5391 idolis
979 5340 1382 5392 sacriﬁcaverat
1411 5357 1424 5392 :
1455 5346 1568 5389 tum
1607 5338 1770 5389 etiam
1804 5339 1874 5391 ob

290 5407 582 5460 immiti-sta
621 5407 876 5460 falsitatis
909 5407 1109 5460 indicia
1143 5425 1265 5476 qua:
1291 5415 1591 5463 occurrunt
1625 5407 1678 5459 in
1709 5407 1872 5462 Melc-

291 5477 428 5529 tlani
470 5477 784 5530 schismatis
802 5478 970 5538 Aetis,
999 5493 1060 5530 ex
1095 5479 1294 5547 quibus
1315 5494 1468 5532 suam
1503 5476 1649 5530 illam
1683 5493 1874 5531 narra-

291 5549 500 5598 tionem
539 5547 917 5614 desumpserat
968 5547 1321 5616 Epiphanius.
1356 5549 1527 5601 Porro
1561 5549 1660 5600 hac
1714 5550 1764 5601 in
1819 5565 1874 5603 re

289 5631 510 5668 omnem
559 5633 683 5672 esse
715 5619 1014 5670 Athanasio
1048 5620 1410 5672 adhibendam
1451 5619 1607 5671 fidem
1639 5621 1875 5672 clamant

296 5694 459 5738 rectae
501 5689 727 5741 rationis
759 5688 903 5755 leges
940 5705 1148 5742 omnes.
1187 5687 1320 5744 Vide
1350 5689 1639 5745 Barouiuin
1683 5691 1748 5742 ad
1779 5705 1876 5742 an-

300 5771 433 5808 num
463 5758 587 5821 506,
622 5768 673 5811 et
703 5773 854 5811 num.
885 5759 973 5824 44,
1000 5768 1052 5812 et
1083 5761 1203 5814 aliis
1237 5761 1361 5814 inde
1388 5759 1763 5830 sequentibus.

2050 4635 2160 4706 (45)
2191 4635 2497 4703 Ξηρότατα
2548 4635 2615 4689 τὸ
2650 4636 2794 4706 κατ’
2835 4637 3039 4690 εικόνα
3101 4635 3554 4706 ἑρμηνεύοντες,

1975 4705 2266 4760 referendo
2295 4707 2551 4758 nimirum
2596 4705 2662 4758 ad
2693 4707 2930 4762 hominis
2969 4721 3168 4774 corpus
3214 4705 3346 4758 illud
3379 4706 3556 4761 Cene—

1978 4791 2125 4840 seos,
2157 4775 2445 4829 Faciamus
2489 4777 2746 4830 hominem
2779 4779 2847 4830 ad
2879 4778 3164 4844 imaginem
3221 4789 3269 4828 et
3299 4777 3554 4829 similitu-

1976 4846 2149 4918 dinem
2198 4857 2433 4899 nostram
2467 4845 2618 4916 (Ceu.
2662 4863 2700 4914 I,
2733 4847 2846 4918 9.6).
2890 4847 3164 4902 Videndus
3218 4846 3554 4917 Epiphanius

1978 4915 2032 4969 in
2063 4917 2318 4970 I’aimrio.

2050 4987 2162 5056 (46)
2211 4986 2352 5040 Ἀπὸ
2383 4986 2761 5054 Μαρκέλλου.
2799 4986 3087 5042 Marcellus
3126 4987 3214 5039 ille
3240 4985 3294 5039 in
3325 4985 3554 5040 historia

1978 5055 2237 5113 Ecclesia:
2268 5057 2521 5126 celebris,
2574 5061 2640 5112 de
2675 5057 2858 5125 cujus‘
2877 5065 3022 5112 recta
3058 5057 3319 5126 religione
3355 5056 3557 5109 dubius

1979 5128 2066 5180 hic
2106 5129 2274 5182 lueret
2319 5125 2675 5196 Epiphanius,
2706 5138 2988 5196 postquam
3023 5125 3347 5196 nonjsatisi
3370 5133 3557 5178 certus

1977 5197 2044 5249 de
2066 5199 2252 5252 eadem
2282 5212 2340 5249 se
2373 5195 2782 5252 exhibueratiin
2832 5195 3064 5253 Panario
3089 5212 3107 5250 :
3137 5195 3444 5258 Marceilus,
3474 5196 3560 5249 in-

1978 5284 2165 5336 quam,
2213 5268 2300 5321 ille
2344 5267 2558 5321 violat:e
2591 5285 2762 5324 sat-ra:
2785 5269 3050 5322 doctrina:
3095 5269 3147 5319 in
3190 5267 3555 5336 suspicionem

1977 5335 2224 5407 pluribus
2261 5340 2407 5390 venit
2455 5338 2526 5392 ob
2555 5355 2616 5393 ea
2662 5355 2782 5406 quae
2833 5339 3052 5406 scripsit
3088 5337 3368 5407 adversus,
3403 5335 3558 5388 malae

1976 5406 2174 5464 indolis
2231 5409 2524 5470 hominem,
2581 5409 2855 5463 Asterium
2923 5407 3097 5476 patria
3156 5406 3555 5476 Cpppa‘docem,

1979 5463 2682 5559 prolessionesophi'staiu,
2731 5495 2792 5532 cx
2839 5463 3123 5531 idololatra
3158 5463 3552 5559 ffli't'istiamun,

1978 5546 2030 5601 in
2067 5566 2099 5619 p
2121 5546 2446 5619 ~rsecutione
2478 5549 2687 5617 lapsum
2711 5559 2763 5601 ct
2791 5556 3118 5617 apostatam,
3141 5548 3375 5619 denique
3403 5546 3552 5619 Aria-

1982 5618 2146 5686 nuiu;
2181 5620 2272 5691 qui
2309 5618 2682 5691 adversarium
2711 5635 2869 5673 suum
2906 5635 3000 5673 seu
3041 5618 3260 5675 Sabellii
3292 5618 3557 5672 asseclam

1984 5687 2550 5760 scripte-traduxerat.
