3986 6224
270 309 382 366 8T5

1583 301 2240 358 ANACEPIIALAEOSIS.

3449 303 3550 360 874

345 425 422 479 Ζ⁹.
467 423 749 479 Ἀετιανοί.
793 422 858 476 Οἱ
897 421 1006 476 ἀπὸ
1055 420 1263 474 Ἀετίου
1310 421 1405 474 τοῦ
1456 419 1684 479 Κίλικος
1731 421 1863 474 δια-

2040 421 2152 475 VII.
2196 420 2432 475 Aetiani.
2486 417 2661 486 Hujus
2711 419 2935 474 haeresis
2966 419 3157 476 Aetius
3200 422 3418 493 quidam
3468 427 3551 480 in-

274 515 438 570 κόνου
465 515 762 586 γενομένου
808 514 914 568 ὑπὸ
957 513 1234 587 Γεωργίου
1271 513 1365 567 τοῦ
1411 511 1519 566 τῶν
1565 513 1862 582 Ἀρειανῶν

276 608 585 663 ἐπισκόπου
626 607 727 678 τῆς
771 605 1198 678 Ἀλεξανδρείας,
1233 607 1283 660 οἰ
1323 606 1418 660 καὶ
1456 607 1724 677 Ἀνόμοιοι
1766 623 1866 659 κα-

275 699 554 769 λούμενοι,
597 700 752 770 παρά
795 716 936 752 τισιν
966 699 1294 770 Εὐνομιανοὶ
1329 698 1396 752 δι’
1425 697 1693 768 Εὑνόμιὸν
1741 715 1864 750 τινα

281 794 535 866 μαθητὴν
578 793 786 846 Ἀετίου
828 792 1140 864 γενόμενον,
1175 792 1269 845 καὶ
1317 791 1398 846 ἔτι
1443 792 1723 863 περιόντα.
1763 793 1866 846 Σὺν

278 887 470 949 αὐτοῖς
499 886 558 939 δὲ
597 880 666 954 ἦν
701 887 796 939 καὶ
827 884 1074 949 eosdem;
1113 883 1488 956 Ἀρειανίζων,
1521 883 1656 937 ἀλλὰ
1707 884 1867 954 δῆθεν

277 976 370 1030 διὰ
397 976 486 1029 τὸν
517 975 657 1047 πρὸς
720 975 820 1029 τὸν
852 975 1075 1046 βασιλέα
1103 976 1513 1029 Κωνσταντῖνον
1544 974 1729 1044 φόϐον,
1765 977 1870 1044 ἁφ-

278 1067 480 1141 ὡρισεν
506 1067 714 1129 ἑαυτὸν,
744 1068 835 1121 καὶ
875 1067 1033 1138 μόνος
1069 1066 1272 1129 Ἀέτιος
1308 1065 1596 1137 ἐξωρίσθη.
1642 1065 1868 1136 Ἔμεινε

283 1160 468 1233 μέντοι
495 1161 524 1212 ὁ
567 1159 818 1224 Εὑδόξιος
851 1159 1224 1232 Ἀρειανίζων,
1258 1160 1319 1212 οὐ
1379 1159 1563 1230 μέντοι
1599 1175 1663 1226 γε
1727 1158 1871 1212 κατὰ

277 1251 372 1305 τὸν
411 1251 636 1305 Ἀέτιον.
688 1246 847 1305 Οὗτοι
878 1252 926 1303 οἱ
985 1251 1252 1322 Ἀνόμοιοι
1279 1251 1374 1304 καὶ
1433 1251 1699 1303 Ἀετιανοὶ
1729 1266 1869 1302 παν-

279 1340 487 1393 τὰπασι
517 1339 753 1410 Χριστὸν
787 1341 880 1393 καὶ
910 1339 971 1393 τὸ
1001 1341 1155 1407 ἅγιον
1187 1339 1414 1411 Πνεῦμα
1445 1338 1870 1409 ἅπαλλοτριοῦσι

280 1431 439 1496 Θεοῦ,
466 1431 685 1484 κτιστὸν
707 1430 870 1484 αὐτὸν
897 1430 1388 1501 διαϐεϐαιούμενοι,
1414 1430 1508 1483 καὶ
1535 1430 1658 1483 οὐδὲ
1683 1430 1868 1501 ὁμοιό-

279 1524 423 1593 τητά
473 1540 591 1576 τινα
652 1523 797 1594 ἔχειν
847 1523 1118 1589 λέγουσιν.
1181 1523 1277 1575 Ἐκ
1331 1521 1707 1592 συλλογισμῶν
1759 1521 1870 1594 γὰρ

293 1615 743 1686 Ἀριστοτελικῶν
789 1615 884 1668 καὶ
931 1614 1322 1685 γεωμετρικῶν
1351 1613 1442 1667 τὸν
1475 1614 1608 1666 Θεὸν
1642 1614 1865 1685 Πατέρα

281 1709 556 1778 παριστᾷν
591 1706 890 1778 βούλονται,
925 1708 1022 1759 καὶ
1059 1704 1295 1776 Χριστὸν
1327 1705 1402 1775 μὴ
1427 1703 1689 1758 δύνασθαι
1725 1699 1869 1757 εἶναι

1966 521 2160 566 tentor
2196 509 2430 574 exstitit,
2467 525 2666 580 genere
2706 510 2844 562 Cilix
2867 550 2880 572 ,
2931 511 3021 580 qui
3063 525 3092 564 a
3130 510 3362 582 Georgio
3397 513 3552 567 Aria-

1966 618 2164 658 norum
2191 602 2530 658 Alexandria:
2553 602 2812 672 episeopo
2835 603 3101 657 diaconus
3130 604 3418 660 ordinatus
3445 618 3549 662 est.

1967 697 2266 749 Anomreos
2301 695 2422 750 illos
2466 694 2761 763 appellant,
2805 694 2894 748 alii
2924 694 3297 752 Eunomianos
3341 698 3552 769 1132

1970 787 2039 841 ab
2073 785 2340 840 Eunomio
2379 785 2619 855 quodam
2653 783 2794 838 Aetii
2835 783 3127 854 discipulo,
3162 787 3254 856 qui
3287 787 3391 842 hoc
3421 798 3553 843 lem-

1971 892 2103 950 pore
2150 885 2418 948 superest.
2469 876 2606 931 Cum
2646 876 2728 930 eis
2765 885 2884 930 erat
2924 886 2979 931 et
3030 877 3308 932 Eudoxius
3360 881 3554 934 Ariani

1971 972 2245 1043 dogmatis
2274 990 2285 1024 :
2319 969 2414 1024 sed
2443 969 2752 1024 Constantii
2786 970 3135 1039 imperatoris
3176 979 3322 1026 metu
3355 973 3424 1025 ab
3449 972 3555 1027 illis

1972 1080 2034 1120 se
2058 1066 2381 1135 segregavit,
2411 1079 2475 1117 ac
2509 1064 2663 1119 solus
2697 1063 2888 1119 Aetius
2936 1064 3209 1134 relegatus
3239 1074 3341 1130 est,
3378 1081 3556 1134 quan-

1971 1169 2134 1224 quam
2186 1155 2242 1208 in
2282 1155 2486 1209 Ariano
2533 1154 2787 1224 dogmate
2824 1153 3105 1210 Eudoxius
3145 1157 3554 1224 perseveravit,

1973 1248 2070 1303 sed
2091 1248 2308 1302 Aetium
2341 1248 2564 1302 minime
2594 1254 2818 1303 secutus
2841 1255 2945 1302 est.
2972 1247 3144 1302 Porro
3165 1249 3417 1304 Anomaai
3443 1251 3559 1304 sive

1972 1339 2189 1394 Aetiani
2235 1339 2512 1393 Christum
2548 1347 2601 1394 et
2630 1338 2894 1408 Spiritum
2945 1349 3196 1395 sanctum
3226 1356 3256 1394 a
3292 1340 3403 1397 Deo
3434 1341 3560 1396 fun-

1971 1433 2119 1488 ditus
2168 1432 2405 1487 alienum
2445 1447 2567 1487 esse
2601 1433 2931 1502 praedicant,
2982 1448 3120 1502 quos
3150 1442 3367 1488 creatos
3397 1450 3556 1499 esse,

1975 1541 2154 1595 neque
2219 1525 2521 1594 quidquam
2587 1525 2786 1579 habere
2847 1525 3224 1580 similitudinis
3279 1537 3554 1581 asserunt.

1972 1618 2184 1689 Quippe
2216 1617 2552 1689 syllogismis
2585 1617 2911 1686 quibusdam
2947 1617 3312 1672 Aristotelicis
3339 1634 3401 1672 ac:
3431 1634 3559 1687 geo-

1973 1711 2219 1765 metricis
2265 1709 2434 1764 Deum
2471 1707 2687 1763 Patrem
2735 1708 3110 1764 demonstrare
3157 1711 3414 1775 student;
3457 1711 3558 1765 iis-

281 1799 348 1850 ἐκ
413 1798 549 1851 Θεοῦ
609 1797 700 1852 διὰ
752 1796 994 1850 τοιοῦτον
1049 1796 1270 1867 τρόπον.
1346 1796 1410 1848 Οἱ
1457 1795 1515 1848 δὲ
1555 1795 1651 1848 ἀπ’
1704 1793 1869 1849 αὐτοῦ

1986 1800 2212 1870 demque
2251 1801 2484 1870 probare
2518 1799 2796 1853 Christum
2831 1815 2860 1852 a
2895 1799 3005 1854 Deo
3039 1801 3171 1854 oriri
3214 1817 3321 1855 non
3373 1817 3555 1870 posse.

279 1891 609 1960 Εὑνομιανοὶ
651 1890 997 1960 καλούμενοι,
1032 1886 1461 1951 ἀναϐαπτίζουσι
1506 1888 1716 1950 πάντας
1742 1888 1870 1952 τοὺς

281 1979 422 2050 πρὸς
460 1979 660 2042 αὐτοὺς
702 1979 1054 2050 ἐρχομένους,
1099 1979 1162 2031 οὐ
1220 1977 1380 2048 μόνον
1417 1976 1553 2030 ἀλλὰ
1604 1977 1702 2030 καὶ
1744 1977 1871 2040 τοὺς

261 2070 612 2142 ’Ἀρειανιῖ›ν.
660 2070 1118 2135 Ἀναϐαπτίζουσι
1144 2069 1201 2124 δὲ
1251 2069 1394 2123 κατὰ
1445 2069 1721 2140 κεφαλῆς,
1759 2069 1873 2123 ἄνω

279 2165 411 2225 τοὺς
441 2162 611 2225 πόδας
647 2163 972 2233 στρέφοντες
997 2163 1108 2216 τῶν
1140 2161 1571 2232 βαπτιζομένων,
1599 2159 1675 2223 ὡς
1704 2159 1871 2223 πολὺς

280 2255 465 2326 ᾄδεται
505 2255 684 2323 λόγος.
718 2256 790 2308 Τὸ
845 2255 902 2309 δὲ
940 2255 1210 2326 σφαλῆναι
1258 2271 1380 2308 τινα
1437 2255 1495 2308 ὲν
1556 2253 1785 2323 πορνείᾳ
1833 2255 1866 2326 ἢ

279 2349 451 2420 ἑτέρᾳ
479 2349 746 2420 ἁμαρτίᾳ,
791 2348 945 2402 οὐδὲν
977 2343 1118 2400 εἷναί
1151 2365 1316 2418 φασιν
1337 2362 1350 2376 ·
1385 2346 1540 2399 οὐδὲν
1566 2345 1675 2416 γὰρ
1717 2345 1874 2418 ζητεῖ

279 2445 310 2498 ὁ
343 2443 497 2506 Θεὸς,
524 2442 660 2496 ἀλλὰ
689 2442 749 2496 τὸ
776 2438 918 2497 εἷναί
939 2459 1062 2496 τινα
1095 2443 1153 2496 ὲν
1184 2445 1250 2513 τῇ
1282 2441 1463 2496 αὐτῶν
1493 2441 1676 2495 πίστει
1708 2443 1868 2513 μόνον

279 2534 557 2603 λέγουσιν.

355 2619 526 2678 Λῦταί
554 2629 692 2680 εἰσιν
725 2625 929 2694 ὁμοίως
959 2625 1055 2678 καὶ
1083 2625 1142 2677 αἱ
1179 2621 1274 2676 τοῦ
1318 2624 1503 2695 τρίτου
1537 2623 1746 2694 βιϐλίου
1775 2620 1871 2675 τοῦ

281 2716 506 2786 πρώτου
537 2719 729 2788 τόμου,
767 2718 930 2770 ἕκτου
968 2714 1025 2768 δὲ
1053 2715 1207 2778 ὄντος
1228 2715 1371 2769 κατὰ
1401 2715 1502 2791 τὴν
1527 2714 1870 2779 ἀκολουθίαν,

281 2810 547 2879 αἱρέσεις.

1977 1891 2304 1946 Eunomiani
2333 1907 2462 1948 vero
2491 1893 2560 1948 ab
2594 1894 2713 1966 ipso
2742 1894 2996 1963 profecti,
3029 1911 3220 1950 omnes
3261 1895 3356 1966 qui
3397 1895 3465 1950 ad
3499 1913 3559 1951 se

1979 1984 2240 2048 veniunt,
2293 1985 2490 2039 iterato
2541 1985 2841 2055 baptizant,
2881 2001 2989 2040 non
3024 1988 3329 2043 catholicos
3379 1989 3558 2044 solum

1980 2073 2075 2140 sed
2104 2077 2186 2130 vel
2234 2074 2469 2130 Arianos
2500 2076 2672 2147 ipsos,
2712 2065 2877 2146 idque
2903 2093 2969 2131 eo
3004 2079 3164 2132 modo
3184 2118 3199 2143 ,
3243 2087 3300 2133 ut
3329 2079 3561 2150 pedibus

1981 2179 2202 2220 sursum
2232 2167 2516 2221 conversis
2545 2167 2601 2220 in
2625 2167 2804 2236 capite
2831 2167 2954 2222 illos
2983 2167 3288 2237 baptizent;
3321 2171 3466 2240 quod
3493 2171 3562 2226 de

1979 2254 2088 2310 illis
2121 2257 2458 2325 percrebuit.
2499 2255 2941 2312 Fornicationem
2980 2268 3073 2311 aut
3098 2261 3242 2314 aliud
3279 2261 3561 2331 quodlibet

1978 2354 2262 2418 peccatum
2310 2349 2446 2403 nihil
2488 2365 2611 2406 esse
2645 2350 2898 2404 dictitant
2935 2367 3154 2422 :neque
3196 2354 3338 2408 enim
3391 2354 3560 2408 Deum

1978 2440 2124 2494 aliud
2178 2456 2444 2510 quzerere,
2475 2457 2638 2511 quam
2681 2450 2739 2496 ut
2772 2443 2828 2496 in
2859 2457 2921 2496 ea
2953 2444 3067 2496 sola
3101 2459 3265 2514 quam
3296 2445 3396 2514 ipsi
3431 2462 3564 2516 pra:-

1979 2529 2186 2597 dieaut,
2227 2532 2330 2587 ﬁde
2358 2541 2756 2602 perseveretur.

2052 2625 2146 2682 Hae
2187 2637 2315 2682 sunt
2342 2627 2580 2684 haereses
2621 2629 2754 2682 tomi
2787 2626 2804 2680 1
2837 2629 2961 2683 libri
2997 2629 3141 2684 tertii
3173 2630 3270 2700 qui
3303 2630 3559 2686 instituto

1979 2719 2174 2775 ordine
2205 2730 2395 2776 sextus
2428 2728 2536 2776 est.

1356 2954 1740 3015 HERESES
1784 2952 1990 3014 TOMI
2036 2949 2091 3011 Il
2150 2949 2358 3010 LIBRI
2399 2950 2509 3011 III.

368 3095 542 3150 Ἐνδὲ
584 3095 662 3165 τῷ
695 3093 932 3164 δευτέρῳ
993 3095 1144 3165 τόμῳ
1191 3093 1283 3146 τοῦ
1341 3093 1504 3147 αὐτοῦ
1558 3095 1741 3167 τρίτου
1797 3095 1872 3166 βι-

2057 3093 2301 3163 Denique
2328 3093 2452 3147 libri
2487 3108 2544 3145 m
2578 3102 2758 3146 tomus
2787 3091 2850 3159 ll,
2887 3094 2979 3163 qui
3030 3103 3115 3148 est
3150 3102 3422 3152 tomorum
3473 3115 3562 3156 or-

283 3190 462 3252 ϐλίου,
494 3188 708 3258 ἑϐδόμῳ
744 3186 802 3239 δὲ
826 3185 943 3238 ὖντι
986 3186 1107 3239 καθ’
1131 3190 1197 3257 ἢν
1236 3186 1462 3258 εἴπομεν
1491 3187 1776 3259 διαίρεσιν,
1816 3191 1873 3243 ἐν

281 3275 331 3350 ᾧ
363 3281 459 3334 καὶ
484 3281 545 3332 τὸ
572 3279 723 3340 τέλος
756 3278 938 3346 πάσης
985 3278 1106 3331 ἐστὶ
1138 3279 1236 3350 τῆς
1274 3279 1682 3351 πραγματείας,
1726 3280 1876 3352 αἱρέ-

284 3391 403 3437 σεις
427 3374 536 3425 eici.
570 3371 853 3439 τέσσαρες,
889 3368 1087 3433 οὕτως·

356 3466 436 3519 Αν.
469 3465 779 3534 Διμοιρῖται
805 3463 854 3515 οἱ
893 3463 988 3514 καὶ
1015 3461 1471 3530 Ἀπολλιναρῖται,
1492 3467 1545 3518 οἱ
1569 3465 1644 3534 μὴ
1665 3464 1876 3517 τελείαν

283 3559 386 3630 τὴν
423 3555 519 3609 τοῦ
550 3553 808 3624 ’Χριστοῦ
855 3553 1268 3625 ὲνανθρώπησιν
1319 3555 1744 3629 ὁμολογοῦντες·
1801 3550 1877 3610 ὧν

285 3667 432 3712 τινες
453 3647 741 3718 όμοούσιον
773 3649 840 3717 τῇ
873 3645 1086 3716 θεότητι
1113 3647 1175 3700 τὸ
1203 3646 1362 3716 σῶμα
1384 3647 1652 3714 λέγουσιν.
1693 3647 1875 3700 Ἐτόλ-

290 3756 473 3810 μησαν
511 3737 568 3792 δέ
603 3737 734 3791 ποτέ
776 3754 922 3799 τινες
956 3736 1015 3801 te
1046 3736 1224 3791 αὐτῶν
1254 3738 1347 3790 καὶ
1378 3736 1536 3791 τοῦτο
1571 3739 1766 3803 εἰπεῖν,
1795 3739 1878 3792 ὅτι

284 3830 466 3901 ψυχὴν
493 3829 596 3881 οὐκ
641 3827 864 3895 εἴληφεν
892 3827 920 3878 ό
961 3825 1217 3897 Χριστὸς,
1267 3826 1541 3880 καὶτοῦτο
1581 3827 1876 3898 ἠρνοῦντο.

285 3921 444 3984 Τινὲς
467 3920 525 3973 δὲ
550 3917 638 3972 διὰ
665 3916 760 3971 τοῦ
789 3917 958 3988 ῥητοῦ
988 3918 1069 3982 τὸ,
1116 3918 1168 3970 '0
1203 3920 1396 3987 Λόγος
1433 3918 1592 3986 σὰρξ
1619 3919 1876 3988 ἐγένετο,

285 4012 719 4084 ὲπερειδόμενοι,
754 4011 771 4042 ¹
816 4011 878 4063 τὸ
935 4010 1043 4063 ἀπὸ
1101 4011 1326 4079 κτιστῆς
1374 4010 1600 4081 σαρκὸς,
1632 4011 1880 4064 τουτέστι

287 4105 528 4175 Μαρίας,
556 4104 659 4174 (τὸ)
721 4103 902 4174 σάρκα
946 4101 1108 4155 αὑτὸν
1161 4103 1472 4172 εἰληφέναι·
1518 4103 1679 4174 μόνον
1729 4104 1879 4171 φιλο-

285 4197 484 4258 νείκως
507 4199 527 4227 ³
559 4195 743 4262 ἔλεγον
767 4195 856 4248 τὸν
879 4195 1051 4262 Λόγον
1068 4195 1246 4264 σάρκα
1264 4194 1611 4264 γεγενῆσθαι·
1645 4194 1874 4268 ὕστερον

286 4286 694 4356 διανοούμενοι,
734 4286 834 4338 οὐκ
889 4281 1004 4337 οἶδα
1049 4284 1142 4337 δ’ὅ
1166 4301 1238 4350 τι,
1270 4284 1393 4338 νοῦν
1440 4285 1602 4339 αὐτόν
1630 4301 1762 4354 φασι
1804 4286 1879 4356 μὴ

289 4379 598 4449 εἰληφέναι.

358 4561 436 4612 B'.
483 4557 1086 4627 Ἀντιδικομαριανῖται,
1122 4557 1171 4608 οἱ
1210 4557 1308 4626 τὴν
1343 4555 1504 4624 ἁγίαν
1529 4555 1752 4626 Μαρίαν
1774 4553 1874 4624 τὴν

284 4650 651 4720 ἀειπάρθενον
689 4646 825 4717 μετὰ
874 4645 934 4698 τὸ
963 4646 1056 4699 τὸν
1093 4646 1325 4718 Σωτῆρα
1371 4647 1761 4716 γεγεννηκέναι
1797 4644 1877 4715 τῷ

299 4743 504 4811 Ἰωσὴφ
534 4738 801 4808 συνῆφθαι
833 4736 1102 4806 λέγοντες.

361 4833 438 4885 Γ’.
480 4829 910 4901 Κολλυριδιανοὶ,
957 4831 1007 4882 οἱ
1064 4831 1142 4891 εἰς
1175 4827 1346 4897 ὄνομα
1388 4828 1487 4898 τῆς
1535 4827 1708 4896 αὐτῆς
1754 4828 1875 4880 Ma-

289 4927 416 4999 ρίας
445 4925 502 4975 ἐν
537 4921 722 4992 ἡμέρᾳ
744 4919 840 4972 τοῦ
876 4919 1029 4982 ἔτους
1070 4919 1176 4971 τινὶ
1220 4919 1639 4988 ἀποτεταγμένη
1684 4917 1874 4970 κολλυ-

291 5017 445 5088 ρίδας
483 5012 633 5074 τινὰς
661 5011 1082 5082 προσφέροντες.
1127 5004 1222 5072 Οἷς
1255 5007 1563 5078 ἐπεθέμεθα
1595 5009 1767 5078 ὄνομα
1808 5012 1874 5080 τῇ

289 5107 492 5180 πράξει
519 5104 697 5159 αὐτῶν
727 5102 1043 5169 ἀκόλουθον,
1066 5101 1515 5172 Κολλυριδιανοὺς
1539 5101 1736 5164 αὐτοὺς
1761 5104 1876 5170 dvo:

295 5201 591 5271 μάσαντες.

364 5292 439 5340 A'.
481 5285 889 5348 Μασσαλιανοὶ,
938 5282 1112 5345 οὕτως
1135 5281 1564 5352 ἑρμηνευόμενοι
1605 5283 1654 5333 οι
1685 5282 1875 5350 Εὺχό-

289 5377 868 5449 μεγοι.Συνὰπτονται
897 5375 954 5427 δὲ
973 5374 1184 5435 τούτοις
1207 5375 1302 5426 καὶ
1331 5372 1439 5425 τῶν
1465 5373 1573 5425 ἀπὸ
1605 5372 1876 5443 Ἑλλήνων

293 5467 795 5539 ὲπιτετηδευμένων
837 5465 1103 5536 αἱρέσεων
1141 5466 1191 5516 οἱ
1244 5464 1528 5535 λεγόμενοι
1563 5464 1873 5534 Εὐφημῖται

295 5559 393 5614 καὶ
425 5559 797 5630 Μαρτυριανοὶ
825 5557 918 5610 καὶ
952 5555 1288 5609 Σατανιανοί.

1978 3185 2103 3240 diue
2139 3183 2250 3246 VII,
2301 3184 2356 3237 in
2391 3199 2500 3254 quo
2542 3185 2710 3240 totius
2755 3188 2937 3256 operis
2988 3187 3114 3242 ﬁnis
3167 3198 3271 3254 est,
3322 3191 3562 3250 hwreses

1979 3278 2225 3331 continet
2257 3275 2342 3330 IV.

2051 3456 2093 3510 l.
2137 3455 2434 3510 Dimoeritaa
2459 3456 2552 3522 qui
2579 3463 2633 3510 et
2662 3456 3092 3527 Apollinaristae,
3131 3461 3224 3529 qui
3259 3461 3560 3532 perfectam

1979 3549 2183 3604 Christi
2209 3549 2646 3602 incarnationem
2673 3551 2896 3604 minime
2927 3552 3260 3607 confitentur
3285 3573 3299 3610 :
3323 3570 3559 3625 quorum

1979 3642 2069 3696 alii
2123 3642 2597 3696 consubstantiale
2652 3641 2928 3696 divinitati
2985 3659 3108 3700 esse
3163 3660 3366 3716 corpus
3420 3646 3564 3700 aﬂir-

1982 3743 2152 3799 mant,
2203 3734 2296 3788 alii
2332 3749 2460 3789 vero
2493 3733 2787 3789 defendere
2837 3735 2982 3789 istud
3035 3736 3198 3790 etiam
3239 3739 3359 3792 ausi
3408 3750 3558 3804 sunt,

1980 3823 2260 3879 Christum
2303 3839 2648 3894 nequaquam
2681 3824 2922 3878 animam
2957 3825 3361 3896 assumpsisse;
3399 3829 3565 3898 idque

1979 3929 2180 3985 negare
2230 3916 2608 3970 instituerunt.
2655 3907 2887 3982 Quidam
2937 3917 3022 3973 bis
3067 3916 3346 3989 Evangelii
3379 3922 3562 3977 verbis

1981 4008 2181 4072 innixi,
2230 4007 2452 4062 Verbum
2483 4025 2609 4060 caro
2637 4009 2840 4076 factum
2865 4019 2943 4063 est
2967 4009 2986 4039 ³
3018 4029 3030 4063 :
3060 4026 3125 4063 ex
3160 4018 3342 4066 creata
3371 4027 3557 4079 carne,

1981 4099 2088 4155 hoc
2141 4109 2224 4155 est
2273 4099 2477 4162 Maria,
2535 4114 2754 4153 carnem
2803 4101 2872 4154 ab
2924 4101 3017 4154 illo
3072 4113 3384 4172 susceptam
3437 4122 3564 4163 esse

1981 4199 2288 4261 negarunt;
2319 4191 2415 4245 sed
2453 4191 2629 4246 solum
2661 4189 2900 4245 Verbum
2934 4207 3156 4247 carnem
3199 4210 3321 4250 esse
3356 4197 3561 4253 factum

1983 4283 2340 4353 pertinaciter
2397 4289 2804 4338 asseverarunt.
2851 4281 3048 4338 Postea
3101 4299 3230 4340 vero
3273 4302 3438 4356 quam
3491 4291 3563 4344 oh

1981 4386 2205 4427 causam
2264 4373 2474 4437 nescio,
2534 4381 2770 4426 mentem
2819 4373 2972 4428 illum
3033 4390 3142 4430 non
3190 4379 3563 4448 assumpsisse

1909 4455 1954 4508 Ι)
1981 4463 2257 4518 dixerunt.

2057 4555 2121 4608 Il.
2163 4555 2734 4611 Antidiconmrianitze
2771 4557 2984 4611 beatam
3024 4574 3352 4631 semperque
3393 4563 3564 4632 virgi-

1984 4662 2108 4702 nem
2142 4645 2366 4700 Mariam
2405 4657 2529 4717 post
2551 4647 2760 4701 editum
2799 4648 3140 4706 Salvatorem
3171 4669 3295 4707 eum
3322 4653 3564 4726 Josepho

1981 4737 2342 4796 consuevi'sse
2374 4747 2592 4810 putant.

2059 4832 2269 4902 1133
2300 4831 2384 4886 III.
2439 4832 2816 4903 Collyridiani,
2859 4834 2952 4904 qui
3001 4835 3056 4889 in
3101 4836 3344 4906 ejusdem
3381 4839 3562 4894 Mariae

1982 4941 2181 4980 nomen
2219 4934 2362 4980 stato
2395 4926 2522 4978 anni
2551 4925 2638 4979 die
2668 4927 2966 4998 collyridas
2997 4930 3259 4996 quasdam
3291 4928 3558 4998 oﬂerunt;

1982 5018 2186 5087 quibus
2228 5027 2659 5071 consentaneum
2701 5034 2766 5072 ex
2802 5033 2863 5072 ea
2907 5034 2966 5072 re
3002 5035 3198 5075 nomen
3236 5019 3558 5081 indidimus.

1982 5111 2112 5164 dum
2146 5107 2550 5179 Collyridianos
2582 5109 2708 5164 illos
2738 5110 3157 5180 appellavimus.

2055 5281 2140 5335 IV.
2207 5281 2560 5347 Massaliani,
2624 5301 2765 5355 quos
2830 5287 3179 5357 interpretari
3263 5303 3560 5358 possumus

1988 5371 2292 5426 I’recantes.
2325 5372 2418 5428 His
2444 5374 2819 5444 adjunguntur
2845 5389 2876 5429 e
2903 5377 3182 5444 gentilium
3209 5379 3396 5443 sectis,
3421 5395 3560 5458 quos
3635 5397 3638 5400 ί

1983 5463 2338 5532 Euphemitas
2398 5475 2452 5519 et
2522 5464 2884 5536 Martyrianos
2943 5473 2997 5520 et
3063 5467 3390 5526 Satanianos
3459 5488 3560 5529 no-

1983 5557 2210 5610 minant.

373 5789 391 5820 ¹
416 5783 728 5857 Supplenda
757 5799 858 5838 vox
891 5783 1169 5853 ἠρνοῦντο.
1265 5787 1284 5815 ¹
1311 5784 1434 5854 Leg.
1490 5785 1648 5855 μόνον
1681 5786 1736 5839 δὲ
1772 5786 1864 5854 φιλ

1986 5786 2093 5841 mlo
2131 5786 2294 5839 etiam
2327 5790 2452 5839 ante
2473 5783 2535 5836 τὸ
2570 5782 2712 5839 κατὰ
2741 5783 2937 5854 σάρκα.
3015 5783 3036 5816 ³
3069 5783 3227 5840 Joan.
3260 5802 3300 5847 ι.
3329 5786 3417 5841 M.

625 5880 894 5936 ΡΑτιιοι.
947 5879 1061 5937 Gn.
1125 5877 1319 5936 XLII.

3231 5878 3312 5951 28.
