3986 6224
413 333 534 392 ’875

1824 318 1881 374 S.
1941 317 2282 372 EPlPliANIl

3589 326 3703 382 876

503 447 730 508 Summa
755 449 872 504 haec
894 455 979 504 est
1025 445 1157 500 tonti
1209 444 1426 516 septimi
1454 458 1516 498 ac
1550 443 1714 498 trium
1745 442 2010 498 librorum

2187 439 2338 512 Αὕτη
2381 440 2476 496 καὶ
2521 441 2553 512 ἡ
2601 441 2696 496 τοῦ
2743 441 2974 512 ἑϐδόμου
2999 441 3164 514 τόμου
3199 445 3706 514 ἁνακεφαλαίωσις,

433 543 578 608 ﬁnis,
633 541 965 611 colliguntur
1011 539 1248 596 luercses
1287 553 1449 592 Lux.
1497 536 1612 592 Sub
1663 535 1822 590 ﬁnem
1866 533 2011 588 tertii

433 635 558 688 libri
623 630 953 700 septimique
997 628 1156 690 torni,
1201 626 1436 680 formula
1473 624 1595 680 ﬁdei
1635 637 1799 694 quam
1833 619 2016 676 ECCit‘r

421 727 513 781 sia
546 723 827 778 catholica
871 721 1182 792 proﬁtetur,
1231 717 1478 787 subjecta
1511 723 1617 779 cst,
1663 729 1726 768 ac
1767 712 2016 768 veritatis

431 814 704 880 defensio,
738 823 794 870 et
828 812 1110 882 Evangelii
1142 810 1350 868 Christi
1382 807 1738 880 praedicatio;
1769 821 1832 862 ac
1861 805 2018 861 deni-

425 920 538 974 que
561 905 848 960 catholicae
881 902 1144 958 Ecclesia:
1173 901 1370 963 forma.
1406 915 1528 970 quae
1553 914 1678 954 cum
1713 899 1782 954 ab
1805 905 2016 954 aeterno

433 993 622 1054 fuerit,
665 993 1019 1050 successione
1067 1001 1372 1060 temporum
1415 999 1538 1059 post
1579 988 2014 1044 incarnationem

421 1085 640 1140 Christi
666 1083 1078 1140 evidentissima
1109 1081 1382 1154 patefacta
1411 1091 1516 1138 est.

507 1255 684 1322 Quam
737 1256 910 1310 multa
964 1271 1094 1312 vero
1139 1256 1208 1311 ab
1253 1255 1512 1312 humanis
1551 1255 1787 1326 ingeniis
1836 1255 2016 1326 colligi

433 1355 676 1418 possunt
712 1349 780 1402 de
811 1348 882 1404 iis
910 1349 1004 1418 qui
1041 1348 1176 1402 tanti
1207 1363 1271 1402 ac
1303 1357 1410 1402 tant
1441 1347 1772 1402 excellentes
1811 1347 2017 1402 haben-

447 1450 562 1508 tur,
591 1449 644 1494 et
673 1443 766 1512 qui
802 1442 868 1496 ad
899 1441 1250 1496 lattdabilium
1281 1441 1812 1496 adolescentularum
1845 1455 2018 1511 genus

439 1533 642 1588 ascribi
670 1533 1128 1603 debent,quarum
1153 1549 1261 1586 non
1289 1541 1372 1588 est
1407 1534 1702 1588 numerus!
1737 1531 1868 1586 Nam
1900 1535 2020 1588 aliae

429 1624 890 1679 commendandae
942 1631 1104 1692 sunt,
1164 1623 1284 1678 alia:
1347 1623 1752 1692 vituperatione
1801 1623 2015 1694 digna};

441 1731 566 1769 nam
596 1715 846 1770 nonnulli
883 1716 1232 1786 reperiuntur
1258 1717 1298 1779 ί,
1332 1715 1426 1784 qui
1457 1731 1524 1768 ex
1557 1715 1770 1785 privato
1798 1715 2018 1788 ingenio

439 1823 690 1864 severam
726 1807 1022 1878 quamdam
1054 1807 1180 1862 vitae
1227 1807 1579 1876 disciplinam
1630 1822 1693 1861 ac
1731 1808 1904 1878 legem
1937 1809 2015 1864 si-
2050 1796 2096 1852 Β

443 1899 749 1968 bimetipsis
781 1897 1181 1962 condiderunt,
1217 1911 1280 1952 ac
1313 1897 1606 1968 prolixiora
1650 1913 1806 1952 coma
1842 1899 2018 1968 palam

440 1997 500 2046 et
551 1991 606 2044 in
647 1991 890 2044 omnium
939 1989 1116 2044 oculis
1161 1990 1498 2058 procedunt:
1548 1991 1640 2044 alii
1684 2007 1808 2046 vero
1839 1992 2026 2056 sancti

443 2085 654 2138 tratres
701 2083 756 2138 in
787 2082 970 2137 cilicio
1015 2091 1070 2138 et
1125 2083 1312 2136 cinere
1350 2083 1497 2144 domi
1551 2099 1672 2140 sese
1701 2085 2022 2152 continent;

445 2175 537 2229 alii
572 2175 810 2244 denique
843 2173 1145 2245 asperrimo
1183 2173 1397 2228 vivendi
1436 2175 1708 2241 instituto,
1745 2191 1808 2230 ac
1840 2175 2026 2240 duris-

447 2268 604 2322 simis
639 2266 867 2336 jejuttiis
911 2274 965 2322 et
1023 2267 1304 2322 laboribus
1361 2266 1454 2322 Dei
1503 2283 1670 2322 causa
1728 2267 2023 2337 susceptis,

443 2359 670 2427 juvenili
696 2359 932 2430 quadam
965 2358 1284 2412 fortitudine
1337 2369 1389 2412 et
1419 2359 1658 2430 perfecta
1690 2375 1818 2432 erga
1847 2358 2027 2430 Spon-

447 2467 572 2505 sum
619 2453 981 2514 conscientia,
1027 2453 1284 2508 omnibus
1320 2453 1565 2506 numeris
1601 2453 1908 2508 absolutam
1956 2455 2030 2508 vi-

447 2551 561 2598 tam
589 2545 933 2614 exprimunt:
965 2544 1056 2596 alii
1089 2541 1330 2608 demum,
1365 2543 1510 2614 quod
1545 2545 1708 2616 paulo
1738 2552 1866 2598 ante
1893 2544 2027 2606 dixi,

449 2650 560 2689 non
600 2636 835 2701 sincere,
869 2634 962 2690 scd
991 2635 1364 2688 obstinatione
1391 2635 1628 2704 quadam
1667 2636 1858 2698 animi,
1885 2637 2031 2690 velut

457 2728 766 2800 tyrannicc.
801 2733 996 2796 praeter
1021 2725 1304 2780 veritatem
1350 2726 1650 2780 insolenter
1683 2726 1984 2782 eﬁeruntur
2015 2744 2028 2779 :

451 2819 726 2890 ejusmodi
757 2819 1053 2876 Zacclueus
1075 2822 1166 2876 ille
1189 2821 1312 2886 fuit,
1345 2823 1442 2893 qui
1473 2838 1648 2892 nuper
1683 2823 1736 2876 in
1772 2831 2029 2876 montana

454 2913 678 2982 regione
724 2912 790 2966 ad
843 2912 1216 2984 Hierosolyma
1273 2923 1526 2969 mortuus
1571 2923 1694 2979 est;
1756 2915 1850 2986 qui
1905 2930 2030 2969 cum

453 3005 671 3060 nemine
701 3020 944 3076 unquam
981 3004 1238 3075 precandi
1266 3006 1654 3060 communione
1685 3007 1944 3076 conjungi
1975 3022 2034 3062 se

2117 531 2211 584 καὶ
2243 532 2396 596 τέλος
2443 531 2552 584 τῶν
2593 533 2762 604 τριῶν
2793 531 3036 602 βιϐλίων,
3071 533 3211 605 ὁμοῦ
3243 534 3300 587 δὲ
3329 537 3500 589 πᾶσαι
3527 537 3588 590 αἱ
3621 538 3708 590 αἱ-

2117 621 2298 692 ρέσεις
2325 623 2676 691 ὀγδοήκοντα.
2696 623 2784 678 Ἐν
2811 623 2962 698 αὐτῷ
2993 623 3050 678 δὲ
3081 622 3158 694 τῷ
3193 625 3338 678 τέλει
3378 625 3472 679 τοῦ
3511 625 3712 697 τρίτου

2119 713 2348 784 βιϐλίου,
2379 715 2592 786 ἑϐδόμῳ
2639 716 2697 770 δὲ
2743 715 2918 787 τόμῳ,
2969 718 3028 770 ὲν
3072 716 3286 788 ὑστέρῳ
3317 719 3350 784 ἡ
3387 715 3570 780 πίστις
3603 715 3712 786 τῆς

2117 805 2412 878 καθολικῆς
2453 807 2803 878 Ἐκκλησίας,
2839 808 2934 860 καὶ
2955 807 3222 877 ἀπολογία
3251 809 3394 880 ὑπὲρ
3419 809 3712 880 ἀληθείας,

2116 898 2212 950 καὶ
2237 899 2500 969 κήρυγμα
2528 898 2623 952 τοῦ
2651 897 2982 968 Εὐαγγελίου
3003 897 3264 972 Χριστοῦ,
3295 900 3388 954 καὶ
3415 899 3716 972 χαρακτὴρ

2115 989 2215 1060 τῆς·
2256 989 2550 1060 καθολικῆς
2599 989 2927 1062 Ἐκκλησίας
2985 991 3084 1062 τῆς
3129 991 3464 1056 ἀπ’.αίῶνος
3513 989 3714 1064 οὔσης,

2117 1079 2260 1134 κατὰ
2296 1080 2352 1132 δὲ
2379 1079 2631 1152 διαδοχὴν
2664 1082 2873 1154 χρόνων
2900 1080 3260 1152 φανερώτατα
3279 1083 3340 1136 ὲν
3371 1085 3438 1154 τῇ
3467 1081 3716 1154 Χριστοῦ

2117 1173 2371 1245 ὲνσάρκῳ
2401 1176 2680 1245 παρουσίᾳ
2710 1173 3214 1246 ἀποκαλυφθείσης.

2189 1266 2299 1320 Καὶ
2347 1265 2489 1320 πόσα
2535 1267 2828 1338 δυνήσεται
2859 1266 2972 1337 (51)
3015 1269 3044 1319 ὁ
3093 1265 3218 1330 νοῦς
3261 1267 3372 1321 τῶν
3401 1265 3718 1338 ἀνθρώπων

2121 1355 2406 1425 συλλέγειν
2435 1358 2544 1412 τῶν
2569 1358 2842 1414 τοσούτων
2867 1361 2961 1414 καὶ
2989 1361 3241 1431 μεγάλων
3265 1359 3717 1432 ὀνομαζομένων,

2119 1449 2214 1504 καὶ
2241 1450 2298 1502 tv
2328 1451 2448 1513 ταῖς
2476 1451 2897 1521 ἐπαινουμέναις
2929 1453 3051 1506 ὅσαι
3085 1453 3193 1506 εἰσὶ
3221 1453 3480 1524 διαφοραὶ
3525 1453 3717 1508 νεανί-

2118 1538 2246 1602 δων,
2281 1533 2356 1593 ὧν
2397 1542 2496 1594 οὐκ
2536 1541 2684 1596 ἔστιν
2713 1544 2980 1615 ἀριθμόςί
3012 1545 3132 1598 Τῶν
3158 1545 3256 1616 μὲν
3299 1547 3432 1618 πρὸς
3463 1545 3716 1611 ἔπαινον,

2120 1629 2296 1684 ἄλλων
2344 1631 2402 1686 δὲ
2453 1632 2527 1705 μὴ
2574 1633 3016 1706 ἐπαινουμένων·
3050 1636 3164 1706 (52)
3197 1637 3306 1690 τῶν
3349 1638 3408 1691 δὲ
3453 1639 3552 1690 ἀπ’
3584 1638 3720 1692 ἰδίου

2121 1719 2240 1782 νοὸς
2273 1719 2342 1774 τὰ
2367 1720 2504 1790 πρὸς
2541 1721 2820 1776 πολιτείαν
2851 1725 2943 1777 καὶ
2975 1723 3208 1796 ἄσκησιν
3237 1726 3334 1778 καὶ
3363 1725 3570 1797 θεσμὸν
3593 1727 3721 1780 ἑαυ-

2125 1811 2239 1874 τοῖς
2279 1809 2670 1878 συλλεγόντων,
2696 1813 2754 1864 ὲν
2801 1812 3003 1882 κόμαις
3029 1830 3088 1866 τε
3119 1813 3408 1886 προύπτως
3451 1832 3724 1886 προερχο-

2129 1899 2334 1968 μένων·
2375 1901 2549 1956 ἄλλων
2583 1901 2640 1960 δὲ
2679 1903 2849 1972 ἁγίων
2875 1904 3121 1974 ἀδελφῶν
3153 1893 3434 1976 ἐν’σάκκῳ
3459 1907 3556 1960 καὶ
3593 1925 3722 1960 σπο-

2125 1987 2202 2058 δῷ
2227 1989 2410 2044 οἴκαδε
2439 1991 2818 2058 καθεζομένων
2836 2010 2849 2022 ’
2887 1995 2982 2048 καὶ
3017 1995 3097 2048 ἐτι
3125 1996 3299 2050 ἄλλων
3327 1997 3388 2050 ὲν
3413 1995 3721 2062 πολιτείαις

2127 2082 2222 2134 καὶ
2284 2084 2560 2154 νηστείαις
2619 2079 3088 2156 ὑπερϐαλλούσαις·
3141 2088 3236 2142 καὶ
3285 2089 3520 2160 καμάτῳ
3585 2091 3720 2162 πῴς

2127 2169 2280 2233 Θεὸν,
2332 2175 2390 2225 ὲν
2437 2173 2740 2243 νεανιότητι
2783 2177 2848 2244 τῇ
2894 2175 3030 2246 πρὸς
3077 2176 3172 2230 τὸν
3201 2179 3456 2250 Νυμφίον
3500 2178 3724 2232 τελείαν

2131 2265 2509 2336 συνείδησιν·
2555 2265 2760 2338 ἑτέρων
2809 2267 2886 2330 δὲ,
2917 2269 2995 2332 ὡς
3041 2270 3328 2339 προεῖπον,
3363 2271 3466 2324 οὐκ
3511 2271 3718 2342 ὀρθῶς,

2128 2357 2267 2412 ἀλλὰ
2289 2355 2430 2410 κατά
2455 2373 2578 2410 τινα
2603 2357 2871 2426 πρόληψιν
2896 2358 3036 2422 νοὸς,
3071 2360 3410 2430 τυραννικῶς
3437 2363 3598 2433 παρᾶ
3627 2361 3722 2432 τὴν

2130 2451 2385 2519 ἀλήθειαν
2419 2449 2844 2518 νεανιευομένων
2867 2467 2880 2479 ·
2919 2449 2996 2514 ὡς
3025 2451 3294 2520 Ζακχαῖος
3323 2451 3438 2521 (55)
3469 2453 3575 2522 μὲν
3619 2455 3724 2525 πρὸ

2133 2541 2378 2613 βραχέως
2404 2542 2732 2612 τελευτήσας
2759 2544 2816 2594 ὲν
2843 2545 2911 2614 τῇ
2936 2543 3119 2615 ὀρεινῇ
3147 2546 3213 2614 τῇ
3247 2544 3376 2615 περὶ
3395 2544 3466 2598 τὰ
3494 2545 3724 2616 Ἰεροσό-

2133 2635 2301 2705 λυμα,
2335 2633 2394 2698 ὃς
2427 2633 2606 2688 οὐδενὶ
2635 2634 2772 2697 ὅλως
2801 2635 3195 2706 συνευχόμενος
3219 2636 3548 2693 διετέλεσεν.
3567 2635 3724 2693 Ἀλλά

2133 2727 2228 2778 καὶ
2259 2725 2350 2779 διὰ
2385 2725 2484 2797 τὴν
2511 2727 2680 2796 αὐτὴν
2708 2726 2966 2780 ὑπόθεσιν
2989 2727 3275 2798 τολμηρῶς
3303 2729 3480 2796 ἁγίων
3513 2747 3726 2800 μυστη-

2138 2819 2270 2890 ρίων
2301 2817 2520 2889 ψαύειν,
2551 2821 2646 2872 καὶ¹
2676 2821 2993 2892 ἱερουργίαν
3023 2820 3210 2884 λαῖκδς
3235 2820 3311 2876 ὢν
3337 2822 3582 2891 ἀφειδῶς
3630 2824 3724 2876 ἑπ-

2133 2911 2591 2982 εχείρει.”Ἐτερος
2635 2911 2692 2964 δέ
2737 2929 2841 2976 τις,
2867 2912 3016 2976 ὅστις
3047 2913 3178 2965 ποτὲ
3219 2907 3288 2984 ἦν
3323 2913 3465 2986 ἀνὴρ
3493 2915 3722 2979 ἐκεῖνος,

2137 3005 2230 3058 καὶ
2258 3005 2368 3058 τῶν
2382 3004 2681 3058 δοκούντων
2709 3006 2767 3057 ὲν
2794 3005 3056 3076 ἀκρότητι
3087 3005 3201 3075 βίου
3237 3006 3720 3078 πεπολιτευμένος,

453 3111 652 3166 passus
701 3109 824 3152 est:
867 3099 975 3152 imo
1021 3113 1151 3152 vero
1193 3114 1257 3150 ex
1309 3099 1497 3152 eodem
1537 3099 1790 3154 instituto
1840 3101 2026 3154 divina

2139 3095 2277 3168 πρὸς
2306 3096 2404 3166 τὴν
2431 3096 2703 3164 Αἴγυπτον
2745 3097 2838 3149 ἐπὶ
2881 3098 2951 3152 τὰ
2998 3099 3242 3169 ἐρημικὰ
3288 3101 3632 3171 κατοικήσας
3671 3104 3726 3156 ἐν

455 3191 740 3260 mysteria,
769 3207 892 3244 cum
931 3192 1102 3247 laicus
1127 3201 1296 3256 esset,
1329 3196 1620 3264 attingere.
1658 3209 1722 3248 ac
1756 3195 2028 3250 sacriﬁcia

455 3283 734 3337 celebrare
771 3283 983 3338 nefario
1012 3300 1146 3338 ausu
1179 3301 1242 3338 ac
1280 3287 1571 3340 temerario
1605 3295 1688 3340 est
1714 3301 2030 3356 aggressus.

457 3375 720 3429 Inventus
751 3385 836 3430 est
881 3385 935 3430 et
979 3378 1140 3440 alius,
1171 3379 1486 3448 quicunque
1533 3379 1623 3434 ille
1653 3379 1870 3433 tandem
1909 3379 2033 3442 fuit,

457 3465 747 3518 excellenti
796 3465 1032 3533 quodam
1079 3467 1203 3520 vitae
1257 3483 1492 3538 genere,
1549 3467 1641 3536 qtti
1703 3467 1756 3522 in
1813 3468 2034 3539 ngypti

460 3553 757 3607 solitudine
809 3555 864 3608 in
916 3556 1252 3612 monasterio
1282 3557 1544 3628 degebat;
1600 3558 1728 3612 item
1782 3559 1924 3614 alius
1971 3561 2036 3613 ad

463 3643 651 3698 Sinam
683 3652 920 3701 montem
955 3647 1228 3704 habitans.
1276 3649 1377 3714 Qui
1415 3650 1577 3706 ambo
1612 3652 1796 3706 nescio
1837 3651 2037 3722 quibus

467 3737 699 3790 somniis
717 3751 782 3790 eo
805 3739 1130 3794 temeritatis
1153 3741 1370 3796 adducti
1391 3751 1538 3804 sunt,
1566 3749 1644 3806 ιιι,
1659 3745 1678 3771 ²
1695 3749 1950 3810 suscepta
1970 3743 2038 3796 ad

461 3827 706 3898 episcopi
743 3829 1078 3886 functionent
1120 3847 1380 3886 manuum
1421 3834 1789 3904 impositione,
1820 3836 2036 3897 sedere,

461 3929 516 3974 et
566 3923 1426 3998 episcoporum113ﬁtnunus
1461 3927 1618 3982 obire
1668 3943 1776 3982 non
1821 3928 2041 3982 dubita—

463 4013 596 4066 rint.
638 4013 826 4082 Alii,ct
859 4014 912 4068 hi
941 4015 1162 4086 quidem
1215 4031 1322 4069 non
1357 4016 1538 4086 pauci,
1569 4023 1814 4072 castrare
1845 4025 2044 4072 semet-

464 4105 615 4175 ipsos
669 4113 860 4160 contra
923 4107 1066 4176 leges
1109 4107 1336 4177 juvenili
1388 4111 1623 4178 quadam
1677 4109 1880 4164 ferocia
1923 4110 2042 4164 ausi

465 4207 613 4252 sunt.
655 4197 780 4260 Alii,
828 4198 921 4268 qui
958 4198 1279 4254 audaciores
1323 4199 1600 4264 videntur,
1635 4215 1702 4256 ex
1749 4201 2045 4255 catholico-

465 4301 589 4340 rum
619 4287 888 4356 partibus,
924 4290 1132 4358 privata
1167 4290 1274 4344 sibi
1303 4291 1542 4344 factione
1567 4291 1820 4356 conflata,
1851 4301 2046 4362 printer

467 4370 730 4427 Ecclesiae
765 4377 1246 4444 consuetudinem,
1283 4393 1347 4433 ac
1374 4379 1511 4432 citra
1547 4381 1876 4436 universalis
1911 4397 2044 4436 con-

2141 3187 2512 3260 μοναστηρίῳ,
2535 3190 2626 3242 καὶ
2653 3189 2811 3254 ἄλλος
2845 3191 2981 3260 πρὸς
3011 3189 3088 3262 τῷ
3115 3191 3311 3263 Σιναίῳ
3329 3210 3344 3223 ·
3369 3193 3420 3246 οἳ
3445 3193 3562 3247 ἀπὸ
3591 3195 3726 3248 ὀνει-

2141 3278 2315 3350 ράτων
2351 3278 2786 3343 ὲνεανιεύσαντο,
2823 3281 3130 3352 ἐπισκοπῆς
3165 3281 3450 3353 δεξάμενοι
3483 3285 3726 3354 χειροθε-

2139 3370 2260 3422 σίαν
2280 3371 2322 3434 δ,
2350 3370 2621 3441 καθῆσθαί
2663 3388 2720 3424 τε
2762 3372 2856 3425 καὶ
2885 3370 2954 3424 τὰ
2981 3373 3293 3428 ἐπισκόπων
3335 3373 3604 3444 πράττειν
3635 3379 3726 3432 καὶ

2137 3461 2290 3514 αὐτοὶ
2326 3461 2892 3535 ἐπεχείρουν.”Ετεροι
2941 3462 2996 3515 δὲ
3039 3463 3140 3517 οὐκ
3187 3463 3358 3532 ὀλίγοι
3393 3467 3724 3536 εύνουχίζειν

2139 3553 2364 3615 ἑαυτοὺς
2393 3552 2545 3622 παρὰ
2569 3553 2636 3608 τὰ
2671 3553 3120 3624 προστεταγμένα
3153 3553 3310 3625 δῆθεν
3339 3557 3724 3630 νεανιεύματος

2140 3642 2300 3714 χάριν
2345 3642 2672 3714 ἐτόλμησαν.
2693 3643 2911 3714 Ἕτεροι
2955 3644 3011 3698 δὲ
3045 3647 3326 3710 δοκοῦντες
3357 3649 3726 3704 νεανιεύεσθαι

2139 3733 2380 3804 τολμῶσι
2406 3737 2556 3807 παρὰ
2577 3736 2704 3798 τοὺς
2726 3735 2887 3800 ὄντας
2906 3737 2944 3800 ⁸,
2972 3737 3047 3802 ὡς
3081 3739 3190 3792 ἀπὸ
3215 3740 3514 3810 ὀρθοδόξων
3543 3743 3724 3814 ὁρμώ-

2145 3843 2318 3898 μενοι,
2343 3826 2598 3895 σύλλογον
2623 3829 2833 3892 ἑαυτοῖς
2860 3829 3290 3898 ἐπισπάσασθαι,
3319 3833 3456 3896 ἀλλὰ
3480 3836 3580 3888 καὶ
3601 3838 3720 3890 ἄνευ

2143 3919 2470 3989 ἐπικρίσεως
2507 3919 2724 3972 συνόδου
2769 3921 3152 3993 οίκουμενικῆς
3193 3923 3587 3988 ἀναϐαπτίζειν
3615 3928 3722 3996 (54)

2143 4013 2270 4074 τοὺς
2303 4011 2632 4082 ἐρχομένους
2665 4011 2801 4084 πρὸς
2841 4013 3036 4078 αὐτοὺς
3061 4013 3219 4084 δῆθεν
3247 4015 3356 4068 ἀπὸ
3393 4016 3720 4086 Ἀρειανῶν·

2148 4104 2374 4175 μηδέπω
2395 4103 2488 4158 τοῦ
2517 4105 2843 4176 πράγματος
2867 4107 2928 4169 ἐξ
2948 4105 3294 4178 ἐπικρίσεως,
3319 4106 3396 4170 ὡς
3417 4109 3582 4179 ἔφην,
3607 4127 3724 4164 συν-

2145 4197 2265 4250 όδου
2295 4195 2614 4266 τμηθέντος,
2639 4197 2726 4249 διὰ
2770 4196 2832 4248 τὸ
2875 4197 3076 4266 ἀναμὶξ
3114 4198 3240 4262 τοὺς
3271 4197 3433 4262 λαοὺς
3461 4199 3722 4271 ὑπάρχειν

2147 4289 2226 4342 ἔτι
2252 4287 2431 4360 δεῦρο,
2465 4289 2558 4340 καὶ
2581 4288 2809 4350 πολλοὺς
2835 4288 2934 4358 μὲν
2961 4281 3101 4342 εἶναι
3133 4287 3472 4359 ὀρθοδόξους,
3505 4294 3648 4346 κατὰ
3673 4292 3724 4346 δὲ

2151 4385 2444 4455 ὑπόκρισιν
2475 4383 2612 4453 πρὸς
2637 4383 2762 4444 τοὺς
2797 4381 3179 4454 ἰερατεύοντας
3205 4383 3724 4452 συνημμένους,ἓως

467 4465 580 4518 cilii
621 4467 924 4528 decretum,
969 4485 1064 4524 eos
1103 4471 1196 4540 qui
1227 4471 1296 4527 ab
1332 4473 1549 4528 Arianis
1593 4473 1658 4526 ad
1701 4489 1830 4530 suas
1866 4483 2031 4544 partes

2155 4475 2220 4528 ἂν
2249 4473 2550 4544 ἁφορισμδς
2576 4473 2798 4544 γένηται
2833 4473 2933 4544 τῆς
2955 4473 3205 4543 τοιαύτης
3231 4473 3557 4544 βλασφήμου
3585 4477 3724 4545 αἱρέ-

473 4567 786 4625 transeuut,
845 4561 1040 4616 iterum
1081 4562 1364 4634 baptizare
1411 4565 1544 4619 nihil
1579 4575 1870 4632 verentur;
1925 4583 2047 4622 cum

2153 4583 2312 4630 σεως,
2346 4567 2440 4620 καὶ
2485 4566 2604 4628 τότε
2657 4567 2778 4620 κατ’
2809 4567 2981 4636 αὐτῆς
3011 4565 3380 4638 ὁρισθήσεται.
3399 4567 3496 4620 Ἐκ
3525 4569 3726 4621 τούτων

471 4649 712 4703 nondum
742 4666 806 4704 ea
833 4667 944 4714 res,
977 4661 1034 4706 ut
1067 4655 1202 4720 dixi,
1253 4657 1580 4713 universalis
1620 4660 1814 4730 synodi
1843 4660 2031 4728 judicit

2149 4659 2206 4712 δὲ
2263 4659 2371 4712 τῶν
2418 4659 2591 4720 οὓτως
2649 4658 3128 4723 ἀναϐαπτιζόντων
3199 4659 3296 4712 ἀπ’
3348 4658 3484 4712 ἰδίου
3543 4659 3726 4712 κελεύ-

471 4741 656 4796 decisa
704 4743 796 4808 sit,
829 4745 973 4813 quod
1009 4746 1188 4800 adhuc
1221 4749 1404 4818 populi
1463 4751 1776 4820 promiscue
1833 4753 1898 4806 ad
1949 4753 2048 4806 lto-

469 4835 722 4890 (liernum
785 4853 962 4906 ttsque
1029 4849 1244 4907 tempus
1313 4840 1619 4896 habeantur
1663 4845 1850 4896 :inter
1911 4861 2050 4914 quos

471 4929 629 4982 multi
663 4929 882 4998 quidem
928 4937 1056 4984 sunt
1098 4931 1377 4995 catholici,
1415 4931 1510 4986 sed
1551 4931 1674 4988 ﬁcte
1727 4949 1790 4988 ac
1827 4951 1922 5005 per
1973 4938 2046 4991 si-

471 5021 826 5076 mulationem
857 5037 982 5076 cut‘n
1028 5023 1412 5080 sacerdotibus
1445 5033 1573 5080 sunt
1603 5028 1909 5100 conjuncti,
1947 5030 2045 5084 do-

547 5179 744 5232 ‘tlant.
800 5195 872 5242 vi,
929 5177 981 5230 7.
1083 5176 1194 5231 ’F.
1243 5193 1373 5233 non.

357 5283 376 5294 ρ
473 5251 494 5282 ⁵
523 5248 584 5304 F.
616 5249 846 5312 κανόνας
875 5263 972 5320 pro
1001 5247 1178 5310 ὄντας.

543 5405 654 5474 (51)
687 5405 794 5459 Καὶ
823 5406 985 5460 πόσα
1001 5405 1488 5472 δυνήσεταιλίιιεο
1517 5412 1570 5460 et
1599 5421 1719 5474 qua:
1745 5411 2052 5474 sequuntur

477 5477 544 5530 ad
579 5479 735 5530 linem
767 5491 938 5544 usque
975 5477 1156 5544 operis
1187 5475 1379 5530 iisdem
1408 5476 1578 5532 ferme
1612 5483 1834 5530 exarata
1871 5475 2054 5530 verbis

477 5547 720 5600 invenies
756 5547 810 5598 in
857 5546 1198 5614 Expositione
1237 5547 1362 5615 ﬁdei
1423 5563 1452 5600 a
1486 5561 1636 5600 num.
1669 5545 1758 5610 15,
1816 5545 1884 5598 ad
1920 5544 2058 5600 inte-

479 5630 634 5684 grum
672 5631 844 5684 usque
873 5631 1084 5670 numer.
1119 5617 1206 5670 18.

1485 5181 1621 5250 '71).
1675 5179 1856 5252 τελείᾳ
1895 5181 2197 5250 συνειδήσει
2268 5179 2824 5252 πληροφορουμένων.

2153 4766 2375 4820 σματος,
2439 4751 2520 4810 είς
2577 4750 2850 4820 ἡμετέρας
2911 4748 3080 4812 ἀκοὰς
3122 4750 3352 4818 ἀφῖκται
3415 4745 3498 4814 εἷς
3557 4751 3726 4822 ὑπάρ-

2153 4859 2266 4909 χειν
2333 4842 2389 4892 ὲν
2429 4843 2496 4911 τῇ
2548 4839 2654 4894 τῶν
2691 4841 2906 4894 Λυκίων
2958 4839 3110 4910 χώρᾳ
3159 4840 3552 4912 πρεσϐύτερος.
3613 4843 3726 4896 Εἰσὶ

2153 4934 2208 4987 δὲ
2259 4935 2352 4988 καὶ
2395 4934 2558 4996 ἄλλοι,
2633 4927 2708 4988 ὧν
2769 4935 2994 4996 ἕκαστος
3062 4934 3183 4988 καθ’
3239 4934 3434 4988 ἑαυτὸν
3493 4932 3726 5004 εὔχεται,

2156 5027 2248 5080 καὶ
2320 5029 2381 5080 οὺ
2441 5028 2578 5096 μετά
2631 5043 2776 5088 τινος
2817 5026 2880 5078 τὸ
2919 5025 3227 5091 ’παράπανν
3285 5025 3505 5095 "Et-spor.
3565 5027 3620 5079 δὲ
3673 5028 3730 5078 ὲν

2921 5178 2938 5208 ⁸
2974 5175 3034 5230 F.
3087 5177 3147 5231 ού
3217 5177 3408 5249 δεξάμ.
3463 5179 3723 5252 χειροθεσ.

2225 5402 2340 5474 (55)
2382 5403 2476 5474 Ὠς
2518 5399 2832 5474 Ζακχαῖος.
2885 5399 3018 5454 Vide
3045 5417 3167 5470 quae
3213 5401 3282 5458 de
3315 5402 3424 5458 isto
3475 5401 3728 5458 Zaccltco

2152 5471 2534 5529 adnotavimus
2571 5471 2638 5524 ad
2672 5479 3041 5540 memoratum
3059 5487 3230 5540 nuper
3263 5489 3418 5528 num.
3457 5474 3540 5528 l3.

2224 5545 2332 5614 (54)
2381 5539 2831 5614 Ἄναϐαπτίζειν,
2868 5539 3070 5614 ειοηίξζι
3099 5539 3187 5596 hic
3221 5543 3536 5599 recolantur
3567 5557 3724 5614 oper:

2153 5609 2374 5682 tet'quze
2397 5613 2721 5682 scripsimus
2764 5611 2830 5665 ad
2867 5611 3204 5682 simillimum
3249 5615 3430 5670 locum
3486 5609 3632 5668 nunt.
3665 5609 3726 5667 13

552 5683 663 5758 (52)
693 5679 1040 5758 Qoitfercum
1071 5687 1192 5741 istis
1219 5701 1340 5756 qua:
1365 5687 1620 5758 leguntur
1673 5700 1824 5740 nam.
1857 5685 1923 5741 l5
1951 5685 2062 5740 Ex-
2155 5679 2362 5740 laudati
2399 5683 2454 5736 in
2491 5679 2834 5750 Expositione
2861 5681 3007 5751 ﬁdei.

481 5753 757 5816 positionis
788 5755 932 5820 ﬁdei.
