3986 6224
408 360 512 416 877

1701 336 2357 414 ANACEPIIALZEOSIS.

3566 353 3671 410 878

407 477 601 538 κλοιοῖς
633 475 744 549 (53)
771 477 919 547 παρὰ
945 477 1032 531 τὸν
1065 477 1262 548 θεσμὸν
1295 479 1393 548 τῆς
1422 479 1764 548 Ἐκκλησίας.
1797 480 1986 550 Διόπερ

2100 494 2199 532 nec
2243 475 2580 532 exsecranda
2630 476 2720 529 illa
2767 483 2918 531 secta
2967 475 3035 529 ab
3091 473 3349 530 Ecclesia!
3389 473 3672 528 consortio

405 568 496 618 ἐπὶ
523 567 665 620 τέλει
704 569 905 633 παντὸς
947 571 1040 623 τοῦ
1085 571 1246 639 λόγου
1285 571 1529 634 νεάνιδας
1555 572 1710 639 ἔφην,
1736 571 1809 640 μὴ
1837 571 1992 640 ἐχού-

408 673 509 720 σας
564 658 816 728 ἀριθμὸν,
843 661 940 724 τάς
993 679 1053 714 τε
1096 663 1238 716 κατὰ
1263 663 1362 732 τὴν
1394 663 1532 716 ίδίαν
1562 662 1772 716 ἔννοιαν
1805 661 2000 723 αὑταῖς

405 748 780 814 νεανιζούσας,
806 753 868 805 οὐ
898 753 1004 822 μὴν
1057 755 1136 817 είς
1185 755 1246 807 τὸ
1299 754 1528 822 ἀγαθὸν,
1554 757 1633 819 εἰς
1659 755 1720 808 τὸ
1752 754 1992 809 τελειοῦν

405 839 504 908 τῆς
543 841 736 909 σοφίας
780 842 846 895 τὰ
888 842 1028 914 εἴδη,
1066 845 1380 914 φρονήσεώς
1415 864 1474 898 τε
1507 847 1599 900 καὶ
1625 847 1878 916 ἀνδρείας
1900 846 1993 898 καὶ

409 929 765 1000 σωφροσύνης
784 933 878 984 καὶ
905 933 1273 1004 δικαιοσύνης.
1311 934 1399 998 Ἐξ
1429 929 1503 988 ὧν
1527 936 1680 989 ἄλλαι
1716 936 1988 1000 νεανίζου-

408 1036 500 1071 σαι
545 1021 636 1074 ἐπὶ
683 1023 744 1075 τὸ
787 1026 1274 1098 τυραννικώτερον,
1321 1029 1417 1080 καὶ
1445 1029 1552 1081 ἀπὸ
1585 1029 1686 1098 τῆς
1730 1028 1989 1098 ἀληθείας

405 1113 607 1194 ἑαυτὰς
635 1116 980 1186 ἐκτρέπουσι,
1008 1119 1148 1172 ὥστε
1179 1121 1253 1190 μὴ
1282 1116 1418 1173 εἶναι
1472 1119 1706 1190 ἀριθμὸν
1756 1119 1982 1172 τούτων.

2101 580 2434 641 segregetur,
2485 576 2710 622 ut'tunc
2754 568 2958 638 aliquid
2998 568 3067 621 de
3099 566 3190 620 illa
3241 571 3538 621 statuatur.
3593 562 3668 616 Ex

2099 662 2170 716 iis
2198 662 2288 730 qui
2320 671 2513 730 suapte
2552 661 2876 714 auctoritate
2921 659 3116 713 iterum
3147 658 3252 711 hoc
3291 656 3454 710 modo
3497 657 3672 726 bapti-

2099 764 2244 817 zaut,
2283 754 2446 806 audio
2469 751 2761 824 quemdam
2811 752 2867 806 in
2902 750 3069 822 Lycia
3101 750 3480 821 presbyterum
3526 761 3670 804 esse.

2097 845 2201 899 Sed
2237 854 2291 900 et
2324 844 2448 899 aliis
2495 845 2549 897 in
2584 844 2724 900 locis
2765 843 3124 913 reperiuntur
3150 842 3270 906 alii,
3299 841 3391 908 qui
3427 840 3673 907 singilla-

2096 937 2190 989 tim
2247 950 2314 988 ac
2372 937 2609 1004 separati
2673 950 2862 1005 preces
2920 935 3161 997 obeunt,
3219 942 3273 988 et
3333 935 3666 1003 reliquorqu

2095 1027 2538 1080 communionem
2565 1040 2784 1079 omnem
2823 1035 3106 1094 respuunt.
3146 1025 3251 1077 Alii
3297 1025 3520 1078 collaria
3565 1024 3670 1077 sibi

2094 1127 2290 1188 praeter
2326 1118 2585 1172 Ecclesia:
2615 1120 2759 1188 leges
2798 1122 3099 1172 innectunt.
3133 1117 3309 1182 Quam
3338 1117 3410 1170 ob
3445 1131 3669 1171 causam

406 1207 836 1278 disputationem
863 1228 1080 1268 omnem
1104 1215 1206 1268 hac
1266 1219 1536 1270 sententia
1596 1217 1862 1280 conclusi,
1923 1214 2361 1268 adolescentulus
2422 1229 2546 1268 esse
2605 1215 2758 1268 nullo
2794 1228 3024 1269 numero
3049 1211 3674 1282 comprehensaszquae

409 1300 624 1368 privato
655 1307 887 1360 consilio
922 1309 1186 1363 audacter
1216 1310 1624 1379 insolenterque
1653 1325 1713 1365 se
1763 1317 1988 1380 gerunt;
2034 1324 2142 1363 non
2175 1319 2236 1363 ut
2264 1309 2392 1363 boni
2421 1309 2622 1378 aliquid
2655 1319 3085 1379 consequantur,
3143 1319 3239 1361 aut
3273 1306 3557 1376 sapientia:
3613 1305 3670 1359 in

408 1414 530 1454 sese
583 1416 756 1469 genus
820 1404 1042 1473 aliquod
1101 1409 1424 1477 expoliunt,
1492 1417 1620 1479 puta
1655 1411 1981 1480 prudentiaa.
2019 1407 2376 1471 fortitudinis,
2427 1405 2822 1475 temperantiae,
2852 1401 3100 1471 justitiae.
3133 1399 3255 1467 Quo
3307 1416 3373 1454 ex
3440 1416 3672 1455 numero

411 1493 698 1562 tyrannica
734 1508 890 1548 more
933 1497 1184 1566 quaedam
1225 1497 1552 1564 efferuntur,
1600 1511 1764 1572 atque
1806 1518 1836 1556 a
1869 1502 2094 1556 veritate
2131 1498 2444 1561 deﬂectunt,
2474 1497 2626 1550 nullo
2654 1501 2714 1548 ut
2755 1508 2982 1547 numero
3015 1490 3279 1545 contineri
3324 1489 3560 1559 possint.

473 1583 622 1655 Αὕτη
673 1585 727 1638 δὲ
770 1588 809 1655 ἡ
850 1589 960 1655 μία
1001 1595 1321 1660 περιστερὰ
1364 1596 1457 1647 καὶ
1514 1596 1644 1664 ἁγία
1719 1595 1987 1668 παρθένος

403 1677 536 1730 Θεὸν
559 1679 828 1748 ὁμολογεῖ,
857 1681 1074 1752 Πατέρα
1100 1684 1195 1735 καὶ
1223 1683 1351 1737 Υἱὸν
1391 1687 1486 1738 καὶ
1529 1687 1682 1755 ἅγιον
1718 1688 1944 1758 Πνεῦμα
1969 1705 1982 1716 ·

404 1769 624 1839 Πατέρα
655 1770 879 1837 τέλειον,
912 1772 1041 1826 Υἱὺν
1066 1773 1292 1838 τέλειον,
1324 1776 1549 1848 Πνεῦμα
1574 1778 1730 1847 ἅγιον
1759 1779 1981 1832 τέλειον·

401 1861 686 1929 ὀμοούσιον
708 1863 808 1932 τὴν
831 1863 1056 1934 Τριάδα.
1076 1865 1235 1918 Ἀλλὰ
1254 1867 1348 1920 τὸν
1370 1868 1498 1922 Υίὸν
1522 1870 1586 1922 ἐκ
1612 1871 1825 1942 Πατρὸς
1846 1872 1981 1943 ἀλη-

403 1951 566 2016 θινῶς
599 1955 1017 2026 γεγεννημένον,
1052 1957 1230 2010 καὶτὸ
1255 1958 1410 2027 ἆγιον
1445 1960 1669 2031 Πνεῦμα
1700 1962 1799 2015 οὐκ
1829 1963 1984 2016 ἁλλό-

402 2060 552 2114 τριον
579 2045 794 2117 ΙΙατρὸς
825 2047 918 2100 καὶ
938 2046 1100 2100 Υἱοῦο
1128 2044 1294 2103 οὖσαν
1315 2050 1373 2103 δὲ
1405 2052 1492 2104 ἀεὶ
1519 2052 1618 2123 τὴν
1643 2054 1870 2125 Τριάδα,
1891 2057 1986 2108 καὶ

404 2134 672 2203 μηδέποτε
719 2137 1038 2210 προσθήκην
1087 2139 1511 2212 ἐπιδεχομένην·
1548 2143 1622 2215 μὴ
1669 2144 1896 2214 ἔχουσαν
1926 2146 1984 2199 δέ

401 2241 454 2277 τι
478 2225 536 2277 ἐν
558 2226 694 2298 αὐτῇ
723 2229 1080 2301 ὑποϐεϐηκὸς,
1105 2233 1186 2295 είς
1211 2233 1340 2303 μίαν
1364 2233 1419 2285 δὲ
1443 2234 1671 2305 ἑνότητα
1711 2236 1806 2288 καὶ
1855 2236 1985 2307 μίαν

401 2317 576 2388 ἀρχὴν
603 2319 696 2372 τοῦ
723 2319 860 2373 Θεοῦ
887 2323 980 2375 καὶ
1012 2323 1225 2397 Πατρὺς
1255 2324 1616 2396 ἀναγομένην.
1645 2329 1751 2381 Kal
1776 2331 1840 2382 ἐκ
1856 2329 1986 2383 ταύ-

400 2423 501 2477 της
529 2411 631 2478 τῆς
662 2409 890 2481 Τριὰδος
940 2413 1154 2483 Πατρος
1201 2416 1296 2469 καὶ
1329 2415 1460 2469 Υίοῦ
1493 2417 1588 2470 καὶ
1625 2417 1780 2487 ἁγίου
1814 2419 1984 2472 Πνεύ-

405 2516 575 2568 ματος
597 2500 668 2553 τὰ
697 2502 875 2556 πάντα
904 2505 1208 2571 ἐκτίσθαιῆ
1249 2507 1349 2561 οὐκ
1381 2508 1512 2563 ὄντα
1540 2511 1690 2573 ποτὲ,
1709 2509 1832 2564 οὕτε
1856 2529 1984 2565 συν-

401 2590 529 2644 όντα
563 2592 644 2662 τῷ
692 2593 832 2664 Θεῷ,
865 2594 988 2649 οὔτε
1039 2599 1490 2670 προϋπάρξαντα,
1518 2602 1778 2678 γινόμενα
1820 2604 1878 2658 δὲ
1921 2605 1985 2658 ἐκ

399 2682 496 2735 τοῦ
530 2684 602 2754 μὴ
633 2685 786 2749 ὄντος
816 2689 895 2752 εἰς
924 2689 986 2742 τὸ
1014 2685 1154 2745 εἶναι
1204 2693 1312 2746 ἀπὸ
1353 2694 1564 2764 Πατρὺς
1606 2697 1698 2749 καὶ
1725 2696 1858 2750 Υίοῦ
1893 2699 1986 2751 καὶ

401 2777 559 2845 ἁγίου
595 2779 930 2850 Πνεύματος.
976 2783 1085 2836 Kal
1129 2783 1318 2837 τοῦτον
1348 2785 1438 2838 τὸν
1459 2786 1693 2858 Πατέρα
1731 2789 1826 2840 καὶ
1858 2789 1985 2842 Υίὺν

401 2871 495 2922 καὶ
519 2870 671 2937 ἅγιον
697 2870 918 2942 Πνεῦμα
945 2877 1058 2938 τοῖς
1085 2874 1250 2930 αὐτοῦ
1282 2877 1456 2946 ἁγίοις
1485 2877 1898 2943 καταξιώσαντα
1927 2882 1985 2934 ὲν

400 2962 689 3027 ὁπτασίαις
734 2967 988 3036 φανῆναι,
1033 2967 1284 3041 καθάπερ
1329 2970 1558 3039 ἠδύνατο
1596 2971 1827 3036 ἕκαστος
1876 2991 1985 3043 χω-

402 3056 541 3123 ρεῖν.
571 3054 713 3108 κατὰ
743 3057 804 3109 τὸ
831 3058 1072 3130 χάρισμα
1097 3061 1194 3132 τῆς
1219 3061 1384 3115 αὐτοῦ
1410 3062 1641 3135 δυνατῆς
1677 3063 1984 3136 θεότητος²,

2166 1593 2291 1648 Haec
2341 1603 2522 1646 autem
2573 1607 2679 1644 ima
2730 1589 2828 1642 illa
2878 1587 3124 1642 columba
3178 1595 3476 1656 sanctaque
3518 1586 3672 1654 virgo

2091 1685 2260 1775 Depm
2292 1685 2584 1738 confitetur
2605 1680 2818 1735 Patrem
2861 1691 2914 1735 et
2941 1679 3138 1733 Filium
3169 1689 3222 1734 et
3251 1680 3514 1750 Spiritum
3543 1696 3672 1736 san-

2023 1813 2062 1868 B
2091 1769 2239 1834 ctum
2283 1795 2296 1830 :
2331 1775 2549 1830 Patrem
2594 1773 2916 1852 perfectum,
2960 1769 3159 1825 Filium
3195 1769 3532 1868 perfectum;
3548 1787 3672 1842 pera

2092 1870 2292 1925 fectum
2323 1868 2586 1938 Spiritum
2615 1874 2887 1929 sanctum,
2922 1863 3446 1918 consubstantialem
3488 1862 3670 1916 Triui-

2089 1970 2275 2016 tatem.
2307 1959 2413 2014 Sed
2437 1957 2632 2013 Filium
2657 1972 2784 2011 vere
2815 1971 2844 2009 a
2868 1955 3026 2010 Patre
3045 1955 3306 2026 genitum,
3329 1962 3384 2010 et
3408 1952 3670 2024 Spiritum

2091 2069 2343 2109 sanctum
2377 2069 2406 2105 a
2440 2051 2601 2105 Patre
2658 2047 2908 2118 Filioque
2952 2062 3060 2103 non
3099 2049 3339 2102 alienum
3375 2065 3388 2101 :
3429 2035 3705 2100 TrinitaJ

2090 2154 2222 2209 tem,
2270 2146 2514 2214 inquam.
2546 2156 2666 2212 quae
2695 2153 2911 2210 semper
2935 2140 3028 2203 sit,
3058 2154 3235 2208 neque
3284 2139 3451 2193 ullam
3479 2153 3672 2192 acces-

2090 2239 2300 2294 sionem
2363 2235 2565 2304 capiat,
2616 2246 2793 2302 neque
2836 2232 3135 2301 quidquam
3188 2232 3244 2285 in
3281 2245 3403 2287 sese
3442 2228 3673 2286 inferius

2091 2330 2318 2392 habeat;
2348 2340 2576 2397 quaeque
2611 2325 2678 2377 ad
2724 2323 3055 2392 singularem
3087 2322 3374 2386 unitatem,
3417 2321 3672 2375 unicum-

2089 2435 2196 2490 que
2232 2418 2325 2472 Dei
2365 2433 2429 2471 ac
2459 2414 2640 2468 Patris
2670 2412 3000 2484 principium
3032 2410 3323 2466 referatur.
3367 2409 3452 2466 Ab
3481 2411 3671 2466 eadem

2091 2509 2360 2564 Trinitate
2412 2506 2571 2560 Patre
2615 2513 2670 2560 et
2723 2501 2862 2557 Filio
2903 2510 2958 2556 et
3009 2501 3216 2572 Spiritu
3259 2511 3452 2556 sancto
3487 2509 3670 2567 creata

2089 2615 2214 2656 esse
2245 2607 2461 2662 cuncta,
2503 2611 2626 2666 qua:
2673 2593 2967 2663 aliquando
3005 2609 3114 2648 non
3142 2593 3453 2657 exstabant,
3495 2607 3673 2662 neque

2091 2708 2215 2748 cum
2253 2690 2364 2744 Deo
2393 2699 2572 2751 erant,
2611 2702 2712 2742 nec
2757 2694 2885 2741 ante
2909 2684 3264 2750 exsistebaut,
3301 2685 3397 2739 sed
3437 2700 3470 2738 e
3500 2683 3674 2739 nihilo

2091 2784 2295 2854 aliquid
2348 2798 2473 2837 esse
2540 2789 2848 2850 cmperunt,
2893 2795 2924 2833 a
2967 2779 3204 2834 Patreet
3237 2777 3374 2832 Filio
3397 2787 3454 2833 et
3481 2785 3673 2833 sancto

2093 2877 2303 2946 Spiritu
2346 2875 2645 2945 producta;
2669 2882 2720 2926 et
2751 2871 2897 2925 hunc
2935 2869 3146 2940 1135
3173 2871 3350 2940 ipsum
3375 2868 3589 2925 Patrem
3615 2879 3674 2924 et

2091 2967 2288 3022 Filiqu
2336 2973 2392 3019 et
2432 2965 2694 3034 Spiritum
2723 2971 2970 3018 sanctum
3015 2962 3222 3018 sanctis
3260 2963 3376 3018 suis
3407 2962 3463 3017 in
3507 2962 3674 3018 visio-

2092 3061 2255 3115 nibus
2315 3072 2578 3127 apparere
2634 3056 2914 3126 dignatum
2972 3070 3115 3120 esse,
3163 3062 3430 3125 quantum
3474 3070 3672 3125 capere

401 3146 540 3216 ὅπερ
573 3145 854 3218 ἐχαρίζετο
879 3149 1094 3221 ἑκάστῳ
1125 3152 1233 3205 τῶν
1264 3153 1730 3224 καταξιουμένων.
1772 3157 1855 3226 Πὴ
1886 3157 1983 3228 μὲν

2093 3151 2326 3221 quisque
2366 3157 2597 3217 poterat,
2631 3146 2930 3203 secundum
2966 3147 3168 3200 donum
3199 3148 3437 3217 potentis
3475 3148 3672 3203 divini-

402 3239 624 3311 Πατέρα
650 3238 947 3294 θεάσασθαι
980 3241 1164 3306 καθὼς
1191 3244 1438 3312 ἠδύνατο,
1475 3243 1706 3298 ἀκοῦσαι
1735 3245 1836 3314 τῆς
1867 3263 1981 3314 φω-

403 3330 504 3400 νῆς
552 3331 717 3384 αὐτοῦ
762 3332 838 3395 ὼς
885 3332 1116 3403 ἐχώρει·
1153 3335 1228 3399 ὼς
1256 3337 1314 3388 ἐν
1345 3336 1576 3406 στόματι
1623 3337 1718 3390 τοῦ
1758 3338 1983 3392 Ἢσαῖου

404 3423 618 3492 ἔλεγεν·
661 3423 810 3478 Ἰδοὺ
857 3425 1117 3491 συνήσει
1166 3430 1199 3480 ὁ
1251 3427 1392 3494 παῖς
1436 3446 1556 3497 μου
1583 3431 1616 3482 ὁ
1644 3429 1980 3497 ἀγαπητός·

403 3513 562 3570 τοῦτο
611 3515 762 3587 φωνὴ
822 3517 1054 3588 Πατρός.
1108 3519 1218 3571 Kal
1251 3519 1326 3582 ὡς
1360 3521 1388 3572 ὁ
1409 3519 1636 3590 Δανιὴλ,
1664 3516 1842 3573 Εἷδεν
1879 3521 1986 3573 τὸν

403 3607 672 3662 Παλαιὸν
697 3607 816 3660 τῶν
846 3608 1112 3677 ἡμερῶν·
1144 3611 1300 3664 τοῦτο
1331 3611 1566 3666 ὀπτασία
1613 3611 1707 3665 τοῦ
1751 3613 1983 3684 Πατρός.

416 3700 506 3763 Ὠς
537 3701 594 3752 δὲ
624 3703 681 3754 ἐν
719 3699 796 3770 τῷ
823 3703 1076 3774 προφήτῃ
1111 3702 1274 3756 πάλιν
1294 3719 1308 3732 ·
1350 3702 1492 3773 Ἐγὼ
1520 3703 1763 3773 ὁράσεις
1791 3703 1983 3773 ἐπλή-

405 3795 579 3853 θυνα,
622 3790 720 3844 καὶ
757 3792 827 3844 ἐν
865 3791 1038 3860 χερσὶ
1082 3781 1406 3862 προφητῶν
1443 3795 1783 3864 ὡμοιώθην·
1827 3795 1987 3848 τοῦτο

405 3881 558 3953 φωνὴ
586 3883 846 3946 Υἱοῦ.⁹Ως
876 3885 930 3937 δὲ
955 3887 1012 3937 ὲν
1042 3885 1330 3956 Ἰεζεκιήλ·
1366 3887 1473 3940 Καὶ
1495 3888 1676 3940 ἔλαϐέ
1697 3905 1776 3957 με
1797 3888 1986 3943 Πνεῦ-

401 3993 488 4046 μα
519 3978 689 4039 Θεοῦ,
714 3979 810 4031 καὶ
835 3979 1086 4042 ἐξέϐαλέ
1109 3997 1187 4047 με
1213 3983 1299 4045 είς
1318 3980 1383 4032 τὸ
1413 3981 1649 4034 πεδίον·
1680 3980 1838 4034 τοῦτο
1860 3983 1986 4052 περὶ

405 4066 499 4120 τοῦ
536 4067 691 4135 ἁγίου
728 4069 1061 4139 Πνεύματος.
1095 4071 1204 4123 Kal
1253 4070 1424 4123 πολλὰ
1471 4071 1585 4124 ἔστι
1639 4071 1862 4124 τοιαῦτα
1894 4072 1984 4124 λέ-

405 4175 544 4224 γειν,
569 4151 643 4212 ὧν
665 4159 859 4226 ὀλίγων
890 4157 997 4212 ἀπὸ
1029 4160 1228 4230 μέρους
1251 4161 1690 4232 ὑπομνησθέντες
1715 4163 1774 4215 ἐν
1804 4179 1985 4234 παρα-

404 4249 577 4318 δρομῇ
608 4251 688 4310 είς
710 4250 770 4301 τὺ
801 4250 968 4314 δεῖξαι
997 4250 1087 4304 τὸν
1121 4253 1448 4323 χαρακτῆρα
1493 4252 1592 4322 τῆς
1638 4253 1984 4323 Ἐκκλησίας,

404 4341 472 4392 τὰ
500 4341 590 4392 δύο
625 4343 844 4411 ῥήματα
873 4344 1243 4413 παρεθέμεθα,
1286 4345 1494 4414 μυρίων
1527 4345 1696 4398 ὄντων
1746 4347 1840 4398 καὶ
1889 4347 1988 4396 ἐπ-

405 4432 591 4484 έκεινα
632 4434 738 4486 τῶν
779 4435 982 4504 ὁμοίων
1024 4434 1232 4498 τούτοις
1273 4438 1332 4488 ἐν
1369 4439 1489 4499 ταῖς
1531 4437 1700 4501 θείαις
1745 4439 1990 4508 Γραφαῖς

2087 3242 2216 3297 talis
2269 3238 2462 3309 ipsius,
2497 3240 2643 3309 quod
2678 3239 2970 3308 unicuique
3011 3254 3201 3293 eorum
3244 3241 3338 3308 qui
3367 3240 3516 3310 digni
3545 3239 3668 3295 facti

2089 3331 2326 3395 fuerant,
2345 3333 2626 3402 impertiit.
2658 3332 2734 3385 ita
2752 3330 2930 3385 Patris
2953 3340 3206 3400 aspectus
3233 3333 3526 3402 unicuique
3550 3349 3674 3403 pur-

2088 3424 2292 3479 missus
2317 3433 2421 3488 est,
2454 3435 2718 3493 quantum
2774 3438 2961 3478 vocem
2996 3425 3140 3478 illius
3177 3423 3367 3478 audire
3413 3439 3476 3477 ac
3510 3433 3674 3494 prout

2092 3530 2289 3586 capere
2329 3523 2584 3585 poterat;
2640 3523 2698 3569 ut
2747 3529 2872 3568 cum
2913 3530 3008 3584 per
3035 3513 3230 3570 Isaiam
3277 3516 3348 3568 ita
3386 3516 3667 3586 loquitur:

2087 3612 2225 3662 Ecce
2276 3606 2532 3677 intelliget
2589 3623 2718 3676 puer
2757 3623 2902 3662 meus
2949 3607 3171 3661 dilectus
3205 3608 3226 3639 ⁸
3270 3625 3284 3660 :
3326 3624 3446 3678 quae
3491 3608 3672 3665 Patris

2090 3701 2262 3771 ipsius
2289 3701 2450 3753 verba
2486 3707 2632 3754 sunt.
2662 3700 2752 3753 Sic
2794 3698 3018 3753 Daniel:
3061 3699 3180 3752 Vidi
3231 3700 3520 3770 Antiquam
3559 3702 3670 3756 dic-

2089 3791 2474 3860 rum‘:quod
2531 3793 2705 3846 visum
2757 3793 2937 3858 Patris
2995 3793 3271 3863 proprium
3345 3793 3464 3846 fuit.
3524 3792 3669 3858 Quin

2089 3886 2250 3938 etiam
2281 3884 2423 3952 apud
2458 3885 2624 3936 alium
2655 3885 2971 3954 preplietam
3005 3905 3018 3938 :
3053 3883 3183 3954 Ego,
3220 3884 3419 3954 inquit,
3447 3886 3670 3939 visiones

2089 3975 2461 4043 multiplicari,
2488 3978 2614 4028 etin
2651 3976 2894 4030 manibus
2933 3977 3304 4043 prophetarum
3339 3976 3670 4031 assimilatas

2091 4083 2208 4119 sum
2235 4068 2277 4119 ⁵.
2313 4065 2387 4120 Ea
2439 4083 2539 4120 vox
2591 4079 2676 4121 est
2711 4067 2830 4120 Filii
2868 4070 3107 4136 propria.
3140 4069 3295 4137 Apud
3330 4069 3667 4124 Ezechielcm

2090 4173 2219 4211 vero
2255 4171 2268 4208 :
2311 4155 2375 4209 Et
2397 4160 2680 4225 assumpsit
2716 4176 2814 4224 me,
2846 4160 3041 4228 inquit,
3071 4159 3301 4227 Spiritus
3332 4159 3448 4223 Dei,
3493 4170 3543 4214 et
3571 4160 3673 4223 εἰει

2094 4249 2161 4300 cit
2187 4264 2266 4301 me
2289 4249 2342 4301 in
2362 4265 2606 4316 campum
2632 4250 2845 4318 “:quod
2877 4250 2941 4303 ad
2975 4249 3240 4320 Spiritum
3272 4258 3522 4306 sanctum
3555 4268 3674 4323 per-

2095 4342 2249 4394 tinet.
2288 4340 2564 4409 I‘Jjusmodi
2601 4343 2702 4395 alia
2731 4342 2962 4410 proferri
2994 4344 3393 4413 quamplurima
3415 4354 3670 4415 possunt;

2093 4449 2124 4487 ο
2147 4434 2346 4503 quibus
2382 4449 2550 4503 pauca
2577 4436 2823 4504 qumdam
2855 4436 3033 4490 obiter
3065 4438 3471 4507 proposuimus.
3498 4439 3674 4509 Atque

406 4519 648 4583 Παλαιᾶς
689 4541 746 4575 τε
775 4525 868 4576 καὶ
895 4527 1102 4595 Καινῆς
1136 4526 1411 4597 Διαθήκης
1443 4529 1848 4598 ἐμφερομένων.
1883 4530 1986 4581 Kal

2099 4534 2158 4578 ιιι
2198 4527 2473 4596 propriam
2521 4526 2779 4582 Ecclesia:
2813 4529 3042 4583 formam
3089 4545 3154 4583 ac
3182 4538 3341 4585 notas
3366 4531 3675 4586 ostendere-

405 4615 488 4666 ὅτι
516 4614 676 4676 αὐτὸς
708 4615 912 4684 Κύριος
941 4616 1139 4669 ἔπλασε
1163 4618 1222 4668 τὸ
1254 4617 1413 4686 σῶμα
1441 4618 1517 4687 τῷ
1556 4619 1748 4689 Ἀδὰμ,
1777 4619 1868 4672 καὶ
1888 4620 1988 4672 ἐν-

403 4703 704 4758 έπνευσεν
729 4706 798 4758 ἐν
821 4707 978 4772 αὐτῷ
1012 4709 1210 4776 πνοὴν
1241 4708 1404 4776 ζωῆς,
1427 4711 1615 4774 κτίσας
1640 4711 1787 4780 αὐτῷ
1812 4711 1991 4782 ψυχὴν

406 4795 607 4858 ζῶσαν.
636 4798 744 4850 Kal
780 4800 862 4850 ὅτι
903 4800 1065 4862 αὐτὸς
1098 4799 1295 4852 δέδωκε
1333 4801 1424 4853 τὸν
1457 4803 1619 4872 νόμον
1659 4802 1736 4873 τῷ
1780 4805 1988 4874 Μωῦσῇ

404 4888 434 4938 ὁ
463 4887 616 4949 Θεὸς,
660 4888 848 4958 Πατὴρ
869 4889 963 4942 καὶ
999 4889 1126 4952 Υἱὸς
1156 4891 1250 4942 καὶ
1275 4891 1428 4958 ἆγιον
1461 4891 1706 4962 Πνεῦμα,
1739 4893 1835 4962 μία
1874 4893 1992 4945 θεόο

405 4995 524 5047 της.
556 4980 661 5032 Καὶ
699 4981 781 5032 ὅτι
829 4981 878 5032 οἰ
913 4982 1191 5051 προφῆται
1239 4982 1343 5035 ὑπὸ
1383 4982 1484 5052 τῆς
1537 4984 1706 5052 αὐτῆς
1736 4983 1990 5055 θεότητος

406 5071 812 5141 ἀπεστάλησαν.
845 5075 953 5126 Καὶ
976 5075 1056 5126 ὅτι
1083 5075 1244 5137 αὐτὸς
1270 5077 1400 5144 ἡμῖν
1433 5076 1461 5126 ὁ
1489 5075 1641 5139 Θεὸς,
1668 5078 1695 5127 ὁ
1724 5077 1991 5130 Ἰουδαίων

404 5179 468 5214 τε
520 5164 612 5214 καὶ
660 5165 998 5233 Χριστιανῶν
1030 5165 1106 5218 ὢν
1151 5166 1305 5230 Θεὸς,
1324 5167 1612 5230 Ἰουδαίους
1654 5185 1714 5219 τε
1757 5169 1991 5233 καλέσας

406 5256 487 5316 εξς
515 5255 860 5324 δικαιοσύνην
886 5259 1013 5318 τοὺς
1043 5257 1116 5327 μὴ
1144 5259 1516 5329 ἀρνουμένους
1544 5261 1642 5327 τὴν
1667 5261 1760 5311 τοῦ
1782 5262 1989 5331 Κυρίου

408 5345 568 5416 ἡμῶν
614 5346 786 5416 Ἰησοῦ
816 5347 1048 5418 Χριστοῦ
1079 5350 1398 5419 παρουσίαν.
1429 5352 1538 5402 Καὶ
1564 5352 1770 5414 πάντας
1802 5351 1990 5416 σώζων

478 5503 497 5572 ξ
527 5521 614 5570 γρ.
645 5503 964 5572 κεκτῆσθαι.

400 5566 422 5598 ⁸
461 5566 655 5628 Εῑόοιι.
692 5590 773 5637 ιιι,
803 5566 893 5638 12,
929 5574 1019 5627 22.
1091 5566 1463 5639 ῖϐἑὶιίιιξῖ.

1042 5502 1183 5580 ’τοι
1209 5505 1456 5580 χάρισμα
1494 5507 1662 5561 αὑτοῦ
1702 5509 1792 5564 διὰ
1830 5509 1930 5580 τῆς
1966 5509 2109 5566 θεότ.

2093 4635 2234 4682 mus,
2271 4621 2379 4674 duo
2408 4620 2576 4674 triave
2604 4621 2766 4674 verba
2798 4621 2851 4675 in
2884 4621 3119 4675 medium
3136 4623 3418 4677 attulimus
3448 4640 3513 4678 ex
3545 4623 3672 4676 inli-

2091 4714 2224 4767 nilis
2249 4701 2403 4777 locis,
2433 4730 2553 4783 quae
2593 4715 2806 4768 illorum
2839 4715 3032 4770 similia
3057 4717 3110 4770 in
3143 4715 3444 4784 Scripturis
3468 4731 3532 4770 ac
3559 4725 3668 4768 tam

2095 4805 2287 4860 Vetere
2308 4824 2470 4875 quam
2505 4807 2656 4861 Novo
2682 4807 3035 4862 Testamento
3075 4809 3347 4879 leguntur.
3376 4807 3508 4861 Illud
3543 4825 3671 4863 vero

2094 4899 2316 4967 insuper
2343 4899 2582 4953 Ecclesia
2619 4899 3226 4967 profitetur,Dominum
3261 4900 3438 4969 ipsum
3471 4915 3671 4969 corpus

2094 4993 2302 5045 Atlamo
2328 4993 2646 5055 fabricasse,
2686 5005 2737 5047 ct
2762 4994 3050 5060 inspirasse
3080 4993 3161 5046 illi
3189 4994 3436 5058 spiritum
3473 4993 3592 5046 vita:
3624 4995 3669 5057 ⁷,

2093 5098 2218 5136 cum
2273 5083 2541 5138 viventem
2578 5085 2624 5137 ei
2662 5093 2970 5152 procrearet
3005 5086 3260 5137 animam.
3315 5083 3451 5137 Tum
3500 5083 3672 5154 Moysi

2095 5176 2264 5244 legem
2308 5176 2602 5230 tradidisse
2635 5176 2798 5230 Deum
2832 5177 3006 5246 ipsum
3045 5177 3275 5239 Patrem,
3322 5186 3376 5230 ct
3401 5175 3595 5230 Filium
3621 5186 3674 5231 et

2097 5265 2360 5335 Spiritum
2390 5278 2659 5332 sanctum,
2679 5286 2799 5337 qua:
2821 5278 2902 5322 est
2930 5284 3035 5320 una
3067 5269 3346 5321 divinitas.
3385 5268 3585 5322 Deinde
3604 5269 3674 5323 ab

2093 5358 2283 5413 eadem
2335 5358 2621 5413 divinitate
2683 5361 2973 5429 prophetas
3020 5376 3143 5414 esse
3184 5361 3404 5414 missos.
3445 5360 3524 5413 Ad
3561 5363 3674 5414 haec

2227 5517 2248 5546 ³
2275 5515 2378 5572 lsa.
2409 5532 2504 5581 LII,
2547 5519 2632 5572 l5.
2742 5519 2764 5550 ⁸
2793 5517 2930 5572 Dan.
2958 5535 3057 5587 vn,
3099 5520 3154 5574 9.
3260 5523 3279 5554 '
3313 5521 3437 5579 Ose.
3461 5537 3559 5588 xu,
3589 5523 3671 5574 lt).

496 5687 586 5743 55y
626 5688 722 5738 Ἐν
753 5687 1002 5766 attack,
1034 5695 1140 5766 etc.
1172 5689 1242 5766 lu
1274 5687 1614 5754 Expositione
1657 5692 1804 5759 ﬁdei,
1836 5694 2000 5748 citato
2033 5709 2184 5749 num.
2227 5695 2309 5762 15,
2347 5695 2502 5753 locus
2546 5697 2646 5754 iste
2675 5695 2859 5753 Latine
2900 5697 3166 5766 redditur,
3209 5699 3320 5753 Alii
3368 5697 3509 5755 collo
3558 5697 3672 5752 oin-

401 5747 525 5811 cula
561 5769 751 5827 praeter
785 5747 1033 5812 Ecclesia:
1069 5747 1201 5828 legeis
1225 5747 1516 5814 innectunt.
