3986 6224
403 367 506 424 3:9
1807 358 1864 413 s.
1911 339 2252 412 Epiri-iaetu
3516 361 3610 417 ego

397 480 558 535 nobis
585 478 752 535 Deum
801 492 924 534 esse
961 478 1112 532 illum
1152 477 1244 547 qui
1276 475 1588 532 Judzcorum
1617 489 1680 529 ac
1709 473 1971 529 Christia-

2041 516 2050 536 ι
2079 477 2202 539 τοὺς
2237 477 2375 530 κατὰ
2423 477 2522 548 τήν
2565 477 2822 550 ἀληθινὴν
2851 476 3015 532 αὑτοῦ
3049 476 3226 530 πίστιν
3263 475 3510 546 βιοῦντας,
3535 483 3615 533 καὶ

400 585 592 625 norum
615 579 698 624 est
731 568 905 652 De’us;
940 567 1272 639 quiJudatos
1297 567 1364 622 ad
1386 567 1658 637 justitiam
1689 581 1784 621 eos
1815 581 1974 620 voca-

2083 568 2158 637 μὴ
2191 569 2557 640 ἀρνουμένους
2602 571 2700 642 τὴν
2751 569 3009 642 ἀλήθειαν
3039 570 3134 622 τοῦ
3167 570 3500 642 κηρύγματος
3535 575 3615 642 τῆς

397 663 494 726 vit,
535 662 630 730 qui
681 656 1118 714 itﬁarnationem
1167 659 1340 730 ipsam
1383 657 1597 712 Domini
1639 655 1812 710 nostri
1849 654 1971 711 Jesu

2079 659 2337 728 ἀληθείας
2382 663 2477 714 καὶ
2517 662 2880 732 εὐαγγελικῆς
2923 661 3087 716 αὐτοῦ
3114 656 3617 726 διδασκαλίας.Ἦλθε

395 753 597 808 Christi
629 766 974 823 nequaquam
1004 751 1337 822 abnegarent
1369 770 1382 806 :
1414 750 1616 820 quique
1649 763 1840 804 omnes
1867 747 1969 803 sal-

2079 749 2209 821 γὰρ,
2244 746 2408 822 ἦλθεν
2455 755 2484 806 ὁ
2525 755 2840 825 Μονογενής
2861 771 2876 784 ⁸
2922 754 3018 807 καὶ
3067 751 3238 816 οὕτως
3259 751 3369 822 ἔχει
3399 756 3429 823 ἡ
3461 755 3620 824 μήτηρ

397 851 503 906 vat,
540 843 634 913 qui
661 859 729 898 ex
753 857 896 898 verae
921 841 1096 912 ipsius
1129 841 1251 897 ﬁdei
1285 842 1607 913 praescripto
1625 841 1791 902 vitam
1819 838 1971 894 insli-

2105 841 2238 911 ιμῶν
2276 841 2644 914 Ἐκκλησία,ό
2693 845 2856 916 λιμὴν
2905 845 2934 898 ό
2979 842 3152 908 εὔδιος
3203 843 3302 912 τῆς
3350 844 3622 914 εἰρήνηςνή

395 941 575 996 tuunt,
635 949 813 1005 neque
850 949 992 990 verte
1037 943 1092 989 et
1142 934 1469 1005 evangelica:
1514 933 1663 988 illius
1713 931 1969 987 doctrina!

2081 933 2352 1004 εὐφρασία
2400 936 2434 1004 ἡ
2489 936 2726 990 πνέουσα
2767 937 2859 990 τὸν
2905 934 3114 1005 κύπρον
3143 934 3242 1005 τῆς
3269 933 3520 1003 ἀμπέλου,
3544 931 3625 985 καὶ

397 1024 747 1092 praedicatum
802 1023 1004 1094 ubique
1041 1023 1241 1094 dogma
1283 1031 1572 1094 respuunt.
1615 1021 1775 1078 Venit
1805 1020 1971 1084 enim,

2083 1023 2279 1095 βότρυν
2309 1026 2549 1098 φέρουσα
2579 1029 2714 1099 ἡμῖν
2741 1027 2842 1098 τῆς
2867 1026 3140 1096 εὐλογίας,
3171 1026 3264 1080 καὶ
3287 1025 3345 1078 τὸ
3371 1025 3623 1080 λυσίπονον

397 1116 544 1169 venit
577 1113 1123 1186 Unigenitus,itaque
1149 1123 1324 1170 mater
1355 1124 1546 1170 nostra
1579 1113 1821 1170 Ecclesia
1853 1129 1971 1182 pro-

2080 1117 2212 1186 ήμῖν
2259 1119 2412 1190 πόμα
2445 1121 2566 1174 καθ’
2591 1122 2828 1191 ὲκάστην
2858 1121 3093 1192 ἡμέραν,
3125 1115 3262 1190 αἷμα
3293 1118 3516 1190 Χίοιστοὗ
3539 1136 3623 1188 κα·

397 1209 600 1261 litetur.
618 1205 750 1273 Quae
769 1207 1098 1278 tranquillus
1120 1207 1270 1276 pacis
1295 1213 1485 1277 portus
1505 1213 1591 1262 est
1619 1223 1632 1261 :
1658 1213 1712 1261 et
1733 1203 1971 1259 suavitas

1295 1213 1485 1277 portus
1505 1213 1591 1262 est
1619 1223 1632 1261 :
1658 1213 1712 1261 et
1733 1203 1977 1259 suavitas
2081 1203 2336 1277 ριζομένη
2371 1209 2859 1280 ἀκρατον,ἀληθές.

395 1297 644 1366 quaedam
711 1313 938 1368 cyprum
981 1298 1108 1354 vitis
1172 1299 1446 1363 redoleas,
1483 1305 1540 1354 et
1587 1298 1806 1352 botrum
1875 1294 2038 1350 nobis
2079 1296 2483 1357 benedictionis
2541 1302 2830 1370 proferens
2863 1303 2911 1368 ¹;
2939 1316 3150 1357 necnon
3197 1309 3254 1356 et
3297 1299 3624 1370 pratsentissi-

397 1409 544 1448 mum
579 1393 710 1448 illud
735 1393 1104 1464 abstergendo
1143 1394 1367 1448 maerori
1421 1402 1632 1464 potum,
1696 1405 1907 1446 merum
1973 1390 2176 1447 scilicet
2235 1407 2300 1448 ac
2353 1410 2542 1450 verum
2606 1395 2810 1452 Christi
2869 1397 3190 1466 sanguinem
3254 1394 3489 1464 quotidie
3536 1394 3624 1448 lar-

397 1486 578 1554 giens.
1585 1503 1590 1510 τ

462 1576 730 1632 Praeterea
758 1577 1036 1634 Christum
1053 1593 1084 1634 e
1101 1576 1270 1632 Maria
1301 1591 1516 1648 semper
1555 1577 1764 1648 virgine
1788 1590 1978 1631 revera

2157 1571 2278 1627 ’Ότι
2327 1572 2583 1645 ἀληθινὸς
2617 1577 2638 1608 ⁵
2705 1575 2968 1648 ἐγεννήθη
3016 1575 3251 1644 Χριστὸς
3285 1575 3390 1628 ἀπὸ
3437 1575 3626 1645 Μαρίας

395 1677 580 1726 uatum
609 1686 729 1726 esse
745 1649 1204 1740 credit,eSpiritu
1233 1677 1566 1734 sancto,non
1594 1685 1660 1724 ex
1689 1667 1841 1722 virili
1888 1683 1969 1724 se-

2083 1665 2184 1734 τῆς
2239 1667 2601 1739 ἀειπαρθένου
2659 1669 2747 1724 διὰ
2800 1673 3124 1743 Πνεύματος·
3181 1670 3358 1738 ἁγίου,
3403 1670 3496 1723 οὐκ
3539 1669 3627 1722 ἀπὸ

396 1763 559 1828 mine,
585 1763 678 1818 sed
707 1777 770 1816 ex
788 1761 1020 1831 ipsamet
1049 1770 1402 1818 sacrosancta
1423 1757 1678 1830 Virgine;
1703 1775 1768 1815 ac
1792 1760 1970 1830 reipsa

2052 1827 2053 1834 ἡ
2087 1757 2404 1828 σπέρματος
2431 1760 2646 1832 ἀνδρὸς,
2674 1762 2790 1817 ἀλλ’
2820 1765 2914 1816 ἀπ’
2939 1764 3109 1834 αὐτῆς
3139 1763 3240 1833 τῆς
3267 1763 3422 1829 ἁγίας
3447 1762 3626 1833 Παρθέ-

393 1869 615 1924 corpus,
643 1869 753 1908 non
795 1857 976 1923 specie
999 1854 1264 1908 duntaxat
1279 1853 1578 1924 accepisse,
1611 1853 1826 1924 1136
1850 1867 1967 1908 car-

2084 1866 2176 1903 vou
2203 1849 2474 1916 λαϐὼντὸ
2503 1852 2662 1923 σῶμα
2703 1856 2759 1906 tv
2797 1854 3046 1926 ἀληθείᾳ,
3078 1855 3176 1908 καὶ
3205 1854 3304 1908 οὐκ
3335 1855 3392 1906 tv
3420 1853 3627 1924 δοκήσει,

400 1961 546 2010 nem,
575 1946 821 2015 inquam,
850 1961 1058 2010 veram,
1089 1961 1291 2013 corpus
1309 1961 1494 2000 verum
1524 1960 1648 2000 cum
1677 1946 1896 2001 ossibus
1919 1960 1974 2000 ac

2087 1941 2264 2011 σάρκα
2298 1941 2588 2013 ἀληθινῶς,
2641 1943 2798 2014 σῶμα
2844 1944 3136 2015 ἀληθινῶς,
3194 1946 3290 1999 σὺν
3334 1945 3527 2008 ὀστέοις
3554 1944 3631 1997 καὶ

395 2038 610 2100 nervis,
669 2038 1005 2108 reliquisque
1055 2053 1176 2108 quae
1247 2037 1408 2094 nobis
1463 2039 1654 2095 insunt
1702 2038 1969 2103 omnibus,

2084 2034 2296 2104 νεύροις
2329 2036 2422 2089 καὶ
2473 2038 2608 2089 πᾶσι
2655 2041 2768 2100 τοῖς
2803 2037 3113 2109 ἡμετέροις,
3171 2037 3337 2110 μηδὲν
3378 2037 3464 2105 ἀφ’
3499 2035 3631 2108 ἡμῶν

396 2129 528 2182 nihil
559 2138 618 2182 ut
650 2144 678 2182 a
709 2130 868 2184 nobis
927 2129 1082 2200 ipsis,
1121 2139 1492 2202 prazterquam
1529 2131 1816 2186 excellenti
1849 2147 1970 2200 qua-

2083 2118 2492 2199 διηλλαγμένος,
2527 2129 2560 2199 ἢ
2598 2130 2758 2200 μόνον
2787 2131 2848 2182 τὸ
2874 2129 3083 2195 ἔνδοξον
3106 2129 3210 2200 τῆς
3237 2129 3399 2184 αὑτοῦ
3437 2129 3622 2198 ἁγιότη-

393 2220 518 2274 dam
553 2222 866 2280 sanctitatis
892 2237 956 2276 ac
987 2221 1293 2280 divinitatis
1317 2223 1494 2295 gloria
1527 2222 1822 2293 discrepet,
1867 2231 1967 2276 tun:

2083 2235 2175 2282 τος
2208 2219 2300 2272 καὶ
2333 2219 2602 2290 θεότητος.
2642 2222 2737 2275 καὶ
2772 2221 3000 2284 σκεύους
3039 2221 3370 2292 ἁγιωσύνης,
3409 2221 3496 2274 καὶ
3524 2221 3629 2274 ἀνα-

393 2313 540 2380 quod
575 2316 888 2370 sanctitatis
923 2332 1019 2372 vas
1057 2317 1148 2371 sit.
1183 2315 1357 2372 Habet
1391 2324 1572 2373 autem
1600 2317 1782 2372 omnia
1807 2316 1967 2386 perl'et

2089 2313 2380 2382 μαρτήτως
2437 2312 2508 2365 τὰ
2559 2312 2736 2366 πάντα
2790 2313 3012 2378 τελείως
3069 2313 3237 2383 ἔχων,
3287 2313 3380 2366 καὶ
3417 2310 3631 2382 ἐσχηκὼς

393 2407 640 2462 ctissime
661 2409 800 2462 citra
833 2415 1142 2478 peccatum.
1178 2407 1366 2476 .Quare
1399 2409 1640 2463 humana
1670 2422 1861 2462 revera
1897 2419 1967 2460 es:

2084 2403 2262 2475 ψυχὴν
2291 2403 2635 2476 ἀνθρωπίνην
2663 2406 2722 2458 ὲν
2755 2406 3006 2477 ἀληθείᾳ,
3040 2406 3168 2459 νοῦν
3199 2405 3288 2460 τὸν
3333 2403 3631 2476 ἀνθρώπινον

393 2499 576 2552 anima
599 2499 884 2566 praeditus,
912 2499 1260 2569 humanaque
1281 2507 1460 2554 mente
1483 2500 1538 2553 in
1569 2500 1838 2554 veritate:
1873 2513 1967 2551 nor

2085 2497 2144 2548 tv
2178 2496 2407 2568 ἀληθείᾳ
2426 2515 2438 2528 ·
2470 2499 2570 2568 οὐχ
2596 2498 2670 2562 ὡς
2704 2497 2862 2568 ἡμῶν
2891 2497 3388 2570 διαϐεϐαιουμένων
3424 2496 3507 2550 τὸν
3531 2494 3631 2548 νοῦν

395 2590 536 2657 quod
569 2601 804 2644 utentem
841 2591 1165 2662 liypostasin
1195 2606 1318 2646 esse
1339 2589 1607 2656 dicamus,
1626 2601 1687 2645 ut
1715 2590 1969 2644 atlirmam

2086 2581 2223 2641 εἶναι
2258 2588 2576 2654 ὑπόστασιν,
2625 2589 2806 2653 καθὼς
2831 2589 2982 2644 ἄλλοι
3015 2589 3257 2660 λέγουσι.
3295 2589 3448 2644 Κατὰ
3483 2588 3633 2642 πάντα

395 2684 510 2738 alii.
563 2683 836 2738 Caeterum
899 2683 1054 2737 nulla
1119 2683 1327 2752 peccati
1369 2683 1694 2754 contagione
1747 2679 1969 2736 fcedatu:

2085 2677 2142 2730 δὲ
2171 2678 2244 2750 μὴ
2271 2680 2569 2750 χρανθέντα
2601 2683 2660 2735 tv
2683 2683 2947 2754 ἁμαρτίᾳ,
2983 2682 3164 2753 στόμα
3207 2684 3282 2755 μὴ
3308 2683 3630 2753 ψευσάμενον,

398 2782 502 2836 cst,
559 2787 840 2844 nunquam
886 2789 951 2830 os
989 2773 1138 2829 illius
1171 2774 1462 2828 t'nentitum
1487 2780 1592 2836 est,
1629 2787 1809 2842 neque
1841 2772 1972 2826 labia

2086 2768 2239 2839 χείλη
2291 2769 2365 2842 μὴ
2397 2769 2707 2842 λαλήσαντα
2755 2773 2926 2840 δόλον,
2969 2775 3204 2848 καρδίαν
3235 2775 3310 2846 μὴ
3345 2775 3632 2828 ὲκκλίνασαν

401 2868 588 2921 dolum
641 2867 822 2920 locuta
851 2873 980 2920 sunt
1009 2867 1052 2928 ³,
1089 2879 1184 2920 cor
1211 2865 1278 2920 ad
1316 2865 1641 2920 irritandum
1685 2863 1975 2945 non‘decli-

2088 2861 2166 2921 εἰς
2196 2859 2504 2930 ὲρεθισμὸν,
2541 2861 2666 2915 νοῦν
2707 2861 2783 2932 μὴ
2827 2862 3178 2934 ἐκτραπέντα
3225 2866 3306 2928 είς
3333 2863 3369 2918 ἃ
3417 2864 3485 2934 μὴ
3529 2861 3631 2933 χρὴ.

397 2960 572 3024 navit,
600 2974 754 3015 mens
779 2958 847 3012 ad
866 2975 928 3013 ea
951 2975 1074 3029 qua:
1101 2958 1257 3014 nefas
1290 2968 1396 3022 est,
1427 2973 1538 3013 non
1569 2956 1821 3024 deﬂexit;
1858 2972 1971 3012 cart

2090 2950 2270 3021 σάρκα
2303 2949 2378 3022 μὴ
2409 2951 2508 3022 τὴν
2550 2953 2752 3024 σαρκὸς
2781 2954 2972 3024 ἡδονὴν
3019 2956 3432 3025 ἐργασαμένην·
3462 2952 3633 3014 τέλειος

405 3051 542 3107 nihil
579 3067 768 3106 eorum
819 3066 940 3121 quae
975 3051 1042 3106 ad
1099 3051 1282 3106 carnis
1315 3049 1650 3120 voluptatem
1691 3049 1979 3120 pertinent,

2089 3040 2295 3094 ἄνωθεν
2352 3041 2506 3105 Θεὸς,
2546 3043 2647 3096 οὐκ
2693 3042 2862 3096 ὲλθὼν
2909 3045 3236 3116 κατοικῆσαι
3286 3047 3344 3100 tv
3377 3043 3633 3114 ἀνθρώπῳ,

401 3142 646 3198 admisit.
683 3143 828 3199 Deus
880 3144 950 3197 ab
997 3152 1206 3198 αξιοι·ηο
1247 3142 1547 3212 perfectus,
1585 3144 1676 3212 qui
1707 3158 1816 3197 non
1845 3151 1904 3197 ut
1931 3143 1975 3196 in

2091 3131 2204 3186 ἀλλ’
2251 3133 2414 3195 αὐτὸς
2461 3131 2581 3197 ὅλος
2617 3133 2638 3164 ⁸
2690 3135 3141 3207 ὲνανθρωπήσας,
3193 3137 3256 3189 οὐ
3301 3135 3518 3207 τραπεὶς
3556 3135 3635 3202 τήν

395 3238 616 3291 homine
652 3236 921 3290 habitaret
953 3236 1172 3290 advenit
1201 3251 1216 3300 ;
1257 3234 1354 3290 sed
1391 3233 1630 3289 Verbum
1666 3234 1842 3304 ipsum
1877 3233 1969 3288 1ιο-

2081 3224 2263 3292 φύσιν,
2299 3225 2782 3297 συμπεριειληιρὼς
2816 3227 2874 3279 δὲ
2905 3227 3019 3297 ἅμα
3049 3229 3116 3297 τῇ
3155 3227 3370 3298 θεότητι
3397 3227 3490 3296 τὴν
3526 3225 3637 3278 ἰδίαν

397 3329 598 3382 minem
645 3326 841 3392 induit,
875 3341 982 3380 non
1031 3335 1229 3380 natura
1261 3334 1553 3390 tnutatum,
1585 3324 1682 3380 sed
1716 3341 1838 3380 eam
1859 3341 1971 3394 qum

2082 3314 2516 3386 ὲνανθρώπησιν.
2581 3317 2671 3371 Ἐν
2731 3319 2915 3390 μήτρᾳ
2981 3318 3270 3390 Παρθένου
3329 3317 3551 3388 γεγονὼς
3591 3319 3636 3369 tv

399 3417 638 3472 hominis
659 3419 878 3487 propria
912 3425 1018 3484 est,
1041 3433 1168 3472 eum
1201 3419 1486 3473 divinitate
1517 3418 1881 3486 complexum.
1921 3417 1973 3470 ln

2082 3407 2326 3478 ἀληθείᾳ,
2351 3409 2707 3481 κυοφορηθεὶς
2725 3410 2816 3463 τὸν
2837 3412 3046 3482 χρόνον,
3071 3411 3356 3483 γεννηθεὶς
3375 3412 3458 3466 διὰ
3480 3427 3637 3480 γεννη-

399 3505 638 3576 Virginis
693 3517 846 3560 utero
883 3521 1072 3562 revera
1105 3508 1345 3578 genitus,
1387 3522 1601 3577 suoque
1629 3514 1876 3576 tempore
1926 3506 1973 3558 in

2081 3495 2250 3550 τικῶν
2285 3497 2470 3568 πόρων
2493 3499 2962 3570 ἀνεπαισχύντως,
2988 3502 3298 3573 ἀχράντως,
3328 3501 3635 3574 ἀμολύντω;”

399 3607 555 3652 utero
587 3605 936 3667 portatus,ac
949 3614 1044 3668 per
1066 3597 1327 3668 genitales
1351 3598 1634 3654 meatusin
1666 3598 1840 3652 lucem
1866 3597 1973 3651 edi-

2083 3592 2435 3663 ἀνατραφεὶς,
2470 3595 2563 3648 καὶ
2591 3595 3002 3663 ἐναγκαλισθεὶς
3033 3596 3139 3649 ὑπό
3165 3614 3226 3649 τε
3253 3595 3525 3667 Συμεῶνος
3561 3592 3639 3646 καὶ

401 3697 488 3741 tus
511 3687 630 3740 sine
661 3688 770 3741 ulla
788 3687 1146 3758 turpitudine,
1167 3687 1415 3742 fmditate
1435 3689 1515 3742 vel
1533 3689 1684 3742 labe:
1717 3696 1840 3758 post
1869 3689 1975 3742 haec

2087 3683 2304 3754 "Avv'qc,
2350 3682 2676 3754 βασταχθεὶς
2705 3685 2810 3738 ὑπὸ
2841 3685 3082 3756 Μαρίας,
3122 3685 3417 3750 πεζεύσας,
3459 3684 3637 3737 ὁδοιπο-

397 3778 658 3831 educatus
695 3787 856 3848 atque
895 3792 926 3831 a
954 3777 1226 3850 Symeone
1254 3785 1310 3833 et
1348 3777 1504 3831 Anna
1541 3777 1596 3831 in
1624 3777 1770 3832 ulnis
1799 3787 1971 3848 gesta-

2089 3776 2280 3846 ρήσας,
2330 3777 2542 3830 παιδίον
2585 3777 2845 3846 γεγονὼς,
2900 3777 3200 3848 ἀνδρωθεὶς
3253 3781 3320 3850 τῇ
3365 3771 3639 3850 ἡλικίᾳ,τὰ

397 3883 482 3926 tus
521 3890 534 3925 :
571 3886 602 3924 ιι
627 3869 795 3924 Maria
841 3879 1110 3940 portatus,
1153 3871 1254 3926 iter
1287 3878 1476 3942 postea
1523 3869 1756 3941 pedibus
1795 3872 1971 3928 confe-

2085 3867 2263 3921 πάντα
2295 3868 2432 3938 ἔχων
2461 3871 2518 3922 tv
2543 3868 2724 3940 ἑαυτῷ
2759 3871 2815 3922 tv
2840 3868 3162 3940 τελειότητι,
3199 3873 3260 3924 tv
3293 3868 3504 3941 ἀριθμῷ
3527 3867 3639 3920 ἐτῶν

397 3965 492 4026 cit,
525 3961 905 4031 peregrinatus
939 3970 1046 4024 est,
1085 3961 1152 4017 ad
1185 3961 1476 4031 pueritiam
1516 3963 1783 4030 pervenit,
1826 3969 1971 4016 aetate

2085 3960 2374 4029 λογισθεὶς,
2406 3964 2464 4014 tv
2511 3961 2730 4033 ἀριθμῷ
2761 3962 2945 4032 μηνῶν
2975 3964 3034 4015 tv
3075 3961 3262 4034 κοιλίᾳ
3289 3959 3637 4036 κυοφορηθεὶς.

397 4055 786 4110 corroboratus
811 4061 916 4120 cst,
955 4056 1193 4110 humana
1224 4055 1278 4109 in
1313 4070 1374 4110 se
1404 4055 1586 4109 omnia
1617 4053 1855 4124 perfecte
1889 4053 1971 4108 ha-

2085 4055 2406 4122 γενόμενος
2441 4055 2511 4108 ἐκ
2561 4056 2863 4124 γυναικὸς,
2917 4057 3244 4126 γενόμαν-ος
3295 4055 3412 4112 ὑπὸ
3445 4055 3636 4124 νόμον·

399 4148 536 4210 ltuit,
595 4162 862 4203 annorum
900 4161 1130 4202 numero
1182 4161 1406 4215 census,
1449 4149 1719 4202 mensium
1754 4161 1973 4201 numera

2084 4144 2254 4198 ἐλθὼν
2284 4146 2378 4200 ἐπὶ
2421 4147 2513 4200 τὸν
2559 4147 2850 4218 Ἰορδάνην,
2891 4131 3211 4220 βαπτισθεὶς
3261 4149 3363 4203 ὑπὸ
3404 4149 3638 4208 Ἰωάννου.

399 4243 454 4293 in
484 4239 817 4310 praegnantis
841 4247 1000 4294 utero
1028 4247 1296 4308 gestatus,
1329 4239 1506 4307 factus
1531 4255 1596 4294 ea:
1632 4239 1868 4304 muliere,
1909 4239 1973 4306 [ιι-

2085 4238 2187 4291 οὐκ
2214 4237 2560 4309 ἑπιδεόμενος
2593 4239 2818 4311 λουτροῦ
2839 4257 2853 4272 ·
2886 4241 2973 4295 διὰ
2995 4241 3052 4294 δὲ
3081 4243 3142 4294 τὸ
3170 4243 3460 4297 ἀκόλουθον
3486 4241 3574 4310 τῆς
3595 4240 3641 4290 tv

397 4341 515 4382 ctus
553 4329 648 4382 sub
674 4331 780 4399 lege
808 4330 846 4386 ³.
885 4329 1092 4384 Deinde
1145 4329 1212 4382 ad
1249 4327 1542 4383 Jordanem
1571 4329 1850 4398 profectus
1877 4335 1971 4394 est,

2087 4329 2236 4400 νόμῳ
2269 4329 2730 4402 ὲνανθρωπήσεως
2757 4333 2832 4404 μὴ
2861 4333 3152 4404 ταράσσων
3185 4333 3246 4386 τὺ
3271 4334 3494 4396 δίκαιον,
3517 4333 3641 4390 ὅπως

401 4419 710 4488 ibidemque
768 4435 796 4473 a
845 4417 1056 4475 Joanne
1087 4421 1420 4490 baptizatus,
1449 4433 1574 4474 cum
1615 4419 1818 4472 lotioue
1847 4418 1975 4472 nihil

2089 4419 2372 4492 πληρωθῇ,
2404 4422 2480 4486 ὡς
2505 4423 2664 4487 αὐτὸς
2693 4423 2820 4495 ἔφη,
2853 4426 3003 4477 πᾶσα
3035 4425 3377 4497 δικαιοσύνη,
3406 4426 3488 4478 ἵνα
3513 4420 3641 4490 δείξῃ

399 4527 536 4578 opus
557 4512 800 4576 haberet,
831 4513 927 4568 sed
963 4524 1127 4576 utea,
1162 4526 1284 4581 qua:
1313 4519 1581 4581 susceptae
1607 4510 1848 4566 hominis
1885 4525 1973 4564 na-

2086 4479 2477 4584 ὅτε-ἀληθινὴν
2518 4479 2701 4585 σάρκα
2736 4479 3052 4583 tite-5am,
3098 4479 3640 4588 quOLvhv'tvavOpd-i:

401 4613 538 4658 tune
581 4615 948 4658 consentanea
1010 4611 1159 4664 sunt,
1202 4613 1466 4667 servaret,
1525 4602 1756 4670 justitiae
1799 4602 1972 4671 legem

2089 4621 2275 4674 πησιν.
2330 4605 2742 4677 Κατερχόμενος
2789 4611 2872 4682 είς
2926 4609 2995 4662 τὰ
3045 4608 3249 4676 ὕδατα,
3297 4610 3468 4673 διδοὺς
3521 4607 3640 4677 ήπερ

404 4696 724 4768 perturbare
767 4696 960 4762 noluit,
1019 4704 1076 4749 ut
1127 4695 1478 4763 impleretur,
1518 4694 1978 4764 quemadmodum

2087 4695 2398 4764 λαμϐάνων,
2429 4698 2802 4768 παρεχόμενος
2831 4700 2976 4770 ἥπερ
3011 4701 3381 4772 ὲπιδεόμενος,
3420 4695 3641 4768 φωτίζων

402 4793 519 4861 ipse
556 4789 707 4854 dicit,
740 4789 918 4842 omnis
954 4787 1172 4856 justitia
1195 4786 1236 4849 ⁸,
1272 4795 1434 4856 atque
1459 4801 1642 4840 veram
1683 4801 1714 4839 a
1767 4801 1826 4841 se
1861 4801 1976 4839 car-

2087 4785 2246 4850 αὑτά,
2277 4785 2593 4858 ὲνδυναμῶν
2631 4789 2770 4842 αὐτά
2809 4791 2890 4854 είς
2931 4789 3102 4844 τύπον
3148 4791 3259 4844 τῶν
3287 4791 3572 4863 μελλόντων
3594 4787 3642 4837 ὲν

401 4900 522 4938 nem
583 4894 875 4950 veramque
925 4879 1161 4933 hominis
1195 4887 1449 4931 naturam
1508 4883 1821 4946 susceptam
1857 4891 1975 4930 esse

2087 4879 2235 4947 αὐτῷ
2274 4879 2643 4934 τελειοῦσθαι·
2696 4883 2844 4946 ὅπως
2889 4884 2940 4935 ot
2969 4883 3118 4954 αὐτῷ
3158 4883 3572 4942 πεπιστευκότες
3593 4879 3641 4930 tv

397 4981 742 5030 monstraret.
799 4969 966 5040 Igitur
998 4969 1062 5024 ad
1107 4984 1278 5038 aquas
1309 4966 1613 5031 descendit,
1673 4967 1747 5019 ita
1797 4974 1971 5021 tamen

2086 4972 2332 5043 ἀληθείᾳ,
2380 4974 2471 5027 καὶ
2511 4974 2724 5044 ἔχοντες
2767 4975 2864 5048 τὴν
2899 4976 3082 5038 πίστιν
3113 4975 3212 5046 τῆς
3253 4975 3524 5046 ἀληθείας,
3559 4969 3644 5040 μά-

400 5075 456 5118 ut
484 5065 760 5120 conferret
779 5061 983 5130 aliquid
1011 5061 1194 5130 potius
1220 5074 1383 5130 quam
1415 5061 1717 5129 acciperet;
1752 5059 1974 5129 largire-

2088 5065 2251 5118 θωσιν
2301 5066 2382 5118 ὅτι
2418 5066 2686 5136 ἀληθινῶς
2735 5067 3180 5140 ἐνηνθρώπησεν,
3234 5065 3500 5139 ἀληθινῶς
3527 5062 3641 5116 ἐϐα-

397 5166 486 5208 tur
549 5154 716 5224 magis
767 5168 930 5222 quam
971 5153 1048 5207 rei
1075 5152 1381 5221 cujuSpiam
1437 5151 1740 5221 indigeret:
1775 5153 1971 5222 quippe

2087 5157 2285 5229 πτίσθη
2309 5177 2320 5187 ·
2351 5160 2446 5211 καὶ
2473 5157 2645 5222 οὕτως
2664 5159 2751 5212 διά
2777 5161 2875 5229 τῆς
2895 5159 3061 5212 αὐτοῦ
3094 5157 3535 5228 συγκαταθέσεως
3561 5151 3641 5206 καὶ

397 5247 613 5302 easdem
652 5247 775 5300 illas
827 5260 996 5314 aquas
1033 5259 1130 5300 sua
1161 5245 1282 5298 luce
1305 5243 1669 5306 collustravit,
1713 5252 1767 5297 ct
1792 5243 1858 5297 ad
1885 5260 1971 5298 eo-

2085 5250 2236 5302 αύτοὶ
2273 5251 2578 5321 ἐρχόμενοι,
2618 5251 2822 5306 λάϐωσι
2848 5251 2947 5322 τῆς
2977 5252 3140 5306 αὐτοῦ
3171 5251 3522 5310 καταϐάσεως
3556 5243 3640 5312 τὴν

397 5353 516 5391 rum
557 5353 677 5407 (iure
725 5337 779 5390 in
811 5352 932 5390 sese
965 5335 1296 5408 perficienda
1327 5343 1502 5402 erant,
1547 5335 1971 5390 adumbrandam

2084 5341 2331 5410 δύναμιν,
2365 5343 2458 5395 καὶ
2510 5343 2853 5412 φωτισθῶσιν
2907 5345 3016 5398 ἀπὸ
3063 5345 3160 5414 τῆς
3193 5341 3362 5396 αὑτοῦ
3397 5353 3639 5410 φωταγω-

399 5431 710 5498 imaginem,
742 5429 1032 5498 quamdam
1065 5428 1170 5482 vim
1205 5428 1312 5482 illis
1341 5429 1623 5498 impertiit,
1653 5439 1708 5482 ut
1747 5429 1838 5499 qui
1875 5429 1973 5497 ipsi

2086 5432 2208 5498 γίας
2231 5448 2243 5461 ⁸
2287 5433 2792 5505 πληροφορούμενοι
2837 5434 2914 5505 τῷ
2943 5435 3000 5488 tv
3029 5434 3107 5505 τῷ
3135 5435 3400 5506 Προφήτῃ
3436 5427 3575 5501 ρητῷ
3599 5427 3635 5456 ’”

397 5533 585 5574 revera
645 5519 949 5586 crederent,
991 5533 1056 5574 ac
1085 5520 1332 5575 veritatis
1375 5530 1561 5577 essent
1605 5520 1708 5574 tide
1746 5520 1971 5590 praediti,

2087 5526 2192 5588 Εἰς
2241 5527 2636 5596 μεταλλαγὴν
2681 5527 3010 5597 δυνάμεως,
3073 5530 3156 5592 εἰς
3223 5524 3495 5594 παροχὴν
3537 5535 3638 5574 σω-

469 5673 488 5704 ¹
519 5673 678 5756 Cant:
709 5690 749 5736 ι,
787 5677 897 5754 15.-
949 5677 969 5705 ⁸
999 5673 1020 5726 ι
1046 5673 1194 5754 Petr.
1217 5691 1275 5740 ιι,
1305 5675 1394 5728 22.
1474 5676 1494 5708 ³
1533 5675 1704 5729 Ualat.
1734 5693 1804 5740 tv,
1829 5675 1881 5729 4.
1961 5681 1981 5708 ⁵
2015 5676 2043 5730 il.

2067 5681 2200 5734 attii.
2233 5695 2288 5752 ιιι
2347 5682 2432 5742 15.
2497 5685 2622 5752 “rp.
2648 5685 2935 5752 ἀληθινῶς.
3005 5687 3025 5719 ⁸
3053 5703 3144 5756 γρ.
3183 5687 3212 5738 ό
3251 5684 3441 5751 Λόγος.
3513 5679 3641 5748 '31"

395 5739 772 5812 πληρουμένου
809 5743 1164 5813 τοῦ...ρητοῦ.
