3986 6224
392 383 494 438 881
1713 382 2374 441 ANACEPIIALAEOSIS.
3575 383 3680 438 88:2

389 501 599 569 τηρίας
645 499 757 568 τῆς
806 499 1116 567 δυνάμεως
1174 501 1281 556 τοῦ
1321 503 1504 570 ἄρτου
1544 504 1661 558 ἀπὸ
1712 504 1818 573 τῆς
1885 505 1987 559 Ἰε-

2093 505 2458 574 inteiligerent
2483 518 2590 558 non
2620 503 2769 557 illum
2807 501 2927 557 ﬁcte
2956 501 3253 556 humanam
3299 500 3542 557 induisse
3574 517 3676 556 na-

389 591 716 660 ρουοάλὴμ
771 593 1252 662 λαμϐανομένης,
1303 594 1399 649 καὶ
1448 594 1557 664 τῆς
1603 597 1819 666 ἰσχύος
1875 597 1981 650 τοῦ

2093 603 2295 657 turam,
2329 609 2508 665 neque
2537 593 2664 649 ﬁcte
2693 608 2815 650 esse
2845 594 3004 663 aquis
3028 595 3318 647 intinctum
3347 593 3678 664 :eademque

392 681 636 747 ὕδατος.
2089 695 2144 741 et
2178 687 2282 757 ipsi
2321 687 2536 742 ratione
2565 701 2660 756 per
2687 699 2805 740 eam
2848 701 3007 755 quam
3041 685 3129 740 ille
3165 699 3274 755 prae
3306 699 3428 738 sese
3457 686 3677 746 tulerat,

394 775 957 831 accommodationetn
1025 778 1370 846 accedentes,
1414 782 1641 838 inditam
1682 782 1830 838 illius
1857 782 2221 838 descensione
2262 783 2371 837 vim
2426 781 2482 836 in
2545 797 2667 837 sese
2733 781 3090 844 transferant,
3149 781 3506 850 ejusdemque
3558 781 3677 834 luce

394 870 797 942 perfundantur
830 893 842 926 :
885 874 1096 945 1137
1113 891 1220 945 quo
1246 879 1623 949 propheticum
1653 880 1946 950 impleatur
1979 881 2262 934 oraculum
2289 899 2301 935 :
2338 878 2420 932 Ad
2465 878 2856 941 immutaudam
2885 880 3131 932 virtutem
3179 879 3677 949 conciliandamque

394 969 622 1023 salutem
651 985 716 1022 ea:
750 969 848 1022 illa
880 973 1035 1038 panis
1061 974 1273 1034 virtute,
1299 991 1417 1044 qua:
1473 977 1539 1028 ab
1571 975 1874 1030 Jerusalem
1909 976 2189 1044 accipitur,
2219 992 2583 1046 aquarumque
2628 992 2695 1029 vt.

479 1058 745 1112 Ἐνταῦθα
795 1061 851 1112 δὲ
915 1063 972 1113 ὲν
1020 1063 1242 1134 Χριστῷ
1297 1065 1831 1137 ἰσχυροποιουμὲνων
1887 1067 1989 1136 τῆς

393 1151 678 1222 δυνάμεως
704 1153 799 1207 τοῦ
826 1154 1016 1224 ἄρτου,
1051 1157 1146 1210 καὶ
1175 1158 1272 1227 τῆς
1297 1157 1391 1211 τοῦ
1424 1158 1618 1224 ὓδατος
1648 1161 1832 1231 ἰσχύος
1852 1177 1865 1191 ·
1901 1161 1990 1215 ἵνα

395 1243 496 1295 οὐκ
529 1243 691 1314 ἄρτος
721 1245 852 1315 ἡμῖν
885 1245 1109 1317 γένηται
1151 1245 1401 1320 δύναμις,
1448 1249 1585 1303 ἀλλὰ
1627 1251 1858 1322 δύναμις
1886 1250 1986 1322 ἄρ-

396 1350 491 1387 του
515 1351 528 1364 °
560 1337 654 1388 καὶ
685 1335 891 1407 βρῶσις
928 1339 1026 1409 μὲν
1051 1342 1079 1392 ό
1117 1339 1301 1411 ἄρτος,
1345 1344 1379 1412 ἠ
1413 1343 1470 1396 δὲ
1493 1343 1722 1414 δύναμις
1756 1345 1814 1397 ὲν
1840 1342 1988 1413 αὑτῷ

397 1428 478 1489 εἰς
504 1426 850 1499 ζωογόνησιν.
877 1427 982 1482 Καὶ
1013 1430 1112 1500 οὐχ
1143 1431 1229 1484 ἵνα
1268 1431 1330 1484 τὸ
1361 1431 1505 1504 ὕδωρ
1531 1437 1680 1504 ἡμᾶς
1712 1433 1985 1506 καθαρίσῃ

401 1517 584 1587 μόνον,
616 1518 732 1571 ἀλλ’
769 1520 856 1572 ἴνα
895 1521 954 1574 ἐν
983 1523 1048 1592 τῇ
1099 1522 1245 1592 ἰσχύϊ
1276 1522 1371 1578 τοῦ
1401 1524 1592 1588 ὓδατος
1633 1525 1721 1579 διὰ
1760 1525 1859 1596 τῆς
1897 1526 1988 1578 πί-

399 1627 570 1673 στεως
614 1611 709 1664 καὶ
767 1613 1082 1682 ἐνεργείας,
1129 1617 1222 1670 καὶ
1271 1616 1621 1687 ἐλπίδος,καί⁴
1675 1617 1990 1689 μυστηρίων

397 1700 752 1766 τελειώσεως,
791 1704 886 1756 καὶ
931 1705 1229 1776 ὀνομασίας
1260 1707 1360 1778 τῆς
1399 1701 1737 1776 ἁγιαστείας,
1763 1709 1990 1779 γένηται

396 1792 532 1862 ἡμῖν
580 1794 661 1856 εἰς
708 1794 988 1850 τελείωσιν
1047 1799 1342 1869 σωτηρίας.
1413 1799 1678 1853 Ἀνελθὼν
1736 1800 1845 1854 ἀπὸ
1891 1799 1984 1852 τοῦ

2159 1066 2257 1121 llic
2290 1068 2436 1121 enim
2497 1067 2553 1121 in
2605 1065 2826 1122 Christo
2885 1065 3042 1135 panis
3089 1064 3263 1119 virtus
3304 1078 3367 1116 ac
3403 1063 3484 1118 vis
3521 1079 3676 1133 aqum

2089 1158 2506 1221 corroboratur,
2554 1164 2614 1211 ut
2667 1172 2775 1211 non
2814 1156 2974 1226 panis
3005 1154 3121 1224 ipse
3172 1155 3244 1208 sit
3289 1154 3446 1208 nobis
3479 1154 3672 1218 virtus,

2088 1249 2182 1304 sed
2219 1251 2396 1304 virtus
2424 1265 2453 1302 a
2483 1264 2623 1319 pane
2647 1247 2925 1319 profecta;
2961 1263 3024 1302 ac
3048 1247 3207 1303 cibus
3232 1247 3450 1317 quidem
3487 1255 3676 1300 noster

2086 1341 2241 1411 panis
2268 1350 2370 1404 est,
2399 1341 2491 1395 sed
2524 1341 2578 1394 in
2619 1341 2738 1409 ipso
2778 1340 2960 1393 vitalis
2995 1338 3243 1408 quaedam
3278 1337 3453 1393 virtus
3489 1337 3670 1391 couti-

2087 1438 2266 1485 netur.
2300 1431 2486 1501 Neque
2505 1432 2558 1486 id
2591 1432 2770 1486 solum
2802 1437 2983 1484 actum
3006 1438 3178 1494 est,ut
3198 1444 3300 1483 nos
3329 1443 3469 1497 aqua
3487 1443 3678 1496 repur-

2089 1530 2263 1593 garet,
2298 1522 2392 1577 sed
2426 1530 2486 1576 ut
2536 1537 2691 1592 aqua:
2731 1521 2800 1584 vi,
2836 1536 2933 1590 per
2986 1519 3146 1575 [idem
3193 1527 3247 1574 et
3289 1519 3560 1572 actionem
3621 1526 3676 1571 et

2087 1630 2260 1685 spem,
2286 1631 2351 1670 ac
2370 1615 2756 1685 mysteriorum
2785 1612 3146 1666 initiationem
3163 1620 3217 1666 et
3240 1612 3676 1666 consecrationis

2089 1706 2536 1777 appellationem,
2598 1704 2896 1775 perfectam
2969 1704 3392 1773 absolutamque
3442 1703 3674 1759 salutem

2090 1799 2251 1854 nobis
2286 1799 2421 1870 ipsis
2445 1797 2742 1853 conferret.
2769 1796 2910 1866 Ergo
2939 1795 3196 1851 Christus
3220 1796 3469 1853 ascendit
3496 1812 3524 1850 e
3549 1794 3675 1850 Jor-

411 1881 676 1954 Ἰορδάνου
697 1884 930 1948 ,ἀκούων
961 1889 1144 1959 φωνὴν
1160 1866 1373 1956 ΙΪατρὸς
1403 1892 1483 1954 εἰς
1507 1889 1676 1960 ἀκοὴν
1702 1890 1987 1960 παρόντων

2093 1892 2250 1955 dane,
2277 1866 2464 1945 vocem
2518 1888 2698 1946 Patris
2747 1887 2938 1953 audiit,
2981 1903 3145 1957 quam
3181 1897 3236 1944 et
3276 1887 3533 1957 discipuli
3585 1887 3676 1956 qui

397 1973 507 2026 τῶν
550 1973 808 2046 μαθητῶν
850 1979 929 2040 εἰς
953 1976 1014 2030 τὸ
1047 1979 1318 2043 ὑποδεῖξαι
1346 1979 1429 2044 τίς
1456 1982 1484 2033 ό
1520 1979 1988 2051 μαρτυρούμενος,

399 2064 498 2116 καὶ
524 2063 617 2118 τοῦ
642 2068 799 2136 ἁγίου
829 2069 1144 2140 Πνεύματος
1182 2073 1239 2124 ὲν
1283 2073 1414 2126 εῖδει
1445 2073 1773 2143 περιστερᾶς
1799 2089 1992 2142 κατερ-

399 2155 654 2227 χομένου,
701 2159 955 2232 καθάπερ
984 2163 1042 2214 ὲν
1077 2162 1300 2225 πολλαῖς
1327 2163 1604 2232 αἱρέσεσιν
1651 2164 1986 2233 εἰρήκαμεν·

399 2247 490 2299 ἵνα
523 2246 599 2318 μὴ
631 2248 926 2321 συναλοιφὴ
968 2253 1002 2322 ή
1033 2251 1203 2322 Τριάς
1230 2251 1483 2322 νομισθῇ,
1516 2252 1989 2322 σχηματιζομὲνου

398 2337 496 2391 τοῦ
526 2339 846 2410 Πνεύματος
879 2343 936 2394 ὲν
987 2341 1093 2412 ἰδίᾳ
1146 2341 1477 2394 ὑποστάσει·
1526 2341 1988 2412 ἐπικαθεζομένου

399 2431 458 2484 δὲ
502 2431 598 2484 τοῦ
651 2433 990 2504 Πνεύματος,
1041 2435 1136 2488 καὶ
1179 2435 1478 2506 ἐρχομένου
1531 2437 1619 2487 ἐπ’
1670 2435 1854 2500 αὑτὸν,
1903 2435 1992 2489 ἵνα

399 2520 540 2592 ὀφθῇ
584 2524 612 2576 ό
657 2525 1135 2595 μαρτυρούμενοςο
1171 2526 1256 2579 ἵνα
1290 2525 1427 2596 σὰρξ
1461 2528 1494 2598 ἡ
1527 2527 1657 2595 ἁγία
1694 2525 1823 2598 φίλη
1857 2521 1993 2580 οὖσα

399 2613 496 2667 καὶ
531 2614 916 2686 εὐδοκουμένη,
947 2617 1052 2670 ὑπὸ
1096 2616 1190 2670 τοῦ
1232 2619 1444 2690 Πατρὸς
1489 2619 1584 2672 καὶ
1611 2616 1705 2671 τοῦ
1741 2618 1993 2690 Πνεύμα-

399 2723 494 2770 τος
543 2709 954 2780 μαρτυρηθείη·
1004 2711 1090 2764 ἵνα
1128 2713 1156 2765 ὁ
1202 2713 1391 2784 Πατὴρ
1445 2711 1744 2783 εὐδοκητὴς
1788 2706 1846 2786 ᾖ,
1895 2713 1990 2766 καὶ

400 2801 582 2872 κῆρυξ
608 2801 709 2870 τῆς
740 2801 834 2855 τοῦ
866 2802 992 2856 Υἱοῦ
1023 2805 1288 2876 ὲνσάρκου
1316 2806 1652 2876 παρουσίας·
1688 2806 1773 2859 ἵνα
1798 2807 1826 2857 ὁ
1863 2806 1990 2871 Υἱὸς

401 2891 658 2973 ἀληθινὸς
701 2891 878 2963 ὀφθῇ,
928 2893 1022 2946 καὶ
1073 2893 1342 2967 πληρώσῃ
1397 2896 1457 2947 τὸ
1505 2895 1828 2966 εἰρημένον·
1877 2894 1990 2948 Καὶ

395 2982 551 3051 μετὰ
588 2985 774 3038 ταῦτα
803 2985 901 3037 ἐπὶ
935 2984 1045 3054 τῆς
1075 2984 1186 3056 γῆς
1220 2985 1409 3055 ὤφθη,
1442 2988 1539 3040 καὶ
1558 2987 1709 3056 μετὰ
1736 2988 1856 3041 τῶν·
1881 2989 1989 3042 ἀν-

400 3074 650 3141 θρώπων
677 3076 1174 3146 σύνανεστράφη.
1220 3077 1481 3131 Ἀνελθὼν
1515 3079 1622 3132 ἀπὸ
1651 3079 1743 3132 τοῦ
1790 3080 1989 3151 Ἰορδά-

401 3184 516 3228 νου,
551 3165 738 3236 σαφῶς
782 3169 874 3221 καὶ
922 3169 1193 3240 ἀληθινῶς
1223 3171 1330 3223 ἀπὸ
1370 3169 1465 3222 τοῦ
1507 3169 1750 3223 διαϐόλου
1799 3189 1986 3244 πειρα-

401 3256 552 3319 σθεὶς
590 3259 648 3310 ὲν
677 3261 744 3329 τῇ
795 3261 1007 3330 ἐρήμῳ,
1062 3262 1157 3314 καὶ
1208 3262 1468 3325 πεινάσας
1502 3261 1728 3333 ὕστερον
1757 3263 1845 3316 διὰ
1888 3265 1988 3336 τὴν

399 3349 726 3404 ἀκολουθίαν
775 3352 867 3406 καὶ
909 3352 1168 3422 ἀλήθειαν
1198 3354 1301 3425 τῆς
1347 3354 1615 3426 ὲνσάρκου
1645 3356 1947 3427 παρουσίας
1970 3373 1985 3388 ·

400 3446 500 3499 καὶ
531 3446 922 3517 ἐπιλεξάμενος
966 3448 1234 3519 μαθητὰς,
1282 3449 1377 3504 καὶ
1416 3449 1659 3522 κηρύξας
1705 3451 1992 3522 ἀλήθειανι

403 3537 498 3591 καὶ
528 3538 819 3608 ἰασάμενος
845 3539 913 3592 τὰ
943 3539 1115 3610 πάθη,
1148 3539 1512 3612 καθευδήσας,
1546 3541 1830 3609 πεινάσας,
1859 3543 1990 3595 660t-

403 3629 670 3700 πορήσας,
707 3629 1032 3701 θεοσημείας
1076 3633 1092 3662 ί
1137 3631 1536 3702 ἐργασάμενος,
1574 3635 1800 3706 νεκροὺς
1842 3635 1986 3700 ἐγεί-

405 3737 526 3792 ρας,
575 3721 796 3789 τυφλοῖς
829 3723 889 3776 τὸ
928 3723 1148 3793 βλέπειν
1176 3723 1499 3795 παρασχὼν,
1528 3724 1734 3795 χωλοὺς
1760 3726 1854 3778 καὶ
1883 3743 1989 3779 πα·

407 3813 732 3882 ραλυτικοὺς
775 3815 1230 3885 ίσχνροποιήσαςο
1294 3816 1354 3879 ὃς
1411 3817 1645 3888 ἐκήρυξε
1693 3817 1755 3870 τὸ
1806 3817 1988 3886 Εὐαγ-

402 3903 604 3972 γέλιον,
649 3904 748 3976 τὴν
792 3904 1072 3975 ἀλήθειαν,
1105 3905 1202 3976 τὴν
1247 3906 1524 3977 βασιλείαν
1561 3907 1670 3961 τῶν
1717 3909 1984 3979 οὐρανῶν,

402 3995 504 4065 τὴν
537 3995 701 4049 αὐτοῦ
750 3996 1164 4067 φιλανθρωπίαν
1199 4001 1293 4052 καὶ
1341 4000 1434 4053 τοῦ
1487 4000 1703 4071 Πατρὸς
1750 4003 1843 4055 καὶ
1891 4001 1986 4056 τοῦ

401 4087 560 4157 ἁγίου
589 4087 730 4143 Πνεύ
738 4105 929 4159 ματος.

487 4356 545 4408 '0
583 4355 723 4427 ὑπὲρ
778 4357 935 4428 ἡμῶν
966 4357 1028 4410 τὸ
1079 4358 1251 4422 πάθος
1290 4359 1592 4430 ὑπομείνας
1630 4361 1688 4412 ὲν
1733 4361 1986 4432 ἀληθείᾳ,

402 4449 462 4502 ὲν
499 4449 566 4518 τῇ
601 4449 766 4519 σαρκὶ
794 4449 888 4502 καὶ
921 4451 977 4502 ὲν
1000 4452 1066 4521 τῇ
1100 4450 1282 4522 τελείᾳ
1307 4452 1720 4522 ὲνανθρωπήσει
1747 4493 1763 4517 ,
1795 4453 1986 4509 παθὼν

2090 1987 2340 2048 aderant,
2371 1985 2665 2040 audierunt
2690 1983 2731 2048 ⁸,
2775 1990 2834 2037 ut
2863 1981 2988 2053 quis
3014 1983 3104 2036 ille
3131 1979 3270 2035 foret
3306 1982 3403 2035 cui
3431 1979 3680 2034 testimo-

2089 2075 2239 2129 nium
2285 2074 2417 2128 illud
2474 2074 2831 2144 praeberetur,
2893 2079 3274 2144 agnoscerent.
3326 2068 3464 2123 Tum
3514 2070 3678 2124 etiam

2093 2166 2332 2236 Spiritus
2390 2175 2615 2221 sanctus
2669 2163 2938 2220 columbae
3005 2164 3189 2233 specie
3233 2162 3492 2232 delapsus
3553 2169 3678 2224 est,

2090 2258 2550 2327 quemadmodum
2583 2262 2637 2312 in
2669 2259 2964 2313 multarum
3000 2258 3278 2311 Intereseon
3307 2255 3682 2309 conl'utatione

2091 2347 2354 2402 diximus.
2419 2347 2498 2402 Ac
2555 2363 2622 2402 ne
2678 2347 2924 2402 Trinitas
2971 2348 3088 2415 ipsa
3131 2347 3185 2400 in
3229 2361 3398 2400 unum
3456 2345 3680 2413 redacta

2091 2441 2433 2511 confusaque
2459 2441 2798 2506 crederetur,
2829 2439 3067 2510 Spiritus
3103 2440 3326 2509 propria
3357 2440 3410 2493 in
3445 2455 3680 2508 persona

2095 2533 2323 2604 figuram
2378 2535 2523 2587 illam
2569 2532 2766 2596 induit,
2795 2543 2849 2587 et
2869 2547 3033 2602 super
3069 2532 3220 2584 illum
3255 2531 3480 2593 resedit,
3513 2546 3681 2599 seque

2095 2624 2149 2677 in
2183 2627 2360 2694 ipsum
2417 2623 2738 2685 insinuavit,
2795 2633 2852 2676 ut
2904 2624 2951 2677 is
2995 2621 3081 2676 cui
3128 2621 3501 2678 testimonium
3547 2621 3679 2674 illud

2095 2717 2518 2786 sutl'ragabatur,
2581 2716 2918 2785 conspicuus
2982 2721 3158 2777 esset;
3190 2719 3356 2782 utque
3391 2727 3681 2767 sacrosan-

2093 2817 2238 2864 ctam
2274 2811 2421 2863 illam
2466 2824 2689 2864 carnem
2733 2808 2964 2861 amicam
3001 2821 3123 2860 esse
3161 2813 3216 2859 et
3268 2806 3486 2875 placere
3547 2803 3678 2869 Deo,

2092 2901 2271 2958 Patris
2324 2916 2391 2954 ac
2433 2899 2674 2970 Spiritus
2727 2899 3057 2957 auctoritate
3105 2905 3406 2959 constaret,
3435 2905 3494 2950 ut
3522 2895 3682 2951 Pater

2093 2993 2434 3062 complaceat
2491 2992 2597 3045 sibi
2664 2990 2718 3043 in
2760 2987 2930 3052 Filio,
2981 2997 3036 3043 et
3082 2988 3504 3059 lncarnatimiis-_
3533 2988 3682 3042 illius

2093 3097 2274 3153 pt'zcco
2302 3097 2425 3136 esse
2463 3081 2747 3143 videatur;
2785 3093 2850 3132 ac
2879 3078 3118 3148 denique
3150 3094 3312 3132 verus
3353 3089 3411 3132 ut
3451 3093 3673 3147 apparo.

2094 3182 2176 3230 ret
2219 3171 2412 3238 Filius,
2462 3179 2514 3227 et
2551 3173 2682 3227 illud
2714 3171 2992 3242 propinata:
3036 3171 3355 3224 vaticinium
3389 3170 3635 3238 expleret
3665 3185 3677 3219 :

2097 3266 2164 3321 Et
2185 3275 2300 3338 post
2323 3267 2432 3320 haec
2461 3266 2516 3318 iu
2544 3276 2686 3319 terra
2709 3266 2852 3318 visus
2873 3273 2977 3328 est,
3013 3273 3061 3318 et
3101 3279 3217 3316 cum
3236 3261 3532 3316 hominibus
3564 3277 3683 3315 cou-

2093 3367 2332 3412 versatus
2393 3365 2469 3410 est
2503 3355 2544 3407 ‘.
2595 3353 2760 3424 Igitur
2815 3369 2845 3405 a
2891 3351 3128 3406 Jordane
3179 3351 3480 3419 digressus,
3530 3357 3681 3401 certo

2092 3463 2329 3517 vereque
2388 3461 2421 3500 a
2465 3445 2684 3500 diabolo
2717 3445 2769 3498 in
2797 3443 3018 3500 deserto
3045 3451 3290 3498 tentatus
3321 3449 3440 3508 est;
3471 3449 3526 3494 et
3558 3447 3683 3509 post

2089 3540 2358 3610 jejunium
2415 3537 2674 3602 esuriit“,
2721 3536 2955 3607 utquod
3005 3551 3146 3590 vera:
3205 3533 3357 3588 carni
3413 3539 3683 3601 suscepta:

2093 3638 2528 3686 consentaneum
2550 3636 2636 3682 est
2663 3627 3014 3698 exprimeret.
3056 3623 3369 3678 Secundum
3392 3624 3505 3676 tunc
3525 3622 3684 3676 disci-

2093 3724 2252 3794 pulos
2283 3722 2464 3792 elegit,
2489 3720 2773 3776 veritatem
2809 3717 3144 3788 praedicavit,
3196 3715 3549 3785 aegritudines
3595 3729 3683 3768 sa-

2092 3815 2267 3879 navit,
2299 3813 2543 3876 dormiit,
2578 3811 2793 3873 esuriit,
2820 3810 2920 3864 iter
2961 3808 3107 3872 fecit,
3149 3806 3394 3877 prodigia
3422 3804 3679 3874 patravit,

2093 3915 2342 3962 mortuos
2372 3905 2647 3969 excitavit,
2672 3904 2834 3958 caecis
2857 3902 3036 3958 visum
3065 3897 3498 3970 repraesentavit,
3528 3897 3680 3949 elau-

2093 3999 2179 4055 dis
2211 4007 2265 4053 et
2308 3998 2628 4070 paralyticis
2675 3998 2821 4050 vires
2864 3995 3106 4050 restituit
3143 3993 3279 4061 :qui
3306 3989 3678 4059 Evangelimu.

2091 4091 2400 4156 veritatem,
2424 4104 2653 4159 regnum
2688 4087 2977 4151 ccelorum,
3020 4099 3175 4140 suam
3213 4083 3386 4153 ipsius
3409 4088 3463 4134 et
3502 4078 3681 4134 Patris

2090 4194 2146 4238 et
2176 4183 2413 4254 Spiritus
2441 4181 2622 4235 sancti
2659 4179 2964 4234 bonitatem
3005 4175 3513 4242 humanitatemque
3544 4187 3682 4241 prae-

2091 4272 2314 4327 dicavit.

2161 4363 2305 4418 ldem
2357 4363 2447 4418 ille
2485 4376 2651 4433 porro
2695 4375 2884 4416 revera
2923 4358 3233 4430 passionem
3283 4357 3339 4412 in
3379 4371 3477 4412 sua
3513 4370 3681 4410 carne

2090 4465 2143 4512 et
2173 4455 2411 4521 perlecta
2443 4453 2680 4510 hominis
2713 4463 2912 4507 natura
2947 4451 3235 4514 sustinuit,
3275 4464 3399 4504 vere
3429 4449 3484 4503 in
3515 4464 3682 4503 cruce

403 4542 463 4592 ὲν
493 4540 720 4612 ἀληθείᾳ
738 4543 830 4595 ἐπὶ
860 4541 954 4596 τοῦ
989 4541 1246 4613 σταυροῦ,
1267 4543 1531 4616 συνούσης
1561 4544 1709 4616 αὐτῷ
1741 4547 1841 4617 τῆς
1866 4547 1985 4601 θεό-

2093 4565 2288 4620 passus
2317 4557 2402 4604 est
2433 4567 2446 4603 :
2481 4549 2553 4602 ita
2596 4546 2818 4618 quidem
2857 4554 2916 4600 ut
2963 4546 3019 4599 in
3049 4559 3115 4599 eo
3157 4543 3418 4598 divinitas
3446 4543 3680 4599 exsiste-

401 4651 564 4704 τητος
589 4674 603 4698 ,
633 4634 747 4688 ἀλλ’
787 4637 848 4688 οὐ
877 4636 1184 4708 τραπείσης
1210 4637 1290 4699 εἰς
1332 4636 1393 4689 τὸ
1423 4637 1655 4707 πάσχειν
1675 4681 1689 4705 ,
1725 4639 1893 4711 ούσης
1929 4641 1988 4694 δὲ

403 4726 649 4792 ἀπαθοῦς
686 4728 1106 4802 καὶμάτρέπτου.
1160 4727 1280 4781 Τῶν
1313 4727 1406 4780 δύο
1434 4729 1768 4784 ἀκολουθιῶν
1801 4732 1990 4802 σαφῶς

401 4797 1145 4890 κατανοουμὲνῶνίΧριστοῦ
1173 4819 1473 4889 πάσχοντος
1501 4820 1644 4891 ὑπὲρ
1671 4823 1704 4893 ἡ
1714 4822 1830 4893 μῶν
1856 4797 1989 4897 σαρ-

401 4906 760 4974 κ“ι,.ἀπαθοῦς
789 4907 847 4961 δὲ
881 4908 1131 4978 μένοντος
1176 4909 1233 4961 ὲν
1263 4907 1477 4980 θεότητι
1497 4929 1510 4942 ο
1544 4912 1606 4965 οὒ
1637 4913 1732 4966 τοῦ
1770 4914 1985 4986 ἀνθρώ-

401 5012 507 5050 που
558 4998 677 5049 κατ’
713 4996 848 5050 ἰδίαν
876 4997 1026 5062 ὄντος
1046 4999 1089 5065 ¹,
1120 4997 1256 5052 ἀλλὰ
1285 4999 1551 5072 συνούσης
1579 5002 1681 5073 τῆς
1710 5004 1983 5074 θεότητος,

355 5087 357 5092 ’
403 5089 480 5160 μὴ
525 5088 842 5161 πασχούσης
887 5089 944 5142 δὲ
987 5089 1074 5144 διὰ
1111 5090 1171 5143 τὸ
1199 5091 1499 5162 ἀκραιφνὲς
1532 5094 1628 5146 καὶ
1653 5095 1985 5169 ἀσύγκριτον

398 5181 499 5251 τῆς
537 5180 728 5244 οὐσίας
755 5197 769 5211 ο
802 5181 1104 5251 πάσχοντος
1130 5182 1188 5235 δὲ
1217 5184 1277 5236 ὲν
1310 5184 1496 5255 σαρκὶ,
1529 5186 1624 5239 καὶ
1647 5185 1984 5258 θανατουμέ-

399 5288 493 5324 νου
527 5272 586 5326 ὲν
620 5272 819 5342 σαρκὶ,
862 5271 1062 5336 ζῶντος
1094 5273 1152 5326 δὲ
1190 5273 1279 5327 ἀεί⁷
1311 5275 1368 5327 ἐν
1425 5274 1673 5346 θεότητι,
1709 5279 1802 5331 καὶ
1843 5280 1987 5349 ἐγεί-

401 5381 589 5435 ροντος
631 5365 756 5428 τοὺς
785 5365 1012 5435 νεκρούς
1034 5382 1048 5395 ’
1079 5365 1174 5418 τοῦ
1203 5367 1454 5436 σώματος
1489 5367 1754 5437 ταφέντος
1775 5371 1833 5423 ὲν
1863 5372 1986 5443 ἁλη-

399 5454 523 5526 θείᾳ
543 5497 558 5521 ,
595 5457 688 5509 καὶ
719 5455 929 5526 ἀψύχου
983 5457 1264 5526 μείναντος
1295 5457 1357 5510 τὸ
1387 5461 1685 5532 τριήμερον
1714 5461 1885 5516 ἄπνου
1923 5481 1984 5517 τε

401 5547 497 5600 καὶ
535 5547 820 5617 ἀκινήτου,
859 5545 1223 5618 ὲνειληθέντος
1258 5548 1315 5602 δὲ
1343 5549 1432 5602 διὰ
1453 5550 1554 5622 τῆς
1589 5551 1852 5621 σινδόνος,
1879 5573 1983 5609 κα-

499 5724 516 5755 ¹
551 5741 641 5792 γρ.
677 5724 814 5778 Θεοῦ
846 5727 1069 5794 σημεῖα.

401 5809 422 5839 ι
456 5793 650 5851 Matth.
681 5810 754 5862 Iv,
788 5797 813 5852 1
847 5793 968 5868 sqq.

1178 5725 1374 5784 'Adde
1409 5727 1502 5782 καὶ
1543 5729 1642 5799 τῆς
1693 5728 1944 5804 θεότητος
1997 5735 2116 5788 κατ’
2159 5735 2314 5789 ἰδίαν.

2093 4649 2198 4705 ret,
2225 4641 2318 4697 sed
2349 4641 2415 4694 ad
2452 4639 2768 4711 patiendum
2800 4637 3026 4692 minime
3059 4636 3276 4707 1138
3302 4650 3425 4690 sese
3454 4650 3682 4690 conver-

2093 4739 2253 4797 teret,
2285 4731 2380 4786 sed
2414 4730 2684 4800 passionis
2711 4744 2908 4799 expers
2932 4740 2980 4784 et
3023 4728 3380 4782 immutabilis
3414 4735 3674 4782 maneret.

2093 4821 2212 4888 Qua
2251 4823 2306 4877 in
2339 4838 2398 4878 re
2445 4821 2556 4877 duo
2599 4822 2690 4876 illa
2735 4831 3105 4877 consentanea
3144 4821 3450 4875 certissime
3478 4819 3681 4873 intelli-

2063 4919 2315 4986 ‘guntur,
2345 4922 2406 4968 ut
2436 4923 2490 4970 et
2525 4913 2778 4970 Christus
2812 4928 2912 4984 pro
2944 4913 3103 4968 nobis
3141 4927 3308 4966 carne
3345 4911 3415 4964 sit
3455 4923 3677 4979 passus,

2093 5015 2146 5061 et
2181 5008 2455 5078 passionis
2499 5021 2696 5078 eXpers
2740 5007 2795 5061 in
2845 5005 3129 5061 divinitate
3167 5010 3484 5074 permaneat
3517 5020 3530 5055 :
3571 5016 3677 5054 non

2090 5098 2236 5170 quod
2278 5098 2516 5154 hominis
2555 5104 2753 5154 natura
2808 5111 2872 5152 ac
2918 5095 3179 5151 divinitas
3231 5099 3496 5162 separatae
3545 5105 3574 5143 a
3620 5106 3679 5145 se

2089 5190 2323 5246 invicem
2361 5191 2650 5255 exsistant,
2684 5190 2778 5246 sed
2819 5188 3036 5243 tametsi
3079 5200 3186 5240 una
3235 5199 3359 5238 cum
3402 5183 3490 5236 illa
3532 5191 3677 5237 esset

2090 5280 2374 5345 divinitas,
2407 5283 2541 5336 nihil
2575 5283 2646 5336 ob
2680 5283 2950 5337 sinceram
2982 5287 3036 5333 et
3069 5274 3548 5346 incomparabilem
3583 5289 3677 5326 na-

2091 5383 2268 5428 turam
2301 5382 2387 5431 est
2415 5390 2696 5445 perpessa.
2732 5373 2801 5426 At
2841 5370 3094 5426 Christus
3139 5375 3194 5422 et
3233 5368 3287 5420 in
3332 5381 3498 5420 carne
3549 5381 3672 5434 pas--

2093 5484 2194 5525 sus
2226 5464 2333 5534 est,
2372 5478 2423 5523 et
2473 5470 2528 5522 in
2563 5482 2728 5521 carne
2759 5471 2933 5518 morte
2976 5469 3062 5518 est
3094 5460 3338 5524 allectus,
3380 5472 3502 5511 eum
3533 5457 3671 5510 inte-

2092 5560 2203 5617 rim
2229 5559 2514 5614 divinitate
2559 5559 2672 5627 ipsa
2730 5556 2938 5610 viveret
2979 5567 3042 5607 ac
3089 5557 3335 5606 mortuos
3374 5548 3667 5610 excitaret;
3758 5583 3763 5588 -

2427 5735 2444 5766 ³
2468 5733 2656 5789 ΜιιῚιΙι.
2697 5731 2872 5800 tlt,15
2906 5745 3028 5801 sqq.
3134 5728 3152 5759 ‘
3183 5727 3391 5784 Baruch
3453 5743 3533 5790 ιιι,
3565 5719 3635 5778 58
