3986 6224
424 343 529 397 833

1825 349 1879 405 S.
1924 351 2262 405 EPIPIIANII
3543 351 3630 404 881,

423 469 626 523 corpus
691 470 818 509 vero
873 470 1060 510 revera
1109 459 1417 528 sepultum,
1475 477 1538 516 ac
1584 462 1764 516 triduo
1817 465 1993 517 anima

2097 463 2408 526 τατεθέντος
2437 465 2494 516 ἐν
2543 462 2620 534 τῷ
2673 463 2914 534 μνήματι
2945 503 2960 528 ,
2993 462 3425 532 συγκλεισθέντος
3447 462 3528 516 διὰ
3550 463 3631 518 τοῦ

422 558 618 598 carens
653 553 705 600 et
739 546 930 615 spiritu
966 557 1221 618 motuque
1250 551 1478 619 jaceret,
1523 555 1838 608 obvolutum
1881 556 1994 609 sin-

423 636 596 700 done,
639 635 693 689 in
750 638 1143 694 monimentum
1194 640 1536 712 depositum,
1591 645 1870 700 occlusum
1921 647 1995 698 la-

423 727 546 795 pide
584 741 647 781 ac
680 728 874 798 sigillis
915 730 1282 802 obsignatum.
1337 734 1521 805 Neque
1569 753 1696 790 vero
1746 737 1862 806 ipsa
1913 746 1998 792 est

421 818 682 872 conclusa
735 818 993 876 divinitas
1038 833 1132 876 ant
1162 826 1391 892 sepulta,
1447 827 1537 880 sed
1589 843 1712 880 cum
1756 829 1994 883 sanctis-

422 907 559 962 sima
601 910 722 978 ejus
753 913 932 966 anima
971 915 1038 967 ad
1070 915 1274 968 inferos
1319 915 1616 981 descendit,
1652 919 1996 990 indidemque

420 997 663 1066 captivas
709 999 922 1055 animas
970 1003 1208 1072 eripuit;
1263 1006 1539 1059 stimulum
1591 1009 1782 1062 mortis
1829 1009 1994 1064 infre-

419 1091 496 1160 git
528 1091 582 1156 ¹;
620 1091 858 1146 claustra
911 1101 965 1147 et
1019 1094 1393 1150 adamantinos
1448 1105 1626 1154 vectes
1667 1103 1910 1172 perrupit
1949 1103 1990 1168 ¹;

423 1181 615 1235 mortis
671 1181 888 1238 dolores
933 1199 1030 1239 sua
1072 1194 1338 1254 potestate
1387 1188 1637 1244 dissohit
1677 1213 1689 1246 :
1730 1201 1843 1248 tum
1887 1211 1994 1248 una

421 1283 544 1322 cum
573 1269 750 1322 anima
780 1272 998 1326 emersit
1030 1273 1094 1326 ad
1129 1291 1375 1342 superos.
1419 1275 1548 1341 Qua:
1572 1280 1786 1350 quidem
1814 1283 1994 1337 anima

421 1359 644 1414 minime
673 1359 814 1429 apud
844 1363 1048 1417 inferos
1075 1366 1262 1418 relic-ta
1295 1368 1414 1435 fuit,
1447 1386 1622 1439 neque
1653 1387 1780 1428 caro
1802 1390 2020 1428 corru-.

422 1447 659 1516 ptionem
697 1451 828 1504 vidit
863 1453 916 1518 ³;
957 1470 1117 1523 quam
1149 1455 1406 1514 divinitas
1437 1477 1556 1529 quae
1597 1469 1718 1515 ctrm
1755 1465 1842 1517 illa
1872 1481 1996 1519 con-

2099 557 2242 608 λίθου
2275 557 2368 610 καὶ
2397 557 2688 627 σφραγῖδος
2717 557 2823 609 τῶν
2847 557 3204 612 ὲπιτεθέντων
3223 574 3236 587 ·
3265 558 3382 627 οὐχὶ
3415 557 3632 626 τῆςΘεό-

2095 665 2256 718 τητος
2291 648 2736 718 συγκλεισθείσης
2779 649 2890 719 (56)
2917 693 2931 714 ,
2967 650 3027 702 οὑ
3071 651 3167 719 τῆς
3207 649 3448 719 θεότητος
3471 650 3634 719 ταφεί-

2098 757 2198 808 σης
2216 779 2230 803 ,
2266 739 2736 810 συγκατελθούσης
2761 741 2816 794 δὲ
2837 745 2902 813 τῇ
2929 742 3073 812 ψυχῇ
3107 745 3176 811 τῇ
3207 743 3336 811 ἁγίᾳ
3371 743 3445 804 εἰς
3470 743 3534 796 τὰ
3553 760 3636 796 κα-

2095 830 2352 898 ταχθόνια
2373 871 2387 894 ,
2424 829 2650 900 ὲλούσης
2681 831 2888 884 ἐκεῖθεν
2919 831 3017 902 τὴν
3042 832 3152 884 τῶν
3175 831 3358 901 ψυχῶν
3389 830 3637 900 αἰχμαλω-

2099 921 2253 982 σίαν,
2292 921 2567 992 κλασάσης
2612 922 2836 994 κέντρον
2887 923 3152 985 θανάτου,
3203 920 3552 994 διαρῥηξάσης
3579 921 3637 974 τὰ

2097 1011 2320 1082 κλεῖθρα
2353 1011 2444 1064 καὶ
2476 1011 2600 1074 τοὺς
2661 1013 2892 1083 μοχλοὺς
2941 1015 3064 1076 τοὺς
3115 1011 3494 1082 ἀδαμαντίνους
3514 1051 3528 1074 ,
3559 1011 3638 1063 καὶ

2096 1102 2336 1172 λυσάσης
2363 1103 2553 1168 ὠδῖνας
2580 1103 2810 1158 θανάτου
2845 1105 2865 1135 ⁷
2896 1105 2953 1158 ὲν
3001 1104 3106 1175 ἰδίᾳ
3137 1103 3383 1173 ἐξουσίᾳ,
3413 1102 3638 1156 ἀνελθού-

2097 1209 2197 1261 σης
2229 1193 2324 1244 σὺν
2351 1195 2418 1264 τῇ
2462 1193 2606 1264 ψυχῇ
2628 1233 2642 1255 ,
2682 1192 2756 1264 μὴ
2787 1193 3038 1264 ὲαθείσης
3057 1195 3158 1264 τῆς
3185 1194 3363 1263 ψυχῆς
3391 1195 3466 1257 εἰς
3502 1193 3636 1264 ᾅδην,

2099 1285 2234 1355 μηδὲ
2259 1285 2356 1355 τῆς
2383 1286 2584 1357 σαρκὸς
2612 1285 2920 1356 ἑωρακυίας
2943 1284 3261 1356 διαφθορὰν,
3287 1284 3636 1354 ἁναστησάσης

2095 1377 2265 1448 αὐτὴν
2295 1376 2395 1446 τῆς
2424 1377 2677 1446 θεότητος
2707 1377 2794 1428 ἀεὶ
2830 1377 3094 1447 συνούσης
3127 1378 3265 1447 αὐτῇ
3289 1393 3303 1407 ⁸
3341 1377 3638 1438 ἀναστάντος

2097 1469 2194 1520 σὺν
2223 1469 2358 1538 αὐτῇ
2387 1467 2480 1519 τοῦ
2519 1465 2724 1537 Κυρίου
2756 1467 2890 1519 Θεοῦ
2915 1468 3089 1536 Λόγου
3115 1469 3210 1521 καὶ
3242 1467 3367 1520 Υἰοῦ
3395 1467 3517 1520 Θεοῦ
3557 1468 3637 1521 σὺν

415 1539 603 1606 juncta
635 1557 846 1609 semper
890 1553 1028 1611 erat,
1060 1547 1354 1616 excitavit;
1408 1559 1521 1604 tmn
1569 1568 1689 1606 cmn
1733 1554 1992 1614 Dominus

2096 1557 2235 1630 ψυχῇ
2279 1557 2372 1610 καὶ
2405 1557 2616 1629 σώματι
2648 1560 2741 1612 καὶ
2763 1560 2925 1612 παντὶ
2972 1557 3046 1628 τῷ
3077 1559 3297 1623 σκεύει,
3344 1557 3637 1611 συνενωθέν-

420 1629 537 1698 ipse
567 1629 712 1686 Deus
741 1647 802 1684 ac
845 1631 1098 1700 Verbum,
1133 1637 1335 1708 Deique
1367 1639 1538 1696 Filius
1568 1657 1690 1697 cum
1727 1649 1904 1700 anima
1939 1659 1993 1704 et

2096 1666 2184 1712 τος
2215 1649 2378 1703 αὐτοῦ
2411 1649 2503 1703 τοῦ
2559 1651 2786 1714 σκεύους
2837 1654 2916 1716 είς
2950 1651 3168 1721 πνεῦμα
3193 1691 3207 1714 ,
3239 1652 3370 1706 αὐτὸ
3411 1651 3468 1703 τὸ
3503 1651 3637 1719 σῶμα

419 1737 670 1792 corpore,
703 1733 926 1796 totoque
965 1729 1102 1782 adeo
1133 1729 1498 1787 instrumento
1534 1738 1771 1792 surrexit
1807 1757 1820 1793 :
1849 1744 1990 1811 quod

2096 1743 2461 1812 πνευματικὸν
2523 1743 2804 1816 ὑπάρξαν.
2842 1743 2903 1796 τὸ
2955 1743 3087 1796 ποτὲ
3139 1745 3254 1813 ἁψῇ
3290 1742 3636 1812 ὑποκείμενον,

419 1815 675 1886 deinceps
717 1819 861 1873 velut
891 1821 945 1874 in
987 1821 1238 1890 spiritum
1289 1825 1606 1895 conﬂatum,
1645 1801 1882 1900 corpus;
1908 1835 1993 1890 in-

2096 1833 2188 1886 καὶ
2220 1801 2438 1904 μάστιξι
2477 1801 2776 1906 παραόοθὲν
2808 1835 3038 1907 ἑκουσίῳ
3065 1837 3166 1906 τῆς
3193 1801 3639 1907 ’θεότητοξθελήιλ

418 1921 602 1976 quam,
642 1909 885 1977 spiritale
923 1911 1122 1966 factum
1167 1921 1270 1982 est,
1308 1919 1452 1986 quod
1498 1919 1625 1975 olim
1667 1927 1993 1980 contrectari

2096 1943 2245 1996 ματι.
2276 1925 2368 1980 καὶ
2392 1927 2752 1998 πειρασθῆναι
2784 1925 2892 1981 ὑπὸ
2923 1928 3017 1981 τοῦ
3047 1929 3264 1982 Σατανᾶ
3299 1928 3638 1999 συγχωρηθὲν,

417 2005 649 2066 poterat,
696 2008 750 2054 et
791 2002 1072 2060 divinitate
1118 2006 1233 2075 ipsa
1267 2017 1460 2078 sponte
1491 2013 1854 2080 permittente,
1893 2015 1992 2072 ﬂa—

2096 2018 2186 2069 xal.
2213 2018 2373 2088 πείνᾳ
2405 2018 2824 2089 προσπελάζειν,
2849 2021 2943 2073 καὶ¹
2968 2019 3122 2090 ῦπνῳ
3161 2020 3258 2074 καὶ
3294 2020 3538 2090 καμάτῳ,
3563 2017 3640 2070 λύ-

417 2089 530 2158 gris
554 2093 860 2159 expositum
901 2091 1096 2163 fuerat,
1125 2107 1180 2154 et
1211 2098 1425 2156 Satanae
1477 2107 1866 2165 tentationibus
1903 2126 1993 2181 ap-

2096 2122 2171 2176 πῃ
2212 2123 2272 2157 τε
2307 2107 2399 2159 καὶ
2439 2106 2722 2179 ἀδημονίᾳ.
2783 2109 2922 2162 Αὐτὸ
2954 2109 3015 2162 τὸ
3047 2089 3212 2180 σῶμα
3243 2109 3304 2162 τὸ
3345 2089 3497 2178 ἅγιον
3533 2126 3637 2160 συν-

417 2181 662 2248 petitum,
699 2198 763 2238 ac
801 2183 948 2250 fami,
995 2203 1226 2254 somno,
1281 2193 1472 2259 labori,
1508 2199 1736 2254 tristitiae
1765 2215 1828 2256 ac
1855 2218 1992 2257 mee-

2096 2196 2290 2250 ενωθὲν
2333 2197 2518 2251 λοιπὸν
2565 2197 2802 2270 θεότητι,
2837 2200 3266 2271 ἀπαραλείπτως
3299 2203 3394 2272 τῆς
3419 2200 3638 2270 θεότητος

415 2272 529 2326 reri
571 2275 863 2330 obnoxium
899 2295 912 2331 :
953 2279 1083 2334 illud
1129 2283 1304 2351 ipsum
1343 2299 1752 2344 sacrosanctum
1788 2307 1990 2365 corpus

2096 2287 2476 2358 συνηνωμένης
2504 2287 2582 2359 τῷ
2609 2287 2677 2342 τὰ
2697 2288 2920 2342 τοιαῦτα
2946 2289 3244 2342 πεπονθότι
3266 2289 3403 2360 ἁγίῳ
3432 2289 3634 2359 σώματι.

416 2365 673 2436 deinceps
706 2383 828 2422 cum
862 2369 1144 2426 divinitate
1170 2375 1519 2444 conjunctum
1555 2379 1690 2448 fuit;
1725 2399 1844 2454 quae
1869 2401 1992 2455 per-

2103 2378 2326 2448 Ἀνέστη
2360 2379 2504 2451 γὰρ,
2539 2380 2631 2433 καὶ
2677 2381 2982 2452 συνήνωσεν
3031 2381 3168 2434 αὐτὸ
3205 2383 3284 2444 εἰς
3331 2381 3508 2435 ἑαυτὸν
3529 2421 3542 2442 ,
3570 2381 3637 2444 εἰς

415 2467 580 2524 petuo
619 2471 742 2510 cum
769 2457 861 2512 ille
890 2459 1018 2512 dum
1069 2461 1170 2514 ista
1221 2471 1516 2533 pateretur,
1553 2467 1728 2526 fuerat
1759 2475 1990 2544 conjun-

2096 2467 2308 2538 πνεῦμα
2335 2469 2377 2532 ⁸,
2407 2471 2486 2533 εἰς
2516 2471 2644 2540 μίαν
2674 2471 2920 2541 ἑνότητα,
2953 2471 3032 2534 είς
3064 2472 3196 2542 μίαν
3229 2471 3548 2538 δοξολογίαν,
3569 2471 3636 2532 εἰς

417 2553 524 2601 cta.
561 2544 809 2602 Surrexit
849 2549 1015 2612 enim,
1050 2552 1334 2624 ipsumque
1377 2573 1578 2628 corpus
1615 2561 1668 2615 in
1697 2578 1863 2618 unum
1903 2581 1990 2622 se-

2096 2559 2220 2629 μίαν
2251 2560 2443 2614 ἑαυτοῦ
2475 2561 2722 2633 θεότητα.
2761 2562 2977 2633 Πέφηνε
3033 2565 3130 2634 μὲν
3187 2563 3298 2635 γὰρ
3325 2564 3384 2618 ὲν
3421 2561 3638 2634 ἀληθείᾳ,

415 2652 539 2690 cum
593 2638 882 2707 spiritum,
938 2657 1212 2714 unamque
1268 2647 1697 2716 singularitatem
1749 2669 1812 2708 ac
1873 2657 1988 2728 glo-

2096 2652 2184 2706 καὶ
2217 2652 2540 2726 ὲψηλαφήθη
2583 2655 2688 2709 ὑπὸ
2713 2655 2808 2710 τοῦ
2844 2658 3050 2727 Θωμᾶ,
3083 2657 3183 2710 καὶ
3216 2659 3324 2721 τοῖς
3355 2655 3636 2716 ἀποστόλοις

417 2730 552 2781 riam
579 2727 1026 2801 divinitatemque
1065 2733 1357 2803 copulavit.
1391 2735 1600 2792 Etenim
1645 2757 1830 2797 revera
1863 2727 1988 2814 post

2096 2744 2356 2815 συνέφαγε
2385 2747 2428 2811 ⁹,
2464 2748 2559 2799 καὶ
2594 2739 2925 2818 συναυλίσθη
2952 2749 2997 2780 ¹⁰
3023 2748 3136 2819 (57)
3179 2750 3296 2820 μετ’
3323 2749 3494 2802 αὐτῶν
3534 2764 3636 2800 τεσ-

415 2825 644 2874 mortem
685 2822 955 2890 apparuit,
1000 2831 1055 2876 et
1104 2839 1132 2876 a
1180 2825 1387 2881 Thema
1438 2837 1806 2888 contrectatus
1865 2845 1986 2904 est;

2096 2837 2399 2908 σαράκοντα
2450 2837 2664 2910 ἡμέρας
2700 2841 2795 2894 καὶ
2850 2840 3267 2912 τεσσαράκοντα
3297 2841 3516 2906 νύκτας·
3540 2838 3635 2892 ἀλλ’

415 2917 470 2962 et
525 2925 648 2964 cum
702 2914 963 2982 apostolis
1029 2917 1374 2973 manducavit
1423 2929 1477 2975 et
1521 2923 1677 2988 bibit,
1730 2941 1792 2979 ac
1836 2928 1989 2984 deni—

2096 2930 2301 3000 είσῆλθε
2337 2930 2516 3002 θυρῶν
2548 2931 2950 3004 κεκλεισμένων
2975 2972 2989 2996 ,
3027 2934 3121 2986 καὶ
3161 2933 3302 3004 μετὰ
3321 2933 3380 2986 τὸ
3410 2931 3636 2985 εἰσελθεῖν

413 3017 522 3072 que
565 3003 924 3075 quadraginta
955 3007 1071 3062 dies
1105 3009 1438 3082 totidemque
1485 3027 1671 3072 noctes
1716 3035 1840 3072 cum
1880 3021 1987 3077 illis

2096 3024 2328 3078 ἐδείκνυε
2384 3025 2551 3097 νεῦρα
2589 3028 2682 3080 καὶ
2719 3029 2852 3080 ὀστᾶ
2881 3067 2896 3090 ,
2944 3028 3112 3080 τύπον
3160 3027 3308 3098 ἥλων
3361 3029 3450 3080 καὶ
3495 3025 3636 3079 τύπον

415 3103 772 3150 conversatus
815 3106 919 3152 est.
965 3097 1046 3152 Ad
1089 3099 1204 3154 haec
1253 3103 1490 3160 occlusis
1531 3105 1736 3164 foribus
1785 3109 1990 3182 ingres-

2096 3113 2290 3186 λόγχης
2313 3156 2326 3180 ,
2354 3117 2434 3170 ὅτι
2477 3117 2608 3170 αὐτὸ
2645 3113 2714 3188 ἦν
2752 3119 2966 3190 ἀληθῶς
2987 3119 3046 3173 τὸ
3074 3097 3258 3191 σῶμα.
3309 3123 3426 3172 Ὀτι
3451 3119 3504 3172 δὲ
3529 3133 3635 3170 συν-

415 3203 532 3250 sus,
587 3203 784 3243 nervos
837 3201 890 3244 et
941 3206 1088 3255 ossa,
1129 3193 1514 3265 clavorumqne
1559 3213 1622 3254 ac
1657 3201 1855 3258 lanceae
1893 3223 1988 3260 ve-

2096 3205 2237 3277 ήφθη
2273 3209 2352 3270 είς
2389 3207 2516 3277 μίαν
2549 3207 2797 3280 θεότητα,
2844 3209 3044 3282 μηκέτι
3083 3210 3398 3281 προσδοκῶν
3448 3211 3636 3272 παθεῖν,

414 3279 574 3348 stigia
617 3283 959 3346 monstravit,
1003 3293 1056 3336 et
1103 3299 1289 3339 verum
1325 3301 1448 3344 esse
1494 3305 1693 3360 corpus
1747 3295 1986 3351 edocuit.

2096 3298 2286 3367 μηκέτι
2317 3279 2701 3372 ἀποθνήσκων,
2734 3301 2808 3364 ὥς
2838 3279 3002 3370 ιρησιν
3051 3303 3080 3353 ό
3121 3279 3278 3372 όιγιος
3318 3299 3634 3361 ’Δπόστολος·

415 3371 570 3436 Quod
599 3381 779 3424 autem
830 3373 882 3424 in
919 3389 1080 3426 unam
1127 3376 1463 3433 divinitatem
1491 3383 1840 3450 conjunctum
1876 3391 1990 3441 nul-

2101 3389 2342 3457 Ἇνὲστη
2382 3371 2596 3460 Κύριος
2620 3394 2684 3458 ’⁸,
2729 3394 2928 3446 οὐκέτι
2975 3371 3370 3460 ἀποθνήσκει,
3417 3392 3638 3456 θάνατος

415 3463 521 3514 lam
563 3463 796 3530 amplius
837 3464 1146 3532 passionem
1176 3469 1389 3539 1139
1417 3473 1502 3526 vel
1539 3481 1764 3530 mortem
1796 3495 1988 3548 exspe-

2096 3479 2274 3532 αὐτοῦ
2315 3480 2518 3535 οὐκέτι
2568 3483 2845 3551 κυριεύει.
2898 3483 2970 3536 Τὸ
3000 3483 3244 3555 παθητὸν
3270 3485 3316 3516 ¹²
3342 3483 3534 3544 ἀπαθὲς
3567 3481 3638 3533 ἀεὶ

415 3562 550 3618 etet,
580 3555 666 3608 his
709 3555 888 3609 verbis
917 3555 1157 3610 declarat
1186 3563 1478 3628 Apostolus
1512 3586 1522 3618 :
1561 3565 1804 3621 Surrexit
1832 3567 1989 3624 Chri-

2096 3569 2282 3638 μένον,
2314 3571 2374 3624 τὸ
2403 3571 2582 3627 θεῖκὸν
2615 3575 2710 3628 σὺν
2747 3573 2958 3646 σώματι
2993 3576 3086 3628 καὶ
3116 3575 3268 3648 ψυχῇ
3301 3576 3391 3628 καὶ
3425 3575 3557 3645 πάσῃ
3581 3574 3636 3642 τῇ

416 3656 568 3708 stus;
609 3663 711 3698 mm
762 3646 872 3712 iam
929 3649 1188 3713 moritur;
1241 3667 1381 3706 mors
1433 3655 1514 3708 illi
1562 3656 1708 3712 ultra
1761 3676 1864 3714 non
1901 3661 1991 3714 do-

2096 3663 2498 3734 ἑνανθρωπήσει
2529 3683 2542 3696 °
2576 3665 2738 3730 αὐτὸς
2773 3669 2905 3732 Θεὸς
2942 3669 2986 3700 ¹³
3037 3667 3146 3732 ὢν,
3197 3669 3431 3722 ἀνελθὼν
3475 3667 3524 3718 δὲ
3571 3666 3637 3726 εἰς

417 3737 706 3790 minabitur
747 3739 789 3790 ⁸.
843 3737 986 3792 Idem
1039 3755 1167 3810 ergo
1216 3743 1360 3811 quod
1419 3747 1527 3814 pati
1569 3757 1816 3818 poterat,
1862 3767 1989 3822 pas-

2096 3756 2382 3826 οὐρανοὺς,
2437 3759 2690 3812 ἐκάθισεν
2741 3763 2800 3814 ὲν
2851 3761 3002 3833 δεξιᾷ
3033 3763 3126 3816 τοῦ
3171 3763 3382 3834 Πατρός
3416 3763 3467 3813 ἐν
3510 3757 3634 3829 δόξῃ,

415 3829 586 3882 sionis
639 3845 835 3899 expers
878 3833 1097 3895 mansit,
1132 3833 1389 3890 divinitas
1447 3837 1657 3894 scilicet
1703 3857 1825 3895 cum
1867 3859 1990 3898 cer—

2096 3849 2190 3901 ούκ
2232 3849 2566 3919 ἀποθέμενος
2595 3852 2656 3904 τὸ
2686 3851 2840 3921 ἅγιον
2877 3853 3058 3924 σῶμα,
3092 3854 3230 3907 ἀλλὰ
3264 3853 3550 3914 συνενώσας
3572 3851 3637 3910 εἰς

417 3937 545 3991 pere
573 3933 626 3976 et
660 3925 838 3975 anima
880 3939 946 3977 ac
985 3933 1096 3976 tota
1125 3925 1462 3983 humanitate
1491 3933 1779 4000 conjuncta
1805 3954 1819 4000 ;
1849 3936 1990 3991 Deus

2096 3943 2459 4011 πνευματικὸν
2507 3945 2564 3998 ἐν
2611 3944 2910 4016 τελειότητι
2965 3949 3094 4017 μιᾶς
3124 3947 3378 4018 θεότητος
3403 3962 3414 3974 ⁸
3452 3943 3520 4006 ὠς
3559 3939 3636 3994 καὶ

417 4013 533 4080 ipse
569 4029 660 4082 per
694 4029 833 4069 sese.
875 4016 976 4080 Qui
1023 4019 1325 4073 ascendens
1367 4021 1419 4073 in
1454 4023 1674 4088 coelum,
1713 4027 1776 4080 ad
1813 4027 1993 4082 dexte-

2096 4033 2159 4084 τὰ
2191 4029 2641 4100 ἡμῶνσωματικὰ
2658 4032 2814 4103 μέλη,
2849 4036 2916 4089 τὰ
2943 4037 3036 4090 νῦν
3077 4039 3410 4108 σπειρόμενα
3439 4033 3634 4105 ψυχικὰ,

415 4117 528 4155 ι·;ιιη
569 4101 747 4158 Patris
786 4105 1034 4160 consedit
1073 4107 1124 4160 in
1155 4109 1324 4178 gloria
1353 4111 1395 4172 ⁵,
1425 4125 1532 4165 non
1571 4121 1628 4165 ut
1665 4129 1864 4184 corpus
1894 4117 1988 4171 de-

2096 4124 2394 4194 ἐγείρονται
2441 4129 2819 4195 πνευματικά·
2861 4129 2930 4181 τὰ
2972 4129 3064 4182 νῦν
3101 4131 3433 4201 σπειρόμενα
3460 4130 3512 4180 ἐν
3537 4125 3637 4193 φθο-

417 4201 663 4262 poneret,
706 4197 798 4250 sed
843 4205 900 4250 ut
943 4197 996 4250 in
1029 4199 1192 4253 unius
1221 4201 1550 4269 perfectione
1596 4205 1896 4262 divinitatis
1935 4208 1989 4262 in

2096 4217 2195 4284 ρᾷ,
2224 4207 2526 4287 ἐγείρονται
2563 4221 2620 4269 ἐν
2663 4219 2970 4290 ἁᾳθαρσίᾳ·
3009 4221 3076 4274 τὰ
3115 4221 3211 4274 νῦν
3255 4221 3565 4291 σπειρόμενα
3590 4217 3635 4265 ἐν

415 4287 658 4355 spiritale
707 4288 985 4342 contlaret.
1039 4288 1504 4354 Quemadmodum
1558 4295 1670 4350 haec
1719 4299 1832 4366 ipsa
1879 4315 1993 4352 cor-

2096 4305 2340 4377 θανὰτῳ,
2381 4309 2683 4378 ἐγείρονται
2721 4313 2778 4362 ἐν
2807 4311 3092 4383 ἀθανασία.
3127 4316 3191 4367 Εἰ
3219 4315 3394 4367 τοίνυν
3425 4313 3489 4364 τὰ
3524 4309 3636 4380 ἡμέ-

412 4389 544 4444 pora
578 4383 784 4439 nostra,
828 4395 948 4446 qua:
1003 4395 1146 4433 nunc
1190 4383 1442 4437 animalia
1489 4387 1846 4451 seminantur,
1883 4391 1993 4459 spi-

2096 4415 2224 4468 τερα
2257 4399 2458 4464 οὕτως,
2507 4402 2657 4470 πόσῳ
2706 4419 2769 4470 γε
2819 4405 3016 4472 μᾶλλον
3071 4406 3248 4458 έκεῖνο
3279 4407 3340 4457 τὸ
3389 4405 3530 4472 ἅγιον
3561 4399 3638 4452 καὶ

413 4469 819 4537 ritalilquadam
857 4472 1166 4527 conditione
1197 4487 1527 4546 resurgunt:
1569 4495 1709 4548 qum,
1745 4481 1987 4550 inquam,

2096 4490 2484 4564 ἀνεκδιήγητον
2511 4535 2524 4556 ,
2581 4495 2674 4546 καὶ
2711 4495 3041 4566 ἀσύγκριτον
3102 4497 3198 4548 καὶ
3251 4497 3533 4569 ἀκραιφνὲς
3572 4489 3638 4559 τῷ

411 4574 536 4612 enm
567 4561 918 4630 corruptione
967 4577 1241 4630 seruntur,
1272 4583 1394 4622 cum
1435 4569 1843 4642 incorruptione
1873 4589 1990 4628 sur-

410 4659 590 4718 gunt:
629 4665 750 4718 quae
791 4651 846 4704 in
890 4662 1063 4709 morte
1113 4657 1472 4724 seminantur,
1510 4675 1631 4714 cum
1665 4665 1987 4718 immortali-

411 4750 524 4796 tate
569 4750 862 4812 resurgunt
893 4744 930 4797 ‘.
965 4745 1168 4810 Quodsi
1217 4749 1477 4817 ejusmodi
1521 4768 1746 4822 corpora
1803 4765 1988 4810 nostra

411 4834 594 4886 futura
635 4843 781 4895 sunt,
815 4847 1019 4902 quanto
1040 4839 1211 4907 magis
1241 4841 1646 4895 sanctissimum
1675 4844 1804 4898 illud
1833 4845 1991 4899 Chri-

410 4927 480 4979 sti
513 4941 732 4995 corpus,
767 4925 910 4996 quod
945 4928 1107 4982 nullis
1137 4931 1313 4983 verbis
1342 4933 1620 5001 explicari,
1661 4951 1836 5006 neque
1864 4951 1986 4991 eum

409 5018 516 5070 ulla
553 5033 611 5071 re
639 5018 942 5086 comparari
987 5025 1162 5087 potest
1195 5039 1206 5072 :
1241 5021 1394 5084 illud,
1449 5023 1686 5092 inquam,
1741 5027 1992 5084 sinceris-

409 5112 606 5163 simum
644 5126 708 5164 ac
735 5109 848 5165 Deo
890 5111 1268 5180 conjunctum,
1313 5114 1588 5185 singulare
1638 5119 1892 5190 deinceps
1936 5133 1989 5177 et

2095 4581 2212 4652 Θεῷ
2242 4585 2613 4654 συνηνωμένον
2638 4627 2650 4648 ,
2708 4587 2768 4639 τὺ
2819 4587 2877 4638 ἓν
2930 4587 2988 4639 ὃν
3017 4587 3199 4640 λοιπὸν
3243 4587 3527 4660 μονοειδέςς
3565 4583 3636 4642 Ὠς

2095 4676 2187 4726 καὶ
2238 4677 2296 4728 ἐν
2328 4677 2502 4747 τούτῳ
2541 4679 2906 4752 ἐπιμαρτυρεί
2955 4685 2983 4734 ὁ
3040 4683 3398 4746 Ἀπὸστολος,
3455 4680 3634 4748 λέγων’

2097 4765 2166 4815 El
2218 4765 2314 4818 καί
2347 4765 2691 4835 ἐγνώκαμεν
2739 4770 2890 4823 κατὰ
2921 4772 3122 4841 σάρκα
3171 4774 3458 4840 Χριστὸν,
3503 4764 3638 4823 ἀλλὰ

2095 4851 2213 4904 νῦν
2241 4855 2440 4908 οὐκέτι
2481 4856 2852 4927 γινώσκομεν·
2880 4881 2892 4892 ο
2925 4863 3022 4932 οὐχ
3055 4864 3136 4916 ὅτι
3169 4864 3328 4916 διεῖλε
3367 4863 3460 4932 τὴν
3485 4859 3638 4928 σάρκα

2095 4943 2206 4994 ἀπὸ
2253 4945 2351 5015 τῆς
2399 4945 2652 5016 θεότητος
2688 4989 2702 5014 ,
2749 4951 2886 5005 ἀλλὰ
2932 4955 3104 5025 αὐτὴν
3163 4954 3423 5025 μένουσαν
3455 4952 3530 5016 ¹⁸,
3558 4945 3638 5000 καὶ

2095 5035 2213 5104 Θεῷ
2263 5041 2647 5110 συνηνωμένην
2674 5082 2688 5106 ,
2737 5044 2934 5113 μηκέτι
2981 5047 3038 5098 δὲ
3077 5043 3240 5100 οὖσαν
3283 5045 3419 5099 κατὰ
3465 5039 3638 5110 σάρκα,

2096 5127 2234 5181 ἀλλὰ
2257 5135 2406 5186 κατὰ
2436 5134 2670 5205 πνεῦμα
2709 5139 2750 5168 ¹¹⁵
2777 5139 3118 5208 ἁγιωσύνης
3137 5180 3154 5206 ,
3183 5139 3251 5204 ἐξ
3284 5133 3634 5193 ἀναστάσεως

476 5267 491 5296 ¹
529 5265 546 5318 1
578 5267 702 5322 Cur.
745 5285 834 5332 xv,
869 5269 956 5324 55.
1034 5273 1054 5302 '
1085 5271 1225 5326 Psal.
1257 5287 1364 5331 ενι.
1409 5273 1491 5333 16,

404 5353 493 5396 xv,
523 5337 590 5412 42
631 5355 750 5412 sqq.
852 5341 987 5412 τωρ.
1029 5343 1175 5412 ᾅδου.

407 5408 833 5490 σξναλισθέντων
869 5408 1083 5490 legitur.

403 5493 464 5527 ου
475 5493 584 5530 σαν.

1569 5276 1588 5306 ³
1611 5275 1756 5349 Psal.
1785 5293 1870 5344 xv,
1907 5279 2008 5337 15:
2045 5283 2166 5336 Art.
2205 5301 2266 5349 ιτ,
2297 5286 2388 5342 27.

2464 5288 2486 5320 ⁵
2513 5288 2672 5343 Rom.
2701 5307 2776 5352 vx,
2805 5291 2857 5344 9.
2917 5293 2937 5322 ⁵
2965 5289 3122 5348 Rom.
3159 5308 3273 5346 vni.
3298 5292 3385 5347 54.
3445 5289 3464 5320 ⁸
3490 5283 3636 5352 Ιοθτῖ

1292 5347 1312 5377 ⁸
1335 5363 1442 5418 πρᾷ
1475 5345 1532 5398 ἓν
1567 5347 1802 5418 πνεῦμα.

1913 5349 2074 5422 9Alia
2113 5353 2274 5408 lectio
2332 5359 2504 5422 addit,
2573 5363 2665 5412 καὶ
2737 5349 2972 5415 συνέπιε.
3077 5365 3120 5395 ¹⁰
3151 5363 3269 5416 Act.
3329 5379 3366 5422 ι,
3437 5357 3522 5412 Sed
3575 5349 3634 5422 ibi

1201 5415 1237 5446 ”
1276 5433 1378 5500 rp;
1400 5417 1649 5485 Χριστός.
1709 5415 1762 5501 Ἷξ
1801 5419 1876 5470 lta
1913 5435 1976 5474 ex

2096 5428 2267 5478 umrio
2306 5415 2612 5483 correctum
2636 5441 2739 5486 est.
2816 5433 2964 5501 ’³γρ.
3019 5415 3288 5495 αὐτόθεος.
3330 5415 3406 5462 Ἵ¹⁶
3443 5445 3524 5497 no.
3555 5421 3634 5492 μὲν

681 5481 722 5510 ¹⁶
761 5499 850 5548 πρ.
892 5483 1033 5534 κατὰ
1069 5481 1317 5556 πνεῦμα,
1344 5485 1418 5548 ὥς
1448 5481 1600 5556 ἑρησι,
1634 5489 1776 5541 κατὰ
1797 5505 1950 5542 πνευ.

477 5628 766 5709 (Ξὶϐλοιςνχὶ
807 5633 917 5709 ζῇς
953 5637 1243 5709 Θεότητος
1277 5644 1805 5709 συγκλεισθείσης.
1861 5639 1992 5694 Vide

404 5715 525 5766 qua:
573 5701 640 5776 de
683 5701 769 5752 illa
817 5701 1405 5776 Epiphanii‘opinione
1451 5713 1685 5766 diximus,
1717 5701 1779 5765 ad
1841 5711 1991 5766 Fidei

405 5770 785 5833 crposizionem
815 5770 964 5824 num.
1005 5775 1089 5828 l7.

2177 5645 2285 5716 (57)
2312 5647 2717 5716 Συναυνίσθη.
2761 5649 3020 5704 Eumdem
3077 5651 3220 5706 hunc
3248 5650 3418 5702 locum
3442 5641 3552 5697 vide
3570 5636 3633 5690 σία

2103 5723 2214 5766 tato
2245 5731 2366 5768 mox
2411 5718 2464 5770 in
2501 5733 2729 5774 numero
2765 5722 2826 5772 l7
2855 5720 3212 5789 Expositionis
3241 5719 3380 5789 ﬁdet".
