3986 6224
284 373 393 429 835
1608 376 2277 433 ΑΝΛΟΕΡΙΙᾹΙΑΕΟΞΙΒ.
3449 375 3567 433 88⁷0

287 482 520 553 νεκρῶν
558 485 664 539 τοῦ
695 487 918 555 Κυρίου
956 487 1124 558 ἡμῶν
1171 488 1375 558 Ἰησοῦ
1417 488 1695 556 Χριστοῦ,
1738 487 1873 541 Τοῦ-

1996 489 2301 542 tuil‘orme?
2338 485 2492 553 Quod
2542 488 2756 557 quidem
2793 488 3090 558 Apostolus
3143 488 3244 542 hac
3291 488 3566 544 sententia

287 593 381 629 τον
405 576 542 646 ὁμοῦ
582 578 715 630 Θεὸν
750 580 763 610 ¹
799 579 996 648 ἔχουσα
1019 618 1036 644 ,
1081 581 1264 652 ἅπαθῆ
1303 582 1398 634 καὶ
1439 580 1714 645 παθόντα,
1779 583 1874 632 καὶ

1996 589 2247 634 ηοειοιυτε
2283 578 2352 632 Et
2389 579 2434 633 si
2473 580 2739 642 novimus,
2784 580 2980 649 inquit,
3025 580 3307 634 secundum
3353 595 3564 632 carnem

288 667 529 736 ταφέντα
561 671 656 722 καὶ
684 671 993 725 ἀναστάντα
1031 673 1126 726 καὶ
1172 672 1555 726 ἀνελθόντα.ὲν
1586 670 1741 744 δόξῃ,
1784 673 1874 742 ὲρ-

1996 667 2266 732 Πινίδιιιηι,
2297 684 2399 721 non
2419 667 2538 736 jam
2565 669 2922 737 cognoscimus
2952 669 3001 733 ¹;
3033 685 3140 722 ιιοιι
3171 669 3316 739 quod
3344 684 3564 722 carnem

289 760 520 829 χύμενον
574 764 756 833 κρῖναι
803 761 1013 827 ζῶντας
1047 765 1138 817 καὶ
1171 765 1430 835 νεκροὺς,
1471 763 1546 828 ὥς
1580 779 1780 834 φησιν,
1814 765 1872 815 ἐν

1996 759 2320 814 tdivinitate
2361 757 2682 828 sejunxerit,
2735 756 2825 813 sed
2855 759 3000 828 quod
3049 761 3278 814 exsistat
3317 759 3406 812 illa
3443 758 3568 827 qui-

289 849 520 920 ἁληθείᾳ
539 891 556 916 ,
594 847 677 907 Οὖ
707 851 820 922 τῆς
841 854 1168 920 ,βασιλείας
1196 857 1308 909 οὐκ
1335 855 1508 908 ἔσται
1533 854 1730 919 τέλος.

1996 852 2120 915 Ι.·ιιι,
2157 867 2224 904 ac
2261 861 2384 906 cum
2446 851 2554 905 Deo
2587 850 2882 920 jungatur;
2930 857 3118 905 verum
3175 868 3283 905 non
3334 851 3568 919 amplius
3629 886 3644 889 -

292 944 593 998 secundum
651 958 908 1013 carnem,
967 950 1062 1004 sed
1115 950 1415 1005 sccumlum
1459 949 1711 1018 spiritum
1753 948 1844 1013 sit,
1900 954 1958 1000 ut
2017 948 2244 1016 ipsemet
2307 948 2521 1012 asserit,
2578 947 2861 1000 secundum
2893 949 3135 1014 spiritum
3182 945 3563 1016 sanctiﬁcatio-

291 1037 396 1099 nis,
432 1050 498 1090 ea:
528 1043 909 1096 resurrectione
942 1053 1270 1097 mortuorum
1299 1045 1514 1099 Domini
1539 1044 1710 1098 nostri
1774 1043 1905 1097 Jesu
1943 1041 2143 1097 Christi
2169 1042 2211 1096 ⁸.
2281 1035 2436 1096 Hunc
2491 1042 2656 1113 igitur
2701 1043 2942 1097 Ecclesia
3002 1044 3162 1097 simul
3217 1035 3382 1097 Deum
3442 1055 3567 1096 esse

293 1128 600 1197 proﬁtetur,
641 1135 914 1200 passionis
963 1147 1239 1206 expertem
1281 1146 1336 1192 et
1378 1153 1624 1208 passum,
1668 1135 1762 1206 qui
1807 1135 2055 1205 sepultus
2085 1136 2174 1197 sit,
2209 1135 2590 1197 resurrexerit,
2623 1149 2746 1186 eum
2811 1134 2981 1203 gloria
3039 1134 3237 1186 coelum
3297 1147 3568 1187 conscen-

292 1223 458 1284 derit,
483 1235 771 1281 venturum
804 1229 1043 1285 indidem
1068 1232 1318 1302 judicare
1356 1235 1514 1290 vivos
1545 1241 1600 1289 et
1624 1241 1892 1298 mortuos,
1922 1231 2086 1302 idque
2119 1232 2256 1286 adeo
2299 1247 2426 1286 vere
2467 1231 2542 1284 uti
2589 1231 2798 1285 dictum
2840 1238 2925 1285 est
2977 1248 2992 1284 :

291 1322 396 1372 erit
424 1321 545 1389 ﬁnis
575 1313 643 1376 ’.⁸

369 1417 479 1470 Καὶ
505 1420 614 1491 γὰρ
639 1423 733 1475 καὶ
766 1425 1009 1478 πιστεύει
1038 1427 1068 1496 ἡ
1097 1423 1253 1496 ἡμῶν
1276 1429 1296 1457 ¹
1330 1428 1469 1497 αὕτη
1512 1429 1544 1498 ή
1574 1427 1704 1495 ἀγία
1754 1427 1878 1480 Ἐκ·

297 1507 498 1577 κλησία
523 1549 538 1572 ,
571 1512 665 1564 καὶ
715 1513 791 1576 ὡς
821 1515 959 1586 αὐτῇ
1007 1515 1220 1587 ἀληθῶς
1259 1520 1628 1590 κεκήρυκται,
1665 1517 1878 1588 ἀληθῶς

296 1603 746 1670 προστέτακται·
815 1609 898 1662 ὅτι
961 1612 1408 1682 κοιμηθησόμεθα
1471 1613 1711 1679 πάντες,

297 1693 720 1766 ἁναστησόμεθα
766 1699 862 1752 σὺν
895 1700 1106 1770 σώματι
1150 1702 1352 1774 τούτῳ,
1389 1706 1484 1758 σὺν
1512 1703 1656 1774 ψυχῇ
1687 1703 1879 1776 ταύτῃ,

297 1786 401 1838 σὺν
438 1790 598 1842 παντὶ
626 1788 703 1859 τῷ
731 1791 983 1862 ἡμετέρῳ
1018 1793 1234 1847 σκεύει·
1263 1796 1349 1849 ἵνα
1369 1797 1598 1858 ἕκαστος
1632 1795 1879 1866 ἀπολάϐῃ

297 1877 439 1949 πρὸς
481 1879 517 1933 ὃ.
564 1880 820 1952 ἔπραξεν.
862 1885 984 1938 Ὅτι
1015 1887 1124 1957 γὰρ
1167 1887 1458 1950 ἀνάστασις
1515 1887 1758 1958 νεκρῶν,
1790 1887 1883 1940 καὶ

296 1968 483 2039 κρίσις
507 1971 724 2037 αἰώνιος
775 1975 870 2028 καὶ
903 1975 1148 2046 βασιλεία
1195 1977 1442 2049 οὐρανῶν
1486 1979 1576 2031 καὶ
1638 1980 1884 2032 ἀνάπαυ-

298 2077 387 2124 σις
417 2065 529 2154 τοῖς
552 2063 784 2130 δικαίοις
818 2067 913 2120 καὶ
944 2068 1282 2140 κληρονομία
1307 2071 1513 2125 πιστῶν
1577 2072 1671 2125 καὶ
1725 2072 1886 2144 χορὸς

299 2152 726 2224 μετ’ἀγγέλων,
757 2159 867 2212 τῶν
900 2163 1282 2234 τετηρηκότων
1315 2163 1414 2235 τὴν
1447 2164 1628 2219 πίστιν
1661 2165 1757 2217 καὶ
1788 2164 1885 2235 τὴν

294 2247 527 2313 ἁγνείαν
563 2250 655 2301 καὶ
686 2249 784 2322 τὴν
812 2251 1003 2305 ἐλπίδα
1039 2255 1132 2306 καὶ
1155 2254 1250 2318 τὰς
1285 2253 1379 2307 τοῦ
1414 2255 1615 2326 Κυρίου
1643 2255 1886 2322 ἐντολὰς,

295 2337 517 2409 ἀληθῶς
566 2341 716 2407 ἐστι,
763 2344 856 2397 καὶ
887 2347 1222 2416 κεκήρυκται
1257 2349 1350 2401 καὶ
1382 2348 1714 2418 ἡσφάλισται
1737 2390 1752 2412 ,
1793 2350 1888 2402 καὶ

296 2430 620 2486 πιστεύεται
647 2435 729 2488 ὅτι
753 2428 900 2489 οὗτοι
927 2438 1322 2509 ἀναστήσονται
1350 2441 1430 2504 είς
1464 2441 1609 2511 ζωὴν
1644 2440 1884 2505 αἰώνιον,

302 2521 402 2574 καὶ
430 2516 572 2576 οὗτοι
615 2527 694 2588 εἰς
740 2527 922 2598 κρίσιν
954 2529 1205 2596 αἰώνιον,
1235 2532 1374 2585 κατὰ
1402 2532 1463 2585 τὸ
1503 2533 1886 2603 γεγραμμένον

303 2615 366 2666 ὲν
403 2617 514 2678 τοῖς
561 2616 933 2686 Εὑαγγελίοις.
964 2622 1107 2675 Ὅσα
1148 2623 1256 2694 γὰρ
1307 2624 1454 2692 λέγει
1493 2626 1522 2678 ὁ
1568 2625 1887 2687 Ἀπόστολος

302 2704 402 2756 καὶ
446 2706 618 2759 πᾶσαι
657 2709 713 2760 αἱ
747 2707 903 2778 ἅγιαι
939 2710 978 2762 Γ
985 2712 1155 2782 ραφαὶ
1181 2751 1196 2777 ,
1254 2713 1430 2784 ἀληθῆ
1487 2714 1745 2784 τυγχάνει
1769 2729 1784 2743 ο
1838 2715 1888 2766 εί

303 2797 402 2848 καὶ
439 2797 594 2869 παρά
635 2800 749 2864 τοῖς
795 2802 1132 2874 άπιστήσασι
1183 2804 1280 2857 καὶ
1329 2805 1516 2869 κακῶς
1576 2805 1890 2878 νενοηκόσιν

302 2889 509 2959 ἑτέρως
537 2890 1001 2963 ὑπολαμϐάνεται.
1042 2895 1203 2966 Ἡμῖν
1229 2897 1291 2949 δὲ
1319 2896 1460 2968 αὕτη
1505 2899 1539 2969 ἡ
1567 2897 1750 2961 πίστις
1794 2899 1890 2952 καὶ

303 2979 445 3050 αῦτη
473 2982 507 3052 ἡ
535 2983 702 3054 τιμὴ,
727 2985 823 3038 καὶ
852 2985 990 3056 αῦτη
1022 2989 1055 3058 ἡ
1087 2989 1269 3060 μήτηρ
1296 2988 1454 3060 ἡμῶν
1483 2991 1517 3060 ἡ
1570 2989 1886 3061 Ἐκκλησία,

303 3069 396 3123 διὰ
431 3072 666 3137 πίστεως
697 3075 944 3141 σώζουσα
976 3077 1087 3149 (58)
1111 3121 1126 3145 ,
1163 3081 1258 3134 καὶ
1286 3080 1353 3139 δι’
1383 3081 1595 3144 ἐλπίδος
1626 3099 1891 3152 κρατυνο-

309 3160 450 3234 μένη
505 3164 600 3217 καὶ
650 3166 839 3239 ἀγάπῃ
888 3170 1126 3240 Χριστοῦ
1153 3211 1168 3237 ,
1203 3173 1556 3245 τελειουμένη
1606 3175 1662 3227 ἐν
1710 3193 1771 3228 τε
1821 3178 1887 3246 τῇ

1786 1607 1881 1666 καὶ

3056 1230 3222 1300 Cujus
3270 1231 3413 1298 regni
3465 1246 3572 1283 non

2056 1415 2190 1470 Nam
2236 1427 2290 1472 et
2341 1417 2678 1490 hoc'sancta
2730 1417 2844 1487 ipsa
2897 1423 3069 1470 mater
3117 1415 3378 1477 Ecclesia,
3425 1416 3570 1486 quod

1984 1526 2111 1566 vere
2142 1509 2246 1564 sibi
2278 1509 2628 1580 przedicatum
2677 1525 2912 1579 vereque
2954 1511 3268 1562 mandatum
3309 1516 3414 1571 est,
3451 1526 3572 1562 cre-

1987 1602 2103 1657 dit:
2143 1602 2468 1657 moriturum
2513 1617 2955 1671 unumquemque
2997 1609 3243 1656 nostrum
3279 1619 3343 1656 ac
3389 1618 3572 1656 resur-

1989 1705 2266 1751 recturum
2289 1711 2412 1750 cum
2444 1695 2545 1750 hoc
2574 1696 2692 1762 ipso
2722 1710 2970 1764 corpore,
2999 1710 3124 1747 cum
3148 1694 3335 1748 eadem
3367 1695 3572 1758 anima,

1989 1806 2115 1845 cum
2148 1799 2260 1844 toto
2292 1789 2393 1842 hoc
2418 1789 2805 1850 instrumento,
2834 1786 3068 1856 denique
3103 1797 3159 1838 ut
3197 1786 3424 1855 quilibet
3456 1802 3572 1839 tne-

1991 1883 2110 1937 ritis
2162 1881 2278 1938 suis
2323 1887 2693 1936 consentanea
2744 1880 2967 1950 praemia
3028 1877 3294 1948 percipiat
3343 1878 3384 1930 ⁸.
3438 1875 3571 1929 Nam

1987 1975 2133 2047 quod
2163 1987 2504 2052 mortuorum
2535 1976 2719 2029 l‘ntura
2743 1973 3076 2029 resurrectio
3102 1973 3173 2027 sit
3195 1979 3356 2044 atque
3375 1980 3576 2025 aeterna

1986 2070 2290 2132 damnatio,
2319 2071 2654 2138 cmlesteque
2678 2083 2927 2138 regnum,
2959 2066 3303 2136 etjustorum
3335 2065 3492 2134 quies
3516 2079 3578 2117 ac
3646 2083 3650 2087 ·

1989 2163 2224 2216 ﬁdelium
2259 2161 2570 2224 lnereditas,
2607 2160 3021 2228 communisque
3049 2175 3173 2212 cum
3219 2157 3424 2227 angelis
3456 2155 3578 2209 eho-

1987 2273 2082 2312 rus
2143 2257 2210 2311 iis
2263 2257 2596 2311 constitutus
2644 2255 2736 2326 qui
2787 2253 2945 2307 ﬁdem
2995 2259 3050 2307 et
3097 2252 3478 2307 castimoniam
3525 2259 3579 2303 et

1987 2365 2138 2418 spem
2191 2363 2256 2402 ac
2310 2348 2524 2400 Domini
2573 2354 2836 2415 prmcepta
2882 2345 3174 2406 servarint,
3227 2343 3578 2397 verissimum

1987 2449 2106 2504 est;
2140 2439 2305 2508 idque
2347 2446 2402 2492 et
2442 2437 2797 2509 praedicatum
2830 2443 2883 2490 et
2914 2436 3218 2489 certissime
3256 2434 3582 2502 Comproba-

1991 2541 2103 2585 tum
2130 2539 2183 2584 et
2210 2531 2521 2586 creditum:
2569 2531 2826 2598 quoniam
2871 2528 2926 2583 bi
2985 2531 3271 2596 resnrgent
3314 2525 3367 2578 in
3417 2524 3580 2576 vitam

1995 2621 2208 2693 1140
2234 2630 2513 2687 aeternam,
2542 2627 2596 2676 et
2642 2621 2729 2675 isti
2760 2620 2813 2674 in
2855 2618 3124 2689 judicium
3155 2626 3420 2671 aeternum
3443 2615 3488 2677 ",
3523 2621 3582 2665 ut

1990 2712 2047 2765 in
2099 2711 2393 2782 Evangelio
2443 2711 2707 2780 scriptum
2757 2719 2858 2764 est.
2917 2707 3052 2762 Nam
3110 2720 3450 2776 quacunque
3501 2703 3583 2757 vel

1989 2803 2281 2873 Apostolus
2319 2802 2401 2857 vel
2437 2817 2594 2856 saera
2629 2802 2806 2856 omnis
2842 2799 3125 2869 Scriptura
3167 2805 3424 2859 testatur,
3459 2808 3584 2848 vera

1992 2903 2141 2959 sunt,
2170 2895 2296 2948 licet
2322 2893 2569 2948 infideles
2607 2908 2671 2946 ac
2706 2907 2990 2962 perperam
3023 2890 3388 2959 intelligentes
3429 2886 3586 2940 aliter

1990 2986 2326 3042 existiment.
2368 2983 2538 3040 Nobis
2570 3000 2696 3039 vero
2733 3000 2795 3038 ea
2825 2984 3046 3038 demum
3079 2982 3215 3036 ﬁdes
3246 2990 3350 3045 est,
3392 2980 3439 3034 is
3485 2980 3586 3033 lto-

1991 3095 2093 3133 nor
2133 3093 2197 3132 ac
2230 3077 2469 3148 dignitas
2508 3094 2520 3130 ;
2573 3077 2686 3130 haec
2729 3084 2814 3146 est
2865 3083 3053 3129 nostra
3102 3081 3276 3128 mater
3318 3071 3585 3136 Ecclesia,

1983 3186 2113 3241 aqua:
2146 3185 2240 3240 per
2291 3168 2446 3222 tidem
2483 3176 2685 3230 servat.
2734 3183 2830 3238 spe
2877 3167 3272 3222 corroboratur
3300 3174 3354 3220 et
3380 3164 3586 3219 Christi

301 3253 664 3325 ὁμολογίᾳβν
709 3274 770 3310 τε
807 3261 920 3324 τοῖς
972 3263 1315 3336 μυστηρίοις,
1344 3263 1402 3317 ἐν
1454 3282 1515 3318 τε
1545 3269 1610 3337 τῇ
1641 3265 1736 3319 τοῦ
1765 3266 1887 3319 λου-

1996 3264 2282 3326 charitalc,
2323 3278 2535 3316 necnon
2578 3269 2631 3316 et
2671 3261 2942 3330 ejusmodi
2989 3258 3329 3330 professione
3364 3272 3428 3310 ac
3474 3272 3587 3326 my-

301 3345 438 3416 τροῦ
489 3347 772 3420 καθαρσίῳ
813 3351 1069 3424 δυνάμει·
1101 3356 1184 3409 ὅτι
1234 3357 1618 3424 Ἀπελθόντες
1667 3361 1887 3424 ,βαπτί-

305 3453 461 3494 σατε
490 3442 575 3508 εὶς
601 3440 790 3513 ὄνομα
812 3445 1042 3515 Πατρός
1068 3448 1168 3501 καὶ
1192 3449 1322 3503 Υὶοῦ
1351 3450 1448 3502 καὶ
1498 3451 1672 3520 ἁγίου
1713 3454 1896 3506 Hreu—

301 3549 534 3602 ματος·
586 3536 665 3598 εἰς
713 3534 884 3605 ὄνομα
933 3537 990 3590 δὲ
1044 3537 1234 3609 θεῖκῆς
1286 3541 1330 3592 Τ
1336 3540 1544 3612 ριάδος,
1601 3542 1896 3612 ὀνομασίας

309 3622 585 3693 μηδεμίαν
617 3624 878 3696 διαφορὰν
906 3626 1156 3698 ἐχούσης.
1203 3629 1341 3682 Ἀλλ’
1372 3631 1454 3684 ὅτι
1487 3631 1619 3694 Θεὸς
1647 3626 1728 3694 εἷς
1764 3633 1895 3702 ἡμῖν

308 3713 368 3763 ἐν
400 3712 554 3782 νόμῳ
584 3712 679 3766 καὶ
727 3716 785 3767 ὲν
825 3717 1134 3786 προφήταις
1178 3719 1272 3770 καὶ
1305 3720 1364 3772 ὲν
1416 3720 1769 3789 Εὐαγγελίοις
1801 3722 1896 3775 καὶ

308 3805 370 3856 ὲν
409 3804 726 3870 ἀποστόλοις
775 3807 922 3878 (59),
958 3808 1015 3860 ὲν
1046 3808 1262 3880 Παλαιᾷ
1309 3811 1404 3864 καὶ
1434 3812 1613 3882 Καινῇ
1650 3811 1894 3883 Διαοήκῃ

312 3899 653 3969 κεκήρυκται
683 3901 775 3954 καὶ
806 3901 1171 3970 κατήγγελται
1223 3904 1318 3956 καὶ
1357 3902 1710 3957 πεπίστευται
1739 3945 1753 3971 ,
1784 3905 1898 3956 Πα-

307 3991 420 4063 τὴρ
453 3993 548 4046 καὶ
580 3994 708 4058 Υἱὸς
757 3996 852 4048 καὶ
906 3996 1058 4065 ἆγιον
1096 3995 1350 4066 Πνεῦμα·
1408 3995 1547 4066 μήτε
1600 3995 1894 4068 συναλοιφή

312 4101 401 4147 τις
450 4079 584 4137 οὖσα
618 4086 910 4158 ήΘεότης,
963 4087 1100 4142 ἀλλὰ
1142 4087 1312 4159 Τριὰς
1358 4087 1526 4151 ὅντως
1555 4087 1736 4141 τελεία
1762 4104 1774 4118 ·
1809 4087 1897 4140 τέο

310 4173 457 4237 λειος
484 4177 510 4228 ὁ
562 4175 779 4248 Πατὴρ,
812 4177 1017 4243 τέλειος
1051 4181 1079 4232 ὁ
1126 4179 1284 4242 Υἱὸς,
1335 4178 1536 4254 τέλειον
1581 4178 1644 4231 τὸ
1671 4178 1896 4249 Πνεῦμα

310 4267 376 4320 τὸ
404 4268 579 4336 ἅγιον,
615 4270 713 4339 μία
757 4271 949 4342 θεότης
972 4313 986 4337 ,
1017 4268 1098 4336 εἷς
1120 4272 1281 4336 Θεός·
1309 4263 1352 4339 ᾧ
1379 4273 1412 4341 ἡ
1448 4270 1575 4335 δόξα
1593 4311 1607 4335 ,
1633 4269 1768 4342 τιμὴ
1804 4273 1898 4324 καὶ

312 4357 520 4432 κράτος
562 4357 656 4414 νῦν
691 4360 783 4413 καὶ
814 4361 901 4414 ἀεὶ
935 4362 1029 4415 καὶ
1075 4363 1154 4426 εἰς
1196 4363 1320 4426 τοὺς
1358 4361 1558 4426 αἰῶνας
1607 4362 1714 4416 τῶν
1768 4361 1896 4417 αίώ-

312 4469 445 4506 νων.
493 4452 684 4522 Ἀμήν.

2000 3353 2216 3417 steriis,’
2262 3351 2629 3421 baptismique
2679 3350 2730 3404 vi
2795 3366 2859 3404 ac
2918 3350 3239 3420 purgatione
3283 3345 3584 3415 perﬁcitur.

2007 3445 2223 3509 Euntes,
2255 3444 2452 3514 inquit,
2486 3441 2748 3510 baptizata
2787 3442 2840 3494 in
2872 3443 3079 3494 nomine
3112 3438 3318 3503 Patris,
3350 3448 3398 3492 et
3435 3433 3588 3504 Filii,

1999 3547 2048 3592 et
2086 3537 2324 3604 Spiritus
2358 3536 2531 3589 sancti
2561 3536 2582 3566 ⁸
2619 3555 2632 3588 :
2667 3536 2719 3588 in
2772 3534 2992 3588 nomine
3037 3533 3236 3586 divina:
3279 3530 3587 3595 Trinitatis,

2002 3630 2161 3699 cujus
2191 3629 2483 3698 appellatio
2514 3627 2789 3682 diversum
2819 3626 2954 3680 nihil
2980 3625 3243 3679 continet.
3275 3623 3332 3678 Si
3369 3623 3587 3692 quidem

2006 3739 2147 3776 unus
2181 3736 2245 3774 ac
2279 3721 2575 3789 singularis
2611 3719 2754 3775 Deus
2784 3729 2839 3775 et
2875 3719 2930 3773 in
2959 3719 3078 3788 lege
3113 3728 3167 3773 et
3194 3716 3496 3787 prephetis,
3533 3715 3589 3769 in

2005 3813 2314 3883 Evangeliis
2351 3822 2406 3867 et
2441 3814 2726 3883 apostolis,
2768 3813 2823 3866 in
2862 3809 3058 3867 Vetere
3103 3819 3158 3864 et
3199 3808 3350 3862 Novo
3394 3807 3586 3862 Testa-

2002 3915 2185 3959 mento
2216 3905 2564 3974 praedicatus,
2595 3905 2878 3958 nuntiatus
2907 3913 2990 3959 est
3028 3916 3092 3954 ac
3117 3899 3380 3964 creditur,
3405 3898 3587 3966 Pater,

2001 4008 2054 4055 et
2093 3997 2286 4062 Filius,
2322 4009 2377 4052 et
2425 3997 2664 4068 Spiritus
2709 4006 2957 4053 sanctus.
3005 3995 3192 4067 Neque
3243 4009 3374 4050 vero
3402 3993 3592 4048 coniu-

2003 4106 2124 4146 sum
2154 4091 2410 4160 quiddam
2446 4091 2563 4160 ipsa
2589 4089 2858 4145 Divinitas
2887 4096 2993 4153 est,
3021 4087 3115 4142 sed
3138 4085 3375 4156 perfecta
3400 4099 3592 4139 revera

2002 4183 2244 4238 Trinitas
2283 4190 2388 4245 est,
2421 4182 2696 4253 perfectus
2733 4180 2915 4244 Pater,
2948 4179 3223 4252 perfectus
3253 4176 3445 4240 Filius,
3477 4191 3595 4245 per-

2004 4273 2180 4330 lectus
2223 4271 2457 4343 Spiritus
2497 4284 2759 4339 sanctus;
2791 4287 2900 4327 una
2931 4272 3212 4338 divinitas,
3246 4284 3390 4324 unus
3425 4266 3590 4332 Deus,

2004 4367 2092 4422 cui
2133 4365 2328 4437 gloria,
2371 4365 2546 4419 honor
2588 4372 2642 4420 et
2675 4365 2962 4435 imperium
2997 4379 3143 4418 nunc
3182 4371 3235 4418 et
3282 4376 3503 4432 semper
3539 4367 3594 4415 et

1933 4453 1976 4507 D
2006 4459 2061 4511 in
2089 4457 2287 4513 saecula
2317 4455 2663 4511 saeculorum.
2699 4455 2891 4509 Amen.

387 4606 404 4637 ι
439 4605 884 4682 ιρεο,ᾅνθρφπον
908 4608 1042 4681 ὁμοῦ
1069 4610 1167 4682 καὶ
1195 4609 1347 4682 Θεῷγο
1418 4611 1452 4648 ἰ
1475 4627 1564 4680 γρ·
1593 4607 1887 4682 vim”?

2063 4609 2153 4663 ³11
2186 4609 2310 4666 Cor.
2341 4626 2394 4678 ν,
2423 4605 2531 4665 16.’
2587 4609 2609 4638 ⁵
2638 4608 2798 4665 Rom.
2838 4625 2878 4675 ι,
2906 4607 2963 4663 4.
3040 4606 3060 4637 ⁸
3092 4605 3226 4662 Luc.
3264 4623 3304 4671 ι,
3339 4605 3428 4662 53.
3507 4601 3596 4659 “ll

314 4678 448 4734 Cor.
477 4675 539 4746 νζ
567 4679 659 4734 10.
706 4675 755 4712 ⁷⁷
786 4675 953 4736 «Ιοιιηξ
982 4698 1036 4746 v,
1061 4680 1152 4736 29.
1224 4682 1246 4714 ⁸
1267 4681 1458 4738 Matth.
1481 4675 1692 4747 ’ἐπινιιῂ
1727 4675 1823 4736 ⁷19.

394 4837 507 4908 (58)
537 4821 640 4892 Διᾶ
664 4839 923 4905 πίστεως
955 4836 1254 4895 σώζουσα.
1289 4839 1424 4895 Vide
1464 4839 1640 4893 locum
1687 4838 1834 4893 hunc
1865 4853 1896 4892 a

297 4907 636 4980 \Th’omasio
657 4917 846 4964 nostro
893 4913 1108 4964 diversa
1151 4911 1600 4980 interpretatione
1633 4910 1895 4980 donatum

318 4993 557 5036 numero
581 4979 648 5034 18
685 4989 1001 5035 memorata:
1024 4995 1132 5036 non
1163 4979 1330 5037 semel
1357 4979 1723 5046 Expositionis
1745 4979 1892 5048 ﬁdei.

397 5048 520 5121 (59)
554 5050 658 5106 Ἐν
680 5052 1066 5119 ἀποστόλοις.
1111 5050 1388 5128 Petavius,
1414 5051 1569 5121 Apud
1604 5049 1896 5119 apostolos.

2006 4839 2362 4895 Renoventur
2420 4843 2508 4898 hic
2558 4857 2681 4914 quae
2729 4841 2795 4896 ad
2849 4840 3313 4914 similem_locunt_
3340 4837 3600 4914 similent-

2003 4927 2111 4980 que
2150 4914 2473 5039 opscausam
2523 4907 2907 4969 adnotavimus
2961 4914 3016 4967 in
3071 4910 3414 4980 Expositione
3453 4907 3598 4974 fidei.

2003 4997 2155 5038 num.
2265 5028 2278 5039 .
