3986 6224
226 335 328 392 889

733 454 817 508 Ea:
854 454 1036 511 Fastis
1067 456 1405 527 Capitolinis_

894 585 1162 627 SUFFECTL

331 657 396 712 ϐ.
436 658 690 715 Visellius
734 658 923 715 Varro.

225 727 314 803 I9.
341 729 431 803 _C..
455 729 635 803 'Silius
664 729 870 803 Nepos.
1062 733 1123 803 L.
1155 734 1431 790 Munatius
1459 735 1719 792 Plancus.

222 798 296 852 20
336 797 476 854 Sex'.
504 797 795 871 Pompejtis
824 798 1022 870 Nepos.
1057 802 1207 860 Sext.
1238 807 1515 877 Apulcjus
1541 805 1741 878 Nepos.

1053 944 1113 999 C.
1145 943 1313 1001 Norb.
1354 946 1604 1001 Flaccus.
1676 940 1677 943 “

221 1011 292 1064 22
329 1011 417 1064 Ti.
454 1011 703 1065 Statilius
728 1010 964 1067 Taurus.
1056 1014 1113 1068 L.
1150 1015 1402 1071 Scribon.
1444 1016 1599 1071 Libo.

328 1080 630 1167 Chaunus
655 1081 853 1167 Illufus.
1150 1084 1486 1167 Pomponius
1522 1086 1773 1167 Flaccus.

220 1150 291 1204 24
328 1150 455 1206 Tib.
483 1151 621 1222 Aug.
654 1151 746 1207 Ill.
1052 1150 1409 1213 Germanicus
1438 1156 1621 1213 Caesar
1650 1158 1717 1215 II.

221 941 283 995 2|
335 941 545 997 Drusus
570 939 772 996 Caesar.

907 1332 1182 1375 SUFFECTI.

327 1409 390 1463 L.
420 1409 583 1479 Sejus
620 1412 850 1467 Tubero.
1044 1416 1329 1473 Rubellius
1355 1417 1618 1474 Blandus.

220 1480 291 1536 25
329 1480 401 1533 M.
430 1480 611 1537 Julius
639 1482 874 1536 Silanus.
1049 1486 1111 1541 C.
1138 1486 1425 1544 Norbanus
1451 1490 1700 1545 Flaccus.

220 1551 291 1604 26
328 1551 401 1604 Μ.
436 1549 691 1606 Valerius
712 1553 963 1610 Messala.
1049 1555 1119 1609 M.
1144 1558 1399 1615 Aurelius
1422 1561 1602 1615 Cotta.

220 1620 290 1673 27
328 1618 588 1677 Tiberius
615 1622 703 1677 IV.
1047 1626 1257 1685 Drusus
1282 1626 1461 1685 Julius
1490 1629 1556 1684 ll.

220 1758 290 1814 28
328 1759 390 1815 D.
425 1761 683 1821 Haterius
704 1766 960 1840 Agrippa.
1044 1765 1105 1822 C.
1133 1766 1400 1839 Sulpitius
1423 1767 1620 1823 Galba.

893 1880 1170 1920 SUFFECTI.

418 1950 615 2037 Yibius
645 1955 897 2037 Rufinus.
1151 1959 1414 2037 Coccejus
1439 1959 1634 2037 Nerva.

220 2020 289 2075 29
325 2020 387 2074 C.
414 2024 644 2079 Asinius
681 2027 873 2082 Pollio.
1048 2030 1111 2084 C.
1142 2020 1414 2086 Antistius
1448 2028 1639 2088 Vetus.

329 2088 690 2170 _S_er._CorneI.
719 2096 1017 2170 Cethegus.
1052 2099 1111 2153 L.
1141 2099 1397 2156 Visellius
1425 2099 1619 2157 Varro.

221 2161 284 2215 51
326 2161 398 2216 Μ.
441 2165 672 2219 Asinius
701 2161 959 2239 Agrippa.
1049 2170 1258 2227 Cossus
1278 2170 1444 2226 Corn.
1474 2170 1759 2229 Lentulus.

134 2386 135 2389 η
222 2298 290 2354 32
332 2300 395 2358 C.
431 2302 735 2363 Calvisius.
1046 2311 1148 2365 Cn.
1190 2310 1472 2367 Getulicus
1508 2311 1768 2368 Sabinus.

890 2416 1170 2457 SUFFECTI.

329 2487 394 2554 ρ.
418 2488 660 2547 Marcius
688 2492 878 2549 Barea.

428 2559 747 2636 Liciniung
1055 2565 1115 2636 L.
1143 2568 1491 2636 Calpurnius.

228 2628 296 2681 54
334 2630 433 2697 Ap.
461 2631 645 2687 Julius
673 2633 916 2690 Silanus.
1060 2635 1116 2689 P.
1152 2628 1321 2693 Sili-us
1346 2636 1541 2693 Nerva.

230 2698 296 2751 35
333 2700 391 2753 C.
424 2700 714 2757 Rubellius
739 2703 1023 2763 Geminus.
1054 2705 1117 2760 C.
1148 2705 1343 2759 Fusius
1366 2721 1417 2762 et
1445 2709 1733 2765 Geminus.

227 2768 293 2852 ξιξ
434 2770 726 2852 V’inucitts.
1134 2778 1371 2852 μεθείης
1407 2779 1712 2852 Longinus.

228 2838 291 2892 37
332 2840 451 2897 Tib.
483 2840 554 2896 V.
1057 2846 1314 2916 Sejanus.

1407 339 1493 394 DE
1532 339 1718 394 ANNO
1754 339 2007 394 NATALI
2046 338 2339 394 CHRISTI.

1053 2495 1117 2550 Τ.
1150 2495 1625 2554 RustiusNumius
1644 2478 1853 2554 Gallus.

1826 2754 1829 2757 γ
1896 2705 2113 2761 Gemini
2139 2706 2269 2759 duo.

3404 338 3508 393 890

2137 461 2218 515 Ea:
2255 459 2581 529 Epiphanio.
2808 459 2894 514 Ea:
2920 457 3103 513 Fastis
3136 456 3352 514 Siculis.

1892 738 2041 793 Sexti
2074 739 2204 793 duo.
2725 735 2953 790 Flaccus
2982 746 3035 789 et
3062 734 3303 790 Silanus.

1887 808 2182 877 Pompejus
2209 807 2438 878 Magnus
2465 815 2519 862 et
2540 806 2687 878 Apu-
2725 804 2923 860 Sextus
2954 817 3006 860 et
3038 804 3257 860 Sextus.

1959 880 2118 947 lejus.

1888 948 2091 1003 Brutus
2116 958 2168 1003 et
2202 948 2448 1004 Flaccus.

1889 1019 2104 1074 Taurus
2131 1028 2186 1073 et
2216 1018 2372 1073 Libo.

1885 1090 2120 1145 Crassus
2141 1099 2195 1143 et
2224 1088 2421 1146 Rufus.
2724 1085 2940 1140 Taurus
2968 1097 3021 1139 et
3055 1085 3211 1139 Libo.

1885 1159 2138 1214 Tiberius
2159 1159 2201 1211 Il
2221 1169 2274 1214 et
2304 1158 2513 1217 Drusus
2554 1157 2689 1214 Ger-
2722 1156 2957 1212 Crassus
2977 1165 3029 1210 et
3060 1154 3260 1210 Rufus.

1953 1230 2203 1287 manicas
2231 1228 2296 1285 II.

2720 945 2913 1014 Pomp.
2943 945 3083 1009 Mag.
3119 955 3172 998 et
3198 944 3359 1014 Apul.

2723 1012 2922 1070 Brutus
2948 1026 3002 1069 et
3030 1012 3259 1069 Flaccus
3281 1012 3343 1069 II.

1884 1487 2107 1545 Silanus
2142 1497 2198 1545 et
2238 1488 2460 1544 Balbus.
2721 1484 2845 1540 Tib.
2864 1484 3049 1541 Caesar
3102 1482 3168 1539 IIl
3192 1493 3245 1538 et
3280 1482 3478 1541 Rufus.

1880 1559 2117 1616 Messala
2149 1571 2203 1614 et
2232 1558 2453 1615 Gratus.
2530 1606 2541 1622 ,
2723 1556 2945 1611 Silanus
2971 1564 3025 1609 et
3051 1554 3271 1610 Balbus.

1880 1628 2214 1711 TiberiusIlI
2231 1629 2515 1752 leltIDrusus
2549 1628 2686 1683 Ger-
2719 1626 2950 1682 Messala
2970 1635 3025 1683 et
3044 1624 3264 1680 Gratus.

1954 1715 2206 1754 manicus
2308 1738 2322 1752 .

1885 1770 2123 1841 Agrippa
2148 1778 2202 1826 et
2223 1769 2449 1825 Balbus.
2718 1765 2839 1823 Tib.
2863 1767 3048 1823 Caesar
3078 1763 3147 1819 IV
3173 1773 3228 1821 et
3256 1762 3487 1820 Drusus.

1883 2032 2057 2087 Pollio
2087 2038 2142 2085 et
2169 2028 2359 2085 Vetus.
2718 2025 2957 2098 Agrippa
2979 2033 3034 2098 et
3060 2023 3231 2080 Galba

1882 2103 2159 2171 Cethegus
2191 2109 2246 2171 et
2274 2099 2473 2171 Varus.
2598 2167 2611 2171 _
2721 2094 2962 2171 ιξιιιιόέι
2980 2094 3169 2171 Vetu_s_.

1881 2166 2121 2296 Apriﬁpa
2191 2170 2236 2225 II
2307 2180 2361 2225 et
2421 2167 2684 2224 Lentulus
2719 2167 2995 2237 Cethegus
3028 2176 3083 2221 et
3107 2166 3308 2221 Varus.

1967 2257 2031 2310 ga
2078 2258 2146 2295 ia.
2284 2308 2297 2310 _
2734 2306 2743 2310 _
2833 2307 2843 2310 Α
2983 2304 3025 2310 __
3156 2304 3175 2310 _

1879 2304 2165 2368 Getulicus
2186 2319 2242 2367 et
2275 2308 2534 2365 Sabinus.
2716 2306 2955 2378 Agrippa
2983 2304 3028 2359 ιι
3067 2315 3123 2360 et
3156 2304 3443 2361 Lentulus.

2723 2557 3001 2613 Getulicus
3022 2564 3075 2611 et
3097 2553 3355 2610 Sabinus.

2724 2630 2957 2683 Crassus
2989 2636 3040 2680 et
3072 2625 3217 2680 Piso.

2726 2697 2945 2752 Silanus
2971 2708 3022 2751 et
3052 2695 3249 2749 Nerva.

1898 2778 2073 2831 Rufus
2095 2785 2149 2830 et
2178 2773 2450 2828 Rubellio.
2726 2767 2987 2822 Geminus
3018 2775 3072 2819 et
3108 2764 3393 2819 Geminus.

1898 2847 2148 2903 Vinicius
2173 2854 2227 2901 et
2251 2843 2529 2913 Longinus
2557 2840 2693 2897 Cas-
2728 2838 2903 2893 Rufus
2937 2848 2990 2893 et
3021 2836 3362 2891 Ilubellinus.

1971 2919 2109 2973 sius.

1889 2566 2126 2622 Crassus
2151 2572 2205 2620 et
2234 2561 2384 2617 Piso.

1894 2636 2151 2691 Silvanus
2180 2643 2235 2689 et
2261 2632 2459 2687 Nerva.

986 3048 1202 3108 NOTAE
1239 3053 1333 3107 Al)
1371 3053 1747 3112 EXCERPTA
1785 3057 2320 3117 CONSULATUUM
2360 3053 2725 3112 COLLEGIA.

297 3186 352 3240 In
382 3186 466 3242 bis
497 3192 661 3241 coss.’
686 3184 914 3262 paribus
947 3186 1213 3244 nonnulla
1257 3197 1390 3244 sunt
1426 3190 1812 3248 observatione
1840 3203 1888 3259 Α
1917 3194 2106 3251 Planci
2135 3193 2427 3249 consulatu
2471 3190 2748 3244 decimum
2784 3184 3041 3255 quintum
3074 3197 3102 3236 a
3143 3198 3291 3240 coss.
3324 3184 3516 3256 Augu-

231 3277 411 3349 digna.

299 3368 355 3424 In
383 3386 434 3426 γι
464 3368 811 3440 Epiphanius
841 3368 1097 3426 Pisonem
1131 3369 1177 3424 II
1208 3374 1493 3428 consulem
1541 3376 1773 3432 ascribit
1805 3396 1820 3433 :

234 3461 373 3530 quod
414 3476 594 3531 neque
626 3462 683 3516 in
737 3460 1086 3530 Capitolinis,
1122 3478 1300 3533 neque
1336 3466 1391 3519 in
1423 3466 1625 3523 Siculis
1660 3467 1822 3523 addi-

234 3557 342 3606 tum
367 3561 480 3620 cst;
510 3553 606 3606 sed
636 3553 705 3607 ad
734 3551 880 3607 Cnaei
905 3552 1173 3609 duntaxat
1199 3555 1417 3613 Pisonis
1441 3560 1819 3627 consulatum,

232 3641 324 3710 qui
350 3657 493 3697 anno
534 3640 697 3699 Urbis
740 3643 845 3698 747
872 3646 1148 3702 convenit.
1189 3647 1269 3703 Ac
1300 3649 1516 3706 videtur
1541 3668 1609 3707 ex
1638 3669 1702 3709 eo
1728 3670 1825 3709 na-

235 3738 320 3786 tus
349 3747 528 3798 error,
566 3733 715 3803 quod
758 3734 895 3789 alter
923 3736 1171 3804 ejusdem
1204 3741 1449 3797 nominis
1489 3742 1552 3797 L.
1586 3742 1824 3814 Calpur-

234 3821 357 3879 nius
414 3822 549 3880 Piso
607 3822 929 3880 Cazsoninns
981 3842 1126 3881 anno
1196 3826 1263 3882 U.
1322 3830 1385 3885 C.
1471 3832 1573 3889 759
1634 3834 1821 3892 fuerit.

237 3910 341 3967 Sed
387 3914 479 3970 ille
532 3913 595 3967 L.
631 3913 806 3982 ﬁlius;
841 3926 1026 3971 noster
1075 3918 1166 3973 hic
1210 3934 1339 3974 vero
1398 3921 1545 3977 (ἔπειξὶ
1600 3925 1821 3981 dicitur.

302 4004 359 4060 In
393 4025 468 4063 vn
517 4007 828 4073 consulatu,
896 4024 1181 4085 perperam
1248 4013 1394 4082 apud
1450 4013 1824 4086 Epiphanium

237 4093 297 4149 L.
319 4096 526 4167 Caesar,
546 4114 641 4168 pro
657 4098 793 4154 Caio
815 4099 1053 4170 positum
1072 4114 1174 4157 est.
1196 4100 1330 4157 Nam
1356 4103 1559 4160 Lucius
1573 4106 1691 4174 ejus
1710 4108 1825 4163 fra-

237 4197 317 4244 ter
342 4204 461 4246 cos.
489 4190 832 4261 designatus,
865 4200 1161 4263 antequam
1207 4195 1595 4266 magistratum
1635 4199 1823 4269 iniret,

239 4284 544 4339 exstinctus
575 4293 678 4340 est.

306 4372 364 4428 In
390 4392 423 4429 ι
447 4376 599 4430 Fasti
636 4377 805 4432 Siculi
834 4386 891 4433 et
921 4376 1259 4449 Epiphanius
1287 4379 1493 4436 AEIium
1548 4383 1744 4438 Catum
1774 4393 1829 4439 et

242 4467 597 4528 Saturninum
654 4474 1075 4542 praeterierunt;
1128 4473 1223 4529 sed
1295 4485 1351 4531 et
1408 4475 1615 4532 frustra
1678 4478 1822 4548 apud

1924 3295 2012 3340 sto
2070 3284 2194 3338 XIII
2222 3293 2275 3339 et
2332 3280 2523 3337 Silano
2554 3294 2701 3335 coss.
2732 3277 2886 3346 ponit
2933 3276 3285 3330 consulatum
3341 3276 3517 3339 illum,

1926 3391 2053 3431 cum
2098 3393 2189 3433 xvr
2240 3390 2364 3431 esse
2421 3350 2692 3428 debu'erit.
2724 3370 2864 3423 Tum
2920 3384 3012 3423 χιί
3042 3368 3173 3424 facit
3197 3368 3518 3438 Pompeium

1924 3467 2182 3538 Magnum
2237 3472 2292 3521 et
2315 3462 2755 3534 Apuleium;qui
2786 3476 2911 3515 cum
2950 3460 3328 3529 superioribus
3355 3458 3520 3513 iidem

1924 3575 2049 3616 esse
2075 3559 2351 3613 videntur.
2384 3557 2520 3611 Nam
2542 3572 2572 3610 e
2591 3554 2806 3610 duobus
2831 3552 3034 3619 Sextis,
3063 3554 3199 3608 alter
3226 3552 3522 3622 Pompeius

1928 3652 2133 3724 Nepos,
2157 3653 2297 3707 alter
2330 3650 2592 3719 Apuleius
2640 3646 2821 3717 Nepos
2856 3646 3165 3717 appellatus
3209 3655 3312 3702 est.
3365 3646 3522 3712 Quod

1926 3747 2070 3802 idem
2095 3745 2287 3800 vitium
2313 3744 2367 3798 in
2402 3742 2585 3797 Fastis
2613 3739 2822 3795 Siculis
2854 3740 3120 3794 cernitur.

1999 3838 2059 3892 In
2082 3853 2159 3891 xit
2216 3851 2313 3905 pro
2341 3833 2545 3888 Brutus
2583 3832 2727 3902 apud
2758 3830 3029 3901 Epiph.et
3072 3826 3288 3884 Siculos
3302 3825 3522 3893 Fastos,

1928 3924 2110 3979 scribe.
2141 3923 2374 3976 Drusus.

2000 4014 2275 4081 Deinceps
2334 4026 2509 4081 usque
2540 4010 2606 4064 ad
2638 4024 2828 4063 xxxvit
2854 4008 3199 4064 consulatum
3244 4003 3394 4059 Fasti
3429 4003 3520 4059 Si-

1929 4106 2036 4162 culi
2066 4120 2176 4159 uno
2218 4118 2364 4158 anno
2398 4103 2666 4156 tardiores
2728 4110 2858 4155 sunt
2897 4116 3061 4169 quam
3093 4096 3430 4167 Epiphanius
3464 4106 3522 4151 et

1928 4195 2241 4267 Capitolini.
2274 4193 2411 4248 Puta
2434 4192 2678 4247 Taurum
2707 4201 2759 4246 et
2783 4190 3046 4245 Libonem
3082 4190 3137 4243 in
3165 4198 3352 4244 nostra
3377 4188 3523 4243 serie

1930 4305 2057 4344 xxrv
2088 4287 2381 4353 collocant,
2431 4299 2597 4354 quem
2653 4284 2817 4338 ambo
2848 4283 2938 4337 isti
2976 4298 3135 4349 χχιιι,
3167 4291 3222 4337 et
3251 4282 3325 4336 ita
3359 4281 3518 4340 dein-

1929 4399 2079 4453 ceps.
2123 4379 2294 4449 Cujus
2326 4393 2390 4434 ea
2444 4392 2610 4433 causa
2657 4386 2762 4437 est.
2815 4377 2960 4446 quod
2994 4374 3333 4446 Epiphanius
3390 4389 3517 4429 cum

1929 4474 2134 4532 extrito
2192 4487 2302 4526 uno
2348 4470 2639 4526 consulum
2675 4467 2820 4541 pari,
2872 4468 3130 4522 nimirum
3167 4467 3297 4521 anni
3352 4464 3521 4523 Urbis

240 4561 603 4633 Epiphaniam
633 4566 861 4639 Magnus
916 4566 1210 4637 Pompeius
1242 4585 1366 4622 cum
1409 4570 1627 4627 Valerio
1661 4545 1819 4627 com-
1856 4545 1900 4599 B
1931 4564 2054 4631 765,
2082 4564 2287 4619 Tiberii
2322 4563 2463 4618 Caes.
2513 4571 2570 4618 et
2601 4560 2817 4617 Fonteii
2875 4559 3181 4629 Capitonis,
3221 4559 3517 4615 Sextorum

228 4650 475 4720 ponitur.
524 4657 651 4713 Fuit
687 4660 831 4714 enim
884 4660 931 4714 is
974 4659 1150 4715 Cinna
1195 4659 1446 4732 Magnus,
1500 4678 1608 4718 non
1654 4662 1821 4718 Pom-

241 4747 417 4817 peius.

311 4837 369 4893 In
397 4858 473 4897 xit
516 4842 706 4896 vitium
737 4843 957 4912 irrepsit
983 4844 1180 4913 partim
1213 4860 1279 4897 ex
1312 4845 1543 4900 suffecto
1571 4861 1688 4902 cos.
1725 4848 1830 4901 At-

245 4926 349 4982 teio
378 4930 663 5001 Capitone,
702 4934 900 5002 partim
930 4949 997 4988 ex
1022 4935 1316 4989 consulatu
1355 4951 1469 4988 xrx.
1507 4936 1645 4990 Cum
1680 4938 1827 4992 enim

248 5032 390 5075 anno
415 5021 576 5079 Urbis
606 5023 711 5078 767
733 5040 878 5080 coss.
900 5023 1106 5080 fuerint
1148 5024 1404 5082 Tiberius
1450 5024 1494 5080 Il
1519 5036 1575 5082 et
1599 5028 1661 5083 C.
1685 5027 1830 5083 Fon-

247 5111 385 5168 teius
415 5114 639 5185 Capito;
664 5132 809 5171 anno
837 5132 967 5173 vero
996 5117 1099 5173 759
1120 5118 1382 5175 suﬂectus
1413 5118 1822 5190 fueritCapito:

248 5203 342 5269 qui
396 5204 591 5264 Fastos
641 5207 861 5266 Graecos
906 5210 1290 5277 condiderunt,
1336 5189 1688 5281 Capitonem,
1727 5189 1828 5280 pro

251 5294 526 5355 ordinario
560 5308 913 5357 numerantes
931 5316 1056 5356 cum
1088 5299 1211 5355 Tib.
1244 5299 1461 5356 Caesare
1480 5300 1819 5370 copularuut.

318 5387 375 5443 In
425 5408 517 5447 xu
574 5394 859 5448 consulatu
912 5393 1061 5447 Fasti
1111 5393 1281 5448 Siculi
1315 5392 1594 5447 Tiberium
1652 5392 1831 5448 Cresa-

254 5490 367 5531 rem
414 5478 458 5533 ll
511 5492 567 5538 et
642 5484 953 5555 Scipionem
1010 5485 1412 5539 committunt:
1486 5483 1826 5553 Epiphanius

254 5563 505 5627 Flaccum
544 5584 598 5629 et
648 5576 917 5639 Silanum,
978 5576 1068 5643 qui
1117 5589 1237 5629 esse
1283 5575 1468 5629 debuit
1507 5575 1827 5629 consulatus

256 5669 399 5721 xxvi,
437 5679 580 5720 anno
618 5665 780 5721 Urbis
808 5665 1102 5720 772.1dem
1137 5664 1476 5735 Epiphanius
1531 5664 1821 5720 Sextornm

258 5751 488 5809 duorum
543 5758 831 5825 collegium
866 5767 1237 5821 antevertens,
1293 5768 1560 5830 expuncto
1618 5758 1734 5813 Silii
1774 5768 1828 5814 et

1930 4659 2165 4714 duorum
2206 4656 2553 4711 consulatum
2590 4653 2971 4723 anticipasset,
3016 4667 3162 4705 anno
3200 4650 3364 4707 Urbis
3391 4651 3519 4718 766,

1933 4746 2029 4818 qui
2063 4745 2309 4817 sequenti
2335 4743 2709 4814 competebat.
2743 4742 2871 4797 huic
2900 4741 3003 4811 ipsi
3027 4741 3132 4795 767
3163 4740 3513 4811 Pompeium,

1931 4850 1989 4895 et
2031 4840 2321 4909 Apuleium
2376 4836 2789 4903 accommodat,
2838 4835 2934 4905 qui
2985 4834 3146 4889 iidem
3209 4843 3337 4890 sunt
3390 4849 3517 4888 cum

1934 4931 2115 4987 Sextis
2139 4930 2377 4986 duobus.
2435 4930 2510 4982 Ita
2544 4944 2667 4983 cum
2698 4926 3029 4996 Capitolinis
3081 4925 3136 4979 in
3169 4926 3398 4996 gratiam
3428 4939 3517 4978 re-

1945 5025 2064 5078 diit.
2090 5026 2161 5079 At
2186 5022 2356 5078 Siculi
2389 5023 2516 5092 quia
2540 5036 2685 5076 coss.
2711 5020 2839 5074 anni
2886 5020 2989 5074 765
3015 5034 3124 5073 non
3157 5017 3437 5083 omittunt,
3462 5027 3517 5072 et

1930 5132 1996 5170 ex
2022 5134 2132 5172 uno
2159 5116 2389 5186 collegio
2417 5115 2546 5169 anni
2574 5115 2678 5169 767
2702 5114 2811 5169 duo
2842 5112 3075 5178 faciunt;
3109 5124 3521 5179 supervacaneo

1935 5210 2030 5267 illo
2062 5209 2303 5279 Pompeii
2337 5217 2392 5263 et
2453 5206 2667 5276 Apuleii
2714 5203 3037 5274 interposito
3083 5201 3367 5255 consulatu
3406 5209 3514 5255 tar-

1932 5304 2116 5358 diores
2139 5303 2399 5357 exhibent
2431 5299 2692 5368 reliquos.

2007 5395 2065 5448 In
2089 5410 2216 5448 xxiv
2264 5391 2406 5463 apud
2466 5389 2660 5459 Epiph.
2698 5396 2752 5441 ct
2794 5385 2849 5438 in
2904 5383 3082 5438 Fastis
3122 5398 3220 5453 pro
3277 5382 3542 5452 Crassus,

1935 5483 2164 5538 Flaccus
2204 5481 2447 5553 leg,,nisi
2481 5480 2553 5534 sit
2582 5477 2844 5532 suffectus
2866 5474 3082 5543 aliquis.

2006 5590 2114 5629 xxv
2145 5573 2424 5628 Tiberium
2468 5585 2585 5625 cos.
2637 5564 3134 5641 secundumbabet
3171 5580 3268 5634 pro
3293 5563 3383 5618 III.

2005 5666 2061 5719 In
2100 5680 2225 5718 xxvi
2259 5679 2353 5732 pro
2389 5661 2557 5715 Balbo
2595 5659 2822 5714 Flaccus
2868 5655 3227 5712 ascribendus
3280 5664 3362 5710 est
3404 5653 3514 5708 nisi

1937 5756 2199 5812 sullectus
2223 5754 2422 5822 aliquis
2449 5755 2629 5809 locum
2668 5751 2756 5807 hic
2783 5748 3054 5813 habuerit,
3094 5749 3240 5817 quod
3274 5748 3419 5803 idem
3444 5747 3516 5801 de
