3986 6224
433 338 535 396 8M

1563 327 1910 388 APPENDHK
1937 324 2560 408 DlSSEliTATlONUM.

3589 323 3708 380 892

437 473 586 512 xxv"
625 473 724 528 par
745 466 828 513 εει
855 457 1073 512 credere
1101 475 1112 511 :
1140 456 1230 512 ubi
1269 456 1471 512 Gratus
1498 471 1596 527 pro
1628 455 1783 512 Cotta
1830 455 2008 510 nomi-
2041 460 2084 514 Α
2113 452 2230 506 rius
2253 449 2317 515 V,
2341 457 2396 504 ει
2425 447 2658 518 Sejanus
2690 459 2837 500 anno
2863 443 2987 511 785,
3015 442 3235 499 Juliano
3263 443 3334 500 75
3353 443 3712 512 conveniant,

436 555 618 602 ιιιιιυτ.

507 633 562 686 In
593 633 880 689 consulatu
913 652 1102 700 xxxvi,
1135 637 1230 705 qui
1259 648 1343 692 est
1368 637 1420 689 in
1453 636 1742 706 Epiphanii
1778 637 2021 692 indiculo

439 741 613 788 xxx",
645 725 824 794 major
853 737 938 782 est
971 728 1142 783 labes.
1174 727 1308 782 Nam
1357 727 1526 784 Siculi
1559 727 1706 782 Fasti
1740 745 1864 783 cum
1893 727 2022 798 Epi-

437 815 640 882 phanio
681 827 806 885 post
851 822 1098 889 geminos
1127 821 1287 886 duos,
1330 820 1530 876 Rufum
1559 831 1609 876 ct
1643 819 2018 876 Rubellionem

437 908 628 975 (Siculi
661 909 1035 984 Rubellinum)
1066 913 1356 971 collocant.
1389 917 1458 968 At
1487 914 1782 984 Capitolini
1813 915 1886 969 Μ.
1921 915 2019 970 Vi-

435 999 660 1054 nuciutn
708 1009 762 1054 et
811 1000 1066 1056 Cassium
1131 1003 1460 1073 Longinum.
1509 1003 1713 1057 Rufum
1744 1019 1908 1074 porro
1967 1015 2023 1061 et

437 1087 786 1144 Rubellinum
825 1092 1081 1149 suffectos
1137 1103 1291 1163 putat
1343 1095 1586 1164 Scaliger
1646 1103 1700 1148 et
1757 1091 2020 1164 Keplcrus

435 1179 492 1232 in
527 1179 762 1251 Eclogis.
828 1183 940 1254 Ego
994 1186 1133 1240 idem
1180 1187 1265 1242 his
1318 1187 1370 1240 in
1425 1203 1568 1242 coss.
1617 1188 1764 1258 quod
1803 1203 1896 1242 an.
1927 1203 2016 1241 xv:

436 1273 788 1326 commissum
845 1275 1016 1329 fuisse
1056 1279 1323 1346 suspicor.
1377 1277 1511 1332 Nam
1549 1287 1607 1331 nt
1636 1280 1744 1333 illic
1776 1295 1843 1334 ex
1910 1297 2022 1337 uno

435 1363 663 1432 collegio
689 1362 814 1420 Sex.
853 1365 1093 1438 Pompeii
1119 1367 1341 1438 Nepetis
1394 1377 1448 1424 et
1489 1370 1615 1424 Sex.
1651 1371 1865 1439 Apuleii
1912 1370 2020 1426 Ne-

433 1459 600 1526 potis,
635 1461 745 1514 duo
776 1476 920 1516 coss.
947 1464 1098 1531 paria
1127 1463 1268 1518 facta
1303 1473 1462 1530 sunt;
1499 1464 1788 1519 Sextorum
1831 1467 2020 1521 videli-

436 1558 523 1604 cet
548 1550 780 1605 duorum
829 1561 882 1606 et
912 1552 1158 1624 Pompeii
1199 1561 1364 1624 atque
1395 1556 1608 1624 Apuleii
1641 1573 1654 1610 :
1685 1555 1758 1610 ita
1817 1556 2016 1611 Rufum

433 1649 490 1692 ει
537 1639 885 1696 Rubellinum
922 1643 1156 1698 duorum
1208 1657 1329 1700 esse
1385 1643 1740 1700 Geminorum
1797 1647 2018 1701 nomina

433 1731 795 1796 crediderim;
829 1735 932 1788 nisi
957 1736 1104 1803 quod
1147 1751 1246 1804 pro
1280 1735 1472 1804 Rufus,
1503 1733 1702 1790 Fusius
1729 1737 2014 1808 legendum

433 1829 538 1875 εει.
587 1822 676 1876 Sic
706 1825 850 1876 enim
891 1825 1311 1894 appellanturzC.
1336 1825 1615 1881 Rubellius
1638 1827 1924 1893 Geminus,
1949 1829 2012 1884 C.
2050 1825 2086 1877 Β

437 1909 636 1967 Fusius
653 1915 935 1971 Geminus.
951 1916 1220 1982 Quocirca
1237 1918 1430 1972 merito
1445 1925 1554 1972 tam
1571 1919 1692 1982 hos,
1709 1935 1872 1988 quam
1895 1921 2018 1976 illos

436 2007 1077 2073 przetermisitOnufrius,
1101 2025 1166 2064 ac
1181 2025 1248 2064 ne
1269 2010 1618 2066 sufi‘cctorum
1643 2013 1866 2082 quidem
1893 2015 2015 2069 loco

439 2095 664 2164 habuit;
694 2099 836 2166 quod
865 2099 1061 2154 frustra
1089 2101 1316 2155 miratus
1331 2112 1414 2156 est
1438 2101 1699 2172 Scaliger,
1737 2103 1833 2158 lih.
1855 2121 1904 2159 νι
1941 2105 2018 2158 De

435 2189 666 2258 emend.,
697 2206 817 2260 pag.
851 2193 947 2246 57!
962 2236 976 2248 .

505 2275 586 2332 Ex
637 2281 740 2336 hac
795 2283 984 2338 eadem
1019 2285 1228 2354 collegii
1278 2284 1634 2342 distractione
1682 2287 1907 2355 factum,
1959 2296 2020 2344 ut

435 2365 651 2426 Vinucii
695 2389 760 2428 ac
800 2374 1028 2446 Longini
1083 2377 1404 2433 consulatus
1459 2379 1601 2448 apud
1651 2379 2016 2449 Epiphanium

433 2464 564 2520 sede
605 2481 704 2520 sua
745 2466 984 2534 Inxatus,
1019 2486 1195 2524 χχχιιι
1248 2471 1369 2528 loco
1401 2487 1431 2525 a
1477 2473 1800 2528 consulibus
1829 2473 2018 2544 Augu-

435 2562 524 2610 sto
548 2554 662 2610 Xlll
687 2569 741 2612 et
791 2557 1014 2614 Silvano
1057 2571 1374 2632 poneretur,
1408 2578 1532 2616 cum
1567 2579 1720 2618 xxx"
1751 2581 1874 2621 esse
1923 2567 2017 2621 de-

435 2645 630 2702 buerit.
665 2646 874 2703 Etenim
913 2665 1058 2704 anno
1105 2649 1172 2705 U.
1225 2653 1286 2707 C.
1338 2653 1462 2716 783,
1493 2651 1714 2708 Iuliano
1754 2654 1844 2720 75,
1885 2671 2012 2712 εοιι-

436 2737 583 2806 gruit
614 2736 810 2793 Vinicii
841 2742 1178 2804 consulatus,
1216 2743 1379 2812 idque
1409 2759 1474 2798 ex
1507 2742 1850 2800 Varroniana
1883 2761 2020 2818 epo-

435 2827 539 2883 cha
572 2843 586 2880 :
616 2845 742 2884 nam
771 2831 1058 2901 Capitolini
1095 2831 1238 2888 Fasti
1290 2851 1436 2891 anno
1472 2835 1577 2891 782
1611 2837 1903 2893 collocant.
1960 2838 2016 2891 In

435 2933 546 2987 quo
569 2920 798 2976 mirifice
821 2921 1188 2978 hallucinatus
1204 2933 1287 2979 est
1303 2923 1706 2995 Scaliger,dum
1725 2925 2016 2982 Onufrium

436 3014 640 3084 arguit,
683 3014 828 3084 quod
859 3016 1205 3070 consulatum
1265 3015 1466 3072 Vinicii
1500 3018 1556 3071 in
1597 3017 1702 3073 785
1725 3021 2022 3074 contulerit

435 3119 503 3158 cs
533 3103 796 3160 Varronis
837 3106 1124 3169 sententia,
1149 3122 1274 3160 cum
1308 3106 1674 3162 Catonianum
1722 3118 1777 3163 et
1804 3110 2020 3179 Capito-

438 3196 610 3250 linum
635 3211 906 3252 annorum
931 3214 1219 3252 numerum
1253 3201 1408 3269 sequi
1440 3215 1499 3255 se
1530 3200 1867 3269 profiteatur.
1902 3202 2023 3269 Quo

436 3287 576 3342 nihil
623 3286 816 3344 falsius
868 3289 1124 3344 excidere
1177 3288 1458 3360 Scaligero
1511 3292 1709 3361 potuit.
1757 3291 2028 3351 Onufrius

437 3380 584 3432 erzim
613 3379 920 3436 Comment.
954 3382 1006 3436 in
1029 3381 1064 3434 l.
1097 3381 1371 3454 tFast.,in
1405 3381 1512 3437 fine
1545 3383 1796 3439 diatribre
1825 3385 1893 3439 de
1928 3399 2028 3438 an-

441 3485 513 3525 no
547 3468 710 3526 Urbis
775 3473 1008 3528 conditae
1051 3471 1430 3530 disertissimis
1478 3473 1661 3530 verbis
1716 3473 2018 3530 Varronem

442 3571 690 3615 secutum
736 3577 797 3618 se
823 3579 946 3618 esse
993 3574 1241 3620 testatur.
1278 3565 1554 3630 Varronis,
1587 3565 1786 3636 inquit,
1821 3576 2028 3621 senten—

441 3655 573 3708 tiam
603 3655 657 3708 in
686 3655 768 3709 his
800 3653 984 3710 Fastis
1009 3672 1091 3709 me
1115 3657 1262 3727 sequi
1306 3659 1512 3726 fateor;
1555 3675 1657 3710 non
1686 3657 1824 3728 quod
1851 3660 1896 3712 ei
1921 3675 2028 3711 ma-

441 3745 522 3815 gis
547 3763 720 3816 quam
738 3745 909 3800 Fabio
942 3745 1169 3810 Pictori,
1199 3747 1274 3800 vel
1310 3745 1499 3802 Verrio
1527 3747 1747 3813 Flacco,
1783 3759 1874 3802 aut
1907 3749 2030 3804 Dio-

441 3841 596 3909 nysio
645 3839 886 3902 credam;
936 3839 1026 3893 sed
1055 3839 1192 3910 quod
1235 3840 1350 3909 ejus
1385 3842 1700 3894 sententiam
1729 3843 1929 3911 passim
1961 3845 2025 3896 ab

441 3931 680 3984 omnibus
736 3941 1032 4001 susceptam
1087 3932 1251 4000 fuisse
1307 3933 1811 4000 animadverterint,
1871 3945 2027 4004 atque

443 4031 696 4090 tanquam
718 4025 951 4075 omnium
980 4021 1309 4076 verissimam
1352 4023 1805 4093 certissimamque
1847 4025 2026 4078 obser-

439 4121 638 4166 vatam.
670 4111 824 4179 Quod
851 4113 919 4167 ab
953 4129 1018 4167 eo
1061 4123 1338 4168 servatum
1371 4129 1492 4168 esse
1531 4115 1826 4170 discrimen
1864 4118 2028 4172 unius

439 4203 592 4266 anni,
621 4219 731 4272 quo
759 4203 908 4259 illius
962 4203 1109 4260 Fasti
1153 4219 1184 4258 a
1231 4203 1556 4275 Capitolinis
1617 4215 1672 4262 et
1715 4207 2027 4277 Sigonianis

443 4295 724 4359 differunt,
761 4295 896 4350 satis
941 4297 1202 4352 ostendit.
1256 4295 1356 4350 Hic
1417 4297 1509 4351 ille
1554 4313 1719 4366 porro
1783 4297 2028 4354 Vinicius

447 4396 553 4452 est,
577 4389 664 4443 cui
686 4389 994 4442 historicum
1017 4403 1176 4444 suum
1199 4387 1535 4442 Breviarium
1567 4387 1802 4444 Velleius
1832 4389 2027 4445 inscri-

2127 541 2386 596 Vinucius
2419 549 2602 594 autem
2651 545 2706 592 et
2739 536 2968 592 Cassius
2993 537 3120 603 784,
3145 535 3368 591 Juliano
3395 535 3483 591 76.
3517 535 3712 590 Gemi-

2121 650 2318 690 norum
2362 643 2510 689 certe
2543 632 2865 688 consulatus
2887 631 3126 686 incurrit
3157 631 3212 684 in
3263 645 3469 684 annum
3495 629 3714 684 Tiberii

2124 729 2190 781 15
2209 727 2479 781 labentem
2505 723 2648 780 etab
2667 723 2915 794 Augusto
2937 738 3126 778 mense
3147 723 3273 776 anni
3303 723 3610 793 superioris
3623 723 3716 776 in-

2121 824 2400 878 choatum.
2438 819 2617 890 Carpit
2646 819 2792 873 enim
2823 817 2942 872 Kal.
2966 817 3192 875 Januar.
3227 819 3358 872 anni
3378 817 3585 872 Juliani
3615 818 3710 871 74.

2121 917 2188 968 Αι
2225 914 2489 970 Vinucius
2522 922 2576 968 et
2613 912 2842 967 Cassids
2873 923 3020 966 coss.
3051 911 3302 966 incidunt
3331 910 3385 964 in
3419 909 3714 964 lulianum

2122 1007 2210 1071 75,
2235 1006 2432 1060 Tiberii
2462 1003 2523 1058 16
2553 1004 2660 1062 iam
2697 1003 3042 1058 inchoatum.
3503 1055 3508 1059 .

2192 1100 2268 1154 Ac
2295 1099 2360 1154 de
2385 1097 2619 1153 Vinucio
2646 1105 2700 1152 et
2729 1093 2924 1152 Cassio
2963 1106 3236 1166 postrema
3267 1107 3540 1165 superest,
3563 1095 3718 1150 difﬁ-

2121 1191 2432 1260 cillimaqne
2460 1191 2688 1260 quaestio
2710 1229 2724 1252 ,
2751 1189 2985 1242 iidemne
3022 1189 3096 1242 illi
3136 1189 3267 1250 sint.
3305 1205 3448 1258 quos
3481 1189 3718 1242 Tacitus

2121 1283 2312 1337 scribit
2343 1283 2436 1336 lib.
2471 1299 2520 1336 vt
2556 1282 2724 1344 Ann.,
2768 1295 3098 1350 progeneros
3141 1296 3172 1333 a
3215 1279 3434 1333 Tiberio
3475 1281 3718 1342 ascitos,

2121 1387 2172 1427 a.
2201 1373 2326 1435 786,
2355 1371 2472 1427 Ser.
2504 1372 2672 1426 Galba
2703 1379 2757 1424 et
2789 1369 2851 1424 L.
2887 1368 3036 1423 Sulla
3073 1385 3218 1423 coss.
3261 1368 3394 1422 Nam
3423 1368 3486 1421 L.
3517 1369 3718 1422 Cassio

2122 1463 2436 1530 Drusillam,
2467 1464 2538 1517 lli.
2563 1463 2774 1517 Vinicio
2801 1460 2998 1515 Juliam
3021 1461 3332 1515 Germanici
3371 1461 3512 1514 tilias
3543 1459 3719 1514 collo—

2121 1567 2274 1612 catas
2296 1572 2414 1611 esse
2438 1563 2644 1610 narrat.
2684 1553 2911 1618 Vinicio,
2949 1553 3145 1621 inquit,
3177 1551 3500 1620 oppidanum
3527 1567 3714 1622 genus.

2123 1649 2340 1704 Calibus
2379 1657 2548 1708 ortus,
2589 1655 2738 1715 patre
2768 1655 2923 1715 atque
2950 1661 3044 1698 avo
3081 1645 3474 1706 consularibus,
3519 1654 3718 1697 uetera

2128 1743 2355 1813 equestri
2397 1741 2610 1809 [ciuilia
2647 1749 2782 1800 erat,
2824 1739 2970 1790 mitis
3007 1737 3213 1806 ingenia
3253 1745 3302 1788 et
3362 1745 3586 1804 compta:
3630 1736 3718 1804 fa-

2119 1833 2345 1887 cundior.
2377 1832 2594 1887 Cassius
2639 1830 2824 1899 plebeii
2858 1828 3040 1882 Romae
3067 1828 3487 1898 generis,verum
3505 1827 3720 1896 antiqui

2121 1925 2488 1994 honoratique,
2513 1935 2562 1977 et
2590 1938 2768 1976 severa
2793 1923 2962 1990 patris
2984 1920 3266 1989 disciplina
3283 1919 3564 1979 educatus,
3585 1919 3720 1985 faci-

2120 2017 2273 2070 litate
2307 2017 2502 2085 smpius
2553 2031 2710 2086 quam
2743 2013 3009 2066 industria
3049 2011 3545 2064 commendabatur.
3589 2009 3714 2065 Mox

2119 2107 2340 2164 eosdem
2372 2107 2608 2162 .luvenes
2637 2105 2890 2176 appellat.
2923 2105 3068 2160 Sane
3101 2104 3224 2158 illos
3257 2104 3403 2172 ipsos
3437 2119 3587 2168 esse,
3617 2104 3718 2174 qui

2119 2215 2264 2254 coss.
2299 2199 2474 2254 tribus
2503 2199 2662 2252 annis
2693 2207 2817 2251 ante
2864 2195 3103 2262 fuerant,
3151 2196 3383 2250 suadent
3433 2195 3551 2264 ipsa
3599 2196 3718 2264 pri—

2120 2305 2270 2343 mum
2315 2289 2568 2354 nomina;
2603 2289 2706 2343 etsi
2743 2287 2920 2342 Cassii
2955 2301 3270 2356 pramomen
3297 2286 3442 2355 apud
3479 2285 3732 2342 Dionem

2121 2380 2192 2434 sit
2218 2378 2400 2444 Caius,
2429 2395 2536 2434 non
2566 2379 2764 2432 Lucius
2791 2395 2810 2432 :
2842 2377 3118 2448 quomodo
3149 2377 3316 2430 etiam
3351 2393 3382 2429 a
3405 2375 3716 2446 Pomponio

2123 2472 2218 2526 lib.
2247 2471 2326 2526 De
2351 2472 2485 2542 orig.
2510 2471 2656 2540 juris
2683 2469 3022 2540 appellatur;
3055 2467 3148 2534 qui
3175 2477 3228 2520 et
3247 2466 3716 2535 jurisconsultum

2122 2567 2276 2620 illum
2312 2563 2376 2620 C.
2419 2563 2671 2619 Cassium
2709 2563 3012 2633 Longinum
3054 2575 3178 2615 cum
3217 2561 3318 2614 hoc
3349 2568 3546 2614 nostro
3582 2575 3706 2614 ron-

2123 2659 2322 2722 fundit,
2361 2658 2629 2728 probante
2670 2656 3026 2726 Cuspiniano,
3061 2655 3398 2709 reclamante
3441 2669 3578 2706 vero
3619 2649 3712 2705 [ἰ-

2122 2753 2263 2822 ρεὶο,
2295 2751 2374 2805 Ad
2400 2752 2514 2806 hate
2538 2748 2834 2805 Suetonius
2859 2748 2912 2802 in
2943 2745 3080 2802 Caio
3103 2745 3394 2801 Drusillam
3421 2745 3484 2798 L.
3515 2741 3722 2800 Cassio

2121 2843 2368 2914 Longino
2415 2842 2672 2912 nupsisse
2719 2837 2981 2910 prodidit.
3009 2839 3159 2904 Quas
3193 2838 3266 2892 ob
3301 2851 3504 2891 causas
3549 2847 3716 2889 nemo

2122 2936 2386 2991 hactenus
2413 2933 2682 2989 dubitavit
2708 2933 2842 3002 quin
2878 2931 3040 2985 ambo
3071 2931 3146 2984 illi
3173 2927 3486 2982 Germanici
3513 2927 3703 2996 generi

2121 3039 2268 3078 coss.
2297 3023 2498 3078 fuerint
2524 3021 2652 3076 anni
2677 3021 2802 3074 785.
2833 3019 3053 3074 Primus
3093 3017 3358 3087 Keplerus
3397 3016 3453 3069 in
3487 3015 3710 3086 Ectogis

2125 3114 2446 3168 addubitare
2473 3111 2641 3182 coepit
2670 3127 2685 3164 :
2714 3120 2768 3165 et
2793 3109 3010 3179 quidem
3045 3107 3191 3176 jure.
3223 3103 3360 3158 Nam
3397 3105 3526 3173 quis
3561 3111 3720 3174 putet

2127 3205 2620 3275 praetermissurum
2644 3204 2760 3257 huic
2785 3201 3054 3258 Tacitum,
3079 3191 3204 3254 cum
3234 3199 3522 3265 utriusque
3545 3211 3717 3251 orna-

2127 3307 2306 3352 menta
2333 3296 2672 3352 recenseret?
2695 3294 2858 3364 Atqui
2883 3295 2951 3348 dc
2987 3292 3197 3348 Vinicio
3225 3307 3396 3345 unum
3431 3291 3536 3344 hoc
3561 3299 3720 3344 retu-

2128 3389 2222 3442 lit:
2253 3397 2408 3458 patre
2437 3398 2600 3455 atque
2634 3400 2732 3438 avo
2759 3381 3153 3458 consularibus
3188 3379 3487 3433 oriundum
3519 3377 3716 3432 fuisse.

2127 3479 2204 3534 De
2229 3456 2421 3534 Cassio
2451 3493 2601 3542 vero,
2639 3456 2840 3546 plebeii.
2867 3473 3037 3528 fuisse
3065 3471 3306 3542 generis.
3343 3469 3718 3537 Quamobrem

2127 3581 2336 3628 certum
2377 3569 2507 3624 mihi
2553 3577 2656 3631 est,
2699 3568 2947 3622 diversos
2990 3567 3125 3622 istos
3155 3582 3280 3621 esse
3317 3582 3346 3619 a
3388 3581 3538 3620 coss.
3585 3565 3715 3618 anni

2131 3661 2253 3725 785,
2281 3662 2531 3730 quamvis
2555 3659 2694 3714 idem
2720 3674 2915 3712 nomen
2945 3658 3255 3712 habuerint.
3293 3655 3562 3711 Suetonio
3588 3673 3719 3710 vero

2129 3754 2430 3810 similitudo
2463 3753 2746 3807 nominum
2787 3749 3118 3819 imposuisse
3151 3751 3383 3812 videtur,
3419 3755 3479 3801 ut
3507 3763 3718 3802 consu-

2128 3848 2297 3902 larem
2334 3854 2555 3900 vocaret
2587 3843 2858 3909 Cassium,
2890 3842 3032 3911 quod
3057 3839 3350 3911 ὁμώνυμος
3385 3840 3526 3892 alter
3558 3837 3720 3907 paulo

2129 3949 2258 3994 ante
2291 3937 2636 3992 consulatum
2671 3934 2952 4005 gessisset.
2987 3931 3113 3986 [hec
3150 3931 3219 3986 de
3271 3946 3418 3984 coss.
3470 3929 3540 3983 ab
3586 3927 3718 3998 Epi-

2127 4025 2330 4096 phanio
2355 4023 2637 4079 recensitis
2665 4023 2979 4092 diligentius
3003 4021 3254 4092 persequi
3279 4035 3460 4090 operte
3481 4019 3718 4089 pretium

2129 4119 2264 4184 fuit;
2299 4117 2443 4188 quod
2475 4133 2540 4172 ex
2579 4116 2795 4169 illorum
2853 4125 3112 4169 contextu
3163 4123 3287 4182 apta
3339 4127 3720 4182 suspensaque

2130 4209 2202 4264 sit
2246 4223 2515 4262 annorum
2562 4205 2764 4260 Christi
2807 4205 3012 4270 series;
3071 4204 3412 4274 proindeque
3463 4201 3720 4257 substru—

2129 4297 2308 4352 ctione
2337 4297 2440 4351 ista
2471 4311 2610 4366 opus
2641 4305 2724 4350 est
2755 4295 2841 4361 iis,
2878 4297 2972 4364 qui
2999 4311 3190 4350 verum
3224 4295 3434 4349 Christi
3467 4293 3718 4348 Natalem

2130 4385 2462 4456 investigare
2508 4387 2776 4441 student:
2823 4401 2987 4456 quam
3053 4387 3435 4440 stabiliendam
3493 4387 3718 4440 fulcien-

447 4482 557 4549 psit
582 4499 596 4534 :
625 4481 782 4550 cujus
809 4481 874 4535 ad
897 4481 1267 4548 consulatum,
1293 4483 1362 4536 ab
1397 4479 1558 4537 Urbis
1606 4482 1762 4538 initio
1804 4497 1912 4538 non
1939 4499 2028 4537 an-
2057 4505 2106 4564 ι)
2132 4477 2590 4547 demque-merito
2623 4476 2726 4532 sibi
2757 4477 2916 4531 duxit
2946 4476 3210 4546 Keplcrus
3245 4477 3364 4546 ejus
3390 4477 3719 4546 disputatio-

445 4587 547 4628 nos
573 4574 797 4642 prmcise
829 4573 932 4628 785
963 4583 1236 4642 numerat,
1280 4583 1342 4629 ut
1383 4576 1575 4630 scribit
1627 4574 1890 4645 Scaliger,
1933 4576 2027 4630 sed

447 4665 570 4720 772.
599 4665 922 4736 Quanquam
967 4667 1224 4722 mendum
1275 4667 1417 4722 inest
1439 4667 1494 4721 in
1541 4670 1808 4732 numeris,
1837 4679 1890 4724 ct
1926 4667 2035 4722 782

443 4757 864 4828 restituendum.
888 4757 953 4810 Et
987 4767 1113 4812 sunt
1139 4759 1340 4828 alioqui
1368 4759 1581 4814 numeri
1604 4761 1745 4828 apud
1767 4759 2031 4814 Vclleium

445 4865 637 4906 omnes
661 4850 1052 4920 prepemodum
1085 4850 1288 4917 vitiosi,
1309 4860 1404 4904 aut
1430 4859 1576 4906 certe
1595 4867 1785 4921 parum
1817 4853 1908 4909 ille
1927 4853 2032 4910 sibi

447 4953 682 5008 constat,
727 4945 857 4999 dum
909 4944 1047 4998 alios
1076 4951 1239 5013 atque
1273 4945 1413 5000 alios
1461 4953 1714 5000 auctores
1760 4947 2029 5015 sequitur.

448 5042 634 5110 Itaque
677 5048 858 5094 utrum
905 5021 1302 5092 Varronianam
1349 5055 1416 5093 an
1456 5037 2029 5108 Gapitolinam,quam

445 5131 808 5185 Catonianam
831 5129 1272 5198 vocatScaligcr.
1305 5129 1569 5184 rationem
1591 5131 1847 5197 tennerit,
1880 5141 2032 5188 certo

449 5225 788 5291 pronuntiari
845 5223 1052 5290 nequit.
1113 5223 1414 5291 Scripsisse
1465 5223 1683 5293 quidem
1745 5225 1822 5278 vel
1886 5241 2032 5280 anno

450 5315 590 5384 ipso,
619 5331 728 5385 quo
767 5313 1012 5368 Vinicius
1037 5313 1229 5368 consul
1268 5313 1388 5380 fuit,
1420 5315 1502 5366 vel
1536 5315 1755 5368 ineunte
1782 5317 2028 5384 sequenti

449 5409 640 5461 saltem
672 5407 993 5467 absolvisse,
1021 5405 1143 5460 inde
1191 5405 1376 5474 liquet,
1410 5405 1556 5474 quod
1585 5403 1824 5460 florentis
1855 5407 2033 5458 adhuc

452 5495 632 5562 Seiani
661 5499 839 5567 operis
865 5497 918 5549 in
949 5498 1053 5549 fine
1077 5496 1342 5560 meminit,
1365 5497 1454 5564 qui
1476 5495 1696 5550 Tiberio
1725 5499 1762 5548 V
1787 5513 1899 5550 cos.
1931 5499 2032 5552 hoc

452 5601 536 5638 est
566 5585 727 5640 Urbis
755 5587 857 5639 784
893 5585 1211 5654 profligatns
1258 5593 1360 5640 est.
1387 5585 1592 5650 Quodsi
1625 5586 1698 5639 ita
1723 5594 1826 5648 est,
1851 5585 2032 5639 locum

455 5679 620 5733 habet
655 5680 862 5732 nullum
917 5679 1113 5732 eruditi
1158 5681 1258 5733 viri
1287 5677 1618 5746 conjectura,
1645 5679 1740 5748 qui
1781 5678 2032 5734 dubitare

449 5767 608 5824 visus
636 5776 740 5836 est,
766 5783 834 5823 an
865 5769 1178 5839 transpositi
1207 5771 1521 5827 consulatus
1544 5778 1750 5840 essent,
1784 5779 1846 5827 ut
1871 5768 2033 5826 Tibe-

2135 4571 2220 4624 nis
2259 4569 2437 4634 initio,
2479 4585 2644 4639 quam
2684 4569 2752 4624 de
2785 4569 2991 4625 Christi
3027 4567 3202 4625 Natali
3229 4579 3360 4624 ante
3388 4569 3600 4639 aliquot
3625 4585 3718 4624 an-

2133 4679 2234 4718 nos
2257 4663 2616 4718 elucubravit.
2660 4662 2720 4716 In
2755 4677 2862 4732 qua
2893 4663 3131 4732 primum
3165 4663 3410 4717 omnium
3445 4661 3706 4717 Romano

2133 4771 2254 4809 rum
2281 4770 2422 4810 coss.
2455 4765 2770 4825 perpetuam
2796 4757 3223 4820 successionem,
3259 4771 3290 4809 e
3329 4771 3436 4826 qua
3469 4755 3719 4810 nonnulli

2133 4846 2453 4901 consulatus
2478 4847 2674 4915 quinos
2693 4847 3060 4901 detrahendos
3083 4847 3366 4916 putabant,
3387 4847 3720 4901 ﬁrmissimis

2133 4939 2469 5009 argumentis
2498 4941 2888 4995 communitam
2927 4939 3161 5008 reliquit.
3199 4939 3304 4993 Sed
3343 4948 3429 4994 est
3459 4939 3719 5008 quiddam

2137 5041 2338 5094 tamen,
2366 5031 2512 5100 quod
2546 5031 2616 5086 ab
2641 5047 2709 5087 eo
2741 5033 2922 5087 minus
2950 5031 3391 5086 animadversum
3423 5031 3516 5084 hic
3545 5031 3720 5086 obiter

2135 5123 2404 5177 ascribam
2429 5141 2443 5188 ;
2473 5133 2530 5178 ut
2556 5123 2744 5178 eadem
2771 5137 2933 5193 opera
2975 5121 3149 5178 Taciti
3179 5123 3382 5187 locum,
3413 5123 3506 5192 qui
3541 5123 3720 5176 hacte-

2135 5235 2240 5271 nus
2291 5217 2484 5272 vitiose
2517 5217 2734 5288 legitur,
2771 5217 3069 5286 integritati
3099 5216 3405 5271 restituam.
3455 5213 3524 5269 Ut.
3557 5215 3718 5286 igitur

2138 5309 2397 5378 liteplerus
2424 5311 2680 5374 allii-met,
2715 5311 2852 5363 inter
2883 5309 3162 5363 Tiberium
3186 5318 3240 5363 et
3264 5307 3538 5363 Neronem
3571 5309 3718 5360 nulla

2135 5421 2281 5458 coss.
2309 5419 2430 5458 esse
2452 5403 2824 5458 subtrahendo
2857 5403 3031 5472 paria,
3061 5401 3238 5455 Taciti
3273 5402 3415 5454 inter
3441 5401 3548 5455 alia
3577 5401 3718 5454 testi-

2137 5496 2379 5548 monium
2408 5495 2582 5548 aﬂ'ert.
2613 5495 2714 5560 Qui
2747 5495 2799 5548 in
2843 5493 3102 5564 Agricola-3
3124 5493 3296 5548 soceri
3353 5491 3470 5545 Vita
3510 5491 3718 5554 scribit,

2135 5586 2437 5641 decessisse
2485 5587 2633 5639 illum
2685 5585 2904 5656 Collega
2933 5593 2985 5637 et
3015 5583 3202 5638 Prisco
3234 5597 3558 5645 coss.,anno
3588 5593 3716 5634 attu—

2137 5680 2205 5734 tis
2231 5679 2321 5744 56,
2353 5687 2536 5732 natum
2596 5693 2724 5731 vero
2753 5675 2974 5730 Caiolll
3019 5691 3164 5730 coss.
3201 5675 3276 5728 Ex
3318 5691 3428 5744 quo
3471 5674 3544 5726 ita
3565 5671 3718 5726 colli—

2139 5772 2218 5843 git
2265 5789 2279 5827 ε
2322 5769 2568 5827 Tertium
2607 5770 2727 5826 Caii
2769 5771 3114 5826 consulatum
3167 5783 3312 5823 anno
3371 5765 3716 5839 Dionysiana
