3986 6224
110 362 213 414 893

1289 354 1374 408 DE
1409 351 1598 407 ANNO
1631 349 1886 407 NATALI
1926 348 2225 405 CHRISTI.

3277 344 3388 403 894

108 502 232 538 rene
262 484 332 537 40
369 479 716 536 tribuendum
760 479 951 544 videri,
997 493 1131 541 non,
1164 487 1228 531 ut.
1256 476 1479 547 quidam
1508 474 1702 544 opina-
1735 482 1778 533 Α
1809 468 1987 526 annus
2019 487 2049 524 a
2083 478 2212 524 nato
2259 466 2489 522 Domino
2520 465 2644 528 564,
2677 482 2786 536 quo
2827 465 3241 522 Valentinianus
3279 467 3386 521 im-

116 578 301 641 b—atur,
324 575 415 629 49.
477 573 675 627 Verum
702 587 826 626 cum
851 569 969 627 Caii
995 571 1319 626 consulatus
1350 586 1413 624 ιιι-
1462 584 1698 624 concur—

107 677 199 722 rat
230 681 357 721 cum
401 681 453 720 a.
486 662 549 719 υ.
582 664 645 719 C.
684 663 821 728 793;
861 662 1092 731 Collega:
1144 672 1324 716 autem
1371 677 1436 716 ac
1497 659 1694 722 Prisci,

109 774 240 814 cum
269 772 418 812 anno
440 756 581 823 846;
614 756 706 824 qui
733 770 880 809 anno
911 755 1017 810 793
1038 755 1109 809 sit
1140 763 1324 820 natus,
1348 754 1394 808 is
1424 768 1568 808 anno
1594 749 1698 805 846

108 867 223 905 non
257 851 378 920 plus
411 864 575 918 quam
616 865 704 902 LIV
737 861 911 902 annos
941 854 1104 900 natus
1132 861 1253 900 esse
1289 845 1484 915 potuit.
1518 843 1698 910 Quare

109 943 258 1012 apud
296 941 545 997 Tacitum
595 941 770 995 miror
808 939 1263 994 animadvertisse
1297 937 1569 992 neminem
1599 952 1698 1006 pro

107 1032 182 1086 56
236 1031 526 1102 legendum
560 1045 682 1085 esse
725 1031 812 1084 5-4.
859 1029 1200 1084 Facillimum
1237 1038 1417 1082 autem
1475 1027 1578 1082 fuit
1632 1041 1699 1082 ex

110 1135 374 1176 notarum
411 1121 725 1177 inversione
751 1122 944 1176 vitium
976 1137 1006 1174 a
1037 1120 1277 1176 librariis
1298 1119 1531 1174 admitti.

113 1280 321 1344 Quibus
353 1298 486 1334 coss.
515 1279 668 1348 vulgo
697 1279 894 1333 Christi
926 1279 1141 1333 Natalis
1177 1281 1508 1348 assignetur:
1539 1276 1629 1330 ubi
1649 1283 1698 1329 et

296 1352 360 1404 de
384 1352 569 1404 Diserti
599 1353 920 1404 correctione
954 1361 1198 1404 accurate
1220 1350 1518 1404 disseritur.
1602 1388 1612 1396 .

189 1462 472 1516 Christum
512 1462 756 1531 Augusto
785 1461 900 1515 XIII
936 1472 991 1516 ct
1049 1463 1272 1516 Silvano
1319 1478 1465 1517 coss.
1511 1470 1696 1515 natum

109 1569 240 1610 esse
265 1563 580 1610 constanter
605 1554 838 1608 aﬂirmat
869 1555 1225 1625 Epiphanius.
1258 1553 1363 1610 Sed
1392 1570 1516 1609 cum
1555 1555 1698 1608 idem

111 1661 170 1699 vr
201 1644 278 1699 Id.
293 1645 420 1701 Jan.
453 1644 698 1700 Natalem
719 1647 862 1701 diem
879 1662 1000 1700 esse
1017 1647 1258 1711 deﬁniat,
1273 1647 1395 1716 jure
1412 1645 1699 1700 Annalium

111 1741 414 1795 ecclesiast.
447 1741 683 1808 scriptor
721 1739 786 1794 ad
817 1740 1035 1793 illorum
1059 1755 1272 1809 gregem
1293 1739 1695 1808 adjungendum

111 1847 242 1886 esse
272 1832 458 1902 potius
486 1829 855 1899 Epiphanium
887 1838 1059 1899 putat,
1091 1829 1183 1899 qui
1225 1844 1370 1883 anno
1408 1829 1697 1897 superiori,
1733 1827 1773 1882 Β

118 1924 228 1979 hoc
255 1933 344 1978 est
374 1922 602 1977 Lentulo
631 1932 688 1978 et
707 1921 1000 1976 Messalino
1026 1928 1389 1983 coss.,natum
1415 1918 1696 1974 Christum

110 2016 456 2078 existimant,
499 2029 663 2083 quam
697 2016 912 2074 eorum,
942 2013 1035 2082 qui
1076 2011 1144 2067 iis
1191 2012 1346 2081 ipsis,
1389 2026 1529 2080 quos
1573 2009 1702 2079 Epi-

114 2107 357 2178 phanius
399 2106 666 2168 nominat,
698 2121 841 2178 coss.
878 2103 1120 2158 Natalem
1168 2103 1516 2173 consignant.
1566 2101 1702 2157 Pro-

116 2209 302 2270 pterea
335 2200 500 2268 quod,
519 2199 563 2252 si
597 2212 944 2253 communem
975 2197 1043 2250 de
1073 2210 1260 2250 mense
1292 2193 1498 2249 Natalis
1525 2208 1588 2248 ac
1615 2193 1701 2246 die

116 2291 447 2348 sententiam
467 2299 612 2346 esset
642 2289 950 2359 amplexus,
985 2289 1210 2343 omnino
1242 2287 1553 2358 superiores
1576 2285 1701 2340 illos

115 2400 264 2442 υσεδ.
293 2384 641 2454 praetulisset.
673 2381 827 2439 Unde
849 2381 1186 2442 Cassiodori,
1222 2396 1383 2451 quem
1429 2379 1702 2434 Baronius

115 2477 391 2546 sequitur,
423 2490 530 2530 non
555 2473 772 2530 Onul‘rii
794 2474 1014 2529 decreto
1033 2472 1386 2542 Opinionique
1409 2469 1698 2539 suffragari

117 2568 400 2640 putandus
432 2577 536 2622 est.
565 2567 720 2634 Quod
753 2566 919 2639 igitur
948 2565 1197 2620 Christus
1227 2563 1460 2618 Lentulo
1484 2571 1540 2616 et
1569 2560 1705 2616 Mes-

116 2665 297 2719 salino
325 2671 640 2718 coss.ortus
670 2661 761 2726 sit,
790 2675 931 2714 anno
957 2659 1174 2714 Juliano
1207 2658 1298 2723 45,
1333 2656 1575 2711 studiose
1604 2656 1701 2709 de-

115 2762 473 2810 monstratur
513 2752 568 2806 in
615 2743 935 2816 Annalibus,
981 2749 1146 2818 idque
1180 2748 1324 2802 velut
1365 2745 1701 2801 fundamenti

117 2847 244 2902 loco
272 2845 517 2914 ponitur,
542 2860 652 2914 quo
681 2851 928 2906 nutante,
963 2850 1022 2895 ut
1052 2840 1208 2895 aiunt
1248 2839 1374 2908 ipsi,
1405 2836 1702 2892 Annalium

116 2947 437 2995 contextum
492 2951 709 2991 omnem
757 2949 917 2989 ruere
973 2933 1277 3002 collabique
1332 2932 1404 2985 sit
1455 2944 1704 2985 necesse.

118 3030 361 3086 Proinde
389 3029 603 3100 primus
643 3043 674 3082 a
716 3024 897 3080 Natali
944 3024 1170 3088 Christi,
1215 3023 1327 3078 sive
1358 3021 1705 3092 Dionysiante

117 3137 245 3178 terte
267 3137 333 3177 ac
355 3121 597 3191 vulgaris
630 3134 809 3174 annus
835 3135 864 3172 a
888 3117 1008 3172 Kal.
1035 3115 1312 3174 Ianuariis
1343 3115 1471 3169 anni
1503 3113 1701 3168 Juliani

117 3214 194 3269 ιιι
219 3213 411 3270 iisdem
441 3213 497 3267 in
526 3211 832 3265 Annalibus
865 3209 1055 3279 incipit
1080 3226 1093 3261 :
1115 3207 1280 3262 Urbis
1312 3223 1380 3261 ex
1412 3206 1705 3260 Varronia-

120 3324 195 3364 na
229 3307 440 3362 ratione
464 3306 592 3369 752,
615 3304 775 3372 cujus
807 3302 998 3356 Palilia
1027 3303 1196 3370 Aprili
1232 3315 1420 3354 mense
1455 3298 1704 3368 proxime

118 3406 310 3454 secuta
346 3405 474 3452 sunt
509 3413 524 3450 :
557 3395 693 3450 adeo
721 3404 784 3448 ut
812 3394 863 3446 in
898 3407 1098 3446 annum
1135 3391 1301 3446 Urbis
1331 3391 1429 3446 751
1465 3391 1704 3461 vulgaris

117 3503 246 3544 aera!
297 3485 656 3558 primordium
714 3486 990 3552 incurrat;
1055 3482 1391 3554 Olympiadis
1446 3482 1552 3537 194
1607 3497 1710 3535 an-

120 3596 258 3637 num
293 3581 352 3633 2.
400 3581 497 3634 Est
533 3593 597 3632 ea
629 3579 849 3647 quidem
882 3577 1194 3632 Cassiodori
1243 3573 1535 3640 sententia,
1569 3573 1707 3627 alio-

120 3687 357 3742 rumque
401 3680 509 3726 tam
539 3657 809 3730 veterum,
834 3685 996 3738 quam
1024 3668 1426 3734 recentiorum;
1453 3675 1527 3730 et,
1559 3663 1706 3734 quod

119 3767 194 3821 ad
237 3763 483 3819 Natalem
526 3763 704 3832 ipsum
755 3762 969 3828 attinet,
1016 3777 1149 3815 sane
1187 3744 1505 3830 probabilis.
1548 3755 1707 3824 Quod

119 3870 306 3913 autem
334 3857 423 3911 ille
451 3856 592 3911 idem
621 3870 800 3910 annus
833 3870 956 3908 cum
988 3869 1096 3908 tera
1120 3851 1451 3922 Dionysiana
1473 3850 1707 3918 conjun—

119 3950 269 4019 gitur
293 3985 308 4012 ,
349 3946 451 3999 hoc
483 3952 587 4012 est,
615 3944 768 4016 quod
801 3943 1013 4014 primus
1043 3957 1166 3996 teras
1194 3937 1710 3995 Christianaalulia-

121 4056 231 4094 nus
257 4053 382 4093 esse
405 4035 476 4091 44
495 4037 781 4102 asseritur,
809 4035 1026 4107 Olymp.
1060 4032 1164 4088 I94
1182 4031 1478 4097 secundus,
1504 4030 1558 4084 id
1580 4043 1708 4084 vero

123 4144 470 4200 nequaquam
507 4128 769 4198 procedit.
802 4127 1031 4181 Biennio
1060 4126 1202 4180 enim
1228 4125 1472 4187 aberrat,
1498 4129 1558 4174 ut
1582 4120 1708 4190 qui-

124 4221 253 4276 dem
291 4220 537 4290 plerique
579 4220 840 4274 haetenus
875 4219 1408 4281 animadverterunt;
1438 4224 1496 4268 ut
1526 4224 1708 4268 autem

128 4311 413 4373 existimo,
461 4311 624 4365 etiam
665 4310 900 4364 triennio
958 4325 986 4362 a
1038 4308 1279 4378 Dionysii
1321 4313 1501 4360 mente
1544 4314 1708 4373 atque

119 4422 232 4461 tera
270 4405 470 4467 distat,
512 4404 589 4457 uti
620 4403 784 4472 paulo
823 4413 943 4472 post
976 4399 1457 4455 demonstrabitur.
1487 4394 1599 4449 Nos
1627 4396 1710 4448 in-

1801 564 2016 634 perium
2049 562 2280 627 adeptus
2297 569 2402 626 est,
2438 560 2747 614 bisextilem
2774 560 2963 614 habuit
2987 560 3153 617 diem,
3186 573 3381 628 quem-

1800 656 2098 710 admodum
2147 653 2252 706 576
2299 653 2492 708 scribit
2549 653 2893 706 Ammianus.
2939 651 3078 718 Ergo
3121 650 3225 704 565
3259 659 3386 702 ante

1801 749 1950 803 illum
1988 761 2240 817 peraeque
2272 747 2540 801 biscxtilis
2574 754 2678 799 est.
2707 744 2869 814 Atqui
2894 744 2983 797 ille
3012 751 3095 797 est
3129 742 3262 812 ipse,
3283 740 3378 810 qui

1800 839 2088 898 Lentulum
2118 847 2176 892 et
2197 837 2574 892 Marcellinum
2609 851 2754 890 coss.
2789 834 3025 904 praefert,
3058 833 3256 902 quibus
3281 831 3383 886 De-

1799 931 2005 985 cembri
2031 946 2218 984 mense
2242 938 2403 984 natus
2429 936 2516 984 est.
2536 928 2810 982 Christus.
2839 924 3003 979 Recte
3026 925 3190 995 igitur
3212 924 3301 978 hic
3324 924 3381 977 in

1799 1021 2100 1077 Annalibus
2130 1023 2458 1076 constitutus
2491 1021 2725 1073 videtur.

1873 1114 2052 1184 Pergit
2083 1115 2136 1168 in
2176 1115 2365 1169 eodem
2415 1123 2739 1184 argumento
2782 1109 3006 1164 uberius
3036 1103 3379 1175 explicando,

1800 1214 1855 1259 ct
1883 1206 1950 1260 de
1978 1204 2190 1259 Iuliana
2221 1205 2481 1259 biscxtilis
2512 1204 2639 1259 anni
2674 1201 3030 1271 dispositione
3088 1195 3251 1268 atq'ue
3275 1197 3383 1250 Au-

1800 1299 1939 1368 gusti
1973 1301 2307 1354 correctione
2351 1299 2602 1361 disserit;
2651 1308 2709 1353 ut
2755 1304 3031 1368 appareat,
3073 1308 3275 1347 annum
3316 1291 3382 1344 il-

1801 1395 1934 1457 lum,
1955 1393 2046 1463 qui
2070 1402 2153 1447 est
2171 1391 2420 1448 Julianus
2443 1392 2533 1454 45,
2558 1393 2831 1447 biscxtum
2865 1389 3144 1443 habuisse.
3167 1385 3383 1439 Etenim

1799 1485 1976 1540 Julius
2017 1487 2199 1540 Caesar
2231 1501 2374 1540 anno
2403 1486 2471 1537 ab
2502 1483 2569 1538 U.
2613 1485 2678 1538 C.
2722 1483 3067 1538 Varroniano
3109 1480 3233 1538 708,
3272 1495 3383 1548 quo

1803 1580 1920 1649 ipse
1952 1579 2166 1632 tertium
2199 1593 2325 1632 cum
2361 1575 2564 1646 Lepido
2597 1592 2739 1631 coss.
2772 1575 2893 1641 luit,
2937 1589 3139 1626 annum
3175 1571 3381 1625 Roma—

1800 1686 1932 1725 num
1977 1670 2269 1724 emendare
2297 1667 2376 1722 sic
2407 1675 2488 1722 est
2529 1681 2837 1735 aggressus,
2871 1673 2926 1716 nt
2967 1664 3224 1731 deinceps
3250 1677 3384 1731 quo-

1800 1776 1907 1831 que
1950 1776 2092 1813 anno
2121 1775 2176 1814 tv
2223 1759 2456 1813 solidum
2494 1758 2638 1812 diem
2675 1754 3100 1811 intercalandum
3126 1753 3380 1806 decreve-

1805 1852 1892 1905 rit.
1918 1851 1994 1906 Ac
2034 1851 2079 1904 si
2117 1863 2264 1902 anno
2291 1847 2385 1901 illo
2423 1846 2849 1911 emendationis,
2882 1860 3042 1914 quem
3077 1841 3384 1894 Macrobius

1799 1942 2156 1998 Conlusionis
2197 1941 2452 2011 appellat,
2498 1939 2633 1993 nihil
2675 1945 2870 2007 prieter
2908 1951 3121 1991 menses
3164 1951 3228 1991 ac
3266 1935 3386 1988 dies

1802 2035 2196 2099 intercalasset,
2219 2035 2286 2088 ab
2307 2049 2371 2086 eo
2399 2033 2520 2101 ipso
2540 2029 2871 2087 bisextilinm
2892 2045 3153 2082 annorum
3178 2028 3386 2080 ducen—

1801 2127 1928 2180 dum
1969 2126 2158 2180 luisset
2188 2125 2496 2190 exordium,
2538 2123 2612 2176 ita
2648 2132 2705 2174 ut
2736 2121 2947 2190 primus
2993 2129 3184 2187 tvpost
3219 2133 3384 2181 anno,

1801 2203 2003 2286 Lepido
2037 2217 2077 2270 ll
2110 2225 2166 2271 et
2198 2215 2402 2270 Planco
2436 2229 2584 2269 coss.
2631 2220 2994 2283 congrueret:
3029 2226 3136 2279 qua
3180 2209 3387 2263 ratione

1800 2325 1897 2380 per
1919 2308 2277 2379 quadriennia
2318 2306 2723 2372 descendendo,
2767 2304 3033 2360 bisextilis
3066 2303 3385 2358 undecimus

1801 2416 1913 2454 non
1945 2401 2000 2454 in
2061 2401 2132 2454 45
2160 2415 2188 2454 a
2221 2399 2562 2454 correctione
2629 2412 2858 2461 annum,
2918 2395 3012 2450 sed
3049 2395 3104 2449 in
3135 2395 3225 2457 44,
3280 2393 3387 2448 hoc

1801 2501 1905 2555 est,
1949 2506 2056 2546 non
2088 2491 2140 2544 in
2174 2490 2463 2545 Lentulum
2507 2499 2556 2544 et
2601 2487 2983 2553 Messalinum,
3033 2486 3127 2541 sed
3185 2486 3240 2539 in
3272 2486 3387 2539 Au-

1802 2593 2024 2655 gustum
2064 2581 2182 2636 XIII
2217 2592 2271 2638 et
2307 2581 2579 2636 Plautium
2625 2596 2769 2636 coss.
2827 2581 3143 2642 incurreret,
3186 2576 3388 2647 quibus

1801 2676 2004 2733 Christi
2041 2676 2274 2730 natalem
2304 2674 2618 2745 assignabat
2651 2671 2934 2728 Onufrius.
2966 2671 3038 2725 At
3060 2671 3112 2726 id
3145 2685 3304 2724 secus
3329 2685 3390 2725 se

1801 2763 2016 2818 habuit.
2049 2762 2186 2817 Nam
2217 2773 2414 2833 praeter
2450 2762 2749 2818 solidorum
2781 2761 2991 2816 dierum
3025 2759 3391 2815 intercalatio-

1803 2871 1950 2920 nem,
1974 2855 2255 2926 quadrans
2293 2854 2520 2923 insuper
2546 2853 2675 2917 diei,
2711 2853 2856 2923 quod
2893 2847 3117 2906 Solinus
3145 2852 3322 2912 docet,
3357 2865 3389 2904 a

1802 2947 2020 3002 Caesare
2052 2955 2137 3002 est
2165 2945 2432 3016 adjectus.
2458 2944 2630 3012 Quem
2658 2955 2715 3000 ut
2740 2945 3109 3006 intercalaret,
3139 2943 3267 3013 quia
3295 2957 3393 2999 so-

1802 3039 1890 3095 lus
1919 3039 2044 3094 addi
2083 3054 2192 3094 non
2233 3047 2465 3108 poterat,
2511 3052 2734 3092 necesse
2762 3037 2883 3104 fuit,
2925 3037 3068 3091 utin
3115 3051 3316 3090 annum
3336 3048 3393 3088 ιν

1809 3133 2143 3198 dili‘erretur;
2182 3132 2356 3186 donec
2381 3131 2627 3186 videlicet
2649 3145 2717 3185 ex
2738 3131 3039 3200 quadrante
3071 3129 3162 3183 illo
3209 3135 3264 3182 et
3287 3129 3388 3180 tri-

1808 3227 1910 3282 bus
1938 3227 2062 3280 aliis
2095 3225 2320 3280 totidem
2348 3224 2802 3293 consequentium
2833 3238 3125 3285 annorum,
3152 3221 3266 3276 dies
3291 3237 3392 3276 ex-

1807 3331 2074 3390 surgeret.
2118 3318 2308 3389 Itaque
2356 3319 2592 3388 primum
2648 3317 2922 3372 bisextum
2971 3331 3078 3370 non
3126 3316 3318 3385 quinto
3356 3330 3393 3370 a.

1805 3411 2142 3466 correctione
2192 3423 2360 3472 anno,
2412 3416 2472 3462 ut
2529 3407 2727 3477 alioqui
2771 3405 3013 3461 futurum
3069 3405 3389 3473 dicebatur,

1808 3503 1900 3558 sed
1916 3501 2082 3572 ιν,ᾳυί
2107 3499 2444 3555 antecedenti
2465 3498 2820 3554 correctionis
2841 3513 2984 3552 anno
3004 3497 3388 3566 respondebat,

1809 3611 1902 3650 seu
1929 3603 2051 3664 post
2077 3594 2220 3649 tertii
2248 3593 2376 3646 anni
2405 3593 2714 3661 circuitum,
2745 3593 2919 3647 Pansa
2941 3601 2995 3646 et
3015 3589 3192 3645 Hirtio
3212 3604 3386 3655 coss.,

1808 3687 2085 3758 observari
2115 3686 2280 3755 jussit
2310 3703 2323 3740 :
2357 3685 2564 3754 reliqua
2584 3684 2840 3754 deinceps
2869 3691 2993 3755 post
3009 3697 3283 3753 quemque
3298 3697 3392 3736 an-

1809 3796 1938 3834 num
1962 3793 2018 3832 tv
2035 3779 2104 3833 ab
2137 3779 2243 3832 hoc
2271 3777 2468 3848 primo.
2499 3776 2822 3845 Quanquam
2857 3775 3187 3837 sacerdotes,
3225 3788 3401 3843 penes-

1808 3883 1950 3938 quos
1976 3866 2332 3921 intercalandi
2367 3881 2498 3920 cura
2529 3873 2666 3932 erat,
2707 3880 2773 3921 eo
2802 3865 3058 3930 fortasse,
3100 3863 3246 3933 quod
3275 3863 3391 3931 pri-

1809 3975 1958 4014 mum
2001 3958 2274 4013 biscxtum
2324 3967 2446 4028 post
2517 3974 2720 4012 annum
2761 3975 2822 4013 ιιι
2846 3957 3082 4012 locatum
3124 3955 3395 4020 viderent,

1808 4066 1996 4107 errore
2037 4051 2209 4116 ducti,
2253 4051 2535 4120 sequentia
2569 4050 2767 4106 similia
2800 4057 2919 4119 post
2948 4051 3163 4104 tertium
3194 4063 3390 4117 quem-

1810 4159 1914 4214 quc
1953 4150 2308 4212 usurparunt,
2342 4157 2657 4208 annumque
2685 4141 2990 4194 Romanum
3023 4155 3183 4193 xxva
3213 4154 3390 4194 anno-

1811 4251 1930 4290 rum
1961 4236 2136 4305 spatio
2164 4235 2237 4287 ita
2267 4235 2654 4301 depravarunt,
2686 4242 2744 4286 ut
2765 4248 2860 4302 pro
2885 4249 2938 4287 ιι
2971 4233 3164 4287 diebus
3188 4231 3384 4287 duode-

1812 4329 2360 4396 nosintcrponerent.
2399 4327 2554 4392 Quod
2585 4329 2863 4396 Augustus
2902 4337 2961 4380 ut
2987 4326 3303 4395 corrigeret,
3336 4334 3393 4380 et

1814 4429 1924 4475 tres
1948 4435 2043 4474 eos
2070 4420 2190 4474 dies
2211 4420 2520 4489 superﬂuos
2547 4427 2842 4485 resecaret,
2868 4435 2939 4472 xu
2967 4426 3256 4488 sequentes
3274 4417 3392 4471 sine

123 4499 284 4550 “irim
318 4511 440 4566 (1⁸⁸³⁸
480 4495 532 4548 in
567 4496 844 4564 Apparal“
883 4493 949 4548 ad
1004 4493 1246 4546 Annales
1291 4491 1360 4544 de
1415 4490 1517 4543 hoc
1561 4503 1705 4540 ³¹¹¹¹⁴⁵
1737 4502 1782 4557 ι)
1813 4512 2046 4567 bisextili
2095 4512 2507 4564 intercalationc
2538 4509 2762 4579 transigi
2787 4511 2968 4578 jussit,
3002 4511 3061 4564 C.
3088 4508 3404 4563 Censorino

121 4587 400 4641 Subtiliter
423 4595 475 4639 et
506 4586 777 4654 exquisite
806 4584 1158 4654 disputantur
1187 4581 1542 4652 expendenda
1571 4594 1702 4634 cen-

119 4696 184 4735 Sll
196 4697 206 4732 I
218 4694 362 4733 IIIIIS.

193 4797 334 4849 Cum
370 4793 536 4863 igitur
558 4809 588 4846 a
615 4791 896 4846 nonnullis
922 4789 1218 4860 improbari
1245 4803 1403 4843 suam
1439 4786 1508 4840 de
1531 4783 1709 4838 Natali

117 4883 332 4940 Christi
364 4885 687 4939 sententiam
729 4883 957 4948 videret,
1008 4883 1078 4935 ob
1133 4881 1184 4935 id
1236 4894 1406 4934 unum
1445 4878 1708 4940 maxime,

117 4977 270 5046 quod
317 4977 370 5029 in
399 4974 675 5029 Julianum
707 4977 796 5038 45,
829 4975 920 5045 qui
948 4989 1090 5029 coss.
1127 4973 1289 5026 habet
1319 4970 1608 5024 Lentulum
1660 4979 1711 5026 et

117 5065 526 5128 Marcellinum,
561 5065 838 5128 bisextilis,
862 5065 978 5120 dies
1003 5064 1228 5118 minime
1250 5063 1490 5126 caderet,
1520 5071 1711 5115 contra

116 5161 210 5213 ille
241 5159 324 5212 sic
352 5159 689 5227 prtcscribit:
719 5159 953 5211 Tantum
987 5159 1198 5219 abesse,
1238 5165 1296 5208 ut
1325 5155 1377 5208 in
1409 5169 1612 5208 annum
1648 5153 1713 5206 il-

115 5252 236 5306 lum
270 5251 539 5305 bisextilis
563 5251 677 5306 dies
712 5266 816 5304 non
845 5250 1070 5315 incidat,
1106 5259 1165 5303 ut
1202 5249 1256 5302 in
1281 5248 1446 5302 alium
1475 5242 1707 5309 nullut‘n,

116 5345 230 5400 nisi
261 5345 330 5396 ah
357 5344 545 5397 eodem
570 5353 850 5413 quartum,
878 5343 993 5396 sive
1025 5352 1172 5402 ante,
1207 5341 1322 5393 sive
1353 5348 1475 5409 post
1507 5339 1709 5406 ipstnn,
1753 5390 1760 5393 _

117 5435 422 5490 convenire
452 5435 648 5504 possit.
681 5433 894 5488 Etenim
933 5448 1033 5502 pro
1061 5431 1340 5495 confesso,
1377 5430 1713 5497 minimeque

117 5527 294 5581 dubio
333 5526 384 5580 id
425 5525 481 5580 in
529 5527 633 5581 hac
677 5534 790 5581 tota
834 5525 1206 5594 disputatione
1256 5523 1470 5579 sumit:
1505 5537 1709 5576 annum

118 5621 303 5686 illum,
335 5635 446 5690 quo
486 5632 647 5674 natus
695 5629 779 5675 est
819 5621 1094 5680 Christus,
1144 5619 1451 5673 bisextilem
1495 5617 1708 5671 fuisse:

121 5725 414 5784 propterea
443 5715 587 5785 qvod
615 5714 708 5783 qui
739 5714 996 5782 deinceps
1023 5713 1092 5766 ab
1137 5727 1202 5765 eo
1241 5711 1524 5781 propagati
1549 5691 1709 5771 sunt,

119 5821 222 5877 per
261 5816 561 5877 quaternos
587 5805 749 5862 divisi
785 5805 1063 5862 bisextiles
1099 5811 1413 5860 occurrunt.
1447 5800 1565 5858 Jam
1586 5817 1713 5856 vero

1813 4613 1867 4657 et
1891 4603 2078 4658 Asinio
2101 4604 2254 4657 Gallo
2278 4617 2422 4656 coss.
2448 4601 2573 4656 Ilzec
2597 4602 2650 4655 in
2671 4601 2986 4656 Annalibus.
3021 4601 3152 4669 Quae
3184 4611 3243 4654 ut
3263 4618 3379 4655 ocu-

1813 4695 1881 4749 lis
1921 4695 2053 4764 ipsis
2097 4695 2338 4762 subjecta
2397 4693 2555 4762 plane
2608 4693 2998 4762 percipiantur,
3069 4693 3403 4747 Iaterculum

1814 4787 2023 4856 aliquot
2070 4787 2451 4840 consulatuum
2502 4785 2760 4848 attexuit;
2814 4784 2968 4838 initio
3017 4784 3180 4839 ducto
3221 4783 3290 4838 ab
3327 4799 3405 4837 eo

1813 4895 1978 4945 anno,
2017 4894 2126 4948 quo
2154 4877 2367 4932 Juliana
2409 4881 2573 4948 cmpit
2606 4878 2793 4932 editio.
2824 4877 2979 4944 Quod
3019 4893 3141 4932 cum
3189 4877 3254 4930 ad
3299 4891 3401 4930 ρο·-

1816 4989 1956 5037 rum,
1989 4990 2110 5042 qua:
2132 4974 2389 5043 deinceps
2419 4976 2763 5044 proponenda
2793 4983 2941 5036 sunt,
2981 4973 3400 5042 intelligentiam

1815 5081 1920 5119 non
1953 5067 2278 5120 mediocrem
2321 5068 2604 5121 utilitatem
2650 5067 2824 5136 possit
2864 5065 3073 5128 alferre,
3112 5079 3208 5117 nos
3238 5078 3392 5116 eum-

1814 5159 1935 5210 dem
1964 5158 2113 5212 illum
2150 5159 2448 5213 indiculum
2484 5160 2880 5224 exscribemus,
2913 5158 3005 5211 ubi
3033 5172 3155 5228 qua:
3185 5155 3238 5209 in
3275 5170 3397 5210 rem

1815 5249 2041 5317 faciunt,
2073 5267 2242 5320 pauca
2271 5253 2780 5320 prremonuerimus.
2805 5249 3099 5305 Sciendum
3123 5248 3267 5302 enim
3287 5254 3397 5312 est,

1815 5357 1920 5394 non
1952 5343 2125 5395 solum
2157 5342 2348 5396 bisexti
2381 5358 2415 5415 an
2439 5341 2585 5397 Julio
2614 5343 2829 5396 Cresare
2847 5339 3078 5393 ordinati
3104 5338 3394 5401 rationem,

1815 5449 1878 5488 ac
1911 5433 2166 5497 formam,
2193 5437 2286 5490 sed
2317 5437 2560 5506 ejusdem
2584 5449 2804 5504 quoque
2827 5432 3302 5502 depravationem;
3328 5443 3395 5484 ac

1815 5535 2092 5595 postremo
2138 5530 2512 5598 Augustanam
2563 5528 2706 5581 illam
2760 5525 3179 5588 correctionem,
3212 5529 3268 5576 et
3305 5521 3391 5576 in-

1815 5617 2210 5672 Stattrationem
2241 5618 2388 5671 varie
2415 5617 2710 5671 admodum
2741 5615 3022 5686 explicari.
3058 5614 3197 5668 Sunt
3218 5612 3392 5674 enim,

1815 5709 2014 5777 quibus
2057 5710 2232 5778 placet
2275 5709 2479 5764 .lulium
2525 5710 2795 5764 Cazsarem
2848 5723 2994 5762 anno
3039 5703 3404 5760 Confusionis

1819 5802 1952 5858 nihil
1989 5813 2184 5873 praeter
2227 5803 2431 5860 solidos
2476 5820 2692 5862 menses
2737 5819 2802 5860 ac
2849 5799 2982 5862 dies'
3010 5796 3404 5867 intercalassc;
