3986 6224
618 342 724 398 895
1766 336 2115 393 APPENDIX
2164 333 2792 392 DlSSERTATlONUM.
3730 337 3799 395 896

619 455 846 522 ideoque
880 451 1117 523 primum
1153 468 1358 509 annum
1400 451 1676 508 Julianum
1713 454 1888 510 instar
1925 454 2198 511 bisextilis
2226 458 2275 514 A
2302 454 2618 521 obscurum,
2667 466 2964 524 quamnam
3014 449 3346 520 castigandae
3385 447 3518 504 labis
3549 446 3673 504 illius
3695 451 3798 508 viam

617 545 790 600 fuisse
829 561 843 597 :
899 555 1064 614 atque
1115 545 1251 600 adeo
1285 545 1560 615 legitimos
1587 555 1642 599 et
1681 545 1993 602 ordinarios
2017 547 2200 602 bisex-
2305 548 2584 616 Augustus
2616 545 2817 601 inierit.
2837 544 3106 599 Autenim
3138 543 3378 612 primum
3395 557 3456 596 ex
3476 542 3798 612 ιιιάνεμὸόλοις

614 636 738 692 tiles
794 651 915 693 esse
955 637 1090 692 istos
1137 639 1464 708 oportuisse.
1523 638 1577 703 5,
1612 638 1666 707 9,
1700 639 1785 704 15,
1817 648 1947 704 etc.,
1995 641 2086 706 57,
2108 639 2198 706 41,
2302 655 2423 694 esse
2449 639 2617 710 jussit
2643 637 2922 693 Julianum
2954 635 3044 701 58,
3077 649 3191 705 quo
3221 634 3290 688 ad
3313 633 3700 687 emendationem
3717 637 3796 690 ani-

611 728 704 794 45,
741 729 829 791 49,
867 728 955 783 55.
1024 728 1097 783 Ita
1132 728 1377 800 Scaliger
1431 730 1524 786 lib.
1561 722 1626 783 iV.
1674 729 1753 784 De
1803 730 2007 784 emend.
2069 729 2200 792 Alii,
2305 747 2454 786 mum
2487 731 2716 802 adjecit;
2746 730 2791 785 si
2825 737 3135 799 postremus
3175 725 3444 780 biscxtilis
3466 725 3670 780 vitiosus
3689 726 3798 781 fuerit

612 819 707 891 qui
741 821 1098 890 quadrantem
1135 822 1239 877 diei
1277 831 1470 892 praeter
1503 822 1710 877 solidos
1750 821 1868 877 dies
1907 821 2200 877 intercala-
2302 825 2368 878 37
2412 843 2426 878 :
2479 825 2553 879 ita
2603 833 2662 879 ut
2715 823 3072 878 duodecimus
3119 818 3230 873 τῶν
3291 816 3588 887 ἀνεμὸὁλων
3640 816 3796 874 Juliana

612 921 730 964 tum
757 921 972 981 putant,
1006 913 1310 984 legitimum
1334 912 1660 976 biseatilem,
1689 910 1920 967 Juliana:
1945 911 2204 967 editionis
2303 917 2560 972 editionis
2589 917 2751 971 fuerit
2778 916 2846 970 49
2885 935 2898 969 :
2942 929 3007 968 ex
3057 927 3168 983 quo
3215 911 3466 979 deinceps
3493 911 3608 965 anni
3635 913 3678 965 in
3700 914 3796 966 ordi-

613 1016 816 1055 annum
853 1002 1071 1056 tertium
1106 1010 1372 1061 statuunt.
1404 1002 1472 1056 ab
1507 1017 1682 1072 eoque
1710 1001 1969 1071 deinceps
2024 1000 2076 1067 7,
2110 1002 2202 1070 11,
2304 1021 2428 1061 nem
2458 1007 2686 1071 redacti,
2707 1013 2762 1060 et
2797 1020 2943 1060 anno
2971 1004 3041 1058 53
3077 1003 3356 1072 legitimus
3390 1001 3631 1058 bisextilis
3654 1002 3794 1060 incidit.

613 1093 705 1155 15,
733 1102 839 1148 etc.
871 1092 1054 1147 Tertia
1087 1102 1265 1163 potest
1296 1093 1364 1148 ad
1390 1109 1484 1148 eas
1505 1093 1763 1149 accedere
1794 1092 1971 1147 forma
1993 1133 2009 1160 ,
2034 1102 2095 1147 ut
2117 1093 2203 1147 ni-
2303 1099 2411 1152 Aut
2463 1097 2510 1152 si
2556 1097 2644 1152 56.
2702 1107 3013 1166 postremus
3074 1094 3348 1150 bisextilis
3416 1092 3540 1158 fuit;
3584 1093 3794 1150 duodecim

612 1185 814 1237 mirum
840 1183 1189 1240 Confusionis
1209 1200 1386 1239 annus
1417 1185 1532 1254 ipse
1561 1184 1832 1240 bisextilis
1856 1185 2031 1239 vicem
2063 1199 2205 1254 prte-
2303 1186 2504 1241 bisexti
2556 1201 2784 1255 prorsus
2843 1194 3093 1254 expertes
3123 1198 3156 1237 a
3207 1181 3278 1235 ’56
3333 1181 3400 1236 ad
3443 1180 3511 1235 48
3563 1186 3792 1250 pertexendi

613 1272 819 1337 buerit;
863 1288 928 1328 ac
971 1273 1210 1328 subinde
1273 1272 1522 1329 Julianus
1571 1273 1626 1339 4,
1664 1273 1718 1336 8,
1760 1275 1847 1340 12,
1902 1283 2032 1339 etc.,
2085 1283 2201 1329 tum
2305 1285 2461 1341 sunt;
2524 1277 2660 1330 adeo
2699 1285 2755 1330 ut
2788 1277 2998 1345 primus
3040 1273 3311 1329 bisextilis
3365 1289 3426 1327 ex
3465 1274 3634 1328 ordine
3667 1275 3707 1328 in
3735 1273 3796 1329 Ju-

611 1362 701 1423 56.
766 1363 857 1431 40,
895 1365 986 1430 44,
1039 1364 1129 1430 48,
1165 1365 1253 1433 52,
1324 1366 1592 1420 bisextum
1641 1366 1744 1420 sibi
1793 1381 1860 1420 ex
1903 1364 2036 1420 Julii
2091 1365 2204 1421 (Σω-
2304 1369 2508 1423 lianum
2552 1368 2621 1422 5?.
2670 1368 2986 1422 incurrerit.
3035 1367 3106 1420 At
3151 1365 3359 1420 Paulus
3411 1365 3796 1434 Middelburgeusis

612 1455 755 1510 saris
833 1456 1240 1512 constructione
1306 1457 1604 1512 vindicent.
1677 1457 1756 1511 Ex
1801 1458 1867 1514 iis
1916 1458 2203 1513 ordinandi
2304 1461 2401 1516 lib.
2431 1475 2532 1526 xu,
2570 1475 2696 1515 cum
2753 1459 3010 1513 vitiosum
3041 1458 3345 1514 bisextum'
3373 1472 3510 1512 anno
3535 1457 3583 1520 5,
3611 1456 3717 1524 6,9,
3757 1475 3795 1514 ac

613 1545 829 1614 formis,
859 1563 1024 1615 quam
1053 1548 1234 1605 Caesar
1258 1550 1510 1611 tenuerit,
1537 1549 1808 1603 aﬂirmare
1841 1548 2060 1605 ditIicile
2082 1558 2200 1617 est;
2304 1552 2540 1622 denique
2597 1551 2667 1606 36
2702 1550 3081 1605 intercalatum
3143 1564 3270 1604 esse
3313 1548 3550 1615 dixisset,
3574 1548 3797 1604 duodecim»

611 1639 1074 1706 quemadmodum
1119 1641 1284 1696 etiam
1323 1657 1446 1712 quae
1491 1640 1658 1696 fuerit
1699 1641 2029 1712 depravandi
2060 1643 2202 1697 ratio
2306 1659 2414 1715 que
2463 1657 2787 1699 communes
2845 1641 2966 1697 illos
3017 1641 3072 1695 in
3138 1642 3212 1698 48
3260 1641 3486 1697 desiisse
3523 1658 3538 1696 :
3574 1641 3636 1698 ita
3668 1652 3712 1696 ut
3750 1644 3793 1696 52

613 1729 758 1785 haud
807 1731 884 1785 ita
924 1741 1076 1787 certo
1118 1742 1358 1788 constat.
1403 1733 1587 1788 Potuit
1616 1733 1764 1788 enim
1799 1748 1946 1788 anno
1979 1731 2203 1797 Juliauo
2237 1795 2276 1805 _
2309 1739 2583 1792 bisextum
2631 1735 2893 1805 exigeret,
2945 1749 3150 1790 novum
3208 1749 3241 1789 a
3291 1733 3637 1793 sacerdotibus
3667 1735 3793 1788 vitium

611 1824 774 1877 tertio
799 1833 990 1879 contra
1024 1826 1400 1896 praiscriptum
1443 1825 1678 1882 Caesaris
1713 1827 2062 1882 intercalari:
2095 1841 2198 1897 po-
2234 1795 2278 1853 Β
2305 1827 2548 1882 oblatum
2589 1825 2814 1893 asserit;
2875 1833 2936 1879 ut
2997 1824 3068 1878 49
3106 1824 3418 1880 bisextilem
3462 1823 3664 1878 fecerit:
3701 1825 3796 1879 unde

612 1914 716 1969 tuit
758 1926 813 1970 et
850 1926 1068 1985 quarto,
1107 1934 1233 1973 cum
1275 1918 1468 1988 quinto
1518 1919 1776 1990 jussisset
1837 1937 1851 1974 :
1904 1918 2050 1975 unde
2105 1918 2197 1986 36,
2307 1917 2506 1987 reliqui
2533 1916 2793 1986 deinceps
2831 1914 2898 1970 ad
2934 1922 3151 1970 atatem
3177 1923 3426 1970 nostrain
3459 1914 3693 1970 bisextiles
3715 1927 3795 1982 pro

610 2005 696 2060 vel
745 2006 814 2061 57
867 2007 1101 2066 vitiosus
1156 2010 1387 2067 exstitit.
1451 2010 1640 2082 Neque
1695 2026 1826 2067 vero
1867 2010 2052 2066 minus
2117 2019 2202 2066 est
2308 2009 2488 2080 pagati
2519 2015 2670 2063 sunt.

1805 2182 2179 2241 lNDlCULUS
2208 2182 2516 2250 ALlQU-OT
2549 2184 2748 2243 COSS.

842 2317 1022 2390 Olym-
1108 2323 1250 2378 Anni
1345 2325 1486 2378 Anni
1948 2324 2108 2382 Coss.
2609 2327 2803 2380 Annus
2889 2325 3125 2382 Bisexti-
3167 2325 3403 2381 Bisexti-
3463 2325 3650 2380 Littera:

823 2390 1033 2459 piades.
1074 2393 1298 2450 Juliani.
1344 2395 1530 2453 Urbis.
2249 2428 2258 2433 -
2611 2396 2814 2451 Confu-
2872 2396 3122 2450 lesetlit-
3165 2397 3405 2451 lesetlit-
3469 2413 3628 2451 emen-

2612 2467 2808 2522 sionis.
2863 2475 2994 2521 terna
3026 2469 3106 2520 vi-
3153 2477 3284 2523 term
3336 2467 3398 2520 1).
3441 2467 3539 2521 dati
3565 2467 3650 2536 Cy-

2870 2538 3024 2590 tiosm
3045 2553 3113 2591 ex
3172 2538 3382 2592 vitiosze
3460 2538 3523 2592 cli
3571 2537 3630 2589 ab

2862 2605 3089 2664 Mittelb.
3149 2624 3219 2664 ex
3248 2607 3392 2664 Scal.
3428 2609 3632 2679 August.

1396 2673 1499 2728 707
1642 2675 1710 2739 Q.
1752 2672 2010 2728 Calenus.

1635 2743 1698 2798 Ρ.
1743 2745 2014 2800 Vatinius.

1389 2834 1494 2889 708
1638 2835 1704 2890 C.
1742 2834 1923 2889 Julius
1961 2836 2146 2891 Cmsar
2181 2835 2271 2892 lll.

1637 2905 1709 2960 M.
1751 2905 2014 2962 IEmilius
2041 2906 2302 2977 Lepidus.

1173 2997 1197 3050 l
1387 2997 1491 3052 709
1635 2997 1701 3053 C.
1738 2996 1918 3056 Julius
1951 2997 2132 3054 Caesar
2163 2998 2254 3066 Ν,

2017 3015 2132 3054 esar
2163 2998 2254 3066 IV,
2959 3005 3000 3057 (Ξ
3253 3004 3298 3056 Β
3499 3000 3536 3056 C
3556 2999 3591 3052 Β

1710 3069 1830 3123 sine
1873 3070 2104 3140 collega.

897 3155 1001 3212 484
1177 3160 1213 3214 2
1392 3161 1497 3216 710
1638 3161 1700 3216 C.
1741 3161 1920 3218 Julius
1955 3164 2140 3220 Caesar
2173 3164 2240 3219 ν.

1983 3165 2140 3220 Zaasar
2173 3164 2240 3219 ν.
2957 3171 3000 3222 Β
3253 3169 3300 3221 Α
3518 3167 3557 3221 Α

1643 3231 1716 3286 Μ.
1757 3234 2052 3290 Antonius.

1177 3325 1212 3379 '5
1391 3325 1488 3380 711
1637 3324 1698 3380 C.
1741 3323 1934 3380 Vibius
1984 3325 2190 3383 Pansa.
2928 3333 3036 3387 AG
3261 3332 3306 3388 C
3521 3328 3560 3384 G

1635 3398 1703 3449 A.
1745 3394 1981 3450 Hirtius.

1179 3490 1217 3545 4
1393 3493 1499 3547 712
1638 3492 1708 3548 Μ.
1753 3492 2013 3547 ΑΞηιὶι-ιιε
2037 3491 2279 3561 Lepidus
2313 3493 2380 3548 ll.

1998 3491 2279 3561 sLepidus
2313 3493 2380 3548 ll.
2961 3495 3002 3549 F
3241 3496 3279 3551 F
3299 3495 3340 3549 Ε
3536 3491 3572 3546 F

1640 3562 1701 3616 1...
1743 3562 2021 3618 Munatius
2075 3563 2334 3620 Plancus.

1176 3647 1212 3703 5
1389 3651 1493 3706 715
1638 3651 1700 3705 L.
1743 3651 2040 3708 Antonius.

2029 3693 2040 3706 -
2961 3659 3006 3712 Ε
3264 3659 3308 3712 D
3515 3654 3603 3708 ΕΒ

1639 3723 1698 3774 Ρ.
1742 3722 2009 3777 Servilius
2042 3721 2346 3781 Isauricus.

895 3807 1000 3863 185
1179 3810 1213 3864 6
1392 3812 1452 3865 71
1471 3813 1497 3865 1
1636 3812 1699 3868 C.
1743 3813 2012 3870 Domitius
2043 3813 2328 3872 Calvinus.
2952 3819 3054 3875 DC
3273 3820 3315 3874 C
3543 3815 3580 3870 Ο

1640 3883 1702 3938 C.
1746 3885 1973 3939 Asinius
1999 3884 2195 3940 Pollio.

1180 3973 1210 4024 7
1392 3973 1496 4027 7t5
1640 3974 1698 4026 L.
1742 3974 2009 4030 Martinus
2040 3976 2404 4036 Censorinus.
2967 3981 3010 4034 Β
3231 3984 3271 4038 Β
3291 3983 3334 4035 Α
3535 3977 3572 4030 Β

1633 4045 1694 4100 C.
1736 4046 2017 4102 Calvisius
2056 4046 2318 4104 Sabinus.
2381 4121 2384 4126 _

1175 4140 1210 4194 8
1391 4138 1493 4195 716
1636 4140 1751 4210 Ap.
1764 4141 2043 4210 Claudius
2074 4141 2331 4199 Pulcher.
2975 4148 3020 4200 A
3273 4148 3316 4202 G
3517 4143 3555 4194 A

1632 4209 1701 4266 (ἐξ
1734 4209 2026 4267 Norbanus
2061 4211 2314 4269 Flaccus.

1176 4308 1209 4362 9
1387 4308 1490 4362 717
1637 4307 1708 4379 Μ.
1750 4308 2012 4379 Agrippa.

1998 4347 2012 4360 .
2930 4313 3032 4369 CF
3270 4313 3308 4368 Ρ
3479 4304 3572 4363 CF

1641 4378 1704 4432 L.
1743 4376 2011 4434 Caninius
2053 4379 2266 4436 Gallus.

899 4465 1002 4520 186
1152 4469 1213 4521 10
1394 4469 1498 4523 718
1641 4468 1702 4522 L.
1743 4468 1948 4524 Cellius
1978 4469 2283 4537 Ροῃιίεοιθ.

1978 4469 2283 4537 Poplicola.
2979 4476 3019 4528 IS
3236 4475 3278 4527 Ε
3300 4474 3340 4526 1)
3514 4468 3551 4521 Ε

1276 4590 1286 4598 _
1643 4538 1715 4595 M.
1756 4541 2018 4610 Cocceius
2045 4539 2246 4596 Nerva.

1153 4632 1208 4684 11
1401 4633 1503 4687 719
1644 4630 1708 4684 L.
1749 4632 2108 4688 Corniﬁcius.

1975 4635 2108 4688 :ius.
2974 4636 3015 4687 D
3271 4636 3311 4689 C
3511 4628 3549 4683 Ι)

1647 4700 1775 4757 Sex.
1816 4702 2132 4773 Pompejus.

1150 4792 1217 4845 12
1397 4789 1510 4845 720
1643 4792 1713 4847 Μ.
1755 4793 2032 4850 Antonius
2063 4796 2130 4849 ll.

1969 4810 2032 4850 us
2063 4796 2130 4849 ll.
2936 4795 2978 4851 C
3002 4794 3043 4846 Β
3260 4794 3299 4846 Β
3506 4788 3539 4843 C

1648 4863 1712 4917 L.
1755 4864 2076 4920 Scribonius
2102 4865 2262 4920 Libo.
2749 4945 2754 4949 _

1150 4956 1214 5010 15
1393 4955 1492 5010 721
1639 4957 1704 5011 C.
1745 4955 1930 5012 Caesar
1964 4956 2298 5014 Octavianus
2330 4958 2392 5013 ll.
2956 4962 2998 5014 A
3220 4961 3265 5012 A
3289 4957 3326 5011 Β
3465 4953 3560 5007 BA

1646 5027 1689 5080 L
1705 5069 1717 5082 .
1764 5026 2046 5084 Volcatius
2082 5028 2296 5085 Tull’us.

894 5121 1000 5177 187
1147 5122 1212 5176 i4
1390 5122 1494 5177 72?.
1637 5123 1739 5178 Cn.
1781 5123 2055 5180 Domitius
2087 5125 2509 5183 Ahenobarbus.
2969 5126 3014 5181 G
3265 5124 3306 5178 F
3505 5115 3545 5173 (ἶ

1638 5194 1701 5248 C.
1743 5194 1938 5250 Sosius
1966 5194 2170 5266 Nepos.
2409 5228 2422 5240 -

1144 5285 1210 5339 15
1393 5285 1496 5339 715
1639 5285 1700 5339 C.
1743 5287 1930 5341 Caesar
1959 5285 2296 5344 Octavianus
2328 5288 2418 5346 Ill.

1969 5285 2296 5344 Octavianus
2328 5288 2418 5346 Ill.
2930 5289 2969 5344 F
2989 5289 3030 5342 E
3265 5287 3308 5342 E
3509 5277 3543 5334 Ρ

1506 5419 1508 5421 ν
1640 5355 1712 5410 Μ.
1748 5357 1998 5412 Valerius
2035 5357 2290 5414 Messala.

1145 5449 1210 5504 16
1389 5449 1490 5503 721
1630 5447 1699 5504 C.
1736 5449 1920 5504 Caesar
1946 5448 2278 5508 Octavianus
2301 5451 2389 5505 lV.

1967 5448 2278 5508 )ctavianus
2301 5451 2389 5505 lV.
2956 5451 2998 5504 D
3216 5451 3255 5503 D
3271 5449 3310 5503 C
3507 5441 3541 5495 Ιτῖ

1647 5519 1718 5573 Μ.
1757 5519 2003 5574 Licinius
2032 5523 2289 5578 Crassus.

1140 5614 1205 5666 17
1387 5615 1491 5669 725
1638 5616 1775 5684 lmp.
1815 5613 2002 5668 Czesar
2060 5615 2388 5672 Octavianus
2415 5616 2481 5671 ν.

1995 5630 2002 5643 ’
2060 5615 2388 5672 Octavianus
2415 5616 2481 5671 ν.
2967 5618 3007 5670 C
3261 5614 3300 5667 B
3477 5608 3514 5660 1)
3535 5602 3569 5657 C

1643 5683 1773 5739 Scit.
1813 5683 2078 5755 Apulcjus
2100 5685 2301 5757 Nepos.

897 5777 999 5830 163
1091 5793 1100 5802 '
1149 5782 1210 5832 18
1398 5781 1491 5834 726
1633 5780 1771 5849 imp.
1813 5780 1996 5834 Catsar
2034 5783 2362 5840 Octavianus
2406 5783 2469 5837 Vl

1961 5798 1996 5832 ιι·
2034 5783 2362 5840 Octavianus
2406 5783 2488 5837 Vl.
2933 5785 2969 5838 Β
2993 5786 3037 5838 A
3251 5785 3296 5838 Α
3504 5762 3535 5815 Β

1639 5850 1713 5905 Μ.
1747 5849 1984 5921 Agrippa
2018 5851 2079 5906 ll.
