3986 6224
609 297 715 354 899

1758 287 2104 346 APPENDIX
2133 285 2684 344 DISSERTATIONU
2694 286 2761 341 Μ.
3721 297 3790 352 94:1}

683 413 838 468 Nunc
869 411 1021 472 iliud.
1066 409 1119 464 in
1151 423 1260 478 quo
1299 409 1500 480 negotii
1549 409 1717 464 totius
1767 425 1982 464 summa
2020 408 2182 462 verti-
2212 417 2352 470 Aeeo
2405 423 2568 461 sensu
2623 409 2815 461 demus
2869 406 3224 462 iutercalatas
3279 405 3481 470 fuisse,
3532 409 3654 476 quod
3698 418 3790 468 ultra

613 516 727 571 tur,
773 503 1050 558 observari
1081 501 1357 566 convenit,
1397 516 1598 554 annum
1649 502 1961 569 quempiam
2011 497 2190 551 111111⁶

613 599 886 652 liauorum
916 596 1057 652 serie
1081 595 1280 662 duplici
1313 595 1523 647 ratione
1561 593 1868 647 bisextilem
1900 592 2189 646 nominari.

611 689 749 744 Nam
781 689 866 742 vel
911 697 1126 758 propter
1159 685 1598 741 antecedentium
1653 700 1920 738 annorum
1971 700 2193 738 succes-

613 776 827 830 sionem
877 791 941 828 ex
990 775 1226 830 Caesaris
1255 775 1600 828 ordinatione
1647 773 1915 828 bisextilis
1962 783 2078 836 est;
2111 773 2195 826 vel

617 877 864 936 respectu
892 867 956 920 ad
987 867 1221 936 primum
1249 871 1586 935 Augusteum
1611 867 1960 919 enitendatum
1987 865 2193 930 habito,

615 959 778 1028 cujus
825 958 1112 1026 dispositio
1155 958 1208 1010 in
1239 959 1542 1026 superiores
1567 973 1784 1026 quoque
1815 957 2081 1012 redundat
2135 973 2198 1010 ac

615 1051 942 1120 regreditur.
983 1047 1134 1120 (Nos
1181 1051 1326 1103 enim
1377 1049 1646 1102 Juliauam
1702 1049 1930 1102 formam
1988 1048 2198 1102 11111111-

618 1149 780 1210 gusto
809 1142 1135 1195 recensitam
1177 1142 1242 1196 ad
1285 1142 1586 1194 anteriores
1628 1157 1802 1194 annos
1863 1141 2105 1207 adeoque
2131 1139 2198 1192 ad

621 1234 810 1287 mundi
841 1233 1012 1301 ipsius
1059 1242 1238 1286 ortum
1291 1233 1528 1287 metliodi
1575 1233 1745 1300 gratia
1784 1233 2200 1286 accommodare

620 1323 906 1389 solemus.)
951 1324 1192 1391 Exempli
1245 1339 1408 1378 causa
1443 1341 1456 1377 :
1493 1341 1670 1378 annus
1705 1323 1955 1377 Julianus
2005 1323 2095 1384 45,
2145 1323 2197 1376 in

619 1430 781 1484 quem
829 1415 1191 1486 Dionysiatvus
1221 1417 1420 1470 natalis
1466 1416 1675 1481 incidit,
1737 1416 1781 1470 si
1827 1432 1948 1468 vera
1985 1425 2068 1469 est
2101 1413 2199 1468 Ju-

621 1508 765 1561 liana
797 1508 886 1560 illa
923 1507 1189 1561 bisextilis
1236 1506 1550 1574 descriptio,
1579 1521 1741 1576 quam
1774 1507 2008 1560 Annales
2047 1507 2203 1559 exhi-

620 1599 772 1662 bent,
793 1598 1060 1653 bisextum
1097 1599 1302 1651 nullum
1333 1597 1540 1662 habuit,
1577 1597 1669 1651 sed
1701 1599 1881 1666 potius
1911 1597 1999 1650 45.
2038 1597 2102 1650 At
2134 1613 2200 1651 ex

623 1688 854 1757 Augusti
887 1686 1246 1750 correctione,
1267 1686 1381 1740 sive
1413 1700 1575 1754 quam
1599 1683 1796 1738 Paulus
1825 1683 2204 1750 Forosempro-

2295 512 2512 552 menses
2559 499 2786 567 diesque
2837 497 3038 553 solidos
3094 508 3468 560 excurrerent,
3499 512 3609 552 cum
3639 499 3683 552 in
3706 507 3791 556 anni

2295 592 2644 649 Confusionis
2691 592 2898 646 exitum
2935 591 3272 660 peraequatio
3303 590 3404 644 ista
3433 591 3700 656 conveniat,
3720 609 3790 650 non

2299 687 2474 756 putuit
2520 685 2700 740 Caesar
2758 687 3063 754 proximum
3104 684 3380 740 bisextum
3413 685 3463 736 in
3502 684 3533 737 5
3570 683 3790 754 lulianum,

2298 781 2391 834 sed
2429 781 2480 832 iu
2512 779 2545 832 11
2581 779 2854 832 ineuntem
2887 778 3164 840 indicere;
3201 785 3316 828 tum
3347 775 3564 840 scilicet,
3595 791 3694 830 cum
3718 779 3791 834 dies

2297 887 2362 926 ex
2423 870 2822 939 quadrantibus
2872 867 3114 922 collectis
3167 865 3381 920 solidus
3425 866 3791 921 exsisteret:etsi

2300 962 2578 1029 quadrans
2628 959 2716 1012 ille
2771 959 3024 1013 horarius
3079 971 3190 1012 non
3238 971 3364 1010 cum
3399 955 3594 1010 duobus
3636 957 3789 1026 reliquis

2303 1053 2602 1116 mensibus,
2640 1051 2732 1106 sed
2787 1066 2913 1104 eum
2967 1047 3319 1104 Mercedonio
3373 1046 3790 1118 προληπτικῶςὶη-

2302 1147 2466 1200 ﬁssus
2502 1144 2608 1198 dici
2661 1151 2860 1211 potest,
2892 1150 2948 1196 ut
2976 1141 3191 1211 justum
3247 1139 3317 1195 ad
3351 1139 3671 1208 colligendum
3709 1157 3790 1210 qua-

2301 1238 2548 1292 drantem
2625 1234 2851 1289 alterum
2917 1233 3158 1302 spatium
3221 1247 3368 1286 anno
3425 1233 3587 1301 primo
3645 1231 3792 1285 luliano

2303 1327 2522 1379 ineunte
2563 1339 2683 1378 esse
2731 1323 2987 1392 potuerit.
3040 1320 3416 1377 Nihilominus
3463 1321 3526 1375 de
3565 1320 3650 1374 hoc
3681 1319 3792 1376 Soliui

2303 1415 2422 1468 loco
2451 1412 2799 1482 cogitandum
2837 1411 3070 1480 amplius
3099 1425 3325 1466 censeo.

2375 1502 2468 1556 llis
2493 1501 2798 1556 necessario
2823 1501 3157 1565 constitutis,
3183 1514 3388 1553 annum
3418 1513 3646 1565 negamus
3675 1498 3790 1562 illum,

2304 1609 2411 1663 quo
2467 1592 2729 1646 Lentulus
2763 1601 2816 1644 et
2849 1589 3184 1645 Messalinus
3233 1604 3376 1644 coss.
3401 1587 3615 1652 fuerunt,
3645 1588 3790 1642 hiseni-

2305 1685 2410 1740 lem
2435 1684 2622 1738 fuisse.
2647 1682 2833 1736 Fuerit
2865 1682 3098 1736 8111111811
3123 1679 3505 1734 ,111111618511113
3523 1680 3791 1742 ordinatione,

623 1779 829 1832 niensis
856 1776 1054 1831 asserit.
1081 1815 1094 1840 ,
1133 1776 1247 1830 sive
1275 1791 1396 1845 qua:
1428 1775 1480 1827 in
1509 1790 1710 1828 annum
1745 1774 1813 1828 55
1837 1773 2104 1828 bise'xtum
2131 1771 2210 1828 18⁹
2239 1764 2281 1820 Β
2309 1775 2455 1846 quod
2481 1775 2635 1830 valde
2667 1775 2935 1829 incertum
2970 1787 3094 1828 esse
3127 1775 3398 1827 hactenus
3429 1770 3788 1825 monstravimus;

623 1868 871 1938 gitimum
897 1866 1138 1935 conjicit,
1159 1867 1298 1920 idem
1327 1865 1684 1920 ille45annus
1705 1863 1956 1919 Julianus
1983 1862 2202 1918 bisexti-

619 1958 694 2012 iis
717 1957 838 2012 erit.
873 1957 950 2011 Ita
979 1957 1122 2011 enim
1155 1957 1360 2025 primus
1391 1971 1568 2011 annus
1597 1954 1868 2020 Julianus,
1895 1953 2108 2008 tametsi
2133 1967 2200 2006 ex

625 2049 868 2102 auctoris
921 2056 1100 2101 mente
1149 2047 1419 2102 bisextilis
1465 2062 1574 2101 non
1629 2045 1811 2110 fuerit,
1871 2060 1932 2100 ex
1969 2044 2200 2115 Augusti

626 2149 808 2194 tamen
849 2138 1230 2193 emendatione
1281 2137 1450 2194 fuisse
1501 2146 1774 2204 censetur,
1811 2147 1870 2191 ut
1917 2135 2202 2190 Forosem-

627 2233 939 2304 prouieusis
989 2231 1232 2288 adnatat.
1281 2229 1401 2284 Jam
1437 2230 1531 2300 qui
1577 2227 1820 2284 Natalem
1867 2227 2072 2283 Christi
2105 2242 2203 2282 an-

627 2341 757 2380 num
791 2325 1093 2380 liisextilem
1139 2324 1267 2377 velit
1303 2323 1668 2396 fuisse,eoque
1705 2323 1852 2376 velut
1886 2322 2204 2376 charactere

625 2418 890 2488 temporis
941 2426 1158 2482 utatur;
1192 2433 1296 2470 non
1341 2415 1390 2469 ei
1418 2416 1552 2470 satis
1579 2424 1682 2478 est,
1716 2415 2093 2470 demonstrare
2123 2413 2205 2468 bi—

625 2519 843 2566 sextum
877 2525 942 2564 ex
987 2508 1202 2564 Juliana
1249 2509 1590 2564 institutione
1624 2509 1676 2562 in
1713 2509 1862 2563 illum
1901 2509 2076 2577 ipsum
2107 2523 2205 2560 ano

628 2615 762 2654 num
813 2599 1092 2662 incidisse,
1147 2601 1325 2669 quod,
1378 2609 1436 2654 ut
1483 2614 1516 2656 e
1555 2600 1930 2667 superioribus
1979 2598 2203 2667 intelligi

627 2701 811 2759 potest
849 2730 864 2754 ,
921 2691 1150 2760 dubium
1203 2699 1287 2746 est
1351 2701 1406 2744 et
1462 2691 1770 2746 incertum:
1809 2691 1902 2744 sed
1957 2691 2204 2746 habenda

631 2781 866 2834 maxime
923 2781 1368 2850 consequentium
1425 2781 1756 2836 bisextorum
1812 2781 1974 2844 ratio,
2017 2781 2204 2850 cujus-

631 2869 776 2922 modi
847 2869 1112 2923 hodierno
1167 2885 1267 2923 usu
1333 2879 1454 2938 post
1529 2869 1758 2940 Augusti
1815 2869 2203 2926 correctionem

623 2958 1010 3014 observantur.
1045 2959 1198 3026 Quod
1235 2961 1288 3014 in
1327 2959 1620 3014 Annalibus
1652 2961 1834 3016 minus
1861 2961 2204 3015 animadver-

631 3065 754 3103 sum
781 3065 846 3104 eo
879 3051 1094 3106 tandem
1127 3051 1410 3105 ratiocinia
1453 3051 1676 3122 redegit,
1713 3060 1772 3104 ut
1803 3065 2003 3104 annum
2037 3048 2206 3104 Julia-

2310 1879 2661 1940 posteaquam
2695 1866 2914 1936 quidem
2965 1866 3036 1920 ab
3073 1865 3326 1934 Augusto
3371 1873 3623 1918 correctus
3656 1878 3790 1924 annos,

2309 1961 2356 2015 si
2393 1961 2462 2013 ab
2487 1973 2675 2013 eorum
2708 1958 2913 2026 aliquo,
2945 1971 3082 2026 quos
3115 1956 3396 2010 bisextiles
3421 1961 3521 2008 tam
3554 1953 3662 2023 ipse,
3683 1969 3789 2022 quam

2309 2048 2598 2119 posteritas
2640 2047 2821 2101 omnis
2854 2045 3066 2111 habuit,
3107 2053 3260 2100 retro
3301 2059 3560 2108 numeres,
3604 2057 3788 2112 negamus

2309 2147 2649 2204 constanter,
2694 2137 3007 2192 bisextilem
3041 2153 3170 2192 eum
3203 2151 3346 2202 esse,
3393 2151 3496 2206 quo
3524 2135 3738 2190 Christum
3756 2135 3789 2188 in

2311 2231 2486 2287 lucem
2516 2230 2720 2286 editum
2743 2229 2976 2283 Annales
3002 2229 3350 2283 ecclesiastici
3382 2228 3677 2283 conﬁrmant.
3711 2223 3790 2278 Fuit

2311 2323 2401 2378 hic
2429 2320 2682 2378 Julianus
2727 2321 2818 2388 45,
2865 2322 2956 2390 qui
3010 2319 3353 2391 Olympiadis
3399 2319 3494 2374 194
3535 2331 3653 2372 anno
3674 2317 3790 2385 primo

2311 2415 2529 2470 labente
2559 2415 2743 2486 cmpit,
2781 2415 2849 2468 ab
2887 2413 3030 2469 Urbe
3065 2415 3292 2468 condita
3335 2429 3398 2468 ex
3430 2411 3709 2467 Varroniani
3730 2424 3787 2476 pu-

2312 2507 2520 2562 tatione
2552 2507 2678 2562 751.
2735 2505 2794 2560 111
2841 2505 3060 2560 Juliana
3117 2523 3281 2577 porro
3327 2505 3553 2577 periodo,
3579 2519 3664 2574 qua
3703 2501 3787 2555 nihil

2312 2599 2380 2654 ad
2403 2597 2774 2654 extricandam
2804 2598 3217 2667 chronologiam
3242 2599 3549 2669 expeditius,
3571 2611 3654 2649 non
3677 2594 3784 2646 alium

2311 2705 2518 2745 annum
2565 2700 2816 2760 occupat,
2864 2705 3029 2760 quam
3067 2690 3237 2755 ΠΗ,
3299 2689 3444 2760 cyelo
3481 2689 3595 2743 solis
3618 2686 3657 2750 7,
3698 2684 3788 2738 1111111

2313 2785 2402 2850 13,
2457 2785 2643 2840 indict.
2695 2785 2748 2850 1,
2795 2801 2826 2840 a
2879 2783 3167 2849 Januario,
3235 2799 3268 2838 a
3311 2779 3588 2852 Septembri
3623 2791 3717 2830 vero
3751 2774 3784 2826 Ξ.

2314 2877 2468 2943 Quod
2497 2875 2719 2947 quidem
2769 2892 2878 2931 non
2916 2877 3258 2946 conjectura,
3293 2875 3381 2930 scd
3427 2868 3787 2927 demonstratione

2314 2970 2523 3024 nititur.
2563 2969 2806 3025 Mortuus
2833 2979 2916 3024 est
2945 2968 3242 3038 Augustus
3275 2963 3446 3021 Sextis
3471 2963 3648 3020 duobus
3673 2973 3786 3018 coss»

2318 3071 2376 3115 ut
2429 3061 2672 3122 omnium
2719 3076 2990 3116 consensu
3043 3059 3526 3130 exploratis-simum
3571 3063 3654 3116 est,
3691 3065 3783 3104 anno

633 3158 766 3196 num
816 3143 878 3197 51
940 3143 1242 3198 bisextilem
1291 3143 1722 3209 constituerent;
1775 3145 1843 3199 de
1891 3159 2000 3214 quo
2045 3143 2205 3212 paulo

2319 3151 2480 3208 Urbis
2535 3150 2657 3206 765.
2707 3151 2848 3206 Ante
2897 3129 3247 3206 consulatum
3297 3149 3580 3211 Sextorum,
3621 3144 3658 3198 si
3693 3149 3784 3194 retro

631 3245 776 3304 post.
811 3234 1026 3290 Interim
1063 3237 1422 3305 quadrantem
1475 3237 1648 3300 illum,
1676 3251 1838 3306 queui
1873 3251 1996 3291 cum
2025 3235 2212 3291 solidis

634 3324 828 3378 diebus
887 3326 1263 3379 intercalatum
1335 3325 1554 3380 Solinus
1619 3326 1886 3394 prodidit,
1952 3327 2212 3380 attentius

635 3417 1001 3483 exploremus.
1037 3415 1208 3472 Soliui
1239 3418 1401 3472 verba
1429 3428 1578 3476 sunt:
1611 3417 1679 3471 Et
1708 3428 1765 3471 ut
1794 3429 1988 3472 statum
2012 3429 2210 3472 certum

632 3511 932 3577 praeteritus
984 3510 1242 3578 acciperet
1289 3528 1467 3574 error,
1511 3511 1622 3564 dies
1654 3527 1746 3564 11111
1775 3521 1824 3564 et
1867 3513 2213 3581 quadrantem

633 3599 797 3653 simul
823 3601 1180 3661 intercalavit,
1208 3612 1312 3656 etc.
1340 3602 1427 3656 Ille
1453 3617 1582 3672 ergo
1612 3618 1790 3656 annus
1821 3603 1969 3657 solus
1995 3617 2216 3656 ccchtv

632 3692 748 3746 dies
773 3691 992 3758 habuit;
1014 3693 1104 3746 alii
1123 3693 1376 3762 deinceps
1401 3709 1602 3748 acet.“
1629 3703 1682 3748 et
1714 3693 2088 3763 quadrantem.
2113 3693 2216 3758 Qui

637 3781 808 3836 Soliui
843 3783 1016 3845 locus,
1055 3789 1149 3836 aut
1193 3783 1405 3838 inscitia
1451 3785 1814 3854 librariorum,
1865 3793 1956 3838 aut
1985 3789 2216 3854 scripto-

635 3875 711 3929 ris
763 3875 1190 3929 liallueinatione
1227 3877 1366 3929 male
1393 3851 1607 3930 habitus
1637 3885 1739 3930 est.
1779 3877 1966 3930 Aunus
2009 3875 2216 3931 Confu-

633 3966 804 4021 sionis
835 3977 1026 4034 praeter
1051 3967 1351 4021 ordinarios
1371 3983 1552 4031 CCCLV,
1578 3969 1672 4038 qui
1709 3968 1810 4022 fuit
1837 3969 1961 4022 anui
1987 3968 2215 4022 Romani

635 4061 850 4125 modus,
882 4061 997 4115 dies
1022 4061 1214 4114 habuit
1249 4061 1507 4116 insititios
1541 4077 1704 4126 van,
1741 4072 1798 4116 ut
1829 4062 1926 4117 Dio
1963 4071 2212 4116 testatur.

635 4151 731 4207 llis
771 4154 822 4205 si
873 4153 1274 4206 iuterealarium
1327 4153 1731 4208 Merkedouium
1776 4171 2088 4216 accenseas,
2123 4157 2214 4224 qui

634 4247 982 4298 commodum
1001 4247 1064 4298 ’111
1099 4261 1222 4299 eum
1252 4263 1454 4300 annum
1507 4247 1772 4302 inciderat
1794 4288 1809 4310 ,
1843 4264 2057 4302 summa
2097 4249 2214 4302 die-

635 4349 756 4388 rum
791 4337 1097 4390 additorum
1151 4346 1232 4390 est
1263 4353 1348 4400 xc,
1397 4339 1441 4394 si
1491 4338 1870 4393 Merkedoiiius
1915 4356 2052 4392 1111111
2085 4357 2098 4392 :
2133 4341 2216 4394 Vel

2317 3259 2590 3309 numeres,
2621 3243 2772 3312 paria
2807 3254 2934 3298 sunt
2965 3243 3196 3298 omnino
3226 3241 3498 3297 consulum
3528 3252 3629 3302 xvi;
3663 3231 3784 3302 proin-

2315 3337 2489 3404 deque
2535 3335 2602 3389 16
2659 3349 2862 3388 annum
2923 3335 3256 3390 anteriorem
3325 3339 3568 3401 occupant
3601 3324 3782 3381 Lentulus

2316 3437 2370 3482 et
2403 3427 2747 3482 Marcellinus
2773 3443 2917 3482 (ξοδδ.
2948 3425 3184 3496 Insignis
3217 3441 3373 3495 porro
3406 3437 3562 3478 anuus
3587 3419 3655 3472 ille
3680 3429 3782 3468 utor-

2318 3525 2386 3578 tis
2411 3521 2639 3592 Augusti
2677 3522 2781 3575 fuit
2807 3522 2950 3576 lunae
2988 3521 3252 3591 deliquio,
3280 3519 3415 3590 quod
3437 3517 3500 3570 1⁸1
3527 3513 3599 3566 die
3633 3508 3685 3562 ab
3705 3505 3782 3572 (³1⁸⁵

2317 3615 2465 3670 obitu
2511 3613 2808 3684 contigisse
2851 3613 2991 3667 inter
3038 3613 3399 3680 chronologos
3447 3609 3643 3664 constat.
3677 3597 3782 3662 ἰιιιιιιιι

2317 3707 2662 3776 Dionysianat
2711 3722 2834 3760 atra:
2880 3722 3024 3760 anno
3073 3707 3166 3772 14,
3213 3705 3362 3775 cyclo
3423 3699 3538 3755 solis
3575 3693 3646 3756 23,
3693 3689 3780 3739 lunt

2321 3799 2408 3864 15,
2450 3799 2600 3867 Sept.
2653 3797 2740 3860 27,
2777 3797 2908 3852 feria
2938 3797 2991 3861 5,
3025 3798 3202 3852 littera
3249 3789 3499 3860 Dom._G,
3528 3785 3703 3840 Juliana
3725 3791 3780 3845 pt-

2319 3890 2454 3943 riodi
2499 3889 2658 3942 4727.
2710 3888 2914 3956 Quodsi
2963 3905 3137 3944 annos
3191 3889 3314 3943 inde
3379 3874 3663 3962 subtraxeris
3707 3883 3777 3928 111.

2319 3984 2562 4052 reliquus
2621 3984 2728 4036 erit
2775 3983 2934 4049 11711,
2985 3999 3093 4051 quo
3139 3997 3283 4038 coss.
3338 3977 3479 4032 fuere
3517 3965 3716 4026 Lentulus
3746 3965 3778 4010 el

2321 4076 2685 4130 Marcellinus.
2723 4074 2826 4142 Qui
2865 4078 2908 4130 si
2963 4076 3232 4130 hisextilis
3275 4071 3475 4128 fuisset,
3513 4075 3654 4118 annus
3675 4057 3778 4108 alito

2322 4169 2387 4222 16
2441 4168 2661 4237 perinde
2709 4168 2980 4222 bisextum
3039 4168 3334 4222 habuisset.
3401 4163 3486 4215 Est
3531 4163 3672 4210 autem
3701 4153 3777 4196 afri?

2319 4273 2521 4316 nostrae
2569 4261 2655 4322 14,
2709 4276 2772 4313 ac
2806 4269 2928 4328 post
2963 4261 3265 4314 bisextilem
3297 4253 3575 4346 secpudus;
3605 4241 3726 4312 igitur
3745 4240 3778 4346 et

2319 4367 2496 4405 anuus
2541 4351 2650 4414 ille,
2685 4368 2794 4419 quo
2825 4350 3111 4406 Marcellus
3141 4364 3189 4405 et
3227 4333 3472 4404 Lentulus
3508 4351 3628 4393 coss.
3658 4333 3774 4419 erili“!

635 4442 861 4490 LXXXIX,
893 4429 936 4481 si
989 4443 1098 4481 111111
1131 4428 1394 4482 duntaxat
1422 4431 1674 4484 obtinuit.
1707 4431 1888 4496 Quare
1921 4443 1977 4486 et
2007 4433 2210 4486 (11111111-
2247 4463 2291 4520 D
2321 4443 2582 4497 “sextilis
2617 4417 2722 4496 "mi
2756 4441 2876 4496 l'ui|_
2921 4442 3062 4495 [dum
3107 4459 3170 4496 ex
3215 4437 3561 4512 Olympiadem
3586 4436 3630 4480 et
3665 4417 3776 4520 Julia:

637 4519 809 4572 siouis
865 4535 1041 4573 anuus
1083 4520 1197 4574 dies
1233 4522 1467 4592 postulat
1508 4539 1783 4586 ccccxuv,
1836 4525 1915 4576 vel
1951 4541 2206 4590 ccccxnv,

637 4621 696 4662 ut
728 4609 1064 4664 Censorinus
1117 4613 1305 4665 scribit
1357 4630 1478 4682 pag.
1530 4614 1617 4666 415.
1650 4617 1826 4683 Atque
1871 4615 1942 4667 illi
1991 4616 2210 4684 quidem

635 4699 752 4751 dies
809 4698 876 4750 ita
923 4699 1222 4767 dispensati
1259 4711 1403 4765 sunt,
1445 4713 1500 4755 ut
1539 4721 1663 4758 cum
1703 4707 2062 4768 intercalaris,
2096 4707 2210 4761 sive

633 4789 1011 4842 Mercedonius
1043 4806 1203 4842 suum
1263 4793 1313 4844 in
1367 4793 1662 4849 Februario
1715 4797 1896 4850 locum
1949 4813 2013 4851 ex
2061 4814 2212 4854 more

631 4881 862 4936 Sortitus
889 4891 1051 4946 esset,
1084 4881 1196 4935 duo
1225 4883 1314 4936 alii
1346 4901 1557 4938 menses
1589 4888 1730 4940 inter
1756 4886 2116 4944 Novembrem
2146 4905 2210 4943 ac

632 4972 986 5028 Decembrem
1019 4975 1204 5027 inserti
1247 4974 1373 5037 siut,
1407 4977 1615 5030 dierum
1653 4981 1812 5033 ambo
1837 4981 1998 5034 simul
2037 4999 2206 5047 nui,

633 5067 707 5120 ita
760 5076 812 5120 ut
856 5070 1185 5136 permquatio
1235 5067 1350 5136 ipsa
1406 5069 1458 5121 in
1507 5071 1634 5123 anui
1671 5071 1830 5126 linem
1879 5074 2204 5129 incubuerit.

633 5157 771 5214 llinc
800 5159 886 5211 ilia
911 5159 1192 5213 verissima
1220 5160 1481 5229 suspicio,
1503 5159 1752 5218 Soliuum
1787 5181 2061 5229 ccccxuv,
2099 5183 2206 5220 nou

627 5265 848 5304 ceexuv
883 5251 1191 5318 scripsisse.
1219 5251 1354 5306 Nam
1403 5255 1546 5322 quod
1580 5255 1694 5311 dies
1735 5274 1900 5311 unum
1933 5267 1988 5313 et
2013 5261 2206 5329 viginti

627 5357 756 5395 eum
788 5341 1091 5410 quadrante
1137 5347 1432 5400 accessisse
1479 5347 1630 5411 dicit,
1687 5350 1752 5402 ad
1801 5349 2204 5406 Mereedonium

631 5433 902 5500 respicere
933 5435 1125 5500 potuit,
1170 5435 1262 5503 qui
1294 5451 1431 5502 xxii,
1455 5447 1549 5491 aut
1591 5453 1728 5492 1111111
1761 5439 1952 5493 diebus
1986 5451 2206 5496 consta—

631 5522 740 5574 bat.
797 5523 1114 5590 Quanquam
1165 5525 1234 5580 de
1283 5527 1602 5583 intercalato
1654 5531 1953 5598 quadrante
2015 5548 2206 5602 parum

629 5615 914 5668 commode
961 5618 1248 5684 scripsisse
1283 5621 1514 5676 videtur.
1548 5621 1664 5676 Non
1701 5626 1844 5678 enim
1877 5629 2203 5695 appendices

634 5709 778 5756 horae
815 5704 867 5756 iu
912 5707 1055 5760 civili
1107 5723 1250 5763 anno
1295 5713 1602 5769 intercalari
1651 5718 1927 5772 dicuntur.
1967 5719 2113 5784 Quas
2149 5730 2206 5774 ut

2317 4551 2509 4588 norum
2541 4549 2808 4588 annorum
2839 4535 2978 4588 serie
3001 4535 3304 4589 deducitur.
3354 4530 3476 4584 Nam
3503 4536 3606 4579 cum
3631 4505 3773 4569 [enituit

2312 4637 2366 4680 et
2398 4627 2690 4679 uiaret-[lini
2735 4627 3050 4681 consulatus
3088 4625 3334 4679 Julianus
3363 4621 3426 4676 sit
3449 4617 3538 4678 45;
3569 4610 3772 4663 Sextorum

2313 4733 2443 4771 vero
2481 4718 2715 4772 duorum
2749 4719 2820 4772 sit
2853 4717 3105 4774 Julianus
3133 4718 3220 4783 59,
3259 4717 3490 4780 idemque
3521 4715 3619 4758 :crae
3643 4701 3772 4789 nostri”

2315 4809 2636 4864 Mmecesse
2683 4822 2787 4873 est,
2823 4819 2882 4863 ut
2907 4825 3082 4864 annus
3103 4810 3348 4865 Julianus
3373 4803 3470 4866 285
3499 4797 3670 4853 sitzera:
3693 4781 3773 4832 Dm-

2313 4899 2552 4969 nysiaua:
2598 4901 2742 4965 9.58,
2798 4916 2906 4969 quo
2961 4903 3122 4955 etiam
3185 4893 3494 4970 Olympiadis
3543 4880 3771 4970 2511³³1ξῖ

2312 4993 2488 5059 primo
2519 4993 2798 5044 desinente
2831 4997 3125 5056 secundus,
3163 4997 3260 5046 hoc
3293 4997 3370 5044 est
3413 4977 3546 5053 lphiti
3587 4966 3704 5059 11111.
3739 4963 3772 5008 δι

2313 5083 2560 5150 quidem,
2593 5091 2650 5135 ut
2680 5093 2734 5134 cl
2770 5084 3004 5137 Annales
3036 5083 3394 5142 consentiunt,
3420 5071 3603 5127 Juliano
3633 5057 3771 5151 λδιίςίῗξ

2313 5141 2390 5240 pit
2421 5141 2600 5224 annus
2634 5173 2668 5222 9.
2715 5171 2926 5242 Olymp.
2965 5175 3086 5236 191,
3127 5177 3236 5228 sive
3263 5168 3408 5242 lphiti
3439 5160 3545 5212 771.
3572 5141 3770 5242 Atqui-PE

2313 5229 2427 5332 ipse
2458 5261 2707 5318 Julianus
2731 5229 2908 5318 annu's
2951 5229 3084 5328 235,.
3133 5229 3456 5335 lphiu’jou,
3499 5229 3770 5335 memorabilis

2311 5330 2395 5410 est
2435 5355 2522 5410 ille
2557 5356 2841 5411 Censor-iui
2893 5373 3091 5423 annus,
3121 5330 3276 5427 quem
3323 5348 3468 5418 Ulpio
3493 5351 3539 5395 ει
3579 5330 3768 5427 1,0“?in

2313 5461 2455 5501 coss.
2493 5458 2663 5511 notat,
2713 5447 2877 5504 Urbis
2909 5413 3253 5504 conditae-991
3294 5463 3306 5499 :
3341 5440 3420 5512 qui
3449 5447 3552 5489 cum
3577 5413 3768 5520 "li

2310 5541 2555 5608 nysianae
2599 5541 2666 5594 sit
2713 5541 2839 5606 258,
2873 5543 3138 5598 bisextilis
3171 5556 3272 5595 non
3317 5543 3411 5598 est,
3451 5525 3530 5582 sed
3563 5534 3588 5571 a
3621 5508 3767 5608 11118110

2313 5632 2606 5684 secundus.
2654 5631 2820 5702 Igitur
2847 5644 2898 5688 et
2937 5633 3334 5688 ducentesimus
3375 5626 3596 5687 octogeé”

2311 5723 2419 5776 tius
2447 5733 2574 5776 aute
2609 5725 2785 5790 illum,
2835 5727 2937 5780 hoc
2967 5737 3048 5781 est
3091 5727 3293 5792 primus
3319 5715 3536 5773 Julianus
3577 5707 3604 5755 υ

3599 5615 3677 5658 nus
3700 5603 3766 5645 ter-

3608 5677 3764 5750 iseitilis
