3986 6224
244 315 368 392 θοι

1415 335 1506 392 DE
1540 337 1730 396 ANNO
1766 341 2021 397 NATALI
2059 342 2342 400 CHRISTI

3411 363 3518 419 902

243 447 375 515 fuit,
401 455 453 502 et
482 446 612 511 241,
664 448 779 504 sive
822 447 1075 505 Julianus
1103 451 1195 514 45,
1243 451 1402 521 lphiti
1443 454 1568 520 774,
1599 456 1831 510 Lentulo
1861 469 1904 521 Α
1933 473 2038 529 que
2084 461 2502 520 methodus.vel
2537 465 3185 540 pueris.cognita,hujus
3222 472 3301 528 rei
3352 474 3512 532 ﬁdem

240 551 305 595 et
339 541 648 596 Marcelliano
675 556 962 604 coss.,uou
993 542 1283 609 bisextilis,
1320 546 1416 601 sed
1445 546 1515 601 ab
1543 561 1612 601 eo
1637 563 1836 611 secun-

238 630 355 686 dus
381 641 485 687 est.
516 631 649 697 Qua:
682 632 865 685 omnia
908 633 960 688 id
1007 634 1153 703 quod
1184 636 1346 690 modo
1380 638 1720 707 propositum
1751 648 1835 694 est

238 725 551 780 certissime
585 723 997 782 demonstrant:
1044 741 1249 782 annum
1280 727 1558 784 Julianum
1595 730 1832 800 primum

237 831 344 886 per
374 831 683 886 regressum
718 816 772 870 in
818 818 1113 883 anteriora,
1142 835 1356 890 usuque
1392 832 1582 875 nostro
1608 822 1832 877 bisexti-

238 908 353 961 lem
381 921 525 971 esse,
560 915 620 961 ut
655 918 709 963 et
751 905 957 965 Paulus
1009 908 1580 982 Forosemproniensis
1622 914 1831 971 docuit.

241 996 346 1054 Est
363 1008 544 1054 autem
579 1001 633 1054 in
659 1001 1051 1057 constituendis
1074 1003 1412 1061 bisextilibus
1435 1005 1695 1062 habenda:
1723 1023 1832 1063 non

238 1091 504 1147 editionis
551 1091 804 1156 Julianae,
847 1094 940 1150 sed
970 1094 1276 1164 Augustam
1304 1112 1370 1152 ac
1409 1107 1609 1153 nostra
1654 1098 1828 1153 ratio:

240 1181 298 1235 id
329 1174 809 1252 quodAnnalibus
864 1187 1198 1255 imposuisse
1238 1188 1473 1243 videtur.
1520 1187 1579 1243 lu
1633 1191 1833 1260 quibus

238 1285 372 1325 cum
422 1286 491 1326 ex
538 1270 669 1326 Julii
716 1272 950 1329 Caesaris
983 1275 1326 1331 inStitutione
1361 1276 1663 1333 bisextilem
1705 1294 1828 1334 eum

237 1376 370 1415 esse
409 1371 772 1419 monstrasset
818 1380 1048 1429 annum,
1080 1381 1190 1435 quo
1220 1366 1484 1424 Lentulus
1518 1379 1572 1424 et
1606 1369 1833 1425 Marcel-

237 1453 393 1509 linus
437 1469 582 1510 coss.
630 1453 872 1520 fuerunt,
915 1457 1222 1513 confectam
1274 1460 1379 1515 sibi
1418 1476 1532 1516 rem
1574 1462 1827 1532 putavit:

235 1548 403 1615 quasi
451 1548 723 1616 eamdem,
773 1564 938 1619 quam
971 1565 1001 1605 a
1047 1548 1192 1606 Julio
1228 1551 1444 1608 Czesare
1490 1553 1828 1624 propositam

235 1637 496 1705 afﬁrmat,
537 1640 869 1695 bisextilium
919 1642 1115 1697 seriem
1166 1643 1447 1715 Augustus
1491 1645 1826 1701 retinuisset.

238 1728 323 1785 Ex
361 1746 471 1801 quo
506 1742 562 1786 et
589 1733 720 1786 illud
772 1733 1013 1788 manavit
1064 1742 1121 1788 ut
1165 1737 1232 1806 τῇ
1262 1736 1517 1790 ὑποθέσει
1563 1736 1829 1790 δουλεύων

1935 550 2007 603 ab
2057 549 2248 607 invitis
2296 560 2602 625 extorquet.
2652 553 2786 609 Nam
2819 558 2864 613 si
2895 558 3000 613 hoc
3040 576 3207 626 anno,
3252 579 3362 634 quo
3403 565 3521 623 nam

1934 641 2247 708 scribimus,
2298 644 2392 713 qui
2441 654 2526 700 est
2577 662 2700 701 terte
2757 648 3102 722 Dionysianaz
3151 653 3283 708 1621
3331 656 3516 728 cycius

1933 733 2097 802 vulgo
2131 745 2475 803 numeratur,
2550 738 2683 792 solis
2709 738 2763 805 6,
2811 740 2951 796 lunae
2979 744 3033 807 7,
3094 744 3281 801 indict.
3311 747 3367 813 4,
3423 765 3516 803 ne-

1933 838 2088 879 cesse
2131 834 2216 879 est
2267 834 2327 880 ut
2368 842 2547 883 annus
2596 843 2717 884 serae
2752 831 2959 899 primus
3012 835 3198 904 cyclos
3244 837 3513 904 habuerit,

1932 915 2066 970 solis
2099 914 2189 982 10,
2225 916 2370 973 luna:
2394 919 2450 983 2,
2484 919 2671 974 indict.
2706 921 2772 988 4;
2805 920 3009 979 Natalis
3035 941 3164 979 vero
3191 925 3393 983 Christt
3423 946 3517 984 so-

1931 1005 1999 1061 lis
2025 1005 2079 1072 9,
2111 1006 2255 1062 lunaa
2285 1008 2353 1074 1,
2407 1010 2594 1065 indict.
2631 1027 2661 1066 a
2698 1010 2819 1067 Kal.
2854 1011 2976 1070 Jan.
3021 1015 3075 1069 3.
3152 1015 3267 1072 Non
3339 1029 3520 1090 potest

1931 1103 2112 1151 autem
2147 1099 2340 1169 triplex
2374 1100 2464 1155 bic
2492 1113 2802 1173 postremus
2831 1105 3117 1161 character
3142 1108 3318 1174 alteri,
3349 1127 3513 1181 quam

1931 1188 2000 1243 45
2044 1186 2263 1245 Juliano
2312 1192 2503 1255 tribui,
2567 1193 2782 1268 Olymp.
2827 1197 2930 1252 194
3002 1213 3147 1253 anno
3181 1200 3217 1254 4
3261 1200 3510 1259 labente:

1933 1279 2086 1336 urbis
2117 1280 2304 1337 Roma:
2337 1300 2379 1339 a-
2402 1284 2667 1343 Palilibus
2695 1286 3053 1345 Varronianis
3083 1290 3187 1346 755
3215 1310 3228 1346 :
3264 1292 3314 1346 id
3346 1296 3512 1363 quod,

1930 1370 1976 1423 si
2009 1380 2153 1426 recte
2197 1376 2478 1443 superiora
2515 1380 2691 1447 posita
2723 1389 2873 1444 sunt,
2907 1383 3214 1438 necessario
3246 1386 3513 1455 sequitur.

1929 1458 2296 1520 Praetermitto
2344 1466 2536 1522 sideris
2583 1468 2872 1541 utriusque
2900 1470 3241 1530 defectiones
3275 1460 3341 1530 ac
3389 1477 3508 1532 reli-

1929 1567 2069 1623 quos
2101 1570 2371 1610 annorum
2404 1559 2747 1618 characteres
2778 1578 2843 1618 ac
2895 1574 3053 1620 notas
3083 1583 3096 1620 :
3129 1568 3331 1636 quibus
3358 1570 3503 1623 velut

1928 1643 2260 1703 ﬁrmissimis
2311 1650 2583 1718 praesidiis
2617 1661 2921 1723 temporum
2968 1656 3085 1712 haec
3114 1658 3360 1714 doctrina
3393 1675 3520 1714 mu-

1929 1737 2118 1794 nitur:
2147 1740 2214 1795 de
2258 1742 2461 1810 quibus
2507 1742 2753 1813 plerique
2832 1747 2935 1803 hac
2984 1757 3306 1819 tempestate
3355 1753 3517 1809 docte

233 1837 449 1877 annum
480 1821 760 1885 Julianum
807 1824 869 1879 5t
922 1824 1227 1896 legitimum
1277 1842 1345 1881 ex
1375 1827 1608 1899 Augusti
1644 1843 1829 1883 corre-
1859 1817 1901 1871 Β
1929 1838 2195 1901 acuteque
2223 1832 2586 1902 scripserunt.

233 1918 424 1973 ctione
471 1919 745 1974 bisextum
776 1919 1038 1976 habuisse
1068 1922 1293 1978 diceret.
1333 1922 1469 1978 Nam
1503 1925 1620 1980 sive
1663 1925 1733 1980 ab
1761 1939 1829 1979 eo

231 2006 307 2061 ad
341 2008 413 2061 43
457 2022 734 2074 recurras,
785 2009 901 2065 sive
946 2025 976 2064 a
1023 2012 1202 2081 primo
1231 2011 1450 2068 Juliano
1481 2013 1548 2070 ad
1576 2014 1827 2069 eumdem

232 2094 308 2149 18
350 2096 672 2164 descendas,
727 2096 781 2150 in
835 2097 1142 2154 bisextilem
1194 2102 1423 2159 incides.
1477 2101 1580 2158 Sed
1627 2102 1825 2159 falsum

229 2197 346 2249 est,
389 2203 593 2242 annum
639 2188 918 2245 Julianum
950 2207 1013 2246 ex
1050 2195 1278 2264 Augusti
1329 2193 1716 2251 reformatione
1746 2196 1828 2250 bi-

230 2280 492 2334 sextilcm
545 2280 758 2337 fuisse:
793 2284 1094 2351 praesertim
1148 2285 1196 2341 si
1245 2285 1499 2341 vitiosum
1551 2287 1825 2342 bisextum

234 2372 625 2429 duodecimum
672 2390 817 2430 anno
875 2373 1094 2431 Juliano
1148 2376 1239 2445 '56,
1272 2377 1418 2449 quod
1472 2378 1704 2434 Annales
1742 2379 1826 2434 fa-

235 2466 419 2529 ciunt,
452 2466 829 2532 tribuerimus,
855 2468 993 2523 adeo
1021 2477 1083 2524 ut
1125 2469 1407 2543 Augustus
1447 2486 1591 2525 anno
1617 2471 1685 2527 58
1714 2460 1826 2529 sta-

232 2558 407 2612 tuerit
439 2558 723 2614 duodecim
750 2560 873 2615 illos
894 2560 1014 2617 sine
1038 2561 1252 2617 bisexto
1282 2563 1662 2632 transigendos
1682 2578 1823 2619 esse.

232 2647 313 2704 Ut
340 2651 486 2707 enim
517 2650 984 2709 ab-anquuliano
1008 2653 1078 2710 57
1091 2655 1302 2724 primus
1329 2669 1392 2708 ex
1423 2655 1689 2711 duodenis
1717 2656 1824 2712 illis

230 2744 561 2816 ἀνεμϐόλοις
604 2746 854 2815 (πωροι-ιι,
900 2745 1262 2801 duodecimus
1300 2745 1404 2801 erit
1430 2745 1679 2801 Julianus
1706 2746 1819 2802 48:

233 2852 352 2907 quo
401 2846 615 2903 exacto,
668 2841 1072 2908 peremptisque
1117 2837 1348 2893 bisextis
1394 2839 1682 2911 superﬂuis
1731 2842 1824 2895 tri-

231 2928 367 2995 bus,
409 2944 588 2984 annus
636 2928 690 2983 in
741 2929 886 2983 viam
936 2929 1197 2984 reductus
1226 2938 1326 2984 est.
1371 2927 1527 2985 Hauc
1569 2946 1720 2997 vero,
1764 2940 1823 2985 ut

230 3019 431 3074 ordine
463 3035 528 3074 ac
574 3020 784 3074 ratione
831 3020 1092 3089 deinceps
1140 3019 1434 3086 insisteret,
1467 3028 1660 3090 quarto
1702 3029 1824 3090 post

229 3111 312 3167 48
336 3127 481 3166 anno
509 3111 777 3167 bisextilis
805 3127 984 3166 annus
1030 3110 1382 3166 collocandus
1424 3111 1559 3179 fuit;
1604 3110 1819 3168 Juliano
1846 3146 1888 3205 ο

230 3202 451 3257 scilicet
479 3201 567 3264 52,
587 3210 645 3256 ut
669 3217 734 3256 ex
760 3200 928 3255 Paulo
960 3200 1318 3272 Middelburg.
1353 3204 1605 3272 superius
1636 3211 1819 3255 osten-

229 3295 442 3351 dimus.
481 3293 550 3348 At
590 3310 723 3349 vero
763 3294 809 3349 si
841 3294 903 3348 51
950 3308 1155 3348 annum
1202 3295 1507 3349 bisextilem
1540 3295 1820 3362 Augustus

229 3402 363 3442 esse
393 3386 586 3448 voluit,
617 3385 671 3439 in
717 3384 861 3439 idem
895 3385 1090 3440 vitium
1126 3386 1379 3452 incurrit,
1413 3386 1557 3456 quod
1593 3384 1820 3439 Jnlianee

228 3478 495 3535 editionis
529 3477 684 3531 initio
718 3475 1073 3531 commissum
1105 3475 1326 3543 fuerat;
1362 3492 1554 3546 nempe
1582 3488 1639 3530 ut
1661 3482 1819 3531 tertio

229 3574 363 3640 post
410 3568 712 3623 bisextilem
772 3582 917 3622 anno
968 3567 1239 3622 bisextilis
1292 3567 1448 3621 aliter
1505 3578 1816 3637 poneretur.

231 3660 483 3730 Denique
512 3675 674 3714 nemo
706 3660 969 3714 hactenus
999 3658 1254 3714 inventus
1286 3670 1388 3723 est,
1417 3660 1510 3739 qui
1540 3657 1816 3714 Julianum

230 3752 302 3807 51
346 3762 471 3825 post
499 3751 729 3827 Augusti
776 3751 1215 3806 emendationem
1248 3752 1549 3806 bisextilem
1594 3751 1814 3808 faceret.

312 3846 384 3899 At
410 3845 556 3899 enim
580 3844 999 3899 trecentesimus
1042 3843 1414 3914 sexagesimus
1442 3853 1670 3913 quartus
1698 3853 1819 3913 post

228 3936 390 3992 illum
423 3936 693 3991 hisextilis
737 3945 841 3999 est,
878 3944 973 3989 aut
1007 3934 1313 3989 docendum
1366 3935 1419 3988 in
1471 3936 1818 3992 rewnseudis

229 4041 385 4083 coss.
418 4028 609 4081 vitium
642 4027 950 4096 irrepsisse.
997 4026 1122 4081 llaac
1156 4028 1299 4081 enim
1338 4029 1624 4081 Annalium
1653 4029 1815 4084 verba

230 4129 387 4175 sunt.
432 4119 538 4174 Sed
576 4129 629 4174 et
657 4121 787 4174 illud
832 4135 939 4173 non
980 4120 1162 4174 minus
1205 4119 1423 4187 falsum,
1454 4136 1656 4174 annum
1698 4136 1819 4176 atrae

230 4211 570 4267 Christianas
634 4212 766 4273 564,
825 4221 946 4282 post
997 4212 1283 4268 Lentulum
1338 4225 1393 4268 et
1446 4212 1816 4268 Marcellinum

230 4317 387 4357 coss.
437 4316 560 4357 esse
601 4303 1042 4356 trecentesimum
1093 4304 1492 4373 sexagesimum
1537 4311 1834 4373 quartum,

233 4406 366 4445 cum
400 4406 530 4466 vere
571 4390 643 4445 sit
669 4392 737 4446 ab
770 4390 986 4444 illorum
1034 4393 1319 4446 consulatu
1357 4393 1461 4449 566
1490 4410 1505 4458 ;
1536 4394 1815 4448 sciendum

2003 1919 2083 1976 Ac
2126 1921 2193 1977 de
2227 1923 2396 1993 cyclis
2444 1935 2501 1980 et
2550 1925 2602 1980 id
2651 1939 2823 1998 genus
2857 1928 2980 1985 aliis
3028 1932 3363 1987 mentionem
3410 1934 3512 1990 hoc

1931 2010 2054 2067 loco
2082 2029 2151 2069 ne
2182 2014 2364 2072 littera
2393 2017 2613 2087 quidem
2647 2018 2969 2090 attigissem,
3016 2021 3121 2078 nisi
3162 2037 3194 2076 a
3236 2005 3516 2082 nonnullis

1932 2112 2104 2157 totum
2138 2104 2242 2160 hoc
2285 2107 2559 2174 negetium
2613 2108 2911 2179 improbari
2944 2127 3247 2177 cernerem,
3281 2127 3348 2169 ac
3396 2124 3514 2169 tan-

1928 2210 2094 2264 quam
2133 2194 2294 2250 inane
2354 2205 2518 2266 atque
2557 2200 2795 2253 otiosum
2827 2199 3014 2254 rideri.
3049 2198 3169 2256 Vidi
3200 2219 3302 2274 ego
3339 2214 3513 2275 nuper

1928 2289 2019 2365 qui
2056 2290 2186 2345 huic
2233 2289 2490 2345 methodo
2523 2292 2735 2360 pondus
2784 2307 2850 2347 ac
2898 2291 3059 2348 ﬁdem
3097 2296 3165 2350 iis
3208 2297 3511 2353 rationibus

1894 2381 1899 2384 ’
1927 2380 2260 2438 detraheret.
2305 2380 2550 2437 Primum
2582 2383 2857 2455 cyclorum
2886 2383 3149 2441 incertam
3178 2388 3360 2443 aiebat
3388 2405 3512 2444 esse

1925 2473 2363 2543 dispositionem,
2412 2488 2587 2544 neque
2625 2489 2957 2546 quemquam
2984 2492 3153 2531 unum
3181 2494 3304 2533 cum
3337 2482 3511 2535 altero

1925 2565 2261 2621 convenire:
2296 2567 2444 2636 quod
2492 2567 2586 2621 alii
2630 2568 2737 2623 alio
2792 2568 2926 2624 solis
2957 2584 3023 2624 ac
3065 2570 3208 2626 lunae
3235 2573 3388 2643 cyclo
3423 2572 3509 2628 fa-

1926 2657 2191 2712 bricatum
2223 2658 2392 2713 velint
2431 2659 2772 2714 universum.
2808 2658 2914 2715 Sed
2942 2661 3067 2716 huic
3093 2660 3250 2719 facile
3282 2678 3314 2718 a
3342 2666 3504 2720 nobis

1928 2748 2261 2809 occurritur.
2293 2746 2464 2803 Nemo
2496 2757 2581 2804 est
2607 2749 2753 2804 enim
2796 2751 2888 2819 qui
2920 2751 3140 2820 quidem
3170 2753 3281 2808 duo
3309 2769 3373 2809 ac
3405 2756 3511 2813 tria

1924 2853 2212 2893 numerare
2257 2841 2465 2908 possit,
2515 2840 2610 2911 qui
2684 2841 2739 2895 in
2795 2840 3130 2913 Dionysiaua
3182 2845 3507 2917 vulgarique

1924 2927 2100 2984 forma
2129 2929 2312 3001 cyclos
2341 2931 2498 2985 aliter
2537 2941 2815 3001 computet
2840 2949 3003 3002 quant
3051 2934 3233 3007 quivis
3264 2951 3295 2992 e
3320 2937 3501 3007 vulgo.

1922 3020 2109 3078 Potest
2135 3021 2357 3092 quidem
2404 3022 2459 3075 in
2511 3036 2805 3087 annorum,
2859 3025 2951 3094 qui
3001 3025 3071 3079 ab
3118 3026 3253 3082 orbe
3283 3030 3507 3089 condito

1922 3113 2150 3177 ﬂuxere,
2187 3129 2418 3168 numero
2446 3114 2584 3169 alter
2617 3114 2686 3168 ab
2712 3115 2885 3170 altero
2913 3115 3225 3173 dissentire.
3275 3116 3379 3174 Sed
3410 3121 3504 3191 qui

1921 3208 1991 3260 de
2018 3206 2177 3260 annis
2206 3205 2349 3259 inter
2374 3220 2432 3260 se
2472 3206 2847 3270 convenerint,
2888 3206 2945 3261 in
2974 3207 3166 3279 cyclis,
3196 3208 3300 3265 nisi
3336 3225 3505 3280 pecu—

1921 3294 2018 3350 des
2077 3295 2223 3358 sint,
2290 3294 2621 3354 conveniant
2687 3310 2912 3350 necesse
2966 3305 3073 3351 est.
3143 3294 3318 3354 Habet
3374 3315 3505 3354 vero

1922 3402 2178 3457 magnum
2219 3402 2281 3441 ea
2315 3401 2404 3440 res
2433 3385 2500 3440 ad
2532 3400 2705 3439 annos
2732 3385 3062 3441 evolvendos
3093 3402 3254 3443 usum
3294 3398 3349 3442 et
3403 3404 3508 3458 ορ-

1920 3477 2304 3546 portunitatem
2337 3496 2351 3533 :
2388 3488 2447 3532 ut
2492 3493 2522 3532 a
2555 3478 2728 3547 teipse
2767 3493 2875 3532 non
2922 3478 3214 3544 dissideas,
3247 3488 3302 3535 ut
3332 3497 3512 3535 anno-

1920 3585 2045 3625 rum
2078 3570 2401 3637 varietates,
2444 3585 2573 3640 quae
2601 3578 2731 3626 sunt
2759 3584 2857 3640 pro
2882 3570 3163 3627 nationum
3192 3572 3507 3631 diversitate

1920 3661 2270 3729 multiplices,
2319 3671 2521 3718 certam
2579 3661 2648 3716 ad
2699 3663 2938 3730 regulam
2979 3677 3337 3739 normamque
3378 3665 3511 3721 diri~

1921 3767 2037 3822 gas,
2092 3762 2149 3807 ut
2187 3753 2257 3808 ab
2304 3752 2685 3809 astronomicis
2716 3755 3191 3811 observationibus
3218 3757 3274 3810 in
3320 3772 3512 3826 perae-

1921 3841 2139 3910 quenda
2199 3851 2503 3912 temporqu
2568 3843 2936 3913 descriptione
3004 3860 3112 3899 non
3181 3846 3504 3902 abhorreas.

1924 3930 2131 3985 Etenim
2185 3933 2230 3987 si
2291 3934 2419 3986 anni
2470 3932 2671 3987 Juliaui
2715 3933 2912 3997 forma,
2961 3948 3084 4003 qure
3128 3941 3248 4004 post
3292 3935 3501 4005 aliquot

1922 4035 2192 4074 annorum
2244 4022 2415 4075 millia
2456 4032 2671 4091 recepta
2722 4024 2844 4087 fuit,
2876 4034 3097 4094 propter
3141 4028 3500 4084 commodita-

1921 4122 2031 4166 tem
2087 4113 2155 4166 ab
2211 4114 2465 4169 onmibus
2513 4114 2669 4169 hodie
2725 4116 3071 4187 chronologis
3123 4118 3189 4173 ad
3225 4120 3500 4175 anteriora

1920 4204 2084 4257 etiam
2125 4214 2369 4271 tempora
2409 4214 2718 4267 revocatur,
2777 4206 2843 4258 al
2905 4221 3137 4274 eamque
3188 4206 3501 4265 referuntur

1917 4294 2042 4362 jure
2073 4305 2299 4355 caete-rec,
2328 4310 2426 4349 cur
2461 4310 2569 4348 non
2612 4296 2664 4348 in
2706 4296 2873 4366 cyclis
2909 4312 3173 4365 usurpare
3196 4299 3335 4354 idem
3368 4301 3499 4357 licc-

1908 4385 2045 4440 ‘bit?
2084 4384 2358 4452 Qmeritur
2388 4402 2496 4456 quo
2537 4403 2682 4442 anno
2717 4387 2894 4458 Cyrus
2927 4389 2979 4442 in
3015 4387 3238 4444 Perside
3272 4406 3500 4461 regnare

232 4482 385 4538 enim
418 4491 500 4536 est
526 4481 636 4537 duo
656 4483 708 4535 in
736 4483 1029 4535 Annalibus
1054 4485 1205 4553 paria
1229 4485 1520 4539 consulum
1544 4496 1815 4556 exempta,
1850 4500 1892 4553 ι)
1923 4477 2167 4546 ςωριπὶι.
2196 4476 2397 4532 Αυάίϐδ
2414 4495 2441 4532 3
2462 4479 2809 4549 chronologis
2831 4494 2976 4534 ³ηηο
2994 4480 3169 4549 ργὶιηο
3196 4479 3408 4554 Olymp.
3429 4485 3500 4539 55

231 4576 442 4646 quibus
492 4590 557 4629 ex
610 4575 802 4630 ordine
843 4575 1093 4636 sublatis,
1156 4574 1467 4631 Christiana
1520 4592 1648 4643 aera,
1695 4593 1817 4647 qua:

234 4665 462 4721 biennio
507 4665 770 4719 hactenus
820 4665 1117 4733 anticipata
1173 4663 1368 4728 fuerat,
1426 4682 1550 4719 cum
1608 4666 1816 4735 vulgari

234 4760 459 4813 demum
501 4757 555 4810 in
585 4758 932 4813 concordiam
970 4755 1128 4809 rediit
1160 4776 1172 4809 :
1207 4756 1349 4823 quod
1396 4756 1536 4809 idem
1580 4757 1632 4809 in
1667 4756 1817 4813 Onu-

234 4850 433 4906 frianis
475 4848 673 4911 Fastis,
721 4849 834 4918 pari
888 4863 1031 4902 coss.
1078 4862 1188 4902 uno
1224 4862 1540 4916 suppresso,
1571 4849 1813 4920 contigit,

232 4947 304 5001 de
335 4960 443 5014 qua
471 4959 527 4998 re
560 4941 917 5013 opportunius
952 4939 1078 4995 alibi
1125 4939 1357 4994 dicetur.

307 5034 429 5090 Jam
481 5051 632 5098 vero,
681 5035 825 5104 quod
878 5047 985 5088 aera
1037 5032 1130 5086 illa
1189 5033 1516 5095 communis,
1566 5047 1735 5101 quam
1784 5048 1812 5086 a

234 5127 442 5183 Christi
471 5126 643 5181 Natali
677 5126 994 5195 repetimus,
1022 5125 1272 5180 eumdem
1304 5123 1548 5179 Natalem
1574 5125 1627 5177 in
1655 5127 1813 5179 tinem

231 5218 439 5273 Juliani
475 5218 547 5272 45
573 5218 945 5288 conjiciat,.rx
976 5217 1267 5288 disputatis
1313 5216 1574 5271 hactenus
1605 5216 1679 5271 ita
1707 5216 1817 5269 col-

234 5309 757 5379 ligitur:Augustus
804 5309 1099 5377 imperator
1127 5307 1364 5363 excessit
1406 5321 1549 5360 anno
1598 5304 1815 5360 Juliano

234 5400 333 5453 59.
370 5397 465 5454 Est
509 5410 689 5455 autem
743 5414 789 5455 IS
820 5414 943 5458 terte
994 5399 1336 5470 Dionysianae
1364 5397 1451 5461 14,
1488 5405 1547 5452 ιιι
1572 5406 1696 5452 ante
1724 5399 1816 5451 de-

234 5501 599 5547 monstratum
636 5502 737 5550 est.
783 5491 951 5561 Igitur
984 5506 1105 5545 mra:
1136 5490 1299 5558 hujus
1335 5489 1545 5543 initium
1572 5504 1635 5542 ex
1669 5504 1718 5542 a.
1758 5490 1810 5543 d.

237 5581 358 5638 Kal.
390 5582 513 5639 Jan.
547 5583 741 5654 incipit
790 5583 916 5637 anni
961 5581 1159 5635 Juliani
1202 5581 1291 5645 46,
1321 5582 1562 5648 adeoque
1608 5579 1814 5636 Natalis

234 5671 439 5728 Christi
493 5672 851 5730 Dionvsiauus
894 5689 1014 5727 cum
1056 5687 1199 5726 anno
1244 5670 1461 5739 Juliano
1490 5671 1559 5724 45
1583 5681 1813 5727 exeunte

233 5760 529 5831 congruit;
554 5767 862 5833 Quinetiam
892 5766 1162 5837 cyclorum
1216 5765 1529 5834 pervulgata
1566 5773 1809 5833 recepta-

1924 4568 2208 4638 imperium
2243 4571 2470 4640 cepisse.
2514 4569 2618 4626 Sed
2654 4588 2778 4627 cum
2808 4572 3151 4644 Olympiades
3200 4577 3268 4631 ab
3310 4576 3500 4632 aestivo

1919 4660 2153 4715 solstitio
2193 4660 2396 4727 ineant,
2430 4674 2614 4716 utrum
2660 4665 2726 4718 de
2766 4664 3039 4734 prioribus
3073 4682 3124 4721 Vl
3172 4670 3301 4722 anni
3354 4669 3500 4726 illius

1918 4750 2221 4817 mensibus,
2258 4766 2326 4805 an
2366 4753 2433 4806 de
2473 4754 2868 4821 posterioribus
2921 4756 3234 4827 loquantur,
3284 4760 3386 4816 hoc
3416 4770 3497 4816 est

1916 4844 1984 4898 de
2015 4859 2158 4900 anno
2186 4846 2393 4913 periodi
2432 4844 2663 4901 Juliana:
2687 4847 2848 4913 4154,
2879 4865 2949 4904 an
2992 4852 3153 4917 4155,
3187 4853 3359 4908 nihilo
3386 4868 3497 4907 ma-

1918 4937 2000 5006 gis
2055 4953 2335 5010 aguosces.
2411 4938 2615 5005 Quodsi
2652 4942 3026 5012 chronologus
3071 4942 3181 5007 ille,
3247 4944 3499 5014 quisquis

1916 5038 2019 5094 est,
2040 5031 2223 5100 cyclos
2254 5031 2546 5094 addiderit,
2578 5033 2761 5087 statim
2787 5043 2911 5089 utro
2939 5050 3085 5091 anno
3115 5034 3321 5092 factum
3350 5035 3499 5091 dixe-

1917 5120 1987 5173 rit
2016 5121 2325 5176 neccssario
2362 5122 2701 5178 docebimur.

1986 5211 2060 5270 At
2080 5213 2225 5266 enim
2258 5213 2312 5266 in
2346 5228 2491 5270 anno
2521 5213 2704 5283 aliquo
2737 5215 2974 5283 primum
3005 5214 3139 5284 cycli
3166 5213 3327 5271 deﬁxi
3371 5228 3495 5272 esse

1915 5304 2134 5370 debent,
2184 5320 2296 5374 quo
2317 5321 2386 5361 ex
2415 5322 2562 5361 anno
2597 5306 2931 5376 reliquorum
2956 5307 3091 5377 cycli
3119 5307 3408 5376 pendeant.
3438 5304 3493 5365 ιε

1915 5407 2096 5452 autem
2153 5412 2333 5466 neque
2375 5412 2443 5451 ex
2482 5398 2787 5468 Scriptura,
2835 5412 3012 5467 neque
3045 5398 3265 5455 aliunde
3312 5406 3490 5469 potest

1914 5487 2115 5557 colligi.
2147 5485 2299 5542 Itane
2337 5488 2506 5542 vero?
2536 5487 2612 5543 De
2641 5487 2808 5558 cyclis
2832 5487 2975 5544 inter
3011 5487 3354 5547 Christianos
3385 5489 3488 5543 ho-

1913 5580 2002 5635 die
2034 5595 2143 5634 non
2172 5581 2448 5646 convenit,
2475 5580 2569 5650 qui
2599 5579 2819 5650 quidem
2853 5596 3200 5637 communem
3239 5581 3487 5637 matricis

1913 5672 2205 5738 Ecclesiae,
2239 5673 2345 5728 hoc
2375 5682 2460 5729 est
2511 5673 2790 5740 Romanae,
2840 5680 3011 5731 usum‘
3047 5674 3319 5730 retinent?
3363 5672 3495 5729 Non

1912 5780 2102 5821 omnes
2130 5778 2333 5818 annum
2364 5764 2570 5820 Christi
2602 5764 2848 5821 Natalem
2903 5765 2963 5820 in
2999 5767 3211 5840 cyclum
3254 5767 3389 5823 solis
3426 5768 3488 5825 9,
