3986 6224
457 321 563 378 903

1583 311 1926 372 APPENDIX
1973 308 2601 367 DlSSERTATlONUM.

3610 307 3716 364 90‘

460 445 602 502 imae
635 442 658 496 1
693 437 1048 497 couferunt‘t-
1073 436 1206 502 Quis
1235 443 1352 500 est,
1404 437 1497 506 qui
1548 437 1593 492 si
1643 437 1781 491 alios
1814 435 1886 488 .in
1933 434 2036 488 ista
2065 439 2110 490 A
2137 446 2302 494 anno,
2331 431 2599 500 quibusve
2621 437 2939 488 coss.natus
2957 424 3314 489 sithristus,
3337 425 3714 494 exposuimus.

455 532 708 587 metnodo
739 529 922 600 cyclos
955 528 1228 591 statuerit,
1277 543 1385 581 non
1423 527 1506 582 vel
1550 527 1618 580 ab
1664 526 1913 597 lugistiea
1945 541 2029 578 re-

459 619 710 675 fellatur?
739 617 1014 673 Habemus
1048 617 1210 685 igitur
1242 616 1293 669 in
1332 632 1439 671 aera
1484 614 1821 686 Dionysiana
1857 624 2030 670 Slatos

454 720 510 765 et
541 707 681 764 ﬁxos
726 723 994 763 annorum
1035 711 1256 779 cyclos.
1301 723 1334 761 a
1383 707 1582 776 quibus
1618 714 1726 760 tam
1760 705 1827 760 ad
1872 719 2034 773 supe-

456 805 624 868 riora,
657 817 820 871 quam
852 801 917 856 ad
947 800 1206 856 inferiora
1243 813 1486 868 tempora
1516 799 1767 868 progredi
1815 797 1868 850 in
1907 797 2033 850 inti-

459 897 630 949 nitum
679 896 838 959 licet;
888 909 1064 963 neque
1101 910 1325 950 necesse
1367 903 1450 948 est
1492 894 1544 947 id
1577 909 1646 948 ex
1685 893 1850 948 ullius
1881 893 2036 946 testi-

460 986 644 1040 monio
689 985 1010 1054 scriptoris,
1058 988 1142 1039 vel
1184 985 1371 1054 eclipsi
1421 1000 1486 1039 ex
1531 985 1713 1054 aliqua
1749 993 2032 1048 constare,

459 1091 582 1128 cum
613 1089 889 1130 consensu
930 1076 1171 1129 omnium
1202 1076 1442 1130 stabilita
1475 1075 1546 1128 sit
1583 1075 1686 1128 ista
1722 1073 2032 1136 methodus,

459 1175 510 1219 et
535 1165 587 1218 in
618 1181 775 1219 usum
803 1165 1053 1219 deducta.
1082 1165 1364 1219 Postremo
1395 1165 1524 1218 illud
1550 1165 1863 1234 Opponitur,
1888 1162 2037 1233 quod

462 1257 528 1309 ad
581 1257 852 1326 eyelorum
877 1270 939 1310 ac
968 1257 1266 1310 caelestium
1291 1259 1533 1310 omnium
1561 1256 1899 1325 φαινομένων
1929 1255 2040 1308 ειε-

463 1347 689 1399 vandam
708 1347 859 1399 ﬁdem
882 1351 1130 1414 pertinet.
1155 1347 1285 1400 Nam
1307 1364 1429 1402 cum
1449 1348 1672 1416 eclipsin
1692 1345 2040 1416 aliquamTa-

462 1437 602 1488 citus
630 1445 757 1502 puta
810 1438 891 1489 vel
916 1437 1014 1491 Dio
1039 1445 1187 1492 certo
1205 1453 1350 1491 anno
1375 1439 1666 1507 contigisse
1683 1447 1925 1500 narrant,
1944 1437 2040 1490 ho-

463 1541 582 1579 rum
625 1528 949 1594 scriptorum
1000 1529 1368 1582 testimonium
1410 1528 1567 1580 ﬁdem
1611 1543 1716 1581 non
1768 1525 1895 1580 facit
1935 1527 2040 1578 hu-

463 1631 620 1668 mana
652 1617 930 1684 majorem.
948 1618 1126 1682 Quare
1144 1617 1288 1686 quod
1315 1617 1548 1669 indidem
1573 1617 1805 1678 eiicitur,
1835 1627 2040 1669 tantam

464 1706 624 1760 habet
641 1707 1250 1776 certitmlinem,quauta
1277 1707 1521 1761 historici
1547 1708 1691 1760 illius
1708 1723 1826 1762 e~se
1844 1717 2038 1776 potest,

2136 521 2249 576 Hoc
2268 523 2432 592 igitur
2445 522 2760 590 quicunque
2781 533 2930 576 certa
2956 519 3168 573 ratione
3194 518 3522 585 investigare
3538 516 3716 571 conati

2137 621 2301 675 sunt,
2357 613 2482 667 licet
2523 627 2633 666 non
2689 612 2878 666 eadem
2929 610 3068 663 inter
3118 622 3178 663 se
3230 607 3548 669 senserint,
3608 619 3716 659 uno

2139 713 2322 758 tamen
2372 702 2672 772 eodemque
2699 700 2859 754 Lucae
2902 697 3213 754 testimonio
3257 695 3414 760 freti,
3471 695 3716 749 diversas

2140 793 2194 846 in
2225 802 2407 862 partes
2439 793 2712 846 abierunt.
2743 789 3050 860 Seripserat
3078 789 3438 858 evangelista,
3473 785 3715 854 baptiza-

2141 894 2255 941 tum
2306 900 2428 939 esse
2472 883 2762 940 Dominum
2817 897 2964 935 anno
3002 883 3070 935 15
3125 878 3363 939 Tiberii,
3423 895 3542 932 cum
3589 887 3715 936 esset

2140 975 2292 1044 quasi
2340 990 2600 1028 amwrum
2657 976 2896 1044 triginta.
2953 971 3064 1024 Kal.
3104 970 3266 1031 αὐτὸς
3313 964 3383 1038 ἦν
3429 970 3457 1020 ό
3513 966 3718 1036 Ἰησοῦς

2139 1065 2270 1118 ὡσεὶ
2289 1065 2423 1117 ἑτῶν
2438 1065 2730 1135 τριάκοντα
2748 1065 3067 1135 ἀρχόμενος,
3087 1060 3184 1126 ὣν,
3201 1061 3275 1124 ὼς
3293 1058 3594 1129 ἐνομίζετο,
3613 1067 3712 1110 etc.

2143 1156 2278 1222 Quae
2307 1156 2469 1210 verba
2498 1171 2665 1209 unum
2704 1157 2848 1209 istud
2889 1154 3218 1224 signiﬁcant,
3258 1166 3366 1205 non
3415 1150 3648 1203 multum
3685 1163 3715 1201 a

2143 1247 2424 1301 tricesimo
2471 1262 2614 1300 anno
2648 1246 2824 1300 astatis
2875 1244 3145 1308 abfuisse;
3194 1243 3287 1297 sed
3340 1251 3524 1295 utrum
3563 1241 3717 1294 trice-

2144 1337 2282 1390 simo
2344 1337 2594 1392 absoluto
2637 1347 2691 1392 et
2733 1337 2904 1391 altero
2949 1352 3013 1390 ae
3042 1336 3316 1389 tricesimo
3355 1333 3612 1394 ineunte,
3652 1347 3714 1383 an

2145 1436 2267 1494 post
2290 1428 2379 1490 29,
2409 1429 2628 1482 ineunte
2655 1428 2725 1483 50
2756 1429 2809 1481 id
2857 1428 3137 1493 acciderit,
3184 1427 3386 1481 diserte
3409 1439 3520 1478 non
3553 1422 3718 1491 expli-

2145 1526 2290 1571 cant.
2326 1518 2438 1572 lmo
2466 1536 2593 1574 vero
2633 1522 2759 1574 licet
2787 1520 2985 1588 aliquis
3020 1519 3298 1573 Christum
3326 1532 3474 1570 anno
3503 1515 3595 1574 28.
3637 1513 3720 1567 vel

2147 1611 2236 1675 55,
2291 1612 2622 1680 baptizatum
2651 1628 2772 1668 esse
2811 1614 2991 1678 dicat,
3037 1628 3144 1667 non
3174 1621 3354 1666 tamen
3399 1610 3720 1680 evangelicae

2147 1702 2451 1754 auctoritati
2480 1718 2599 1757 meo
2614 1703 2821 1772 judicio
2844 1712 3124 1773 repugnet,
3147 1703 3214 1756 de
3237 1717 3345 1770 quo
3375 1699 3719 1770 postmodum

461 1798 556 1866 qui
591 1798 639 1850 id
672 1798 924 1852 allirmat.
949 1799 1265 1852 auctoritas.
1294 1797 1364 1850 Ex
1393 1799 1591 1868 quibus
1611 1814 1715 1852 non
1742 1797 2027 1852 mediocri.
2057 1786 2098 1842 Β
2128 1790 2411 1846 videbitur.
2450 1791 2554 1848 Sed
2581 1795 2674 1864 qui
2701 1793 2861 1849 Luca:
2881 1795 3071 1849 verba‘
3101 1793 3505 1862 augustioribus
3533 1789 3722 1858 spatiis

463 1899 545 1940 ter
581 1891 832 1942 aberrare
881 1887 1159 1941 contendit
1210 1902 1306 1941 eos
1353 1883 1565 1951 omnes,
1616 1889 1708 1957 qui
1739 1903 1804 1940 ex
1841 1888 2032 1941 istius-

466 1977 609 2028 modi
646 1977 806 2030 rebus
835 1976 1329 2030 demonstrationes
1361 1977 1708 2046 pollicentur,
1741 1986 1794 2031 et
1822 1977 1888 2030 de.
1917 1979 2036 2030 die-

467 2065 568 2117 bus
595 2074 756 2133 atque
789 2067 939 2120 boris
967 2083 1096 2120 sane
1127 2068 1352 2121 ﬁdenter
1375 2069 1750 2137 pronuntiant,
1778 2077 2036 2137 tanquam

465 2172 640 2226 nuper
668 2173 733 2212 ex
763 2159 984 2213 deorum
1039 2161 1294 2223 concilio,
1351 2169 1444 2223 aut
1479 2160 1863 2216 intermundiis
1909 2160 2039 2229 Epi-

465 2249 580 2299 curi
612 2248 1007 2303 descenderint.
1043 2251 1117 2304 lla
1150 2250 1296 2304 enim
1325 2249 1501 2319 jocari
1536 2251 1731 2318 voluit,
1759 2251 1904 2320 quod
1939 2266 2036 2304 ne-

449 2325 618 2391 Icesse
657 2355 762 2392 non
795 2338 915 2392 fuit.
954 2340 1154 2394 Verum
1182 2341 1313 2410 quid
1344 2341 1476 2396 illud
1507 2349 1609 2407 est,
1648 2357 1857 2411 quaeso,
1893 2341 2039 2410 quod

472 2428 596 2484 istic
627 2430 827 2484 audio?
856 2429 977 2485 Non
1013 2431 1215 2487 habent
1243 2435 1750 2490 mathematicorum
1783 2435 2042 2489 observa-

467 2521 643 2574 tiones
697 2521 958 2590 majorem
1029 2523 1267 2577 humana
1339 2523 1534 2579 ﬁdem?
1600 2524 1870 2578 Acciderit
1927 2524 2042 2578 haec

466 2609 684 2676 ecl-ipsis
717 2611 818 2664 hoc
850 2612 932 2664 vel
963 2611 1052 2665 illo
1083 2612 1424 2681 imperatoris
1453 2630 1618 2676 anno,
1655 2613 1897 2669 historia!
1937 2612 2041 2669 ﬁde

471 2699 680 2760 nititur,
715 2715 836 2767 qua:
868 2701 1082 2755 tametsi
1131 2701 1370 2756 humana
1421 2705 1512 2769 sit,
1561 2704 1629 2757 ab
1657 2718 1717 2756 ca
1747 2713 1924 2757 tamen
1958 2720 2042 2774 re-

469 2789 664 2842 cedere
711 2791 801 2844 vix
851 2791 1122 2846 interdum
1176 2808 1296 2847 esse
1339 2794 1586 2848 videatur
1633 2794 1892 2852 hominis.
1936 2795 2041 2851 Sed

472 2896 593 2932 cum
621 2881 685 2933 ad
718 2880 966 2936 Julianos
995 2884 1296 2948 praesertim
1333 2899 1528 2946 annos,
1553 2901 1695 2955 quos
1723 2901 1914 2940 omnes
1937 2887 2040 2940 sibi

470 2971 792 3041 chronologi
839 2973 1144 3042 praeﬁgunt,
1205 2973 1436 3028 deducta
1491 2989 1580 3027 res
1641 2972 1826 3038 fuerit,
1877 2983 2043 3044 quoto

471 3077 616 3116 anno
644 3063 863 3134 eclipsis
899 3064 988 3117 illa
1017 3065 1328 3133 contigerit,
1355 3079 1460 3118 non
1496 3065 1734 3120 humana
1764 3066 1878 3134 jam
1911 3065 2034 3130 ﬁde,

473 3155 576 3208 hoc
603 3163 685 3208 est
715 3156 829 3210 sola
875 3155 1164 3224 scriptoris
1200 3155 1558 3222 auctoritate,
1602 3157 1693 3211 sed
1731 3157 2038 3211 certissima

470 3245 935 3301 demonstratione
968 3255 1202 3310 constat,
1239 3249 1306 3301 de
1336 3263 1444 3315 qua
1475 3248 1575 3301 nisi
1619 3249 1771 3317 prius
1814 3248 2040 3317 imperi-

475 3335 547 3387 tia
581 3336 926 3397 numerandi,
963 3336 1045 3389 vel
1077 3336 1385 3388 tabularum
1418 3335 1549 3389 vitio
1593 3337 1780 3404 lapsus
1814 3329 1916 3398 sit,
1942 3337 2044 3388 du-

475 3426 645 3478 bitare
674 3441 834 3479 nemo
871 3427 1093 3494 poterit.
1129 3423 1268 3479 Ecce
1299 3426 1394 3479 tibi
1425 3428 1477 3478 in
1513 3427 1636 3488 hoc,
1666 3425 1811 3494 quod
1848 3433 2043 3478 tracta-

473 3530 616 3578 mus,
647 3525 988 3584 argumento,
1023 3527 1226 3584 quanta
1277 3518 1348 3572 sit
1393 3517 1623 3571 istorum
1663 3515 2040 3569 cbaracterum

473 3604 679 3658 utilitas
721 3615 871 3673 potes
901 3605 1352 3662 animadvertere.
1395 3606 1549 3674 Quod
1586 3607 1748 3676 paqu
1779 3615 1901 3675 post
1927 3606 2042 3659 Au-

473 3697 615 3765 gusti
648 3706 875 3751 mortem
927 3698 1053 3752 luna
1097 3697 1377 3761 defecerit.
1411 3699 1511 3754 etsi
1540 3714 1608 3754 ex
1657 3698 2041 3754 historicorum

474 3788 853 3842 testiﬁcatione
881 3788 1178 3852 credimus,
1209 3800 1293 3843 est
1319 3805 1379 3842 ea
1413 3800 1591 3843 tamen
1633 3799 1892 3844 constans
1920 3789 2041 3858 opi-

475 3878 586 3942 nio,
623 3879 689 3932 de
727 3878 886 3948 cujus
915 3879 1146 3932 veritate
1181 3896 1245 3932 nc
1293 3879 1563 3933 levissime
1589 3879 1806 3946 quidem
1837 3879 2045 3932 dubita-

473 3979 579 4023 tur.
631 3967 748 4023 Jam
797 3979 998 4039 quotus
1047 3970 1135 4023 hic
1199 3986 1376 4024 anuus
1433 3971 1502 4023 sit
1548 3986 1668 4024 aera;
1719 3969 2044 4026 Christianae

472 4061 754 4130 qumitur.
803 4059 907 4127 Qui
958 4061 1236 4131 eyelorum
1284 4072 1334 4116 et
1391 4061 1664 4131 eclipseon
1721 4063 2038 4117 methodum

469 4153 750 4215 damnant,
770 4167 914 4205 anno
958 4150 1290 4222 Dionysiano
1338 4150 1405 4204 16
1447 4153 1679 4206 tribuere
1713 4153 1905 4207 solent.
1941 4153 2039 4206 At-

468 4243 560 4311 qui
597 4243 641 4295 is
673 4250 755 4296 est
783 4258 895 4306 xw,
939 4258 1038 4296 nec
1069 4243 1181 4297 ulla
1211 4258 1451 4313 unquam
1482 4245 1819 4298 astronomia
1869 4247 2037 4299 alium

471 4335 596 4388 huic
619 4334 827 4402 eclipsi,
857 4349 979 4402 quae
1009 4335 1195 4404 paucis
1246 4344 1368 4404 post
1394 4333 1623 4404 Augusti
1667 4345 1893 4389 mortem
1926 4336 2039 4390 die-

2137 1882 2702 1953 circumscripserunt,
2760 1886 2853 1939 alii
2911 1901 3017 1938 xxx
3061 1892 3192 1937 tunc
3250 1898 3424 1936 annos
3480 1880 3722 1950 expletos

2137 1969 2325 2036 fuisse,
2345 1971 2432 2024 alii
2462 1988 2588 2026 xxix
2617 1973 2881 2026 duntaxat
2908 1973 3113 2042 opinati
3139 1981 3288 2026 sunt.
3332 1970 3565 2040 Utrique
3593 1985 3719 2024 vero

2136 2059 2467 2129 baptizatum
2490 2060 2677 2115 volunt
2701 2061 2979 2115 Christum
3016 2059 3260 2115 Geminis
3294 2060 3510 2115 duobus
3543 2075 3710 2121 coss.,

2137 2166 2284 2206 anno
2315 2151 2536 2206 Juliano
2561 2153 2651 2217 74,
2683 2155 2830 2223 quod
2867 2155 2919 2208 in
2964 2169 3090 2208 eum
3128 2155 3336 2210 incidat
3379 2152 3585 2208 Tiberii
3623 2169 3714 2205 an-

2151 2257 2257 2295 nus
2290 2241 2357 2295 15
2387 2244 2668 2312 superiore
2711 2259 2855 2299 anno
2889 2261 2952 2299 ex
2998 2260 3048 2298 a.
3097 2245 3152 2300 d.
3192 2262 3280 2299 xlv
3328 2244 3442 2298 Kal.
3476 2244 3603 2314 Sep.
3647 2244 3727 2296 in-

2149 2333 2397 2386 cboatus.
2437 2332 2588 2388 Unde
2617 2349 2740 2388 eum
2774 2335 2826 2388 in
2873 2337 3126 2405 baptismi
3174 2352 3318 2390 anno
3367 2335 3716 2395 conveniant,

2146 2419 2202 2474 in
2232 2420 2410 2476 Natali
2459 2423 2576 2493 ipso
2605 2440 2716 2478 uno
2749 2441 2896 2480 anno
2925 2428 3209 2483 dissident.
3245 2428 3484 2482 Priorem
3520 2428 3586 2482 de
3625 2443 3715 2482 ex-

2150 2513 2298 2581 pleto
2331 2514 2609 2571 tricesimo
2645 2532 2789 2571 anno
2829 2530 3030 2572 sectam
3059 2528 3115 2572 et
3145 2521 3457 2590 opinionem
3490 2520 3718 2574 Annales

2140 2605 2488 2662 ecclesiastici
2535 2618 2866 2678 sequuntur,
2913 2611 3269 2680 eamdemque
3313 2621 3495 2665 tuetur
3555 2626 3709 2665 acer-

2141 2699 2280 2755 rime
2311 2697 2554 2760 Scaliger
2581 2714 2633 2752 vt
2667 2698 2742 2752 De
2783 2703 2985 2754 emend.
3039 2712 3194 2770 temp.
3238 2700 3343 2756 Sed
3392 2717 3614 2771 magno,
3656 2713 3712 2755 ut

2140 2790 2296 2851 Solet,
2325 2801 2522 2844 conatu
2557 2788 2829 2846 levissime
2858 2793 3073 2861 probat.
3103 2791 3207 2862 _Sic
3259 2794 3405 2846 enim
3447 2793 3672 2848 disserit
3701 2835 3713 2848 .

2139 2879 2392 2935 Christus
2421 2880 2688 2936 Dominus
2719 2899 2823 2935 xxx
2851 2899 3026 2938 annos
3056 2885 3362 2939 absolverat
3396 2903 3408 2938 :
3451 2901 3575 2938 nam
3618 2901 3714 2938 xxx

2145 2983 2414 3022 annorum
2452 2971 2499 3026 is
2528 2987 2650 3027 esse
2683 2973 2904 3034 dicitur,
2956 2973 3049 3039 qui
3101 2973 3438 3027 tricesimum
3509 2988 3711 3027 annum

2143 3059 2407 3122 absolvit,
2446 3069 2502 3114 ut
2550 3061 2839 3116 anniculus
2873 3073 2954 3117 cst
2987 3063 3030 3114 is
3110 3061 3200 3125 qui
3268 3061 3374 3116 565
3430 3062 3574 3116 diem
3642 3073 3722 3117 at-

2146 3146 2284 3216 tigit.
2320 3147 2448 3217 Leg.
2479 3150 2676 3204 Anuie.
2719 3151 2794 3205 De
2828 3152 2966 3205 verb.
2999 3169 3134 3222 sign.
3169 3151 3324 3218 Quod
3356 3162 3540 3207 autem
3575 3155 3713 3206 scri-

2145 3240 2252 3307 psit
2285 3239 2482 3307 Lucas,
2519 3243 2652 3296 ὼσεὶ
2681 3245 2977 3316 τριάκοντα
3003 3285 3015 3306 ,
3055 3246 3318 3314 particula
3346 3246 3447 3300 ista
3480 3247 3612 3313 caph
3641 3255 3719 3300 est

2145 3344 2248 3382 non
2277 3331 2631 3403 ἁπορητικόν,
2662 3336 2754 3390 sed
2787 3336 3075 3407 ἀληθινόνς
3112 3346 3170 3389 ut
3209 3337 3340 3389 illud
3372 3334 3534 3390 Joan.
3563 3354 3600 3401 I,
3630 3337 3713 3400 15,

2141 3422 2294 3488 quasi
2341 3421 2611 3492 Unigeniti
2656 3443 2687 3478 a
2727 3427 2910 3482 Patre.
2944 3426 3045 3481 Sed
3092 3436 3236 3490 esto,
3271 3427 3467 3494 inquit,
3509 3429 3712 3499 ἀπορη-

2143 3511 2332 3564 τικόνε
2384 3517 2540 3581 pauci
2587 3517 2749 3584 igitur
2801 3519 2910 3571 dies
2951 3519 3254 3587 complenda
3297 3521 3364 3574 50
3434 3537 3572 3574 anno
3630 3521 3715 3576 de-

2142 3611 2326 3664 erant;
2379 3615 2509 3670 puta
2552 3621 2656 3670 xx,
2688 3607 2765 3660 vel
2796 3611 2984 3662 mensis
3024 3625 3043 3663 :
3084 3626 3383 3679 quanquam
3417 3629 3478 3665 ne
3526 3614 3712 3667 mensis

2143 3690 2354 3758 quidem
2383 3692 2660 3760 defuturus
2701 3696 2942 3749 rideatur
2961 3736 2974 3760 ,
3005 3699 3051 3750 si
3073 3699 3213 3752 ὡσεὶ
3239 3701 3594 3769 smmum;
3623 3717 3712 3754 ac-

2145 3780 2424 3846 cipiamus.
2472 3779 2576 3835 Sed
2617 3784 2809 3836 mensis
2857 3786 3211 3849 desideretur,
3248 3798 3340 3840 aut
3382 3790 3488 3842 duo
3522 3807 3715 3845 menses

2145 3887 2286 3922 anno
2343 3872 2606 3926 tricesimo
2664 3875 3008 3936 absolvenda;
3063 3889 3110 3929 et
3156 3877 3267 3930 dies
3316 3878 3566 3948 baptismi
3607 3892 3712 3934 esto

2144 3962 2176 4014 6
2219 3960 2347 4016 Jan.
2407 3961 2547 4032 Ergo
2594 3965 2772 4019 eodem
2817 3983 2954 4020 anno
3000 3968 3160 4037 paulo
3205 3979 3320 4033 post
3375 3971 3709 4041 baptismum,

2140 4060 2272 4120 puta
2314 4050 2624 4118 Februario,
2656 4057 2862 4124 coeperit
2906 4074 3075 4110 annus
3115 4059 3205 4114 51.
3237 4060 3354 4114 Jam
3380 4078 3509 4115 vero
3556 4063 3712 4116 Luca:

2141 4146 2304 4199 verba
2349 4147 2569 4216 perinde
2617 4151 2810 4218 accipit
2865 4167 2926 4205 ac
2969 4151 3014 4205 si
3038 4163 3180 4208 esset
3227 4157 3538 4225 scriptum:
3599 4159 3705 4209 Καὶ

2143 4236 2306 4299 αὐτὸς
2352 4238 2558 4307 Ἰησοῦς
2596 4240 2794 4310 ἤρχετο
2835 4242 2910 4295 ὣν
2942 4244 3078 4297 ἐτῶν
3111 4245 3427 4316 τριάκοντα,
3463 4247 3573 4310 υἱὸς
3593 4287 3607 4310 ,
3638 4249 3708 4311 ὡς

2141 4328 2442 4399 ἐνομίζετο.
2479 4329 2582 4384 Sed
2615 4332 2730 4386 base
2771 4331 3135 4403 Scaligcriana
3175 4337 3276 4392 loci
3319 4339 3465 4392 illius
3496 4342 3707 4409 exposi~

472 4427 592 4486 bus,
647 4426 950 4493 Septembri
1004 4441 1190 4480 mense
1236 4425 1497 4495 contigit,
1547 4443 1748 4479 annum
1797 4426 2033 4481 deﬁuiet.
2071 4423 2319 4490 DliO,ul
2373 4423 2496 4475 hinc
2540 4425 2880 4490 pOliSsimum
2929 4428 3465 4495 exordianahsurda
3521 4442 3605 4486 est
3659 4442 3708 4486 et

471 4515 604 4578 Quis
655 4530 761 4568 non
816 4515 977 4584 igitur
1011 4530 1076 4569 ex
1109 4530 1173 4568 eo
1208 4517 1398 4568 conliei
1461 4515 1768 4570 necessario
1804 4516 2035 4583 putabit,

471 4605 774 4669 Augustum
823 4619 944 4656 ante
973 4601 1294 4655 Christianae
1321 4602 1563 4654 anno.“
1596 4612 1864 4655 mortuum
1896 4617 2038 4663 esse,

472 4707 582 4745 non
630 4692 729 4744 16?
761 4691 920 4746 Vides
963 4694 1227 4760 majorem
1275 4695 1511 4745 humana
1547 4693 1725 4754 ﬁdem,
1764 4708 1888 4746 cum
1940 4693 2040 4746 hu-

475 4799 634 4837 mana
683 4793 860 4836 tamen
904 4783 1267 4850 implicatam,
1313 4793 1366 4836 et
1413 4797 1755 4836 connexam:
1795 4798 1914 4850 qua:
1959 4793 2040 4837 ta-

478 4875 632 4929 metsi
683 4875 950 4938 humanae,
996 4875 1099 4929 hoc
1142 4884 1222 4927 est
1260 4875 1506 4935 alterius,
1538 4888 1640 4941 qua
1679 4875 1790 4928 sola
1827 4875 1914 4929 isti
1956 4879 2039 4929 ni-

477 4975 686 5026 tuntur,
718 4971 862 5016 esset
907 4962 1124 5023 similis,
1177 4978 1282 5015 non
1317 4962 1435 5014 ideo
1470 4970 1646 5014 tamen
1697 4966 2037 5031 aspernanda

477 5055 636 5119 foret,
668 5054 811 5124 quod
861 5054 1130 5115 humana;
1165 5053 1257 5106 sed
1289 5053 1370 5105 vel
1399 5067 1465 5106 eo
1501 5055 1722 5108 nomine
1760 5071 2038 5109 commen-

472 5149 670 5209 damla,
703 5147 846 5215 quod
873 5145 938 5199 ad
980 5146 1273 5198 humanam
1327 5146 1560 5197 humana
1595 5144 1726 5200 ﬁdes
1755 5146 2033 5215 adjuncta,

474 5248 532 5292 ut
571 5254 678 5291 non
707 5237 943 5290 humana
974 5235 1262 5305 majorem,
1305 5235 1381 5287 ita
1421 5235 1673 5304 simplici,
1705 5252 1898 5305 caque,
1929 5253 2036 5307 qua

472 5328 718 5382 contenti
755 5327 832 5380 illi
864 5337 1026 5390 sunt,
1062 5325 1349 5381 certiorem
1393 5325 1766 5382 credulitatem
1800 5341 2031 5396 pareret.

472 5438 547 5492 De
577 5437 780 5507 vulgari
810 5437 1070 5499 methodo,
1113 5453 1215 5507 qua
1261 5436 1462 5490 Christi
1487 5439 1712 5507 natalis
1752 5455 1920 5492 annus
1947 5441 2032 5492 ἰηι-

682 5510 970 5577 vestigatur
996 5523 1014 5560 :
1048 5506 1137 5560 ubi
1170 5520 1219 5560 et
1246 5509 1308 5559 de
1336 5525 1444 5560 aera
1473 5506 1820 5577 Dionysiana.

540 5595 711 5652 Nimis
746 5601 910 5652 nndta
955 5600 1147 5653 fecisse
1209 5601 1371 5653 verba
1417 5600 1623 5664 videor,
1673 5600 1902 5652 necdum
1946 5610 2023 5653 ta-

472 5699 596 5739 men
630 5689 704 5740 rei
749 5690 918 5755 ipsius
959 5699 1120 5757 caput
1150 5692 1410 5758 attigisse.
1458 5689 1706 5746 Nondum
1737 5691 1881 5745 enim
1923 5708 2030 5760 quo

544 5784 564 5816 ⁸
590 5782 717 5836 Luc.
756 5801 834 5845 us,
859 5788 942 5839 ‘25.

2141 4511 2392 4578 barbara.
2447 4512 2581 4578 Quis
2619 4516 2764 4568 enim
2806 4516 2878 4569 ita
2922 4517 3107 4572 Graece
3154 4519 3466 4589 loquentem
3516 4521 3653 4576 ferat
3690 4540 3704 4577 :

2153 4603 2359 4672 Ἰησοῦς
2399 4600 2466 4673 ἦν
2511 4603 2585 4656 ὢν
2629 4607 2951 4676 ἀρχόμενος,
2999 4625 3098 4678 pro
3127 4625 3190 4664 eo
3223 4612 3368 4678 quod
3400 4622 3486 4665 est
3513 4613 3708 4684 ἠρχετο

2141 4692 2237 4747 ὢν.
2285 4693 2455 4748 Satin‘
2474 4696 2762 4750 ridiculum
2798 4714 2862 4751 ac
2893 4701 3138 4768 putidum
3177 4711 3294 4766 est,
3344 4701 3456 4770 ἐγώ
3489 4705 3604 4772 εἰμι
3633 4701 3706 4753 ὢν

2141 4785 2460 4854 ἀρχόμενος,
2492 4802 2590 4855 pro
2621 4785 2732 4854 ἐγὼ
2761 4788 3016 4858 ἄρχομαι.
3055 4790 3215 4859 Atqui
3249 4791 3388 4846 hanc
3420 4793 3589 4860 ipsam
3629 4791 3704 4843 in-

2142 4876 2581 4944 terpretationem
2633 4879 2908 4947 anteponit
2949 4881 3138 4944 alteri,
3174 4897 3296 4949 quzr
3329 4883 3511 4935 minus
3547 4881 3702 4934 habet

2140 4967 2511 5030 absurditatis,
2569 4970 2780 5022 tametsi
2831 4986 2897 5024 ne
2937 4986 2996 5025 ca
3047 4973 3264 5041 quidem
3308 4975 3516 5042 placet;
3549 4975 3702 5042 quasi

2141 5054 2315 5110 Lucas
2339 5055 2391 5108 id
2416 5057 2663 5122 voluerit,
2692 5058 2885 5128 ἤρχετο
2914 5058 2988 5113 ὢν
3009 5062 3303 5132 τριάκοντα
3325 5063 3478 5126 ἐτῶν,
3503 5061 3596 5127 ὢν,
3630 5063 3702 5126 ὡς

2138 5147 2438 5216 ἐνομίζετο.
2465 5147 2645 5213 Quare
2673 5151 2842 5204 multo
2871 5162 2954 5206 est
2985 5153 3074 5206 ille
3105 5169 3300 5210 sensus
3329 5156 3524 5222 aptior,
3552 5165 3609 5208 ut
3630 5154 3703 5206 ὧν

2138 5241 2202 5292 ad
2251 5240 2549 5307 posteriora
2591 5239 2889 5307 referatur;
2943 5244 3241 5314 ἀρχόμενος
3289 5246 3353 5299 ad
3397 5247 3698 5313 superiora.

2136 5326 2242 5381 Ἦν
2273 5333 2302 5381 ὁ
2339 5328 2545 5398 Ἰησοῦς
2575 5331 2872 5401 ἀρχόμενος
2898 5333 3031 5386 (basi.
3063 5335 3196 5387 ἐτῶν
3222 5336 3286 5399 λ’,
3318 5336 3411 5399 ὢν,
3439 5335 3514 5400 ὡς
3527 5339 3694 5408 ὲνομί·

2137 5419 2278 5482 ζετο,
2301 5420 2433 5482 υἱός,
2450 5432 2556 5475 etc.
2574 5420 2906 5491 Epiphanius
2921 5434 3066 5480 certe
3083 5426 3271 5482 hazresi
3300 5443 3522 5490 Lxxvm,
3547 5445 3601 5481 n.
3634 5430 3666 5480 ’ἴ
3685 5469 3700 5491 ,

2137 5509 2209 5562 ὢν
2242 5511 2307 5565 ad
2335 5511 2466 5574 υἱός,
2496 5527 2601 5565 non
2633 5513 2697 5566 ad
2721 5513 3020 5582 ἀρχόμενος
3054 5516 3319 5584 pertinere
3347 5517 3552 5582 docuit,
3575 5531 3700 5573 cum

2137 5603 2208 5654 ita
2244 5602 2420 5654 locum
2454 5603 2602 5656 illum
2634 5606 2875 5673 protulit,
2917 5607 2997 5658 ὅτι
3023 5606 3096 5660 ὢν
3127 5608 3271 5672 υἱὸς,
3299 5608 3372 5671 ὡς
3403 5609 3702 5678 ἐνομίζετο,

2147 5695 2361 5763 Ἰωσήφ.
2399 5694 2701 5760 Quinetiam
2737 5697 2924 5753 haeresi
2959 5715 3085 5766 xxx,
3115 5700 3371 5765 num.50,
3405 5697 3471 5772 ἦν
3502 5703 3559 5756 δὲ
3593 5699 3702 5770 ’1η-
