3986 6224
301 293 410 350 905

302 409 431 473 σοῦς
453 410 754 482 ἀρχόμενος
777 408 935 469 εἶναι.
965 415 1068 473 Sed
1101 423 1512 490 controversiae,
1539 430 1889 496 quaestionis-

299 515 404 568 que
437 510 601 570 caput
645 502 698 556 in
730 502 863 556 ὡσεί
911 507 1178 574 particula
1211 511 1450 578 positum
1481 522 1587 578 cst,
1622 515 1769 584 quod
1802 525 1887 570 ut-

296 593 592 661 plurimum
646 595 980 667 ἀπορητικόν
1026 614 1151 654 esse
1196 602 1372 667 solet,
1427 612 1483 658 et
1528 604 1597 658 de
1642 606 1887 676 perfecto

295 685 658 754 absolutoque
690 687 765 742 rei
803 699 948 744 statu
1000 693 1251 746 nonnihil
1300 693 1560 752 detrahit.
1609 696 1722 752 lloe
1755 713 1886 752 vero

295 777 416 831 loco
446 794 553 833 non
599 779 962 850 ἁπορητικόν,
1010 783 1103 837 sed
1136 783 1412 855 ἀληθινόν,
1452 803 1517 842 ac
1551 804 1777 858 prorsus
1812 789 1886 843 af-

297 869 625 926 ﬁrmativum
653 888 774 928 esse
811 873 1087 945 Scaliger,
1123 889 1176 932 et
1215 894 1338 933 cum
1371 896 1436 936 eo
1468 881 1712 950 plerique
1752 898 1883 938 sen—

292 959 453 1014 Liunt.
497 959 599 1027 Qui
628 963 759 1017 mihi
791 964 897 1018 vim
931 982 1202 1037 usumque
1237 971 1446 1026 voculae
1474 973 1633 1026 istius
1658 989 1764 1028 non
1797 990 1880 1028 sa-

290 1054 878 1112 tis‘animadvcrtisse
918 1059 1194 1114 videntur.
1240 1061 1352 1117 Nos
1408 1064 1675 1133 triplicem
1731 1066 1879 1120 illius

289 1152 614 1210 potestatem
647 1145 787 1216 apud
818 1148 1038 1204 Graecos
1071 1152 1508 1209 observavimus.
1554 1154 1738 1210 Prima
1770 1167 1875 1219 est,

284 1252 414 1290 cum
466 1237 878 1304 ἐνδοιαστικῶς,
949 1242 1030 1296 vel
1080 1243 1436 1314 ἀπορητικῶς
1492 1245 1763 1312 sumitur;
1821 1256 1879 1300 ut

284 1331 429 1399 apud
460 1329 660 1385 Lucam
702 1348 821 1402 cap.
863 1351 976 1390 xxrt
999 1377 1013 1398 ,
1047 1337 1104 1390 41
1143 1352 1156 1388 :
1187 1337 1299 1390 Καὶ
1349 1337 1510 1400 αὐτὸς
1544 1339 1874 1410 ἀπεσπάσθη

284 1425 383 1476 ἀπ’
417 1425 596 1478 αὐτῶν
621 1425 753 1478 ὡσεὶ
785 1425 932 1479 λίθου
965 1427 1147 1500 βολήν·
1195 1438 1249 1483 et
1277 1445 1396 1499 cap.
1431 1447 1468 1493 ι,
1503 1429 1571 1485 56
1599 1443 1612 1482 :
1651 1432 1874 1502 Ἔμεινε

286 1516 347 1568 δὲ
380 1518 616 1588 Μαριὰμ
645 1519 741 1571 σὺν
768 1519 903 1591 αὐτῇ
932 1520 1066 1573 ὡσεὶ
1102 1510 1278 1591 μῆνας
1302 1525 1467 1592 τρεῖς.
1501 1521 1750 1578 Secunda
1791 1525 1872 1578 vis

281 1619 368 1666 est
402 1612 752 1683 συγκριτική,
798 1613 912 1666 sive
944 1615 1332 1684 comparativa.
1365 1616 1442 1670 lta
1472 1615 1605 1671 Luc.
1640 1632 1723 1680 ιιι,
1757 1616 1826 1670 22
1854 1605 1896 1670 ς’

282 1705 392 1758 Καὶ
422 1705 728 1774 καταϐῆναι
759 1706 820 1759 τὸ
852 1705 1078 1777 Πνεῦμα
1104 1708 1166 1760 τὸ
1193 1708 1348 1776 ἅγιον
1384 1708 1684 1780 σωματικῷ
1711 1709 1864 1770 εἴδει.

275 1789 415 1843 ὡσεὶ
456 1794 809 1864 περιστεράν.
856 1794 1182 1864 Quanquam
1235 1797 1350 1852 haec
1399 1799 1670 1867 posterior
1715 1800 1868 1855 notio
1903 1784 1943 1838 Β

276 1879 346 1933 ad
380 1883 615 1949 priorem
644 1889 822 1952 potest
851 1882 1039 1937 referri
1080 1902 1093 1938 :
1132 1885 1278 1954 quod
1313 1885 1458 1940 enim
1491 1886 1646 1941 alteri
1687 1887 1865 1943 simile

273 1971 501 2036 dicitur,
527 1989 634 2029 non
673 1974 815 2029 idem
847 1983 931 2029 est
959 1976 1208 2031 omnino.
1247 1975 1433 2032 Tertio
1461 1978 1680 2033 demum
1705 1980 1866 2032 αἰτιο-

271 2063 493 2133 λογικόν
519 2075 604 2121 est
635 2067 786 2133 ὡσεί,
831 2068 944 2123 sive
975 2069 1342 2124 causativum.
1370 2068 1505 2124 Nam
1541 2071 1588 2125 si
1629 2071 1754 2141 quis
1781 2072 1867 2126 di-

272 2155 508 2225 ligentcr
565 2158 882 2222 attenderit,
956 2159 1196 2215 inveniet
1263 2161 1582 2228 particulam
1647 2163 1723 2226 ὡς
1779 2165 1863 2218 vel

270 2245 446 2310 ὡσεί,
485 2246 588 2302 nisi
622 2247 888 2303 ambobus
920 2249 1026 2302 illis
1059 2251 1236 2304 modis
1273 2260 1602 2322 usurpetur,
1632 2267 1860 2307 causam

267 2332 575 2404 continere,
623 2349 843 2410 propter
870 2358 1035 2411 quam
1070 2343 1120 2396 id
1164 2344 1308 2413 quod
1357 2355 1614 2399 narratur
1645 2345 1860 2400 accide-

267 2431 365 2486 rit.
395 2429 489 2485 Sic
514 2432 658 2501 apud
690 2430 986 2488 Homerum
1028 2433 1233 2491 Ὀδυσ.
1263 2435 1304 2487 Ξ
1334 2455 1348 2490 :

460 2545 784 2618 ῘΕπλέομε-ν·
816 2547 1006 2618 Βορέῃ
1037 2547 1234 2618 ἀνέμῳ
1266 2551 1482 2618 ἀκραέϊ
1516 2549 1681 2616 καλῷ

459 2616 742 2683 Ῥηϊδίως,
767 2616 912 2672 ὡσεί
936 2637 998 2673 τε
1018 2616 1168 2674 κατὰ
1191 2616 1356 2688 ῥόον-ζ

261 2707 380 2763 Cur
428 2706 586 2764 facile
634 2710 935 2782 navigaret,
994 2726 1219 2766 causam
1273 2713 1514 2768 continet
1544 2727 1646 2768 vox
1698 2712 1852 2779 ωσεί,

258 2800 542 2866 videlicet,
572 2803 718 2871 quod
755 2804 996 2858 secundo
1026 2803 1159 2857 mari
1199 2802 1454 2870 ferretur,
1503 2805 1577 2868 ὡς
1609 2807 1666 2860 ὲν
1699 2805 1852 2861 ὕδατι

258 2893 419 2947 κάτω
448 2893 646 2965 ῥέοντι,
677 2894 775 2948 καὶ
799 2895 861 2948 οὐ
905 2895 1086 2966 στατῷ
1110 2895 1232 2949 κατ’
1263 2897 1483 2967 ἰσότητα
1504 2900 1848 2966 ἐπιφανείας,

257 2987 342 3040 ait
387 2985 726 3042 Eustathius.
771 2987 1032 3042 Similiter
1057 2989 1108 3042 in
1142 2989 1234 3042 illo
1262 2986 1490 3042 Joannis
1522 2991 1659 3055 loco,
1691 2989 1848 3054 δόξαν

254 3076 338 3138 ὡς
365 3076 705 3145 Μονογενοῦς
727 3119 742 3145 ,
769 3079 996 3148 gloriam
1035 3080 1147 3149 ejus
1172 3121 1186 3142 ,
1217 3081 1372 3150 quasi
1417 3079 1684 3151 Unigeniti
1702 3122 1716 3146 ,
1749 3083 1849 3153 ὲμ-

255 3166 494 3233 φατικόν
528 3177 581 3222 et
623 3169 983 3238 αἰτιολογικόν
1015 3181 1097 3226 est
1125 3171 1221 3235 ὡς.
1254 3172 1362 3228 Cur
1401 3173 1546 3226 enim
1590 3183 1737 3228 tanta
1777 3175 1848 3228 sit

254 3255 458 3325 gloria,
485 3258 786 3313 conditioni
821 3261 974 3329 ejus,
1011 3276 1076 3316 ac
1111 3261 1360 3332 dignitati
1404 3263 1565 3318 debet
1619 3265 1841 3319 ascribi.

252 3345 440 3412 Quare
471 3348 613 3402 idem
643 3358 724 3404 est
753 3353 898 3420 quod
933 3363 1130 3422 utpote.
1159 3353 1263 3407 Sed
1283 3369 1346 3408 ea
1373 3355 1702 3426 signiﬁcatio
1719 3372 1846 3425 par-

253 3439 439 3495 ticula:
455 3440 530 3504 ὡς
546 3443 744 3510 potius,
757 3459 920 3513 quam
936 3445 1066 3499 ὡσεί
1084 3448 1340 3501 convenit
1360 3466 1373 3502 :
1394 3448 1523 3515 imo,
1553 3458 1612 3503 ut
1630 3450 1683 3504 in
1709 3449 1844 3504 The-

249 3547 420 3586 sauro
455 3530 766 3602 Stephanus
789 3545 993 3601 monet,
1029 3537 1159 3591 ὡσεί
1183 3538 1522 3610 frequentius
1549 3553 1844 3612 usurpatur

247 3638 353 3692 pro
375 3627 605 3690 circiter,
644 3627 800 3696 fere,
829 3644 892 3684 ac
925 3629 1159 3686 fortasse
1189 3649 1468 3702 nunquam
1503 3635 1679 3698 aliter,
1701 3651 1836 3706 pra:—

247 3715 440 3771 sertim
469 3717 520 3770 in
541 3734 698 3787 prosa
720 3721 985 3789 oratione,
1003 3725 1260 3779 sumitur.
1286 3724 1438 3781 Unde
1451 3727 1694 3797 colligas,
1713 3744 1840 3798 per-

247 3823 441 3878 peram
457 3810 682 3867 Joannis
706 3812 856 3868 illum
881 3815 1060 3871 locum
1085 3819 1150 3870 ad
1167 3817 1217 3871 id
1237 3817 1438 3884 aﬁ'errt,
1458 3820 1839 3875 uttricesimus

245 3916 430 3958 annus
457 3904 658 3960 solidus
689 3921 752 3962 ac
775 3908 1078 3978 completus
1109 3910 1361 3977 baptismi
1395 3921 1636 3982 tempore
1667 3911 1838 3967 fuisse

245 3995 518 4051 videatur.
536 3995 776 4052 Primum
804 4000 876 4054 ibi
907 4001 1228 4064 estdicmon
1255 4001 1386 4055 ὡσεί
1405 4020 1418 4033 ·
1446 4014 1498 4057 et
1513 4005 1836 4073 apudinter-

244 4096 453 4158 pretem
473 4101 718 4145 nostrum
749 4094 902 4162 quasi
937 4093 1078 4148 idem
1104 4103 1188 4148 est
1211 4109 1274 4150 ac
1317 4104 1589 4166 tanquam.
1627 4096 1834 4152 Deinde

241 4180 626 4250 αἰτιολογικῶς
665 4193 719 4238 et
756 4185 1074 4254 ὲμφατικῶς
1113 4197 1425 4256 usurpatur.
1454 4190 1523 4241 At
1561 4189 1614 4242 in
1660 4189 1832 4242 altero

245 4272 345 4327 illo
372 4271 534 4328 Lucae
564 4274 684 4330 loco
705 4276 836 4329 ὡσεὶ
857 4276 1186 4346 αἰτιολογίαν
1210 4279 1412 4333 nullam
1477 4288 1572 4333 aut
1593 4279 1831 4350 ἔμφασιν

240 4365 430 4430 habet,
453 4377 549 4421 aut
581 4384 706 4424 vero
732 4370 1161 4425 similitudinem.
1191 4370 1306 4426 Non
1342 4383 1486 4428 recte
1519 4373 1684 4445 igitur
1703 4390 1826 4428 cum

237 4459 529 4528 superiore
557 4459 858 4515 confertur.

313 4553 390 4608 De
410 4555 648 4609 annicuti
675 4558 894 4612 notione
919 4558 1064 4627 quod
1113 4561 1368 4629 proponit
1397 4559 1661 4631 Scaliger,
1689 4562 1826 4617 nihil

239 4644 311 4699 ad
353 4660 465 4700 rem
494 4646 641 4710 facit.
671 4649 827 4704 Aliud
861 4661 941 4705 est
972 4651 1116 4705 enim
1151 4653 1456 4716 anniculus,
1490 4655 1634 4708 aliud
1667 4657 1823 4724 quasi

237 4739 524 4792 anniculus
546 4779 560 4804 ,
604 4740 671 4795 de
698 4757 807 4810 quo
839 4757 1021 4798 sermo
1058 4745 1218 4799 nobis
1248 4756 1350 4801 est.
1395 4745 1620 4822 lleliqua
1646 4747 1822 4804 Scali-

234 4831 352 4899 gcri
383 4831 629 4886 collectio
663 4834 935 4904 implicata
969 4846 1024 4891 et
1053 4837 1230 4893 inanis
1265 4848 1364 4894 est.
1407 4837 1540 4893 Nam
1572 4842 1822 4908 quishaec

233 4922 544 4991 intelligat?
574 4923 630 4979 Si
662 4925 807 4978 ὡσεὶ
839 4928 1175 4997 ἀπορητικόν
1203 4929 1294 4995 sit,
1333 4930 1450 4986 dies
1481 4942 1691 4988 tantum
1724 4952 1816 5001 xx,

231 5023 331 5069 aut
351 5015 416 5069 ad
452 5031 729 5070 summum
757 5034 994 5074 mensem
1028 5021 1092 5073 ad
1120 5022 1411 5076 rotundum
1445 5023 1686 5080 defuisse
1715 5042 1818 5080 nu-

229 5123 467 5163 merum.
520 5108 699 5175 Quare
755 5123 812 5164 ut
866 5110 1113 5168 Januarii
1168 5131 1216 5168 vt
1256 5117 1561 5185 baptizatus
1613 5117 1814 5188 fuerit,

227 5198 530 5257 Februario
564 5219 751 5259 mense
799 5206 1136 5261 tricesimum
1185 5209 1457 5278 implesse.
1489 5211 1653 5277 Quasi
1684 5229 1814 5269 vero

227 5293 327 5362 qui
359 5292 492 5345 ὡσεί
515 5294 655 5372 apud
693 5293 893 5350 Lucam
942 5299 1294 5371 ἀπορητικῶς
1320 5319 1460 5356 sunn
1499 5305 1810 5374 voluerunt,

228 5384 513 5439 Christum
551 5383 1056 5445 Februariomense
1091 5402 1276 5447 uatum
1305 5398 1426 5448 esse
1447 5397 1774 5453 crediderint
1795 5443 1810 5468 ,

227 5476 596 5544 utOuulrius,
628 5483 720 5550 qui
761 5481 1082 5539 duodecimo
1115 5500 1282 5554 prope
1328 5503 1520 5544 mense.
1562 5501 1687 5560 post
1715 5493 1815 5547 ha-

223 5572 486 5642 ptismum
524 5583 764 5628 vertente
813 5574 1030 5644 triginta
1084 5578 1302 5633 demum
1349 5595 1525 5637 annos
1562 5585 1811 5646 evolutos

224 5661 524 5719 existimat.
569 5663 754 5735 Neque
804 5681 931 5721 vero
978 5667 1110 5721 ὡσεὶ
1143 5670 1494 5743 ἀπορητικῶς
1525 5692 1807 5748 sumptum

223 5769 526 5828 paucorum
589 5766 796 5812 tantum
838 5759 1071 5824 dierum,
1109 5771 1202 5816 aut
1241 5764 1402 5822 unius
1440 5769 1664 5837 mensis,
1695 5773 1804 5829 imo

518 5856 788 5918 Pnnot.
850 5857 967 5920 Gn.
1023 5857 1220 5921 XLII.

1491 306 1580 360 DE
1619 309 1811 368 ANNO
1850 313 2101 373 NATALI
2142 319 2434 382 CHRISTI.

3468 363 3573 417 906

1923 438 1962 492 Α
1992 438 2118 491 anni
2151 441 2446 500 discrimen
2480 447 2627 506 facit.
2660 452 2765 511 Sed
2788 461 2882 529 qui
2910 466 3100 532 paucis
3125 468 3284 526 annis
3311 471 3452 529 infra
3481 491 3574 531 aut

1990 539 2153 595 supra
2181 547 2469 590 numerum
2507 542 2777 609 consistit,
2806 546 2940 604 ὡσεὶ
2966 554 3262 622 τριάκοντα
3297 561 3434 616 ἐτῶν
3464 565 3571 620 dici

1988 630 2184 714 potest,
2218 631 2276 678 ut
2299 625 2632 697 Epiphanius
2663 636 2863 695 alicubi
2887 642 3146 714 disputat.

2053 709 2208 775 Quod
2235 715 2408 785 ipsum
2441 720 2704 792 lieplcrus
2733 745 2783 784 c.
2829 733 2897 787 15
2927 737 3152 793 alterius
3204 743 3305 800 loci
3343 762 3568 819 compa-

1986 802 2196 858 ratione
2226 810 2436 866 erudite
2460 813 2725 876 declarat.
2771 821 2906 879 Nam
2955 845 3078 884 cum
3123 832 3314 891 Matth.
3348 802 3486 904 XV":
3513 844 3564 908 1,

1983 901 2248 963 scriptum
2274 901 2380 965 sit,
2413 916 2532 972 post
2568 909 2877 970 institutum
2910 935 2938 972 a
2967 919 3199 981 Domino
3230 944 3563 997 sermonem,

1984 987 2104 1054 μεθ’
2127 991 2340 1060 ἡμέρας
2362 995 2420 1060 ἓξ
2450 1002 2895 1072 transﬁguratum
2927 1026 3082 1079 esse;
3119 1015 3294 1074 Lucas
3317 1026 3561 1079 eamdem

1983 1077 2264 1136 historiam
2299 1103 2595 1157 exponens,
2625 1111 2744 1158 cap.
2787 1115 2860 1164 Ix,
2889 1102 2982 1167 28,
3029 1077 3080 1159 id
3125 1121 3249 1178 post
3289 1115 3405 1170 dies
3429 1117 3563 1171 ὡσεὶ

1978 1170 2123 1224 ὀκτώ
2154 1175 2222 1229 ab
2249 1177 2342 1231 illo
2367 1181 2483 1250 ipso
2506 1200 2756 1242 sermone
2783 1190 2984 1249 factum
3031 1215 3155 1256 esse
3186 1215 3370 1260 narrat
3407 1225 3421 1261 :
3469 1212 3559 1265 ubi

1977 1262 2164 1317 eadem
2202 1267 2335 1322 ὡσεί
2368 1276 2553 1330 vocula
2593 1295 2722 1336 usns
2749 1295 2854 1349 est,
2886 1304 3009 1342 cum
3045 1293 3109 1346 ad
3149 1310 3334 1350 verum
3369 1315 3562 1355 nume-

1977 1369 2096 1451 rum
2129 1357 2377 1426 biduum,
2410 1367 2514 1422 hoc
2548 1382 2629 1426 est
2665 1379 2877 1432 tertiam
2906 1393 3112 1451 partem
3149 1387 3468 1448 addidisset.
3490 1396 3561 1446 At

1976 1443 2140 1546 instat
2186 1452 2446 1524 Scaliger,
2479 1469 2554 1523 et,
2616 1462 2835 1533 Nullas,
2863 1443 3068 1542 inquit,
3108 1475 3427 1536 ercismus
3456 1501 3555 1552 pa-

1975 1538 2106 1640 titur
2134 1561 2152 1594 .·
2205 1544 2316 1612 ἐγὼ
2362 1547 2601 1622 ἄρχομαι
2650 1538 2953 1628 τριάκοντα
2975 1566 3133 1629 ἐτῶν,
3184 1585 3280 1638 pro
3313 1538 3554 1644 ἄρχοξλαι

1973 1629 2064 1683 τοῦ
2098 1639 2422 1703 τριακοστοῦ
2450 1641 2623 1709 ἔτους.
2649 1647 2804 1705 Jesus
2836 1649 2904 1724 ἦν
2931 1660 3224 1728 τριάκοντα
3268 1665 3405 1720 ἐτῶν
3447 1678 3555 1722 toto

1973 1736 2112 1777 anno
2145 1741 2312 1795 xxxt;
2341 1732 2430 1784 sed
2453 1735 2694 1793 absoluto
2735 1745 3001 1801 tricesimo
3053 1754 3234 1807 statim
3281 1757 3554 1814 dicebatur

1971 1811 2234 1884 ἄρχεσθαι
2263 1818 2340 1872 ὢν
2368 1824 2666 1894 τριάκοντα
2697 1833 2852 1889 ἐτῶν.
2898 1837 3022 1892 Non
3074 1845 3214 1898 enim
3246 1850 3551 1920 intelligunt

1970 1909 2317 2014 participium
2361 1913 2438 1968 ὧν
2479 1923 2719 1988 tacitum,
2750 1930 2887 1994 quod
2920 1935 3174 1990 omissum
3203 1951 3279 1993 est
3313 1959 3377 1996 ne
3407 1960 3552 2014 repe—

1970 2006 2135 2092 tatur,
2163 1996 2232 2072 ἦν
2258 2004 2581 2079 ἀρχόμενος,
2617 2015 2672 2068 id
2692 2027 2768 2070 est
2794 2020 3014 2092 1ἤρχετο.
3051 2025 3177 2083 Haec
3205 2031 3312 2086 ille.
3348 1996 3553 2092 Visi-st

1967 2089 2134 2159 igitur
2176 2099 2358 2153 omnis
2409 2103 2463 2156 in
2515 2107 2783 2165 vocabul-0
2839 2089 2948 2169 isto
2997 2119 3300 2192 ἀρχόμενος
3327 2089 3546 2195 posita:

1965 2184 2108 2250 quod
2143 2186 2210 2240 ad
2257 2189 2469 2247 initium
2524 2199 2700 2254 artatis
2733 2184 3303 2271 tricenarize'ref‘erunt
3327 2184 3546 2277 omnes.

1967 2274 2070 2331 Sed
2101 2277 2365 2339 Onut‘rius
2395 2303 2521 2342 xxix
2552 2305 2726 2346 annos
2766 2297 3046 2374 evolutos,
3080 2318 3144 2358 ac
3187 2321 3393 2374 paucos
3430 2311 3547 2368 dies

1965 2368 2246 2473 tricesimo
2267 2373 2464 2432 libatos
2515 2383 2814 2454 existimat,
2840 2367 2997 2459 quasi
3025 2367 3168 2449 istud
3187 2367 3260 2452 sit
3279 2401 3544 2473 ἄρχεσθαι

1959 2455 2101 2514 εἶναι
2137 2465 2270 2518 ὡσεῖ
2296 2468 2434 2524 ἐτῶν
2456 2471 2519 2526 λ’.
2566 2473 2807 2550 Scaliger
2838 2493 2999 2555 negat
3041 2489 3264 2556 probam
3301 2455 3425 2548 esse
3459 2496 3543 2552 lo-

1959 2557 2258 2621 cutionem,
2290 2561 2396 2616 nisi
2421 2565 2644 2636 triginta
2665 2571 2778 2639 jam
2804 2576 2931 2628 anni
2962 2580 3214 2648 completi
3245 2583 3372 2638 sint.
3409 2585 3542 2640 Mihi

1959 2662 2110 2714 vero,
2152 2660 2208 2705 ut
2260 2652 2496 2726 ingenue
2523 2658 2700 2715 dicam
2737 2666 2882 2734 quod
2933 2671 3132 2736 sentio,
3177 2672 3282 2728 alia
3317 2676 3398 2732 vis
3421 2694 3542 2734 esse

1957 2739 2173 2797 videtur
2197 2747 2469 2817 participii
2501 2750 2682 2821 illius,
2737 2771 2901 2826 quam
2957 2771 3017 2816 ut
3054 2763 3393 2833 inchoatum,
3444 2781 3542 2826 aut

1955 2833 2231 2894 expletum
2265 2839 2616 2898 tricenarium
2653 2846 3006 2915 deumnstret.
3043 2853 3178 2909 Nam
3208 2873 3333 2912 cum
3367 2864 3538 2931 parti-

1915 2947 1929 2964 ι
1953 2922 2073 2976 cula
2103 2925 2256 2991 ὡσεί,
2283 2939 2339 2982 ut
2377 2946 2540 3001 supra
2569 2935 2902 2993 declaratum
2953 2953 3057 3007 est,
3089 2922 3427 3006 diminuendi
3451 2957 3536 3010 vel

1953 3013 2232 3071 dubitandi
2265 3021 2540 3077 notionem
2575 3025 2789 3096 haheat,
2811 3033 2936 3100 quis
2968 3045 3070 3101 est,
3126 3039 3217 3106 qui
3248 3042 3536 3110 scripsisse

1877 3125 1918 3180 ρ
1953 3101 2156 3160 Lucam
2189 3119 2379 3174 putet:
2421 3111 2712 3184 Incipiebat
2745 3138 2856 3176 esse
2885 3123 3044 3181 Iesus
3075 3101 3196 3196 plus
3237 3101 3412 3189 minus
3434 3153 3534 3190 an-

1949 3212 2140 3250 norum
2169 3202 2430 3271 triginta?
2461 3205 2575 3262 l~loc
2599 3213 2744 3264 enim
2784 3224 2931 3270 esset
2958 3219 3024 3272 ad
3055 3221 3322 3279 inﬁnitam
3356 3229 3530 3296 parti-

1947 3287 2127 3342 culam
2166 3290 2435 3349 inﬁnitum
2469 3300 2694 3354 verbum
2735 3304 2996 3374 adjicere,
3049 3325 3174 3365 cum
3211 3321 3319 3368 tam
3356 3287 3528 3386 ’ὡσεῄ

1945 3395 2110 3450 quam
2142 3385 2446 3457 ἀρχόμενος
2499 3391 2787 3461 inﬁnitam,
2832 3399 3162 3473 minimeque
3196 3385 3527 3467 determine?

1947 3479 2054 3526 tam
2079 3474 2531 3544 signiﬁcationem
2585 3485 2840 3543 habeant.
2885 3489 3070 3549 Placet
3103 3496 3267 3566 igitur
3301 3503 3524 3560 verbum

1943 3561 2210 3632 ἄρχεσθαι
2244 3568 2310 3622 ad
2343 3569 2555 3626 initium
2585 3578 2989 3645 praedicationis
3011 3624 3025 3648 ,
3059 3561 3408 3661 οἰέονομιας,
3443 3597 3526 3652 vel

1940 3655 2040 3758 τῆς
2090 3657 2413 3728 ἐπιφανείας
2461 3665 2700 3734 referre,
2730 3673 2858 3741 quia
2889 3688 3012 3744 post
3047 3655 3404 3750 baptismum,
3431 3691 3522 3758 qui

1944 3745 2207 3805 hactenus
2247 3753 2570 3823 delituerat,
2609 3762 2661 3815 in
2699 3775 2946 3834 apertum
2997 3745 3283 3844 luceinque
3306 3745 3524 3845 prodire

1940 3840 2124 3908 coepit.
2180 3843 2354 3910 Quam
2410 3848 2511 3906 loci
2570 3851 2734 3924 hujus
2789 3840 3521 3938 interpretationem-postea

1939 3931 2080 3998 apud
2107 3931 2426 3992 Jansenium
2480 3943 2802 4013 scriptorem
2836 3953 3272 4010 eruditissimum
3311 3962 3518 4028 reperi;

1937 4025 2028 4090 qui
2061 4028 2308 4083 eamdem
2338 4035 2550 4089 caeteris
2583 4041 2864 4109 anteponit
2891 4045 3166 4101 omnibus.
3211 4025 3517 4107 Praesertim

1937 4127 2059 4164 cum
2109 4114 2230 4169 Act.
2267 4134 2305 4181 ι,
2358 4136 2498 4175 com.
2531 4124 2620 4186 Ἦ,
2656 4129 2846 4182 eodem
2894 4145 3056 4187 sensu
3113 4137 3335 4191 verbum
3387 4141 3518 4194 illud

1937 4213 2256 4270 nsutpatum
2312 4205 2514 4298 fuerit:
2552 4214 2642 4267 Ἐν
2678 4208 2722 4282 ᾧ
2755 4218 2994 4289 εἰσῆλθε,
3047 4223 3141 4274 καὶ
3176 4225 3398 4298 ἐξῆλθεν
3430 4232 3519 4300 ἐφ’

1934 4291 2081 4360 ἡμᾶς
2101 4296 2128 4346 ὁ
2159 4295 2362 4368 Κύριος
2383 4285 2600 4374 ’Ἰησοῦς
2619 4285 2925 4380 ἀρξάμενος
2953 4314 3062 4367 ἀπὸ
3088 4315 3182 4369 τοῦ
3205 4285 3520 4392 Sam-iami-

1932 4401 2023 4449 τος
2065 4389 2344 4458 Ἰωάννου,
2393 4405 2448 4449 et
2480 4412 2600 4468 cap.
2641 4417 2696 4458 χ.
2747 4403 2853 4456 57ε
2903 4406 3234 4478 ’Δρξάμενον
3275 4414 3382 4468 ἀπὸ
3415 4389 3518 4488 τῆς

1857 4491 1902 4546 D
1933 4475 2468 4580 Γαλιλαίαςῖμετὰ-τὸ
2497 4486 2806 4563 βάπτισμα.
2835 4475 3041 4561 ρυλε-εἰ
3071 4475 3193 4555 vera
3224 4514 3386 4573 sunt,
3427 4475 3516 4580 ap;

1928 4578 2084 4636 paret
2122 4586 2185 4624 ex
2226 4573 2330 4628 illis
2381 4575 2542 4634 Lucae
2594 4584 2774 4638 verbis
2811 4597 3020 4644 certum
3071 4596 3247 4651 aetatis
3306 4573 3512 4655 Christi

1931 4668 2144 4728 tempus
2169 4662 2380 4720 deﬁniri
2415 4683 2522 4724 non
2572 4688 2754 4742 posse.
2790 4675 2901 4733 Nec
2952 4691 3036 4736 est
3066 4685 3209 4752 quod
3235 4697 3510 4743 certorum

1926 4747 2148 4806 Patrum
2178 4770 2486 4826 opponatur
2539 4769 2863 4836 auctoritas,
2918 4773 3012 4843 qui
3041 4747 3148 4831 non
3184 4779 3333 4835 aliud
3369 4782 3514 4837 aﬁir—

1924 4859 2075 4901 mare
2115 4861 2364 4918 possunt,
2392 4869 2555 4924 quam
2588 4861 2731 4929 quod
2773 4878 2834 4917 ex
2871 4863 3014 4921 Luca
3042 4870 3382 4942 didicerunt;
3414 4892 3509 4930 ne-

1922 4951 2030 5005 que
2051 4950 2135 4994 est
2169 4943 2274 4997 ulla
2314 4948 2476 5012 ratio,
2506 4964 2606 5003 cur
2634 4968 2700 5007 ex
2730 4954 2948 5012 illorum
2973 4960 3154 5016 verbis
3187 4961 3386 5018 Lucam
3427 4967 3510 5020 in-

1922 5035 2284 5097 terpretemur
2315 5039 2516 5106 potius,
2546 5057 2710 5110 quam
2744 5061 2807 5100 ex
2845 5046 2988 5104 Luca
3024 5067 3146 5120 qua:
3180 5053 3249 5106 ab
3289 5055 3396 5110 illis
3418 5073 3506 5112 as-

1920 5125 2159 5178 severari
2202 5127 2472 5186 videntur.
2523 5134 2847 5207 Quanquam
2910 5144 3127 5198 tametsi
3175 5161 3281 5200 non
3340 5149 3503 5203 modo

1917 5210 2107 5269 Patres
2127 5259 2141 5280 ,
2179 5221 2272 5274 sed
2296 5231 2349 5275 et
2380 5222 2558 5281 Lucas
2583 5229 2697 5298 ipse
2726 5231 3019 5300 perfectos,
3061 5248 3503 5296 consummatos-

1917 5317 2024 5373 que
2063 5307 2299 5366 tricenos
2339 5328 2516 5371 annos
2561 5319 2789 5385 diceret,
2835 5323 2971 5378 nihil
3018 5335 3200 5382 tamen
3235 5329 3498 5397 obstaret,

1916 5398 2069 5463 quin,
2106 5401 2149 5454 si
2185 5403 2367 5460 minus
2397 5423 2518 5462 cum
2577 5411 2804 5467 historia
2836 5427 3179 5487 congrueret,
3223 5421 3410 5477 eodem
3445 5423 3499 5481 id

1914 5491 2285 5561 acciperemus
2309 5515 2488 5567 sensu,
2509 5518 2617 5572 quo
2642 5522 2760 5576 cap.
2780 5523 2839 5571 η,
2857 5509 2946 5574 21,
2969 5509 3144 5566 Lucas
3162 5512 3302 5568 idem
3327 5516 3495 5574 dixit:

1916 5581 2044 5638 Post
2076 5602 2466 5648 consummatos
2506 5608 2622 5650 octo
2669 5599 2802 5666 dies,
2837 5617 2961 5656 cum
3005 5614 3198 5661 octavo
3241 5608 3358 5678 ipso
3386 5610 3493 5665 cir«

1912 5681 2187 5737 cumcisus
2241 5687 2310 5740 sit
2359 5703 2513 5756 puer,
2547 5701 2605 5745 ut
2639 5691 2933 5751 Jansenius
2963 5699 3238 5758 observat.
3271 5701 3496 5759 Frustra

1911 5775 2077 5846 igitur
2109 5777 2298 5846 lgnatii
2324 5781 2472 5840 locus
2505 5784 2594 5841 ille
2623 5801 2689 5842 ex
2724 5785 2895 5858 Epist.
2926 5790 2995 5843 ad
3019 5789 3185 5845 Trall.
3203 5792 3349 5848 velut
3374 5812 3496 5866 pcr-

3093 5886 3172 5944 99
