3986 6224
498 345 600 404 907

498 464 784 526 emptor-ius

498 483 784 538 emptor!”
834 483 1085 526 Olijll'ILUI
1117 494 1128 506 .
1167 483 1274 505 nul.
1305 483 1438 521 usus,
1481 483 1708 508 νεηνννυω,
1741 483 1874 498 ςυω,
1914 483 2030 494 ..,...

497 558 828 627 τευσὰμενος
851 545 1153 617 ἐϐαπτίσθη
1187 544 1292 597 ὑπὸ
1319 541 1564 596 Ἰωάννου
1592 583 1605 605 ,
1644 539 1892 602 σάω-διεδ
1913 551 2064 605 quem

499 667 647 707 nemo
674 625 758 702 uel
790 643 1000 705 mutire,
1033 639 1222 692 nedum
1253 636 1519 704 refragari
1569 632 1690 701 jure
1738 629 1941 682 debeat.
1983 625 2064 680 An

496 745 639 799 enim
669 743 790 812 plus
826 744 910 792 est
953 734 1162 796 dicere,
1205 727 1586 782 ἐπολιτεύσατο
1635 726 1785 795 τρεῖς
1816 720 2064 812 δειιᾲᾅας,

496 809 685 903 quam,
717 825 1062 898 ἐπλήσθησαν
1089 821 1293 893 ἡμέραι
1322 815 1464 870 ὀκτώ
1484 859 1496 879 ,
1541 824 1634 868 aut
1660 813 1804 883 quod
1848 810 1973 903 alibi
2001 809 2068 864 de

498 900 971 990 transﬁguratione
997 912 1210 980 legitur,
1234 907 1350 979 μεθ’
1369 906 1582 977 ἡμέρας
1601 904 1734 956 ὡσεὶ
1756 900 1918 964 ὀκτώ,
1943 915 2066 955 cum

498 1029 589 1068 sex
643 1018 850 1064 tantum
911 1019 940 1057 a
974 1001 1221 1054 Matthteo
1272 997 1427 1051 solidi
1482 990 2068 1048 numerentur?l’diror

497 1111 709 1155 tantum
747 1098 801 1150 in
853 1094 959 1148 illis
989 1088 1177 1160 lgnatii
1232 1087 1411 1142 verbis
1440 1082 1643 1152 aliquid
1697 1081 1956 1136 momenti
1999 1079 2066 1134 ad

501 1194 646 1247 illam
677 1186 999 1245 sententiam
1031 1182 1230 1241 inesse,
1260 1176 1551 1230 nonnullos
1589 1173 1863 1228 arbitrari.
1895 1171 1971 1226 Ac
2018 1171 2066 1226 si

501 1282 825 1339 auctoritate
852 1292 936 1331 res
961 1274 1158 1345 agitur,
1188 1271 1453 1324 habemus
1484 1265 1914 1335 antiquissimos,
1943 1278 2069 1333 gra-

503 1377 864 1441 vissimosque
891 1368 1079 1422 Patres
1101 1409 1115 1431 ,
1142 1364 1234 1434 qui
1282 1375 1388 1415 non
1428 1369 1486 1413 ut
1508 1358 1766 1428 lgnatius,
1792 1358 2026 1411 obscure
2048 1394 2066 1422 ,

503 1468 596 1524 scd
647 1472 830 1534 aperte
857 1453 1312 1531 quemadmodum
1343 1451 1501 1505 Lucae
1525 1449 1685 1504 verba
1711 1463 1738 1502 a
1798 1447 1955 1534 nobis
1984 1445 2068 1500 in-

503 1533 844 1626 terpretanda
881 1549 1078 1610 forent,
1109 1542 1366 1613 opinione
1402 1555 1500 1594 sua
1535 1538 1859 1591 docuerunt.
1892 1533 2065 1589 Justi-

503 1665 605 1705 nus
628 1647 826 1715 blartyr
859 1639 1005 1695 Dial.
1038 1652 1154 1691 cum
1189 1632 1614 1702 Tryphone,pag.~
1645 1628 1714 1683 92
1740 1628 1871 1681 edit.
1927 1626 2064 1681 Rob.

503 1739 718 1808 Steph.,
747 1734 842 1788 καὶ
861 1730 1153 1802 τριάκοντα
1180 1724 1296 1793 ἔτη,
1332 1721 1365 1792 ἢ
1406 1719 1627 1774 πλείονα
1651 1760 1665 1782 ,
1705 1717 1738 1788 ἢ
1773 1717 1868 1770 καί
1899 1717 2062 1808 si.de

503 1807 633 1886 oovu
666 1827 872 1899 μείνας,
904 1821 1095 1893 μέχρις
1116 1808 1176 1868 οὗ
1203 1809 1567 1885 προελήλυθεν
1613 1809 1864 1878 Ἰωάννης
1891 1807 2068 1878 κῆρυξ

504 1921 686 1980 αὑτοῦ.
720 1917 937 1972 Dubitat
963 1921 1144 1966 utrum
1171 1920 1344 1962 annos
1372 1903 1591 1974 triginta
1613 1900 1861 1956 Christus
1881 1915 2071 1956 exces-

504 2016 654 2080 serit,
690 2027 758 2065 an
790 2006 929 2062 infra
963 2004 1085 2058 illos
1129 1995 1459 2060 constiterit,
1505 2009 1630 2049 cum
1688 1992 1753 2047 ad
1801 1990 2068 2046 Joannem

505 2105 753 2165 accessit.
803 2099 912 2156 Cur
952 2095 1061 2152 ita?
1113 2091 1301 2147 Nonne
1344 2088 1488 2158 quod
1518 2086 1694 2140 Lucas
1720 2085 2071 2156 ἀπορητικῶς

505 2200 649 2268 loqui
677 2197 829 2251 visus
863 2201 965 2253 est,
994 2202 1115 2241 cum
1143 2183 1276 2237 ὡσεὶ
1309 2179 1445 2234 ἐτῶν
1479 2177 1772 2250 τριάκοντα.
1819 2176 2072 2246 scripsit?

506 2267 831 2345 Atilrcnteus
860 2290 1066 2336 tantum
1099 2277 1167 2330 ab
1197 2271 1386 2342 rigidis
1415 2269 1522 2324 illis
1545 2267 1954 2338 praefractisque
1977 2281 2070 2321 ro-

505 2384 746 2440 cularum
777 2371 1162 2443 interpretibus
1187 2367 1474 2429 abhorret;
1503 2369 1562 2414 ut
1590 2361 1626 2414 l.
1653 2376 1717 2424 ιι,
1746 2374 1795 2414 c.
1825 2359 2070 2414 59011τί-

505 2489 644 2534 stum
670 2467 921 2542 baptismi
954 2475 1193 2532 tempore
1215 2457 1453 2514 nondum
1475 2452 1650 2508 aetatis
1670 2467 1869 2506 annum
1907 2451 2072 2506 trice-

505 2570 703 2627 simum
738 2559 1039 2628 explevisse
1078 2559 1318 2609 censeat.
1346 2546 1706 2602 Praetermitto
1745 2545 2072 2600 recentiores

505 2654 819 2728 apostolicis
862 2650 970 2704 illis
1000 2642 1335 2712 temporibus
1362 2638 1569 2698 Patres,
1589 2645 1921 2704 eteterosque
1951 2651 2072 2728 gra-

507 2726 708 2816 ves,‘et
739 2743 980 2800 eruditos
1027 2736 1306 2796 homines;
1358 2730 1450 2800 qui
1502 2728 1662 2782 Luca:
1700 2727 2070 2782 testimonium

506 2843 824 2912 ἀδιορίστως
851 2841 1064 2890 aetatem
1091 2824 1318 2890 Christi,
1347 2837 1411 2876 ac
1441 2818 1732 2882 πλατυκῶς
1768 2817 2075 2912 significare

508 2908 920 2990 non-dubitant.
972 2921 1082 2975 Nec
1126 2914 1433 2978 defuerunt,
1483 2911 1575 2980 qui
1622 2925 1719 2978 pro
1749 2908 2071 2979 ἀρχόμενος,

507 3024 799 3099 ἐρχόμενος
855 3012 1099 3085 legerint,
1144 3016 1204 3062 ut
1248 3002 1596 3099 Epiphanius
1611 3010 1670 3099 et
1713 2999 2071 3099 Euthyrn-i-us;

507 3091 654 3172 adeo
686 3109 1028 3183 participium
1062 3099 1362 3173 ἀρχόμενος
1403 3097 1468 3150 ad
1513 3093 1673 3148 oﬂicii
1724 3100 1780 3147 et
1808 3091 2073 3183 prtedica-
2100 3117 2144 3177 θ

508 3205 672 3263 tionis
693 3182 1005 3258 exordium,
1045 3208 1154 3248 non
1202 3188 1268 3244 ad
1312 3187 1584 3241 ineuntem
1612 3189 1824 3238 aetatem
1859 3182 2073 3236 illorum

508 3293 776 3352 sententia
805 3294 1108 3345 revocatur.

581 3383 688 3440 Sed
726 3389 811 3436 est
835 3377 980 3433 aliud
1009 3372 1288 3445 quiddam,
1316 3367 1460 3439 quod
1487 3375 1696 3420 veteres
1721 3362 1969 3432 perinde,
2012 3378 2076 3419 ac

509 3474 840 3532 recentiores
867 3479 1078 3527 omnes,
1102 3460 1192 3530 qui
1223 3459 1290 3513 de
1311 3455 1474 3510 natali
1491 3468 1638 3510 anno
1657 3452 1859 3507 Christi
1887 3451 2077 3522 dispu-

512 3573 715 3628 tarunt,
746 3570 1005 3628 tanquam
1045 3551 1410 3608 certissimum
1461 3545 1622 3615 vulgo
1678 3552 2072 3613 sumpserunt:

509 3657 766 3714 nimirum
821 3649 1097 3706 Christum
1147 3656 1291 3698 anno
1339 3656 1407 3694 xv
1459 3636 1662 3692 Tiberii
1735 3635 2073 3706 baptizatum

509 3749 702 3804 fuisse.
733 3741 890 3798 Unde
920 3753 1043 3794 cum
1069 3732 1274 3789 Tiberii
1316 3746 1383 3784 xv
1409 3727 1636 3797 coeperit
1667 3740 1813 3780 anno
1855 3724 2076 3782 Juliano

509 3843 600 3904 75,
637 3837 822 3893 Silano
846 3842 898 3888 et
920 3829 1092 3883 Nerva
1138 3837 1378 3888 coss.,ex
1405 3821 1468 3874 Α.
1507 3817 1570 3872 D.
1605 3834 1693 3871 xlv
1730 3817 1856 3874 Kal.
1897 3815 2074 3886 Sept.,

509 3946 563 3990 et
588 3929 892 4000 baptisrnus
927 3919 1130 3977 Christi
1163 3918 1215 3972 in
1247 3912 1493 3968 Januarii
1519 3926 1570 3964 vt
1606 3910 1917 3974 incurrerit,
1945 3924 2078 3965 con-

507 4025 656 4082 venit
683 4033 828 4076 anno
864 4015 1078 4070 Juliano
1108 4008 1204 4075 7i,
1239 4003 1482 4061 Geminis
1513 4002 1728 4057 duobus
1759 4016 1927 4066 coss.,
1957 4017 2080 4072 quae

508 4127 592 4174 est
617 4112 863 4170 omnium
911 4106 1024 4162 fere
1051 4097 1358 4158 communis
1407 4095 1612 4165 opinio.
1655 4093 1812 4160 Quod
1861 4095 2076 4149 illorum

509 4211 910 4262 ﬁrmamentum
941 4195 989 4250 si
1018 4193 1143 4264 quis
1170 4185 1480 4250 extorserit,
1533 4185 1713 4239 omnis
1743 4184 1833 4238 illa
1871 4183 2077 4239 Christi

510 4300 706 4355 natalis
730 4288 1088 4362 investigandi
1112 4285 1252 4340 ratio
1275 4279 1601 4337 labefactata
1635 4276 1893 4333 concidit.
1913 4276 2078 4346 Atqui

511 4404 656 4444 anno
711 4387 832 4456 ipso
881 4380 1085 4436 Tiberii
1122 4394 1187 4432 xv
1229 4376 1566 4445 baptizatum
1625 4386 1747 4429 esse
1801 4371 2077 4427 Christum

1600 325 1937 386 APPENDIX
1980 321 2613 381 DlSSERTATlONUM.

834 455 1087 526 obiicitur
1115 469 1128 506 :
1163 451 1274 505 Kal.
1295 452 1438 521 τρεῖς
1481 446 1712 508 δεκάδας
1741 445 1877 498 ἑτῶν
1908 439 2060 494 πολι-

2174 436 2378 494 lnliano
2411 439 2500 502 45,
2547 437 2774 492 Lentulo
2833 447 2886 492 et
2915 437 3111 491 Pisone
3161 451 3329 500 coss.,
3363 435 3744 492 collocandum

3637 323 3672 378 9
3678 323 3746 378 03

2169 531 2538 600 scripserunt;
2589 531 2749 585 itaut
2781 530 2992 598 primus
3035 543 3248 593 eorum,
3281 543 3422 597 quos
3477 542 3508 581 a
3560 525 3742 581 Nauii

2167 619 2371 676 Christi
2423 632 2698 691 putamus,
2748 621 3001 675 Julianus
3061 619 3131 674 sit
3178 619 3268 684 46,
3304 618 3368 674 C.
3431 617 3651 672 Caesare
3687 627 3742 672 et

2167 710 2336 766 Paulo
2370 729 2512 769 coss.
2560 713 2715 779 Quod
2755 715 2970 783 quidem
3007 714 3279 784 eclipseon
3327 726 3392 766 ac
3435 710 3740 764 caelestium

2168 813 2416 858 motuum
2442 803 2758 873 descriptio,
2786 814 2839 858 et
2863 804 2996 874 cycli
3025 805 3128 874 ipsi
3162 819 3227 857 ex
3258 800 3466 872 vulgari
3485 800 3744 856 methodo

2168 895 2300 949 satis
2338 895 2632 960 evincunt,
2689 904 2746 949 ιιι
2800 894 3015 949 abunde
3065 894 3329 948 hactenus
3374 889 3740 946 ostendimus.

2167 984 2323 1052 Quod
2363 987 2409 1042 si
2437 987 2561 1057 quis
2605 1003 2769 1041 seram
2806 987 3108 1057 vulgarem,
3159 1000 3319 1054 quam
3352 983 3742 1055 Dionysianatn

2167 1087 2366 1132 vocant
2395 1119 2410 1144 ,
2467 1093 2590 1134 cum
2631 1079 2698 1134 iis
2729 1078 2984 1133 omnibus
3013 1077 3305 1132 conciliare
3339 1075 3596 1137 voluerit,
3633 1073 3742 1127 imo

2168 1169 2480 1224 consentire
2509 1169 2626 1238 ipse
2657 1185 2843 1224 secum
2871 1187 2884 1235 ;
2922 1170 3158 1239 primum
3191 1167 3408 1222 Juliano
3462 1182 3630 1230 anno,
3684 1181 3743 1221 ac

2169 1271 2312 1312 coss.
2347 1272 2486 1326 quos
2515 1257 2624 1312 dixi
2652 1297 2668 1323 ,
2725 1255 2968 1312 Natalem
3003 1257 3207 1313 Christi
3242 1257 3483 1311 tribuere
3531 1255 3692 1310 debet
3725 1270 3739 1307 :

2168 1356 2282 1402 tum
2309 1346 2559 1401 eumdem
2585 1345 2862 1401 Christum
2896 1345 3114 1400 Juliano
3138 1345 3204 1400 75
3236 1346 3568 1416 baptizatum
3593 1359 3743 1398 asse.

2167 1452 2306 1500 rere,
2330 1451 2474 1490 anno
2493 1437 2807 1492 aetatisxxtx
2829 1435 2938 1505 jam
2970 1436 3258 1505 completo,
3286 1445 3340 1490 et
3367 1437 3590 1490 ineunte
3613 1452 3739 1490 xxx.

2167 1527 2522 1597 Alioquicum
2541 1526 2894 1582 Geminorum
2913 1528 3232 1582 consulatus
3264 1541 3411 1581 anno
3445 1525 3515 1580 29
3548 1525 3745 1598 Diony-

2167 1618 2332 1672 siante
2359 1633 2480 1672 tera:
2518 1628 2801 1689 congruat,
2839 1619 2993 1689 cyclo
3024 1619 3157 1674 solis
3187 1635 3240 1682 x,
3282 1619 3426 1673 lunae
3475 1635 3553 1681 xi,
3582 1618 3744 1674 Chri-

2170 1719 2308 1772 stus,
2321 1708 2548 1778 expletis
2563 1707 2826 1764 duntaxat
2841 1725 3009 1765 xxvm
3029 1710 3209 1774 annis,
3229 1711 3536 1779 baptizatus
3559 1710 3739 1766 fuerit.

2099 1779 2140 1835 Β
2172 1797 2286 1852 lmo
2323 1812 2452 1854 vero
2474 1798 2520 1852 si
2547 1797 2789 1870 Dionysii
2815 1798 2962 1856 illius
2985 1815 3106 1854 aera:
3140 1802 3462 1866 conditoris,
3495 1817 3561 1856 ac
3585 1801 3744 1858 Beda

2170 1887 2407 1943 decretis
2453 1885 2780 1951 insistimus,
2805 1889 3023 1946 nonnisi
3051 1907 3200 1947 xxvn
3229 1906 3406 1947 annos
3433 1892 3743 1948 absolverat

2168 1973 2443 2041 Christus,
2482 1989 2608 2031 cum
2650 1978 2718 2032 ad
2749 1975 3014 2035 Joannem
3043 1981 3212 2036 venit.

2172 2085 2446 2152 Quomodo
2478 2087 2712 2164 vulgaris
2748 2107 2858 2164 tera
2888 2090 3090 2146 Christi
3133 2093 3197 2146 ab
3234 2093 3470 2148 auctoris
3499 2093 3744 2164 Dionysii

2683 2161 2929 2214 instituto
2955 2163 3233 2218 dissideat.

2244 2248 2534 2306 Sciendum
2561 2252 2706 2306 enim
2729 2261 2832 2317 est,
2851 2267 3055 2308 annum
3085 2255 3259 2317 illum,
3286 2271 3451 2325 quem
3478 2272 3602 2312 tera:
3630 2259 3744 2312 vnl-

2171 2342 2318 2410 garis
2362 2344 2600 2410 primum
2655 2343 2908 2409 facimus,
2941 2355 2996 2399 et
3026 2347 3276 2415 proxime
3331 2363 3360 2402 a
3408 2347 3587 2404 Natali
3625 2351 3743 2422 ipso

2173 2431 2468 2489 Salvatoris
2494 2435 2907 2504 auspicamur,a
2933 2438 3108 2507 primo
3130 2441 3275 2495 illius
3301 2452 3526 2498 auctore
3558 2445 3743 2499 lucar-

2173 2523 2410 2578 nationis
2462 2539 2528 2578 ac
2585 2523 2792 2581 Natalis
2830 2541 3034 2581 annum
3078 2544 3200 2585 esse
3240 2532 3602 2588 constitutum
3643 2550 3656 2585 :
3696 2535 3743 2588 id

2173 2613 2318 2683 quod
2355 2630 2419 2668 ex
2451 2613 2692 2685 Dionysii
2723 2616 2932 2686 ipsius,
2979 2630 3045 2671 ac
3096 2616 3253 2673 Beda:
3286 2621 3606 2675 testimonio
3635 2622 3744 2691 pla-

2174 2720 2305 2759 num
2335 2704 2528 2760 faciam
2568 2724 2582 2762 :
2617 2723 2742 2762 nam
2770 2706 3082 2780 Dionysius,
3107 2718 3167 2763 ut
3199 2721 3391 2766 auctor
3425 2721 3512 2766 est
3545 2713 3686 2768 Beda
3707 2715 3742 2767 l.

2178 2797 2251 2850 De
2280 2808 2438 2867 temp.
2472 2800 2833 2869 ratione.cap.
2872 2801 2970 2866 45,
3021 2811 3077 2856 et
3121 2802 3250 2857 alibi
3305 2819 3485 2873 saepe,
3535 2806 3743 2876 cyclum

2174 2904 2332 2944 suum
2366 2905 2630 2946 annorum
2661 2891 2766 2946 552
2793 2893 2861 2948 ab
2899 2908 2965 2949 eo
3015 2894 3291 2952 inchoavit
3322 2910 3491 2960 anno,
3527 2899 3624 2966 qui
3662 2898 3746 2951 ln-

2177 2984 2548 3038 caruationem
2583 2991 2638 3038 et
2689 2983 3034 3040 Nativitatem
3073 2989 3388 3044 antecessit.
3428 2989 3620 3060 Itaque
3643 2991 3746 3061 pri-

2178 3091 2328 3129 mum
2363 3091 2566 3130 annum
2597 3077 2735 3148 cycli
2766 3077 2854 3132 sui
2877 3078 3048 3133 voluit
3075 3093 3200 3135 eum
3235 3095 3380 3146 esse,
3407 3084 3603 3151 quiest
3629 3099 3747 3138 serae

2177 3167 2484 3222 communis
2513 3167 2644 3233 552;
2690 3168 2992 3223 secundum
3021 3184 3152 3224 vero
3188 3187 3335 3236 eum,
3381 3173 3477 3242 qui
3512 3183 3596 3228 est
3623 3175 3742 3228 5‘53.

2176 3257 2296 3326 Quo
2327 3261 2404 3323 iit,
2435 3268 2493 3313 ut
2519 3259 2565 3314 si
2586 3269 2730 3314 retro
2755 3261 3005 3332 progredi
3039 3263 3298 3330 volueris,
3334 3279 3514 3319 annos
3537 3268 3742 3334 primus

2177 3353 2310 3424 cycli
2343 3351 2654 3422 Dionysiani
2697 3354 2942 3422 proxime
2987 3355 3384 3410 lncarnationis
3434 3371 3502 3412 ac
3544 3354 3745 3412 Nativi-

2179 3442 2304 3496 tatis
2332 3455 2536 3496 annum
2564 3443 2853 3511 praecedat.
2904 3443 3050 3499 Idem
3084 3445 3139 3499 in
3187 3445 3480 3516 Computo,
3523 3449 3741 3518 cap.t7,

2179 3534 2371 3602 repetit
2399 3532 2540 3588 Beda
2568 3542 2653 3588 :et
2686 3549 2752 3588 ne
2771 3549 2877 3604 qua
2901 3536 3170 3591 dubitatio
3195 3539 3366 3606 possit
3395 3553 3542 3603 esse,
3572 3550 3744 3593 certos

2178 3622 2521 3677 characteres
2555 3621 2723 3687 addit,
2754 3624 2954 3693 quibus
2981 3627 3260 3681 secundus
3282 3627 3374 3682 ille
3403 3642 3582 3682 annus
3611 3629 3741 3699 cycli

2178 3713 2248 3768 ab
2275 3713 2397 3768 aliis
2429 3713 2756 3770 discernitur
2785 3733 2800 3771 :
2846 3716 3036 3782 veluti,
3065 3717 3211 3786 quod
3243 3731 3463 3788 epaetas
3503 3717 3744 3775 habuerit

2178 3822 2270 3869 xl;
2299 3814 2689 3862 concurrentes
2730 3822 2792 3873 v;
2822 3808 2948 3862 luna
2972 3809 3097 3862 item
3122 3825 3212 3864 xw
3243 3809 3295 3863 in
3322 3826 3419 3865 vut
3451 3811 3571 3864 Kal.
3617 3812 3742 3880 Apr.

2179 3899 2459 3955 Dominica
2485 3915 2612 3955 vero
2639 3897 2920 3956 Paschalis
2955 3917 3007 3955 vr
3039 3900 3156 3956 Kal.
3191 3903 3322 3972 Apr.
3358 3903 3487 3958 luna
3519 3921 3625 3958 χιιι.
3655 3904 3746 3958 Est

2177 3992 2324 4049 enim
2348 3991 2438 4047 hic
2473 4007 2650 4047 annus
2675 4006 2797 4046 terte
2825 3993 3134 4047 communis
3167 3994 3400 4062 primus,
3441 3994 3594 4063 cyclo
3619 3993 3744 4048 solis

2178 4100 2233 4149 x,
2263 4083 2404 4140 luna‘:
2441 4097 2504 4147 ιι,
2532 4091 2735 4152 cpactre
2766 4099 2841 4148 xi,
2889 4094 3283 4140 concurrentes
3313 4101 3366 4140 v.
3397 4084 3742 4140 Nevilunium

2179 4177 2416 4232 medium
2443 4191 2507 4230 ex
2536 4173 2761 4229 Frisicis
2787 4174 2992 4229 Mullcri
3023 4175 3435 4233 tabulis.Martii
3461 4193 3579 4242 xm,
3615 4178 3742 4230 hora

2178 4267 2232 4330 '7,
2257 4266 2345 4330 59,
2371 4265 2460 4330 59,
2483 4274 2607 4334 post
2627 4266 2768 4320 med.
2799 4275 3036 4330 noctem,
3066 4265 3191 4320 luna
3216 4283 3329 4330 xiv,
3364 4266 3544 4321 Martii
3570 4285 3694 4322 xxvi
3723 4283 3740 4322 :

2179 4358 2272 4413 sed
2292 4357 2361 4411 ob
2393 4356 2700 4428 προήγησιν
2732 4354 2963 4410 Niezenis
2985 4343 3345 4426 temporibus,
3377 4360 3443 4413 ad
3469 4375 3593 4430 qua:
3626 4359 3743 4413 Dio-

511 4479 655 4534 unde
693 4445 908 4531 tandem
943 4468 1284 4525 habuerunt?
1316 4466 1494 4523 Lucas
1519 4463 1663 4520 enim
1693 4477 1813 4532 cap.
1844 4478 1917 4526 ιιι,
1950 4463 2001 4528 t,
2021 4461 2073 4524 Ξ,

2184 4447 2372 4518 nysius
2402 4445 2611 4516 cyclum
2648 4461 2805 4499 suum
2847 4446 3049 4516 dirigit,
3079 4447 3418 4502 novilunium
3449 4448 3625 4503 Martii
3659 4465 3746 4516 xu,

512 4583 656 4622 anno
679 4581 747 4621 xv
800 4562 1001 4618 Tiberii
1028 4559 1290 4615 Joannem
1323 4556 1496 4614 sancti
1538 4554 1772 4626 Spiritus
1801 4551 1981 4608 amatu
2011 4553 2079 4607 ad

512 4656 917 4731 praedicandam
967 4651 1338 4724 ptenitentiam
1378 4647 1650 4717 prodiisse
1686 4653 1919 4706 narrat,
1970 4657 2080 4696 non

510 4764 642 4806 vero
674 4747 949 4801 Christum
978 4742 1167 4798 eodem
1185 4741 1278 4796 illo
1309 4737 1514 4794 Tiberii
1544 4753 1611 4792 xv
1641 4751 1784 4790 anno
1813 4751 1843 4789 a
1871 4733 2081 4788 Joanne

516 4840 866 4911 baptizatum.
896 4832 1107 4896 Etenim
1143 4832 1257 4886 ﬁeri
1289 4836 1483 4900 potest,
1518 4837 1579 4882 ut
1622 4825 1840 4881 Juliano
1870 4826 1957 4886 74,
1989 4822 2081 4879 Ti-

509 4933 642 4988 berii
686 4946 752 4985 xv
780 4936 1029 4992 exeunte,
1071 4933 1259 4994 utputa
1293 4922 1538 4991 Augusto
1568 4919 1808 4982 ineunte,
1840 4918 2081 4972 Joannes

510 5022 698 5078 relicta
727 5017 1020 5074 solitudine
1049 5015 1102 5068 in
1134 5013 1406 5084 publicum
1437 5009 1735 5073 cmerserit,
1754 5017 1808 5063 et
1841 5022 1986 5062 anno
2010 5005 2080 5059 75

506 5114 726 5170 Juliano
782 5109 1090 5180 baptizatus
1123 5106 1192 5160 ab
1239 5104 1428 5159 eodem
1465 5103 1535 5158 sit
1566 5103 1838 5167 Christus,
1875 5100 2076 5154 Tiberii

511 5223 617 5261 xvr.
653 5201 809 5270 Quod
843 5217 872 5256 a
897 5197 1132 5265 nemine,
1160 5201 1423 5266 quantum
1457 5193 1648 5260 sciam,
1680 5193 1943 5248 hactenus
1981 5191 2079 5246 ob-

510 5309 808 5362 servatum,
839 5293 1131 5364 plurimum
1170 5289 1236 5344 ad
1283 5287 1590 5342 communis
1633 5301 1696 5340 ac
1735 5284 2078 5353 Dionysiana:

507 5407 628 5445 aera:
657 5387 1022 5459 patrocinium
1063 5383 1294 5439 confert.
1331 5377 1499 5434 Nemo
1527 5387 1611 5434 est
1653 5378 1800 5433 enim
1842 5388 1948 5431 tam
1980 5390 2076 5445 pa-

508 5497 650 5545 rum,
678 5495 783 5533 non
809 5477 986 5532 dicam
1022 5472 1422 5530 mathematicis
1453 5471 1686 5535 artibus,
1733 5467 1827 5523 sed
1867 5467 2075 5537 vulgari

509 5572 597 5623 illa
623 5569 815 5637 peritia
861 5567 1338 5622 subducendorum
1385 5573 1691 5631 temporum
1746 5562 2072 5623 instructus,

507 5659 600 5725 qui
630 5673 736 5710 non
769 5671 1008 5726 pugnare
1039 5670 1220 5710 secum
1253 5651 1374 5708 illos
1403 5667 1592 5708 omnes
1651 5651 2069 5713 animadvertat,

507 5749 601 5816 qui
632 5747 875 5802 Natalem
905 5748 1116 5801 Domini
1136 5763 1200 5801 ex
1223 5760 1327 5800 tera
1347 5745 1551 5813 vulgari
1581 5744 1686 5798 alio
1713 5756 1878 5808 anno,
1903 5757 2067 5812 quam

2181 4542 2307 4594 luna
2326 4553 2438 4604 xtv,
2457 4536 2630 4591 Martii
2654 4553 2774 4602 xxv,
2802 4537 2916 4591 sive
2945 4553 3040 4592 vm
3064 4536 3162 4592 Kal
3203 4539 3358 4608 Αρικ,
3378 4541 3458 4594 lit.
3479 4540 3739 4598 Dominic.

2180 4629 2240 4684 Β.
2279 4629 2513 4684 Proinde
2542 4627 2720 4682 Martii
2746 4645 2908 4690 xxvu,
2942 4630 3241 4685 Dominica.
3275 4630 3414 4686 Hinc
3442 4643 3529 4688 est
3580 4637 3740 4704 quod,

2179 4731 2240 4777 ut
2271 4722 2459 4777 scribit
2489 4721 2651 4786 Beda,
2687 4721 2974 4792 Dionysius
3011 4721 3077 4776 ad
3103 4724 3417 4778 methodum
3457 4725 3740 4782 decereno-

2181 4815 2430 4870 vennalis
2463 4815 2622 4870 annis
2675 4814 2887 4868 Domini
2931 4828 3100 4868 unum
3129 4814 3290 4882 adjici
3329 4816 3520 4885 jubet;
3555 4816 3744 4886 signiﬁ-

2180 4924 2308 4961 cans
2357 4907 2451 4960 illo
2491 4907 2772 4960 incantato
2812 4921 2974 4958 unum
3017 4904 3220 4960 Circuli
3267 4906 3742 4962 decennouenali:

2179 5014 2374 5051 annum
2405 5000 2520 5069 jam
2543 4999 2706 5067 fuisse
2733 4997 3067 5066 completum.
3103 4996 3312 5063 Quibus
3334 5013 3400 5053 ex
3433 4999 3591 5054 Beda:
3628 4999 3746 5055 Dio-

2179 5092 2428 5162 nysiique
2476 5091 2656 5146 verbis
2685 5091 2931 5146 vitiosam
2985 5088 3442 5161 Dionysianorum
3472 5092 3740 5162 eyclorum

2177 5183 2592 5253 descriptionem
2624 5197 2746 5239 esse
2772 5191 2934 5252 patet,
2953 5196 3074 5251 quae
3099 5183 3237 5251 apud
3265 5183 3517 5238 eumdem
3550 5183 3741 5239 Bedatn

2181 5282 2328 5328 tomo
2356 5272 2375 5326 Ι
2401 5274 2686 5343 reperitur.
2711 5270 2787 5326 lbi
2817 5271 2964 5326 enim
2997 5285 3142 5324 anno
3171 5272 3348 5340 primo
3368 5272 3550 5327 littera
3573 5272 3617 5327 E
3647 5289 3740 5344 po-

2177 5367 2325 5421 nitur
2356 5383 2368 5419 :
2404 5381 2549 5420 anno
2575 5364 2834 5429 secundo,
2857 5362 2961 5419 DC.
2987 5363 3150 5433 Atqui
3173 5363 3381 5432 primus
3409 5379 3586 5420 annus
3615 5366 3738 5436 cycli

2177 5459 2493 5531 Dionysiani
2530 5456 2798 5513 bisextilis
2829 5464 2932 5521 est,
2964 5469 3072 5508 non
3127 5455 3426 5517 secundus,
3458 5455 3554 5524 qui
3587 5455 3740 5509 habet

2177 5552 2409 5605 litteram
2442 5549 2502 5616 Β,
2533 5549 2608 5603 uti
2632 5549 2780 5619 prior
2811 5545 2918 5602 DC.
2947 5545 3074 5601 Ideo
3093 5544 3288 5600 merito
3315 5544 3457 5599 Beda
3487 5545 3740 5608 correxit,

2174 5654 2228 5700 et
2277 5643 2584 5700 bisextilem
2641 5642 2776 5714 cycli
2819 5640 3056 5711 primum
3113 5654 3322 5693 annum
3374 5653 3497 5692 esse
3555 5636 3738 5692 voluit.

2175 5740 2498 5807 Quanquam
2525 5732 2793 5804 suspicari
2833 5732 2956 5787 licet
2981 5731 3296 5802 Dionysium
3333 5729 3512 5800 primo
3537 5741 3736 5783 annum
