3986 6224
289 346 395 403 909

1445 334 1532 389 DE
1567 331 1753 390 ANNO
1786 332 2038 389 NATALI
2076 330 2370 389 CHRISTI.

3419 330 3523 384 910

292 462 540 519 Natalem
581 460 634 514 in
664 458 880 513 tertium
909 456 1119 528 oly'mp.‘
1152 455 1253 509 194
1283 454 1680 523 conjicientem,
1712 461 1858 508 recte
1886 458 1933 516 Α
1961 452 2137 507 littera
2171 451 2329 506 Dom.
2375 450 2435 504 Β.
2460 449 2641 517 Quare
2669 450 2875 505 decima
2913 456 3106 519 quarta
3127 445 3405 503 Paschalis
3440 448 3525 500 in-

294 556 589 609 adnotasse
622 550 932 620 proximum
960 548 1112 602 illum
1143 555 1269 601 ante
1316 545 1618 600 bisextilem
1665 543 1857 609 fuisse,

292 647 456 714 eique
480 649 762 712 propterea
801 640 1033 693 litteram
1061 636 1103 689 E
1137 636 1391 691 tribuisse
1425 650 1437 685 :
1478 642 1659 704 postea
1678 642 1857 687 tamen

296 737 715 799 hallucmatum,
759 730 1002 786 Natalem
1047 729 1389 786 submovisse
1446 727 1499 780 in
1555 740 1758 780 annum
1807 740 1857 778 Iv

296 828 502 897 olymp.
524 825 790 895 ejusdem,
814 822 895 877 vel
918 830 1063 877 certe
1089 821 1311 874 alteram
1340 817 1649 888 quempiam
1690 814 1859 869 ascri-

294 919 475 989 psisse
515 918 752 971 litteram
784 913 847 978 E,
878 927 1039 981 quam
1083 909 1374 965 convenire
1411 914 1596 962 nosset
1623 919 1768 960 anno
1803 918 1861 957 ιιι

292 1009 499 1078 olymp.
547 1005 671 1061 194,
723 1003 809 1059 cui
866 1000 1153 1070 Dionysius
1194 998 1437 1051 Natalem
1470 996 1863 1065 sssignaverat,

294 1113 398 1151 nec
425 1094 741 1155 advertisse.
768 1091 946 1146 minus
974 1091 1078 1144 hoc
1106 1090 1172 1142 ad
1202 1102 1363 1143 suum
1399 1086 1865 1153 institutunf‘qua-

293 1190 475 1243 drare.
509 1184 805 1253 Utcunque
828 1196 957 1237 vero
995 1179 1272 1245 ceciderit,
1322 1192 1423 1232 nos
1464 1189 1627 1230 seram
1657 1175 1861 1245 Diony-

294 1279 506 1335 sianam
533 1291 641 1331 uno
675 1272 1036 1341 anticipamus
1086 1284 1267 1324 anno:
1296 1277 1350 1323 et
1373 1282 1533 1335 quem
1563 1266 1650 1320 ille
1685 1265 1865 1318 lucar-

294 1370 537 1425 nationis
572 1381 627 1422 et
670 1364 979 1420 Nativitatis
1027 1378 1227 1416 annum
1270 1375 1391 1415 esse
1424 1360 1616 1425 voluit,
1677 1358 1864 1428 proxi-

294 1475 445 1512 mum
475 1474 504 1511 a
539 1456 828 1511 Nativitate
853 1448 1862 1521 constituimus,quodimprudentibus

295 1549 455 1603 nobis
482 1546 741 1615 obrepsit.
771 1544 906 1601 Cum
929 1544 1076 1598 enim
1114 1556 1352 1610 majores
1383 1542 1556 1595 nostri
1591 1554 1765 1593 annos
1795 1538 1864 1592 ab

295 1635 674 1691 lncarnatioue
700 1640 1067 1695 numerarent,
1106 1638 1294 1700 postea
1318 1627 1521 1684 factum
1544 1638 1648 1691 est,
1673 1636 1731 1682 ut
1764 1627 1859 1697 qui

292 1740 326 1780 a
359 1724 647 1779 Nativitate
671 1723 852 1792 potius
877 1721 1089 1774 initium
1138 1728 1380 1787 repetere
1404 1720 1621 1783 vellent,
1652 1733 1775 1772 cum
1807 1733 1858 1771 ix

1960 545 2131 599 currit
2159 544 2212 597 in
2245 559 2298 597 ix
2325 545 2453 613 Apr.
2490 543 2589 597 fer.
2616 558 2707 595 vn.
2732 541 3000 597 Postridie
3029 542 3207 607 itaque
3240 538 3520 594 Dominica

1960 634 2259 690 Paschalis.
2290 634 2453 703 Atqui
2487 632 2811 688 utChristus
2848 641 3009 687 natus
3042 632 3111 686 sit
3127 640 3359 687 exeunte
3380 645 3526 687 anno

1963 724 2291 795 Dionysiano
2315 724 2573 790 secundo,
2604 739 2747 777 anno
2770 723 2839 776 54
2862 732 3114 789 exeunte,
3152 736 3261 777 non
3290 723 3525 792 amplius

1961 830 2110 869 xxxn
2140 830 2311 870 annos
2338 814 2542 871 solidos
2590 814 2911 883 expleverit;
2945 813 3165 868 ineunte
3197 828 3326 867 vero
3359 827 3523 875 xxxv.

1968 907 2302 961 tricesimum
2330 908 2544 962 tertium
2574 907 2880 961 inchoabat.
2911 904 3053 975 Ergo
3084 906 3319 976 primum
3350 906 3525 960 aetatis

1961 1009 2163 1049 annum
2216 994 2524 1067 Campanus
2556 1012 2677 1051 cum
2718 1003 2988 1061 numerat,
3023 1010 3133 1065 quo
3177 996 3232 1051 in
3271 1005 3518 1051 materno

1964 1098 2123 1144 utero
2145 1097 2384 1159 gestatus
2417 1098 2520 1144 est.

1962 1201 2040 1255 De
2081 1201 2354 1271 Sigeberti,
2406 1201 2681 1271 Mariani,
2708 1200 3036 1270 aliorumque
3092 1198 3525 1269 chronologorum

2031 1270 2475 1351 ltriltucinatione,
2546 1270 2683 1338 quod
2767 1272 2835 1323 ad
2907 1286 3030 1324 terve
3092 1271 3528 1337 anticipationem

2035 1350 2278 1408 pertinet.

2033 1451 2189 1517 Quod
2228 1460 2314 1507 est
2347 1468 2377 1505 a
2417 1452 2572 1509 nobis
2624 1453 2874 1524 proxime
2924 1452 3280 1521 disputatum,
3321 1449 3527 1520 Diony-

1971 1543 2179 1597 sianam
2245 1558 2430 1609 teram,
2499 1559 2621 1599 cum
2662 1545 2730 1599 ab
2785 1559 2927 1598 anno
2991 1542 3385 1598 lnearnationis
3442 1540 3530 1596 in—

1963 1634 2207 1687 choanda
2249 1635 2319 1689 sit
2362 1634 2428 1687 ab
2456 1648 2541 1699 eo,
2596 1635 2689 1704 qui
2738 1634 3078 1688 Nativitatem
3114 1635 3380 1703 sequitur,
3425 1632 3527 1687 ho-

1963 1723 2154 1777 dierno
2181 1738 2281 1777 usu
2316 1724 2503 1792 repeti,
2537 1726 2709 1793 prima
2740 1722 2915 1778 fronte
2945 1724 3256 1793 Sigebcrtus
3282 1723 3528 1777 animad—

294 1830 515 1870 meuses
546 1788 827 1869 detrahere
860 1812 1138 1877 deberent,
1170 1811 1343 1865 tribus
1377 1818 1712 1865 antevertere
1742 1822 1858 1861 ma-
1891 1788 1935 1848 Β
1966 1813 2191 1867 vertisse
2243 1788 2411 1865 videri
2466 1788 2659 1882 ροὶεει,
2714 1809 2848 1865 Nam
2889 1812 2951 1864 ad
2992 1788 3193 1864 {unum
3250 1811 3355 1864 552
3416 1811 3531 1865 haec

297 1907 521 1969 luerint,
554 1914 603 1959 et
634 1906 703 1959 ab
732 1918 798 1958 eo
827 1901 1023 1964 Natali,
1055 1901 1147 1970 qui
1177 1899 1574 1955 lncarnatiOnis
1598 1899 1859 1966 epoeham

295 1996 587 2059 antecedit,
612 2009 716 2049 non
740 1992 811 2047 ab
842 2007 907 2046 eo
932 1990 1025 2061 qui
1054 1988 1318 2059 sequitur,
1363 1988 1684 2043 numerandi
1711 1988 1862 2056 prin-

292 2086 501 2158 cipium
535 2082 812 2140 duxerint.
851 2080 1089 2135 Tametsi
1121 2078 1531 2135 vetustissimus
1578 2076 1667 2132 hic
1710 2091 1865 2132 error

291 2191 380 2236 est
435 2178 678 2246 adeoque
724 2172 967 2243 Dionysii
1009 2171 1202 2240 ipsius,
1261 2184 1323 2225 ac
1374 2168 1549 2222 Beda.
1604 2165 1743 2221 Hinc
1771 2165 1863 2221 illa

294 2271 445 2323 velut
470 2284 537 2322 ex
565 2267 770 2335 tripode
794 2262 1135 2332 pronuntiata
1167 2260 1429 2315 sententia
1461 2274 1471 2307 :
1511 2255 1681 2310 Habet
1702 2257 1861 2317 enim,

290 2359 402 2415 nisi
434 2356 617 2427 fallor,
663 2352 911 2407 Ecclesiae
939 2352 1094 2421 ﬁdes,
1129 2349 1409 2403 Dominum
1436 2348 1491 2401 in
1521 2362 1677 2400 carne
1705 2346 1865 2414 paulo

292 2450 415 2521 plus
441 2463 600 2518 quam
631 2461 794 2500 xxxiii
813 2445 965 2499 annis
988 2458 1147 2512 usque
1180 2442 1248 2494 ad
1280 2456 1377 2492 sua
1404 2447 1636 2507 tempora
1659 2437 1866 2505 passio-

290 2544 379 2596 nis
405 2538 596 2593 vixisse
625 2552 644 2589 :
677 2537 802 2606 quia
827 2534 1061 2588 videlicet
1085 2548 1190 2586 xxx
1220 2546 1478 2584 annorum
1508 2529 1667 2597 fuerit
1692 2526 1864 2596 bapti-

296 2642 453 2687 zatus
476 2649 495 2697 ;
518 2632 654 2683 sicut
692 2627 1010 2697 evangelista
1039 2624 1211 2679 Lucas
1241 2631 1484 2685 testatur,
1510 2630 1558 2675 et
1588 2610 1867 2674 tres’semis

290 2740 461 2777 annos
493 2730 608 2792 post
645 2719 905 2786 baptisma
927 2715 1313 2785 praadicaverit.
1335 2711 1458 2767 Haec
1470 2711 1612 2767 Beda
1632 2726 1751 2780 cap.
1776 2710 1868 2764 illo

290 2816 385 2869 47.
410 2814 542 2879 Quae
570 2812 616 2866 si
638 2826 704 2864 ex
736 2808 1007 2871 Ecclesiae,
1045 2815 1101 2860 ut
1124 2805 1338 2869 asserit,
1370 2804 1471 2857 (ide
1489 2802 1704 2857 decreta
1731 2801 1866 2867 sint,

293 2905 433 2959 nihil
459 2916 639 2958 causae
669 2908 771 2966 est,
812 2899 942 2968 quin
990 2897 1104 2966 ipsa
1131 2903 1320 2949 contra
1376 2906 1723 2948 communem
1769 2891 1871 2946 Ec-

295 2995 479 3050 clesiae
504 2992 661 3046 Iidem
696 2988 916 3044 sentiat.
958 2985 1167 3040 Etenim
1191 2983 1469 3039 Christum
1502 2996 1722 3052 passum
1752 2994 1872 3037 esse

297 3085 465 3139 tradit
502 3098 645 3136 anno
680 3096 803 3136 atrae
833 3088 1032 3132 nostra:
1075 3077 1163 3130 34.
1202 3073 1356 3129 Unde
1401 3072 1864 3144 quemadmodum

300 3189 503 3229 annum
538 3187 660 3226 atrae
695 3178 889 3224 nostra:
912 3169 1033 3233 555,
1051 3167 1143 3237 (ιυί
1172 3175 1256 3221 est
1291 3163 1514 3221 secundi
1553 3161 1870 3233 Dionysiani

298 3264 440 3335 cycli
478 3262 772 3323 secundus.
812 3258 1141 3327 respondere
1193 3263 1378 3309 censet
1429 3267 1573 3308 anno
1618 3252 1717 3317 illi,
1763 3267 1872 3321 quo

296 3353 553 3410 Christus
582 3352 902 3405 incarnatus
933 3356 1016 3402 est
1049 3362 1061 3398 :
1096 3348 1166 3400 ita
1200 3346 1266 3401 ad
1308 3344 1413 3400 552
1438 3343 1559 3398 addi
1598 3343 1754 3412 jubet
1781 3342 1870 3408 54,

300 3453 364 3498 ιιι
392 3444 526 3497 ιὶῖιιιι
554 3440 678 3507 566,
710 3438 803 3509 qui
834 3452 1011 3492 annus
1047 3437 1370 3506 respondeat
1425 3435 1580 3488 alteri
1630 3434 1728 3498 illi,
1764 3447 1874 3502 quo

300 3550 499 3605 passus
530 3544 615 3588 est
642 3531 924 3596 Dominus,
957 3530 1049 3599 qui
1076 3538 1158 3584 est
1181 3544 1302 3583 certe
1331 3528 1420 3581 34.
1450 3528 1684 3597 Apparet
1710 3526 1874 3596 igitur

302 3624 449 3693 apud
484 3622 707 3685 Bedam,
738 3629 791 3673 et
820 3618 1140 3689 Dionysium
1195 3633 1260 3672 eo
1285 3631 1454 3680 anno,
1485 3617 1575 3686 qui
1624 3626 1708 3671 est
1754 3630 1875 3670 arra:

303 3714 616 3772 communis
642 3712 733 3778 54,
764 3710 902 3782 cycli
959 3708 1272 3779 Dionysiani
1314 3708 1404 3772 35,
1435 3706 1711 3763 Christum
1753 3722 1874 3762 esse

302 3823 551 3880 passum.
585 3804 765 3870 Quare
808 3818 957 3867 cum,
1004 3811 1065 3855 ut
1098 3801 1173 3856 illi
1218 3809 1483 3864 statuunt,
1537 3814 1682 3854 anno
1738 3801 1873 3871 cycli

300 3899 563 3958 secundo,
604 3913 726 3951 mra:
777 3905 954 3948 autem
1002 3894 1200 3964 primo,
1237 3894 1555 3947 incarnatus
1605 3902 1874 3961 natusque

302 3989 375 4044 sit
408 3987 675 4042 Dominus
722 4000 893 4040 :cum
948 3998 1142 4053 passus
1187 3991 1289 4047 est,
1346 3996 1520 4035 annos
1568 3982 1875 4037 absolverat

302 4084 571 4138 duntaxat
618 4096 764 4134 xxxu
814 4094 934 4133 cum
976 4078 1184 4146 aliquot
1231 4076 1530 4128 mensibus.
1578 4073 1691 4128 Nisi
1735 4074 1876 4129 forte

301 4192 507 4234 annum
558 4175 733 4230 aetatis
779 4172 1013 4242 primum
1067 4184 1415 4223 numeremus
1478 4168 1648 4232 illum,
1682 4184 1788 4239 quo
1819 4168 1871 4220 in

300 4280 461 4326 utero
493 4267 680 4320 matris
709 4272 949 4333 geSIatus
978 4272 1089 4325 eSt;
1120 4259 1264 4330 quod
1293 4256 1746 4314 absurdissimum
1769 4267 1872 4311 est.

378 4359 444 4413 Et
475 4368 655 4412 tamen
688 4355 996 4422 Campanus
1027 4350 1258 4417 insignis
1273 4357 1651 4415 computorum
1682 4348 1874 4400 artifex

1962 1902 2213 1956 adnotat:
2238 1901 2315 1954 Ab
2341 1902 2434 1954 hoc
2465 1901 2625 1958 etiam
2656 1917 2794 1955 anno
2818 1900 3103 1969 Dionysius
3134 1899 3293 1952 abbas
3324 1899 3531 1952 orditur

1963 1990 2167 2059 cyclum
2197 2006 2380 2056 suum,
2432 1990 2695 2061 cyclorum
2758 2007 2788 2044 ν
2842 1990 3405 2044 decemnovennaliunt.
3464 1988 3532 2041 Et

1963 2084 2087 2153 quia
2115 2087 2372 2136 secundus
2411 2101 2579 2137 annus
2610 2084 2765 2152 hujus
2804 2085 2974 2151 operis
3016 2084 3337 2137 concordare
3380 2084 3531 2137 debet

1964 2174 2021 2225 in
2050 2175 2253 2227 ratione
2306 2176 2537 2242 computi
2568 2176 2739 2242 primo
2769 2189 2907 2226 anno
2954 2172 3271 2227 Nativitatis
3312 2173 3532 2237 Christi,

1966 2262 2112 2316 debet
2145 2278 2289 2317 xxxv
2311 2279 2479 2316 annus
2502 2263 2636 2333 cycli
2666 2263 2983 2333 Dionysiani
3011 2265 3330 2316 concordare
3352 2265 3405 2316 in
3441 2281 3534 2316 ra-

1969 2355 2110 2408 tione
2164 2357 2393 2423 compnti
2461 2357 2723 2409 tricesimo
2792 2356 2946 2409 tertio
3018 2372 3156 2408 anno
3216 2354 3535 2409 Nativitatis

1968 2443 2209 2500 Christi:
2246 2448 2444 2500 scilicet
2466 2455 2523 2499 ut
2548 2463 2636 2500 xlv
2660 2446 2789 2499 luna
2816 2446 3014 2515 Aprilis
3050 2456 3293 2500 occurrat
3320 2464 3370 2500 Ix
3407 2445 3532 2501 Kal.

1969 2536 2102 2604 Apr.
2131 2537 2183 2589 in
2205 2552 2237 2588 ν
2265 2537 2441 2606 feria:
2475 2535 2665 2591 Passio
2693 2522 2893 2592 Christi
2924 2553 3020 2592 vm
3061 2536 3193 2594 Kal.
3222 2540 3353 2608 Apr.
3378 2540 3431 2591 in
3481 2552 3535 2593 vt

1942 2625 2147 2707 feria:
2178 2624 2510 2679 Resurrectio
2564 2641 2617 2679 vt
2651 2624 2781 2680 Kal.
2834 2626 2964 2696 Apr.
3007 2628 3063 2680 in
3103 2627 3381 2681 Dominica
3428 2629 3534 2684 die.

1971 2714 2076 2769 Sed
2105 2714 2231 2783 quia
2254 2730 2359 2767 non
2397 2715 2472 2769 ita
2506 2716 2756 2778 occurrit,
2792 2716 2882 2769 sed
2926 2716 3051 2769 luna
3079 2731 3171 2770 xxv
3198 2716 3398 2785 Aprilis
3447 2733 3540 2772 oc-

1971 2808 2138 2860 currit
2168 2823 2228 2860 eo
2260 2823 2401 2860 anno
2429 2822 2503 2861 xn
2536 2805 2664 2860 Kal.
2696 2808 2823 2877 Apr.
2854 2809 2910 2861 in
2950 2810 3124 2877 prima
3150 2808 3320 2880 feria:
3354 2809 3538 2863 Domi-

1970 2898 2093 2952 nica
2116 2914 2233 2953 vero
2265 2899 2376 2952 dies
2414 2898 2632 2952 Pascbre
2666 2900 2719 2953 in
2755 2914 2782 2952 v
2840 2898 2966 2952 Kal.
3000 2900 3153 2965 Apr..
3195 2900 3312 2953 ideo
3339 2902 3539 2970 impro-

1975 2990 2153 3056 batur,
2183 2991 2308 3059 quia
2344 3000 2600 3059 repugnat
2641 2990 2953 3059 evangelicw
2972 2992 3198 3045 veritati.
3234 2990 3355 3046 Haec
3387 2992 3539 3062 Sige-

1976 3076 2184 3131 bertus.
2220 3074 2353 3141 Quae
2397 3092 2519 3131 cum
2572 3077 2964 3134 obscurissima
3019 3087 3183 3134 sunt:
3245 3089 3357 3134 tum
3409 3096 3541 3136 vero

1977 3183 2101 3222 cum
2136 3168 2212 3223 ait
2240 3182 2443 3223 annum
2478 3169 2614 3239 cycli
2644 3168 2960 3241 Dionysiani
2987 3171 3057 3226 35
3097 3172 3427 3240 respondere
3469 3172 3541 3227 55

1972 3260 2309 3325 Nativitatis,
2344 3261 2485 3315 istud
2516 3260 2717 3328 ipsum,
2754 3260 2899 3330 quod
2931 3276 2961 3315 a
2999 3261 3155 3315 nobis
3189 3262 3539 3316 observatum

1972 3360 2077 3416 est,
2119 3350 2388 3407 allirmare
2416 3352 2649 3407 videtur.
2698 3350 2834 3406 Nam
2869 3353 2915 3407 si
2963 3353 3323 3424 Dionysianus
3354 3354 3541 3424 cyclus

1972 3460 2083 3499 uno
2117 3460 2261 3499 anno
2287 3442 2723 3498 lncarnationem
2761 3444 3049 3508 antecedit,
3090 3460 3311 3499 necesse
3340 3450 3445 3509 est,
3482 3454 3542 3500 ut

1973 3534 2219 3602 ejusdem
2252 3533 2385 3603 cycli
2419 3533 2610 3587 tertius
2644 3535 2852 3602 primus
2884 3534 2955 3587 sit
2987 3541 3109 3602 post
3153 3533 3496 3591 Nativitalem
3523 3574 3541 3604 ,

1974 3627 2217 3695 adeoque
2266 3624 2401 3694 cycli
2435 3617 2506 3677 35
2559 3624 2696 3678 sita
2749 3623 3038 3679 Nativitate
3094 3626 3182 3678 33.
3235 3625 3314 3680 lta
3367 3642 3541 3684 annos

1972 3714 2281 3770 Nativitatis
2334 3724 2458 3785 post
2510 3714 2859 3770 Nativitatem
2924 3717 3095 3785 ipsam
3155 3717 3390 3785 cuipiam
3454 3718 3541 3772 in-

1975 3809 2174 3863 choare
2199 3808 2486 3871 videbitur.
2520 3807 2720 3863 Verum
2757 3810 3040 3863 character
3070 3810 3179 3875 ille,
3206 3824 3367 3878 quem
3398 3811 3531 3865 sub-

1971 3899 2115 3968 jicit,
2146 3899 2292 3953 aliud
2321 3915 2422 3953 nos
2450 3899 2762 3954 existimare
2789 3901 2950 3970 cogit.
3000 3900 3214 3954 Etenim
3261 3900 3543 3972 Dionysia-

1975 4004 2097 4042 nam
2129 4006 2294 4043 teram
2328 3991 2570 4054 damnat,
2608 3991 2752 4059 quod
2778 4005 2903 4043 cum
2936 4006 3112 4045 annus
3139 3992 3275 4062 cycli
3315 3991 3383 4045 55
3416 4008 3542 4047 cum

1975 4094 2121 4133 anno
2151 4078 2462 4135 Nativitatis
2495 4080 2565 4134 33
2593 4082 2887 4134 convenire
2930 4080 3143 4145 debeat,
3182 4082 3311 4150 quia
3346 4096 3543 4136 secun-

1975 4170 2078 4224 dus
2108 4171 2241 4241 cycli
2273 4172 2480 4239 primus
2514 4178 2595 4226 est
2623 4169 2951 4236 Nativitatis,
2989 4187 3328 4242 nequaquam
3357 4181 3540 4228 tamen

1977 4264 2322 4317 consentiat:
2356 4274 2637 4334 prepterea
2668 4267 2814 4334 quod
2860 4265 2930 4319 55
2976 4265 3111 4336 cycli
3148 4265 3330 4320 lunam
3383 4268 3546 4323 habet

1978 4368 2070 4407 xiv
2129 4354 2184 4407 in
2236 4370 2313 4408 xn
2364 4355 2481 4409 Kal.
2517 4358 2650 4427 Apr.
2684 4356 2819 4411 feria
2852 4372 2889 4419 ι,
2928 4356 3031 4411 hoc
3060 4366 3142 4412 est
3184 4357 3359 4412 Martii
3417 4375 3542 4427 xxI,

302 4453 359 4507 in
402 4449 533 4504 illud
566 4447 853 4517 prolapsus
883 4452 983 4496 est.
1014 4440 1149 4494 Nam
1192 4441 1242 4493 in
1269 4439 1559 4510 Computo,
1587 4453 1705 4507 cap.
1729 4438 1799 4490 ‘24
1820 4447 1874 4492 et
1906 4459 1948 4514 ι)
1981 4439 2188 4496 Pascha
2218 4459 2347 4497 vero
2379 4461 2410 4498 v
2442 4443 2560 4498 Kal.
2609 4445 2763 4515 Apr.,
2800 4460 2977 4498 anuus
3016 4453 3194 4499 autem
3238 4444 3546 4502 Nativitatis

301 4544 394 4607 39.,
421 4540 699 4595 Christum
750 4534 1037 4588 Dominum
1067 4540 1251 4584 natum
1273 4538 1548 4584 asseverat
1570 4544 1713 4583 anno
1738 4528 1873 4598 cycli

306 4629 817 4695 decemnovennalis
875 4625 1137 4689 secundo,
1190 4624 1324 4694 cycli
1383 4639 1509 4677 vero
1563 4632 1872 4692 epaetarum

301 4724 489 4789 tertio,
524 4729 645 4774 ante
675 4735 707 4772 ιι
743 4714 1247 4779 mensesinchoato,
1282 4712 1367 4766 die
1399 4712 1652 4767 vicesima
1682 4724 1875 4782 quarta

300 4813 606 4874 lunationis
659 4808 1054 4871 embolimaeaz,
1102 4820 1225 4875 qua:
1271 4805 1509 4859 secundo
1558 4803 1875 4859 Decembris

300 4909 460 4974 iniit;
501 4906 653 4976 cyclo
684 4902 815 4957 solis
851 4917 906 4965 x,
962 4900 1136 4953 littera
1173 4898 1327 4953 Dom.
1362 4898 1423 4951 Β.
1473 4896 1587 4951 Non
1616 4898 1757 4952 alius
1788 4897 1877 4951 hic

302 5014 484 5055 annus
510 5005 613 5060 est,
655 5009 818 5065 quam
868 5006 989 5045 acra:
1033 4989 1374 5059 DiOnysiana:
1426 4989 1636 5058 primus
1663 5028 1677 5053 ,
1736 4988 1875 5058 cycli

305 5085 626 5157 Dionysiani
679 5080 972 5144 secundus,
1013 5094 1173 5148 quem
1211 5094 1309 5134 nos
1342 5078 1576 5148 primum
1618 5093 1647 5131 a
1698 5076 1875 5132 Natali

302 5186 621 5246 computare
660 5174 935 5237 solemus;
966 5188 1076 5242 quo
1108 5171 1290 5241 cyclus
1318 5180 1629 5240 epaetarum
1662 5174 1875 5240 tertius,

302 5270 399 5339 qui
426 5269 568 5322 idem
597 5276 678 5322 est
710 5282 833 5321 cum
860 5265 1243 5330 Alexandrino,
1262 5265 1329 5318 ab
1355 5263 1657 5333 Septembri
1690 5280 1878 5320 mense

303 5360 492 5430 cmpit,
534 5369 782 5413 currente
812 5372 979 5412 aureo
1010 5372 1233 5410 numero
1274 5355 1337 5408 ll.
1392 5354 1603 5410 Rursus
1654 5372 1875 5425 passum

303 5469 430 5509 esse
459 5453 737 5507 Christum
772 5451 927 5505 docet
950 5456 1093 5503 anno
1120 5449 1294 5503 aetatis
1326 5448 1414 5511 54,
1457 5464 1565 5518 quo
1587 5448 1789 5502 Pascha
1824 5449 1875 5503 in

305 5560 362 5599 tv
395 5542 515 5597 Eid.
546 5542 674 5613 Apr.
709 5541 922 5595 incidit.
957 5536 1052 5593 Est
1079 5538 1125 5593 is
1150 5554 1325 5593 annus
1373 5553 1493 5592 atrae
1536 5537 1879 5609 Dionysianaz

303 5634 399 5700 35,
430 5650 540 5704 quo
580 5633 730 5705 cyclo
776 5630 990 5684 labente
1016 5628 1158 5683 luna:
1188 5644 1314 5692 xvn,
1360 5626 1653 5683 Neomenia
1708 5626 1878 5686 Nisan

305 5727 514 5788 Nicaeni
539 5726 679 5783 cadit
702 5726 755 5781 in
789 5723 967 5780 Martii
994 5738 1165 5791 xxvu,
1198 5721 1329 5778 feria
1353 5737 1390 5788 ι,
1428 5720 1580 5789 cyclo
1609 5720 1739 5779 solis
1763 5739 1874 5792 xvi,

1981 4533 2050 4587 33
2084 4533 2263 4588 lunam
2294 4552 2386 4590 xw
2426 4536 2678 4591 habuerit
2735 4553 2786 4591 ix
2822 4535 2941 4591 Kal.
2996 4537 3127 4606 Apr.
3177 4536 3311 4591 feria
3360 4554 3414 4603 v,
3445 4537 3548 4594 Pa—

1981 4625 2111 4678 scha
2139 4641 2192 4679 γι
2246 4625 2366 4682 Kal.
2402 4627 2532 4696 Apr.
2567 4626 2733 4697 Igitur
2766 4645 2911 4683 xxxv
2943 4644 3067 4683 cum
3107 4646 3281 4685 xxxm
3307 4646 3437 4697 non,
3488 4644 3548 4688 ut

1980 4715 2231 4781 debebat,
2260 4717 2533 4787 congruit.
2579 4716 2655 4772 lta
2689 4717 3025 4788 Sigebertus.
3062 4718 3202 4773 Idem
3234 4720 3301 4775 ad
3343 4737 3544 4776 annum

1983 4806 2121 4863 1076
2150 4808 2250 4862 ista
2282 4809 2468 4864 scribit
2494 4828 2507 4863 :
2538 4813 2650 4863 Hoc
2681 4827 2819 4863 anno
2843 4811 2934 4881 qui
2964 4819 3040 4865 est
3069 4828 3167 4866 xm
3198 4828 3366 4866 annus
3388 4814 3551 4881 primi

1981 4900 2467 4957 decemuovennalis
2492 4903 2625 4972 cycli
2648 4906 2703 4957 in
2730 4904 2948 4973 repetito
2970 4920 3157 4972 magno
3184 4920 3322 4957 anno
3347 4904 3565 4976 Diony.‘

1982 4994 2070 5059 sii,
2099 4994 2301 5049 duobus
2334 4998 2537 5065 magnis
2571 4996 2725 5049 annis
2747 5012 2780 5049 a
2810 4994 3068 5048 Passione
3095 4993 3310 5047 Domini
3347 4994 3548 5049 reuolu-

1985 5087 2076 5152 tis,
2106 5087 2304 5152 omnia,
2329 5103 2446 5156 qua:
2480 5087 2550 5140 ad
2576 5104 2789 5142 rursum
2844 5088 2972 5141 solis
3004 5097 3055 5140 et
3098 5087 3240 5140 luna:
3286 5095 3541 5155 spectant,

1982 5194 2120 5230 anno
2146 5176 2434 5231 Dominicaz
2463 5177 2743 5232 Passionis
2775 5178 3113 5232 concordant.
3147 5175 3294 5230 Unde
3329 5188 3545 5247 apparet

1982 5271 2119 5337 quod
2142 5267 2429 5338 Dionysius
2472 5285 2573 5322 non
2618 5278 2753 5322 recte
2799 5284 2965 5321 annos
3001 5267 3209 5320 Domini
3260 5267 3405 5336 cyclo
3455 5284 3551 5323 suo

1983 5363 2262 5426 annexuit;
2295 5362 2418 5431 quia
2444 5362 2583 5414 enim
2638 5360 2704 5414 ab
2746 5375 2884 5413 anno
2914 5358 3129 5412 Domini
3181 5358 3286 5413 552
3339 5357 3551 5427 pyelum

1983 5469 2137 5507 suum
2169 5469 2318 5509 orsus
2348 5463 2424 5507 est
2450 5492 2465 5517 ,
2508 5454 2759 5506 nimirum
2808 5449 3032 5505 intendit
3078 5448 3345 5503 Christum
3387 5448 3553 5517 fuisse

1984 5551 2167 5596 natum
2204 5561 2341 5598 anno
2387 5544 2613 5598 secundo
2671 5543 2864 5613 prioris
2897 5542 3075 5612 magni
3110 5541 3280 5604 anni;
3331 5555 3393 5593 ae
3456 5556 3549 5609 per

1984 5635 2077 5689 hoc
2107 5636 2190 5690 hic
2219 5652 2387 5691 annus
2422 5650 2561 5687 anno
2594 5633 2883 5687 Dominicte
2910 5631 3187 5686 Passionis
3221 5628 3549 5683 concordatis

1983 5727 2241 5782 debuisset
2275 5742 2386 5783 esse
2427 5726 2605 5794 magni
2655 5723 2789 5793 cycli
2819 5738 2989 5778 annus
3019 5737 3124 5776 non
3173 5720 3279 5789 15,
3315 5720 3408 5773 sed
3437 5717 3547 5783 ὅτις
