3986 6224
467 349 560 407 9H

1591 343 1934 399 APPENDIX
1975 342 2605 432 DISSERTATIONUM.

3613 341 3722 398 9|?

467 464 592 532 quia
617 461 661 514 is
695 458 794 528 fuit
825 473 994 512 annus
1037 455 1313 512 Passionis
1367 455 1578 510 Domini
1607 475 1624 511 :
1665 467 1715 512 et
1765 475 1856 528 per
1905 459 2039 512 hanc
2071 464 2110 518 A
2141 459 2347 515 rexisse
2375 475 2502 514 vero
2535 457 2709 512 Martii
2741 471 2911 522 xxvii,
2953 454 3084 510 feria
3129 469 3168 508 I.
3201 452 3322 519 Quo
3349 452 3492 507 velut
3526 461 3718 521 postu-

470 549 892 608 conseauentiam
917 548 1108 600 solaris
1155 557 1204 600 et
1245 547 1450 602 lunaris
1501 564 1686 602 cursus
1721 548 2041 602 concordant

471 638 783 707 evangelica:
827 637 1058 692 veritati.
1117 636 1405 706 Dionysius
1456 639 1630 706 posuit
1691 637 2042 690 Natiritatem

472 731 674 786 Christi
703 746 792 784 xxi
817 731 970 784 anuis
1031 729 1238 782 tardius
1293 745 1454 798 quam
1517 731 1716 782 debuit.
1763 730 1888 784 llaec
1931 730 2040 784 ille.

470 822 604 876 Cum
634 821 684 873 in
713 819 994 888 superiore
1035 819 1156 874 loco
1189 819 1510 882 detiniisset,
1553 835 1758 872 annum
1803 819 1872 874 55
1905 819 2042 891 eyeli

469 913 666 966 debere
687 926 810 964 esse
841 908 1148 964 Nativitatis
1171 908 1262 976 25,
1279 923 1388 980 quo
1411 925 1606 978 passus
1631 919 1716 964 est
1745 908 2039 962 Dominus:

474 1019 618 1058 nunc
655 1012 713 1056 ut
749 1001 889 1054 idem
925 999 1209 1054 Passionis
1241 1017 1418 1056 annus
1449 1017 1574 1056 cum
1606 1016 1694 1066 eo,
1725 1002 1816 1070 qui
1857 1003 1918 1056 15
1939 1017 2042 1054 nu-

471 1105 735 1159 meratur,
767 1092 912 1146 outiii
957 1107 1020 1146 ex
1057 1101 1210 1161 parte
1246 1093 1574 1156 consentiat,
1615 1095 1689 1146 ait
1733 1093 1910 1162 ipsum
1943 1094 2042 1146 de-

473 1188 600 1240 bere
619 1201 742 1239 esse
771 1184 906 1253 cvcli
934 1185 1268 1238 tricesimum
1303 1185 1543 1238 tertium.
1595 1186 1758 1254 Atqui
1789 1187 1858 1238 55
1904 1183 2042 1255 cycli

471 1275 805 1336 Nativitatis,
842 1273 954 1328 sive
981 1273 1164 1342 potius
1209 1271 1604 1328 incarnationis
1656 1283 1742 1328 est
1787 1274 1876 1328 52.
1909 1272 2042 1338 Quis

474 1367 946 1424 halluciuationem
977 1379 1082 1418 non
1106 1362 1288 1416 videt?
1326 1361 1400 1415 Ex
1439 1363 1504 1418 iis
1539 1373 1762 1432 apparet
1797 1364 1931 1416 nihil
1975 1365 2042 1416 de

471 1461 711 1524 biennio,
751 1457 892 1526 quod
920 1465 1042 1510 ante
1073 1471 1277 1510 annuat
1325 1454 1534 1510 Natalis
1567 1455 1882 1526 Dionysiani
1936 1471 2039 1508 nu-

471 1551 788 1606 meraudum
834 1563 955 1604 esse
988 1548 1298 1610 docuimus,
1354 1547 1406 1600 in
1465 1553 1702 1600 mentem
1760 1545 2042 1616 Sigeberto

471 1645 724 1708 venisse;
749 1650 804 1694 et
843 1639 1152 1695 Nativitatis
1192 1653 1392 1692 annum
1425 1637 1494 1692 ab
1527 1651 1593 1691 co
1627 1653 1750 1692 cum
1785 1637 2039 1692 lncarna-

471 1734 637 1788 tionis
666 1746 810 1786 anno
845 1729 1102 1784 confundi
1132 1748 1144 1782 :
1187 1727 1444 1798 quoniam
1477 1730 1694 1796 quidem
1736 1731 2038 1783 secundum

2143 553 2271 613 lato,
2301 561 2356 606 et
2385 552 2656 606 axiomate
2719 549 2862 614 freti,
2923 547 3246 612 historiam,
3295 562 3358 601 ac
3409 556 3718 615 temporum

2141 657 2526 711 annorumque
2555 641 2752 696 seriem
2795 643 2862 694 ad
2920 655 3074 695 suam
3134 639 3280 692 illam
3333 637 3601 708 πρόληψιν
3631 653 3716 691 ae-

2141 729 2492 787 commodare
2531 730 2862 791 maluerunt,
2910 743 3074 798 quant
3125 727 3256 782 illud
3309 727 3488 796 ipsum
3539 727 3718 794 cujus-

2141 823 2290 876 modi
2319 829 2486 884 esset,
2537 819 2826 890 diligenter
2860 819 3154 888 inquirere.
3191 815 3380 886 Itaque
3425 832 3552 870 cum
3593 817 3718 869 anni

2143 917 2198 970 iu
2239 922 2351 969 toto
2373 912 2708 983 Dionysiano
2747 911 2900 981 cyclo
2935 921 3044 966 tres
3085 910 3312 964 omnino
3347 911 3720 962 characterem

2143 1007 2288 1060 hunc
2321 1005 2519 1058 habere
2555 1005 2785 1073 possint,
2827 1003 3086 1056 nimirum
3127 1017 3250 1063 xm,
3309 1001 3403 1070 qui
3461 1008 3548 1054 est
3599 1015 3722 1052 aera:

2141 1113 2238 1161 xu,
2273 1097 2360 1151 cui
2395 1096 2586 1165 cyclus
2621 1095 2766 1148 luna:
2791 1093 3046 1166 congruit
3077 1109 3198 1159 xm,
3233 1093 3364 1148 solis
3391 1107 3509 1156 xxi,
3545 1091 3720 1145 littera

2143 1188 2356 1244 Domin.
2397 1186 2488 1242 CB
2519 1203 2534 1240 :
2561 1185 2688 1241 item
2723 1199 2900 1240 annus
2927 1183 3052 1248 260,
3103 1199 3230 1238 mra:
3263 1183 3556 1254 259.cyclo
3585 1184 3722 1238 solis

2143 1295 2254 1344 xvi,
2289 1279 2468 1333 littera
2501 1277 2568 1340 Β,
2613 1277 2758 1331 luna:
2807 1291 2949 1331 xui:
2995 1291 3060 1330 ac
3107 1283 3386 1344 postremo
3425 1275 3554 1342 450,
3601 1290 3722 1330 sera:

2139 1371 2266 1434 449,
2301 1369 2455 1440 cyelo
2475 1367 2605 1422 solis
2637 1384 2692 1431 x,
2717 1368 2894 1422 littera
2913 1367 2980 1430 Β,
3025 1366 3166 1420 lunae
3191 1381 3288 1420 xm
3319 1382 3332 1430 ;
3365 1379 3462 1435 pro
3485 1381 3552 1420 eo
3577 1369 3722 1437 quod

2141 1459 2318 1512 creteri
2335 1457 2650 1512 remOtiores
2663 1465 2870 1520 essent,
2877 1457 2956 1524 pri
2965 1471 3111 1510 mum
3127 1455 3478 1524 arripuerunt
3495 1473 3722 1522 annum,

2141 1552 2234 1620 qui
2257 1560 2342 1606 est
2367 1551 2502 1622 cyt-li
2541 1548 2852 1619 Dionysiani
2882 1548 2970 1616 15,
3005 1563 3124 1603 :erae
3163 1547 3226 1600 12
3251 1537 3368 1614 ;'et
3405 1563 3437 1602 a
3463 1547 3723 1619 Dionysio

2145 1641 2558 1714 μεταχρονισμῷ
2587 1651 2866 1712 peceatqu
2899 1655 3018 1695 esse
3045 1640 3296 1694 dixerunt
3325 1655 3594 1693 annorum
3613 1640 3684 1692 '22
3708 1659 3720 1693 :

2145 1735 2280 1786 adeo
2297 1733 2464 1800 utqui
2487 1729 3296 1786 numeraturlncarnationis12
3313 1768 3326 1792 ,
3355 1729 3490 1799 cycli
3519 1730 3606 1793 15,
3627 1729 3724 1782 de-

471 1842 675 1881 annum
721 1823 878 1894 cycli,
914 1823 1006 1892 qui
1061 1821 1204 1874 haud
1235 1819 1400 1874 dubie
1453 1819 1848 1875 lucaruationis
1898 1820 2040 1888 apud
2075 1807 2116 1864 Β
2147 1824 2322 1877 bucrit
2348 1821 2740 1876 [neat-nationis
2766 1837 2885 1877 esse
2913 1821 2979 1874 54
3009 1863 3024 1886 ,
3071 1819 3208 1892 cycli
3247 1821 3336 1875 55.
3369 1820 3628 1876 Testatur
3673 1823 3722 1874 id

471 1919 594 1972 illos
635 1915 844 1984 primus
873 1921 980 1976 cst,
1017 1912 1250 1982 primum
1280 1927 1434 1981 teque
1459 1911 1770 1966 Nativitatis
1795 1926 1916 1966 esse
1943 1912 2040 1966 de-

473 2009 609 2064 tinit.
637 2006 744 2060 Sed
777 2007 828 2058 in
865 2003 971 2057 illis
1005 2004 1220 2058 duobus
1256 2002 1518 2072 Sigeberti
1554 2003 1686 2059 locis
1715 2004 1882 2056 multa
1915 2011 2044 2057 sunt

471 2103 670 2172 partim
712 2099 997 2170 scriptoris
1024 2099 1204 2167 Culpa,
1233 2097 1427 2167 partim
1457 2096 1670 2149 librarii
1706 2095 1916 2148 incuria
1951 2095 2043 2147 de—

473 2202 717 2264 pravata.
743 2192 819 2244 Ae
849 2191 1032 2260 priore
1065 2191 1282 2260 quidem
1338 2189 1390 2242 in
1433 2189 1554 2242 loco
1597 2188 1805 2242 nullout
1843 2187 1896 2238 in
1937 2200 2041 2242 nu-

473 2284 770 2338 meralibus
806 2283 950 2338 notis
980 2282 1236 2336 mendum
1257 2295 1399 2342 esse,
1428 2295 1550 2334 cum
1583 2279 1652 2334 5‘3
1675 2278 1810 2350 cycli
1838 2291 2040 2332 annum

473 2377 738 2441 nominat,
779 2377 1064 2430 character
1098 2374 1212 2443 ipse
1269 2374 1404 2426 satis
1461 2371 1716 2426 ostemlit.
1749 2370 1838 2424 Ait
1897 2369 2042 2424 enim

473 2469 576 2522 hoc
609 2482 755 2520 anno
791 2467 1054 2520 decimam
1093 2473 1343 2534 quartam
1383 2463 1510 2516 luna
1557 2461 1756 2532 Aprilis
1807 2459 2045 2530 (Aprilis

471 2559 656 2612 iuuant
693 2557 982 2612 identidem
1019 2556 1274 2625 appellat,
1313 2571 1418 2608 non
1467 2567 1595 2622 qum
1639 2552 1814 2621 Aprili
1855 2564 2046 2604 mense

472 2646 690 2698 initium
732 2646 948 2706 habeat,
983 2645 1076 2700 sed
1109 2661 1229 2712 qua:
1259 2644 1312 2697 in
1339 2634 1579 2712 Aprilem
1603 2642 1812 2696 desinat
1844 2660 1856 2695 :
1899 2639 2044 2708 quod

475 2735 810 2789 Seholiastes
839 2736 1060 2805 quidam
1099 2736 1280 2790 minus
1310 2733 1746 2787 animadvertetis
1792 2732 2045 2784 vitiosum

473 2841 598 2882 esse
623 2827 848 2880 credidit
877 2827 894 2894 )
923 2841 998 2878 xu
1031 2823 1148 2878 Kal.
1181 2827 1311 2894 Apr.
1357 2823 1490 2878 feria
1526 2839 1540 2877 ι
1574 2823 1864 2878 convenire
1893 2840 1908 2888 ;
1948 2821 2048 2874 l‘a-

472 2915 605 2970 scha
639 2930 766 2968 vero
802 2931 828 2966 v
859 2913 975 2968 Kal.
1010 2914 1204 2983 Ap:-il.,
1231 2913 1375 2982 quod
1419 2915 1646 2968 omnino
1687 2912 1868 2984 magni
1909 2910 2046 2982 cycli

473 3023 617 3062 anno
645 3008 714 3061 55
743 3008 996 3076 congruit
1025 3048 1038 3070 ,
1071 3021 1194 3059 aera:
1238 3005 1579 3074 llionysiante
1606 3005 1696 3068 54,
1735 3004 1886 3074 cyrlo
1919 3002 2050 3056 solis

473 3117 562 3164 xv,
599 3099 778 3154 littera
819 3099 972 3152 Dom.
1004 3097 1068 3164 C,
1129 3097 1282 3168 cyclo
1331 3097 1471 3150 luna:
1529 3112 1640 3149 va.
1703 3095 2045 3149 Novilunium

472 3188 730 3260 paschale
761 3186 1036 3243 Nicaenum
1083 3185 1248 3258 (nam
1286 3188 1590 3258 προήγησιν
1619 3185 1820 3238 nullam
1873 3199 2046 3238 smcu-

473 3281 586 3334 ium
621 3279 754 3334 illud
789 3278 1051 3348 agnovit)
1097 3279 1274 3333 Martii
1311 3295 1404 3332 \‘lll
1433 3297 1447 3332 :
1509 3277 1732 3346 proinde
1767 3276 1894 3329 luna
1955 3289 2046 3327 xiv

475 3370 796 3425 Illartiixn.
847 3367 1004 3424 Huttc
1057 3384 1262 3422 annum
1316 3384 1439 3422 cum
1507 3383 1678 3422 xxxiii
1739 3365 2049 3420 Nativitatis

476 3475 621 3516 anno
647 3459 957 3514 consentire
997 3458 1192 3514 debere
1225 3459 1542 3527 Sigebertus
1575 3459 1802 3520 asserit,
1841 3457 1918 3510 uti
1969 3457 2050 3510 lu-

476 3565 601 3604 nam
637 3564 724 3602 x'tv
761 3547 956 3602 habeat
987 3563 1040 3602 Ix
1065 3546 1180 3602 Kal.
1209 3550 1338 3618 Apr.
1365 3549 1501 3602 feria
1530 3564 1580 3612 v,
1610 3547 1816 3602 Pascha
1845 3563 1896 3600 vt
1929 3547 2044 3601 Kal.

476 3639 1077 3710 Apr.;quandoquidcm
1130 3655 1307 3694 annus
1355 3641 1444 3694 ille
1477 3639 1790 3694 Nativitatis
1827 3639 2048 3693 eosdem

477 3733 602 3786 illos
634 3732 980 3786 characteres
1031 3730 1262 3784 obtinet.
1315 3731 1562 3800 Fungum
1606 3747 1710 3784 non
1775 3733 2048 3784 hominem

477 3831 690 3892 oportet
714 3837 854 3884 esse,
887 3821 976 3876 cui
1007 3821 1146 3875 istud
1177 3823 1520 3890 persuadeat.
1565 3825 1756 3876 Annus
1787 3821 2052 3876 Nativita-

479 3917 570 3978 tis,
599 3916 712 3968 sive
739 3929 860 3966 tL’l‘tl‘
887 3913 1226 3983 Dionysiaca:
1255 3913 1322 3966 55
1363 3915 1650 3982 respondet
1683 3915 1818 3984 eycli
1853 3914 2050 3984 Diony-

478 4007 616 4061 siani
645 4021 753 4059 non
782 4005 871 4070 55,
905 4005 996 4062 sed
1039 4005 1132 4067 54,
1163 4005 1429 4076 siquidem
1475 4021 1652 4060 annus
1691 4007 1901 4075 primus
1941 4007 2050 4060 Na-

479 4098 703 4154 tivitatis
739 4107 824 4153 est
883 4097 1018 4168 cycli
1057 4099 1350 4154 secundus.
1407 4097 1578 4152 llabol
1631 4113 1796 4167 porro
1841 4099 2048 4169 cyclum

477 4192 620 4245 luna:
649 4205 738 4255 xv,
768 4192 952 4246 lunam
983 4207 1112 4246 vero
1145 4207 1236 4246 xtv
1271 4190 1324 4244 in
1361 4189 1478 4243 Kal.
1513 4191 1644 4260 ipsis
1683 4191 1812 4260 Apr.
1855 4189 2052 4260 Cyclus

477 4283 610 4337 solis
635 4291 720 4334 est
745 4297 834 4336 xxv
862 4299 876 4348 ;
909 4281 1118 4337 Pascha
1153 4287 1283 4349 Apr.
1325 4299 1378 4348 v,
1439 4282 1616 4336 littera
1671 4281 1732 4336 D.
1785 4282 2052 4346 Quocirca

479 4375 620 4444 apud
650 4374 987 4446 Sigebertum
1021 4373 1073 4426 in
1105 4373 1282 4441 priore
1315 4373 1433 4428 loco
1453 4373 1756 4441 legendum,
1787 4373 2051 4426 tricesimo

2143 1925 2333 1984 praeter
2346 1913 2684 1985 Sigebertum
2701 1912 2974 1966 Marianos
2989 1909 3302 1982 Scotus,qui
3321 1911 3608 1968 adannum
3623 1913 3726 1966 532

2144 2013 2313 2068 notat,
2347 2005 2492 2058 hunc
2519 2004 2694 2072 ipsum
2729 2019 2932 2058 annum
2959 2002 3192 2072 primum
3219 2017 3340 2056 esse
3373 2003 3558 2072 magni
3589 2003 3726 2073 cyeli

2145 2095 2486 2168 Dionysiani,
2517 2095 2677 2166 cujus
2708 2110 2852 2149 anno
2881 2109 2977 2150 xnt
3014 2094 3308 2150 resurrexit
3339 2093 3726 2158 Dominus,uu

2145 2185 2262 2240 Kal.
2309 2185 2645 2256 April.,luua
2677 2201 2786 2239 xvu
2811 2183 2942 2256 (sed
2979 2199 3076 2254 pro
3121 2197 3220 2237 vut
3253 2181 3380 2236 Kal.
3413 2185 3718 2239 emendan-

2143 2279 2274 2332 dum
2305 2289 2388 2336 est
2413 2293 2466 2332 vr
2506 2275 2657 2332 Kat.:
2699 2277 2902 2347 alioqui
2932 2277 3116 2348 cyclus
3146 2285 3288 2332 esset
3337 2277 3482 2330 lunae
3520 2291 3573 2340 v,
3611 2291 3718 2330 non

2147 2385 2244 2423 xm
2271 2369 2432 2442 ),hoc
2459 2377 2544 2423 est
2571 2383 2716 2423 anno
2752 2383 2830 2421 xu
2863 2367 3279 2432 incarnationis,
3327 2367 3486 2435 juxta
3525 2367 3728 2437 Diony-

2145 2461 2309 2516 sium.
2339 2461 2476 2515 Cum
2504 2471 2686 2516 autem
2721 2462 2786 2515 ad
2812 2475 3016 2515 annum
3045 2461 3150 2515 554
3175 2459 3334 2515 Beda:
3355 2459 3541 2514 locum
3573 2460 3726 2522 citat,

2145 2554 2302 2624 quasi
2338 2554 2407 2607 sit
2445 2569 2622 2608 annus
2656 2551 2974 2607 Diocletiani
3005 2549 3134 2616 248,
3185 2551 3324 2606 scito
3375 2551 3728 2605 librariorum

2145 2661 2328 2700 errore
2357 2645 2590 2710 factum,
2618 2655 2674 2698 ut
2725 2645 2838 2698 haec
2891 2653 3040 2711 nota,
3071 2659 3193 2714 quae
3252 2645 3318 2698 ad
3355 2659 3564 2696 annum
3624 2643 3728 2698 532

2148 2737 2345 2791 ascribi
2405 2737 2615 2800 debuit,
2655 2737 2708 2790 in
2743 2737 2847 2792 554
2883 2737 3271 2807 conjicerctUr,
3311 2752 3377 2791 ne
3429 2737 3556 2806 quis
3590 2735 3726 2790 forte

2149 2827 2454 2882 Marianum
2489 2829 2785 2883 discrimen
2817 2828 2947 2882 illud
2977 2829 3203 2893 biennii,
3231 2829 3375 2898 quod
3403 2837 3531 2882 aute
3553 2842 3726 2882 annos

2147 2921 2358 2990 aliquot
2415 2919 2594 2990 urgeri
2660 2921 2853 2989 erepit,
2909 2921 3199 2990 agnovisse
3259 2935 3384 2974 cum
3451 2917 3728 2990 Scaligero

2149 3021 2389 3066 censeat.
2421 3010 2519 3065 llic
2554 3011 2700 3065 enim
2737 3013 2834 3066 lib.
2869 3027 2947 3074 vt,
2981 3027 3036 3081 p.
3073 3013 3199 3076 515,
3228 3012 3312 3066 ed.
3337 3012 3392 3078 ‘2,
3426 3011 3502 3065 Dc
3526 3009 3725 3066 cmend.

2152 3113 2332 3173 temp.,
2353 3103 2734 3174 Dionysianam
2764 3119 2928 3157 aet-am
2955 3103 3177 3158 biennio
3207 3119 3369 3174 quam
3391 3119 3488 3174 par
3515 3105 3582 3158 sit
3609 3106 3728 3158 bre-

2154 3196 2356 3250 viorem
2408 3207 2438 3246 a
2473 3193 2717 3248 Mariano
2778 3195 2886 3249 diei
2941 3195 3251 3260 conlirmat,
3300 3205 3355 3250 et
3401 3196 3516 3250 lucc
3551 3196 3720 3265 ipsius

2149 3287 2314 3340 verba
2361 3297 2797 3340 commemorat:
2840 3287 2990 3339 Anno
3037 3287 3106 3340 ad
3143 3289 3414 3340 veritatem
3455 3289 3726 3357 Erangetii

2153 3377 2290 3430 1076
2319 3393 2333 3443 ;
2374 3377 2660 3432 secundum
2695 3393 2812 3431 vero
2849 3377 3092 3448 Dionysii
3126 3379 3330 3449 cyclunt
3365 3379 3524 3446 1074,
3559 3379 3724 3434 "itii-

2152 3469 2405 3532 braudus,
2442 3469 2532 3538 qui
2561 3479 2608 3521 et
2643 3467 2947 3538 Gregorius,
2981 3477 3086 3524 ctc.
3119 3469 3250 3535 Qua:
3293 3471 3512 3540 quidem
3563 3471 3724 3525 verba

2153 3559 2206 3612 in
2234 3559 2473 3613 editione
2509 3559 2862 3614 Francol‘ord.
2896 3559 3224 3627 Pistoriana,
3266 3577 3388 3631 qua:
3439 3563 3571 3616 mihi
3604 3578 3724 3616 cum

2154 3651 2270 3704 lucc
2297 3651 2588 3705 scriberem
2624 3652 2690 3704 ad
2725 3667 2946 3704 manutn
2995 3663 3112 3706 crat
3137 3691 3151 3716 ,
3215 3669 3488 3723 nusquam
3531 3655 3724 3724 reperi.

2155 3741 2260 3796 Sed
2297 3752 2354 3796 ut
2383 3742 2582 3796 alicubi
2613 3742 2890 3812 legantur,
2921 3743 3045 3810 quis
3077 3759 3184 3797 non
3212 3745 3582 3799 emendandas
3610 3761 3728 3799 esse

2155 3834 2464 3889 numeratos
2508 3843 2664 3890 notas
2715 3835 3174 3890 videatiEtenim
3227 3836 3472 3907 Dionysii
3539 3837 3725 3908 cyclus

2154 3927 2432 3995 vulgarem
2460 3941 2624 3981 teram
2661 3943 2769 3981 uno
2810 3929 3064 3997 pra‘ccdit
3111 3945 3298 3995 anno;
3355 3941 3549 4000 estque
3593 3931 3725 4001 (yeli

2155 4019 2580 4075 secumlusuerte
2611 4019 2838 4088 primus.
2875 4017 3025 4075 Unde
3055 4019 3099 4075 si
3139 4022 3264 4091 quis
3293 4037 3456 4075 teram
3515 4023 3728 4076 biennio

2159 4119 2498 4180 promoveat,
2529 4111 2728 4166 incidet
2757 4113 2809 4166 in
2835 4113 3345 4168 decemuoveunalis
3367 4115 3502 4184 cycli
3527 4131 3726 4168 annum

2157 4201 2248 4263 19,
2289 4203 2470 4272 magni
2512 4201 2648 4273 cycli
2681 4201 2996 4275 Dionysiani
3032 4203 3175 4268 552;
3225 4206 3326 4259 hoc
3378 4217 3462 4260 est
3508 4209 3729 4262 alterius

2156 4294 2290 4364 (πμ-ιι
2321 4295 2662 4362 postulatitii,
2692 4311 2756 4350 ac
2773 4295 3052 4364 proleptici
3083 4297 3356 4352 ultimum.
3389 4297 3730 4366 ldeoqueau-

2157 4399 2258 4437 nus
2280 4383 2510 4438 verioris
2526 4399 2649 4438 tera:
2669 4384 2804 4439 1076
2825 4395 2929 4440 erit
2947 4385 3262 4457 Dionysiani
3283 4388 3415 4457 cycli
3447 4387 3602 4451 1075,
3629 4405 3730 4442 non

479 4478 668 4538 quarto
693 4484 830 4520 anno
857 4465 1174 4520 Nativitetis
1207 4466 1406 4520 Christi
1439 4479 1537 4534 pro
1563 4466 1827 4519 tricesimo
1871 4467 2046 4518 tertio.
2087 4497 2132 4554 υ
2171 4473 2329 4528 1074,
2403 4472 2688 4529 Debuisse;
2735 4473 3012 4530 Mal—ianus
3061 4490 3170 4529 non
3209 4477 3423 4547 cyclum
3465 4475 3730 4548 Dionysii,

479 4562 550 4612 At
587 4559 638 4612 in
673 4557 972 4627 posteriore
1001 4559 1072 4611 ita
1099 4557 1479 4627 corrigendqu
1516 4558 1783 4624 videatur,
1817 4574 1918 4611 non
1951 4567 2054 4610 ter-

483 4653 587 4705 tius
621 4653 872 4714 decimus,
893 4653 984 4706 sed
1017 4654 1312 4706 tricesimus
1351 4663 1577 4722 quartus
1617 4669 1718 4723 pro
1759 4655 2054 4707 tricesimus

484 4745 690 4797 tertius.
721 4741 874 4808 Quod
897 4751 950 4796 et
985 4743 1267 4813 sequentia
1308 4743 1536 4810 docent,
1567 4761 1694 4799 cum
1745 4744 1822 4798 ait
1861 4745 2056 4814 Diony-

483 4837 620 4890 sium
652 4833 972 4889 Nativitatis
1007 4835 1206 4890 Christi
1237 4837 1475 4903 posuisse
1517 4852 1608 4889 xx:
1645 4837 1800 4890 annis
1823 4837 2053 4904 tardius,

483 4943 642 4998 quam
673 4926 944 4981 debuerat.
975 4925 1128 4982 Adde
1174 4927 1234 4980 21
1271 4927 1339 4982 ad
1391 4928 1478 4986 15.
1513 4927 1646 4982 [ient
1677 4929 1746 4982 5-1
1775 4929 1904 4982 anui
1937 4945 2056 4984 ma-

481 5017 572 5089 gni
599 5018 732 5088 eyeli
767 5017 1081 5087 Dionysiani
1115 5035 1128 5072 :
1157 5018 1252 5087 qui
1280 5019 1497 5088 quidem
1563 5035 1739 5078 anuus
1799 5019 2056 5074 lncarna-

485 5108 648 5186 tionis
680 5109 780 5164 erit
811 5109 900 5162 55.
945 5107 1144 5164 Verum
1193 5125 1317 5166 cum
1369 5111 1743 5180 superioribus
1791 5114 2058 5184 pugnabit

481 5201 648 5264 lstud,
679 5201 774 5256 ubi
813 5217 954 5254 xxxv
985 5201 1118 5272 cycli
1159 5199 1439 5257 Passionis
1467 5217 1670 5257 annum
1713 5219 1835 5260 esse
1861 5204 2052 5258 voluit.

481 5293 652 5366 Igitur
691 5295 838 5350 hunc
865 5295 918 5350 in
973 5295 1194 5350 modum
1231 5295 1409 5364 potius
1459 5297 1762 5366 posteriore
1809 5297 1933 5352 loco
1973 5298 2054 5352 le-

482 5387 739 5456 gendum,
780 5387 1040 5440 debuisset
1064 5403 1174 5440 esse
1203 5389 1378 5458 magni
1401 5389 1535 5456 cycli
1569 5405 1765 5452 annus,
1809 5405 1912 5442 non
1945 5389 2012 5442 15
2039 5429 2054 5453 ,

477 5479 569 5532 sed
601 5479 671 5532 55
693 5497 708 5546 ;
731 5487 783 5534 et
799 5494 950 5546 mox,
971 5479 1256 5550 Dionysius
1277 5481 1450 5549 posuit
1477 5479 1825 5535 Natiritatem
1855 5481 2055 5536 Christi

481 5583 596 5623 xm
622 5555 775 5624 anuis
804 5571 1032 5638 tardius,
1063 5588 1219 5642 quant
1252 5573 1427 5626 debuit
1455 5587 1472 5634 ;
1508 5587 1614 5626 non
1651 5581 1831 5628 autem
1867 5589 1982 5627 xxi.

553 5659 762 5715 Etenim
822 5662 984 5732 vulgo
1047 5678 1366 5732 persuasum
1423 5664 1531 5718 illis
1584 5665 1841 5721 omnibus
1896 5675 2050 5721 erat:

477 5749 758 5804 Christum
793 5767 1015 5820 passum
1041 5769 1160 5810 esse
1191 5772 1294 5810 xxv
1333 5755 1535 5822 Martii,
1565 5757 1700 5813 feria
1729 5775 1780 5814 vt
1812 5775 1825 5822 ;
1873 5775 2054 5816 resur-

2157 4564 2249 4618 scd
2291 4581 2457 4618 teram
2488 4565 2710 4620 dicere:
2745 4567 2953 4637 cyclum
2989 4567 3133 4622 enim
3188 4567 3584 4638 Dionysianum
3637 4585 3732 4622 ne-

2156 4671 2262 4724 que
2292 4655 2588 4720 Marianus,
2639 4673 2816 4728 neque
2869 4655 3184 4728 Sigebertus
3235 4659 3594 4730 improbant:
3641 4661 3732 4715 sed

2155 4747 2554 4806 lncaruationis
2613 4752 2771 4806 anuis
2827 4767 3080 4821 perverse
3135 4753 3405 4806 duntaxat
3467 4753 3732 4824 illigatum

2155 4841 2508 4909 existimant;
2551 4843 2603 4896 in
2638 4858 2748 4912 quo
2793 4859 2898 4897 non
2941 4844 3184 4908 biennio,
3219 4845 3313 4898 scd
3345 4845 3506 4899 annis
3544 4846 3732 4900 solidis

2157 4933 2395 4999 duobus,
2427 4945 2480 4988 et
2513 4935 2700 5004 viginti
2725 4937 3037 4990 abcrratum
3073 4951 3194 4990 esse
3220 4945 3492 4992 statuunt.
3521 4937 3584 4992 Et
3612 4953 3732 4992 cum

2157 5039 2398 5078 errorem
2431 5025 2596 5080 isttuu
2637 5026 2844 5097 vulgari
2880 5041 3150 5080 annorum
3186 5029 3383 5082 rationi
3445 5039 3554 5082 tant
3608 5045 3732 5082 con-

2158 5123 2366 5170 stanter
2400 5117 2679 5173 ascribaut
2706 5161 2718 5183 ,
2753 5119 2951 5174 tnirum
2993 5129 3075 5174 est
3105 5120 3229 5176 illos
3278 5121 3332 5175 in
3357 5122 3734 5192 Cltrouologiis

2159 5207 2277 5262 suis
2309 5207 2377 5262 ad
2399 5223 2518 5262 eam
2555 5209 2728 5278 ipsam
2762 5227 2926 5264 teram
2959 5211 3278 5276 adhaesisse,
3311 5229 3476 5282 quam
3511 5215 3734 5268 dauma-

2159 5311 2370 5367 verant,
2398 5317 2572 5372 neque
2600 5303 2760 5357 aliter
2790 5319 2952 5373 quam
3001 5319 3066 5360 ex
3101 5303 3438 5377 Dionysiauo
3483 5311 3734 5377 praescri-

2159 5401 2252 5461 pto
2282 5403 2523 5462 tempora
2548 5393 2860 5465 digessisse.
2895 5395 3172 5452 Marianos
3209 5399 3350 5453 enim
3387 5399 3452 5454 ad
3483 5416 3610 5454 eum
3641 5417 3736 5454 an-

2161 5499 2315 5548 num,
2341 5485 2434 5556 qui
2465 5484 2900 5542 lncarnationem
2963 5501 3016 5544 et
3063 5487 3309 5544 Natalem
3349 5489 3566 5546 Domini
3601 5493 3706 5562 ὀιμέ

2162 5591 2270 5640 om;
2297 5577 2586 5640 antecedit,
2636 5579 2748 5633 lucc
2787 5580 3080 5658 observat:
3119 5579 3309 5649 Cyclas
3354 5597 3578 5651 magnus
3629 5582 3736 5635 Pn-

2161 5670 2358 5724 scholis
2395 5671 2579 5734 incipit
2627 5671 2784 5726 hinc:
2821 5673 2874 5725 in
2917 5674 3068 5742 cujus
3125 5689 3263 5726 anno
3307 5673 3535 5728 secundo
3579 5674 3734 5744 juxta

2165 5760 2500 5822 Diom'sitsm,
2538 5763 2822 5819 indictione
2873 5767 3028 5820 tertia
3054 5805 3068 5832 ,
3129 5775 3284 5820 natus
3309 5775 3383 5820 est
3449 5765 3736 5822 Dominus.
