3986 6224
289 348 394 406 915

1487 348 1574 403 DE
1615 347 1802 405 ANNO
1839 349 2104 406 NATALI’
2129 347 2421 405 CIIIlIS'I'I.

3454 348 3554 407 9H

289 462 437 517 Idem
467 461 630 517 etiam
663 476 810 516 anno
838 463 1108 533 sequenti,
1143 461 1304 520 Urbis
1365 465 1486 530 752,
1543 464 1773 520 Lentulo
1821 473 1874 520 et
1902 470 1950 526 Α
1979 465 2306 539 Dionysiana
2365 480 2474 522 nea
2537 463 2864 527 recessisse,
2923 463 3282 534 eumdemque
3321 464 3554 533 primum

288 548 580 606 Messalino
639 566 806 618 coss.,
841 553 1042 624 olymp.
1105 554 1207 609 194
1277 571 1423 610 anno
1480 571 1563 618 ιιι,
1591 557 1869 626 indict.tv,

288 640 382 695 die
411 641 696 697 Dominieo
736 651 922 697 natum
962 659 1083 699 esse
1117 643 1401 700 Christum
1431 655 1726 702 asseverat.
1759 645 1870 701 Ita-

287 748 396 801 que
409 734 774 788 Christianam
793 750 958 790 teram
991 751 1020 790 a
1037 737 1188 808 eyelo
1213 736 1544 809 Dionysiano
1575 752 1610 790 ιι
1637 754 1869 795 exorsus

289 835 394 888 est,
423 825 576 896 cyclo
604 825 736 881 solis
769 843 821 890 x,
853 826 1032 881 littera
1061 825 1296 893 DomJl,
1342 837 1450 882 tam
1503 828 1554 882 in
1583 831 1867 886 emendata

293 917 488 972 bisexti
521 917 773 981 ratione,
830 933 994 988 quam
1044 917 1097 972 in
1139 919 1332 975 vitiosa
1391 921 1502 984 illa,
1535 922 1751 991 qualem
1804 938 1870 977 ex

292 1005 464 1062 Paulo
495 1006 950 1077 Middelburgensi
981 1024 1144 1079 supra
1179 1011 1585 1080 proposuimus.
1619 1011 1723 1068 Sed
1747 1028 1869 1068 cum

291 1096 434 1150 idem
471 1095 750 1151 Marianus
787 1097 1065 1153 Christum
1097 1099 1174 1152 ait
1218 1101 1518 1155 secundum
1555 1102 1870 1173 Dionysium

291 1197 478 1240 natum
505 1188 691 1242 indict.
731 1205 814 1252 ιιι,
844 1190 1053 1244 librarii
1087 1191 1247 1260 culpa
1299 1209 1358 1246 ιιι
1394 1208 1492 1262 pro
1527 1210 1579 1248 Iv
1634 1193 1869 1264 irrepsit.

293 1277 428 1332 Nam
461 1279 694 1335 subinde
731 1279 921 1335 indict.
958 1295 1010 1334 iv
1051 1291 1213 1337 natus
1250 1283 1471 1337 dicitur.
1519 1281 1758 1339 Tametsi
1807 1299 1875 1339 ne

294 1371 398 1425 hoc
430 1372 648 1442 quidem
683 1387 870 1427 verum
905 1382 1008 1440 est,
1043 1374 1338 1428 indictione
1370 1390 1424 1428 tv
1469 1383 1658 1430 natum
1699 1390 1821 1431 esse
1851 1414 1867 1438 ,

292 1463 386 1516 sed
420 1479 492 1518 v:
541 1464 812 1534 siquidem
847 1465 1178 1520 indictiones
1212 1481 1242 1520 a
1277 1465 1607 1537 Septembri,
1642 1477 1702 1522 ut
1729 1465 1872 1521 Beda

291 1555 470 1620 docet,
499 1556 738 1610 exordiri
770 1557 1024 1617 velimus.
1075 1557 1208 1613 Cum
1249 1560 1393 1614 enim
1434 1560 1643 1630 primus
1696 1576 1874 1616 annus

296 1644 612 1716 Dionysiani
659 1647 797 1718 cycli
864 1648 1054 1702 indict.
1093 1665 1153 1703 ιιι
1213 1652 1458 1719 emperit,
1495 1650 1651 1720 cujus
1699 1666 1728 1705 a
1779 1650 1873 1707 Se-

293 1740 524 1808 ptembri
550 1749 744 1810 quarta
779 1741 944 1810 εωρὶι
977 1742 1226 1806 indictio,
1261 1757 1608 1812 consequens
1637 1753 1741 1808 est,
1770 1759 1870 1797 an-

1976 557 2202 621 Christi,
2240 559 2374 628 cycli
2413 557 2712 612 secundum
2746 557 3028 620 habuisse,
3081 572 3190 626 quo
3237 556 3555 610 incarnatus

1977 658 2032 703 et
2062 660 2219 705 ortus
2262 658 2344 704 est
2391 649 2664 705 Christus.
2702 649 2903 704 Verum
2952 649 3096 703 hunc
3141 664 3369 710 annum,
3400 655 3459 702 ut
3503 659 3555 702 et

1981 741 2370 814 Dionysianam
2419 757 2607 803 aii-am,
2661 740 2800 796 male
2857 756 2981 795 cum
3042 740 3202 794 annis
3264 738 3452 804 Urbis,
3503 747 3557 791 et

1979 834 2351 906 olympiadum
2398 833 2707 902 componit,
2746 843 2806 888 ut
2870 835 3134 888 hactenus
3175 831 3382 900 liquido
3425 844 3557 885 con-

1980 927 2134 983 stitit.
2156 926 2297 993 Quin
2321 926 2483 980 etiam
2510 927 2840 996 baptizatum
2863 941 2984 980 esse
3001 922 3280 979 Christum
3302 923 3440 976 idem
3472 937 3558 976 as-

1931 1052 1940 1059 -
1981 1019 2114 1074 serit
2139 1032 2283 1072 anno
2307 1033 2430 1071 tera:
2458 1016 2550 1081 51,
2575 1016 2751 1072 anatis
2782 1017 3005 1070 ineunte
3036 1030 3168 1078 xxx,
3203 1015 3308 1068 hoc
3347 1020 3431 1066 est
3464 1011 3560 1066 ah-

1982 1109 2177 1165 solutis
2216 1124 2343 1162 xxix
2381 1128 2392 1162 :
2437 1124 2502 1163 ex
2549 1123 2660 1178 quo
2705 1107 2931 1178 colligas
2975 1120 3120 1159 anno
3165 1119 3287 1158 cene
3337 1102 3557 1174 Dionys.

1982 1201 2158 1268 primo
2191 1199 2471 1253 Christum
2501 1215 2567 1252 ex
2605 1199 2837 1253 istorum
2870 1197 3136 1252 sententia
3177 1211 3300 1251 esse
3347 1204 3558 1251 natum.

1982 1289 2293 1360 Eodemque
2321 1289 2484 1344 modo
2513 1305 2636 1342 cum
2670 1303 2816 1342 anno
2845 1302 2968 1340 terte
2997 1285 3066 1339 51
3093 1300 3287 1354 passus
3320 1284 3561 1353 ponitur,

1983 1383 2222 1453 idipsum
2246 1382 2424 1436 aetatis
2457 1381 2603 1436 illius
2643 1395 2816 1435 xxxnt
2851 1379 3071 1433 ineunte
3094 1421 3107 1440 ,
3146 1377 3397 1430 absoluto
3435 1389 3563 1428 vero

1982 1488 2136 1528 xxxii
2169 1471 2457 1541 contigerit
2487 1481 2701 1541 oportet
2732 1489 2746 1525 :
2780 1480 2836 1525 ut
2865 1484 3052 1524 verum
3089 1467 3318 1536 sitquod
3347 1466 3413 1521 de
3441 1479 3566 1518 aerae

1981 1561 2367 1631 anticipatione
2402 1561 2564 1628 paulo
2590 1568 2714 1614 ante
2735 1560 3040 1614 docuimus.

2053 1655 2324 1724 Quocirca
2379 1654 2574 1708 falsum
2641 1661 2755 1717 est,
2809 1651 3114 1706 Marianum
3176 1649 3560 1719 Dionysianatn

1981 1763 2145 1802 teram
2181 1745 2399 1801 biennio
2427 1743 2870 1798 antevertendam
2906 1750 3150 1810 putasse.
3183 1741 3338 1807 Quod
3379 1751 3560 1794 autem

293 1847 427 1886 Itum
463 1832 708 1901 ejusdem
758 1834 897 1904 cycli
926 1848 984 1898 ιι,
1034 1834 1129 1904 qui
1180 1834 1370 1889 indict.
1435 1849 1488 1889 tv
1569 1837 1754 1904 coepit,
1823 1835 1876 1888 in
1911 1831 1952 1885 Β
1982 1839 2048 1892 ad
2072 1838 2162 1904 22,
2193 1839 2276 1892 vel
2303 1837 2366 1890 21
2401 1849 2576 1890 annos
2600 1837 2813 1895 attinet,
2842 1851 2976 1904 quos
3005 1850 3037 1888 a
3065 1833 3322 1903 Dienysio
3344 1841 3564 1902 przeter-

293 1925 424 1988 tine,
463 1926 564 1979 hoc
614 1934 700 1980 est
746 1940 776 1979 a
833 1925 1168 1995 Septembri,
1218 1925 1573 1982 indictionem
1628 1928 1876 1998 quintam

295 2018 592 2073 habuisse:
623 2027 677 2072 et
701 2019 960 2088 quoniam
997 2018 1271 2084 Christus,
1310 2028 1369 2074 ut
1400 2021 1560 2075 toties
1603 2020 1878 2076 Marianos

291 2110 517 2174 oceinit,
551 2125 696 2164 anno
753 2109 888 2180 cycli
923 2112 1163 2165 secundo
1217 2123 1376 2167 natus
1407 2121 1522 2181 est,
1567 2112 1866 2169 indictione

296 2201 442 2256 haud
468 2201 632 2256 dubie
660 2202 849 2271 quinta
885 2210 1072 2257 natum
1103 2218 1243 2257 esse.

373 2292 442 2346 Ut
481 2303 660 2347 autem
703 2293 851 2347 nulla
901 2292 1288 2362 Scaligeriana:
1331 2293 1632 2362 suspicioni
1673 2293 1879 2348 latebra

296 2386 564 2453 supersit,
614 2400 722 2454 qua
770 2385 978 2439 biennii
1025 2387 1428 2458 προχρονισμόν
1474 2387 1651 2450 illum,
1719 2401 1878 2455 quem

298 2475 645 2546 Dionysiame
685 2491 808 2531 atra».
839 2477 1049 2542 tribuit,
1079 2477 1322 2532 Mariano
1357 2479 1668 2534 suboluisse
1703 2478 1879 2547 conji-

295 2567 412 2634 cit,
462 2567 840 2624 admonendus
887 2568 1056 2624 lector
1086 2577 1166 2624 est
1207 2569 1350 2639 apud
1388 2570 1716 2632 Marianum,
1761 2583 1882 2638 quae

295 2659 364 2712 ad
402 2673 578 2714 annos
611 2648 846 2728 ascripta
880 2669 1006 2715 sunt
1045 2661 1251 2716 scholia
1279 2676 1654 2730 saepenumero
1696 2662 1879 2717 luxata

296 2766 403 2804 suo
426 2751 568 2814 loco,
595 2761 648 2806 et
675 2751 854 2805 alieno
886 2753 1060 2822 posita
1092 2752 1294 2819 videri;
1325 2768 1425 2806 nec
1464 2768 1588 2807 raro
1625 2769 1883 2808 nurnero-

301 2856 424 2894 rum
473 2849 633 2896 notas
667 2855 791 2897 esse
835 2841 1148 2897 mendosas.
1183 2841 1429 2912 Exempli
1467 2859 1632 2898 causa
1677 2859 1880 2898 annum

299 2929 539 2998 primum
567 2929 703 3000 cycli
737 2929 1051 3000 Dionysiani
1082 2931 1362 3000 componit
1392 2947 1516 2986 cum
1552 2948 1696 2986 anno
1725 2931 1883 2988 Urbis

311 3021 438 3085 7.59,
465 3019 668 3076 Sabino
697 3031 752 3077 et
785 3021 1044 3077 Passieno
1075 3038 1220 3078 coss.
1251 3022 1389 3077 Tum
1431 3040 1574 3078 anno
1605 3025 1880 3094 sequenti,

1984 1931 2186 1984 missos
2217 1937 2326 1982 tam
2358 1928 2494 1997 ipse,
2529 1941 2695 1997 quam
2742 1925 3060 1994 Sigebertus
3102 1923 3400 1982 existimat,
3439 1936 3565 1990 age-

1984 2037 2106 2076 mus
2137 2020 2204 2076 de
2233 2020 2302 2075 iis
2329 2021 2382 2073 in
2419 2018 2667 2088 sequenti
2694 2017 2933 2071 Diatriba
2960 2017 3028 2071 de
3050 2016 3304 2086 passione
3326 2013 3561 2067 Domini.

1985 2114 2137 2169 Ilane
2173 2114 2419 2169 eamdem
2451 2113 2524 2165 ‘2‘)
2551 2125 2822 2165 annorum
2860 2123 3132 2165 summam
3178 2108 3389 2171 deesse,
3421 2105 3565 2158 Pau-

1982 2208 2069 2262 lus
2099 2203 2677 2274 Forosemproniensis
2706 2218 2771 2257 ex
2797 2201 3031 2272 quadam
3059 2199 3391 2256 revelatione
3419 2197 3565 2252 didi-

1982 2308 2151 2356 cerat.
2211 2295 2460 2350 Ridicule
2501 2310 2654 2350 sane.
2705 2292 2840 2347 Nam
2898 2305 2952 2348 et
3006 2293 3125 2363 ipse
3179 2291 3564 2346 revelationem

1983 2404 2138 2445 suam
2171 2387 2430 2458 negligit;
2471 2395 2521 2440 et
2561 2386 2614 2439 in
2643 2399 2708 2439 eo
2743 2385 2958 2439 tandem
2990 2383 3313 2453 acquiescit,
3345 2393 3404 2435 ut
3437 2380 3567 2434 Dio-

1983 2483 2225 2554 nysiana:
2245 2495 2367 2534 tera:
2396 2477 2601 2533 biennii
2645 2477 2819 2531 labem
2849 2477 3078 2546 imputet
3108 2495 3120 2530 :
3159 2463 3470 2530 sed'eontra
3501 2487 3567 2526 ac

1984 2573 2316 2628 recentiores
2368 2569 2594 2624 faciunt.
2631 2566 2750 2623 Non
2798 2567 2943 2622 enim
2990 2565 3430 2638 μεταχρονισμῷ,
3470 2564 3562 2618 scd

1984 2660 2373 2736 προχρονισμῷ
2436 2667 2716 2729 peccatum
2774 2657 2961 2712 statuit
3004 2677 3017 2712 :
3059 2657 3288 2724 ideoque
3344 2655 3566 2709 biennio

1985 2770 2148 2824 quam
2196 2766 2383 2806 revera
2426 2750 2519 2814 sit,
2561 2749 2854 2804 tardiorem
2898 2764 3018 2802 esse
3057 2757 3308 2815 Oportere
3343 2755 3572 2799 conten-

1985 2846 2084 2900 dit.
2105 2842 2542 2904 Noruntomues,
2567 2841 2660 2910 qui
2686 2851 2967 2894 auctorem
2997 2840 3156 2894 istum
3187 2839 3452 2906 legerunt,
3476 2836 3570 2904 qui

1987 2937 2207 3005 quidem
2242 2933 2402 2988 hodie
2429 2933 2532 2986 invo
2556 2941 2649 2986 ntu
2686 2947 2944 3002 perrarus
2972 2940 3252 2999 est,quam
3273 2930 3568 2983 immanem

1987 3044 2051 3082 ea
2077 3026 2144 3081 de
2186 3041 2244 3080 re
2275 3024 2740 3079 Commentarium
2779 3023 3058 3092 scripserit
3095 3022 3400 3075 eruditione
3426 3021 3570 3073 haud

301 3109 532 3164 Lentulo
557 3121 610 3166 et
643 3110 934 3167 Messalino
967 3128 1136 3178 coss.,
1165 3130 1310 3169 anno
1341 3116 1518 3185 primo
1541 3117 1882 3177 Cbristi.nu.-
1912 3117 1954 3219 ὁ
1988 3118 2201 3189 vulgari
2251 3117 2342 3170 illa
2385 3115 2603 3185 quidem
2649 3113 2932 3177 refertum,
2965 3121 3018 3168 ct
3053 3114 3119 3167 ad
3161 3114 3436 3184 cyclorum
3472 3129 3571 3166 an-

301 3208 480 3254 nzerat
507 3200 668 3256 Urbis
701 3203 826 3267 752,
880 3202 1206 3272 Olympiadis
1246 3220 1374 3259 vero
1422 3205 1524 3260 194
1563 3220 1764 3260 annum
1798 3221 1882 3261 ιιι.

302 3288 470 3357 Atqui
499 3305 678 3344 annus
712 3305 836 3346 esse
873 3292 1059 3348 debuit
1087 3291 1250 3347 Urbis
1283 3293 1406 3357 750,
1434 3303 1493 3347 ut
1519 3303 1601 3348 est
1626 3294 1678 3347 in
1705 3293 1887 3350 Fastis

299 3381 616 3445 Cassiodori
651 3392 704 3436 et
748 3382 1091 3453 Cuspiniani.
1124 3384 1379 3439 Erratum
1428 3386 1591 3455 igitur
1648 3401 1677 3439 a
1716 3386 1885 3440 libra-

303 3475 388 3525 rio
418 3482 520 3538 est,
551 3473 643 3542 qui
684 3473 786 3528 752
820 3490 918 3544 pro
949 3475 1054 3529 750
1073 3478 1384 3546 exscripsit.
1405 3476 1751 3548 Proindeque
1777 3495 1886 3534 non

302 3575 416 3620 tres
450 3565 578 3618 anni
612 3566 829 3627 desunt,
857 3575 916 3620 ut
945 3566 1010 3632 is,
1045 3567 1137 3636 qui
1175 3568 1398 3622 editioni
1444 3569 1680 3638 praefuit,
1713 3571 1887 3624 adno-

302 3659 471 3724 tavit;
511 3673 703 3726 neque,
741 3667 797 3712 ut
829 3659 1082 3713 deessent
1109 3661 1298 3731 aliqui,
1344 3662 1528 3731 plures
1559 3664 1775 3718 duobus
1807 3663 1889 3717 in-

303 3750 522 3804 serendi
566 3748 764 3804 forent.
798 3749 915 3804 Non
942 3751 1088 3805 enim
1123 3753 1504 3808 animadvertit
1537 3770 1699 3808 teram
1726 3754 1891 3809 Chri-

305 3843 542 3896 s:ianam
582 3857 690 3896 non
727 3854 852 3911 post
886 3843 1257 3910 Nativitatem,
1291 3853 1346 3900 ut
1384 3845 1548 3901 hodie
1589 3849 1667 3910 tit,
1708 3865 1738 3902 a
1771 3848 1880 3903 Ma-

305 3934 484 4000 riano,
515 3943 568 3988 ct
595 3934 788 3989 media:
811 3938 1100 3992 vetustatis
1128 3937 1477 4008 cbronologis
1497 3978 1510 4001 ,
1541 3940 1635 3994 sed
1681 3941 1749 3993 ab
1773 3940 1891 4008 ipso

306 4026 706 4082 lncarnationis
735 4043 880 4083 anno
908 4029 1098 4098 repeti.
1136 4027 1241 4084 Nec
1264 4029 1444 4086 minus
1468 4031 1520 4084 in
1553 4033 1889 4100 reliquorum

307 4119 455 4172 notis
502 4135 770 4174 annorum
821 4120 937 4176 sive
981 4120 1259 4177 Marianus
1299 4123 1334 4192 i1
1362 4139 1436 4189 se,
1479 4125 1594 4178 sive
1638 4124 1892 4180 librarius

309 4224 502 4279 pereat
545 4231 558 4266 :
607 4213 711 4268 etsi
762 4214 962 4283 sa-pius
1007 4221 1210 4267 rectam
1259 4215 1401 4268 viam
1456 4214 1676 4269 insistit.
1729 4214 1890 4269 Verbi

311 4317 647 4362 causa,anno
665 4304 864 4359 Christi
896 4304 986 4368 57,
1013 4304 1148 4376 cycli
1175 4306 1355 4374 quarti
1379 4306 1892 4362 deeemnovennalis

313 4391 529 4444 initium
568 4393 795 4447 collocat
828 4393 1013 4448 indict.
1052 4411 1138 4448 xv.
1178 4393 1376 4463 Recte;
1425 4395 1762 4466 cmpitenim
1802 4412 1894 4468 cy-

1989 3224 2294 3278 noromque
2320 3205 2635 3261 methodum
2678 3222 2801 3261 cum
2844 3206 3035 3275 primis
3079 3207 3285 3259 utilem.
3322 3205 3378 3259 In
3406 3205 3572 3275 hujus

1989 3304 2152 3374 igitur
2200 3300 2394 3370 Operis
2436 3299 2576 3353 libro
2629 3313 2708 3351 xu
2749 3307 2804 3352 et
2853 3313 2976 3360 xm,
3008 3307 3294 3366 postquam
3340 3298 3392 3350 in
3431 3297 3571 3351 libro

1988 3411 2019 3447 x
2057 3393 2294 3463 priorem
2319 3389 2467 3444 illam
2492 3389 2558 3443 de
2592 3388 2664 3442 22
2692 3389 2853 3443 annis
2905 3388 3288 3442 revelationem
3326 3404 3458 3442 sane
3489 3388 3572 3440 in-

1988 3485 2193 3541 sulsam
2232 3481 2596 3552 exposuisset,
2643 3481 2791 3535 velut
2837 3487 3046 3534 mutata
3108 3480 3375 3533 sententia
3415 3479 3570 3532 bien-

1989 3576 2080 3629 nio
2115 3573 2386 3628 maturius
2424 3572 2739 3627 inchoatam
2778 3586 2808 3625 a
2850 3571 3108 3642 Dionysio
3145 3570 3335 3624 deﬁnit
3380 3587 3570 3634 'Jll‘alll,

1989 3683 2137 3722 anno
2165 3666 2382 3721 Juliano
2409 3665 2498 3732 46,
2534 3681 2658 3720 eum
2689 3681 2718 3717 a
2769 3664 2831 3718 i8
2863 3663 3199 3733 auspicanda
3237 3662 3422 3718 fuerit.
3460 3662 3574 3718 lloe

1991 3775 2119 3816 vero
2164 3761 2229 3814 a‘d
2279 3762 2425 3814 hunc
2467 3759 2694 3812 modum
2745 3758 3087 3812 demonstrat
3134 3776 3146 3810 :
3194 3756 3463 3811 Eusebius
3518 3757 3573 3810 in

1991 3852 2267 3905 Chroniris
2307 3866 2452 3905 anno
2492 3849 2696 3904 Christi
2734 3849 2821 3912 15,
2857 3849 3090 3918 Augusti
3132 3864 3242 3912 LVI,
3270 3858 3324 3902 et
3355 3849 3571 3912 ultimo,

1991 3943 2217 4012 eclipsin
2249 3942 2382 3996 solis
2401 3941 2668 3997 accidisse
2716 3949 2886 4002 notat,
2919 3941 3218 4009 eodemque
3244 3956 3388 3993 anno
3429 3955 3575 3991 mor-

1993 4043 2146 4087 tuum
2203 4033 2533 4098 Augustum.
2591 4033 2660 4084 At
2730 4045 2864 4084 vero
2919 4029 3140 4099 eclipsis
3229 4030 3378 4082 nulla
3431 4045 3576 4082 anno

1992 4119 2196 4174 Christi
2229 4119 2317 4184 15,
2349 4128 2443 4172 aut
2472 4118 2581 4172 alio
2614 4119 2863 4188 contigit,
2891 4134 3056 4186 quant
3097 4117 3194 4183 I7;
3229 4117 3282 4170 in
3328 4133 3432 4187 qua
3469 4117 3576 4172 Ilo-

1995 4227 2096 4266 ma:
2131 4221 2276 4265 totus
2325 4211 2405 4265 sol
2455 4211 2783 4265 obscuratus
2828 4221 2929 4274 est,
2979 4208 3258 4262 Februarii
3304 4225 3390 4274 xv,
3442 4210 3574 4264 bora

1995 4320 2122 4360 vere
2152 4303 2475 4370 meridiana,
2502 4304 2615 4358 sole
2642 4303 2693 4356 in
2729 4319 2856 4356 xxvi
2887 4303 3110 4370 Aquarii
3154 4303 3321 4373 gradu
3355 4305 3532 4373 posito
3558 4321 3571 4357 :

1995 4409 2106 4464 quo
2155 4394 2344 4448 eodem
2395 4409 2541 4447 anno
2592 4408 2682 4446 xiv
2726 4391 2846 4446 Kal.
2887 4393 3038 4460 Sept.
3087 4392 3367 4462 Augustus
3418 4393 3574 4447 obiit.

309 4486 429 4538 elus
467 4501 480 4537 ι
514 4485 617 4538 1ιοε
652 4500 829 4550 anno;
861 4485 974 4539 sive
1015 4501 1044 4538 a
1096 4484 1212 4539 Kal.
1258 4485 1541 4552 Jan.,sive
1582 4503 1612 4542 a
1649 4488 1890 4558 paschali
1927 4508 1970 4564 ι)
1996 4482 2178 4553 Quare
2213 4483 2434 4537 biennio
2475 4491 2589 4536 toto
2625 4498 2732 4537 aera
2781 4482 3110 4554 Dionysiana
3143 4499 3328 4537 verum
3370 4483 3577 4538 Christi

311 4588 521 4639 mense,
559 4575 747 4630 indict.
775 4592 842 4629 xv
874 4596 886 4631 :
920 4585 974 4630 at
1001 4577 1053 4630 in
1088 4576 1392 4646 Septembri
1424 4579 1648 4634 indictio
1676 4595 1786 4632 xvr.
1818 4580 1893 4633 Ex

307 4683 424 4738 quo
463 4669 709 4737 sequitur
733 4668 1190 4736 primumanmun
1224 4670 1456 4738 coepisse
1484 4670 1677 4738 indict.
1695 4686 1764 4724 tv.
1799 4670 1895 4725 Est

245 4769 252 4776 '
310 4770 496 4813 autem
533 4760 617 4814 hic
662 4760 796 4830 cycli
840 4759 1151 4832 Dionysiani
1201 4776 1262 4823 ιι,
1309 4775 1420 4830 quo
1459 4773 1690 4817 exeunte
1733 4771 1894 4819 natus

310 4864 395 4905 est
444 4851 712 4905 Christus.
763 4852 902 4922 Ergo
949 4853 1134 4907 indict.
1179 4869 1207 4905 v
1257 4863 1417 4907 natus
1462 4863 1545 4908 est
1594 4855 1893 4908 secundum

317 4943 654 5013 Dionysium.
717 4943 790 4996 Ita
851 4937 994 4997 anno
1058 4944 1162 4998 3H
1219 4952 1370 4997 notat
1423 4945 1560 5016 cycli
1608 4945 1890 5001 decimise-

316 5037 469 5106 ptimi
506 5051 707 5088 annum
747 5035 1009 5104 primum,
1060 5035 1249 5089 indict.
1291 5051 1382 5088 vn.
1414 5035 1576 5090 Recte
1601 5037 1726 5090 item
1750 5053 1895 5092 anno

311 5131 410 5185 5H
451 5138 598 5182 notat
625 5129 833 5198 eyelum
865 5145 903 5190 ι,
934 5129 1124 5182 indict.
1157 5145 1264 5182 xiv.
1300 5129 1366 5182 At
1393 5144 1536 5182 anno
1567 5129 1659 5182 561
1685 5131 1892 5200 cyclum

313 5237 352 5284 ι,
395 5218 581 5272 indict.
634 5234 690 5271 ιιι
754 5216 844 5270 ιιιιί
893 5217 1084 5271 indict.
1138 5233 1187 5270 iv
1241 5216 1548 5286 legendum.
1601 5216 1892 5290 Perpcram

313 5325 535 5380 quoque
577 5324 722 5362 anno
758 5309 862 5362 598
891 5309 1100 5378 cyclum
1138 5309 1319 5378 posuit
1354 5327 1390 5372 ι,
1424 5309 1612 5364 indict.
1644 5327 1717 5376 xi,
1749 5312 1895 5380 quod

313 5420 462 5457 anno
492 5403 593 5457 399
625 5401 896 5456 convenit.
927 5402 1086 5454 Anno
1116 5402 1364 5456 veroMS
1398 5410 1542 5457 recte
1571 5403 1753 5472 cyclus
1785 5405 1896 5473 pri-

317 5511 470 5561 unus;
514 5495 605 5549 sed
639 5494 777 5548 male
816 5493 1040 5546 IIILIlCIIO
1095 5509 1161 5546 xv
1213 5494 1525 5556 ascribitur,
1566 5509 1663 5562 pro
1698 5511 1735 5556 I,
1770 5510 1892 5548 cum

317 5603 467 5644 anno
494 5584 598 5639 598
630 5583 852 5638 indictio
884 5583 1047 5636 fuerit
1092 5600 1167 5637 xi.
1201 5583 1406 5638 Caetera
1442 5583 1604 5652 hujus
1631 5587 1894 5648 auctoris,

317 5693 416 5735 aut
447 5679 678 5730 aliorum
708 5675 957 5746 persequi
985 5675 1222 5729 otiosum
1251 5690 1313 5729 ac
1360 5691 1757 5743 supervacuum
1791 5685 1893 5731 est.

319 5771 458 5831 Illud
489 5770 706 5843 quidem
750 5771 1028 5825 evidenter
1068 5778 1316 5840 apparet,
1355 5767 1659 5824 Marianum
1695 5769 1759 5824 ab
1787 5786 1896 5826 arra

1997 4577 2232 4631 natalem
2269 4575 2559 4630 antecedit.
2602 4573 2777 4644 I-Iujus
2804 4575 3023 4644 eclipsis
3071 4577 3204 4631 solis
3234 4587 3430 4647 pra-ter
3470 4577 3580 4633 Eu-

1998 4667 2208 4723 sebium
2243 4666 2490 4720 meminit
2524 4675 2578 4720 et
2607 4665 2704 4718 Dio
2728 4665 2824 4720 lib.
2860 4676 3034 4729 L\'I,CI.
3063 4669 3205 4723 inter
3234 4685 3297 4723 ea
3331 4671 3580 4742 prodigia

1999 4767 2248 4814 recenset
2293 4773 2414 4827 qua:
2443 4757 2670 4827 Augusti
2701 4767 2930 4812 mortem
2957 4757 3292 4812 nuntiarunt.
3322 4757 3452 4813 Eam
3476 4775 3578 4814 nos

1997 4865 2121 4904 cum
2147 4846 2358 4902 Mulieri
2394 4848 2616 4912 tabul's,
2652 4863 2775 4918 qua:
2811 4858 2938 4903 sunt
2969 4851 3412 4917 εχιιειιίιίεείιιιιε,
3441 4867 3576 4904 con-

2001 4938 2537 4998 fercntesmccidissc
2569 4939 2904 5009 reperiebam
2949 4940 3015 4992 ad
3047 4941 3408 4994 meridianum
3459 4939 3578 4993 Fri-

1999 5034 2172 5088 sicum
2201 5047 2346 5087 anno
2368 5032 2570 5088 Christi
2602 5032 2689 5097 17,
2716 5031 3002 5087 Februarii
3031 5032 3244 5092 15.hor.
3270 5031 3413 5096 9,5'7
3451 5043 3579 5087 ante

1999 5125 2318 5189 meridiem;
2356 5123 2655 5178 secundum
2699 5139 2858 5179 veros
2892 5123 3036 5176 luna:
3088 5131 3294 5178 motus.
3337 5120 3576 5176 Medium

1998 5217 2338 5272 novilunium
2393 5215 2674 5271 Februarii
2732 5231 2842 5281 xw,
2919 5216 3038 5269 hor.
3102 5213 3174 5266 20
3252 5213 3352 5267 1Ἰ.
3409 5215 3575 5284 Atqui

1998 5311 2218 5380 eclipsis
2255 5309 2358 5363 isra
2395 5323 2740 5378 nequaquam
2773 5307 2838 5360 ad
2886 5321 3113 5369 annum,
3143 5320 3253 5374 quo
3292 5304 3575 5375 Augustus

1999 5402 2156 5465 obiit,
2189 5400 2482 5455 convenire
2525 5407 2704 5468 potest
2734 5414 2746 5450 ;
2777 5396 2870 5451 sed
2905 5396 2972 5450 ad
3006 5395 3210 5449 Tiberii
3254 5409 3337 5460 ιιι,
3372 5402 3432 5448 ιιι
3461 5392 3575 5448 Lu-

1998 5495 2174 5558 cidus,
2219 5492 2420 5562 aliique
2454 5491 2833 5545 demonstrant
2859 5507 2872 5542 :
2901 5488 3009 5556 qui'
3029 5487 3132 5541 hoc
3162 5488 3420 5555 prieterea
3444 5501 3578 5539 eon-

2002 5587 2254 5648 ﬁrmant;
2294 5598 2469 5652 neque
2499 5596 2563 5635 eo
2590 5595 2700 5650 quo
2730 5588 3078 5633 mortuusest
3101 5577 3381 5647 Augustus
3407 5593 3577 5641 anno,

2000 5692 2178 5747 neque
2217 5674 2464 5743 sequenti
2499 5671 2664 5726 ullam
2700 5669 2834 5724 solis
2866 5669 3092 5738 eclipsin
3124 5666 3408 5721 accidisse.
3447 5669 3580 5720 (.re-

2001 5767 2233 5825 didcrim
2259 5765 2510 5837 equidem
2543 5761 2770 5818 Dionem
2797 5760 2930 5818 solis
2962 5759 3232 5816 defectum
3265 5773 3364 5830 pro
3397 5757 3582 5814 lunari
