3986 6224
438 337 544 395 915

1566 295 1913 387 Appianum
1945 327 2577 388 DlSSERTATlONUM.

3578 331 3687 386 916

446 465 541 521 per
575 446 993 520 imprudentiam
1040 445 1316 502 habuisse.
1347 443 1481 500 Nam
1532 447 1696 516 paulo
1733 455 1860 517 post
1893 445 2007 498 Au-
2038 447 2087 506 Α
2115 444 2295 500 ticulze
2319 445 2452 499 ὡσεί
2509 445 2776 500 rationem
2830 444 3117 500 admodum
3163 446 3465 501 haberent:
3499 444 3690 502 Eccle-

446 539 593 613 gusti
621 550 851 596 mortem
879 541 1006 595 luna
1040 539 1255 604 defecit,
1286 538 1526 609 Septem.
1544 539 1635 603 27,
1659 539 1817 608 cujus
1844 553 2006 608 supra

447 633 814 688 meminimus.
852 631 1026 697 Quam
1080 645 1207 685 vero
1245 629 1382 685 falsa
1427 631 1500 685 sit
1525 629 2012 700 Middelburgensis

446 724 536 777 illa
571 723 711 778 ratio
738 730 884 792 patet
919 737 984 777 ex
1014 737 1103 786 eo,
1137 721 1283 791 quod
1318 737 1481 792 supra
1517 721 1874 776 constitutum
1902 729 2008 785 est,

443 817 750 886 Augustum
783 830 928 870 anno
952 814 1194 885 vulgaris
1225 829 1347 869 aera
1382 814 1471 880 Μ,
1501 828 1606 868 non
1633 813 1700 867 15
1732 823 2006 867 mortuum

444 919 586 960 esse.
615 904 685 959 At
709 904 927 972 eclipsis
967 904 1058 958 illa
1099 904 1231 958 solis
1276 903 1436 958 tertio
1479 912 1601 972 post
1640 902 1760 973 ejus
1801 901 2010 956 obitum

443 1007 590 1053 anno
635 992 882 1063 contigit.
913 993 1142 1062 Augusti
1185 1007 1314 1047 vero
1350 1003 1580 1047 mortem
1627 992 1681 1046 in
1718 992 2009 1047 triennium

445 1083 902 1157 submoveri,nec
934 1083 1163 1138 Herodis
1200 1098 1490 1148 annorum,
1549 1099 1648 1138 nec
1689 1083 1865 1153 ipsius
1893 1083 2011 1136 Au-

446 1175 592 1245 gusti
641 1183 896 1229 accurata
930 1176 1285 1245 computatio,
1316 1190 1418 1230 nec
1455 1167 2011 1230 historicorum‘con-

446 1265 632 1319 seusio
660 1265 945 1335 permittit.
973 1265 1051 1322 Ac
1091 1266 1138 1321 si
1172 1281 1362 1320 verum
1405 1275 1574 1330 esset,
1621 1266 1766 1336 quod
1810 1265 2011 1320 Paulus

447 1355 748 1420 contendit,
779 1371 886 1410 non
913 1356 1151 1423 biennio,
1181 1357 1274 1412 sed
1311 1357 1542 1411 triennio
1571 1356 1863 1426 Dionysius
1889 1356 2010 1409 hal-

444 1445 716 1502 lucinatus
759 1445 915 1502 foret.
952 1447 1164 1518 Quippe
1212 1449 1352 1503 idem
1397 1463 1593 1510 annus,
1622 1451 1716 1518 qui
1757 1448 2013 1518 Dionysio

445 1535 515 1589 M
540 1545 644 1601 est,
671 1537 737 1592 i5
773 1538 842 1592 ab
875 1537 1111 1611 Eusebio
1145 1548 1481 1604 numeratur,
1509 1539 1653 1609 quod
1685 1539 1730 1594 is
1768 1537 2012 1593 Natalem

443 1625 648 1684 Christi
699 1629 955 1700 conjiciat
997 1631 1052 1685 in
1095 1646 1300 1686 annum
1347 1632 1567 1686 tertium
1607 1631 1808 1702 olymp.
1869 1631 2010 1697 194;

448 1734 560 1790 quo
591 1720 778 1775 eodem
803 1735 950 1775 anno
975 1720 1194 1775 ineunte
1221 1735 1326 1774 tera
1349 1719 1552 1775 Christi
1575 1718 1876 1774 Eusebiana
1905 1719 2012 1774 ini-

447 1813 579 1866 tium
614 1811 797 1879 habet,
839 1810 1058 1868 Juliano
1095 1813 1184 1867 45.
1228 1811 1554 1883 Dionysiana
1597 1826 1728 1866 vero
1765 1812 2012 1881 sequenti

445 1904 537 1958 46.
562 1905 761 1958 Verum
793 1905 860 1959 de
885 1905 1116 1974 Augusti
1139 1913 1192 1958 et
1225 1901 1456 1959 Herodis
1477 1903 1634 1958 annis
1663 1918 1791 1958 mox
1822 1903 2013 1959 dicen-

445 1992 571 2046 dum
602 1991 726 2048 erit.

446 2102 807 2158 Excutiuntur
854 2118 916 2155 ea
974 2117 1092 2171 qua:
1133 2101 1379 2156 adversus
1425 2099 1810 2169 Dionysianam
1850 2115 2014 2156 teram

683 2188 747 2226 ex
785 2171 1012 2241 Josepho
1039 2187 1202 2242 nuper
1232 2171 1392 2240 objici
1432 2180 1597 2239 empta
1626 2181 1768 2224 sunt.

519 2264 800 2330 Omnium,
842 2280 964 2335 qua:
1014 2264 1282 2334 superiori
1316 2265 1491 2332 capite
1511 2261 1895 2327 disseruimus,
1948 2276 2016 2318 eo

447 2372 663 2412 summa
688 2355 844 2418 redit,
868 2364 928 2410 ut
957 2355 1002 2410 si
1025 2355 1148 2424 quis
1169 2353 1555 2421 Dionysianam
1581 2366 1746 2405 teram
1779 2365 1842 2405 ac
1867 2365 2017 2406 com-

446 2462 667 2502 munem
700 2447 839 2502 tueri
862 2447 1011 2511 velit,
1030 2444 1339 2501 necessario
1365 2443 1480 2499 haec
1495 2444 1762 2498 aﬂirmarc
1788 2444 2013 2499 debeat:

447 2543 684 2610 primum
715 2540 834 2610 ejus
878 2539 1094 2594 initium
1128 2553 1273 2594 anno
1297 2535 1517 2591 Juliano
1561 2535 1630 2590 46
1661 2537 1914 2606 coepisse,
1949 2535 2014 2593 C.

447 2631 663 2686 Caesare
692 2639 746 2684 et
777 2629 947 2684 Paulo
993 2643 1166 2692 coss.,
1217 2642 1280 2680 ac
1320 2627 1366 2681 si
1396 2625 1643 2694 proxime
1669 2635 1793 2680 ante
1814 2627 2016 2696 princi-

446 2723 597 2791 pium
632 2737 754 2776 tera:
780 2729 966 2774 natum
992 2735 1114 2774 esse
1143 2717 1416 2773 Christum
1445 2715 1740 2780 existimet,
1791 2717 1840 2770 id
1873 2727 2017 2770 anno

445 2813 667 2868 Juliano
695 2813 766 2867 45
793 2811 1160 2874 tribuendum,
1210 2826 1353 2867 coss.
1397 2810 1652 2866 Cornelio
1679 2809 1909 2866 Lentulo
1963 2821 2018 2868 et

447 2905 744 2975 Calpurnio
785 2903 1003 2958 Pisone.
1052 2901 1253 2957 Deinde
1302 2901 1581 2956 Christum
1620 2917 1794 2957 annos
1829 2913 2017 2958 natum

451 3015 642 3053 novem
673 3005 725 3052 et
772 2995 962 3067 viginti
1015 2995 1082 3049 ad
1138 2995 1463 3064 baptismum
1517 2995 1839 3060 accessisse,
1874 3010 2019 3049 anno

449 3087 650 3143 Tiberii
681 3103 793 3154 xvr,
848 3085 1058 3142 Vinicio
1093 3097 1145 3141 et
1190 3086 1436 3156 Longino
1467 3101 1634 3151 coss.,
1658 3087 1880 3142 ineunte
1918 3086 2018 3140 tri-

449 3182 677 3235 cesimo.
738 3178 852 3236 llac
904 3195 1012 3234 una
1067 3179 1278 3234 ratione
1328 3178 1532 3233 biennii
1592 3178 2021 3250 μεταχρονιτμός

451 3271 542 3326 ille
570 3271 802 3326 devitari
848 3279 1046 3340 potest,
1082 3285 1243 3340 quem
1274 3267 1536 3340 Scaliger,
1567 3269 1796 3339 ejusque
1844 3279 2024 3323 secta-

451 3374 599 3419 tores
649 3361 961 3431 objiciunt:
1001 3361 1092 3430 qui
1122 3360 1342 3429 quidem
1398 3359 1709 3414 necessario
1755 3358 2022 3427 sequitur,

449 3456 498 3510 si
536 3453 765 3508 Lentulo
818 3466 884 3506 ac
936 3451 1250 3506 Marcellino
1291 3448 1688 3514 coss.,Juliano
1732 3449 1801 3502 45
1836 3459 2022 3503 natum

451 3558 576 3597 esse
607 3541 884 3596 Christum
917 3555 1168 3607 asseras;
1207 3549 1261 3596 et
1299 3539 1502 3595 Tiberii
1551 3555 1640 3607 xv,
1683 3537 1900 3595 Juliauo
1929 3540 2018 3607 74,

453 3633 630 3687 aetatis
662 3645 775 3688 sua:
822 3629 1103 3684 tricesimo
1144 3629 1257 3699 jam
1311 3630 1583 3696 absoluto,
1617 3630 1840 3686 ineunte
1894 3647 2023 3688 vero

453 3720 725 3777 tricesimo
755 3719 950 3791 primo,
986 3718 1312 3788 baptizatum
1345 3717 1533 3774 fuisse.

525 3813 592 3868 Et
619 3815 905 3868 hactenus.
935 3811 1154 3882 quidem
1189 3820 1331 3865 recte
1361 3811 1666 3866 communis
1693 3826 1799 3866 aera
1831 3826 2023 3880 proce-

453 3907 581 3961 dere
605 3905 797 3974 potuit.
837 3904 942 3958 Sed
970 3918 1106 3958 nova
1131 3902 1376 3972 quaedam
1426 3913 1549 3956 ante
1570 3903 1672 3957 hos
1700 3903 1889 3972 viginti
1920 3920 2021 3957 an-

454 4014 554 4052 nos
600 3998 774 4052 eidem
828 3996 1032 4050 moveri
1061 3996 1428 4050 controversia
1471 3995 1651 4065 cespit.
1679 3993 1812 4050 Nam
1845 3997 1936 4066 qui
1969 3996 2020 4051 in

452 4088 674 4157 Josephi
713 4087 1019 4158 gravissimi
1048 4087 1332 4156 scriptoris
1381 4087 1662 4142 historiam
1710 4089 2024 4158 diligentius

453 4179 839 4242 iucubuerunt,
874 4193 1104 4248 eamque
1150 4193 1275 4233 cum
1325 4175 1587 4233 Romanis
1626 4179 1901 4234 historicis
1929 4197 2021 4236 ac-

451 4269 798 4324 curatissime
829 4269 1197 4332 contulerunt,
1221 4269 1418 4323 eruditi
1445 4269 1778 4340 solertcsque
1797 4271 2025 4326 chrono-

453 4363 584 4433 logi,
638 4361 796 4416 facile
844 4362 1338 4429 deprehenderunt,
1389 4378 1496 4416 non
1557 4363 1776 4418 biennio
1822 4365 2020 4431 solum,

2113 537 2208 592 she
2238 552 2367 591 vero
2397 537 2616 592 decreto
2643 538 2762 602 ulli,
2793 537 2877 591 vel
2911 538 3222 592 auctoritati
3274 553 3602 608 repugnare,
3628 539 3684 592 id

2109 637 2423 684 constanter
2446 643 2602 699 nego.
2631 626 2745 682 Non
2768 629 2912 683 enim
2949 639 3271 697 temporum,
3304 643 3689 696 annorumque

2113 722 2280 776 tricas
2307 721 2464 786 istas,
2496 737 2561 775 ac
2594 722 2875 786 minutias,
2906 731 2999 775 aut
3029 720 3460 783 intervallorum,
3521 730 3688 788 atque

2114 815 2444 884 epocharum
2501 814 2786 885 ἀκρίϐειαν
2834 823 2991 867 curat
3016 812 3274 876 Ecclesia,
3315 812 3410 866 sed
3470 823 3689 882 recepta

2114 921 2178 960 ac
2239 905 2484 975 populari
2561 905 3052 974 computandorum
3111 912 3417 971 temporum
3474 902 3690 958 ratione

2111 1001 2363 1048 contenta
2393 1000 2495 1048 est.
2531 992 2666 1059 Quis
2693 993 2838 1047 enim
2879 999 3030 1061 putet
3062 1002 3294 1045 veterem
3331 989 3479 1044 illam
3513 1004 3689 1043 anno-

2113 1099 2232 1137 rum
2251 1083 2319 1138 ab
2345 1061 2478 1139 orbe
2509 1083 2730 1138 condito
2751 1097 3020 1137 summam
3047 1097 3076 1135 e
3101 1079 3415 1136 Graecorum
3441 1080 3687 1136 fontibus

2114 1171 2390 1238 haustam,
2437 1188 2602 1242 quam
2653 1182 2710 1228 et
2764 1173 3149 1242 antiquissima
3197 1172 3432 1226 concilia
3485 1173 3685 1240 saepius

2117 1267 2505 1332 adhibuerunt,
2538 1275 2594 1321 et
2650 1267 2920 1336 hodieque
2968 1266 3023 1319 in
3079 1263 3398 1334 Menologiis
3444 1263 3687 1321 Ecclesia

2113 1359 2324 1426 retinet,
2373 1367 2469 1415 aut
2510 1359 2756 1422 illorum,
2797 1368 2893 1414 aut
2944 1357 3108 1428 hujus
3152 1357 3475 1412 auctoritate
3517 1355 3687 1414 fuisse

2114 1451 2666 1507 constitutam2adeo
2713 1460 2773 1506 ut
2825 1450 2915 1520 qui
2947 1449 3262 1505 Latinorum
3296 1448 3682 1504 Hebreorum-

2113 1557 2218 1612 que
2251 1550 2361 1597 tam
2390 1542 2660 1598 diversam
2693 1557 2758 1597 ac
2789 1542 3141 1597 dissidentem
3175 1550 3377 1604 teneat,
3415 1541 3561 1596 illius
3589 1542 3685 1596 de-

2113 1643 2265 1688 creto
2307 1642 2588 1703 repugnet.
2643 1633 2778 1700 Quis
2824 1642 2909 1689 est
2965 1632 3286 1698 autem,qui
3337 1633 3441 1686 hoc
3481 1631 3700 1691 sarculo,

2117 1721 2529 1793 chronologiam
2580 1723 2834 1792 attingat,
2883 1724 2978 1791 qui
3028 1737 3134 1776 nou
3192 1720 3465 1784 Latinam,
3497 1731 3551 1775 et
3581 1719 3678 1776 He

2119 1813 2356 1868 braicam
2391 1813 2552 1868 istam
2604 1814 2782 1879 alteri,
2809 1827 2973 1882 quam
3021 1813 3212 1869 ascivit
3239 1811 3505 1878 Ecclesia,
3528 1821 3687 1866 ante-

2116 1904 2422 1974 ponendam
2446 1905 2738 1960 existimet.
2773 1903 2878 1958 Par
2902 1913 2987 1960 est
3014 1904 3068 1958 in
3101 1920 3210 1958 aera
3239 1904 3442 1959 Christi
3473 1904 3686 1973 vulgari

2115 1995 2424 2052 institutum
2452 1995 2723 2064 Ecclesiae,
2741 2006 2802 2051 ut
2828 2011 2970 2061 eam,
2996 1995 3143 2066 quod
3172 1996 3311 2066 apud
3343 1994 3688 2050 Christianos

2118 2103 2310 2145 omnes
2338 2090 2656 2157 obtinuerit,
2681 2091 2744 2142 ad
2772 2105 2931 2145 usum
2972 2088 3266 2144 transferat
3291 2106 3304 2139 :
3339 2097 3526 2143 utrum
3556 2104 3689 2142 vero

2120 2179 2189 2234 ab
2220 2179 2337 2247 ipso
2365 2177 2541 2233 Natali
2577 2179 2777 2234 Christi
2819 2187 3071 2234 accurate
3120 2178 3346 2247 repetita
3393 2178 3489 2244 sit,
3549 2178 3688 2232 nihil

2119 2271 2256 2326 adeo
2282 2271 2595 2341 perquirat;
2621 2285 2796 2339 neque
2844 2271 2910 2324 ad
2939 2270 3053 2324 haec
3100 2270 3305 2324 leviora
3343 2269 3690 2338 gravitatem,

2125 2363 2616 2431 auctoritatemque
2649 2377 2828 2426 suam,
2852 2377 2972 2432 qua:
2995 2371 3344 2417 sacrosancta
3372 2361 3691 2427 debetessc,

2119 2451 2389 2520 interponi
2427 2451 2685 2520 patiatur.
2715 2450 2889 2516 Quam
2924 2451 2977 2503 in
3021 2464 3136 2504 rem
3171 2449 3314 2503 valet
3361 2449 3416 2502 in
3471 2450 3687 2517 primis,

2119 2543 2266 2612 quod
2296 2541 2495 2597 Paulus
2528 2541 3018 2610 Middelburgensis
3043 2541 3137 2595 lib.
3178 2555 3300 2605 xm,
3333 2555 3453 2608 cap.
3485 2539 3693 2601 6,scri-

2122 2643 2275 2703 ptum
2308 2633 2547 2702 reliquit.
2577 2631 2714 2688 Nam
2774 2647 2897 2687 cum
2953 2631 3232 2686 biennium
3285 2630 3438 2691 illud,
3470 2629 3541 2684 de
3579 2645 3692 2699 quo

2119 2739 2285 2795 supra
2341 2724 2600 2790 diximus,
2654 2722 2950 2794 Dionysius
2996 2737 3119 2776 arte
3145 2722 3335 2777 deesse
3389 2721 3688 2783 docuisset,

2119 2815 2350 2873 subinde
2385 2817 2491 2872 sibi
2525 2816 2670 2872 istud
2706 2815 2938 2885 objicit:
2975 2813 3127 2885 sequi
3155 2829 3221 2869 ex
3254 2829 3320 2868 eo
3342 2813 3556 2875 videri,
3590 2813 3691 2866 Ec-

2120 2909 2342 2964 clesiam
2381 2908 2437 2962 in
2483 2909 2666 2975 bullis,
2700 2923 2767 2964 ac
2799 2908 3077 2978 rescriptis
3111 2907 3228 2962 suis
3276 2906 3554 2960 oberrare.
3589 2905 3688 2958 Cui

2123 3001 2204 3057 sic
2223 3002 2463 3057 occurrit
2487 3017 2502 3056 :
2529 2999 2830 3055 Ecclesiam
2874 2999 2980 3054 hac
3003 3007 3310 3068 temporum
3337 2996 3690 3050 subductione

2127 3092 2203 3147 uti
2243 3092 2478 3162 quidem,
2510 3092 2604 3147 sed
2635 3090 2859 3146 minime
2893 3090 3142 3160 probare,
3169 3104 3356 3143 verum
3385 3103 3414 3141 a
3445 3087 3688 3142 chrono-

2125 3184 2262 3254 logia
2290 3192 2588 3236 mutuatam
2617 3197 2774 3237 suum
2794 3181 2861 3236 ad
2879 3196 3039 3234 usum
3063 3178 3496 3234 accommodare.
3526 3176 3692 3241 Quid-

2123 3271 2252 3340 quid
2278 3280 2458 3324 autem
2493 3270 2623 3324 insit
2648 3269 2874 3332 erroris,
2908 3269 2962 3323 id
3003 3268 3110 3324 illis
3132 3283 3273 3330 esse,
3300 3281 3408 3320 non
3442 3265 3692 3320 Ecclesia:

2125 3362 2494 3432 tribuendum.
2517 3361 2598 3416 Ad
2634 3362 2748 3418 hac
2777 3375 2885 3417 non
2915 3368 3176 3430 perpetuo
3209 3360 3348 3412 hanc
3372 3360 3424 3410 in
3451 3357 3688 3411 Ecclesia

2125 3453 2446 3508 numerandi
2503 3453 2768 3507 rationem
2821 3453 3130 3516 exstitisse;
3173 3451 3266 3504 sed
3315 3461 3441 3503 ante
3488 3463 3690 3517 paucos

2123 3560 2318 3610 annos,
2343 3545 2446 3599 sub
2466 3542 2707 3614 Eugenio
2732 3541 3017 3603 lV,Blondi
3047 3539 3432 3596 Foroliviensis
3449 3541 3688 3602 hortatu,

2124 3636 2217 3706 qui
2244 3635 2512 3706 pontiﬁcii
2543 3634 2750 3704 collegii
2799 3649 2828 3686 a
2877 3635 3104 3689 secretis
3133 3632 3381 3687 notarius
3409 3640 3544 3692 erat,
3590 3632 3688 3683 ad-

2126 3729 2370 3786 missam.
2407 3725 2573 3780 Addit
2617 3733 2672 3778 et
2701 3723 3019 3794 Dionysium
3049 3722 3324 3793 Exiguum
3354 3721 3517 3777 istius
3569 3735 3691 3774 autc

2123 3818 2462 3875 conditorem
2484 3829 2722 3871 errorem
2749 3815 3036 3884 agnovisse
3073 3830 3258 3878 suum,
3289 3824 3342 3870 et
3384 3814 3691 3868 uerecundia

2123 3911 2422 3992 confusum,
2453 3908 2716 3963 utscribit
2739 3904 3069 3977 Sigebertus,
3100 3907 3325 3977 frontem
3350 3905 3453 3960 sibi
3477 3905 3688 3974 pudoris

2123 4001 2356 4056 cauterio
2378 4001 2655 4054 cxussisse.
2672 3999 2792 4054 llaec
2820 3998 3021 4055 Paulus
3050 3999 3116 4054 de
3135 4015 3238 4053 aera
3265 3997 3617 4069 Dionysiana,
3635 3997 3688 4050 in

2124 4109 2232 4162 qua
2262 4089 2700 4162 reprehendenda
2721 4089 2892 4144 multo
2917 4089 3006 4144 ille
3023 4088 3501 4159 reprehendendus
3518 4088 3689 4157 magis

2124 4186 2227 4241 est,
2255 4185 2314 4230 ut
2347 4177 2400 4230 in
2430 4175 2807 4245 superioribus
2836 4176 3056 4246 planum
3086 4175 3261 4231 cuivis
3313 4192 3434 4231 esse
3482 4174 3684 4232 facturn

2123 4269 2468 4325 conﬁdimus.
2497 4267 2607 4325 Nec
2633 4278 2717 4325 est
2753 4270 2978 4324 omnino
3005 4270 3296 4339 quidquam
3333 4286 3361 4322 a
3391 4270 3688 4338 Sealigero,

2125 4359 2382 4424 Calvisio,
2413 4361 2730 4431 caeterisquc
2759 4371 2944 4416 contra
2977 4363 3116 4416 hanc
3142 4361 3387 4424 allatum,
3413 4363 3555 4430 quod
3580 4377 3693 4414 mo-

453 4453 551 4508 sed
580 4463 634 4507 et
664 4454 1044 4522 quadriennio,
1073 4455 1154 4508 vel
1190 4454 1564 4525 quinquennio
1596 4470 1782 4508 verum
1812 4455 2017 4510 Christi
2052 4472 2098 4527 D
2128 4451 2294 4506 menti
2350 4452 2551 4522 aliquid
2597 4452 2816 4520 habeat,
2859 4462 3052 4524 praeter
3092 4469 3156 4507 ea
3197 4470 3318 4522 qua:
3344 4469 3407 4506 ex
3457 4451 3691 4522 Joseplao

453 4546 696 4602 Natalem
733 4549 1136 4619 anticipandum
1180 4563 1322 4610 esse,
1351 4547 1398 4601 si
1428 4563 1553 4602 vera
1588 4558 1735 4612 sunt,
1788 4566 1910 4620 qua:
1955 4552 2024 4607 ab

454 4639 563 4695 illis
591 4639 867 4694 historicis
900 4640 1222 4708 produntur.
1278 4638 1580 4707 Disputavit
1608 4655 1670 4694 ea
1703 4640 1769 4696 de
1813 4657 1870 4696 re
1913 4643 2023 4711 pri-

454 4746 579 4784 mus
610 4728 854 4782 omnium
905 4727 1164 4782 Dekerius
1222 4739 1439 4796 noster;
1491 4729 1648 4798 cujus
1697 4733 2024 4786 sententiam

455 4819 744 4887 amplexus
765 4826 873 4883 est,
907 4827 962 4871 et
989 4817 1277 4872 illustravit
1315 4818 1606 4887 plurimum
1642 4820 1906 4889 Keplerus
1939 4823 2024 4876 in-

455 4908 628 4978 signis
679 4907 1119 4972 mathematicus,
1154 4909 1290 4963 libro
1345 4909 1420 4962 De
1455 4926 1594 4964 anno
1643 4909 1850 4977 Natali,
1884 4922 1939 4967 et
1969 4913 2023 4968 in

454 4997 673 5068 Eclogis
701 4997 1071 5067 chronologis.
1119 4998 1293 5064 Quam
1337 4999 1552 5054 illorum
1583 5001 1894 5069 opinionem
1940 5003 2025 5057 di-

453 5107 612 5162 gnam
640 5092 893 5156 arbitror,
921 5108 1040 5161 qua:
1063 5093 1221 5146 etiam
1247 5101 1408 5162 atque
1430 5094 1592 5147 etiam
1613 5096 2019 5154 consideretur:

455 5179 734 5250 indignam
794 5189 959 5244 certe,
991 5195 1152 5247 quam
1199 5197 1321 5233 cum
1371 5181 1487 5248 ejus
1521 5190 1742 5235 auctore
1797 5182 2024 5239 Dekerio

453 5272 538 5325 vir
566 5271 687 5340 pius
714 5279 768 5326 et
795 5271 1044 5326 eruditus
1079 5286 1214 5341 pene
1267 5271 1516 5326 hostilem
1549 5273 1601 5324 in
1637 5274 1858 5328 modum
1893 5293 2016 5345 pro-

458 5364 756 5429 scriberet,
781 5371 1041 5432 tanquam
1079 5379 1297 5426 novam,
1333 5373 1386 5418 et
1415 5364 1483 5418 ab
1514 5380 1613 5418 usu
1649 5365 1815 5421 totius
1839 5366 2025 5422 Eccle-

457 5455 552 5510 siae
581 5462 870 5511 remotam.
903 5455 1014 5524 Ego
1049 5471 1174 5508 vero
1213 5470 1406 5509 novam
1452 5471 1573 5510 esse
1604 5458 1816 5525 quidem
1854 5460 2023 5526 illam,

460 5559 558 5600 nec
585 5545 654 5599 ab
681 5545 918 5615 antiquis
951 5555 1266 5616 usurpatam
1299 5546 1454 5600 video
1491 5561 1503 5596 :
1539 5547 1703 5616 quod,
1734 5557 1794 5602 ut
1821 5549 2025 5604 dictum

461 5644 564 5694 est,
589 5650 910 5702 persuasum
967 5637 1231 5692 hactenus
1253 5647 1398 5692 esset
1425 5637 1702 5706 omnibus,
1746 5637 2024 5696 Christum

467 5723 644 5780 aetatis
680 5739 824 5780 anno
853 5727 1129 5784 tricesimo
1158 5729 1488 5799 baptizatum
1517 5745 1658 5798 esse,
1691 5747 1868 5802 neque
1901 5749 2024 5803 par-

2129 4552 2560 4615 petuntur;qua:
2590 4560 2656 4599 ne
2696 4545 2810 4615 ipsa
2843 4547 3062 4616 quidem
3085 4547 3299 4600 illorum
3335 4546 3560 4601 biennio
3586 4545 3693 4600 suf-

2129 4637 2442 4706 fragantur;
2473 4639 2735 4707 quoniam
2765 4654 2872 4694 non
2915 4639 3128 4694 duobus
3161 4639 3361 4701 solum,
3387 4639 3481 4692 sed
3509 4653 3583 4703 iv,
3615 4643 3691 4694 vel

2128 4747 2158 4786 ν
2190 4732 2378 4787 solidis
2407 4732 2564 4787 annis
2609 4732 2811 4788 Christi
2838 4731 3080 4786 Nat’alem
3124 4733 3569 4786 antevertendum
3601 4733 3694 4787 de-

2127 4833 2450 4880 monstrant.
2481 4824 2612 4890 Quae.
2627 4840 2712 4879 res
2739 4825 3002 4879 adversus
3025 4825 3423 4879 nobilissimum
3455 4825 3694 4879 historia:

2127 4919 2446 4986 scriptorem
2479 4917 2626 4974 viros
2651 4917 2916 4986 quosdam
2951 4916 3070 4986 pios
3121 4933 3185 4971 ac
3207 4919 3395 4972 doctos
3429 4918 3690 4986 majorem

2127 5009 2180 5063 in
2210 5010 2428 5063 modum
2460 5009 2776 5072 commovit,
2812 5017 2872 5062 ut
2893 5024 3055 5077 quem
3086 5009 3352 5063 mendacii
3384 5011 3692 5064 convictum

2127 5107 2400 5169 putarent,
2458 5098 2593 5152 nihil
2625 5099 2676 5151 ei
2732 5098 2896 5151 tribui
2930 5097 3272 5152 auctoritatis
3303 5113 3366 5151 ac
3398 5098 3516 5152 ﬁdei
3546 5108 3693 5166 pate-

2130 5203 2318 5246 rentur
2343 5208 2359 5255 ;
2386 5189 2686 5260 praesertim
2721 5189 2773 5242 in
2798 5188 2863 5243 iis
2896 5204 3016 5257 qua:
3044 5189 3110 5243 ad
3156 5188 3385 5244 Herodis
3414 5205 3590 5243 annos
3612 5200 3694 5242 at-

2128 5285 2298 5337 tinent
2331 5301 2344 5336 :
2397 5283 2449 5335 in
2485 5281 2681 5351 quibus
2720 5280 2949 5346 absurda
2983 5289 3032 5332 et
3070 5291 3370 5348 portentosa
3420 5284 3693 5336 mendacia

2129 5377 2328 5437 inesse,
2357 5389 2480 5427 cum
2521 5387 2736 5427 summa
2793 5373 3177 5440 inconstantia,
3214 5384 3270 5427 et
3320 5372 3689 5428 Romanorum

2129 5466 2409 5519 annalium
2449 5464 2667 5519 inscitia
2709 5463 3071 5517 Ecclesiastici
3129 5463 3347 5518 annales
3401 5463 3686 5518 aibrmant.

2129 5555 2246 5611 Non
2295 5557 2330 5609 ii
2361 5572 2574 5623 sumus,
2599 5557 2692 5626 qui
2743 5572 3083 5610 summorum
3121 5556 3362 5610 virorum
3395 5559 3688 5612 memoria).

2129 5655 2182 5699 ct
2203 5645 2590 5700 existimationi
2625 5644 2916 5700 obtrectari
2943 5645 3190 5709 velimus,
3209 5646 3478 5715 praecipue
3502 5650 3689 5701 catho-

2131 5737 2358 5793 licorum
2379 5752 2394 5802 ;
2419 5737 2545 5794 utsi
2571 5739 2701 5809 quid
2734 5738 2803 5794 ab
2827 5738 2934 5794 illis
2965 5739 3276 5820 titubatum,
3307 5736 3686 5794 commissum-
