3986 6224
341 284 446 340 917

1511 289 1599 343 DE
1637 289 1822 346 ANNO
1863 288 2117 345 NATALI
2156 293 2454 350 CHRISTI.

3483 299 3586 353 9l8

341 415 452 468 que
473 403 563 464 sit,
599 401 844 458 severius
873 414 1302 470 persequamur;
1331 417 1504 471 neque
1531 417 1633 458 nos
1687 402 1912 458 omnino
1944 407 1984 463 Α
2018 414 2123 458 tum
2157 418 2400 464 recenset.
2438 407 2625 477 Itaque
2649 411 2693 462 si
2724 408 2946 477 .Ioscplto
2976 409 3157 463 demus
3199 427 3372 473 aures,
3399 429 3514 478 qua!
3553 432 3585 467 a

342 490 540 545 canina
584 491 674 544 illa
708 490 957 545 facundia
991 490 1242 557 delectat,
1268 507 1390 560 quae
1420 491 1720 546 multorum
1745 506 1911 547 occu-

343 581 493 648 pavit
529 580 763 650 ingenia.
811 581 917 636 Sed
961 580 1091 635 illud
1121 589 1300 636 tamen
1339 581 1483 652 quod
1514 581 1689 637 cuivis
1722 581 1826 636 hoc
1859 581 1913 635 in

343 671 650 726 litterarum
705 685 899 740 genere
949 686 1269 727 concessum
1315 683 1415 735 est,
1453 681 1706 741 negatum
1756 671 1916 726 nobis

345 775 470 815 esse
500 760 787 823 nolumus;
822 771 880 814 ut
910 760 957 815 si
988 762 1118 831 quid
1151 763 1308 816 aliter
1340 774 1502 828 atque
1529 763 1603 816 illi
1623 763 1913 828 senserint,

351 853 525 906 visum
567 850 724 906 nobis
774 849 956 912 fuerit,
1001 852 1054 906 id
1101 853 1331 924 ingenue
1366 855 1738 924 proliteamur,
1769 869 1830 908 ac
1856 853 1917 906 li-

347 944 511 1009 bere;
542 957 608 996 ne
635 943 767 1012 quid
798 943 1013 998 veritati
1072 945 1186 999 haec
1239 945 1376 1014 ipsa,
1413 960 1533 1014 qure
1583 945 1790 999 servire
1839 943 1916 1000 illi

347 1033 530 1098 debet,
560 1034 705 1090 obsit
739 1035 1023 1090 hominum
1060 1037 1376 1100 auctoritas,
1403 1045 1457 1091 et
1494 1035 1914 1091 commendatio.

346 1124 504 1190 Quod
543 1141 610 1180 ne
661 1128 911 1196 praesenti
938 1126 992 1182 in
1039 1127 1256 1196 negotio
1283 1129 1562 1192 contingat
1592 1141 1920 1198 magnopere

345 1223 432 1268 est
455 1218 770 1272 verendum.
797 1215 983 1287 Neque
1017 1233 1146 1272 vero
1167 1216 1391 1288 Iosephi
1428 1219 1791 1289 patrocinium
1817 1218 1919 1273 hoc

348 1305 472 1372 loco
506 1308 874 1376 suscipimus;
907 1324 1008 1363 nec
1029 1324 1244 1363 errasse
1268 1309 1421 1363 illum
1453 1309 1762 1365 inficiamur
1786 1327 1800 1374 ;
1825 1318 1920 1364 aut

348 1406 624 1464 postremo
659 1399 741 1453 vel
777 1399 1059 1452 minimum
1091 1409 1274 1453 contra
1308 1415 1586 1455 sacrarum
1617 1401 1774 1455 fidem
1803 1400 1918 1455 Lit-

349 1498 588 1543 terarum
641 1491 891 1559 scriptori
924 1491 1014 1543 ulli
1057 1490 1370 1545 tribuimus.
1405 1489 1605 1545 Verum
1660 1506 1759 1546 nec
1801 1507 1922 1562 qua:

349 1577 418 1631 ad
477 1578 622 1633 illius
681 1579 1032 1633 minuendam
1092 1579 1555 1634 existimationem
1600 1579 1919 1645 afferuntur,

349 1684 478 1722 vera
520 1678 774 1739 putamus
802 1671 1018 1735 omnia;
1078 1680 1131 1724 et
1178 1674 1323 1741 quod
1379 1672 1449 1727 ad
1497 1674 1799 1728 recentiora
1832 1673 1922 1727 Iu-

349 1760 594 1813 daeorum
628 1769 868 1830 tempora
911 1770 1136 1830 spectat,
1181 1762 1466 1817 certiorem
1497 1778 1561 1818 ac
1587 1765 1918 1819 constantio-

352 1866 467 1902 rem
517 1849 780 1904 habemus
833 1861 1055 1906 auctore
1106 1853 1212 1905 isto
1245 1852 1537 1907 neminem.
1589 1853 1667 1906 Ac
1708 1861 1915 1907 tantum

351 1939 528 2004 abest,
559 1939 673 1994 haec
697 1947 754 1994 ut
774 1949 880 1994 tam
906 1942 1146 2008 assidua,
1171 1952 1277 1996 tam
1306 1944 1500 1998 acerba
1529 1959 1650 1997 cum
1680 1942 1919 2014 Josepho

355 2029 643 2085 Annalium
677 2032 1042 2100 expostulatio
1089 2033 1155 2087 de
1198 2033 1342 2088 illius
1377 2033 1519 2103 apud
1550 2049 1637 2088 me
1672 2035 1775 2089 tide
1836 2035 1918 2089 vel

354 2122 624 2174 tantillum
675 2122 990 2187 detraxerit,
1028 2132 1085 2178 ut
1134 2124 1236 2179 hoc
1264 2124 1382 2194 ipso
1429 2124 1666 2193 primum
1704 2125 1924 2182 nomine

353 2221 603 2280 suspecta
629 2227 747 2266 esse
775 2213 906 2266 mihi
961 2214 1236 2270 accusatio
1270 2215 1359 2269 illa
1399 2215 1652 2285 cmperit,
1687 2217 1832 2285 quod
1865 2217 1920 2270 in

354 2315 477 2352 eam
513 2309 660 2355 tanto
685 2302 985 2366 stomacho,
1010 2318 1073 2357 ac
1101 2303 1259 2358 toties
1283 2303 1640 2358 incurrerent.
1674 2303 1809 2358 Tum
1831 2304 1922 2359 ubi

356 2389 472 2443 hrcc
511 2391 771 2446 attentius
820 2393 1058 2458 excussi,
1087 2409 1208 2463 quae
1254 2395 1320 2448 ad
1350 2393 1646 2464 Iosepbum
1680 2405 1926 2452 everten-

354 2482 485 2535 dum
524 2483 855 2538 validissima
888 2485 1266 2548 credebantur,
1295 2487 1431 2541 nihil
1457 2487 1624 2542 atroci
1654 2486 1740 2542 illa
1771 2487 1929 2544 casti-

355 2574 571 2641 gatione
595 2575 835 2645 iniquius
868 2587 949 2630 est
986 2577 1180 2631 visum.
1213 2577 1342 2644 Quae
1369 2579 1583 2634 tametsi
1619 2580 1746 2633 olim
1773 2595 1800 2633 a
1839 2595 1928 2635 me

354 2665 753 2731 animadversa,
779 2667 1050 2735 disputata
1079 2669 1420 2736 postmodum
1470 2669 1538 2724 ab
1564 2669 1708 2736 aliis,
1766 2679 1928 2740 atque

353 2756 623 2824 explicata
692 2758 966 2826 comperi,
1010 2757 1173 2813 licere
1232 2759 1366 2812 mihi
1421 2759 1640 2830 quidem
1692 2761 1930 2815 arbitror

357 2863 482 2916 qua:
506 2847 726 2916 perinde
757 2855 815 2901 ut
868 2848 942 2901 illi
965 2849 1286 2918 inquirendo
1319 2859 1649 2906 consecutus
1694 2849 1926 2914 fueram,

357 2953 467 2992 non
491 2947 550 2991 ut
582 2940 649 2992 ab
683 2938 789 2994 illis
819 2948 1063 3010 accepta,
1099 2941 1194 2995 sed
1231 2949 1342 2995 uta
1383 2957 1469 2996 me
1495 2943 1657 2997 etiam
1706 2942 1928 3011 excogi-

355 3037 408 3084 la
418 3039 468 3082 ta
498 3043 815 3098 proponere.

429 3116 572 3186 Ergo
600 3119 668 3172 ad
701 3119 1010 3174 elevandum
1054 3117 1275 3190 Iosephi
1322 3119 1481 3174 ﬁdem
1512 3134 1542 3175 e
1577 3120 1760 3175 multis
1807 3120 1926 3189 ejus

355 3211 637 3265 erroribus
670 3211 722 3265 hi
755 3213 899 3266 velut
938 3213 1177 3282 insignes
1231 3229 1292 3266 ac
1341 3212 1588 3281 palmarii
1635 3227 1926 3266 numeran-

359 3307 469 3351 tur.
514 3298 757 3353 Primum
810 3300 951 3370 quod
993 3310 1184 3355 exacto
1225 3302 1509 3367 Archelao,
1555 3301 1817 3367 Quirinus
1871 3302 1925 3356 in

359 3384 576 3456 Syriam
615 3386 964 3458 Iudaeaanue
983 3389 1185 3445 missus
1202 3405 1325 3445 esse
1344 3390 1560 3456 dicitur,
1578 3405 1719 3444 anno
1739 3406 1922 3444 xxxv"

357 3487 482 3544 post
522 3478 795 3532 Actiacam
843 3495 1096 3549 pugnam.
1144 3479 1352 3541 Verum.
1386 3481 1578 3550 inquit,
1610 3482 1656 3534 si
1701 3481 1812 3535 [nec
1859 3481 1926 3534 ad

355 3579 600 3623 exactam
631 3581 919 3638 temporum
958 3571 1212 3623 rationem
1247 3572 1464 3640 referas,
1493 3572 1635 3640 falsa
1670 3587 1779 3626 esse
1806 3589 1929 3642 pro-

357 3663 445 3715 cul
473 3660 630 3713 dubio
662 3661 906 3718 invenies.
945 3661 1086 3714 Nam
1119 3665 1165 3716 si
1197 3679 1434 3717 numeres
1483 3679 1671 3729 annos,
1703 3665 1793 3734 qui
1839 3665 1927 3716 in-

358 3762 656 3806 tercurrunt
714 3753 777 3804 ab
815 3753 1032 3806 Actiaca
1085 3769 1281 3821 pugna,
1315 3769 1432 3821 qua:
1485 3755 1705 3823 contigit
1747 3755 1929 3824 Augu-

311 3844 314 3847 ’
357 3855 441 3898 sto
472 3843 570 3897 III
605 3853 652 3897 et
683 3843 914 3898 Messala
944 3861 1104 3908 coss.,
1139 3861 1300 3897 annos
1328 3861 1438 3898 esse
1467 3861 1528 3898 XL
1558 3844 1791 3914 colliges.
1822 3846 1927 3901 Sed

361 3935 478 3988 hinc
507 3935 856 3988 hallucinatio
893 3943 993 3988 est.
1027 3931 1161 3987 Nam
1195 3933 1413 3987 Actiaca
1443 3948 1620 4002 pugna
1656 3933 1845 3987 incidit
1875 3934 1927 3986 in

359 4041 562 4078 antrum
600 4023 758 4079 Urbis
791 4025 914 4087 7‘23,
947 4023 1148 4078 Julian.
1179 4025 1266 4078 l5.
1304 4023 1599 4078 Archelaus
1627 4037 1754 4076 vero
1800 4037 1930 4092 pro-

359 4115 595 4183 scriptus
621 4121 703 4168 est
733 4130 887 4167 anno
911 4113 1072 4168 Urbis
1102 4112 1224 4176 759,
1249 4110 1466 4165 Iuliano
1491 4110 1578 4164 5|.
1601 4110 1810 4179 Quippe
1831 4109 1929 4164 Dio

359 4205 427 4258 ad
463 4205 608 4259 hunc
639 4220 842 4257 annum
876 4211 1064 4258 auctor
1085 4214 1188 4268 est,
1219 4202 1482 4258 Herodem
1513 4201 1862 4257 Pal-aestiuum
1895 4217 1927 4256 a

303 4300 306 4301 ⁷
359 4297 618 4352 fratribus
643 4307 952 4352 accusatum
988 4304 1138 4350 trans
1165 4295 1322 4366 Alpes
1351 4296 1670 4365 relegatum,
1699 4293 1928 4364 ejusque

2017 493 2162 549 Luca
2192 507 2241 550 et
2272 496 2526 552 Matt/tivo
2565 498 2628 552 de
2677 497 2880 552 Herode
2926 499 3122 567 scripta
3167 514 3310 564 sunt,
3344 502 3448 570 ﬁrle
3495 521 3586 557 ca-

2017 597 2165 638 reant
2199 603 2403 642 necesse
2429 598 2524 642 est.
2566 587 2682 643 Non
2712 590 2842 643 satis
2873 589 3026 642 dixit.
3054 587 3238 658 Neque
3267 591 3408 644 enim
3437 591 3586 646 bien-

2017 677 2129 741 nio,
2155 677 2246 733 sed
2279 679 2658 748 quadriennio,
2702 678 2868 734 ferme
2900 678 3142 734 Natalem
3174 679 3372 734 Christi
3401 681 3588 752 vulga-

2018 782 2154 834 rem,
2188 769 2572 840 Dionysiannm
2596 786 2725 825 vero
2750 771 2911 825 etiam
2937 771 3310 842 quinquennio
3336 781 3587 826 antever-

2020 859 2100 912 tit.
2142 859 2243 914 Sed
2297 860 2439 913 hune
2493 861 2670 930 ipsum
2719 878 2904 916 verum
2933 878 3052 918 esse
3080 861 3322 916 Natalem
3354 878 3418 917 ex
3451 863 3588 919 Mat-

2019 947 2178 1008 tlueo,
2213 949 2294 1002 vel
2321 947 2464 1002 Luca
2500 949 2701 1019 colligi,
2734 950 2784 1002 id
2815 960 3124 1005 constanter
3143 966 3424 1021 negamus.

2087 1036 2350 1102 Quartum
2401 1040 2774 1094 inconstantia:
2813 1040 3087 1110 specimen
3123 1049 3238 1106 est,
3270 1041 3414 1110 quod
3442 1056 3587 1095 anno

2019 1141 2107 1179 xvi
2153 1124 2379 1182 Herodis
2425 1129 2568 1198 regis
2616 1127 2814 1182 Varum
2867 1129 3146 1198 praesidem
3206 1130 3376 1200 Syriae
3419 1129 3589 1186 fuisse

2018 1227 2204 1272 narrat
2230 1218 2324 1273 lib.
2354 1235 2439 1284 xv,
2472 1234 2520 1274 c.
2558 1221 2644 1275 15.
2671 1218 2802 1276 Post
2839 1228 3043 1287 autem,
3073 1220 3149 1275 ait
3181 1221 3430 1275 eumdem
3465 1237 3590 1276 suc-

2019 1311 2250 1363 cessisse
2293 1309 2479 1365 Sentio
2529 1310 2845 1376 Saturnino,
2886 1327 3030 1366 anno
3072 1319 3196 1368 ante
3218 1311 3444 1367 Herodis
3473 1312 3592 1366 obi-

2022 1405 2134 1450 tum
2170 1415 2183 1450 :
2216 1413 2339 1452 cum
2362 1398 2500 1453 inter
2522 1407 2808 1464 utrumque
2834 1401 3020 1471 viginti
3048 1401 3176 1455 anni
3198 1402 3386 1458 saltem
3421 1402 3590 1456 inter-

2022 1488 2304 1542 cesserint.
2334 1489 2494 1559 Atqui
2531 1505 2638 1544 non
2688 1491 2860 1546 Varus
2907 1506 2935 1545 a
2977 1489 3214 1562 Iosepho
3257 1507 3457 1562 praeses
3497 1491 3589 1547 illo

2023 1578 2142 1632 loco
2167 1579 2384 1646 dicitur,
2417 1579 2509 1634 sed
2535 1578 2728 1634 Varro.
2757 1580 2935 1646 Quare
2971 1581 3110 1652 αὕτη
3142 1584 3175 1652 ἡ
3210 1583 3468 1654 μήρινθος
3501 1585 3586 1636 οὐ·

2023 1667 2110 1721 δὲν
2137 1668 2364 1722 ἔσπασε.
2414 1668 2656 1739 Denique
2688 1685 2902 1734 novem,
2935 1670 3129 1740 inquit,
3162 1671 3391 1727 Herodis
3419 1688 3590 1728 annos

2022 1759 2383 1827 prtetermisit.
2434 1759 2645 1814 Etenim
2702 1775 2826 1814 cum
2877 1776 3059 1814 xxxvii
3103 1763 3338 1830 regnarit
3394 1775 3588 1826 annos,

2021 1847 2216 1920 horum
2245 1849 2458 1904 initium
2493 1849 2560 1905 ab
2589 1865 2654 1904 eo
2697 1850 2814 1920 ipso
2853 1866 3017 1916 anno,
3051 1866 3159 1920 quo
3195 1851 3371 1905 navali
3403 1853 3590 1920 pra-lio

2021 1939 2195 1995 victus
2243 1949 2328 1995 est
2369 1941 2659 2008 Antonius,
2711 1950 2954 2010 repetere
2997 1942 3204 2008 debuit,
3239 1940 3456 1996 Iuliano
3501 1943 3590 2005 13,

2019 2043 2128 2082 non
2163 2044 2194 2082 a
2225 2044 2300 2094 vt,
2329 2045 2437 2100 quo
2461 2045 2527 2084 ex
2553 2029 3054 2087 senatus-consulto
3097 2045 3321 2101 regnum
3368 2031 3592 2100 adeptus

2020 2128 2124 2174 est.
2152 2117 2279 2174 Ideo
2326 2127 2555 2175 mortem
2607 2119 2838 2176 Herodis
2867 2120 3095 2176 Annales
3127 2121 3179 2175 in
3207 2137 3407 2177 annum
3439 2133 3590 2176 octa-

2021 2223 2148 2262 vum
2197 2209 2398 2265 Christi
2448 2211 2763 2280 conjiciunt,
2794 2210 2997 2281 Lepido
3045 2222 3096 2268 et
3140 2213 3402 2268 Arruntio
3442 2229 3586 2270 coss.

2023 2296 2154 2357 Erat
2177 2314 2355 2354 annus
2386 2299 2551 2356 Urbis
2587 2301 2708 2365 759,
2733 2300 2979 2357 Julianus
3008 2302 3094 2368 5|,
3129 2305 3222 2373 qui
3256 2314 3438 2360 sextus
3469 2321 3591 2361 terte

2023 2389 2330 2445 communis
2381 2405 2502 2446 esse
2557 2390 2836 2460 debuerat,
2881 2392 2988 2448 nisi
3040 2393 3260 2449 biennio
3307 2389 3590 2465 peccatum

2026 2479 2187 2534 foret.

2095 2572 2164 2627 At
2220 2581 2552 2641 quantopere
2597 2573 2748 2628 illum
2797 2576 2934 2632 ratio
2973 2576 3210 2648 fugerit,
3261 2577 3422 2646 paulo
3471 2585 3594 2649 post

2027 2664 2328 2730 constabit;
2374 2665 2464 2719 ubi
2511 2680 2632 2734 quae
2665 2666 2731 2719 de
2780 2665 3007 2724 Herodis
3054 2667 3236 2734 annis,
3266 2675 3319 2722 et
3370 2668 3591 2723 historia

2027 2760 2261 2828 sparsim
2294 2756 2563 2828 Iosephus
2612 2759 2820 2824 inserit,
2853 2762 3043 2831 paucis
3090 2761 3593 2832 perstrinxerimus.

2026 2848 2208 2904 Prima
2239 2849 2466 2904 Herodis
2490 2851 2628 2919 apud
2651 2851 2909 2905 eximium
2943 2852 3085 2907 hunc
3101 2853 3417 2922 scriptorem
3444 2869 3590 2907 men-

2030 2938 2103 2992 tio
2152 2939 2209 2994 ﬁt
2256 2939 2351 2993 lib.
2390 2954 2482 2992 m
2515 2939 2860 3009 Orig.,c.12.
2912 2940 2985 2994 ibi
3013 2940 3357 3010 Antipatrum
3385 2939 3596 3009 Antipre

2029 3026 2090 3083 F.
2126 3027 2352 3082 Herodis
2378 3035 2656 3096 parentem
2692 3026 2879 3081 scribit
2906 3043 2936 3081 e
2958 3026 3141 3097 Cypro
3170 3027 3421 3081 Arabissa
3445 3027 3595 3096 prin-

2031 3119 2150 3189 cipe
2200 3118 2397 3172 femina
2460 3117 2699 3187 quinque
2755 3119 3056 3187 suscepisse
3097 3118 3316 3180 liberos,
3363 3116 3599 3172 Pbasae-

2029 3210 2164 3275 lum,
2200 3208 2488 3272 Herodem,
2521 3208 2838 3278 Iosephum,
2871 3207 3196 3274 Pheroram,’
3223 3217 3278 3264 et
3313 3207 3591 3262 Salomon.

2027 3301 2309 3365 Eumdem,
2345 3315 2467 3356 cum
2498 3301 2757 3354 adversus
2781 3299 3153 3354 Aristobulum
3201 3297 3398 3352 bellum
3445 3312 3598 3366 gere-

2028 3400 2128 3457 ret,
2179 3390 2379 3446 liberos
2433 3405 2561 3445 suos
2614 3388 2754 3458 apud
2803 3388 3041 3442 Arabum
3087 3386 3383 3457 principem
3434 3383 3598 3453 depo—

2028 3485 2224 3538 suisse.
2259 3482 2494 3536 Finitum
2521 3491 2604 3536 est
2625 3480 2824 3535 bellum
2860 3479 3002 3534 istud
3025 3477 3426 3532 Aristobulcum
3453 3491 3597 3530 anno

2028 3574 2140 3640 illo,
2170 3588 2281 3644 quo
2322 3572 2694 3643 Hierosolyma
2728 3570 3019 3640 Pompeius
3062 3569 3222 3638 cepit,
3269 3583 3412 3623 coss.
3443 3567 3597 3622 Cice-

2029 3677 2160 3717 rone
2204 3672 2259 3718 et
2299 3662 2554 3726 Antonio,
2587 3671 2646 3715 ut
2686 3669 2876 3715 auctor
2913 3667 2997 3714 est
3039 3657 3307 3728 Iosephus
3352 3657 3446 3710 lib.
3483 3671 3595 3719 xiv,

2027 3769 2077 3808 c.
2111 3753 2165 3818 5,
2195 3768 2403 3807 necnon
2448 3762 2500 3806 et
2526 3751 2624 3806 Dio
2656 3769 2668 3805 :
2699 3749 2862 3806 Urbis
2887 3765 2955 3804 ex
2997 3749 3237 3803 Varrone
3268 3747 3393 3802 691.
3423 3747 3596 3817 Opor-

2029 3855 2103 3900 tet
2129 3846 2292 3916 igitur
2317 3845 2584 3899 Hcrodem
2618 3852 2744 3898 ante
2779 3843 2924 3896 hunc
2952 3855 3156 3896 annum
3186 3838 3357 3895 fuisse
3384 3847 3594 3903 natum,

2028 3955 2186 4009 quem
2217 3938 2355 4007 apud
2381 3936 2611 4003 Arabum
2643 3944 2794 4006 pater
2821 3933 3148 4004 depOSuerit.

2098 4028 2292 4082 Postea
2324 4028 2419 4082 lib.
2454 4043 2566 4090 xw,
2616 4042 2735 4096 cap.
2768 4027 2857 4092 15,
2887 4040 3011 4080 cum
3056 4023 3336 4092 Antipater
3380 4019 3596 4075 Iuliano

2028 4117 2227 4174 Caesari
2257 4127 2532 4174 strenuam
2561 4118 2614 4170 in
2659 4117 2894 4188 Egypto
2929 4124 3179 4170 navasset
3201 4128 3444 4183 operam,
3473 4111 3597 4164 ἐπί-

2027 4228 2225 4284 τροπος
2271 4211 2339 4264 ab
2379 4224 2446 4264 eo
2495 4207 2684 4266 Iudaeae
2708 4209 2880 4276 faylus
2906 4218 3009 4271 est,
3035 4215 3086 4261 et
3112 4205 3358 4276 Hyrcano
3382 4202 3596 4274 pontiﬁ-

2029 4311 2181 4356 catus
2230 4303 2499 4356 decretus.
2526 4299 2624 4353 llic
2665 4309 2748 4353 est
2775 4295 2935 4352 Urbis
2964 4312 3144 4353 annus
3173 4296 3302 4360 707,
3333 4309 3442 4364 quo
3467 4295 3594 4349 Ale-

359 4389 621 4442 ditionem
649 4391 702 4442 in
735 4389 1067 4458 provinciam
1099 4373 1392 4442 redtietam.
1421 4388 1612 4442 Annus
1644 4402 1806 4456 porro
1825 4387 1924 4444 Iu-
1961 4396 2005 4451 ι)
2031 4390 2354 4447 xandrinnm
2382 4390 2577 4445 bellum
2602 4397 2871 4460 patratum
2905 4395 3008 4454 est,
3047 4396 3105 4442 ut
3130 4401 3197 4441 ex
3222 4383 3458 4455 Iosepho
3483 4383 3596 4438 col-

304 4486 307 4488 ’
359 4479 539 4535 lianus
578 4481 641 4535 5|
688 4483 995 4536 tricesimus
1039 4481 1301 4549 septimus
1329 4487 1414 4536 est
1442 4495 1472 4533 a
1505 4495 1596 4534 xv.
1634 4477 1800 4534 Recte
1829 4480 1930 4534 ita-

359 4590 468 4645 que
487 4571 752 4643 Iosepbus
776 4573 1108 4628 tricesimum
1133 4573 1423 4640 septimum
1456 4571 1754 4626 adnotavit.

435 4665 688 4720 Secundo
724 4664 911 4718 iisdem
960 4665 1017 4717 in
1059 4662 1187 4717 locis
1232 4661 1492 4731 Iosephus
1543 4664 1607 4717 de
1651 4662 1929 4716 consulatu

363 4754 578 4822 Quirini
610 4754 865 4818 meminit,
891 4754 1041 4823 quasi
1073 4753 1137 4806 de
1183 4769 1238 4805 re
1288 4752 1571 4806 admodum
1601 4753 1792 4806 recenti
1819 4768 1838 4806 :
1865 4767 1931 4806 ea:

358 4863 464 4917 quo
505 4844 700 4899 Fastos
746 4845 899 4904 illum
940 4844 1242 4897 consulares
1290 4844 1558 4912 ignorasse
1603 4853 1801 4897 certum
1829 4852 1926 4897 est.

364 4936 511 4992 Nam
545 4937 824 5002 Quirinum
856 4953 959 4990 una
985 4953 1103 4989 cum
1134 4934 1432 4991 (Emiliano
1455 4935 1651 5004 collega
1683 4944 1803 4988 ante
1833 4951 1930 4987 an-

363 5047 458 5084 nos
492 5045 600 5083 xxu
653 5028 985 5084 consulatum
1032 5030 1252 5098 gessisse
1301 5037 1378 5080 est
1424 5025 1925 5093 exploratissimum.

361 5120 508 5176 Nihil
558 5120 824 5190 ejusmodi
866 5117 1135 5186 Iosephus
1175 5118 1255 5171 vel
1294 5117 1564 5171 levissime
1587 5117 1926 5186 significavit.

360 5211 716 5268 Consularem
763 5212 1025 5266 duntaxat
1064 5209 1235 5270 illum,
1267 5209 1370 5263 hoc
1414 5216 1496 5263 est
1542 5208 1801 5262 ὑπατικόν
1832 5224 1930 5263 ex-

364 5316 541 5359 tremo
589 5305 681 5358 lib.
710 5319 822 5358 xvn
870 5303 1134 5357 nominat.
1170 5301 1396 5356 Constat
1443 5309 1622 5354 autem
1675 5313 1791 5363 eos,
1837 5301 1930 5370 qui

359 5394 706 5450 consulatum
762 5394 926 5448 semel
979 5395 1032 5446 in
1078 5393 1186 5446 vita
1238 5391 1565 5462 gessissent,
1605 5390 1932 5446 consulares

361 5485 619 5552 deinceps
653 5483 974 5555 appellatos,
1006 5483 1084 5537 uti
1111 5483 1484 5554 triumphales,
1515 5483 1609 5554 qui
1634 5483 1928 5553 aliquando

362 5577 810 5644 triumphassem.

437 5664 620 5722 Tertio
654 5665 880 5721 Herodis
915 5665 1111 5721 obitum
1139 5664 1344 5720 biennio
1377 5673 1497 5721 ante
1528 5664 1796 5722 Christum
1829 5681 1928 5720 na-

2031 4482 2232 4551 ligitur.

2102 4573 2298 4627 Eodem
2347 4586 2511 4638 anno,
2547 4581 2604 4627 ut
2634 4569 2902 4640 Iosephus
2931 4568 3034 4622 117
3068 4567 3277 4634 scribit,
3316 4566 3596 4635 Antipater

2031 4663 2350 4718 Phasaelum
2394 4663 2781 4734 Hierosolymis
2821 4661 3062 4732 prmﬁcit,
3099 4659 3296 4715 Herodi
3318 4659 3595 4714 Galilaeam

2031 4758 2336 4823 committit,
2354 4756 2459 4828 νέῳ
2485 4757 2661 4811 πάντα
2689 4757 2852 4808 πᾶσιν
2880 4753 3012 4807 ὄντι·
3051 4759 3110 4806 ιε’
3147 4751 3257 4823 γὰρ
3284 4750 3432 4821 αὐτῷ
3476 4751 3594 4816 ὲγε-

2029 4846 2176 4914 γάνει
2224 4845 2359 4915 μόνα
2403 4845 2519 4916 ἐτη.
2573 4842 2914 4898 Manifestum
2965 4843 3020 4896 in
3077 4855 3304 4896 numero
3337 4837 3594 4891 mendum

2031 4946 2145 5003 est;
2174 4938 2317 5007 quod
2339 4937 2567 4992 eruditis
2593 4937 2723 4992 viris
2746 4937 3016 5001 subolnit;
3046 4942 3100 4988 et
3123 4937 3199 4984 κε’
3229 4946 3325 5001 pro
3362 4929 3422 4982 ιε’
3451 4929 3590 4983 serio

2030 5028 2286 5084 bendum.
2313 5028 2471 5081 Certe
2505 5042 2627 5082 cum
2659 5037 2784 5082 ante
2829 5039 3028 5080 annum
3077 5020 3238 5076 Urbis
3275 5018 3370 5072 691
3406 5025 3591 5070 natum

2030 5128 2240 5175 constet
2267 5117 2555 5180 Herodem,
2580 5133 2724 5172 anno
2767 5117 2860 5171 illo
2895 5116 2997 5169 707
3025 5113 3293 5168 decimum
3342 5118 3590 5163 octavum

2033 5211 2222 5265 saltem
2247 5209 2518 5279 attigerat.
2549 5208 2618 5262 At
2646 5222 2773 5262 vero
2816 5221 2938 5275 qua:
2990 5211 3100 5257 toto
3147 5201 3240 5255 illo
3279 5212 3388 5252 xvu
3422 5196 3596 5265 capite

2033 5302 2101 5356 ab
2133 5300 2340 5355 Herode
2383 5309 2529 5370 gesta
2571 5305 2958 5358 memorantur,
3004 5308 3110 5348 non
3153 5305 3380 5362 puerum
3428 5287 3596 5343 Hero-

2032 5392 2176 5456 dem,
2201 5391 2294 5446 sed
2318 5390 2572 5459 juvenem
2593 5388 2868 5443 exhibent.
2898 5384 3084 5453 Neque
3109 5382 3330 5436 dubium
3360 5388 3444 5434 est
3464 5379 3591 5446 quin

2033 5499 2133 5538 vox
2155 5481 2274 5537 νέου
2293 5481 2498 5536 virilem
2521 5478 2682 5534 etiam
2704 5486 2939 5542 aetatem,
2959 5474 3128 5529 multo
3152 5472 3322 5541 magis
3338 5470 3560 5539 juvenlu
3575 5497 3593 5508 -

2035 5584 2142 5629 tem
2171 5573 2455 5642 signiticet.
2491 5570 2606 5637 Qua
2635 5569 2842 5623 ratione
2873 5566 3068 5621 Saulus
3094 5564 3216 5619 Act.
3247 5576 3343 5626 vit,
3370 5560 3460 5627 57,
3474 5575 3598 5612 νεα·-

2033 5664 2151 5730 νίας
2178 5673 2423 5732 vocatur,
2447 5677 2553 5718 non
2585 5659 2730 5731 quod
2756 5657 3074 5716 vocabulum
3101 5654 3243 5714 istud
3275 5652 3509 5709 ferocem
3533 5663 3600 5705 eo
3675 5651 3678 5654 ’
