3986 6224
437 331 543 393 .019

1571 331 1914 388 uersuum
1955 331 2577 418 DIS§ERTATIONUM.

3595 325 3708 384 9‘30

435 451 576 512 loco,
611 457 666 502 et
702 447 960 501 audacem
1005 445 1262 501 declaret.
1297 446 1479 518 Frigct
1525 449 1670 502 cnim
1705 448 1818 502 lucc
1847 447 2015 501 inter-
2046 453 2096 510 Α
2125 447 2382 502 nimirum
2406 461 2552 500 anno
2575 447 2693 515 ipso
2723 459 2856 498 xvn.
2913 443 3113 498 Eodem
3139 457 3285 498 anno
3317 457 3448 496 xvnt
3473 440 3705 508 (aitJo—

435 541 683 609 pretatio.
723 538 930 610 Quippe
963 539 1088 594 licet
1121 541 1334 606 νεανίας
1375 541 1640 595 interdum
1687 556 1748 595 ea
1796 541 2016 596 notione

435 641 713 694 sumatur,
749 645 1024 697 nunquam
1057 638 1236 684 tamen
1265 631 1384 685 sine
1418 631 1762 686 substantive
1790 629 2011 700 aliquo;

433 732 557 790 puta
606 720 798 792 ἀνδρός
845 721 928 776 vel
979 721 1161 791 λόγου,
1209 732 1312 778 etc.
1350 723 1506 792 Apud
1559 722 1760 777 Lucam
1795 740 1892 788 vn,
1925 724 2012 788 H,

432 822 635 876 autem,
666 812 753 866 ubi
778 813 1026 867 absolute
1073 815 1316 883 ponitur,
1356 815 1586 884 idipsutn
1615 827 1720 878 est,
1753 815 1898 884 quod
1932 816 2016 868 in-

433 913 644 972 terpres
675 913 853 958 noster
897 905 1186 974 cxp-essit,
1218 905 1537 959 adolescens.
1573 905 1728 976 Apud
1761 906 2016 962 Censori-

431 1009 562 1048 num
594 993 764 1049 νυνι-ο
786 995 1177 1066 quadrifariam
1221 997 1457 1052 hominis
1491 1005 1702 1051 mtatem
1745 998 2010 1068 partitur;

431 1095 486 1142 et
514 1089 800 1155 pueritiam
837 1089 903 1144 ad
934 1105 1137 1144 annum
1166 1107 1265 1156 xv;
1303 1089 1428 1145 inde
1459 1089 1526 1144 ad
1562 1107 1670 1144 xxx
1701 1091 2016 1146 adolescen-

433 1179 565 1234 tiam
598 1179 804 1234 deﬁnit.

505 1269 634 1326 Post
681 1273 795 1327 haec
841 1289 871 1327 a
915 1271 1080 1329 Sexto
1107 1273 1324 1330 Cmsare
1365 1275 1678 1348 Coelesyriae
1725 1275 2016 1346 praeﬁcitur

435 1359 696 1428 Herodes,
725 1364 944 1419 eodem'
966 1381 1128 1420 anno.
1161 1365 1335 1421 Credo
1387 1367 1698 1436 quindecim
1746 1383 2012 1422 annorum

436 1469 662 1523 puerum
725 1454 1005 1510 Romanus
1058 1455 1351 1525 imperator
1405 1458 1712 1529 στρατηγόν
1771 1457 2013 1513 faceret:

437 1556 558 1600 esto
592 1547 642 1600 id
675 1548 726 1600 in
763 1548 944 1617 priore
969 1548 1218 1617 exemplo
1249 1557 1472 1617 paterno
1508 1549 1681 1618 possit
1728 1547 1898 1602 amori
1934 1548 2018 1602 in-

435 1637 834 1708 dulgcntircque
892 1638 1080 1694 tribui.
1116 1639 1335 1704 lterum,
1377 1651 1432 1692 ut
1483 1639 1642 1694 refert
1687 1655 1806 1709 cap.
1843 1639 1926 1703 19,
1987 1655 2016 1693 a

435 1721 601 1784 Bruto
631 1739 685 1784 et
713 1729 908 1786 Cassio
933 1730 1176 1800 ejusdem
1196 1731 1506 1802 leesyriae
1539 1733 1844 1802 στρατηγός
1868 1749 2014 1785 crcu-

437 1833 524 1874 ωε
556 1831 661 1884 est,
699 1835 824 1874 cum
857 1821 1150 1884 mandatis,
1185 1829 1242 1875 ut
1272 1823 1572 1876 exercitum
1605 1821 1868 1876 adversus
1902 1823 2017 1876 Au-

435 1921 651 1978 gustum
687 1919 740 1964 ct
797 1909 1094 1964 Antonium
1137 1911 1530 1977 conscriberet;
1589 1910 1728 1965 facta
1773 1911 2016 1981 potiundi

437 2000 584 2068 regni
618 2015 735 2070 spe,
775 2011 896 2069 post
925 2000 1266 2069 impetratam
1303 2003 1606 2056 victoriam.
1630 2001 1749 2068 Quo
1778 2011 2019 2072 tempore

437 2087 682 2145 Malcltus
729 2090 906 2146 Arabs
952 2091 1296 2158 Antipatrum
1345 2107 1554 2148 veneno
1590 2094 1836 2159 necavit;
1869 2091 2020 2146 ideo-

436 2197 538 2251 que
563 2183 787 2251 iubente
827 2182 1022 2239 Cassio
1067 2183 1312 2239 Malchus
1341 2185 1408 2238 ab
1436 2185 1646 2240 Herode
1683 2194 1766 2240 est
1796 2183 2019 2240 interfe-

436 2282 576 2328 ctus.
601 2272 654 2328 Ct
679 2283 920 2342 ngrnunt
945 2275 1060 2330 haec
1085 2291 1228 2330 anno
1267 2274 1426 2329 Urbis
1454 2275 1576 2339 712,
1609 2275 1827 2330 Juliauo
1851 2291 2018 2344 quar-

437 2377 511 2421 to.
559 2363 868 2423 Secundum
913 2368 1317 2438 Philippensem
1363 2385 1598 2439 pugnam
1645 2369 1918 2424 Antonius
1965 2369 2017 2422 in

437 2459 650 2530 Syriam
703 2460 1000 2531 prolectus,
1049 2461 1374 2517 Phasaclum
1409 2473 1462 2517 et
1507 2459 1773 2516 Herodem
1828 2472 2022 2516 tetraru

389 2573 396 2582 '
435 2555 567 2610 chas
589 2555 896 2619 constituit,
930 2557 1025 2609 καὶ
1054 2555 1163 2608 τῶν
1217 2556 1487 2609 Ἰουδαίων
1522 2556 1703 2620 αὐτοῖς
1735 2557 2020 2628 ἐπιτρέπει

438 2645 764 2717 πράγματα,
799 2645 1069 2717 Josephus
1103 2648 1197 2702 lib.
1233 2665 1342 2714 (ιν,
1385 2663 1505 2717 cap.
1546 2647 1637 2701 25.
1671 2647 1884 2701 Accidit
1919 2647 2020 2702 hoc

435 2753 582 2792 anno
613 2735 776 2792 Urbis
805 2737 930 2805 715,
961 2737 1178 2793 Juliauo
1206 2738 1260 2792 5.

508 2829 639 2886 Post
667 2844 788 2884 cum
822 2829 1006 2884 Parthi
1045 2831 1375 2902 Antigonum
1403 2830 1694 2886 Aristobuli
1739 2829 1798 2884 F.
1845 2831 1896 2886 in
1936 2846 2020 2887 re-

437 2939 602 2994 gnum
639 2925 1029 2990 restituisseut,
1069 2925 1407 2980 Herodesab
1453 2926 1519 2980 iis
1553 2925 1743 2995 pulsus
1787 2924 2018 2980 Romam

437 3014 504 3069 ad
554 3013 850 3070 Antonium
885 3023 939 3071 et
971 3013 1240 3070 Caesarem
1273 3011 1517 3084 confugit
1547 3032 1559 3068 :
1589 3029 1618 3067 a
1653 3013 1853 3083 quibus
1899 3027 2020 3082 per-

2118 541 2322 610 sephus
2357 555 2476 610 cap.
2513 537 2602 610 14)
2641 538 2898 608 templum
2933 547 3236 590 instaurare
3255 548 3552 604 aggressus
3579 544 3704 596 est;

2116 647 2278 702 quem
2317 647 2520 686 annum
2541 631 2810 685 decimum
2848 630 3096 699 quintum
3121 628 3259 680 libro
3291 640 3308 680 t
3352 625 3574 680 Ἀλιῦσ.
3609 639 3708 691 ap-

2117 725 2302 794 pellat,
2335 739 2518 778 crrore
2551 722 2936 786 librariorum,
2977 729 3036 772 ut
3065 719 3334 787 Keplerns
3373 715 3654 770 existimat
3685 729 3700 764 :

2116 831 2277 886 quem
2313 824 2370 868 tu
2401 814 2644 868 consule.
2678 811 2940 865 Praeterea
2981 810 3075 864 lib.
3109 823 3198 862 xvt
3223 850 3237 874 ,
3277 823 3398 876 cap.
3433 806 3489 866 9,
3524 805 3704 858 (Stesa-

2119 925 2224 963 rete
2251 905 2664 962 aediﬁcationem
2717 903 3024 958 absolutam
3061 901 3252 955 scribit
3283 898 3513 951 Herodis
3560 913 3704 951 anno

2121 1017 2316 1065 xxvut;
2348 999 2550 1069 olymp.
2591 995 2714 1052 192.
2749 995 2806 1050 Si
2848 1011 2876 1048 a
2903 992 3176 1048 Juliano9
3198 1032 3212 1052 ,
3255 989 3416 1043 Urbis
3445 989 3572 1052 717,
3601 989 3706 1042 ini-

2121 1093 2251 1148 tium
2285 1091 2512 1146 Herodis
2547 1087 2864 1148 deduxeris.
2898 1101 3077 1140 anuus
3101 1083 3191 1148 28,
3218 1081 3472 1136 Julianus
3495 1081 3703 1146 erit56,

2120 1183 2283 1240 Urbis
2317 1183 2455 1248 7M;
2506 1195 2617 1250 quo
2666 1178 2830 1248 cmpit
2861 1177 3020 1246 lpltiti
3043 1175 3178 1239 7G7,
3214 1174 3328 1227 sive
3359 1173 3564 1241 olymp.
3609 1171 3706 1223 192

2119 1294 2296 1334 annus
2315 1276 2524 1332 tertius.
2543 1273 2768 1326 Demnut
2799 1270 2892 1323 lib.
2921 1283 3112 1331 xvtt,c.
3131 1265 3218 1330 12,
3237 1273 3486 1318 mortuus
3501 1261 3703 1314 estllc-

2120 1373 2300 1432 rodes,
2331 1365 2656 1438 βασιλεύσας
2678 1362 2794 1434 μεθ’
2822 1361 2848 1414 ὃ
2883 1362 2979 1431 μὲν
3012 1359 3220 1411 ἀνεῖλεν
3256 1355 3585 1422 Ἀντίγονον,
3611 1353 3705 1421 ἔτη

2117 1466 2359 1532 τέσσαρα
2405 1459 2498 1512 καὶ
2561 1457 2886 1528 τριάκοντα·
2951 1449 3070 1522 μεθ’
3110 1449 3140 1502 ὃ
3177 1449 3232 1502 δὲ
3268 1447 3374 1500 ὑπὸ
3419 1445 3708 1514 Ῥωμαίων

2119 1553 2485 1615 ἀποδέδεικτο,
2519 1548 2660 1601 ἑπτὰ
2691 1547 2786 1599 καὶ
2808 1544 3104 1616 τριάκοντα
3124 1561 3135 1572 ·
3171 1539 3306 1595 Cum
3339 1546 3610 1607 regnasset
3643 1535 3708 1588 ab

2122 1645 2514 1716 Autigoniaece
2531 1655 2699 1694 annos
2733 1652 2917 1690 xxxiv.
2950 1633 3031 1687 Ex
3055 1650 3154 1704 quo
3190 1647 3309 1685 vero
3342 1645 3437 1684 rea:
3459 1646 3492 1681 a
3519 1627 3710 1682 Roma-

2124 1744 2204 1794 nis
2236 1748 2444 1793 creatus
2466 1744 2541 1790 est
2571 1747 2754 1788 xxxvii
2786 1747 2796 1780 :
2831 1728 2996 1798 paulo
3026 1736 3154 1780 ante
3189 1725 3421 1788 Pascha,
3449 1731 3513 1776 ut
3545 1738 3610 1776 ex
3645 1721 3700 1774 11

2053 1797 2091 1850 Β
2123 1833 2296 1902 capite
2319 1831 2487 1900 liquet
2519 1841 2532 1878 :
2563 1839 2688 1880 cum
2717 1797 2874 1876 antea
2901 1823 3030 1874 luna
3059 1817 3354 1873 defecisset
3387 1833 3401 1868 :
3429 1816 3562 1886 περὶ
3591 1813 3712 1876 ἔτος

2121 1921 2519 1996 ἑϐδομηκοστόν
2549 1921 2674 1974 vitae
2705 1931 2816 1972 su.e
2849 1931 2862 1966 :
2898 1929 3021 1982 cap.
3059 1911 3112 1966 8.
3143 1910 3332 1979 Itaque
3359 1911 3404 1964 si
3437 1925 3584 1964 anno
3615 1908 3710 1961 Ju-

2119 2019 2267 2073 liano
2301 2017 2334 2072 6
2365 2029 2588 2086 regnum
2614 2027 2680 2066 ex
2713 2005 3195 2064 senatusconsulto
3233 2001 3479 2057 Herodes
3535 1999 3708 2067 impe-

2120 2108 2485 2164 travitzanno
2529 2101 2747 2158 Juliano
2771 2101 2860 2164 42,
2895 2099 3059 2167 carpit
3103 2095 3190 2150 57.
3217 2095 3315 2148 Sin
3351 2095 3420 2147 alt
3441 2107 3589 2146 anno
3613 2090 3710 2144 Ju-

2121 2201 2266 2256 liano
2291 2199 2322 2255 9
2347 2197 2605 2253 inchoare
2640 2193 2832 2254 mavis,
2865 2191 3058 2246 eodem
3088 2187 3309 2242 Juliano
3330 2186 3422 2250 42,
3459 2183 3616 2256 regni
3639 2182 3710 2237 54

2121 2291 2336 2348 initium
2369 2287 2641 2358 sumpsit:
2677 2285 2820 2356 quod
2851 2283 3011 2354 paulo
3041 2288 3230 2351 postea
3258 2277 3708 2346 disceptabimus.

2189 2379 2307 2436 Jam
2339 2395 2462 2434 cum
2491 2376 2730 2432 Herodes
2777 2389 2982 2427 annum
3032 2369 3274 2440 attigerit
3318 2367 3614 2436 septimum
3651 2377 3712 2415 ac

2125 2473 2482 2535 uicesimum,
2503 2483 2754 2540 magnam
2773 2465 2900 2520 inde
2921 2462 3158 2532 Josepho
3185 2459 3418 2514 Annales
3445 2456 3712 2512 invidiam

2123 2567 2358 2631 faciunt;
2390 2563 2536 2633 quod
2555 2563 2786 2616 istorum
2821 2572 3092 2612 annorum
3116 2553 3400 2609 exordium
3418 2563 3712 2620 perperam

2123 2662 2175 2714 in
2208 2659 2486 2714 Julianutn
2509 2663 2722 2710 sextum
2745 2651 3037 2708 c0ntulerit
3063 2662 3270 2716 :eoque
3289 2645 3548 2705 maxime,
3567 2641 3711 2710 quod

2122 2767 2266 2806 anno
2303 2747 2464 2804 Urbis
2491 2746 2615 2812 702,
2649 2745 2854 2800 Caleno
2883 2752 2937 2798 et
2962 2741 3176 2798 Vatinio
3211 2754 3376 2803 coss.,
3403 2733 3710 2804 quindecim

2120 2859 2294 2899 annos
2313 2847 2476 2896 natus
2491 2840 2706 2893 dicatur
2723 2835 2986 2900 Herodes,
3005 2840 3360 2898 mortuusque
3377 2845 3524 2882 anno
3537 2824 3714 2880 mtatis

2121 2951 2287 3007 prope
2303 2951 2428 2988 Lxx.
2449 2931 2582 2986 Nam
2600 2931 2644 2985 si
2661 2929 2726 2984 ad
2747 2927 2851 2982 707
2863 2927 3031 2981 addas
3048 2925 3137 2990 51,
3159 2937 3338 2977 annus
3361 2919 3590 2975 Herodis
3607 2932 3714 2970 tu

2123 3033 2244 3085 iniit
2275 3045 2420 3084 anno
2461 3025 2626 3082 Urbis
2657 3024 2781 3089 76I,
2815 3021 3031 3076 Juliano
3059 3019 3148 3085 55,
3176 3011 3634 3071 terteCht-istiante
3657 3009 3712 3064 8.

439 3107 748 3163 humaniter
775 3118 1054 3177 exceptus,
1088 3106 1366 3162 etscnalui
1411 3105 1755 3171 conciliatus,
1792 3121 2016 3174 regnum
2045 3147 2087 3204 ϐ
2121 3124 2492 3192 Aqundcergo
2509 3136 2692 3174 χιχγιι
2719 3115 2935 3171 ίιιίωιηί
2955 3109 3254 3168 deducendi
3274 3103 3710 3164 sunlznitnit‘um

429 3199 670 3254 obtinuit
699 3213 762 3252 ex
790 3197 1267 3253 senatusconsulto
1289 3239 1302 3260 ,
1332 3197 1636 3268 Olympiade
1684 3195 1809 3260 181,
1840 3195 2020 3250 Domi-

439 3290 517 3342 tio
581 3289 810 3344 Calvino
857 3289 898 3343 ll
926 3300 980 3346 et
1001 3290 1188 3345 Asinio
1219 3288 1465 3346 Pollione
1488 3304 1656 3354 coss.,
1683 3304 1830 3344 anno
1857 3285 2019 3344 Urbis

440 3379 566 3444 714,
599 3379 815 3436 Juliano
839 3381 870 3436 6
895 3399 909 3446 ;
938 3397 1046 3450 quo
1074 3381 1234 3437 desiit
1260 3381 1584 3452 Olympiadis
1616 3379 1720 3434 184
1745 3394 1921 3434 annus
1946 3394 2020 3444 tv,

438 3480 494 3526 et
548 3472 816 3542 Olympias
861 3473 964 3528 185
1017 3474 1200 3543 cmpit.
1230 3473 1401 3528 Roma
1447 3474 1500 3528 in
1547 3473 1890 3527 Palaestinam
1933 3488 2022 3525 re-

441 3579 632 3619 versus
651 3563 893 3621 Herodes
915 3580 1038 3620 cum
1061 3566 1333 3636 Antigono
1362 3565 1562 3620 bellum
1589 3565 1790 3635 gessit:
1821 3563 2018 3628 donec,

441 3657 734 3726 adiuvante
774 3657 954 3724 Sosio,
991 3665 1145 3728 capta
1179 3659 1311 3712 urbs
1333 3668 1436 3725 est,
1457 3669 1511 3713 et
1542 3659 1848 3728 Antigonus
1876 3659 2023 3714 occi-

441 3767 718 3816 sus,anuo
735 3752 1051 3816 sabbatico;
1089 3751 1324 3824 Agrippa
1364 3760 1412 3805 et
1438 3749 1669 3806 Canidio
1693 3751 2022 3812 Gallocoss.,

440 3846 737 3918 olympiad.
785 3845 909 3912 185,
960 3859 1148 3899 mense
1204 3843 1384 3910 tertio,
1439 3845 1504 3914 τῇ
1557 3845 1719 3914 ἑορτῇ
1771 3843 1872 3914 τῆς
1925 3859 2022 3912 νη-

444 3940 646 4003 στείας.
670 3937 767 3993 llic
789 3947 872 3994 est
902 3953 1080 3992 annus
1101 3935 1264 3992 Urbis
1290 3935 1413 3998 7l7,
1439 3935 1691 3990 Julianus
1724 3935 1788 4002 9;
1817 3934 2020 4004 olymp.

443 4029 546 4084 185
579 4045 756 4086 annus
791 4045 848 4084 ιιι
886 4028 1165 4094 desinens,
1198 4037 1253 4082 et
1300 4027 1478 4083 iniens
1509 4044 1578 4092 tv,
1611 4027 1818 4098 periodi
1852 4024 2026 4080 Julia-

447 4139 527 4178 nze
553 4123 714 4189 4677,
743 4139 854 4192 quo
907 4122 1164 4176 currebat
1211 4120 1546 4186 sabbaticus,
1581 4120 1732 4189 cyclo
1783 4120 1925 4173 luna:
1967 4117 2022 4172 5.

441 4215 542 4270 Dio
574 4229 704 4270 vero
741 4214 878 4268 libro
913 4227 1038 4266 χιιι
1069 4209 1445 4282 Hierosolyma
1479 4217 1636 4278 capta
1669 4225 1790 4265 esse
1835 4208 2028 4265 scribit

443 4323 588 4362 anno
632 4307 1005 4370 antecedente,
1032 4304 1262 4358 Claudio
1309 4313 1362 4358 ct
1405 4302 1663 4357 Norbano
1710 4318 1881 4365 coss.,
1923 4299 2024 4355 Ju-

446 4399 592 4454 liauo
619 4399 672 4454 8.
701 4397 806 4454 Sed
851 4397 1118 4456 sabbatiei
1148 4397 1278 4452 anni
1323 4397 1608 4452 character
1639 4395 1877 4465 Joseplto
1906 4393 2024 4450 suf-

445 4493 709 4560 fragatur.

519 4583 782 4651 Deinceps
821 4583 1026 4652 aliquot
1059 4581 1292 4638 Herodis
1339 4582 1470 4636 anni
1517 4580 1842 4638 nominatim
1874 4595 1902 4632 a
1933 4577 2026 4634 Jo-

443 4675 616 4745 sepho
645 4674 1048 4742 concipiuntur.
1077 4673 1414 4729 Velutilibro
1456 4689 1544 4733 xv,
1587 4688 1706 4741 cap.
1752 4671 1804 4736 7,
1846 4687 2025 4726 annus

444 4766 649 4822 Actiaci
699 4765 893 4834 praelii,
922 4765 1014 4834 qui
1065 4774 1149 4820 est
1182 4765 1433 4820 Julianus
1467 4764 1554 4827 15,
1598 4762 1829 4817 Herodis
1873 4763 2024 4833 regni

441 4859 706 4930 septimus
765 4868 1016 4911 vocatur.
1061 4855 1192 4912 Item
1230 4857 1368 4910 libro
1423 4872 1512 4921 xv,
1551 4871 1672 4924 cap.
1717 4855 1803 4914 12,
1823 4855 2026 4909 mentio

443 4955 502 5007 lit
531 4950 660 5006 anui
693 4965 790 5004 xm
817 4947 1046 5004 Herodis
1083 4966 1096 5002 ;
1135 4963 1306 5016 quem.
1333 4946 1596 5016 Iieplerus
1619 4961 1822 5000 annum
1855 4944 2027 5000 fuisse

443 5045 636 5115 probat
657 5041 936 5096 Julianum
963 5039 1054 5104 21,
1085 5039 1249 5096 Urbis
1300 5037 1420 5092 729.
1455 5039 1526 5090 At
1557 5053 1677 5106 cap.
1723 5037 1809 5100 15,
1829 5037 2022 5092 decimi

441 5135 681 5204 septimi,
711 5133 796 5188 vel
829 5131 1024 5187 decimi
1067 5130 1244 5184 octavi
1275 5128 1554 5194 meminit,
1590 5129 1687 5199 τῆς
1721 5127 1886 5180 αὑτοῦ
1931 5127 2026 5197 βα-

444 5225 649 5287 σιλείας
679 5223 742 5287 ιζ’
775 5221 1138 5293 παρελθόντος
1177 5219 1352 5283 ἔτους,
1379 5219 1428 5272 id
1465 5229 1548 5272 est
1581 5218 1836 5272 inchoato
1869 5234 2021 5272 xvnt.

443 5319 563 5382 Quo
595 5315 814 5385 quidem
848 5313 1114 5369 Zenodori
1147 5310 1500 5366 tetrarchiam
1525 5321 1717 5366 nactus
1745 5319 1846 5366 est.
1871 5309 2026 5378 Apud

448 5409 667 5462 Dionem
711 5409 760 5462 id
818 5407 1018 5462 accidit
1064 5422 1210 5462 coss.
1257 5403 1489 5474 Apuleio
1544 5413 1598 5458 et
1651 5402 1827 5468 Silio;
1865 5401 2026 5458 Urbis

446 5501 568 5564 754,
599 5499 818 5553 Juliano
871 5499 960 5555 26.
1007 5501 1276 5566 Keplerus
1307 5499 1362 5552 in
1415 5495 1648 5552 Herodis
1678 5511 1882 5550 annum
1913 5511 2024 5549 xvn

446 5589 690 5656 confert;
740 5593 969 5658 ideoque
1019 5600 1144 5646 ante
1173 5591 1370 5658 Nisau;
1403 5591 1545 5644 unde
1593 5588 1822 5644 Herodis
1851 5603 2025 5642 annos

449 5681 742 5750 Josephum
771 5681 1044 5749 auspicari
1073 5691 1246 5751 putat.
1277 5683 1432 5748 Quod
1465 5681 1602 5736 nihil
1651 5689 1734 5736 est
1777 5693 2020 5734 necesse.

449 5769 585 5825 Nam
624 5769 978 5836 παρελθόντος
1035 5774 1127 5826 τοῦ
1163 5775 1314 5837 ἔτους
1371 5771 1436 5835 ιζ’
1469 5769 1685 5843 scripsit
1731 5769 2020 5842 Jusephus,

2123 3217 2270 3272 abeo
2297 3229 2471 3278 anno,
2494 3227 2604 3282 quo
2635 3210 2854 3265 Actiaca
2887 3222 3064 3277 pugna
3100 3203 3417 3274 pt-olligatus
3446 3207 3530 3253 est
3553 3197 3714 3249 Anto-

2123 3309 2282 3374 nius;
2303 3309 2548 3372 Augusto
2577 3301 2666 3368 111,
2689 3300 2984 3357 ctMessnla
3014 3312 3181 3361 coss,
3199 3295 3400 3365 olymp.
3427 3290 3548 3352 187,
3569 3303 3710 3342 anno

2126 3419 2162 3456 tt
2197 3417 2210 3450 :
2257 3399 2372 3464 Quo
2388 3413 2452 3452 ea:
2482 3405 2709 3465 tempore
2727 3391 2954 3446 Herodis
2977 3388 3102 3442 anni
3127 3386 3394 3440 numerari
3421 3393 3712 3452 creperum;

2123 3501 2398 3560 propterea
2471 3486 2608 3557 quod
2650 3501 2770 3538 cum
2815 3485 3086 3552 Augustus
3135 3494 3200 3532 ea:
3255 3473 3714 3530 senatusmnsulto

2128 3584 2446 3648 rescidisset,
2478 3582 2734 3649 irritaque
2763 3575 3086 3630 reddidisset
3107 3586 3226 3641 qua:
3261 3571 3324 3623 ab
3359 3568 3592 3621 Antonio
3625 3583 3710 3634 ge-

2126 3688 2210 3734 sta
2231 3687 2406 3742 erant,
2435 3691 2539 3730 non
2570 3673 2721 3727 licuit
2761 3669 2963 3724 Herodi
2991 3683 3114 3722 suos
3147 3680 3312 3719 annos
3341 3677 3620 3716 numerare
3647 3661 3712 3712 ab

2126 3788 2184 3824 eo
2209 3781 2461 3840 (corpore,
2499 3783 2602 3838 quo
2630 3765 2696 3820 ab
2727 3763 2960 3818 Antonio
2995 3775 3214 3830 regnum
3246 3757 3448 3825 accepit
3475 3771 3494 3809 ε
3525 3753 3616 3808 sed
3647 3753 3710 3804 ab

2126 3875 2184 3913 eo
2207 3859 2406 3928 potius,
2437 3872 2538 3927 quo
2561 3857 2625 3908 ab
2651 3855 2910 3924 Augusto,
2937 3859 2986 3904 ct
3015 3865 3080 3903 ea;
3104 3845 3564 3902 senatusconsulto
3595 3859 3712 3895 rur-

2125 3969 2216 4005 sus
2265 3951 2404 4004 idem
2451 3948 2586 4002 illud
2641 3961 2854 4016 regnum
2887 3943 3107 4012 adeptus
3139 3950 3236 3995 est.
3279 3937 3406 3993 llmc
3459 3935 3708 3992 Annales.

2127 4039 2260 4108 Quae
2291 4057 2396 4094 non
2426 4039 2608 4092 minus
2629 4052 2840 4100 secum,
2871 4050 3036 4105 quam
3067 4049 3194 4086 cum
3221 4029 3462 4086 historia:
3489 4029 3712 4082 veritate

2129 4140 2392 4208 pugnant.
2423 4128 2539 4186 Non
2565 4129 2713 4184 enim
2753 4135 3120 4183 consentanea
3151 4125 3254 4178 ista
3282 4129 3450 4176 sunt:
3487 4119 3714 4174 Herodis

2127 4225 2342 4280 initium
2366 4223 2434 4278 ab
2457 4238 2522 4278 eo
2560 4232 2802 4291 trmpore
2832 4219 3120 4280 deducere,
3147 4231 3257 4284 quo
3289 4214 3342 4267 in
3385 4212 3614 4282 gratiam
3647 4209 3714 4262 ab

2129 4315 2376 4382 Augusto
2407 4319 2660 4381 receptus
2691 4319 2794 4372 est.
2825 4325 2949 4364 cum
2985 4307 3036 4361 in
3059 4305 3312 4359 Rhodum
3356 4305 3424 4356 ad
3454 4317 3579 4356 cum
3615 4315 3714 4354 na-

2129 4407 2366 4477 vigasset
2395 4422 2408 4457 :
2437 4415 2492 4460 ct
2533 4405 2678 4458 hunc
2699 4418 2900 4456 annum
2941 4417 3060 4456 esse
3099 4399 3278 4468 ipsum
3305 4411 3572 4458 asserere.
3605 4410 3713 4462 (ιιιο

2061 4506 2104 4560 D
2133 4502 2311 4554 victus
2334 4505 2417 4554 est
2452 4495 2516 4552 ad
2553 4496 2768 4552 Actium
2795 4493 3090 4554 Antonius,
3121 4489 3368 4558 Augusto
3399 4485 3463 4538 111
3495 4496 3548 4540 et
3575 4484 3712 4538 Mes-

2129 4590 2244 4642 sala
2277 4603 2423 4642 coss.
2467 4583 2608 4652 Non,
2635 4586 2882 4654 inquam,
2907 4581 3100 4636 eodem
3141 4593 3308 4640 anno,
3355 4591 3464 4646 quo
3491 4576 3712 4628 Actiaca

2129 4679 2360 4734 victoria
2387 4676 2635 4747 contigit,
2665 4673 2832 4730 Urbis
2864 4673 2987 4738 725,
3017 4672 3111 4726 sed
3145 4670 3396 4739 sequenti
3419 4668 3524 4721 724
3549 4666 3714 4722 Hero-

2129 4770 2227 4825 des
2259 4770 2506 4839 Augusto
2543 4767 2930 4823 reconciliatus
2983 4774 3083 4818 cst.
3111 4761 3244 4816 Nam
3284 4771 3408 4830 post
3434 4761 3710 4814 Actiacam

2127 4859 2338 4916 cladem
2395 4859 2692 4914 Antonium
2729 4858 2954 4912 minime
2987 4857 3267 4922 destituit;
3332 4856 3426 4910 sed
3485 4855 3540 4908 in
3593 4853 3712 4922 ejus

2131 4953 2236 5008 [ide
2265 4952 2602 5021 permansit:
2665 4949 2828 5018 idque
2875 4949 3038 5002 etiam
3073 4949 3214 5017 apud
3247 4949 3550 5016 Augustum
3593 4946 3712 5014 glo-

2130 5043 2304 5098 riatus
2333 5051 2442 5108 est,
2471 5041 2533 5094 τὸ
2586 5040 2707 5111 μηδ’
2736 5039 3038 5110 ἡττηθέντα
3070 5039 3165 5110 τὴν
3199 5040 3255 5092 ἐν
3297 5039 3495 5110 Ἀκτίῳ
3533 5037 3710 5108 μάχην

2130 5135 2469 5198 καταλιπεῖν,
2498 5133 2634 5202 μηδὲ
2661 5131 3079 5202 συμμεταϐῆναι
3105 5133 3222 5194 ταῖς
3249 5131 3710 5202 ὲ).πίσι,φανερώς

2129 5229 2231 5298 ἤδη
2261 5224 2690 5296 μετοιωινούσης
2723 5225 2821 5294 τῆς
2855 5223 3024 5294 τύχης
3055 5263 3070 5288 ,
3095 5225 3170 5278 ait
3201 5223 3471 5293 Josepbus
3499 5224 3593 5276 lib.
3621 5240 3706 5287 xv,

2129 5332 2248 5384 cap.
2289 5317 2374 5371 10.
2409 5313 2590 5381 Quare
2617 5330 2762 5370 anno
2783 5316 3002 5368 demunt
3043 5313 3199 5370 Urbis
3229 5314 3352 5382 721,
3373 5311 3590 5368 Iuliano
3623 5315 3706 5378 ili,

2129 5409 2198 5462 ab
2227 5408 2477 5477 Angusto
2508 5417 2700 5476 praeter
2739 5423 2890 5476 spem
2933 5423 3156 5478 regnum
3197 5407 3270 5460 illi
3305 5406 3704 5468 conﬁrmatum,

2129 5509 2182 5553 et
2211 5510 2436 5554 senatus
2487 5499 2706 5554 decreto
2757 5499 3172 5554 corroboratum
3224 5507 3308 5552 cst
3345 5515 3358 5552 :
3391 5513 3500 5552 non
3527 5497 3600 5552 ita
3629 5511 3708 5550 ta—

2130 5605 2276 5655 men,
2311 5600 2370 5643 ut
2409 5604 2610 5642 novum
2643 5589 2766 5642 inde
2799 5589 2948 5658 regni
2989 5587 3212 5642 Herodis
3248 5587 3464 5641 initium
3509 5587 3704 5656 repeti-

2130 5693 2242 5737 tutn
2301 5683 2497 5748 fuerit;
2533 5683 2677 5750 quod
2727 5683 2778 5737 ei
2837 5697 3116 5751 nunquam
3169 5681 3448 5752 Augustus
3485 5681 3702 5751 eripuit.

2131 5774 2288 5842 Quod
2317 5775 2360 5830 si
2389 5775 2516 5828 anni
2547 5775 2622 5828 illi
2647 5790 2829 5829 xxxvii
2865 5775 2933 5830 ab
2961 5775 3194 5831 Actiaca:
3223 5773 3390 5829 cladis
3430 5791 3572 5830 anno
3601 5789 3704 5830 nu-
