  <div class='ocr_page' id='page_1' title='image "/cluster/home/n/w/nwhite01/storage/ocr_20150623/42/mdp.39015052824052/490.png"; bbox 0 0 3986 6224; ppageno 0'>
   <div class='ocr_carea' id='block_1_1' title="bbox 285 363 389 423">
    <p class='ocr_par' dir='ltr' id='par_1_1' title="bbox 285 363 389 423">
     <span class='ocr_line' id='line_1_1' title="bbox 285 363 389 423; baseline 0.038 -5"><span class='ocrx_word' id='word_1_1' title='bbox 285 363 389 423; x_wconf 63' lang='grc' dir='ltr'>ειξι</span> 
     </span>
    </p>
   </div>
   <div class='ocr_carea' id='block_1_2' title="bbox 1457 369 2401 429">
    <p class='ocr_par' dir='ltr' id='par_1_2' title="bbox 1457 369 2401 429">
     <span class='ocr_line' id='line_1_2' title="bbox 1457 369 2401 429; baseline 0.001 -5"><span class='ocrx_word' id='word_1_2' title='bbox 1457 369 1543 424; x_wconf 84' lang='lat' dir='ltr'><strong>DE</strong></span> <span class='ocrx_word' id='word_1_3' title='bbox 1583 372 1770 427; x_wconf 81' lang='lat' dir='ltr'><strong>ANNO</strong></span> <span class='ocrx_word' id='word_1_4' title='bbox 1807 371 2065 428; x_wconf 76' lang='lat' dir='ltr'><strong>NATALl</strong></span> <span class='ocrx_word' id='word_1_5' title='bbox 2109 371 2401 429; x_wconf 67' lang='lat' dir='ltr'><strong>CHRISTI.</strong></span> 
     </span>
    </p>
   </div>
   <div class='ocr_carea' id='block_1_3' title="bbox 3459 364 3566 420">
    <p class='ocr_par' dir='ltr' id='par_1_3' title="bbox 3459 364 3566 420">
     <span class='ocr_line' id='line_1_3' title="bbox 3459 364 3566 420; baseline -0.019 -1"><span class='ocrx_word' id='word_1_6' title='bbox 3459 364 3566 420; x_wconf 71' lang='lat'><strong>9‘22</strong></span> 
     </span>
    </p>
   </div>
   <div class='ocr_carea' id='block_1_4' title="bbox 293 479 3564 573">
    <p class='ocr_par' dir='ltr' id='par_1_4' title="bbox 293 479 3564 573">
     <span class='ocr_line' id='line_1_4' title="bbox 293 479 3564 573; baseline -0.004 -24"><span class='ocrx_word' id='word_1_7' title='bbox 293 479 539 534; x_wconf 58' lang='lat' dir='ltr'><strong>meram&quot;</strong></span> <span class='ocrx_word' id='word_1_8' title='bbox 579 479 788 549; x_wconf 64' lang='lat' dir='ltr'><strong>f0&quot;&quot;“1;</strong></span> <span class='ocrx_word' id='word_1_9' title='bbox 814 492 1142 553; x_wconf 85' lang='lat' dir='ltr'><strong>postremus,</strong></span> <span class='ocrx_word' id='word_1_10' title='bbox 1179 486 1284 542; x_wconf 91' lang='lat' dir='ltr'><strong>hoc</strong></span> <span class='ocrx_word' id='word_1_11' title='bbox 1314 495 1397 543; x_wconf 93' lang='lat' dir='ltr'><strong>est</strong></span> <span class='ocrx_word' id='word_1_12' title='bbox 1437 490 1746 546; x_wconf 88' lang='lat' dir='ltr'><strong>tricesimus</strong></span> <span class='ocrx_word' id='word_1_13' title='bbox 1786 507 1875 547; x_wconf 59' lang='lat' dir='ltr'><strong>se.</strong></span> <span class='ocrx_word' id='word_1_14' title='bbox 1907 484 1952 552; x_wconf 71' lang='grc' dir='ltr'><strong>Α</strong></span> <span class='ocrx_word' id='word_1_15' title='bbox 1985 491 2090 560; x_wconf 88' lang='lat' dir='ltr'><strong>ljar</strong></span> <span class='ocrx_word' id='word_1_16' title='bbox 2119 491 2320 546; x_wconf 86' lang='lat' dir='ltr'><strong>.luliani</strong></span> <span class='ocrx_word' id='word_1_17' title='bbox 2350 491 2632 562; x_wconf 84' lang='lat' dir='ltr'><strong>sequentis</strong></span> <span class='ocrx_word' id='word_1_18' title='bbox 2677 486 2865 544; x_wconf 89' lang='lat' dir='ltr'><strong>ordiri.</strong></span> <span class='ocrx_word' id='word_1_19' title='bbox 2889 485 3044 552; x_wconf 85' lang='lat' dir='ltr'><strong>Quod</strong></span> <span class='ocrx_word' id='word_1_20' title='bbox 3077 484 3121 539; x_wconf 95' lang='lat' dir='ltr'><strong>si</strong></span> <span class='ocrx_word' id='word_1_21' title='bbox 3159 498 3346 537; x_wconf 89' lang='lat' dir='ltr'><strong>verum</strong></span> <span class='ocrx_word' id='word_1_22' title='bbox 3372 490 3564 573; x_wconf 49' lang='lat' dir='ltr'><strong>esset‘,</strong></span> 
     </span>
    </p>
   </div>
   <div class='ocr_carea' id='block_1_5' title="bbox 295 573 1886 648">
    <p class='ocr_par' dir='ltr' id='par_1_5' title="bbox 295 573 1886 648">
     <span class='ocr_line' id='line_1_5' title="bbox 295 573 1886 648; baseline 0.008 -22"><span class='ocrx_word' id='word_1_23' title='bbox 295 574 519 643; x_wconf 85' lang='lat' dir='ltr'><strong>ptimus,</strong></span> <span class='ocrx_word' id='word_1_24' title='bbox 546 589 651 627; x_wconf 88' lang='lat' dir='ltr'><strong>non</strong></span> <span class='ocrx_word' id='word_1_25' title='bbox 684 573 752 628; x_wconf 87' lang='lat' dir='ltr'><strong>ab</strong></span> <span class='ocrx_word' id='word_1_26' title='bbox 779 590 924 630; x_wconf 81' lang='lat' dir='ltr'><strong>anno</strong></span> <span class='ocrx_word' id='word_1_27' title='bbox 952 578 1188 648; x_wconf 87' lang='lat' dir='ltr'><strong>vulgaris</strong></span> <span class='ocrx_word' id='word_1_28' title='bbox 1221 595 1342 634; x_wconf 70' lang='lat' dir='ltr'><strong>aerre</strong></span> <span class='ocrx_word' id='word_1_29' title='bbox 1366 591 1579 646; x_wconf 91' lang='lat' dir='ltr'><strong>octavo,</strong></span> <span class='ocrx_word' id='word_1_30' title='bbox 1614 583 1706 637; x_wconf 88' lang='lat' dir='ltr'><strong>sed</strong></span> <span class='ocrx_word' id='word_1_31' title='bbox 1741 599 1886 638; x_wconf 90' lang='lat' dir='ltr'><strong>nono</strong></span> 
     </span>
    </p>
   </div>
   <div class='ocr_carea' id='block_1_6' title="bbox 295 663 1886 729">
    <p class='ocr_par' dir='ltr' id='par_1_6' title="bbox 295 663 1886 729">
     <span class='ocr_line' id='line_1_6' title="bbox 295 663 1886 729; baseline 0.006 -12"><span class='ocrx_word' id='word_1_32' title='bbox 295 664 544 718; x_wconf 79' lang='lat' dir='ltr'><strong>inchoari</strong></span> <span class='ocrx_word' id='word_1_33' title='bbox 593 663 817 729; x_wconf 89' lang='lat' dir='ltr'><strong>debuit;</strong></span> <span class='ocrx_word' id='word_1_34' title='bbox 875 664 1092 722; x_wconf 83' lang='lat' dir='ltr'><strong>Juliano</strong></span> <span class='ocrx_word' id='word_1_35' title='bbox 1139 670 1226 725; x_wconf 73' lang='lat'><strong>52.</strong></span> <span class='ocrx_word' id='word_1_36' title='bbox 1264 669 1501 727; x_wconf 91' lang='lat' dir='ltr'><strong>Tametsi</strong></span> <span class='ocrx_word' id='word_1_37' title='bbox 1534 673 1664 727; x_wconf 91' lang='lat' dir='ltr'><strong>illud</strong></span> <span class='ocrx_word' id='word_1_38' title='bbox 1701 674 1886 728; x_wconf 90' lang='lat' dir='ltr'><strong>animo</strong></span> 
     </span>
    </p>
   </div>
   <div class='ocr_carea' id='block_1_7' title="bbox 295 754 1884 831">
    <p class='ocr_par' dir='ltr' id='par_1_7' title="bbox 295 754 1884 831">
     <span class='ocr_line' id='line_1_7' title="bbox 295 754 1884 831; baseline 0.009 -25"><span class='ocrx_word' id='word_1_39' title='bbox 295 754 646 824; x_wconf 86' lang='lat' dir='ltr'><strong>repetendum</strong></span> <span class='ocrx_word' id='word_1_40' title='bbox 677 770 690 805; x_wconf 88' lang='lat'><strong>:</strong></span> <span class='ocrx_word' id='word_1_41' title='bbox 727 773 929 811; x_wconf 86' lang='lat' dir='ltr'><strong>annum</strong></span> <span class='ocrx_word' id='word_1_42' title='bbox 965 759 1139 825; x_wconf 92' lang='lat' dir='ltr'><strong>illum,</strong></span> <span class='ocrx_word' id='word_1_43' title='bbox 1173 763 1266 831; x_wconf 89' lang='lat' dir='ltr'><strong>qui</strong></span> <span class='ocrx_word' id='word_1_44' title='bbox 1298 763 1350 818; x_wconf 89' lang='lat' dir='ltr'><strong>iu</strong></span> <span class='ocrx_word' id='word_1_45' title='bbox 1403 763 1700 820; x_wconf 77' lang='lat' dir='ltr'><strong>Annalibus</strong></span> <span class='ocrx_word' id='word_1_46' title='bbox 1731 775 1884 820; x_wconf 84' lang='lat' dir='ltr'><strong>octa-</strong></span> 
     </span>
    </p>
   </div>
   <div class='ocr_carea' id='block_1_8' title="bbox 294 841 1882 915">
    <p class='ocr_par' dir='ltr' id='par_1_8' title="bbox 294 841 1882 915">
     <span class='ocr_line' id='line_1_8' title="bbox 294 841 1882 915; baseline 0.01 -21"><span class='ocrx_word' id='word_1_47' title='bbox 294 857 396 897; x_wconf 92' lang='lat' dir='ltr'><strong>vus</strong></span> <span class='ocrx_word' id='word_1_48' title='bbox 425 858 456 897; x_wconf 91' lang='lat' dir='ltr'><strong>a</strong></span> <span class='ocrx_word' id='word_1_49' title='bbox 496 841 671 897; x_wconf 86' lang='lat' dir='ltr'><strong>Natali</strong></span> <span class='ocrx_word' id='word_1_50' title='bbox 705 843 910 901; x_wconf 81' lang='lat' dir='ltr'><strong>Christi</strong></span> <span class='ocrx_word' id='word_1_51' title='bbox 933 848 1154 915; x_wconf 92' lang='lat' dir='ltr'><strong>dicitur,</strong></span> <span class='ocrx_word' id='word_1_52' title='bbox 1173 866 1295 906; x_wconf 66' lang='lat' dir='ltr'><strong>tera:</strong></span> <span class='ocrx_word' id='word_1_53' title='bbox 1313 851 1642 908; x_wconf 72' lang='lat' dir='ltr'><strong>Christianae</strong></span> <span class='ocrx_word' id='word_1_54' title='bbox 1666 864 1882 910; x_wconf 81' lang='lat' dir='ltr'><strong>sextum</strong></span> 
     </span>
    </p>
   </div>
   <div class='ocr_carea' id='block_1_9' title="bbox 293 936 1887 1013">
    <p class='ocr_par' dir='ltr' id='par_1_9' title="bbox 293 936 1887 1013">
     <span class='ocr_line' id='line_1_9' title="bbox 293 936 1887 1013; baseline 0.009 -29"><span class='ocrx_word' id='word_1_55' title='bbox 293 947 438 998; x_wconf 77' lang='lat' dir='ltr'><strong>esse,</strong></span> <span class='ocrx_word' id='word_1_56' title='bbox 474 942 528 987; x_wconf 90' lang='lat' dir='ltr'><strong>et</strong></span> <span class='ocrx_word' id='word_1_57' title='bbox 554 949 760 988; x_wconf 87' lang='lat' dir='ltr'><strong>nonum</strong></span> <span class='ocrx_word' id='word_1_58' title='bbox 789 936 976 1004; x_wconf 86' lang='lat' dir='ltr'><strong>istum,</strong></span> <span class='ocrx_word' id='word_1_59' title='bbox 1011 941 1340 1010; x_wconf 90' lang='lat' dir='ltr'><strong>septimum;</strong></span> <span class='ocrx_word' id='word_1_60' title='bbox 1379 943 1431 997; x_wconf 93' lang='lat' dir='ltr'><strong>id</strong></span> <span class='ocrx_word' id='word_1_61' title='bbox 1461 944 1610 1013; x_wconf 91' lang='lat' dir='ltr'><strong>quod</strong></span> <span class='ocrx_word' id='word_1_62' title='bbox 1644 960 1708 999; x_wconf 80' lang='lat' dir='ltr'><strong>ex</strong></span> <span class='ocrx_word' id='word_1_63' title='bbox 1734 945 1887 999; x_wconf 88' lang='lat' dir='ltr'><strong>bien-</strong></span> 
     </span>
    </p>
   </div>
   <div class='ocr_carea' id='block_1_10' title="bbox 294 1025 1887 1104">
    <p class='ocr_par' dir='ltr' id='par_1_10' title="bbox 294 1025 1887 1104">
     <span class='ocr_line' id='line_1_10' title="bbox 294 1025 1887 1104; baseline 0.009 -26"><span class='ocrx_word' id='word_1_64' title='bbox 294 1025 374 1079; x_wconf 90' lang='lat' dir='ltr'><strong>nii</strong></span> <span class='ocrx_word' id='word_1_65' title='bbox 401 1026 521 1080; x_wconf 87' lang='lat' dir='ltr'><strong>labe</strong></span> <span class='ocrx_word' id='word_1_66' title='bbox 553 1029 832 1096; x_wconf 91' lang='lat' dir='ltr'><strong>manavit,</strong></span> <span class='ocrx_word' id='word_1_67' title='bbox 866 1029 931 1085; x_wconf 90' lang='lat' dir='ltr'><strong>de</strong></span> <span class='ocrx_word' id='word_1_68' title='bbox 953 1047 1060 1101; x_wconf 92' lang='lat' dir='ltr'><strong>qua</strong></span> <span class='ocrx_word' id='word_1_69' title='bbox 1094 1049 1260 1103; x_wconf 88' lang='lat' dir='ltr'><strong>supra</strong></span> <span class='ocrx_word' id='word_1_70' title='bbox 1293 1034 1887 1104; x_wconf 83' lang='lat' dir='ltr'><strong>diSputavimus.Unde</strong></span> 
     </span>
    </p>
   </div>
   <div class='ocr_carea' id='block_1_11' title="bbox 294 1118 1884 1191">
    <p class='ocr_par' dir='ltr' id='par_1_11' title="bbox 294 1118 1884 1191">
     <span class='ocr_line' id='line_1_11' title="bbox 294 1118 1884 1191; baseline 0.008 -20"><span class='ocrx_word' id='word_1_71' title='bbox 294 1133 364 1172; x_wconf 77' lang='lat' dir='ltr'><strong>ex</strong></span> <span class='ocrx_word' id='word_1_72' title='bbox 394 1118 685 1174; x_wconf 79' lang='lat' dir='ltr'><strong>Annalium</strong></span> <span class='ocrx_word' id='word_1_73' title='bbox 729 1125 1017 1191; x_wconf 74' lang='lat' dir='ltr'><strong>sententia,</strong></span> <span class='ocrx_word' id='word_1_74' title='bbox 1062 1124 1294 1182; x_wconf 90' lang='lat' dir='ltr'><strong>Herodis</strong></span> <span class='ocrx_word' id='word_1_75' title='bbox 1349 1129 1530 1184; x_wconf 86' lang='lat' dir='ltr'><strong>obitus</strong></span> <span class='ocrx_word' id='word_1_76' title='bbox 1584 1129 1637 1182; x_wconf 91' lang='lat' dir='ltr'><strong>in</strong></span> <span class='ocrx_word' id='word_1_77' title='bbox 1682 1144 1884 1184; x_wconf 89' lang='lat' dir='ltr'><strong>annum</strong></span> 
     </span>
    </p>
   </div>
   <div class='ocr_carea' id='block_1_12' title="bbox 294 1211 1884 1292">
    <p class='ocr_par' dir='ltr' id='par_1_12' title="bbox 294 1211 1884 1292">
     <span class='ocr_line' id='line_1_12' title="bbox 294 1211 1884 1292; baseline 0.006 -27"><span class='ocrx_word' id='word_1_78' title='bbox 294 1211 662 1270; x_wconf 76' lang='lat' dir='ltr'><strong>conferendas</strong></span> <span class='ocrx_word' id='word_1_79' title='bbox 693 1226 773 1270; x_wconf 90' lang='lat' dir='ltr'><strong>est</strong></span> <span class='ocrx_word' id='word_1_80' title='bbox 804 1215 1080 1272; x_wconf 88' lang='lat' dir='ltr'><strong>Julianum</strong></span> <span class='ocrx_word' id='word_1_81' title='bbox 1107 1219 1197 1283; x_wconf 69' lang='grc'><strong>52,</strong></span> <span class='ocrx_word' id='word_1_82' title='bbox 1235 1219 1318 1274; x_wconf 86' lang='lat' dir='ltr'><strong>vel</strong></span> <span class='ocrx_word' id='word_1_83' title='bbox 1347 1221 1436 1285; x_wconf 78' lang='grc'><strong>55,</strong></span> <span class='ocrx_word' id='word_1_84' title='bbox 1470 1222 1515 1276; x_wconf 91' lang='lat' dir='ltr'><strong>si</strong></span> <span class='ocrx_word' id='word_1_85' title='bbox 1546 1221 1884 1292; x_wconf 81' lang='lat' dir='ltr'><strong>septuagesi-</strong></span> 
     </span>
    </p>
   </div>
   <div class='ocr_carea' id='block_1_13' title="bbox 296 1305 1887 1383">
    <p class='ocr_par' dir='ltr' id='par_1_13' title="bbox 296 1305 1887 1383">
     <span class='ocr_line' id='line_1_13' title="bbox 296 1305 1887 1383; baseline 0.006 -26"><span class='ocrx_word' id='word_1_86' title='bbox 296 1319 449 1357; x_wconf 89' lang='lat' dir='ltr'><strong>mum</strong></span> <span class='ocrx_word' id='word_1_87' title='bbox 476 1305 794 1374; x_wconf 75' lang='lat' dir='ltr'><strong>expleverit.</strong></span> <span class='ocrx_word' id='word_1_88' title='bbox 836 1308 1000 1379; x_wconf 83' lang='lat' dir='ltr'><strong>Atqui</strong></span> <span class='ocrx_word' id='word_1_89' title='bbox 1031 1310 1187 1380; x_wconf 80' lang='lat' dir='ltr'><strong>longe</strong></span> <span class='ocrx_word' id='word_1_90' title='bbox 1225 1321 1350 1366; x_wconf 87' lang='lat' dir='ltr'><strong>ante</strong></span> <span class='ocrx_word' id='word_1_91' title='bbox 1381 1313 1482 1368; x_wconf 92' lang='lat' dir='ltr'><strong>hoc</strong></span> <span class='ocrx_word' id='word_1_92' title='bbox 1528 1320 1738 1383; x_wconf 83' lang='lat' dir='ltr'><strong>tempus</strong></span> <span class='ocrx_word' id='word_1_93' title='bbox 1781 1312 1887 1367; x_wconf 82' lang='lat' dir='ltr'><strong>He-</strong></span> 
     </span>
    </p>
   </div>
   <div class='ocr_carea' id='block_1_14' title="bbox 296 1397 1888 1474">
    <p class='ocr_par' dir='ltr' id='par_1_14' title="bbox 296 1397 1888 1474">
     <span class='ocr_line' id='line_1_14' title="bbox 296 1397 1888 1474; baseline 0.007 -25"><span class='ocrx_word' id='word_1_94' title='bbox 296 1397 460 1452; x_wconf 90' lang='lat' dir='ltr'><strong>rodes</strong></span> <span class='ocrx_word' id='word_1_95' title='bbox 489 1399 641 1453; x_wconf 88' lang='lat' dir='ltr'><strong>obiit.</strong></span> <span class='ocrx_word' id='word_1_96' title='bbox 697 1399 908 1455; x_wconf 86' lang='lat' dir='ltr'><strong>Etenim</strong></span> <span class='ocrx_word' id='word_1_97' title='bbox 951 1401 1282 1468; x_wconf 84' lang='lat' dir='ltr'><strong>Archelaus,</strong></span> <span class='ocrx_word' id='word_1_98' title='bbox 1339 1404 1431 1474; x_wconf 91' lang='lat' dir='ltr'><strong>qui</strong></span> <span class='ocrx_word' id='word_1_99' title='bbox 1480 1415 1602 1474; x_wconf 89' lang='lat' dir='ltr'><strong>post</strong></span> <span class='ocrx_word' id='word_1_100' title='bbox 1633 1405 1888 1474; x_wconf 71' lang='lat' dir='ltr'><strong>lpareutis</strong></span> 
     </span>
    </p>
   </div>
   <div class='ocr_carea' id='block_1_15' title="bbox 297 1491 1886 1566">
    <p class='ocr_par' dir='ltr' id='par_1_15' title="bbox 297 1491 1886 1566">
     <span class='ocr_line' id='line_1_15' title="bbox 297 1491 1886 1566; baseline 0.007 -26"><span class='ocrx_word' id='word_1_101' title='bbox 297 1497 533 1542; x_wconf 90' lang='lat' dir='ltr'><strong>mortem</strong></span> <span class='ocrx_word' id='word_1_102' title='bbox 567 1491 864 1547; x_wconf 81' lang='lat' dir='ltr'><strong>ethnarcha</strong></span> <span class='ocrx_word' id='word_1_103' title='bbox 889 1494 958 1548; x_wconf 88' lang='lat' dir='ltr'><strong>ab</strong></span> <span class='ocrx_word' id='word_1_104' title='bbox 989 1494 1236 1566; x_wconf 87' lang='lat' dir='ltr'><strong>Augusto</strong></span> <span class='ocrx_word' id='word_1_105' title='bbox 1267 1495 1445 1551; x_wconf 79' lang='lat' dir='ltr'><strong>factus</strong></span> <span class='ocrx_word' id='word_1_106' title='bbox 1472 1505 1574 1562; x_wconf 90' lang='lat' dir='ltr'><strong>est,</strong></span> <span class='ocrx_word' id='word_1_107' title='bbox 1629 1512 1774 1551; x_wconf 90' lang='lat' dir='ltr'><strong>anno</strong></span> <span class='ocrx_word' id='word_1_108' title='bbox 1799 1513 1886 1550; x_wconf 89' lang='lat' dir='ltr'><strong>re-</strong></span> 
     </span>
    </p>
   </div>
   <div class='ocr_carea' id='block_1_16' title="bbox 297 1578 1884 1657">
    <p class='ocr_par' dir='ltr' id='par_1_16' title="bbox 297 1578 1884 1657">
     <span class='ocr_line' id='line_1_16' title="bbox 297 1578 1884 1657; baseline 0.007 -26"><span class='ocrx_word' id='word_1_109' title='bbox 297 1578 390 1643; x_wconf 74' lang='lat' dir='ltr'><strong>gni</strong></span> <span class='ocrx_word' id='word_1_110' title='bbox 453 1578 538 1634; x_wconf 91' lang='lat' dir='ltr'><strong>sui</strong></span> <span class='ocrx_word' id='word_1_111' title='bbox 589 1595 734 1635; x_wconf 89' lang='lat' dir='ltr'><strong>nono</strong></span> <span class='ocrx_word' id='word_1_112' title='bbox 761 1582 1055 1646; x_wconf 84' lang='lat' dir='ltr'><strong>inchoato,</strong></span> <span class='ocrx_word' id='word_1_113' title='bbox 1120 1595 1179 1640; x_wconf 92' lang='lat' dir='ltr'><strong>ut</strong></span> <span class='ocrx_word' id='word_1_114' title='bbox 1234 1601 1298 1640; x_wconf 84' lang='lat' dir='ltr'><strong>ex</strong></span> <span class='ocrx_word' id='word_1_115' title='bbox 1352 1586 1592 1657; x_wconf 80' lang='lat' dir='ltr'><strong>JoSepho</strong></span> <span class='ocrx_word' id='word_1_116' title='bbox 1645 1589 1739 1641; x_wconf 89' lang='lat' dir='ltr'><strong>lib.</strong></span> <span class='ocrx_word' id='word_1_117' title='bbox 1774 1605 1884 1642; x_wconf 81' lang='lat' dir='ltr'><strong>xvii</strong></span> 
     </span>
    </p>
   </div>
   <div class='ocr_carea' id='block_1_17' title="bbox 300 1664 1883 1746">
    <p class='ocr_par' dir='ltr' id='par_1_17' title="bbox 300 1664 1883 1746">
     <span class='ocr_line' id='line_1_17' title="bbox 300 1664 1883 1746; baseline 0.008 -26"><span class='ocrx_word' id='word_1_118' title='bbox 300 1664 608 1737; x_wconf 84' lang='lat' dir='ltr'><strong>0rig.,cap.</strong></span> <span class='ocrx_word' id='word_1_119' title='bbox 637 1668 727 1734; x_wconf 79' lang='grc'><strong>15,</strong></span> <span class='ocrx_word' id='word_1_120' title='bbox 757 1680 809 1725; x_wconf 91' lang='lat' dir='ltr'><strong>et</strong></span> <span class='ocrx_word' id='word_1_121' title='bbox 832 1687 868 1723; x_wconf 90' lang='grc' dir='ltr'><strong>ιι</strong></span> <span class='ocrx_word' id='word_1_122' title='bbox 910 1673 1275 1745; x_wconf 62' lang='grc' dir='ltr'><strong>*Αλώσηοίιιλ</strong></span> <span class='ocrx_word' id='word_1_123' title='bbox 1306 1677 1388 1740; x_wconf 81' lang='grc' dir='ltr'>Η,</span> <span class='ocrx_word' id='word_1_124' title='bbox 1421 1687 1586 1746; x_wconf 88' lang='lat' dir='ltr'><strong>patet,</strong></span> <span class='ocrx_word' id='word_1_125' title='bbox 1619 1677 1883 1733; x_wconf 76' lang='lat' dir='ltr'><strong>Viennam</strong></span> 
     </span>
    </p>
   </div>
   <div class='ocr_carea' id='block_1_18' title="bbox 299 1759 1887 1841">
    <p class='ocr_par' dir='ltr' id='par_1_18' title="bbox 299 1759 1887 1841">
     <span class='ocr_line' id='line_1_18' title="bbox 299 1759 1887 1841; baseline 0.009 -31"><span class='ocrx_word' id='word_1_126' title='bbox 299 1759 574 1829; x_wconf 72' lang='lat' dir='ltr'><strong>relegatus</strong></span> <span class='ocrx_word' id='word_1_127' title='bbox 608 1770 726 1827; x_wconf 85' lang='lat' dir='ltr'><strong>est;</strong></span> <span class='ocrx_word' id='word_1_128' title='bbox 765 1763 926 1832; x_wconf 88' lang='lat' dir='ltr'><strong>idque</strong></span> <span class='ocrx_word' id='word_1_129' title='bbox 948 1763 1048 1819; x_wconf 90' lang='lat' dir='ltr'><strong>Dio</strong></span> <span class='ocrx_word' id='word_1_130' title='bbox 1079 1767 1328 1822; x_wconf 89' lang='lat' dir='ltr'><strong>evenisse</strong></span> <span class='ocrx_word' id='word_1_131' title='bbox 1357 1769 1548 1822; x_wconf 88' lang='lat' dir='ltr'><strong>scribit</strong></span> <span class='ocrx_word' id='word_1_132' title='bbox 1569 1768 1640 1822; x_wconf 82' lang='grc' dir='ltr'><strong>Μ.</strong></span> <span class='ocrx_word' id='word_1_133' title='bbox 1684 1769 1887 1841; x_wconf 87' lang='lat' dir='ltr'><strong>Lepido</strong></span> 
     </span>
    </p>
   </div>
   <div class='ocr_carea' id='block_1_19' title="bbox 1989 577 3568 652">
    <p class='ocr_par' dir='ltr' id='par_1_19' title="bbox 1989 577 3568 652">
     <span class='ocr_line' id='line_1_19' title="bbox 1989 577 3568 652; baseline -0.009 -13"><span class='ocrx_word' id='word_1_134' title='bbox 1989 597 2174 652; x_wconf 86' lang='lat' dir='ltr'><strong>posset</strong></span> <span class='ocrx_word' id='word_1_135' title='bbox 2215 584 2356 638; x_wconf 90' lang='lat' dir='ltr'><strong>idem</strong></span> <span class='ocrx_word' id='word_1_136' title='bbox 2384 593 2436 636; x_wconf 89' lang='lat' dir='ltr'><strong>et</strong></span> <span class='ocrx_word' id='word_1_137' title='bbox 2461 584 2527 636; x_wconf 89' lang='lat' dir='ltr'><strong>ad</strong></span> <span class='ocrx_word' id='word_1_138' title='bbox 2553 581 2754 635; x_wconf 82' lang='lat' dir='ltr'><strong>Tiberii</strong></span> <span class='ocrx_word' id='word_1_139' title='bbox 2777 595 2839 632; x_wconf 89' lang='lat' dir='ltr'><strong>ac</strong></span> <span class='ocrx_word' id='word_1_140' title='bbox 2868 577 3101 646; x_wconf 78' lang='lat' dir='ltr'><strong>Philippi</strong></span> <span class='ocrx_word' id='word_1_141' title='bbox 3145 589 3319 629; x_wconf 86' lang='lat' dir='ltr'><strong>annos</strong></span> <span class='ocrx_word' id='word_1_142' title='bbox 3351 588 3568 628; x_wconf 86' lang='lat' dir='ltr'><strong>accom-</strong></span> 
     </span>
    </p>
   </div>
   <div class='ocr_carea' id='block_1_20' title="bbox 1990 661 3569 744">
    <p class='ocr_par' dir='ltr' id='par_1_20' title="bbox 1990 661 3569 744">
     <span class='ocr_line' id='line_1_20' title="bbox 1990 661 3569 744; baseline -0.009 -16"><span class='ocrx_word' id='word_1_143' title='bbox 1990 675 2196 728; x_wconf 88' lang='lat' dir='ltr'><strong>modari</strong></span> <span class='ocrx_word' id='word_1_144' title='bbox 2238 693 2251 726; x_wconf 95' lang='lat'>:</span> <span class='ocrx_word' id='word_1_145' title='bbox 2292 674 2628 744; x_wconf 86' lang='lat' dir='ltr'><strong>proindeque</strong></span> <span class='ocrx_word' id='word_1_146' title='bbox 2658 670 2861 725; x_wconf 77' lang='lat' dir='ltr'><strong>Tiberii</strong></span> <span class='ocrx_word' id='word_1_147' title='bbox 2913 670 3120 737; x_wconf 90' lang='lat' dir='ltr'><strong>primus</strong></span> <span class='ocrx_word' id='word_1_148' title='bbox 3151 682 3216 720; x_wconf 76' lang='lat' dir='ltr'><strong>ex</strong></span> <span class='ocrx_word' id='word_1_149' title='bbox 3261 673 3440 718; x_wconf 83' lang='lat' dir='ltr'><strong>mente</strong></span> <span class='ocrx_word' id='word_1_150' title='bbox 3470 661 3569 715; x_wconf 80' lang='lat' dir='ltr'><strong>Jo-</strong></span> 
     </span>
    </p>
   </div>
   <div class='ocr_carea' id='block_1_21' title="bbox 1973 753 3567 836">
    <p class='ocr_par' dir='ltr' id='par_1_21' title="bbox 1973 753 3567 836">
     <span class='ocr_line' id='line_1_21' title="bbox 1973 753 3567 836; baseline -0.008 -18"><span class='ocrx_word' id='word_1_151' title='bbox 1973 766 2138 834; x_wconf 41' lang='lat' dir='ltr'><strong>.,sephi</strong></span> <span class='ocrx_word' id='word_1_152' title='bbox 2169 766 2237 820; x_wconf 88' lang='lat' dir='ltr'><strong>ab</strong></span> <span class='ocrx_word' id='word_1_153' title='bbox 2266 766 2372 836; x_wconf 87' lang='lat' dir='ltr'><strong>ljar</strong></span> <span class='ocrx_word' id='word_1_154' title='bbox 2410 766 2536 818; x_wconf 89' lang='lat' dir='ltr'><strong>anni</strong></span> <span class='ocrx_word' id='word_1_155' title='bbox 2558 762 2760 817; x_wconf 85' lang='lat' dir='ltr'><strong>Juliani</strong></span> <span class='ocrx_word' id='word_1_156' title='bbox 2783 761 2852 814; x_wconf 84' lang='lat'><strong>60</strong></span> <span class='ocrx_word' id='word_1_157' title='bbox 2884 759 3154 814; x_wconf 81' lang='lat' dir='ltr'><strong>iucundus</strong></span> <span class='ocrx_word' id='word_1_158' title='bbox 3182 763 3362 820; x_wconf 89' lang='lat' dir='ltr'><strong>esset,</strong></span> <span class='ocrx_word' id='word_1_159' title='bbox 3402 762 3455 806; x_wconf 88' lang='lat' dir='ltr'><strong>et</strong></span> <span class='ocrx_word' id='word_1_160' title='bbox 3486 753 3567 806; x_wconf 89' lang='lat' dir='ltr'><strong>vi-</strong></span> 
     </span>
    </p>
   </div>
   <div class='ocr_carea' id='block_1_22' title="bbox 1988 845 3570 925">
    <p class='ocr_par' dir='ltr' id='par_1_22' title="bbox 1988 845 3570 925">
     <span class='ocr_line' id='line_1_22' title="bbox 1988 845 3570 925; baseline -0.01 -12"><span class='ocrx_word' id='word_1_161' title='bbox 1988 859 2227 914; x_wconf 89' lang='lat' dir='ltr'><strong>cesimus</strong></span> <span class='ocrx_word' id='word_1_162' title='bbox 2262 859 2330 912; x_wconf 89' lang='lat' dir='ltr'><strong>ab</strong></span> <span class='ocrx_word' id='word_1_163' title='bbox 2383 856 2490 925; x_wconf 88' lang='lat' dir='ltr'><strong>ljar</strong></span> <span class='ocrx_word' id='word_1_164' title='bbox 2521 855 2726 910; x_wconf 86' lang='lat' dir='ltr'><strong>Juliani</strong></span> <span class='ocrx_word' id='word_1_165' title='bbox 2757 853 2852 918; x_wconf 78' lang='lat'><strong>&#39;79;</strong></span> <span class='ocrx_word' id='word_1_166' title='bbox 2897 866 2961 905; x_wconf 88' lang='lat' dir='ltr'><strong>ac</strong></span> <span class='ocrx_word' id='word_1_167' title='bbox 3008 849 3238 917; x_wconf 89' lang='lat' dir='ltr'><strong>denique</strong></span> <span class='ocrx_word' id='word_1_168' title='bbox 3279 845 3484 915; x_wconf 90' lang='lat' dir='ltr'><strong>primus</strong></span> <span class='ocrx_word' id='word_1_169' title='bbox 3516 854 3570 897; x_wconf 91' lang='lat' dir='ltr'><strong>et</strong></span> 
     </span>
    </p>
   </div>
   <div class='ocr_carea' id='block_1_23' title="bbox 1989 934 3569 1018">
    <p class='ocr_par' dir='ltr' id='par_1_23' title="bbox 1989 934 3569 1018">
     <span class='ocr_line' id='line_1_23' title="bbox 1989 934 3569 1018; baseline -0.009 -16"><span class='ocrx_word' id='word_1_170' title='bbox 1989 950 2282 1005; x_wconf 87' lang='lat' dir='ltr'><strong>vicesimus</strong></span> <span class='ocrx_word' id='word_1_171' title='bbox 2312 948 2380 1002; x_wconf 88' lang='lat' dir='ltr'><strong>ab</strong></span> <span class='ocrx_word' id='word_1_172' title='bbox 2405 948 2507 1018; x_wconf 88' lang='lat' dir='ltr'><strong>ljar</strong></span> <span class='ocrx_word' id='word_1_173' title='bbox 2528 946 2730 1000; x_wconf 82' lang='lat' dir='ltr'><strong>Juliani</strong></span> <span class='ocrx_word' id='word_1_174' title='bbox 2757 944 2826 998; x_wconf 74' lang='lat'><strong>80</strong></span> <span class='ocrx_word' id='word_1_175' title='bbox 2857 964 2868 998; x_wconf 91' lang='lat'><strong>:</strong></span> <span class='ocrx_word' id='word_1_176' title='bbox 2903 950 3027 996; x_wconf 88' lang='lat' dir='ltr'><strong>ante</strong></span> <span class='ocrx_word' id='word_1_177' title='bbox 3055 955 3214 1009; x_wconf 88' lang='lat' dir='ltr'><strong>quem</strong></span> <span class='ocrx_word' id='word_1_178' title='bbox 3239 937 3421 991; x_wconf 91' lang='lat' dir='ltr'><strong>obitus</strong></span> <span class='ocrx_word' id='word_1_179' title='bbox 3451 934 3569 988; x_wconf 87' lang='lat' dir='ltr'><strong>Phi-</strong></span> 
     </span>
    </p>
   </div>
   <div class='ocr_carea' id='block_1_24' title="bbox 1990 1027 3567 1111">
    <p class='ocr_par' dir='ltr' id='par_1_24' title="bbox 1990 1027 3567 1111">
     <span class='ocr_line' id='line_1_24' title="bbox 1990 1027 3567 1111; baseline -0.011 -16"><span class='ocrx_word' id='word_1_180' title='bbox 1990 1042 2118 1111; x_wconf 86' lang='lat' dir='ltr'><strong>lippi</strong></span> <span class='ocrx_word' id='word_1_181' title='bbox 2157 1041 2535 1111; x_wconf 88' lang='lat' dir='ltr'><strong>conjiciendus</strong></span> <span class='ocrx_word' id='word_1_182' title='bbox 2570 1045 2738 1104; x_wconf 84' lang='lat' dir='ltr'><strong>esset,</strong></span> <span class='ocrx_word' id='word_1_183' title='bbox 2775 1049 2920 1090; x_wconf 89' lang='lat' dir='ltr'><strong>anno</strong></span> <span class='ocrx_word' id='word_1_184' title='bbox 2962 1031 3204 1102; x_wconf 83' lang='lat' dir='ltr'><strong>ejusdem</strong></span> <span class='ocrx_word' id='word_1_185' title='bbox 3248 1043 3426 1082; x_wconf 71' lang='lat' dir='ltr'><strong>axxvu</strong></span> <span class='ocrx_word' id='word_1_186' title='bbox 3455 1027 3567 1094; x_wconf 86' lang='lat' dir='ltr'><strong>jam</strong></span> 
     </span>
    </p>
   </div>
   <div class='ocr_carea' id='block_1_25' title="bbox 1988 1118 3571 1203">
    <p class='ocr_par' dir='ltr' id='par_1_25' title="bbox 1988 1118 3571 1203">
     <span class='ocr_line' id='line_1_25' title="bbox 1988 1118 3571 1203; baseline -0.012 -15"><span class='ocrx_word' id='word_1_187' title='bbox 1988 1135 2201 1203; x_wconf 77' lang='lat' dir='ltr'><strong>expleto</strong></span> <span class='ocrx_word' id='word_1_188' title='bbox 2234 1133 2430 1202; x_wconf 86' lang='lat' dir='ltr'><strong>:cujus</strong></span> <span class='ocrx_word' id='word_1_189' title='bbox 2456 1132 2666 1202; x_wconf 90' lang='lat' dir='ltr'><strong>primus</strong></span> <span class='ocrx_word' id='word_1_190' title='bbox 2709 1144 2885 1184; x_wconf 89' lang='lat' dir='ltr'><strong>annus</strong></span> <span class='ocrx_word' id='word_1_191' title='bbox 2907 1126 2974 1180; x_wconf 87' lang='lat' dir='ltr'><strong>ab</strong></span> <span class='ocrx_word' id='word_1_192' title='bbox 3022 1123 3126 1193; x_wconf 85' lang='lat' dir='ltr'><strong>ljar</strong></span> <span class='ocrx_word' id='word_1_193' title='bbox 3151 1121 3351 1176; x_wconf 84' lang='lat' dir='ltr'><strong>Juliani</strong></span> <span class='ocrx_word' id='word_1_194' title='bbox 3380 1119 3450 1172; x_wconf 72' lang='grc'><strong>45</strong></span> <span class='ocrx_word' id='word_1_195' title='bbox 3490 1118 3571 1170; x_wconf 93' lang='lat' dir='ltr'><strong>in-</strong></span> 
     </span>
    </p>
   </div>
   <div class='ocr_carea' id='block_1_26' title="bbox 1988 1209 3568 1282">
    <p class='ocr_par' dir='ltr' id='par_1_26' title="bbox 1988 1209 3568 1282">
     <span class='ocr_line' id='line_1_26' title="bbox 1988 1209 3568 1282; baseline -0.015 0"><span class='ocrx_word' id='word_1_196' title='bbox 1988 1228 2273 1282; x_wconf 90' lang='lat' dir='ltr'><strong>choandus</strong></span> <span class='ocrx_word' id='word_1_197' title='bbox 2333 1224 2538 1278; x_wconf 81' lang='lat' dir='ltr'><strong>fuerit:</strong></span> <span class='ocrx_word' id='word_1_198' title='bbox 2575 1221 2792 1278; x_wconf 89' lang='lat' dir='ltr'><strong>tametsi</strong></span> <span class='ocrx_word' id='word_1_199' title='bbox 2834 1217 3076 1273; x_wconf 90' lang='lat' dir='ltr'><strong>Herodes</strong></span> <span class='ocrx_word' id='word_1_200' title='bbox 3098 1227 3240 1267; x_wconf 90' lang='lat' dir='ltr'><strong>anno</strong></span> <span class='ocrx_word' id='word_1_201' title='bbox 3267 1209 3568 1279; x_wconf 88' lang='lat' dir='ltr'><strong>superiore,</strong></span> 
     </span>
    </p>
   </div>
   <div class='ocr_carea' id='block_1_27' title="bbox 1991 1298 3569 1382">
    <p class='ocr_par' dir='ltr' id='par_1_27' title="bbox 1991 1298 3569 1382">
     <span class='ocr_line' id='line_1_27' title="bbox 1991 1298 3569 1382; baseline -0.015 -9"><span class='ocrx_word' id='word_1_202' title='bbox 1991 1320 2093 1373; x_wconf 91' lang='lat' dir='ltr'><strong>hoc</strong></span> <span class='ocrx_word' id='word_1_203' title='bbox 2126 1327 2210 1372; x_wconf 89' lang='lat' dir='ltr'><strong>est</strong></span> <span class='ocrx_word' id='word_1_204' title='bbox 2236 1318 2306 1370; x_wconf 70' lang='grc'><strong>42</strong></span> <span class='ocrx_word' id='word_1_205' title='bbox 2332 1315 2664 1380; x_wconf 90' lang='lat' dir='ltr'><strong>decesserit;</strong></span> <span class='ocrx_word' id='word_1_206' title='bbox 2697 1319 2985 1382; x_wconf 84' lang='lat' dir='ltr'><strong>propterea</strong></span> <span class='ocrx_word' id='word_1_207' title='bbox 3015 1303 3161 1374; x_wconf 89' lang='lat' dir='ltr'><strong>quod</strong></span> <span class='ocrx_word' id='word_1_208' title='bbox 3196 1301 3432 1356; x_wconf 77' lang='lat' dir='ltr'><strong>maxima</strong></span> <span class='ocrx_word' id='word_1_209' title='bbox 3459 1298 3569 1368; x_wconf 84' lang='lat' dir='ltr'><strong>jam</strong></span> 
     </span>
    </p>
   </div>
   <div class='ocr_carea' id='block_1_28' title="bbox 1989 1395 3574 1477">
    <p class='ocr_par' dir='ltr' id='par_1_28' title="bbox 1989 1395 3574 1477">
     <span class='ocr_line' id='line_1_28' title="bbox 1989 1395 3574 1477; baseline -0.016 -13"><span class='ocrx_word' id='word_1_210' title='bbox 1989 1409 2182 1463; x_wconf 61' lang='lat' dir='ltr'><strong>aﬂ‘ecta</strong></span> <span class='ocrx_word' id='word_1_211' title='bbox 2213 1410 2340 1463; x_wconf 89' lang='lat' dir='ltr'><strong>anui</strong></span> <span class='ocrx_word' id='word_1_212' title='bbox 2372 1409 2441 1462; x_wconf 69' lang='grc'><strong>42</strong></span> <span class='ocrx_word' id='word_1_213' title='bbox 2464 1417 2637 1477; x_wconf 79' lang='lat' dir='ltr'><strong>parte,</strong></span> <span class='ocrx_word' id='word_1_214' title='bbox 2666 1410 2864 1472; x_wconf 88' lang='lat' dir='ltr'><strong>etpost</strong></span> <span class='ocrx_word' id='word_1_215' title='bbox 2907 1398 3012 1469; x_wconf 76' lang='lat' dir='ltr'><strong>[jar</strong></span> <span class='ocrx_word' id='word_1_216' title='bbox 3051 1395 3338 1465; x_wconf 85' lang='lat' dir='ltr'><strong>Philippus</strong></span> <span class='ocrx_word' id='word_1_217' title='bbox 3379 1399 3574 1444; x_wconf 88' lang='lat' dir='ltr'><strong>tetrar-</strong></span> 
     </span>
    </p>
   </div>
   <div class='ocr_carea' id='block_1_29' title="bbox 1989 1486 3571 1568">
    <p class='ocr_par' dir='ltr' id='par_1_29' title="bbox 1989 1486 3571 1568">
     <span class='ocr_line' id='line_1_29' title="bbox 1989 1486 3571 1568; baseline -0.016 -10"><span class='ocrx_word' id='word_1_218' title='bbox 1989 1504 2166 1558; x_wconf 87' lang='lat' dir='ltr'><strong>chiam</strong></span> <span class='ocrx_word' id='word_1_219' title='bbox 2201 1502 2335 1556; x_wconf 87' lang='lat' dir='ltr'><strong>adiit</strong></span> <span class='ocrx_word' id='word_1_220' title='bbox 2364 1518 2377 1552; x_wconf 87' lang='lat'><strong>:</strong></span> <span class='ocrx_word' id='word_1_221' title='bbox 2404 1500 2647 1568; x_wconf 75' lang='lat' dir='ltr'><strong>&quot;ideoque</strong></span> <span class='ocrx_word' id='word_1_222' title='bbox 2671 1497 2740 1550; x_wconf 90' lang='lat' dir='ltr'><strong>ab</strong></span> <span class='ocrx_word' id='word_1_223' title='bbox 2777 1494 2884 1564; x_wconf 83' lang='lat' dir='ltr'><strong>ljar</strong></span> <span class='ocrx_word' id='word_1_224' title='bbox 2926 1497 3186 1560; x_wconf 89' lang='lat' dir='ltr'><strong>sequente</strong></span> <span class='ocrx_word' id='word_1_225' title='bbox 3226 1486 3434 1556; x_wconf 89' lang='lat' dir='ltr'><strong>primus</strong></span> <span class='ocrx_word' id='word_1_226' title='bbox 3469 1497 3571 1535; x_wconf 91' lang='lat' dir='ltr'><strong>nu—</strong></span> 
     </span>
    </p>
   </div>
   <div class='ocr_carea' id='block_1_30' title="bbox 1991 1593 2408 1663">
    <p class='ocr_par' dir='ltr' id='par_1_30' title="bbox 1991 1593 2408 1663">
     <span class='ocr_line' id='line_1_30' title="bbox 1991 1593 2408 1663; baseline -0.002 -14"><span class='ocrx_word' id='word_1_227' title='bbox 1991 1611 2136 1649; x_wconf 87' lang='lat' dir='ltr'><strong>mera</strong></span> <span class='ocrx_word' id='word_1_228' title='bbox 2147 1595 2188 1647; x_wconf 94' lang='lat' dir='ltr'><strong>ri</strong></span> <span class='ocrx_word' id='word_1_229' title='bbox 2223 1593 2408 1663; x_wconf 59' lang='lat' dir='ltr'><strong>coepit.</strong></span> 
     </span>
    </p>
   </div>
   <div class='ocr_carea' id='block_1_31' title="bbox 2068 1665 3576 1754">
    <p class='ocr_par' dir='ltr' id='par_1_31' title="bbox 2068 1665 3576 1754">
     <span class='ocr_line' id='line_1_31' title="bbox 2068 1665 3576 1754; baseline -0.017 -13"><span class='ocrx_word' id='word_1_230' title='bbox 2068 1688 2175 1743; x_wconf 88' lang='lat' dir='ltr'><strong>Sed</strong></span> <span class='ocrx_word' id='word_1_231' title='bbox 2206 1702 2270 1742; x_wconf 87' lang='lat' dir='ltr'><strong>ea</strong></span> <span class='ocrx_word' id='word_1_232' title='bbox 2297 1681 2648 1754; x_wconf 88' lang='lat' dir='ltr'><strong>computandi</strong></span> <span class='ocrx_word' id='word_1_233' title='bbox 2678 1679 2838 1742; x_wconf 90' lang='lat' dir='ltr'><strong>ratio,</strong></span> <span class='ocrx_word' id='word_1_234' title='bbox 2870 1691 3033 1745; x_wconf 87' lang='lat' dir='ltr'><strong>quam</strong></span> <span class='ocrx_word' id='word_1_235' title='bbox 3060 1670 3298 1740; x_wconf 85' lang='lat' dir='ltr'><strong>Josepho</strong></span> <span class='ocrx_word' id='word_1_236' title='bbox 3331 1665 3576 1734; x_wconf 85' lang='lat' dir='ltr'><strong>Scaliger</strong></span> 
     </span>
    </p>
   </div>
   <div class='ocr_carea' id='block_1_32' title="bbox 1991 1757 3577 1850">
    <p class='ocr_par' dir='ltr' id='par_1_32' title="bbox 1991 1757 3577 1850">
     <span class='ocr_line' id='line_1_32' title="bbox 1991 1757 3577 1850; baseline -0.016 -16"><span class='ocrx_word' id='word_1_237' title='bbox 1991 1779 2230 1850; x_wconf 77' lang='lat' dir='ltr'><strong>afﬁngit,</strong></span> <span class='ocrx_word' id='word_1_238' title='bbox 2279 1776 2604 1832; x_wconf 88' lang='lat' dir='ltr'><strong>auctoritate</strong></span> <span class='ocrx_word' id='word_1_239' title='bbox 2651 1780 2802 1827; x_wconf 83' lang='lat' dir='ltr'><strong>caret</strong></span> <span class='ocrx_word' id='word_1_240' title='bbox 2848 1788 2861 1824; x_wconf 89' lang='lat'><strong>:</strong></span> <span class='ocrx_word' id='word_1_241' title='bbox 2908 1767 3186 1833; x_wconf 90' lang='lat' dir='ltr'><strong>multoque</strong></span> <span class='ocrx_word' id='word_1_242' title='bbox 3228 1757 3577 1850; x_wconf 75' lang='lat' dir='ltr'><strong>verisimilius</strong></span> 
     </span>
    </p>
   </div>
   <div class='ocr_carea' id='block_1_33' title="bbox 299 1832 1894 1928">
    <p class='ocr_par' dir='ltr' id='par_1_33' title="bbox 299 1832 1886 1928">
     <span class='ocr_line' id='line_1_33' title="bbox 299 1832 1886 1928; baseline 0.008 -25"><span class='ocrx_word' id='word_1_243' title='bbox 299 1859 357 1903; x_wconf 88' lang='lat' dir='ltr'><strong>et</strong></span> <span class='ocrx_word' id='word_1_244' title='bbox 386 1849 446 1903; x_wconf 86' lang='lat' dir='ltr'><strong>L.</strong></span> <span class='ocrx_word' id='word_1_245' title='bbox 483 1851 746 1907; x_wconf 83' lang='lat' dir='ltr'><strong>Arruntio</strong></span> <span class='ocrx_word' id='word_1_246' title='bbox 793 1870 962 1921; x_wconf 90' lang='lat' dir='ltr'><strong>coss.,</strong></span> <span class='ocrx_word' id='word_1_247' title='bbox 1009 1855 1225 1913; x_wconf 83' lang='lat' dir='ltr'><strong>Juliano</strong></span> <span class='ocrx_word' id='word_1_248' title='bbox 1255 1859 1344 1921; x_wconf 79' lang='lat' dir='ltr'><strong>5t,</strong></span> <span class='ocrx_word' id='word_1_249' title='bbox 1388 1859 1481 1928; x_wconf 86' lang='lat' dir='ltr'><strong>qui</strong></span> <span class='ocrx_word' id='word_1_250' title='bbox 1516 1875 1693 1916; x_wconf 88' lang='lat' dir='ltr'><strong>annus</strong></span> <span class='ocrx_word' id='word_1_251' title='bbox 1725 1832 1886 1915; x_wconf 78' lang='lat' dir='ltr'><strong>morti</strong></span> 
     </span>
    </p>
   </div>
   <div class='ocr_carea' id='block_1_34' title="bbox 2001 1832 3574 1928">
    <p class='ocr_par' dir='ltr' id='par_1_34' title="bbox 2001 1832 3574 1926">
     <span class='ocr_line' id='line_1_34' title="bbox 2001 1832 3574 1926; baseline -0.019 1"><span class='ocrx_word' id='word_1_252' title='bbox 2001 1881 2079 1926; x_wconf 84' lang='lat' dir='ltr'><strong>est</strong></span> <span class='ocrx_word' id='word_1_253' title='bbox 2120 1832 2465 1925; x_wconf 74' lang='lat' dir='ltr'><strong>unumerandi</strong></span> <span class='ocrx_word' id='word_1_254' title='bbox 2542 1866 2757 1920; x_wconf 90' lang='lat' dir='ltr'><strong>initium</strong></span> <span class='ocrx_word' id='word_1_255' title='bbox 2810 1863 2878 1915; x_wconf 89' lang='lat' dir='ltr'><strong>ab</strong></span> <span class='ocrx_word' id='word_1_256' title='bbox 2943 1873 3008 1913; x_wconf 93' lang='lat' dir='ltr'><strong>eo</strong></span> <span class='ocrx_word' id='word_1_257' title='bbox 3059 1855 3228 1909; x_wconf 88' lang='lat' dir='ltr'><strong>Nisan</strong></span> <span class='ocrx_word' id='word_1_258' title='bbox 3285 1848 3425 1919; x_wconf 87' lang='lat' dir='ltr'><strong>apud</strong></span> <span class='ocrx_word' id='word_1_259' title='bbox 3477 1845 3574 1898; x_wconf 83' lang='lat' dir='ltr'><strong>Jo-</strong></span> 
     </span>
    </p>
   </div>
   <div class='ocr_carea' id='block_1_35' title="bbox 302 1940 1892 2018">
    <p class='ocr_par' dir='ltr' id='par_1_35' title="bbox 302 1940 1892 2018">
     <span class='ocr_line' id='line_1_35' title="bbox 302 1940 1892 2018; baseline 0.008 -25"><span class='ocrx_word' id='word_1_260' title='bbox 302 1940 532 1998; x_wconf 77' lang='lat' dir='ltr'><strong>Herodis</strong></span> <span class='ocrx_word' id='word_1_261' title='bbox 561 1943 615 1999; x_wconf 85' lang='lat' dir='ltr'><strong>in</strong></span> <span class='ocrx_word' id='word_1_262' title='bbox 646 1944 941 2000; x_wconf 74' lang='lat' dir='ltr'><strong>Annalibus</strong></span> <span class='ocrx_word' id='word_1_263' title='bbox 971 1948 1280 2018; x_wconf 85' lang='lat' dir='ltr'><strong>assignatur</strong></span> <span class='ocrx_word' id='word_1_264' title='bbox 1307 1969 1319 2002; x_wconf 94' lang='lat'>:</span> <span class='ocrx_word' id='word_1_265' title='bbox 1347 1966 1469 2004; x_wconf 91' lang='lat' dir='ltr'><strong>cum</strong></span> <span class='ocrx_word' id='word_1_266' title='bbox 1503 1959 1672 2005; x_wconf 84' lang='lat' dir='ltr'><strong>antex</strong></span> <span class='ocrx_word' id='word_1_267' title='bbox 1697 1964 1892 2017; x_wconf 90' lang='lat' dir='ltr'><strong>annos,</strong></span> 
     </span>
    </p>
   </div>
   <div class='ocr_carea' id='block_1_36' title="bbox 302 2034 1890 2112">
    <p class='ocr_par' dir='ltr' id='par_1_36' title="bbox 302 2034 1890 2112">
     <span class='ocr_line' id='line_1_36' title="bbox 302 2034 1890 2112; baseline 0.004 -24"><span class='ocrx_word' id='word_1_268' title='bbox 302 2036 562 2089; x_wconf 89' lang='lat' dir='ltr'><strong>nimirum</strong></span> <span class='ocrx_word' id='word_1_269' title='bbox 593 2034 808 2092; x_wconf 89' lang='lat' dir='ltr'><strong>Juliano</strong></span> <span class='ocrx_word' id='word_1_270' title='bbox 831 2037 920 2100; x_wconf 71' lang='grc'><strong>42,</strong></span> <span class='ocrx_word' id='word_1_271' title='bbox 961 2049 1233 2093; x_wconf 90' lang='lat' dir='ltr'><strong>mortuum</strong></span> <span class='ocrx_word' id='word_1_272' title='bbox 1275 2056 1396 2095; x_wconf 87' lang='lat' dir='ltr'><strong>esse</strong></span> <span class='ocrx_word' id='word_1_273' title='bbox 1429 2041 1692 2095; x_wconf 85' lang='lat' dir='ltr'><strong>Herodem</strong></span> <span class='ocrx_word' id='word_1_274' title='bbox 1721 2058 1890 2112; x_wconf 88' lang='lat' dir='ltr'><strong>opor-</strong></span> 
     </span>
    </p>
   </div>
   <div class='ocr_carea' id='block_1_37' title="bbox 303 2128 1884 2200">
    <p class='ocr_par' dir='ltr' id='par_1_37' title="bbox 303 2128 1884 2200">
     <span class='ocr_line' id='line_1_37' title="bbox 303 2128 1884 2200; baseline 0.003 -18"><span class='ocrx_word' id='word_1_275' title='bbox 303 2129 490 2191; x_wconf 88' lang='lat' dir='ltr'><strong>tuerit,</strong></span> <span class='ocrx_word' id='word_1_276' title='bbox 539 2129 583 2182; x_wconf 91' lang='lat' dir='ltr'><strong>si</strong></span> <span class='ocrx_word' id='word_1_277' title='bbox 625 2128 928 2185; x_wconf 80' lang='lat' dir='ltr'><strong>Archelaus</strong></span> <span class='ocrx_word' id='word_1_278' title='bbox 962 2147 1014 2184; x_wconf 81' lang='lat' dir='ltr'><strong>ix</strong></span> <span class='ocrx_word' id='word_1_279' title='bbox 1067 2133 1134 2184; x_wconf 91' lang='lat' dir='ltr'><strong>ab</strong></span> <span class='ocrx_word' id='word_1_280' title='bbox 1188 2132 1278 2184; x_wconf 92' lang='lat' dir='ltr'><strong>illo</strong></span> <span class='ocrx_word' id='word_1_281' title='bbox 1327 2147 1503 2186; x_wconf 87' lang='lat' dir='ltr'><strong>annos</strong></span> <span class='ocrx_word' id='word_1_282' title='bbox 1560 2131 1884 2200; x_wconf 84' lang='lat' dir='ltr'><strong>impleverit.</strong></span> 
     </span>
    </p>
   </div>
   <div class='ocr_carea' id='block_1_38' title="bbox 304 2217 1889 2291">
    <p class='ocr_par' dir='ltr' id='par_1_38' title="bbox 304 2217 1889 2291">
     <span class='ocr_line' id='line_1_38' title="bbox 304 2217 1889 2291; baseline 0.003 -21"><span class='ocrx_word' id='word_1_283' title='bbox 304 2217 450 2272; x_wconf 86' lang='lat' dir='ltr'><strong>Idem</strong></span> <span class='ocrx_word' id='word_1_284' title='bbox 479 2228 532 2272; x_wconf 87' lang='lat' dir='ltr'><strong>et</strong></span> <span class='ocrx_word' id='word_1_285' title='bbox 574 2234 640 2274; x_wconf 75' lang='lat' dir='ltr'><strong>ex</strong></span> <span class='ocrx_word' id='word_1_286' title='bbox 671 2218 901 2288; x_wconf 87' lang='lat' dir='ltr'><strong>Philippi</strong></span> <span class='ocrx_word' id='word_1_287' title='bbox 935 2220 1242 2287; x_wconf 72' lang='lat' dir='ltr'><strong>tetrarchm,</strong></span> <span class='ocrx_word' id='word_1_288' title='bbox 1275 2220 1502 2276; x_wconf 90' lang='lat' dir='ltr'><strong>Herodis</strong></span> <span class='ocrx_word' id='word_1_289' title='bbox 1537 2222 1889 2291; x_wconf 87' lang='lat' dir='ltr'><strong>lilii,imperio</strong></span> 
     </span>
    </p>
   </div>
   <div class='ocr_carea' id='block_1_39' title="bbox 304 2309 1885 2382">
    <p class='ocr_par' dir='ltr' id='par_1_39' title="bbox 304 2309 1885 2382">
     <span class='ocr_line' id='line_1_39' title="bbox 304 2309 1885 2382; baseline 0.003 -18"><span class='ocrx_word' id='word_1_290' title='bbox 304 2310 484 2380; x_wconf 83' lang='lat' dir='ltr'><strong>eolligi</strong></span> <span class='ocrx_word' id='word_1_291' title='bbox 510 2321 704 2379; x_wconf 88' lang='lat' dir='ltr'><strong>potest.</strong></span> <span class='ocrx_word' id='word_1_292' title='bbox 742 2309 839 2366; x_wconf 92' lang='lat' dir='ltr'><strong>Hic</strong></span> <span class='ocrx_word' id='word_1_293' title='bbox 871 2312 1017 2366; x_wconf 90' lang='lat' dir='ltr'><strong>enim</strong></span> <span class='ocrx_word' id='word_1_294' title='bbox 1054 2322 1278 2367; x_wconf 87' lang='lat' dir='ltr'><strong>auctore</strong></span> <span class='ocrx_word' id='word_1_295' title='bbox 1301 2311 1562 2382; x_wconf 85' lang='lat' dir='ltr'><strong>Josepho,</strong></span> <span class='ocrx_word' id='word_1_296' title='bbox 1597 2313 1688 2366; x_wconf 85' lang='lat' dir='ltr'><strong>lib.</strong></span> <span class='ocrx_word' id='word_1_297' title='bbox 1729 2330 1885 2380; x_wconf 86' lang='lat' dir='ltr'><strong>xviii,</strong></span> 
     </span>
    </p>
   </div>
   <div class='ocr_carea' id='block_1_40' title="bbox 305 2400 1887 2472">
    <p class='ocr_par' dir='ltr' id='par_1_40' title="bbox 305 2400 1887 2472">
     <span class='ocr_line' id='line_1_40' title="bbox 305 2400 1887 2472; baseline 0.003 -18"><span class='ocrx_word' id='word_1_298' title='bbox 305 2416 428 2471; x_wconf 91' lang='lat' dir='ltr'><strong>cap.</strong></span> <span class='ocrx_word' id='word_1_299' title='bbox 464 2400 516 2464; x_wconf 89' lang='lat'><strong>6,</strong></span> <span class='ocrx_word' id='word_1_300' title='bbox 546 2401 777 2456; x_wconf 87' lang='lat' dir='ltr'><strong>moritur</strong></span> <span class='ocrx_word' id='word_1_301' title='bbox 805 2417 950 2456; x_wconf 80' lang='lat' dir='ltr'><strong>anno</strong></span> <span class='ocrx_word' id='word_1_302' title='bbox 986 2401 1186 2457; x_wconf 85' lang='lat' dir='ltr'><strong>Tiberii</strong></span> <span class='ocrx_word' id='word_1_303' title='bbox 1214 2420 1317 2469; x_wconf 74' lang='lat' dir='ltr'><strong>xx;</strong></span> <span class='ocrx_word' id='word_1_304' title='bbox 1372 2405 1658 2472; x_wconf 78' lang='lat' dir='ltr'><strong>imperavit</strong></span> <span class='ocrx_word' id='word_1_305' title='bbox 1707 2415 1887 2458; x_wconf 88' lang='lat' dir='ltr'><strong>autem</strong></span> 
     </span>
    </p>
   </div>
   <div class='ocr_carea' id='block_1_41' title="bbox 308 2485 1888 2564">
    <p class='ocr_par' dir='ltr' id='par_1_41' title="bbox 308 2485 1888 2564">
     <span class='ocr_line' id='line_1_41' title="bbox 308 2485 1888 2564; baseline 0.004 -21"><span class='ocrx_word' id='word_1_306' title='bbox 308 2507 487 2546; x_wconf 83' lang='lat' dir='ltr'><strong>annos</strong></span> <span class='ocrx_word' id='word_1_307' title='bbox 524 2508 730 2546; x_wconf 60' lang='lat' dir='ltr'><strong>xxxvii.</strong></span> <span class='ocrx_word' id='word_1_308' title='bbox 764 2493 965 2548; x_wconf 89' lang='lat' dir='ltr'><strong>Tiberii</strong></span> <span class='ocrx_word' id='word_1_309' title='bbox 1008 2509 1172 2563; x_wconf 84' lang='lat' dir='ltr'><strong>porro</strong></span> <span class='ocrx_word' id='word_1_310' title='bbox 1200 2496 1410 2564; x_wconf 86' lang='lat' dir='ltr'><strong>primus</strong></span> <span class='ocrx_word' id='word_1_311' title='bbox 1447 2485 1581 2549; x_wconf 80' lang='lat' dir='ltr'><strong>iniit</strong></span> <span class='ocrx_word' id='word_1_312' title='bbox 1620 2511 1765 2550; x_wconf 87' lang='lat' dir='ltr'><strong>anno</strong></span> <span class='ocrx_word' id='word_1_313' title='bbox 1793 2495 1888 2550; x_wconf 88' lang='lat' dir='ltr'><strong>Ju-</strong></span> 
     </span>
    </p>
   </div>
   <div class='ocr_carea' id='block_1_42' title="bbox 309 2583 1891 2658">
    <p class='ocr_par' dir='ltr' id='par_1_42' title="bbox 309 2583 1891 2658">
     <span class='ocr_line' id='line_1_42' title="bbox 309 2583 1891 2658; baseline 0.003 -23"><span class='ocrx_word' id='word_1_314' title='bbox 309 2583 456 2638; x_wconf 89' lang='lat' dir='ltr'><strong>liano</strong></span> <span class='ocrx_word' id='word_1_315' title='bbox 483 2584 588 2652; x_wconf 74' lang='lat'><strong>59;</strong></span> <span class='ocrx_word' id='word_1_316' title='bbox 622 2584 914 2641; x_wconf 80' lang='lat' dir='ltr'><strong>vicesimus</strong></span> <span class='ocrx_word' id='word_1_317' title='bbox 962 2596 1164 2647; x_wconf 86' lang='lat' dir='ltr'><strong>autem,</strong></span> <span class='ocrx_word' id='word_1_318' title='bbox 1218 2585 1437 2642; x_wconf 76' lang='lat' dir='ltr'><strong>Juliano</strong></span> <span class='ocrx_word' id='word_1_319' title='bbox 1467 2587 1533 2641; x_wconf 84' lang='lat'><strong>78</strong></span> <span class='ocrx_word' id='word_1_320' title='bbox 1567 2607 1580 2641; x_wconf 90' lang='lat'>:</span> <span class='ocrx_word' id='word_1_321' title='bbox 1625 2604 1734 2658; x_wconf 93' lang='lat' dir='ltr'><strong>quo</strong></span> <span class='ocrx_word' id='word_1_322' title='bbox 1771 2589 1891 2656; x_wconf 89' lang='lat' dir='ltr'><strong>qui-</strong></span> 
     </span>
    </p>
   </div>
   <div class='ocr_carea' id='block_1_43' title="bbox 308 2675 1892 2748">
    <p class='ocr_par' dir='ltr' id='par_1_43' title="bbox 308 2675 1892 2748">
     <span class='ocr_line' id='line_1_43' title="bbox 308 2675 1892 2748; baseline 0.004 -23"><span class='ocrx_word' id='word_1_323' title='bbox 308 2675 455 2737; x_wconf 91' lang='lat' dir='ltr'><strong>dem,</strong></span> <span class='ocrx_word' id='word_1_324' title='bbox 486 2675 566 2728; x_wconf 89' lang='lat' dir='ltr'><strong>vel</strong></span> <span class='ocrx_word' id='word_1_325' title='bbox 598 2677 868 2746; x_wconf 89' lang='lat' dir='ltr'><strong>sequenti,</strong></span> <span class='ocrx_word' id='word_1_326' title='bbox 898 2675 1181 2747; x_wconf 86' lang='lat' dir='ltr'><strong>Philippus</strong></span> <span class='ocrx_word' id='word_1_327' title='bbox 1204 2679 1360 2734; x_wconf 87' lang='lat' dir='ltr'><strong>obiit.</strong></span> <span class='ocrx_word' id='word_1_328' title='bbox 1389 2678 1567 2748; x_wconf 70' lang='lat' dir='ltr'><strong>Cmpit</strong></span> <span class='ocrx_word' id='word_1_329' title='bbox 1595 2680 1760 2748; x_wconf 80' lang='lat' dir='ltr'><strong>igitur</strong></span> <span class='ocrx_word' id='word_1_330' title='bbox 1795 2679 1892 2733; x_wconf 85' lang='lat' dir='ltr'><strong>Ju-</strong></span> 
     </span>
    </p>
   </div>
   <div class='ocr_carea' id='block_1_44' title="bbox 309 2767 1888 2842">
    <p class='ocr_par' dir='ltr' id='par_1_44' title="bbox 309 2767 1888 2842">
     <span class='ocr_line' id='line_1_44' title="bbox 309 2767 1888 2842; baseline 0.003 -23"><span class='ocrx_word' id='word_1_331' title='bbox 309 2767 460 2820; x_wconf 87' lang='lat' dir='ltr'><strong>liano</strong></span> <span class='ocrx_word' id='word_1_332' title='bbox 485 2768 595 2822; x_wconf 64' lang='lat'><strong>4&#39;2:</strong></span> <span class='ocrx_word' id='word_1_333' title='bbox 658 2784 770 2838; x_wconf 89' lang='lat' dir='ltr'><strong>quo</strong></span> <span class='ocrx_word' id='word_1_334' title='bbox 806 2769 970 2823; x_wconf 90' lang='lat' dir='ltr'><strong>etiam</strong></span> <span class='ocrx_word' id='word_1_335' title='bbox 1029 2786 1174 2825; x_wconf 89' lang='lat' dir='ltr'><strong>anno</strong></span> <span class='ocrx_word' id='word_1_336' title='bbox 1222 2770 1442 2839; x_wconf 72' lang='lat' dir='ltr'><strong>eclipsis</strong></span> <span class='ocrx_word' id='word_1_337' title='bbox 1497 2769 1586 2825; x_wconf 90' lang='lat' dir='ltr'><strong>illa</strong></span> <span class='ocrx_word' id='word_1_338' title='bbox 1643 2773 1888 2842; x_wconf 82' lang='lat' dir='ltr'><strong>contigit,</strong></span> 
     </span>
    </p>
   </div>
   <div class='ocr_carea' id='block_1_45' title="bbox 310 2859 1892 2932">
    <p class='ocr_par' dir='ltr' id='par_1_45' title="bbox 310 2859 1892 2932">
     <span class='ocr_line' id='line_1_45' title="bbox 310 2859 1892 2932; baseline 0.003 -20"><span class='ocrx_word' id='word_1_339' title='bbox 310 2860 477 2928; x_wconf 88' lang='lat' dir='ltr'><strong>paulo</strong></span> <span class='ocrx_word' id='word_1_340' title='bbox 501 2870 626 2915; x_wconf 90' lang='lat' dir='ltr'><strong>ante</strong></span> <span class='ocrx_word' id='word_1_341' title='bbox 649 2861 891 2929; x_wconf 84' lang='lat' dir='ltr'><strong>Pascha;</strong></span> <span class='ocrx_word' id='word_1_342' title='bbox 921 2877 1065 2932; x_wconf 63' lang='lat' dir='ltr'><strong>qua},</strong></span> <span class='ocrx_word' id='word_1_343' title='bbox 1091 2861 1357 2916; x_wconf 88' lang='lat' dir='ltr'><strong>utscribit</strong></span> <span class='ocrx_word' id='word_1_344' title='bbox 1387 2859 1680 2932; x_wconf 85' lang='lat' dir='ltr'><strong>Josephus,</strong></span> <span class='ocrx_word' id='word_1_345' title='bbox 1720 2861 1892 2916; x_wconf 86' lang='lat' dir='ltr'><strong>Hero-</strong></span> 
     </span>
    </p>
   </div>
   <div class='ocr_carea' id='block_1_46' title="bbox 310 2952 1895 3024">
    <p class='ocr_par' dir='ltr' id='par_1_46' title="bbox 310 2952 1895 3024">
     <span class='ocr_line' id='line_1_46' title="bbox 310 2952 1895 3024; baseline 0.003 -19"><span class='ocrx_word' id='word_1_346' title='bbox 310 2952 400 3006; x_wconf 88' lang='lat' dir='ltr'><strong>dis</strong></span> <span class='ocrx_word' id='word_1_347' title='bbox 427 2961 664 3007; x_wconf 81' lang='lat' dir='ltr'><strong>mortem</strong></span> <span class='ocrx_word' id='word_1_348' title='bbox 690 2955 1000 3009; x_wconf 87' lang='lat' dir='ltr'><strong>antecessit.</strong></span> <span class='ocrx_word' id='word_1_349' title='bbox 1032 2953 1163 3020; x_wconf 83' lang='lat' dir='ltr'><strong>Quae</strong></span> <span class='ocrx_word' id='word_1_350' title='bbox 1187 2955 1394 3018; x_wconf 88' lang='lat' dir='ltr'><strong>omnia,</strong></span> <span class='ocrx_word' id='word_1_351' title='bbox 1422 2963 1481 3007; x_wconf 94' lang='lat' dir='ltr'><strong>ut</strong></span> <span class='ocrx_word' id='word_1_352' title='bbox 1503 2964 1556 3008; x_wconf 93' lang='lat' dir='ltr'><strong>et</strong></span> <span class='ocrx_word' id='word_1_353' title='bbox 1593 2955 1696 3008; x_wconf 88' lang='lat' dir='ltr'><strong>alia</strong></span> <span class='ocrx_word' id='word_1_354' title='bbox 1722 2956 1895 3024; x_wconf 84' lang='lat' dir='ltr'><strong>plera-</strong></span> 
     </span>
    </p>
   </div>
   <div class='ocr_carea' id='block_1_47' title="bbox 312 3046 1892 3116">
    <p class='ocr_par' dir='ltr' id='par_1_47' title="bbox 312 3046 1892 3116">
     <span class='ocr_line' id='line_1_47' title="bbox 312 3046 1892 3116; baseline 0.001 -16"><span class='ocrx_word' id='word_1_355' title='bbox 312 3061 423 3116; x_wconf 89' lang='lat' dir='ltr'><strong>que</strong></span> <span class='ocrx_word' id='word_1_356' title='bbox 448 3048 657 3102; x_wconf 86' lang='lat' dir='ltr'><strong>erudite</strong></span> <span class='ocrx_word' id='word_1_357' title='bbox 685 3064 717 3102; x_wconf 89' lang='lat' dir='ltr'><strong>a</strong></span> <span class='ocrx_word' id='word_1_358' title='bbox 744 3047 974 3103; x_wconf 79' lang='lat' dir='ltr'><strong>Dekerio</strong></span> <span class='ocrx_word' id='word_1_359' title='bbox 1020 3061 1232 3113; x_wconf 85' lang='lat' dir='ltr'><strong>nostro,</strong></span> <span class='ocrx_word' id='word_1_360' title='bbox 1289 3057 1341 3102; x_wconf 89' lang='lat' dir='ltr'><strong>et</strong></span> <span class='ocrx_word' id='word_1_361' title='bbox 1395 3046 1625 3116; x_wconf 81' lang='lat' dir='ltr'><strong>Keplero</strong></span> <span class='ocrx_word' id='word_1_362' title='bbox 1665 3048 1892 3102; x_wconf 89' lang='lat' dir='ltr'><strong>demon-</strong></span> 
     </span>
    </p>
   </div>
   <div class='ocr_carea' id='block_1_48' title="bbox 1994 1935 3576 2032">
    <p class='ocr_par' dir='ltr' id='par_1_48' title="bbox 1994 1935 3576 2032">
     <span class='ocr_line' id='line_1_48' title="bbox 1994 1935 3576 2032; baseline -0.021 -13"><span class='ocrx_word' id='word_1_363' title='bbox 1994 1965 2220 2032; x_wconf 86' lang='lat' dir='ltr'><strong>sephum</strong></span> <span class='ocrx_word' id='word_1_364' title='bbox 2254 1960 2473 2023; x_wconf 84' lang='lat' dir='ltr'><strong>deduci,</strong></span> <span class='ocrx_word' id='word_1_365' title='bbox 2506 1959 2601 2028; x_wconf 89' lang='lat' dir='ltr'><strong>qui</strong></span> <span class='ocrx_word' id='word_1_366' title='bbox 2641 1953 2874 2009; x_wconf 91' lang='lat' dir='ltr'><strong>Herodis</strong></span> <span class='ocrx_word' id='word_1_367' title='bbox 2917 1946 3205 2005; x_wconf 75' lang='lat' dir='ltr'><strong>exordium</strong></span> <span class='ocrx_word' id='word_1_368' title='bbox 3255 1935 3576 1998; x_wconf 87' lang='lat' dir='ltr'><strong>antecessit,</strong></span> 
     </span>
    </p>
   </div>
   <div class='ocr_carea' id='block_1_49' title="bbox 1991 2032 3575 2124">
    <p class='ocr_par' dir='ltr' id='par_1_49' title="bbox 1991 2032 3575 2124">
     <span class='ocr_line' id='line_1_49' title="bbox 1991 2032 3575 2124; baseline -0.009 -16"><span class='ocrx_word' id='word_1_369' title='bbox 1991 2069 2152 2124; x_wconf 88' lang='lat' dir='ltr'><strong>quam</strong></span> <span class='ocrx_word' id='word_1_370' title='bbox 2187 2052 2256 2106; x_wconf 87' lang='lat' dir='ltr'><strong>ab</strong></span> <span class='ocrx_word' id='word_1_371' title='bbox 2279 2067 2344 2106; x_wconf 93' lang='lat' dir='ltr'><strong>eo</strong></span> <span class='ocrx_word' id='word_1_372' title='bbox 2387 2063 2597 2114; x_wconf 88' lang='lat' dir='ltr'><strong>mense,</strong></span> <span class='ocrx_word' id='word_1_373' title='bbox 2631 2047 2720 2116; x_wconf 91' lang='lat' dir='ltr'><strong>qui</strong></span> <span class='ocrx_word' id='word_1_374' title='bbox 2761 2053 2985 2098; x_wconf 88' lang='lat' dir='ltr'><strong>secutus</strong></span> <span class='ocrx_word' id='word_1_375' title='bbox 3027 2045 3128 2091; x_wconf 82' lang='lat' dir='ltr'><strong>est.</strong></span> <span class='ocrx_word' id='word_1_376' title='bbox 3166 2032 3231 2124; x_wconf 54' lang='lat' dir='ltr'><strong>Et</strong></span> <span class='ocrx_word' id='word_1_377' title='bbox 3263 2037 3575 2124; x_wconf 70' lang='grc' dir='ltr'>(ιιιθιιιιιιίιξη</span> 
     </span>
    </p>
   </div>
   <div class='ocr_carea' id='block_1_50' title="bbox 1993 2112 3578 2213">
    <p class='ocr_par' dir='ltr' id='par_1_50' title="bbox 1993 2112 3578 2213">
     <span class='ocr_line' id='line_1_50' title="bbox 1993 2112 3578 2213; baseline -0.022 -13"><span class='ocrx_word' id='word_1_378' title='bbox 1993 2112 2274 2213; x_wconf 87' lang='lat' dir='ltr'><strong>Scaligero</strong></span> <span class='ocrx_word' id='word_1_379' title='bbox 2303 2140 2674 2196; x_wconf 87' lang='lat' dir='ltr'><strong>concedamus</strong></span> <span class='ocrx_word' id='word_1_380' title='bbox 2699 2134 2882 2189; x_wconf 86' lang='lat' dir='ltr'><strong>omnia</strong></span> <span class='ocrx_word' id='word_1_381' title='bbox 2903 2175 2916 2195; x_wconf 90' lang='lat'><strong>,</strong></span> <span class='ocrx_word' id='word_1_382' title='bbox 2952 2127 3185 2200; x_wconf 88' lang='lat' dir='ltr'><strong>pessime</strong></span> <span class='ocrx_word' id='word_1_383' title='bbox 3219 2121 3267 2175; x_wconf 91' lang='lat' dir='ltr'><strong>is</strong></span> <span class='ocrx_word' id='word_1_384' title='bbox 3303 2112 3578 2213; x_wconf 45' lang='lat' dir='ltr'><strong>tamen-de</strong></span> 
     </span>
    </p>
   </div>
   <div class='ocr_carea' id='block_1_51' title="bbox 1991 2205 3576 2291">
    <p class='ocr_par' dir='ltr' id='par_1_51' title="bbox 1991 2205 3576 2291">
     <span class='ocr_line' id='line_1_51' title="bbox 1991 2205 3576 2291; baseline -0.021 -1"><span class='ocrx_word' id='word_1_385' title='bbox 1991 2205 2222 2291; x_wconf 77' lang='lat' dir='ltr'><strong>Herodis</strong></span> <span class='ocrx_word' id='word_1_386' title='bbox 2247 2234 2408 2288; x_wconf 87' lang='lat' dir='ltr'><strong>annis</strong></span> <span class='ocrx_word' id='word_1_387' title='bbox 2439 2233 2545 2285; x_wconf 89' lang='lat' dir='ltr'><strong>hoc</strong></span> <span class='ocrx_word' id='word_1_388' title='bbox 2581 2229 2743 2283; x_wconf 92' lang='lat' dir='ltr'><strong>modo</strong></span> <span class='ocrx_word' id='word_1_389' title='bbox 2779 2223 3140 2279; x_wconf 88' lang='lat' dir='ltr'><strong>ratiocinatus</strong></span> <span class='ocrx_word' id='word_1_390' title='bbox 3163 2211 3440 2270; x_wconf 84' lang='lat' dir='ltr'><strong>est:Licet</strong></span> <span class='ocrx_word' id='word_1_391' title='bbox 3470 2205 3576 2258; x_wconf 87' lang='lat' dir='ltr'><strong>lle-</strong></span> 
     </span>
    </p>
   </div>
   <div class='ocr_carea' id='block_1_52' title="bbox 1991 2295 3578 2388">
    <p class='ocr_par' dir='ltr' id='par_1_52' title="bbox 1991 2295 3578 2388">
     <span class='ocr_line' id='line_1_52' title="bbox 1991 2295 3578 2388; baseline -0.023 -6"><span class='ocrx_word' id='word_1_392' title='bbox 1991 2331 2141 2382; x_wconf 82' lang='lat' dir='ltr'><strong>rodes</strong></span> <span class='ocrx_word' id='word_1_393' title='bbox 2185 2344 2215 2380; x_wconf 88' lang='lat' dir='ltr'><strong>a</strong></span> <span class='ocrx_word' id='word_1_394' title='bbox 2241 2336 2426 2380; x_wconf 77' lang='lat' dir='ltr'><strong>senatu</strong></span> <span class='ocrx_word' id='word_1_395' title='bbox 2473 2338 2565 2376; x_wconf 77' lang='lat' dir='ltr'><strong>rex</strong></span> <span class='ocrx_word' id='word_1_396' title='bbox 2601 2321 2776 2388; x_wconf 77' lang='lat' dir='ltr'><strong>[actus</strong></span> <span class='ocrx_word' id='word_1_397' title='bbox 2809 2318 2875 2369; x_wconf 86' lang='lat' dir='ltr'><strong>sit</strong></span> <span class='ocrx_word' id='word_1_398' title='bbox 2921 2311 3064 2383; x_wconf 84' lang='lat' dir='ltr'><strong>cyclo</strong></span> <span class='ocrx_word' id='word_1_399' title='bbox 3111 2308 3196 2374; x_wconf 85' lang='lat' dir='ltr'><strong>l9,</strong></span> <span class='ocrx_word' id='word_1_400' title='bbox 3241 2305 3337 2356; x_wconf 89' lang='lat' dir='ltr'><strong>hoc</strong></span> <span class='ocrx_word' id='word_1_401' title='bbox 3371 2309 3445 2353; x_wconf 86' lang='lat' dir='ltr'><strong>est</strong></span> <span class='ocrx_word' id='word_1_402' title='bbox 3477 2295 3578 2348; x_wconf 78' lang='lat' dir='ltr'><strong>Ju-</strong></span> 
     </span>
    </p>
   </div>
   <div class='ocr_carea' id='block_1_53' title="bbox 1991 2396 3579 2487">
    <p class='ocr_par' dir='ltr' id='par_1_53' title="bbox 1991 2396 3579 2487">
     <span class='ocr_line' id='line_1_53' title="bbox 1991 2396 3579 2487; baseline -0.024 -13"><span class='ocrx_word' id='word_1_403' title='bbox 1991 2419 2136 2472; x_wconf 86' lang='lat' dir='ltr'><strong>liano</strong></span> <span class='ocrx_word' id='word_1_404' title='bbox 2166 2417 2222 2484; x_wconf 88' lang='lat'><strong>6,</strong></span> <span class='ocrx_word' id='word_1_405' title='bbox 2257 2414 2462 2487; x_wconf 81' lang='lat' dir='ltr'><strong>periodi</strong></span> <span class='ocrx_word' id='word_1_406' title='bbox 2493 2411 2609 2466; x_wconf 84' lang='lat' dir='ltr'><strong>Jul.</strong></span> <span class='ocrx_word' id='word_1_407' title='bbox 2638 2408 2803 2474; x_wconf 64' lang='lat' dir='ltr'><strong>467d,</strong></span> <span class='ocrx_word' id='word_1_408' title='bbox 2837 2416 3010 2457; x_wconf 88' lang='lat' dir='ltr'><strong>tamen</strong></span> <span class='ocrx_word' id='word_1_409' title='bbox 3040 2396 3324 2465; x_wconf 82' lang='lat' dir='ltr'><strong>Joseplium</strong></span> <span class='ocrx_word' id='word_1_410' title='bbox 3359 2404 3458 2442; x_wconf 83' lang='lat' dir='ltr'><strong>non</strong></span> <span class='ocrx_word' id='word_1_411' title='bbox 3492 2401 3579 2487; x_wconf 75' lang='lat' dir='ltr'><strong>or-</strong></span> 
     </span>
    </p>
   </div>
   <div class='ocr_carea' id='block_1_54' title="bbox 1992 2487 3577 2570">
    <p class='ocr_par' dir='ltr' id='par_1_54' title="bbox 1992 2487 3577 2570">
     <span class='ocr_line' id='line_1_54' title="bbox 1992 2487 3577 2570; baseline -0.02 -4"><span class='ocrx_word' id='word_1_412' title='bbox 1992 2514 2098 2565; x_wconf 89' lang='lat' dir='ltr'><strong>diri</strong></span> <span class='ocrx_word' id='word_1_413' title='bbox 2121 2490 2289 2565; x_wconf 81' lang='lat' dir='ltr'><strong>annos</strong></span> <span class='ocrx_word' id='word_1_414' title='bbox 2324 2506 2575 2570; x_wconf 83' lang='lat' dir='ltr'><strong>Herodis,</strong></span> <span class='ocrx_word' id='word_1_415' title='bbox 2605 2503 2710 2557; x_wconf 88' lang='lat' dir='ltr'><strong>nisi</strong></span> <span class='ocrx_word' id='word_1_416' title='bbox 2745 2518 2776 2553; x_wconf 91' lang='lat' dir='ltr'><strong>a</strong></span> <span class='ocrx_word' id='word_1_417' title='bbox 2818 2497 3019 2557; x_wconf 70' lang='lat' dir='ltr'><strong>Nisan,</strong></span> <span class='ocrx_word' id='word_1_418' title='bbox 3051 2491 3127 2546; x_wconf 82' lang='lat' dir='ltr'><strong>vel</strong></span> <span class='ocrx_word' id='word_1_419' title='bbox 3161 2488 3281 2556; x_wconf 84' lang='lat' dir='ltr'><strong>Ijar</strong></span> <span class='ocrx_word' id='word_1_420' title='bbox 3316 2487 3577 2551; x_wconf 67' lang='lat' dir='ltr'><strong>sequentis</strong></span> 
     </span>
    </p>
   </div>
   <div class='ocr_carea' id='block_1_55' title="bbox 1993 2578 3578 2670">
    <p class='ocr_par' dir='ltr' id='par_1_55' title="bbox 1993 2578 3578 2670">
     <span class='ocr_line' id='line_1_55' title="bbox 1993 2578 3578 2670; baseline -0.024 -14"><span class='ocrx_word' id='word_1_421' title='bbox 1993 2603 2144 2664; x_wconf 87' lang='lat' dir='ltr'><strong>anni,</strong></span> <span class='ocrx_word' id='word_1_422' title='bbox 2177 2598 2324 2670; x_wconf 79' lang='lat' dir='ltr'><strong>cyclo</strong></span> <span class='ocrx_word' id='word_1_423' title='bbox 2355 2614 2395 2653; x_wconf 90' lang='grc' dir='ltr'>ι.</span> <span class='ocrx_word' id='word_1_424' title='bbox 2427 2595 2560 2661; x_wconf 81' lang='lat' dir='ltr'><strong>Cum</strong></span> <span class='ocrx_word' id='word_1_425' title='bbox 2601 2601 2800 2652; x_wconf 90' lang='lat' dir='ltr'><strong>autem,</strong></span> <span class='ocrx_word' id='word_1_426' title='bbox 2833 2578 3060 2654; x_wconf 76' lang='lat' dir='ltr'><strong>Josep/io</strong></span> <span class='ocrx_word' id='word_1_427' title='bbox 3107 2589 3255 2670; x_wconf 83' lang='lat' dir='ltr'><strong>teste,</strong></span> <span class='ocrx_word' id='word_1_428' title='bbox 3295 2588 3457 2627; x_wconf 86' lang='lat' dir='ltr'><strong>annos</strong></span> <span class='ocrx_word' id='word_1_429' title='bbox 3491 2584 3578 2620; x_wconf 90' lang='lat' dir='ltr'><strong>so-</strong></span> 
     </span>
    </p>
   </div>
   <div class='ocr_carea' id='block_1_56' title="bbox 1993 2667 3579 2762">
    <p class='ocr_par' dir='ltr' id='par_1_56' title="bbox 1993 2667 3579 2762">
     <span class='ocr_line' id='line_1_56' title="bbox 1993 2667 3579 2762; baseline -0.023 -17"><span class='ocrx_word' id='word_1_430' title='bbox 1993 2691 2133 2746; x_wconf 77' lang='lat' dir='ltr'><strong>lidos</strong></span> <span class='ocrx_word' id='word_1_431' title='bbox 2200 2667 2387 2743; x_wconf 54' lang='lat' dir='ltr'><strong>nxxvu</strong></span> <span class='ocrx_word' id='word_1_432' title='bbox 2445 2681 2760 2754; x_wconf 86' lang='lat' dir='ltr'><strong>regnaverit,</strong></span> <span class='ocrx_word' id='word_1_433' title='bbox 2818 2693 2883 2730; x_wconf 76' lang='lat' dir='ltr'><strong>ea:</strong></span> <span class='ocrx_word' id='word_1_434' title='bbox 2940 2689 3042 2744; x_wconf 87' lang='lat' dir='ltr'><strong>quo</strong></span> <span class='ocrx_word' id='word_1_435' title='bbox 3097 2667 3579 2762; x_wconf 52' lang='lat' dir='ltr'><strong>declaratusnrex;</strong></span> 
     </span>
    </p>
   </div>
   <div class='ocr_carea' id='block_1_57' title="bbox 1994 2752 3583 2851">
    <p class='ocr_par' dir='ltr' id='par_1_57' title="bbox 1994 2752 3583 2851">
     <span class='ocr_line' id='line_1_57' title="bbox 1994 2752 3583 2851; baseline -0.023 -13"><span class='ocrx_word' id='word_1_436' title='bbox 1994 2800 2154 2838; x_wconf 67' lang='lat' dir='ltr'><strong>xxxiv</strong></span> <span class='ocrx_word' id='word_1_437' title='bbox 2187 2799 2328 2843; x_wconf 87' lang='lat' dir='ltr'><strong>vero,</strong></span> <span class='ocrx_word' id='word_1_438' title='bbox 2373 2793 2565 2848; x_wconf 87' lang='lat' dir='ltr'><strong>eosque</strong></span> <span class='ocrx_word' id='word_1_439' title='bbox 2609 2773 2832 2837; x_wconf 85' lang='lat' dir='ltr'><strong>solidos,</strong></span> <span class='ocrx_word' id='word_1_440' title='bbox 2872 2786 2903 2821; x_wconf 91' lang='lat' dir='ltr'><strong>a</strong></span> <span class='ocrx_word' id='word_1_441' title='bbox 2939 2765 3104 2835; x_wconf 82' lang='lat' dir='ltr'><strong>captis</strong></span> <span class='ocrx_word' id='word_1_442' title='bbox 3141 2779 3173 2814; x_wconf 88' lang='lat' dir='ltr'><strong>a</strong></span> <span class='ocrx_word' id='word_1_443' title='bbox 3201 2757 3352 2851; x_wconf 81' lang='lat' dir='ltr'><strong>Sosio</strong></span> <span class='ocrx_word' id='word_1_444' title='bbox 3399 2752 3583 2851; x_wconf 64' lang='lat' dir='ltr'><strong>&quot;lfl&#39;o-</strong></span> 
     </span>
    </p>
   </div>
   <div class='ocr_carea' id='block_1_58' title="bbox 1994 2840 3582 2945">
    <p class='ocr_par' dir='ltr' id='par_1_58' title="bbox 1994 2840 3582 2945">
     <span class='ocr_line' id='line_1_58' title="bbox 1994 2840 3582 2945; baseline -0.025 -14"><span class='ocrx_word' id='word_1_445' title='bbox 1994 2875 2241 2945; x_wconf 84' lang='lat' dir='ltr'><strong>solgmis;</strong></span> <span class='ocrx_word' id='word_1_446' title='bbox 2281 2869 2561 2924; x_wconf 80' lang='lat' dir='ltr'><strong>decesserit</strong></span> <span class='ocrx_word' id='word_1_447' title='bbox 2595 2880 2710 2920; x_wconf 85' lang='lat' dir='ltr'><strong>vero</strong></span> <span class='ocrx_word' id='word_1_448' title='bbox 2769 2869 2890 2915; x_wconf 85' lang='lat' dir='ltr'><strong>ante</strong></span> <span class='ocrx_word' id='word_1_449' title='bbox 2927 2855 3155 2917; x_wconf 83' lang='lat' dir='ltr'><strong>Pascha,</strong></span> <span class='ocrx_word' id='word_1_450' title='bbox 3194 2848 3424 2945; x_wconf 74' lang='lat' dir='ltr'><strong>nondum</strong></span> <span class='ocrx_word' id='word_1_451' title='bbox 3461 2840 3582 2945; x_wconf 57' lang='lat' dir='ltr'><strong>lgor</strong></span> 
     </span>
    </p>
   </div>
   <div class='ocr_carea' id='block_1_59' title="bbox 1996 2932 3579 3031">
    <p class='ocr_par' dir='ltr' id='par_1_59' title="bbox 1996 2932 3579 3031">
     <span class='ocr_line' id='line_1_59' title="bbox 1996 2932 3579 3031; baseline -0.024 -11"><span class='ocrx_word' id='word_1_452' title='bbox 1996 2932 2247 3025; x_wconf 40' lang='lat' dir='ltr'><strong>inslante&#39;,</strong></span> <span class='ocrx_word' id='word_1_453' title='bbox 2279 2961 2369 3031; x_wconf 86' lang='lat' dir='ltr'><strong>qui</strong></span> <span class='ocrx_word' id='word_1_454' title='bbox 2407 2959 2509 3027; x_wconf 75' lang='lat' dir='ltr'><strong>fuit</strong></span> <span class='ocrx_word' id='word_1_455' title='bbox 2532 2957 2774 3026; x_wconf 81' lang='lat' dir='ltr'><strong>princeps</strong></span> <span class='ocrx_word' id='word_1_456' title='bbox 2797 2949 3054 3004; x_wconf 85' lang='lat' dir='ltr'><strong>mensium</strong></span> <span class='ocrx_word' id='word_1_457' title='bbox 3083 2952 3308 3010; x_wconf 87' lang='lat' dir='ltr'><strong>tempore</strong></span> <span class='ocrx_word' id='word_1_458' title='bbox 3328 2932 3579 3031; x_wconf 39' lang='lat' dir='ltr'><strong>Jp-sepli‘i‘:</strong></span> 
     </span>
    </p>
   </div>
   <div class='ocr_carea' id='block_1_60' title="bbox 2001 3021 3579 3122">
    <p class='ocr_par' dir='ltr' id='par_1_60' title="bbox 2001 3021 3579 3122">
     <span class='ocr_line' id='line_1_60' title="bbox 2001 3021 3579 3122; baseline -0.021 -15"><span class='ocrx_word' id='word_1_459' title='bbox 2001 3021 2302 3122; x_wconf 59' lang='lat' dir='ltr'><strong>manifesto</strong></span> <span class='ocrx_word' id='word_1_460' title='bbox 2330 3048 2622 3117; x_wconf 80' lang='lat' dir='ltr'><strong>colligitur,</strong></span> <span class='ocrx_word' id='word_1_461' title='bbox 2667 3042 2910 3112; x_wconf 71' lang='lat' dir='ltr'><strong>proximo</strong></span> <span class='ocrx_word' id='word_1_462' title='bbox 2959 3035 3077 3106; x_wconf 87' lang='lat' dir='ltr'><strong>Ijar</strong></span> <span class='ocrx_word' id='word_1_463' title='bbox 3115 3045 3310 3086; x_wconf 89' lang='lat' dir='ltr'><strong>annum</strong></span> <span class='ocrx_word' id='word_1_464' title='bbox 3356 3021 3579 3122; x_wconf 61' lang='lat' dir='ltr'><strong>Herodis</strong></span> 
     </span>
    </p>
   </div>
   <div class='ocr_carea' id='block_1_61' title="bbox 314 3115 3582 3232">
    <p class='ocr_par' dir='ltr' id='par_1_61' title="bbox 314 3115 3582 3232">
     <span class='ocr_line' id='line_1_61' title="bbox 314 3115 3582 3232; baseline -0.007 -42"><span class='ocrx_word' id='word_1_465' title='bbox 314 3145 561 3193; x_wconf 86' lang='lat' dir='ltr'><strong>strantur</strong></span> <span class='ocrx_word' id='word_1_466' title='bbox 635 3153 736 3194; x_wconf 85' lang='lat' dir='ltr'><strong>nos</strong></span> <span class='ocrx_word' id='word_1_467' title='bbox 767 3139 1020 3209; x_wconf 86' lang='lat' dir='ltr'><strong>privatim</strong></span> <span class='ocrx_word' id='word_1_468' title='bbox 1051 3155 1114 3194; x_wconf 88' lang='lat' dir='ltr'><strong>ac</strong></span> <span class='ocrx_word' id='word_1_469' title='bbox 1146 3140 1436 3209; x_wconf 87' lang='lat' dir='ltr'><strong>diligenter</strong></span> <span class='ocrx_word' id='word_1_470' title='bbox 1486 3153 1719 3194; x_wconf 79' lang='lat' dir='ltr'><strong>excussa</strong></span> <span class='ocrx_word' id='word_1_471' title='bbox 1755 3141 1886 3195; x_wconf 77' lang='lat' dir='ltr'><strong>deli—</strong></span> <span class='ocrx_word' id='word_1_472' title='bbox 1923 3175 1966 3232; x_wconf 64' lang='grc' dir='ltr'><strong>Ο</strong></span> <span class='ocrx_word' id='word_1_473' title='bbox 2003 3159 2207 3200; x_wconf 72' lang='grc' dir='ltr'>χχχνιιι</span> <span class='ocrx_word' id='word_1_474' title='bbox 2240 3142 2498 3196; x_wconf 83' lang='lat' dir='ltr'><strong>initurum</strong></span> <span class='ocrx_word' id='word_1_475' title='bbox 2534 3137 2716 3206; x_wconf 77' lang='lat' dir='ltr'><strong>fuisse,</strong></span> <span class='ocrx_word' id='word_1_476' title='bbox 2746 3133 2834 3203; x_wconf 85' lang='lat' dir='ltr'><strong>qui</strong></span> <span class='ocrx_word' id='word_1_477' title='bbox 2867 3133 3189 3232; x_wconf 33' lang='lat' dir='ltr'><strong>reverenera&#39;t</strong></span> <span class='ocrx_word' id='word_1_478' title='bbox 3221 3115 3582 3232; x_wconf 47' lang='lat' dir='ltr'><strong>XXXlx..an(.-:lf:</strong></span> 
     </span>
    </p>
   </div>
   <div class='ocr_carea' id='block_1_62' title="bbox 316 3229 1231 3288">
    <p class='ocr_par' dir='ltr' id='par_1_62' title="bbox 316 3229 1231 3288">
     <span class='ocr_line' id='line_1_62' title="bbox 316 3229 1231 3288; baseline 0.004 -6"><span class='ocrx_word' id='word_1_479' title='bbox 316 3229 450 3285; x_wconf 91' lang='lat' dir='ltr'><strong>bare</strong></span> <span class='ocrx_word' id='word_1_480' title='bbox 499 3229 593 3288; x_wconf 88' lang='lat' dir='ltr'><strong>hic</strong></span> <span class='ocrx_word' id='word_1_481' title='bbox 661 3246 887 3288; x_wconf 80' lang='lat' dir='ltr'><strong>necesse</strong></span> <span class='ocrx_word' id='word_1_482' title='bbox 919 3233 1231 3288; x_wconf 88' lang='lat' dir='ltr'><strong>habuimus.</strong></span> 
     </span>
    </p>
   </div>
   <div class='ocr_carea' id='block_1_63' title="bbox 385 3312 1891 3397">
    <p class='ocr_par' dir='ltr' id='par_1_63' title="bbox 385 3312 1891 3397">
     <span class='ocr_line' id='line_1_63' title="bbox 385 3312 1891 3397; baseline 0.006 -27"><span class='ocrx_word' id='word_1_483' title='bbox 385 3312 589 3372; x_wconf 72' lang='lat' dir='ltr'><strong>Verum</strong></span> <span class='ocrx_word' id='word_1_484' title='bbox 618 3322 766 3390; x_wconf 86' lang='lat' dir='ltr'><strong>quod</strong></span> <span class='ocrx_word' id='word_1_485' title='bbox 797 3322 865 3377; x_wconf 91' lang='lat' dir='ltr'><strong>ad</strong></span> <span class='ocrx_word' id='word_1_486' title='bbox 895 3339 1069 3379; x_wconf 89' lang='lat' dir='ltr'><strong>annos</strong></span> <span class='ocrx_word' id='word_1_487' title='bbox 1101 3326 1332 3397; x_wconf 86' lang='lat' dir='ltr'><strong>Philippi</strong></span> <span class='ocrx_word' id='word_1_488' title='bbox 1361 3335 1588 3397; x_wconf 81' lang='lat' dir='ltr'><strong>spectat,</strong></span> <span class='ocrx_word' id='word_1_489' title='bbox 1614 3341 1736 3381; x_wconf 89' lang='lat' dir='ltr'><strong>cum</strong></span> <span class='ocrx_word' id='word_1_490' title='bbox 1771 3342 1891 3382; x_wconf 90' lang='lat' dir='ltr'><strong>cum</strong></span> 
     </span>
    </p>
   </div>
   <div class='ocr_carea' id='block_1_64' title="bbox 316 3409 1898 3485">
    <p class='ocr_par' dir='ltr' id='par_1_64' title="bbox 316 3409 1898 3485">
     <span class='ocr_line' id='line_1_64' title="bbox 316 3409 1898 3485; baseline 0.003 -21"><span class='ocrx_word' id='word_1_491' title='bbox 316 3409 588 3481; x_wconf 69' lang='lat' dir='ltr'><strong>Iosephus</strong></span> <span class='ocrx_word' id='word_1_492' title='bbox 615 3411 920 3470; x_wconf 87' lang='lat' dir='ltr'><strong>decessisse</strong></span> <span class='ocrx_word' id='word_1_493' title='bbox 969 3418 1160 3472; x_wconf 90' lang='lat' dir='ltr'><strong>scribit</strong></span> <span class='ocrx_word' id='word_1_494' title='bbox 1188 3436 1331 3474; x_wconf 89' lang='lat' dir='ltr'><strong>anno</strong></span> <span class='ocrx_word' id='word_1_495' title='bbox 1367 3419 1570 3475; x_wconf 89' lang='lat' dir='ltr'><strong>Tiberii</strong></span> <span class='ocrx_word' id='word_1_496' title='bbox 1606 3435 1673 3473; x_wconf 79' lang='lat' dir='ltr'><strong>xx</strong></span> <span class='ocrx_word' id='word_1_497' title='bbox 1695 3461 1708 3485; x_wconf 96' lang='lat'><strong>,</strong></span> <span class='ocrx_word' id='word_1_498' title='bbox 1745 3434 1898 3471; x_wconf 83' lang='lat' dir='ltr'><strong>men-</strong></span> 
     </span>
    </p>
   </div>
   <div class='ocr_carea' id='block_1_65' title="bbox 315 3503 1899 3580">
    <p class='ocr_par' dir='ltr' id='par_1_65' title="bbox 315 3503 1899 3580">
     <span class='ocr_line' id='line_1_65' title="bbox 315 3503 1899 3580; baseline 0.004 -25"><span class='ocrx_word' id='word_1_499' title='bbox 315 3503 448 3555; x_wconf 88' lang='lat' dir='ltr'><strong>dum</strong></span> <span class='ocrx_word' id='word_1_500' title='bbox 479 3517 600 3558; x_wconf 92' lang='lat' dir='ltr'><strong>esse</strong></span> <span class='ocrx_word' id='word_1_501' title='bbox 628 3504 861 3558; x_wconf 87' lang='lat' dir='ltr'><strong>videtur.</strong></span> <span class='ocrx_word' id='word_1_502' title='bbox 885 3504 1020 3560; x_wconf 90' lang='lat' dir='ltr'><strong>Nam</strong></span> <span class='ocrx_word' id='word_1_503' title='bbox 1070 3519 1320 3564; x_wconf 86' lang='lat' dir='ltr'><strong>mortuus</strong></span> <span class='ocrx_word' id='word_1_504' title='bbox 1357 3524 1439 3565; x_wconf 90' lang='lat' dir='ltr'><strong>est</strong></span> <span class='ocrx_word' id='word_1_505' title='bbox 1470 3511 1749 3580; x_wconf 90' lang='lat' dir='ltr'><strong>Philippus</strong></span> <span class='ocrx_word' id='word_1_506' title='bbox 1780 3519 1899 3578; x_wconf 87' lang='lat' dir='ltr'><strong>post</strong></span> 
     </span>
    </p>
   </div>
   <div class='ocr_carea' id='block_1_66' title="bbox 317 3594 1895 3673">
    <p class='ocr_par' dir='ltr' id='par_1_66' title="bbox 317 3594 1895 3673">
     <span class='ocr_line' id='line_1_66' title="bbox 317 3594 1895 3673; baseline 0.003 -25"><span class='ocrx_word' id='word_1_507' title='bbox 317 3594 664 3648; x_wconf 90' lang='lat' dir='ltr'><strong>consulatum</strong></span> <span class='ocrx_word' id='word_1_508' title='bbox 693 3595 916 3662; x_wconf 80' lang='lat' dir='ltr'><strong>Vitellii,</strong></span> <span class='ocrx_word' id='word_1_509' title='bbox 971 3599 1064 3668; x_wconf 90' lang='lat' dir='ltr'><strong>qui</strong></span> <span class='ocrx_word' id='word_1_510' title='bbox 1125 3603 1427 3656; x_wconf 89' lang='lat' dir='ltr'><strong>secundum</strong></span> <span class='ocrx_word' id='word_1_511' title='bbox 1478 3605 1623 3658; x_wconf 90' lang='lat' dir='ltr'><strong>hunc</strong></span> <span class='ocrx_word' id='word_1_512' title='bbox 1684 3602 1895 3673; x_wconf 90' lang='lat' dir='ltr'><strong>Syriam</strong></span> 
     </span>
    </p>
   </div>
   <div class='ocr_carea' id='block_1_67' title="bbox 317 3684 1897 3762">
    <p class='ocr_par' dir='ltr' id='par_1_67' title="bbox 317 3684 1897 3762">
     <span class='ocr_line' id='line_1_67' title="bbox 317 3684 1897 3762; baseline 0.007 -24"><span class='ocrx_word' id='word_1_513' title='bbox 317 3684 760 3752; x_wconf 78' lang='lat' dir='ltr'><strong>administravit,</strong></span> <span class='ocrx_word' id='word_1_514' title='bbox 811 3699 868 3743; x_wconf 85' lang='lat' dir='ltr'><strong>ut</strong></span> <span class='ocrx_word' id='word_1_515' title='bbox 909 3701 1100 3744; x_wconf 87' lang='lat' dir='ltr'><strong>auctor</strong></span> <span class='ocrx_word' id='word_1_516' title='bbox 1149 3703 1232 3747; x_wconf 89' lang='lat' dir='ltr'><strong>cst</strong></span> <span class='ocrx_word' id='word_1_517' title='bbox 1261 3692 1552 3762; x_wconf 84' lang='lat' dir='ltr'><strong>Josephus.</strong></span> <span class='ocrx_word' id='word_1_518' title='bbox 1602 3697 1671 3748; x_wconf 83' lang='lat' dir='ltr'><strong>At</strong></span> <span class='ocrx_word' id='word_1_519' title='bbox 1703 3693 1897 3748; x_wconf 85' lang='lat' dir='ltr'><strong>Vitellii</strong></span> 
     </span>
    </p>
   </div>
   <div class='ocr_carea' id='block_1_68' title="bbox 318 3775 1898 3850">
    <p class='ocr_par' dir='ltr' id='par_1_68' title="bbox 318 3775 1898 3850">
     <span class='ocr_line' id='line_1_68' title="bbox 318 3775 1898 3850; baseline 0.003 -22"><span class='ocrx_word' id='word_1_520' title='bbox 318 3775 660 3842; x_wconf 84' lang='lat' dir='ltr'><strong>consulatus,</strong></span> <span class='ocrx_word' id='word_1_521' title='bbox 691 3793 851 3846; x_wconf 89' lang='lat' dir='ltr'><strong>quem</strong></span> <span class='ocrx_word' id='word_1_522' title='bbox 881 3793 1002 3832; x_wconf 89' lang='lat' dir='ltr'><strong>cum</strong></span> <span class='ocrx_word' id='word_1_523' title='bbox 1034 3777 1202 3834; x_wconf 86' lang='lat' dir='ltr'><strong>Fabio</strong></span> <span class='ocrx_word' id='word_1_524' title='bbox 1227 3780 1445 3836; x_wconf 92' lang='lat' dir='ltr'><strong>Persico</strong></span> <span class='ocrx_word' id='word_1_525' title='bbox 1468 3779 1666 3850; x_wconf 83' lang='lat' dir='ltr'><strong>gessit,</strong></span> <span class='ocrx_word' id='word_1_526' title='bbox 1697 3794 1898 3834; x_wconf 85' lang='lat' dir='ltr'><strong>conve-</strong></span> 
     </span>
    </p>
   </div>
   <div class='ocr_carea' id='block_1_69' title="bbox 320 3865 1898 3943">
    <p class='ocr_par' dir='ltr' id='par_1_69' title="bbox 320 3865 1898 3943">
     <span class='ocr_line' id='line_1_69' title="bbox 320 3865 1898 3943; baseline 0.004 -25"><span class='ocrx_word' id='word_1_527' title='bbox 320 3865 403 3919; x_wconf 86' lang='lat' dir='ltr'><strong>nit</strong></span> <span class='ocrx_word' id='word_1_528' title='bbox 431 3882 572 3924; x_wconf 87' lang='lat' dir='ltr'><strong>anno</strong></span> <span class='ocrx_word' id='word_1_529' title='bbox 599 3867 760 3924; x_wconf 87' lang='lat' dir='ltr'><strong>Urbis</strong></span> <span class='ocrx_word' id='word_1_530' title='bbox 786 3871 911 3937; x_wconf 88' lang='lat'><strong>787,</strong></span> <span class='ocrx_word' id='word_1_531' title='bbox 939 3871 1154 3927; x_wconf 84' lang='lat' dir='ltr'><strong>Juliano</strong></span> <span class='ocrx_word' id='word_1_532' title='bbox 1192 3872 1287 3937; x_wconf 86' lang='lat'><strong>79,</strong></span> <span class='ocrx_word' id='word_1_533' title='bbox 1344 3889 1453 3943; x_wconf 87' lang='lat' dir='ltr'><strong>quo</strong></span> <span class='ocrx_word' id='word_1_534' title='bbox 1504 3872 1668 3926; x_wconf 89' lang='lat' dir='ltr'><strong>desiit</strong></span> <span class='ocrx_word' id='word_1_535' title='bbox 1697 3871 1898 3927; x_wconf 89' lang='lat' dir='ltr'><strong>Tiberii</strong></span> 
     </span>
    </p>
   </div>
   <div class='ocr_carea' id='block_1_70' title="bbox 321 3963 1900 4034">
    <p class='ocr_par' dir='ltr' id='par_1_70' title="bbox 321 3963 1900 4034">
     <span class='ocr_line' id='line_1_70' title="bbox 321 3963 1900 4034; baseline 0.006 -23"><span class='ocrx_word' id='word_1_536' title='bbox 321 3975 415 4022; x_wconf 79' lang='lat' dir='ltr'><strong>xx,</strong></span> <span class='ocrx_word' id='word_1_537' title='bbox 439 3969 493 4013; x_wconf 90' lang='lat' dir='ltr'><strong>et</strong></span> <span class='ocrx_word' id='word_1_538' title='bbox 522 3977 613 4014; x_wconf 74' lang='lat' dir='ltr'><strong>xxi</strong></span> <span class='ocrx_word' id='word_1_539' title='bbox 639 3963 820 4032; x_wconf 73' lang='lat' dir='ltr'><strong>coepit.</strong></span> <span class='ocrx_word' id='word_1_540' title='bbox 858 3964 982 4020; x_wconf 92' lang='lat' dir='ltr'><strong>ldeo</strong></span> <span class='ocrx_word' id='word_1_541' title='bbox 999 3981 1104 4018; x_wconf 88' lang='lat' dir='ltr'><strong>non</strong></span> <span class='ocrx_word' id='word_1_542' title='bbox 1132 3976 1257 4020; x_wconf 87' lang='lat' dir='ltr'><strong>ante</strong></span> <span class='ocrx_word' id='word_1_543' title='bbox 1284 3975 1602 4034; x_wconf 87' lang='lat' dir='ltr'><strong>sequentem</strong></span> <span class='ocrx_word' id='word_1_544' title='bbox 1621 3965 1900 4034; x_wconf 87' lang='lat' dir='ltr'><strong>Philippus</strong></span> 
     </span>
    </p>
   </div>
   <div class='ocr_carea' id='block_1_71' title="bbox 319 4050 1897 4127">
    <p class='ocr_par' dir='ltr' id='par_1_71' title="bbox 319 4050 1897 4127">
     <span class='ocr_line' id='line_1_71' title="bbox 319 4050 1897 4127; baseline 0.004 -24"><span class='ocrx_word' id='word_1_545' title='bbox 319 4050 479 4104; x_wconf 84' lang='lat' dir='ltr'><strong>obiit.</strong></span> <span class='ocrx_word' id='word_1_546' title='bbox 508 4052 751 4124; x_wconf 75' lang='lat' dir='ltr'><strong>Scaliger</strong></span> <span class='ocrx_word' id='word_1_547' title='bbox 785 4055 877 4108; x_wconf 91' lang='lat' dir='ltr'><strong>lib.</strong></span> <span class='ocrx_word' id='word_1_548' title='bbox 907 4071 956 4120; x_wconf 91' lang='lat' dir='ltr'><strong>v,</strong></span> <span class='ocrx_word' id='word_1_549' title='bbox 989 4072 1109 4125; x_wconf 84' lang='lat' dir='ltr'><strong>pag.</strong></span> <span class='ocrx_word' id='word_1_550' title='bbox 1146 4056 1271 4111; x_wconf 70' lang='grc'><strong>455,</strong></span> <span class='ocrx_word' id='word_1_551' title='bbox 1285 4055 1355 4110; x_wconf 89' lang='lat' dir='ltr'><strong>De</strong></span> <span class='ocrx_word' id='word_1_552' title='bbox 1383 4057 1646 4110; x_wconf 84' lang='lat' dir='ltr'><strong>emendat.</strong></span> <span class='ocrx_word' id='word_1_553' title='bbox 1669 4099 1682 4122; x_wconf 97' lang='lat'><strong>,</strong></span> <span class='ocrx_word' id='word_1_554' title='bbox 1716 4057 1897 4127; x_wconf 62' lang='lat' dir='ltr'><strong>legen-</strong></span> 
     </span>
    </p>
   </div>
   <div class='ocr_carea' id='block_1_72' title="bbox 322 4145 1898 4225">
    <p class='ocr_par' dir='ltr' id='par_1_72' title="bbox 322 4145 1898 4225">
     <span class='ocr_line' id='line_1_72' title="bbox 322 4145 1898 4225; baseline 0.003 -27"><span class='ocrx_word' id='word_1_555' title='bbox 322 4147 452 4198; x_wconf 85' lang='lat' dir='ltr'><strong>dum</strong></span> <span class='ocrx_word' id='word_1_556' title='bbox 483 4145 601 4200; x_wconf 90' lang='lat' dir='ltr'><strong>sine</strong></span> <span class='ocrx_word' id='word_1_557' title='bbox 633 4147 742 4202; x_wconf 85' lang='lat' dir='ltr'><strong>ullo</strong></span> <span class='ocrx_word' id='word_1_558' title='bbox 765 4147 929 4202; x_wconf 88' lang='lat' dir='ltr'><strong>dubio</strong></span> <span class='ocrx_word' id='word_1_559' title='bbox 955 4158 1139 4225; x_wconf 66' lang='lat' dir='ltr'><strong>cgnset</strong></span> <span class='ocrx_word' id='word_1_560' title='bbox 1168 4147 1404 4218; x_wconf 76' lang='grc' dir='ltr'><strong>εἰκοστῷ</strong></span> <span class='ocrx_word' id='word_1_561' title='bbox 1435 4149 1528 4201; x_wconf 76' lang='grc' dir='ltr'>καὶ</span> <span class='ocrx_word' id='word_1_562' title='bbox 1557 4149 1816 4219; x_wconf 80' lang='grc' dir='ltr'><strong>δευτέρῳ,</strong></span> <span class='ocrx_word' id='word_1_563' title='bbox 1846 4159 1898 4202; x_wconf 81' lang='grc' dir='ltr'><strong>ιιι</strong></span> 
     </span>
    </p>
   </div>
   <div class='ocr_carea' id='block_1_73' title="bbox 320 4235 1902 4304">
    <p class='ocr_par' dir='ltr' id='par_1_73' title="bbox 320 4235 1902 4304">
     <span class='ocr_line' id='line_1_73' title="bbox 320 4235 1902 4304; baseline 0.003 -14"><span class='ocrx_word' id='word_1_564' title='bbox 320 4243 410 4290; x_wconf 83' lang='lat' dir='ltr'><strong>est</strong></span> <span class='ocrx_word' id='word_1_565' title='bbox 441 4235 583 4304; x_wconf 87' lang='lat' dir='ltr'><strong>apud</strong></span> <span class='ocrx_word' id='word_1_566' title='bbox 626 4235 904 4292; x_wconf 83' lang='lat' dir='ltr'><strong>Ruﬁnum.</strong></span> <span class='ocrx_word' id='word_1_567' title='bbox 949 4237 1222 4293; x_wconf 86' lang='lat' dir='ltr'><strong>Vitellium</strong></span> <span class='ocrx_word' id='word_1_568' title='bbox 1258 4241 1400 4293; x_wconf 90' lang='lat' dir='ltr'><strong>enim</strong></span> <span class='ocrx_word' id='word_1_569' title='bbox 1426 4242 1704 4294; x_wconf 78' lang='lat' dir='ltr'><strong>conSulem</strong></span> <span class='ocrx_word' id='word_1_570' title='bbox 1736 4239 1902 4295; x_wconf 81' lang='lat' dir='ltr'><strong>fuisse</strong></span> 
     </span>
    </p>
   </div>
   <div class='ocr_carea' id='block_1_74' title="bbox 322 4326 1903 4398">
    <p class='ocr_par' dir='ltr' id='par_1_74' title="bbox 322 4326 1903 4398">
     <span class='ocr_line' id='line_1_74' title="bbox 322 4326 1903 4398; baseline 0.003 -19"><span class='ocrx_word' id='word_1_571' title='bbox 322 4342 472 4380; x_wconf 85' lang='lat' dir='ltr'><strong>anno</strong></span> <span class='ocrx_word' id='word_1_572' title='bbox 501 4326 703 4382; x_wconf 88' lang='lat' dir='ltr'><strong>Tiberii</strong></span> <span class='ocrx_word' id='word_1_573' title='bbox 741 4346 830 4395; x_wconf 72' lang='lat' dir='ltr'><strong>xx,</strong></span> <span class='ocrx_word' id='word_1_574' title='bbox 863 4328 1080 4386; x_wconf 88' lang='lat' dir='ltr'><strong>Juliano</strong></span> <span class='ocrx_word' id='word_1_575' title='bbox 1109 4332 1210 4398; x_wconf 86' lang='lat'><strong>80;</strong></span> <span class='ocrx_word' id='word_1_576' title='bbox 1255 4333 1484 4386; x_wconf 92' lang='lat' dir='ltr'><strong>missum</strong></span> <span class='ocrx_word' id='word_1_577' title='bbox 1532 4346 1662 4386; x_wconf 87' lang='lat' dir='ltr'><strong>vero</strong></span> <span class='ocrx_word' id='word_1_578' title='bbox 1713 4331 1766 4385; x_wconf 93' lang='lat' dir='ltr'><strong>in</strong></span> <span class='ocrx_word' id='word_1_579' title='bbox 1802 4330 1903 4384; x_wconf 87' lang='lat' dir='ltr'><strong>Pa-</strong></span> 
     </span>
    </p>
   </div>
   <div class='ocr_carea' id='block_1_75' title="bbox 324 4417 1902 4492">
    <p class='ocr_par' dir='ltr' id='par_1_75' title="bbox 324 4417 1902 4492">
     <span class='ocr_line' id='line_1_75' title="bbox 324 4417 1902 4492; baseline 0.001 -21"><span class='ocrx_word' id='word_1_580' title='bbox 324 4417 590 4473; x_wconf 69' lang='lat' dir='ltr'><strong>laestinam</strong></span> <span class='ocrx_word' id='word_1_581' title='bbox 616 4429 738 4489; x_wconf 88' lang='lat' dir='ltr'><strong>post</strong></span> <span class='ocrx_word' id='word_1_582' title='bbox 777 4422 1156 4486; x_wconf 87' lang='lat' dir='ltr'><strong>consulatum;</strong></span> <span class='ocrx_word' id='word_1_583' title='bbox 1191 4439 1300 4491; x_wconf 86' lang='lat' dir='ltr'><strong>quo</strong></span> <span class='ocrx_word' id='word_1_584' title='bbox 1341 4433 1582 4492; x_wconf 90' lang='lat' dir='ltr'><strong>tempore</strong></span> <span class='ocrx_word' id='word_1_585' title='bbox 1621 4420 1902 4489; x_wconf 87' lang='lat' dir='ltr'><strong>Philippus</strong></span> 
     </span>
    </p>
   </div>
   <div class='ocr_carea' id='block_1_76' title="bbox 1998 3208 3581 3298">
    <p class='ocr_par' dir='ltr' id='par_1_76' title="bbox 1998 3208 3581 3298">
     <span class='ocr_line' id='line_1_76' title="bbox 1998 3208 3581 3298; baseline -0.025 -7"><span class='ocrx_word' id='word_1_586' title='bbox 1998 3238 2092 3290; x_wconf 87' lang='lat' dir='ltr'><strong>bus</strong></span> <span class='ocrx_word' id='word_1_587' title='bbox 2119 3234 2335 3289; x_wconf 74' lang='lat' dir='ltr'><strong>wstiris.</strong></span> <span class='ocrx_word' id='word_1_588' title='bbox 2364 3230 2552 3298; x_wconf 82' lang='lat' dir='ltr'><strong>Itaque</strong></span> <span class='ocrx_word' id='word_1_589' title='bbox 2571 3227 2667 3280; x_wconf 84' lang='lat' dir='ltr'><strong>hoc</strong></span> <span class='ocrx_word' id='word_1_590' title='bbox 2693 3224 2846 3276; x_wconf 90' lang='lat' dir='ltr'><strong>modo</strong></span> <span class='ocrx_word' id='word_1_591' title='bbox 2877 3219 3112 3272; x_wconf 83' lang='lat' dir='ltr'><strong>Herodes</strong></span> <span class='ocrx_word' id='word_1_592' title='bbox 3138 3208 3415 3298; x_wconf 82' lang='lat' dir='ltr'><strong>decesserit</strong></span> <span class='ocrx_word' id='word_1_593' title='bbox 3440 3218 3581 3298; x_wconf 80' lang='lat' dir='ltr'><strong>anno</strong></span> 
     </span>
    </p>
   </div>
   <div class='ocr_carea' id='block_1_77' title="bbox 1998 3295 3578 3407">
    <p class='ocr_par' dir='ltr' id='par_1_77' title="bbox 1998 3295 3578 3407">
     <span class='ocr_line' id='line_1_77' title="bbox 1998 3295 3578 3407; baseline -0.025 -24"><span class='ocrx_word' id='word_1_594' title='bbox 1998 3327 2132 3400; x_wconf 65' lang='grc' dir='ltr'><strong>ευσιὶ</strong></span> <span class='ocrx_word' id='word_1_595' title='bbox 2178 3341 2269 3380; x_wconf 76' lang='grc' dir='ltr'><strong>χιχ</strong></span> <span class='ocrx_word' id='word_1_596' title='bbox 2305 3295 2516 3384; x_wconf 69' lang='lat' dir='ltr'><strong>exacto,</strong></span> <span class='ocrx_word' id='word_1_597' title='bbox 2565 3318 2736 3387; x_wconf 87' lang='lat' dir='ltr'><strong>primo</strong></span> <span class='ocrx_word' id='word_1_598' title='bbox 2773 3315 3008 3368; x_wconf 84' lang='lat' dir='ltr'><strong>ineunte.</strong></span> <span class='ocrx_word' id='word_1_599' title='bbox 3053 3302 3290 3407; x_wconf 55' lang='lat' dir='ltr'><strong>Subjici&#39;t</strong></span> <span class='ocrx_word' id='word_1_600' title='bbox 3332 3295 3578 3407; x_wconf 60' lang='lat' dir='ltr'><strong>deinde”:</strong></span> 
     </span>
    </p>
   </div>
   <div class='ocr_carea' id='block_1_78' title="bbox 2003 3383 3582 3493">
    <p class='ocr_par' dir='ltr' id='par_1_78' title="bbox 2003 3383 3582 3493">
     <span class='ocr_line' id='line_1_78' title="bbox 2003 3383 3582 3493; baseline -0.023 -19"><span class='ocrx_word' id='word_1_601' title='bbox 2003 3383 2229 3475; x_wconf 69' lang='grc' dir='ltr'>ὁιιιιιειιο</span> <span class='ocrx_word' id='word_1_602' title='bbox 2276 3417 2442 3486; x_wconf 86' lang='lat' dir='ltr'><strong>igitur</strong></span> <span class='ocrx_word' id='word_1_603' title='bbox 2502 3410 2738 3466; x_wconf 86' lang='lat' dir='ltr'><strong>Herodes</strong></span> <span class='ocrx_word' id='word_1_604' title='bbox 2785 3404 3005 3460; x_wconf 84' lang='lat' dir='ltr'><strong>decessit</strong></span> <span class='ocrx_word' id='word_1_605' title='bbox 3063 3414 3201 3453; x_wconf 90' lang='lat' dir='ltr'><strong>anno</strong></span> <span class='ocrx_word' id='word_1_606' title='bbox 3247 3392 3471 3493; x_wconf 71' lang='lat' dir='ltr'><strong>Iuliano</strong></span> <span class='ocrx_word' id='word_1_607' title='bbox 3512 3383 3582 3439; x_wconf 67' lang='grc'><strong>45</strong></span> 
     </span>
    </p>
   </div>
   <div class='ocr_carea' id='block_1_79' title="bbox 1999 3483 3581 3574">
    <p class='ocr_par' dir='ltr' id='par_1_79' title="bbox 1999 3483 3581 3574">
     <span class='ocr_line' id='line_1_79' title="bbox 1999 3483 3581 3574; baseline -0.024 -9"><span class='ocrx_word' id='word_1_608' title='bbox 1999 3521 2120 3565; x_wconf 83' lang='lat' dir='ltr'><strong>ante</strong></span> <span class='ocrx_word' id='word_1_609' title='bbox 2168 3483 2364 3568; x_wconf 75' lang='lat' dir='ltr'><strong>Nisan,</strong></span> <span class='ocrx_word' id='word_1_610' title='bbox 2403 3503 2547 3574; x_wconf 87' lang='lat' dir='ltr'><strong>cyclo</strong></span> <span class='ocrx_word' id='word_1_611' title='bbox 2590 3501 2731 3554; x_wconf 76' lang='lat' dir='ltr'><strong>luna:</strong></span> <span class='ocrx_word' id='word_1_612' title='bbox 2767 3497 2938 3566; x_wconf 85' lang='lat' dir='ltr'><strong>primo</strong></span> <span class='ocrx_word' id='word_1_613' title='bbox 2980 3495 3214 3552; x_wconf 87' lang='lat' dir='ltr'><strong>ineunte,</strong></span> <span class='ocrx_word' id='word_1_614' title='bbox 3251 3483 3384 3574; x_wconf 82' lang='lat' dir='ltr'><strong>solis</strong></span> <span class='ocrx_word' id='word_1_615' title='bbox 3421 3490 3581 3574; x_wconf 80' lang='lat' dir='ltr'><strong>nono,</strong></span> 
     </span>
    </p>
   </div>
   <div class='ocr_carea' id='block_1_80' title="bbox 1998 3569 3584 3671">
    <p class='ocr_par' dir='ltr' id='par_1_80' title="bbox 1998 3569 3584 3671">
     <span class='ocr_line' id='line_1_80' title="bbox 1998 3569 3584 3671; baseline -0.024 -15"><span class='ocrx_word' id='word_1_616' title='bbox 1998 3601 2200 3671; x_wconf 79' lang='lat' dir='ltr'><strong>periodi</strong></span> <span class='ocrx_word' id='word_1_617' title='bbox 2221 3569 2456 3652; x_wconf 66' lang='lat' dir='ltr'><strong>Julianiie</strong></span> <span class='ocrx_word' id='word_1_618' title='bbox 2487 3593 2649 3649; x_wconf 69' lang='grc'><strong>4715.</strong></span> <span class='ocrx_word' id='word_1_619' title='bbox 2690 3591 2805 3652; x_wconf 82' lang='lat' dir='ltr'><strong>Quo</strong></span> <span class='ocrx_word' id='word_1_620' title='bbox 2837 3589 2999 3640; x_wconf 82' lang='lat' dir='ltr'><strong>etiam</strong></span> <span class='ocrx_word' id='word_1_621' title='bbox 3032 3597 3168 3636; x_wconf 89' lang='lat' dir='ltr'><strong>anno</strong></span> <span class='ocrx_word' id='word_1_622' title='bbox 3205 3573 3412 3644; x_wconf 85' lang='lat' dir='ltr'><strong>eclipsis</strong></span> <span class='ocrx_word' id='word_1_623' title='bbox 3445 3569 3584 3669; x_wconf 68' lang='lat' dir='ltr'><strong>luant:</strong></span> 
     </span>
    </p>
   </div>
   <div class='ocr_carea' id='block_1_81' title="bbox 2001 3664 3580 3759">
    <p class='ocr_par' dir='ltr' id='par_1_81' title="bbox 2001 3664 3580 3759">
     <span class='ocr_line' id='line_1_81' title="bbox 2001 3664 3580 3759; baseline -0.017 -15"><span class='ocrx_word' id='word_1_624' title='bbox 2001 3664 2215 3759; x_wconf 73' lang='lat' dir='ltr'><strong>contigit</strong></span> <span class='ocrx_word' id='word_1_625' title='bbox 2247 3685 2498 3742; x_wconf 84' lang='lat' dir='ltr'><strong>Januarii</strong></span> <span class='ocrx_word' id='word_1_626' title='bbox 2528 3698 2622 3736; x_wconf 85' lang='lat' dir='ltr'><strong>vm</strong></span> <span class='ocrx_word' id='word_1_627' title='bbox 2659 3682 2712 3732; x_wconf 83' lang='lat' dir='ltr'><strong>in</strong></span> <span class='ocrx_word' id='word_1_628' title='bbox 2742 3676 2887 3747; x_wconf 80' lang='lat' dir='ltr'><strong>cyclo</strong></span> <span class='ocrx_word' id='word_1_629' title='bbox 2917 3673 3214 3732; x_wconf 84' lang='lat' dir='ltr'><strong>emendato,</strong></span> <span class='ocrx_word' id='word_1_630' title='bbox 3248 3664 3495 3717; x_wconf 74' lang='lat' dir='ltr'><strong>Januarii</strong></span> <span class='ocrx_word' id='word_1_631' title='bbox 3527 3670 3580 3708; x_wconf 75' lang='lat' dir='ltr'><strong>Vl</strong></span> 
     </span>
    </p>
   </div>
   <div class='ocr_carea' id='block_1_82' title="bbox 2002 3757 3584 3852">
    <p class='ocr_par' dir='ltr' id='par_1_82' title="bbox 2002 3757 3584 3852">
     <span class='ocr_line' id='line_1_82' title="bbox 2002 3757 3584 3852; baseline -0.024 -15"><span class='ocrx_word' id='word_1_632' title='bbox 2002 3787 2057 3837; x_wconf 91' lang='lat' dir='ltr'><strong>in</strong></span> <span class='ocrx_word' id='word_1_633' title='bbox 2086 3757 2230 3852; x_wconf 74' lang='lat' dir='ltr'><strong>cyclo</strong></span> <span class='ocrx_word' id='word_1_634' title='bbox 2263 3779 2469 3833; x_wconf 83' lang='lat' dir='ltr'><strong>vitioso.</strong></span> <span class='ocrx_word' id='word_1_635' title='bbox 2493 3772 2609 3828; x_wconf 89' lang='lat' dir='ltr'><strong>.Sed</strong></span> <span class='ocrx_word' id='word_1_636' title='bbox 2639 3772 2859 3840; x_wconf 85' lang='lat' dir='ltr'><strong>eclipsis</strong></span> <span class='ocrx_word' id='word_1_637' title='bbox 2904 3769 3007 3822; x_wconf 85' lang='lat' dir='ltr'><strong>ista</strong></span> <span class='ocrx_word' id='word_1_638' title='bbox 3039 3757 3284 3852; x_wconf 80' lang='lat' dir='ltr'><strong>Januarii</strong></span> <span class='ocrx_word' id='word_1_639' title='bbox 3321 3770 3353 3852; x_wconf 53' lang='grc' dir='ltr'>ξ</span> <span class='ocrx_word' id='word_1_640' title='bbox 3385 3761 3584 3852; x_wconf 50' lang='lat' dir='ltr'><strong>coiivc:</strong></span> 
     </span>
    </p>
   </div>
   <div class='ocr_carea' id='block_1_83' title="bbox 2007 3841 3585 3946">
    <p class='ocr_par' dir='ltr' id='par_1_83' title="bbox 2007 3841 3585 3946">
     <span class='ocr_line' id='line_1_83' title="bbox 2007 3841 3585 3946; baseline -0.025 -17"><span class='ocrx_word' id='word_1_641' title='bbox 2007 3875 2087 3929; x_wconf 91' lang='lat' dir='ltr'><strong>nit</strong></span> <span class='ocrx_word' id='word_1_642' title='bbox 2115 3841 2189 3928; x_wconf 52' lang='lat' dir='ltr'><strong>vin</strong></span> <span class='ocrx_word' id='word_1_643' title='bbox 2226 3871 2382 3942; x_wconf 91' lang='lat' dir='ltr'><strong>cyclo</strong></span> <span class='ocrx_word' id='word_1_644' title='bbox 2416 3867 2728 3923; x_wconf 84' lang='lat' dir='ltr'><strong>emendato.</strong></span> <span class='ocrx_word' id='word_1_645' title='bbox 2765 3864 2962 3916; x_wconf 78' lang='lat' dir='ltr'><strong>Verum</strong></span> <span class='ocrx_word' id='word_1_646' title='bbox 3008 3865 3121 3909; x_wconf 90' lang='lat' dir='ltr'><strong>tota</strong></span> <span class='ocrx_word' id='word_1_647' title='bbox 3166 3841 3585 3946; x_wconf 41' lang='lat' dir='ltr'><strong>haec-Scaligeri</strong></span> 
     </span>
    </p>
   </div>
   <div class='ocr_carea' id='block_1_84' title="bbox 2005 3941 3582 4036">
    <p class='ocr_par' dir='ltr' id='par_1_84' title="bbox 2005 3941 3582 4036">
     <span class='ocr_line' id='line_1_84' title="bbox 2005 3941 3582 4036; baseline -0.025 -16"><span class='ocrx_word' id='word_1_648' title='bbox 2005 3941 2556 4030; x_wconf 82' lang='lat' dir='ltr'><strong>eollectioimplicata</strong></span> <span class='ocrx_word' id='word_1_649' title='bbox 2591 3973 2657 4011; x_wconf 90' lang='lat' dir='ltr'><strong>ac</strong></span> <span class='ocrx_word' id='word_1_650' title='bbox 2688 3952 2980 4008; x_wconf 81' lang='lat' dir='ltr'><strong>falsissima</strong></span> <span class='ocrx_word' id='word_1_651' title='bbox 3003 3954 3108 4001; x_wconf 87' lang='lat' dir='ltr'><strong>est.</strong></span> <span class='ocrx_word' id='word_1_652' title='bbox 3159 3941 3365 4036; x_wconf 67' lang='lat' dir='ltr'><strong>Etenim</strong></span> <span class='ocrx_word' id='word_1_653' title='bbox 3393 3943 3582 4036; x_wconf 45' lang='lat' dir='ltr'><strong>qua-iu—</strong></span> 
     </span>
    </p>
   </div>
   <div class='ocr_carea' id='block_1_85' title="bbox 2007 4027 3587 4126">
    <p class='ocr_par' dir='ltr' id='par_1_85' title="bbox 2007 4027 3587 4126">
     <span class='ocr_line' id='line_1_85' title="bbox 2007 4027 3587 4126; baseline -0.017 -17"><span class='ocrx_word' id='word_1_654' title='bbox 2007 4056 2087 4111; x_wconf 93' lang='lat' dir='ltr'><strong>vis</strong></span> <span class='ocrx_word' id='word_1_655' title='bbox 2118 4055 2309 4110; x_wconf 90' lang='lat' dir='ltr'><strong>demus</strong></span> <span class='ocrx_word' id='word_1_656' title='bbox 2331 4027 2484 4117; x_wconf 81' lang='lat' dir='ltr'><strong>illud,</strong></span> <span class='ocrx_word' id='word_1_657' title='bbox 2516 4049 2658 4118; x_wconf 87' lang='lat' dir='ltr'><strong>quod</strong></span> <span class='ocrx_word' id='word_1_658' title='bbox 2688 4053 3028 4112; x_wconf 84' lang='lat' dir='ltr'><strong>nequaquam</strong></span> <span class='ocrx_word' id='word_1_659' title='bbox 3061 4027 3441 4126; x_wconf 70' lang='lat' dir='ltr'><strong>concedimus.</strong></span> <span class='ocrx_word' id='word_1_660' title='bbox 3491 4029 3587 4070; x_wconf 59' lang='lat' dir='ltr'><strong>an&quot;</strong></span> 
     </span>
    </p>
   </div>
   <div class='ocr_carea' id='block_1_86' title="bbox 2004 4119 3584 4211">
    <p class='ocr_par' dir='ltr' id='par_1_86' title="bbox 2004 4119 3584 4211">
     <span class='ocr_line' id='line_1_86' title="bbox 2004 4119 3584 4211; baseline -0.025 -8"><span class='ocrx_word' id='word_1_661' title='bbox 2004 4164 2134 4203; x_wconf 76' lang='grc' dir='ltr'>ιιι-ιιι</span> <span class='ocrx_word' id='word_1_662' title='bbox 2172 4144 2402 4199; x_wconf 88' lang='lat' dir='ltr'><strong>Herodis</strong></span> <span class='ocrx_word' id='word_1_663' title='bbox 2430 4142 2665 4211; x_wconf 86' lang='lat' dir='ltr'><strong>primum</strong></span> <span class='ocrx_word' id='word_1_664' title='bbox 2705 4137 2771 4189; x_wconf 90' lang='lat' dir='ltr'><strong>ab</strong></span> <span class='ocrx_word' id='word_1_665' title='bbox 2811 4134 2918 4202; x_wconf 77' lang='lat' dir='ltr'><strong>ljar</strong></span> <span class='ocrx_word' id='word_1_666' title='bbox 2954 4127 3080 4182; x_wconf 89' lang='lat' dir='ltr'><strong>anni</strong></span> <span class='ocrx_word' id='word_1_667' title='bbox 3115 4119 3315 4176; x_wconf 79' lang='lat' dir='ltr'><strong>Juliam</strong></span> <span class='ocrx_word' id='word_1_668' title='bbox 3361 4123 3584 4211; x_wconf 47' lang='lat' dir='ltr'><strong>vunn‘u-</strong></span> 
     </span>
    </p>
   </div>
   <div class='ocr_carea' id='block_1_87' title="bbox 2006 4198 3587 4306">
    <p class='ocr_par' dir='ltr' id='par_1_87' title="bbox 2006 4198 3587 4306">
     <span class='ocr_line' id='line_1_87' title="bbox 2006 4198 3587 4306; baseline -0.028 -13"><span class='ocrx_word' id='word_1_669' title='bbox 2006 4237 2324 4294; x_wconf 80' lang='lat' dir='ltr'><strong>morandum</strong></span> <span class='ocrx_word' id='word_1_670' title='bbox 2350 4248 2501 4299; x_wconf 89' lang='lat' dir='ltr'><strong>esse;</strong></span> <span class='ocrx_word' id='word_1_671' title='bbox 2542 4231 2907 4293; x_wconf 81' lang='lat' dir='ltr'><strong>eamdemque</strong></span> <span class='ocrx_word' id='word_1_672' title='bbox 2951 4231 3129 4288; x_wconf 87' lang='lat' dir='ltr'><strong>regem</strong></span> <span class='ocrx_word' id='word_1_673' title='bbox 3162 4222 3346 4266; x_wconf 66' lang='lat' dir='ltr'><strong>xxxv&quot;</strong></span> <span class='ocrx_word' id='word_1_674' title='bbox 3383 4198 3587 4306; x_wconf 71' lang='lat' dir='ltr'><strong>solidos</strong></span> 
     </span>
    </p>
   </div>
   <div class='ocr_carea' id='block_1_88' title="bbox 2005 4299 3588 4396">
    <p class='ocr_par' dir='ltr' id='par_1_88' title="bbox 2005 4299 3588 4396">
     <span class='ocr_line' id='line_1_88' title="bbox 2005 4299 3588 4396; baseline -0.017 -12"><span class='ocrx_word' id='word_1_675' title='bbox 2005 4346 2179 4385; x_wconf 90' lang='lat' dir='ltr'><strong>annos</strong></span> <span class='ocrx_word' id='word_1_676' title='bbox 2229 4326 2497 4396; x_wconf 77' lang='lat' dir='ltr'><strong>explesse,</strong></span> <span class='ocrx_word' id='word_1_677' title='bbox 2546 4324 2691 4394; x_wconf 92' lang='lat' dir='ltr'><strong>quod</strong></span> <span class='ocrx_word' id='word_1_678' title='bbox 2741 4332 2916 4388; x_wconf 88' lang='lat' dir='ltr'><strong>neque</strong></span> <span class='ocrx_word' id='word_1_679' title='bbox 2957 4308 3226 4378; x_wconf 70' lang='lat' dir='ltr'><strong>Iosephus</strong></span> <span class='ocrx_word' id='word_1_680' title='bbox 3264 4299 3588 4396; x_wconf 62' lang='lat' dir='ltr'><strong>asseril._0‘</strong></span> 
     </span>
    </p>
   </div>
   <div class='ocr_carea' id='block_1_89' title="bbox 2007 4384 3588 4491">
    <p class='ocr_par' dir='ltr' id='par_1_89' title="bbox 2007 4384 3588 4491">
     <span class='ocr_line' id='line_1_89' title="bbox 2007 4384 3588 4491; baseline -0.02 -17"><span class='ocrx_word' id='word_1_681' title='bbox 2007 4419 2175 4491; x_wconf 60' lang='lat' dir='ltr'><strong>gratis</strong></span> <span class='ocrx_word' id='word_1_682' title='bbox 2211 4438 2238 4472; x_wconf 94' lang='lat' dir='ltr'><strong>a</strong></span> <span class='ocrx_word' id='word_1_683' title='bbox 2279 4384 2578 4486; x_wconf 49' lang='lat' dir='ltr'><strong>Scaligero-</strong></span> <span class='ocrx_word' id='word_1_684' title='bbox 2601 4414 2862 4484; x_wconf 82' lang='lat' dir='ltr'><strong>ponitur;</strong></span> <span class='ocrx_word' id='word_1_685' title='bbox 2895 4405 2988 4461; x_wconf 87' lang='lat' dir='ltr'><strong>scd</strong></span> <span class='ocrx_word' id='word_1_686' title='bbox 3025 4410 3082 4453; x_wconf 86' lang='lat' dir='ltr'><strong>ut</strong></span> <span class='ocrx_word' id='word_1_687' title='bbox 3128 4397 3201 4491; x_wconf 85' lang='lat' dir='ltr'><strong>ita</strong></span> <span class='ocrx_word' id='word_1_688' title='bbox 3245 4406 3365 4446; x_wconf 86' lang='lat' dir='ltr'><strong>esse</strong></span> 
     </span>
    </p>
   </div>
   <div class='ocr_carea' id='block_1_90' title="bbox 320 4488 3588 4577">
    <p class='ocr_par' dir='ltr' id='par_1_90' title="bbox 320 4488 3588 4577">
     <span class='ocr_line' id='line_1_90' title="bbox 320 4488 3588 4577; baseline -0.009 -15"><span class='ocrx_word' id='word_1_689' title='bbox 320 4510 479 4573; x_wconf 88' lang='lat' dir='ltr'><strong>obiit,</strong></span> <span class='ocrx_word' id='word_1_690' title='bbox 511 4488 728 4563; x_wconf 82' lang='lat' dir='ltr'><strong>Juliauo</strong></span> <span class='ocrx_word' id='word_1_691' title='bbox 764 4511 854 4567; x_wconf 84' lang='grc'><strong>81.</strong></span> <span class='ocrx_word' id='word_1_692' title='bbox 888 4511 1144 4567; x_wconf 88' lang='lat' dir='ltr'><strong>Deductis</strong></span> <span class='ocrx_word' id='word_1_693' title='bbox 1179 4488 1362 4566; x_wconf 39' lang='lat' dir='ltr'><strong>x—vxvu</strong></span> <span class='ocrx_word' id='word_1_694' title='bbox 1399 4488 1559 4566; x_wconf 78' lang='lat' dir='ltr'><strong>annis</strong></span> <span class='ocrx_word' id='word_1_695' title='bbox 1601 4488 1906 4569; x_wconf 69' lang='lat' dir='ltr'><strong>tetrarchian</strong></span> <span class='ocrx_word' id='word_1_696' title='bbox 1941 4514 1982 4567; x_wconf 93' lang='lat' dir='ltr'><strong>D</strong></span> <span class='ocrx_word' id='word_1_697' title='bbox 2013 4488 2157 4575; x_wconf 67' lang='lat' dir='ltr'><strong>inus,</strong></span> <span class='ocrx_word' id='word_1_698' title='bbox 2195 4522 2475 4577; x_wconf 91' lang='lat' dir='ltr'><strong>nunquam</strong></span> <span class='ocrx_word' id='word_1_699' title='bbox 2509 4498 2958 4562; x_wconf 71' lang='lat' dir='ltr'><strong>taiueiLHerodis</strong></span> <span class='ocrx_word' id='word_1_700' title='bbox 2983 4488 3292 4548; x_wconf 84' lang='lat' dir='ltr'><strong>tricesimus</strong></span> <span class='ocrx_word' id='word_1_701' title='bbox 3320 4488 3588 4577; x_wconf 68' lang='lat' dir='ltr'><strong>septimus</strong></span> 
     </span>
    </p>
   </div>
   <div class='ocr_carea' id='block_1_91' title="bbox 323 4600 1906 4672">
    <p class='ocr_par' dir='ltr' id='par_1_91' title="bbox 323 4600 1906 4672">
     <span class='ocr_line' id='line_1_91' title="bbox 323 4600 1906 4672; baseline -0.001 -18"><span class='ocrx_word' id='word_1_702' title='bbox 323 4600 580 4670; x_wconf 84' lang='lat' dir='ltr'><strong>Philippi,</strong></span> <span class='ocrx_word' id='word_1_703' title='bbox 609 4601 991 4672; x_wconf 84' lang='lat' dir='ltr'><strong>relinquuntur</strong></span> <span class='ocrx_word' id='word_1_704' title='bbox 1025 4605 1150 4657; x_wconf 87' lang='lat' dir='ltr'><strong>anui</strong></span> <span class='ocrx_word' id='word_1_705' title='bbox 1187 4619 1310 4657; x_wconf 74' lang='grc' dir='ltr'><strong>κων</strong></span> <span class='ocrx_word' id='word_1_706' title='bbox 1340 4603 1576 4657; x_wconf 91' lang='lat' dir='ltr'><strong>absoluti</strong></span> <span class='ocrx_word' id='word_1_707' title='bbox 1622 4621 1634 4655; x_wconf 92' lang='lat'><strong>:</strong></span> <span class='ocrx_word' id='word_1_708' title='bbox 1672 4600 1808 4654; x_wconf 91' lang='lat' dir='ltr'><strong>adeo</strong></span> <span class='ocrx_word' id='word_1_709' title='bbox 1848 4607 1906 4653; x_wconf 90' lang='lat' dir='ltr'><strong>ut</strong></span> 
     </span>
    </p>
   </div>
   <div class='ocr_carea' id='block_1_92' title="bbox 326 4691 1901 4762">
    <p class='ocr_par' dir='ltr' id='par_1_92' title="bbox 326 4691 1901 4762">
     <span class='ocr_line' id='line_1_92' title="bbox 326 4691 1901 4762; baseline -0.001 -16"><span class='ocrx_word' id='word_1_710' title='bbox 326 4709 427 4746; x_wconf 69' lang='lat' dir='ltr'><strong>xcv</strong></span> <span class='ocrx_word' id='word_1_711' title='bbox 457 4691 738 4762; x_wconf 88' lang='lat' dir='ltr'><strong>Philippus</strong></span> <span class='ocrx_word' id='word_1_712' title='bbox 777 4694 978 4748; x_wconf 84' lang='lat' dir='ltr'><strong>inierit.</strong></span> <span class='ocrx_word' id='word_1_713' title='bbox 1006 4693 1120 4760; x_wconf 89' lang='lat' dir='ltr'><strong>Qua</strong></span> <span class='ocrx_word' id='word_1_714' title='bbox 1155 4695 1207 4746; x_wconf 90' lang='lat' dir='ltr'><strong>in</strong></span> <span class='ocrx_word' id='word_1_715' title='bbox 1245 4695 1656 4748; x_wconf 89' lang='lat' dir='ltr'><strong>ratiocinatione</strong></span> <span class='ocrx_word' id='word_1_716' title='bbox 1705 4691 1901 4746; x_wconf 79' lang='lat' dir='ltr'><strong>frustra</strong></span> 
     </span>
    </p>
   </div>
   <div class='ocr_carea' id='block_1_93' title="bbox 322 4784 1905 4856">
    <p class='ocr_par' dir='ltr' id='par_1_93' title="bbox 322 4784 1905 4856">
     <span class='ocr_line' id='line_1_93' title="bbox 322 4784 1905 4856; baseline -0.001 -17"><span class='ocrx_word' id='word_1_717' title='bbox 322 4795 407 4839; x_wconf 80' lang='lat' dir='ltr'><strong>est</strong></span> <span class='ocrx_word' id='word_1_718' title='bbox 439 4784 700 4855; x_wconf 84' lang='lat' dir='ltr'><strong>Scaliger.</strong></span> <span class='ocrx_word' id='word_1_719' title='bbox 749 4785 1025 4856; x_wconf 88' lang='lat' dir='ltr'><strong>Siquidem</strong></span> <span class='ocrx_word' id='word_1_720' title='bbox 1049 4787 1370 4841; x_wconf 87' lang='lat' dir='ltr'><strong>consulatus</strong></span> <span class='ocrx_word' id='word_1_721' title='bbox 1403 4785 1598 4840; x_wconf 87' lang='lat' dir='ltr'><strong>Vitellii</strong></span> <span class='ocrx_word' id='word_1_722' title='bbox 1625 4800 1729 4838; x_wconf 90' lang='lat' dir='ltr'><strong>non</strong></span> <span class='ocrx_word' id='word_1_723' title='bbox 1763 4798 1905 4837; x_wconf 90' lang='lat' dir='ltr'><strong>anno</strong></span> 
     </span>
    </p>
   </div>
   <div class='ocr_carea' id='block_1_94' title="bbox 323 4875 1905 4948">
    <p class='ocr_par' dir='ltr' id='par_1_94' title="bbox 323 4875 1905 4948">
     <span class='ocr_line' id='line_1_94' title="bbox 323 4875 1905 4948; baseline 0 -19"><span class='ocrx_word' id='word_1_724' title='bbox 323 4875 544 4930; x_wconf 88' lang='lat' dir='ltr'><strong>Juliano</strong></span> <span class='ocrx_word' id='word_1_725' title='bbox 597 4877 688 4944; x_wconf 88' lang='lat'><strong>80,</strong></span> <span class='ocrx_word' id='word_1_726' title='bbox 743 4877 838 4932; x_wconf 86' lang='lat' dir='ltr'><strong>sed</strong></span> <span class='ocrx_word' id='word_1_727' title='bbox 875 4879 941 4932; x_wconf 78' lang='lat'><strong>79</strong></span> <span class='ocrx_word' id='word_1_728' title='bbox 971 4881 1252 4948; x_wconf 81' lang='lat' dir='ltr'><strong>congruit;</strong></span> <span class='ocrx_word' id='word_1_729' title='bbox 1313 4877 1475 4932; x_wconf 89' lang='lat' dir='ltr'><strong>Urbis</strong></span> <span class='ocrx_word' id='word_1_730' title='bbox 1528 4877 1652 4931; x_wconf 86' lang='lat'><strong>787.</strong></span> <span class='ocrx_word' id='word_1_731' title='bbox 1689 4875 1905 4929; x_wconf 90' lang='lat' dir='ltr'><strong>Primus</strong></span> 
     </span>
    </p>
   </div>
   <div class='ocr_carea' id='block_1_95' title="bbox 323 4966 1904 5039">
    <p class='ocr_par' dir='ltr' id='par_1_95' title="bbox 323 4966 1904 5039">
     <span class='ocr_line' id='line_1_95' title="bbox 323 4966 1904 5039; baseline -0.002 -16"><span class='ocrx_word' id='word_1_732' title='bbox 323 4980 506 5023; x_wconf 82' lang='lat' dir='ltr'><strong>autem</strong></span> <span class='ocrx_word' id='word_1_733' title='bbox 546 4967 797 5024; x_wconf 80' lang='lat' dir='ltr'><strong>Julianus</strong></span> <span class='ocrx_word' id='word_1_734' title='bbox 834 4971 998 5039; x_wconf 71' lang='lat' dir='ltr'><strong>cmpit</strong></span> <span class='ocrx_word' id='word_1_735' title='bbox 1059 4970 1220 5026; x_wconf 76' lang='lat' dir='ltr'><strong>Urbis</strong></span> <span class='ocrx_word' id='word_1_736' title='bbox 1249 4971 1372 5025; x_wconf 86' lang='lat'><strong>709.</strong></span> <span class='ocrx_word' id='word_1_737' title='bbox 1407 4969 1562 5036; x_wconf 83' lang='lat' dir='ltr'><strong>Quod</strong></span> <span class='ocrx_word' id='word_1_738' title='bbox 1622 4968 1667 5023; x_wconf 91' lang='lat' dir='ltr'><strong>si</strong></span> <span class='ocrx_word' id='word_1_739' title='bbox 1704 4966 1904 5020; x_wconf 83' lang='lat' dir='ltr'><strong>Tiberii</strong></span> 
     </span>
    </p>
   </div>
   <div class='ocr_carea' id='block_1_96' title="bbox 322 5058 1905 5133">
    <p class='ocr_par' dir='ltr' id='par_1_96' title="bbox 322 5058 1905 5133">
     <span class='ocr_line' id='line_1_96' title="bbox 322 5058 1905 5133; baseline -0.003 -17"><span class='ocrx_word' id='word_1_740' title='bbox 322 5078 473 5116; x_wconf 85' lang='lat' dir='ltr'><strong>anno</strong></span> <span class='ocrx_word' id='word_1_741' title='bbox 527 5077 642 5116; x_wconf 63' lang='grc' dir='ltr'>χχιι</span> <span class='ocrx_word' id='word_1_742' title='bbox 694 5072 942 5118; x_wconf 90' lang='lat' dir='ltr'><strong>mortuus</strong></span> <span class='ocrx_word' id='word_1_743' title='bbox 976 5075 1058 5118; x_wconf 92' lang='lat' dir='ltr'><strong>est</strong></span> <span class='ocrx_word' id='word_1_744' title='bbox 1107 5063 1409 5133; x_wconf 86' lang='lat' dir='ltr'><strong>Philippus,</strong></span> <span class='ocrx_word' id='word_1_745' title='bbox 1449 5063 1494 5116; x_wconf 90' lang='lat' dir='ltr'><strong>is</strong></span> <span class='ocrx_word' id='word_1_746' title='bbox 1528 5058 1905 5114; x_wconf 85' lang='lat' dir='ltr'><strong>critJuliauus</strong></span> 
     </span>
    </p>
   </div>
   <div class='ocr_carea' id='block_1_97' title="bbox 321 5153 1906 5223">
    <p class='ocr_par' dir='ltr' id='par_1_97' title="bbox 321 5153 1906 5223">
     <span class='ocr_line' id='line_1_97' title="bbox 321 5153 1906 5223; baseline -0.003 -13"><span class='ocrx_word' id='word_1_747' title='bbox 321 5154 414 5216; x_wconf 70' lang='lat'><strong>80,</strong></span> <span class='ocrx_word' id='word_1_748' title='bbox 450 5155 533 5207; x_wconf 68' lang='lat' dir='ltr'><strong>vel</strong></span> <span class='ocrx_word' id='word_1_749' title='bbox 563 5154 623 5208; x_wconf 77' lang='lat'>81</span> <span class='ocrx_word' id='word_1_750' title='bbox 651 5171 665 5220; x_wconf 89' lang='lat'><strong>;</strong></span> <span class='ocrx_word' id='word_1_751' title='bbox 708 5154 1119 5222; x_wconf 81' lang='lat' dir='ltr'><strong>itaqueJuliano</strong></span> <span class='ocrx_word' id='word_1_752' title='bbox 1157 5155 1245 5221; x_wconf 72' lang='grc'><strong>45,</strong></span> <span class='ocrx_word' id='word_1_753' title='bbox 1278 5155 1358 5208; x_wconf 92' lang='lat' dir='ltr'><strong>vel</strong></span> <span class='ocrx_word' id='word_1_754' title='bbox 1391 5153 1460 5207; x_wconf 68' lang='grc'>44</span> <span class='ocrx_word' id='word_1_755' title='bbox 1491 5168 1717 5223; x_wconf 81' lang='lat' dir='ltr'><strong>regnum</strong></span> <span class='ocrx_word' id='word_1_756' title='bbox 1754 5153 1906 5207; x_wconf 78' lang='lat' dir='ltr'><strong>adie-</strong></span> 
     </span>
    </p>
   </div>
   <div class='ocr_carea' id='block_1_98' title="bbox 325 5246 1904 5317">
    <p class='ocr_par' dir='ltr' id='par_1_98' title="bbox 325 5246 1904 5317">
     <span class='ocr_line' id='line_1_98' title="bbox 325 5246 1904 5317; baseline -0.004 -15"><span class='ocrx_word' id='word_1_757' title='bbox 325 5249 417 5302; x_wconf 90' lang='lat' dir='ltr'><strong>rit.</strong></span> <span class='ocrx_word' id='word_1_758' title='bbox 463 5246 568 5301; x_wconf 90' lang='lat' dir='ltr'><strong>Sed</strong></span> <span class='ocrx_word' id='word_1_759' title='bbox 598 5256 656 5301; x_wconf 91' lang='lat' dir='ltr'><strong>ut</strong></span> <span class='ocrx_word' id='word_1_760' title='bbox 687 5264 966 5317; x_wconf 87' lang='lat' dir='ltr'><strong>perperam</strong></span> <span class='ocrx_word' id='word_1_761' title='bbox 999 5250 1138 5317; x_wconf 89' lang='lat' dir='ltr'><strong>apul</strong></span> <span class='ocrx_word' id='word_1_762' title='bbox 1170 5247 1466 5316; x_wconf 83' lang='lat' dir='ltr'><strong>Josephuni</strong></span> <span class='ocrx_word' id='word_1_763' title='bbox 1499 5259 1677 5299; x_wconf 88' lang='lat' dir='ltr'><strong>annus</strong></span> <span class='ocrx_word' id='word_1_764' title='bbox 1718 5262 1780 5298; x_wconf 83' lang='lat' dir='ltr'><strong>xx</strong></span> <span class='ocrx_word' id='word_1_765' title='bbox 1809 5260 1904 5312; x_wconf 84' lang='lat' dir='ltr'><strong>pro</strong></span> 
     </span>
    </p>
   </div>
   <div class='ocr_carea' id='block_1_99' title="bbox 327 5336 1906 5409">
    <p class='ocr_par' dir='ltr' id='par_1_99' title="bbox 327 5336 1906 5409">
     <span class='ocr_line' id='line_1_99' title="bbox 327 5336 1906 5409; baseline -0.001 -17"><span class='ocrx_word' id='word_1_766' title='bbox 327 5354 442 5392; x_wconf 72' lang='lat' dir='ltr'><strong>mi</strong></span> <span class='ocrx_word' id='word_1_767' title='bbox 502 5339 756 5409; x_wconf 79' lang='lat' dir='ltr'><strong>irrepsit:</strong></span> <span class='ocrx_word' id='word_1_768' title='bbox 817 5340 884 5392; x_wconf 90' lang='lat' dir='ltr'><strong>ita</strong></span> <span class='ocrx_word' id='word_1_769' title='bbox 920 5339 971 5392; x_wconf 87' lang='lat' dir='ltr'><strong>in</strong></span> <span class='ocrx_word' id='word_1_770' title='bbox 1015 5340 1172 5396; x_wconf 89' lang='lat' dir='ltr'><strong>annis</strong></span> <span class='ocrx_word' id='word_1_771' title='bbox 1223 5338 1455 5406; x_wconf 90' lang='lat' dir='ltr'><strong>Philippi</strong></span> <span class='ocrx_word' id='word_1_772' title='bbox 1488 5336 1676 5391; x_wconf 90' lang='lat' dir='ltr'><strong>vitium</strong></span> <span class='ocrx_word' id='word_1_773' title='bbox 1725 5336 1906 5391; x_wconf 87' lang='lat' dir='ltr'><strong>inesse</strong></span> 
     </span>
    </p>
   </div>
   <div class='ocr_carea' id='block_1_100' title="bbox 324 5431 1908 5504">
    <p class='ocr_par' dir='ltr' id='par_1_100' title="bbox 324 5431 1908 5504">
     <span class='ocr_line' id='line_1_100' title="bbox 324 5431 1908 5504; baseline -0.003 -16"><span class='ocrx_word' id='word_1_774' title='bbox 324 5443 525 5504; x_wconf 85' lang='lat' dir='ltr'><strong>potest,</strong></span> <span class='ocrx_word' id='word_1_775' title='bbox 587 5445 645 5489; x_wconf 94' lang='lat' dir='ltr'><strong>ut</strong></span> <span class='ocrx_word' id='word_1_776' title='bbox 684 5434 991 5504; x_wconf 85' lang='lat' dir='ltr'><strong>Philippum</strong></span> <span class='ocrx_word' id='word_1_777' title='bbox 1039 5434 1316 5502; x_wconf 86' lang='lat' dir='ltr'><strong>scripserit</strong></span> <span class='ocrx_word' id='word_1_778' title='bbox 1371 5448 1577 5486; x_wconf 75' lang='lat' dir='ltr'><strong>xxxvui</strong></span> <span class='ocrx_word' id='word_1_779' title='bbox 1629 5431 1908 5487; x_wconf 90' lang='lat' dir='ltr'><strong>annisre-</strong></span> 
     </span>
    </p>
   </div>
   <div class='ocr_carea' id='block_1_101' title="bbox 323 5524 1903 5595">
    <p class='ocr_par' dir='ltr' id='par_1_101' title="bbox 323 5524 1903 5595">
     <span class='ocr_line' id='line_1_101' title="bbox 323 5524 1903 5595; baseline 0 -19"><span class='ocrx_word' id='word_1_780' title='bbox 323 5539 544 5595; x_wconf 81' lang='lat' dir='ltr'><strong>gnasse.</strong></span> <span class='ocrx_word' id='word_1_781' title='bbox 573 5524 707 5578; x_wconf 88' lang='lat' dir='ltr'><strong>Nam</strong></span> <span class='ocrx_word' id='word_1_782' title='bbox 753 5527 893 5594; x_wconf 85' lang='lat' dir='ltr'><strong>apud</strong></span> <span class='ocrx_word' id='word_1_783' title='bbox 919 5525 1174 5579; x_wconf 80' lang='lat' dir='ltr'><strong>Rulinum</strong></span> <span class='ocrx_word' id='word_1_784' title='bbox 1206 5525 1484 5594; x_wconf 90' lang='lat' dir='ltr'><strong>depravati</strong></span> <span class='ocrx_word' id='word_1_785' title='bbox 1517 5525 1729 5579; x_wconf 89' lang='lat' dir='ltr'><strong>numeri</strong></span> <span class='ocrx_word' id='word_1_786' title='bbox 1755 5532 1903 5587; x_wconf 89' lang='lat' dir='ltr'><strong>sunt,</strong></span> 
     </span>
    </p>
   </div>
   <div class='ocr_carea' id='block_1_102' title="bbox 327 5618 1908 5689">
    <p class='ocr_par' dir='ltr' id='par_1_102' title="bbox 327 5618 1908 5689">
     <span class='ocr_line' id='line_1_102' title="bbox 327 5618 1908 5689; baseline 0 -19"><span class='ocrx_word' id='word_1_787' title='bbox 327 5629 381 5671; x_wconf 66' lang='grc' dir='ltr'>ει</span> <span class='ocrx_word' id='word_1_788' title='bbox 412 5618 644 5688; x_wconf 77' lang='lat' dir='ltr'><strong>Philippi</strong></span> <span class='ocrx_word' id='word_1_789' title='bbox 682 5634 860 5672; x_wconf 89' lang='lat' dir='ltr'><strong>annus</strong></span> <span class='ocrx_word' id='word_1_790' title='bbox 891 5634 1001 5672; x_wconf 76' lang='lat' dir='ltr'><strong>xxii</strong></span> <span class='ocrx_word' id='word_1_791' title='bbox 1030 5635 1127 5688; x_wconf 87' lang='lat' dir='ltr'><strong>pro</strong></span> <span class='ocrx_word' id='word_1_792' title='bbox 1163 5635 1308 5672; x_wconf 80' lang='lat' dir='ltr'><strong>xxvii</strong></span> <span class='ocrx_word' id='word_1_793' title='bbox 1345 5619 1558 5689; x_wconf 89' lang='lat' dir='ltr'><strong>legitur.</strong></span> <span class='ocrx_word' id='word_1_794' title='bbox 1596 5619 1737 5673; x_wconf 89' lang='lat' dir='ltr'><strong>Idem</strong></span> <span class='ocrx_word' id='word_1_795' title='bbox 1776 5619 1908 5672; x_wconf 77' lang='lat' dir='ltr'><strong>Sca-</strong></span> 
     </span>
    </p>
   </div>
   <div class='ocr_carea' id='block_1_103' title="bbox 326 5708 1907 5780">
    <p class='ocr_par' dir='ltr' id='par_1_103' title="bbox 326 5708 1907 5780">
     <span class='ocr_line' id='line_1_103' title="bbox 326 5708 1907 5780; baseline -0.001 -16"><span class='ocrx_word' id='word_1_796' title='bbox 326 5711 465 5778; x_wconf 74' lang='lat' dir='ltr'><strong>Iiger</strong></span> <span class='ocrx_word' id='word_1_797' title='bbox 492 5708 720 5765; x_wconf 83' lang='lat' dir='ltr'><strong>Ilerodis</strong></span> <span class='ocrx_word' id='word_1_798' title='bbox 762 5725 938 5765; x_wconf 89' lang='lat' dir='ltr'><strong>annos</strong></span> <span class='ocrx_word' id='word_1_799' title='bbox 969 5709 1264 5780; x_wconf 78' lang='lat' dir='ltr'><strong>Joseplium</strong></span> <span class='ocrx_word' id='word_1_800' title='bbox 1294 5712 1571 5766; x_wconf 80' lang='lat' dir='ltr'><strong>existimat</strong></span> <span class='ocrx_word' id='word_1_801' title='bbox 1599 5729 1706 5765; x_wconf 90' lang='lat' dir='ltr'><strong>non</strong></span> <span class='ocrx_word' id='word_1_802' title='bbox 1737 5727 1762 5763; x_wconf 87' lang='lat' dir='ltr'><strong>a</strong></span> <span class='ocrx_word' id='word_1_803' title='bbox 1809 5709 1907 5763; x_wconf 86' lang='lat' dir='ltr'><strong>Ju-</strong></span> 
     </span>
    </p>
   </div>
   <div class='ocr_carea' id='block_1_104' title="bbox 323 5799 1907 5870">
    <p class='ocr_par' dir='ltr' id='par_1_104' title="bbox 323 5799 1907 5870">
     <span class='ocr_line' id='line_1_104' title="bbox 323 5799 1907 5870; baseline 0.002 -16"><span class='ocrx_word' id='word_1_804' title='bbox 323 5799 476 5860; x_wconf 82' lang='lat' dir='ltr'><strong>liauo</strong></span> <span class='ocrx_word' id='word_1_805' title='bbox 506 5799 619 5866; x_wconf 74' lang='lat' dir='ltr'><strong>illo,</strong></span> <span class='ocrx_word' id='word_1_806' title='bbox 652 5800 707 5855; x_wconf 81' lang='lat' dir='ltr'><strong>iu</strong></span> <span class='ocrx_word' id='word_1_807' title='bbox 737 5816 896 5856; x_wconf 87' lang='lat' dir='ltr'><strong>ouem</strong></span> <span class='ocrx_word' id='word_1_808' title='bbox 922 5800 1039 5869; x_wconf 76' lang='lat' dir='ltr'><strong>ejus</strong></span> <span class='ocrx_word' id='word_1_809' title='bbox 1070 5801 1428 5870; x_wconf 87' lang='lat' dir='ltr'><strong>primordium</strong></span> <span class='ocrx_word' id='word_1_810' title='bbox 1466 5801 1682 5868; x_wconf 83' lang='lat' dir='ltr'><strong>incidit,</strong></span> <span class='ocrx_word' id='word_1_811' title='bbox 1717 5801 1810 5857; x_wconf 84' lang='lat' dir='ltr'><strong>scd</strong></span> <span class='ocrx_word' id='word_1_812' title='bbox 1839 5801 1907 5857; x_wconf 86' lang='lat' dir='ltr'><strong>ab</strong></span> 
     </span>
    </p>
   </div>
   <div class='ocr_carea' id='block_1_105' title="bbox 2012 4570 3587 4672">
    <p class='ocr_par' dir='ltr' id='par_1_105' title="bbox 2012 4570 3587 4672">
     <span class='ocr_line' id='line_1_105' title="bbox 2012 4570 3587 4672; baseline -0.023 -17"><span class='ocrx_word' id='word_1_813' title='bbox 2012 4601 2293 4664; x_wconf 89' lang='lat' dir='ltr'><strong>desinens,</strong></span> <span class='ocrx_word' id='word_1_814' title='bbox 2333 4608 2387 4654; x_wconf 87' lang='lat' dir='ltr'><strong>et</strong></span> <span class='ocrx_word' id='word_1_815' title='bbox 2422 4598 2599 4652; x_wconf 91' lang='lat' dir='ltr'><strong>iniens</strong></span> <span class='ocrx_word' id='word_1_816' title='bbox 2630 4592 2942 4648; x_wconf 83' lang='lat' dir='ltr'><strong>tricesimus</strong></span> <span class='ocrx_word' id='word_1_817' title='bbox 2973 4593 3198 4640; x_wconf 90' lang='lat' dir='ltr'><strong>octavus</strong></span> <span class='ocrx_word' id='word_1_818' title='bbox 3229 4577 3281 4628; x_wconf 90' lang='lat' dir='ltr'><strong>in</strong></span> <span class='ocrx_word' id='word_1_819' title='bbox 3311 4570 3587 4672; x_wconf 72' lang='lat' dir='ltr'><strong>lulianum</strong></span> 
     </span>
    </p>
   </div>
   <div class='ocr_carea' id='block_1_106' title="bbox 2012 4663 3589 4760">
    <p class='ocr_par' dir='ltr' id='par_1_106' title="bbox 2012 4663 3589 4760">
     <span class='ocr_line' id='line_1_106' title="bbox 2012 4663 3589 4760; baseline -0.028 -9"><span class='ocrx_word' id='word_1_820' title='bbox 2012 4693 2083 4750; x_wconf 71' lang='lat'><strong>45</strong></span> <span class='ocrx_word' id='word_1_821' title='bbox 2112 4663 2345 4756; x_wconf 88' lang='lat' dir='ltr'><strong>incidet;</strong></span> <span class='ocrx_word' id='word_1_822' title='bbox 2380 4690 2473 4745; x_wconf 90' lang='lat' dir='ltr'><strong>sed</strong></span> <span class='ocrx_word' id='word_1_823' title='bbox 2500 4690 2553 4743; x_wconf 91' lang='lat' dir='ltr'><strong>in</strong></span> <span class='ocrx_word' id='word_1_824' title='bbox 2583 4688 2691 4742; x_wconf 64' lang='lat'><strong>44:</strong></span> <span class='ocrx_word' id='word_1_825' title='bbox 2731 4685 2776 4741; x_wconf 90' lang='lat' dir='ltr'><strong>si</strong></span> <span class='ocrx_word' id='word_1_826' title='bbox 2813 4681 3071 4738; x_wconf 89' lang='lat' dir='ltr'><strong>nimirum</strong></span> <span class='ocrx_word' id='word_1_827' title='bbox 3121 4671 3186 4726; x_wconf 87' lang='lat' dir='ltr'><strong>ad</strong></span> <span class='ocrx_word' id='word_1_828' title='bbox 3221 4683 3271 4720; x_wconf 88' lang='lat' dir='ltr'><strong>vi</strong></span> <span class='ocrx_word' id='word_1_829' title='bbox 3325 4663 3589 4760; x_wconf 77' lang='lat' dir='ltr'><strong>adjeccris</strong></span> 
     </span>
    </p>
   </div>
   <div class='ocr_carea' id='block_1_107' title="bbox 2015 4755 3591 4840">
    <p class='ocr_par' dir='ltr' id='par_1_107' title="bbox 2015 4755 3591 4840">
     <span class='ocr_line' id='line_1_107' title="bbox 2015 4755 3591 4840; baseline -0.023 1"><span class='ocrx_word' id='word_1_830' title='bbox 2015 4801 2247 4840; x_wconf 76' lang='lat' dir='ltr'><strong>xxxvm.</strong></span> <span class='ocrx_word' id='word_1_831' title='bbox 2291 4755 2426 4839; x_wconf 85' lang='lat' dir='ltr'><strong>Nam</strong></span> <span class='ocrx_word' id='word_1_832' title='bbox 2459 4784 2777 4838; x_wconf 86' lang='lat' dir='ltr'><strong>tricesimus</strong></span> <span class='ocrx_word' id='word_1_833' title='bbox 2830 4784 3055 4832; x_wconf 87' lang='lat' dir='ltr'><strong>octavus</strong></span> <span class='ocrx_word' id='word_1_834' title='bbox 3109 4764 3326 4820; x_wconf 83' lang='lat' dir='ltr'><strong>Juliauo</strong></span> <span class='ocrx_word' id='word_1_835' title='bbox 3370 4755 3591 4818; x_wconf 81' lang='lat' dir='ltr'><strong>ineiptcl</strong></span> 
     </span>
    </p>
   </div>
   <div class='ocr_carea' id='block_1_108' title="bbox 2014 4849 3589 4961">
    <p class='ocr_par' dir='ltr' id='par_1_108' title="bbox 2014 4849 3589 4961">
     <span class='ocr_line' id='line_1_108' title="bbox 2014 4849 3589 4961; baseline -0.014 -29"><span class='ocrx_word' id='word_1_836' title='bbox 2014 4879 2103 4934; x_wconf 70' lang='lat' dir='ltr'><strong>M.</strong></span> <span class='ocrx_word' id='word_1_837' title='bbox 2137 4878 2319 4945; x_wconf 88' lang='lat' dir='ltr'><strong>Quare</strong></span> <span class='ocrx_word' id='word_1_838' title='bbox 2341 4887 2422 4933; x_wconf 88' lang='lat' dir='ltr'><strong>est</strong></span> <span class='ocrx_word' id='word_1_839' title='bbox 2447 4878 2562 4931; x_wconf 64' lang='lat' dir='ltr'><strong>haec</strong></span> <span class='ocrx_word' id='word_1_840' title='bbox 2591 4873 2824 4944; x_wconf 87' lang='lat' dir='ltr'><strong>insignis</strong></span> <span class='ocrx_word' id='word_1_841' title='bbox 2851 4861 3154 4934; x_wconf 78' lang='grc' dir='ltr'><strong>ἀλογιστία.</strong></span> <span class='ocrx_word' id='word_1_842' title='bbox 3189 4854 3300 4961; x_wconf 58' lang='lat' dir='ltr'><strong>Net:</strong></span> <span class='ocrx_word' id='word_1_843' title='bbox 3325 4849 3414 4961; x_wconf 50' lang='lat' dir='ltr'><strong>illa</strong></span> <span class='ocrx_word' id='word_1_844' title='bbox 3443 4849 3589 4961; x_wconf 41' lang='lat' dir='ltr'><strong>Tt&quot;:</strong></span> 
     </span>
    </p>
   </div>
   <div class='ocr_carea' id='block_1_109' title="bbox 2015 4930 3589 5041">
    <p class='ocr_par' dir='ltr' id='par_1_109' title="bbox 2015 4930 3589 5041">
     <span class='ocr_line' id='line_1_109' title="bbox 2015 4930 3589 5041; baseline -0.026 -14"><span class='ocrx_word' id='word_1_845' title='bbox 2015 4974 2196 5027; x_wconf 90' lang='lat' dir='ltr'><strong>minor</strong></span> <span class='ocrx_word' id='word_1_846' title='bbox 2217 5016 2231 5038; x_wconf 85' lang='lat'><strong>,</strong></span> <span class='ocrx_word' id='word_1_847' title='bbox 2266 4987 2375 5041; x_wconf 88' lang='lat' dir='ltr'><strong>qua</strong></span> <span class='ocrx_word' id='word_1_848' title='bbox 2402 4969 2734 5024; x_wconf 89' lang='lat' dir='ltr'><strong>Archelaum</strong></span> <span class='ocrx_word' id='word_1_849' title='bbox 2765 4961 2994 5018; x_wconf 88' lang='lat' dir='ltr'><strong>Herodis</strong></span> <span class='ocrx_word' id='word_1_850' title='bbox 3020 4954 3078 5009; x_wconf 87' lang='lat' dir='ltr'><strong>F.</strong></span> <span class='ocrx_word' id='word_1_851' title='bbox 3108 4963 3252 5006; x_wconf 88' lang='lat' dir='ltr'><strong>anno</strong></span> <span class='ocrx_word' id='word_1_852' title='bbox 3276 4941 3491 4997; x_wconf 79' lang='lat' dir='ltr'><strong>Juliauo</strong></span> 
     </span>
    </p>
   </div>
   <div class='ocr_carea' id='block_1_110' title="bbox 2013 5036 3584 5132">
    <p class='ocr_par' dir='ltr' id='par_1_110' title="bbox 2013 5036 3584 5132">
     <span class='ocr_line' id='line_1_110' title="bbox 2013 5036 3584 5132; baseline -0.001 -15"><span class='ocrx_word' id='word_1_853' title='bbox 2013 5036 2300 5118; x_wconf 77' lang='lat' dir='ltr'><strong>exsulasse</strong></span> <span class='ocrx_word' id='word_1_854' title='bbox 2339 5060 2551 5122; x_wconf 89' lang='lat' dir='ltr'><strong>scribit,</strong></span> <span class='ocrx_word' id='word_1_855' title='bbox 2584 5073 2710 5113; x_wconf 89' lang='lat' dir='ltr'><strong>cum</strong></span> <span class='ocrx_word' id='word_1_856' title='bbox 2747 5071 2798 5108; x_wconf 80' lang='lat' dir='ltr'><strong>ix</strong></span> <span class='ocrx_word' id='word_1_857' title='bbox 2833 5051 3040 5106; x_wconf 89' lang='lat' dir='ltr'><strong>solidos</strong></span> <span class='ocrx_word' id='word_1_858' title='bbox 3075 5041 3358 5132; x_wconf 57' lang='grc' dir='ltr'><strong>τοιςιιτιεεέξ</strong></span> <span class='ocrx_word' id='word_1_859' title='bbox 3390 5036 3584 5132; x_wconf 9' lang='lat' dir='ltr'><strong>mugilis:</strong></span> 
     </span>
    </p>
   </div>
   <div class='ocr_carea' id='block_1_111' title="bbox 2013 5125 3588 5225">
    <p class='ocr_par' dir='ltr' id='par_1_111' title="bbox 2013 5125 3588 5225">
     <span class='ocr_line' id='line_1_111' title="bbox 2013 5125 3588 5225; baseline -0.019 -17"><span class='ocrx_word' id='word_1_860' title='bbox 2013 5154 2315 5209; x_wconf 86' lang='lat' dir='ltr'><strong>Archelaus</strong></span> <span class='ocrx_word' id='word_1_861' title='bbox 2333 5153 2477 5207; x_wconf 90' lang='lat' dir='ltr'><strong>enim</strong></span> <span class='ocrx_word' id='word_1_862' title='bbox 2499 5166 2665 5221; x_wconf 87' lang='lat' dir='ltr'><strong>regno</strong></span> <span class='ocrx_word' id='word_1_863' title='bbox 2685 5157 2881 5201; x_wconf 81' lang='lat' dir='ltr'><strong>exutus</strong></span> <span class='ocrx_word' id='word_1_864' title='bbox 2898 5149 3000 5202; x_wconf 88' lang='lat' dir='ltr'><strong>est,</strong></span> <span class='ocrx_word' id='word_1_865' title='bbox 3042 5130 3240 5225; x_wconf 84' lang='lat' dir='ltr'><strong>Lepido</strong></span> 
     </span>
    </p>
   </div>
   <div class='ocr_carea' id='block_1_112' title="bbox 2015 5210 3592 5314">
    <p class='ocr_par' dir='ltr' id='par_1_112' title="bbox 2015 5210 3592 5314">
     <span class='ocr_line' id='line_1_112' title="bbox 2015 5210 3592 5314; baseline -0.03 -13"><span class='ocrx_word' id='word_1_866' title='bbox 2015 5261 2184 5307; x_wconf 91' lang='lat' dir='ltr'><strong>coss.,</strong></span> <span class='ocrx_word' id='word_1_867' title='bbox 2219 5254 2277 5297; x_wconf 93' lang='lat' dir='ltr'><strong>ut</strong></span> <span class='ocrx_word' id='word_1_868' title='bbox 2311 5251 2503 5297; x_wconf 90' lang='lat' dir='ltr'><strong>auctor</strong></span> <span class='ocrx_word' id='word_1_869' title='bbox 2541 5210 2627 5294; x_wconf 64' lang='lat' dir='ltr'><strong>est</strong></span> <span class='ocrx_word' id='word_1_870' title='bbox 2675 5239 2795 5299; x_wconf 91' lang='lat' dir='ltr'><strong>Dio,</strong></span> <span class='ocrx_word' id='word_1_871' title='bbox 2841 5244 2988 5287; x_wconf 87' lang='lat' dir='ltr'><strong>anno</strong></span> <span class='ocrx_word' id='word_1_872' title='bbox 3029 5222 3252 5314; x_wconf 77' lang='lat' dir='ltr'><strong>Juliaiio</strong></span> <span class='ocrx_word' id='word_1_873' title='bbox 3288 5210 3592 5314; x_wconf 41' lang='lat' dir='ltr'><strong>51:.Ctrptt</strong></span> 
     </span>
    </p>
   </div>
   <div class='ocr_carea' id='block_1_113' title="bbox 2017 5302 3590 5406">
    <p class='ocr_par' dir='ltr' id='par_1_113' title="bbox 2017 5302 3590 5406">
     <span class='ocr_line' id='line_1_113' title="bbox 2017 5302 3590 5406; baseline -0.03 -14"><span class='ocrx_word' id='word_1_874' title='bbox 2017 5302 2182 5406; x_wconf 79' lang='lat' dir='ltr'><strong>igitur</strong></span> <span class='ocrx_word' id='word_1_875' title='bbox 2207 5335 2429 5390; x_wconf 84' lang='lat' dir='ltr'><strong>Juliano</strong></span> <span class='ocrx_word' id='word_1_876' title='bbox 2474 5331 2565 5386; x_wconf 73' lang='grc'><strong>42.</strong></span> <span class='ocrx_word' id='word_1_877' title='bbox 2617 5328 2774 5395; x_wconf 84' lang='lat' dir='ltr'><strong>Quod</strong></span> <span class='ocrx_word' id='word_1_878' title='bbox 2821 5325 2865 5378; x_wconf 92' lang='lat' dir='ltr'><strong>si</strong></span> <span class='ocrx_word' id='word_1_879' title='bbox 2910 5333 3054 5374; x_wconf 89' lang='lat' dir='ltr'><strong>anno</strong></span> <span class='ocrx_word' id='word_1_880' title='bbox 3093 5311 3313 5367; x_wconf 87' lang='lat' dir='ltr'><strong>Juliano</strong></span> <span class='ocrx_word' id='word_1_881' title='bbox 3357 5302 3446 5363; x_wconf 70' lang='grc'><strong>45,</strong></span> <span class='ocrx_word' id='word_1_882' title='bbox 3479 5309 3590 5406; x_wconf 63' lang='lat' dir='ltr'><strong>quo</strong></span> 
     </span>
    </p>
   </div>
   <div class='ocr_carea' id='block_1_114' title="bbox 2017 5402 3592 5492">
    <p class='ocr_par' dir='ltr' id='par_1_114' title="bbox 2017 5402 3592 5492">
     <span class='ocr_line' id='line_1_114' title="bbox 2017 5402 3592 5492; baseline -0.001 -12"><span class='ocrx_word' id='word_1_883' title='bbox 2017 5402 2284 5481; x_wconf 83' lang='lat' dir='ltr'><strong>Herodem</strong></span> <span class='ocrx_word' id='word_1_884' title='bbox 2318 5424 2562 5492; x_wconf 79' lang='lat' dir='ltr'><strong>Scaliger</strong></span> <span class='ocrx_word' id='word_1_885' title='bbox 2593 5417 2902 5475; x_wconf 73' lang='lat' dir='ltr'><strong>excessisse</strong></span> <span class='ocrx_word' id='word_1_886' title='bbox 2930 5415 3106 5479; x_wconf 60' lang='lat' dir='ltr'><strong>Pu&#39;ali</strong></span> <span class='ocrx_word' id='word_1_887' title='bbox 3149 5409 3376 5492; x_wconf 57' lang='lat'><strong>&quot;03“9‘“</strong></span> <span class='ocrx_word' id='word_1_888' title='bbox 3407 5402 3592 5455; x_wconf 52' lang='lat' dir='ltr'><strong>ausi”-</strong></span> 
     </span>
    </p>
   </div>
   <div class='ocr_carea' id='block_1_115' title="bbox 2015 5489 3592 5586">
    <p class='ocr_par' dir='ltr' id='par_1_115' title="bbox 2015 5489 3592 5586">
     <span class='ocr_line' id='line_1_115' title="bbox 2015 5489 3592 5586; baseline -0.03 -8"><span class='ocrx_word' id='word_1_889' title='bbox 2015 5532 2175 5576; x_wconf 87' lang='lat' dir='ltr'><strong>catus</strong></span> <span class='ocrx_word' id='word_1_890' title='bbox 2208 5527 2351 5575; x_wconf 86' lang='lat' dir='ltr'><strong>esset</strong></span> <span class='ocrx_word' id='word_1_891' title='bbox 2397 5489 2720 5575; x_wconf 75' lang='lat' dir='ltr'><strong>Archelaus,</strong></span> <span class='ocrx_word' id='word_1_892' title='bbox 2763 5519 2817 5562; x_wconf 89' lang='lat' dir='ltr'><strong>et</strong></span> <span class='ocrx_word' id='word_1_893' title='bbox 2849 5521 2901 5559; x_wconf 83' lang='lat' dir='ltr'><strong>ix</strong></span> <span class='ocrx_word' id='word_1_894' title='bbox 2953 5499 3159 5556; x_wconf 88' lang='lat' dir='ltr'><strong>solidos</strong></span> <span class='ocrx_word' id='word_1_895' title='bbox 3197 5489 3469 5586; x_wconf 67' lang='lat' dir='ltr'><strong>explesset</strong></span> <span class='ocrx_word' id='word_1_896' title='bbox 3497 5493 3592 5586; x_wconf 82' lang='lat' dir='ltr'><strong>an-</strong></span> 
     </span>
    </p>
   </div>
   <div class='ocr_carea' id='block_1_116' title="bbox 2017 5578 3586 5678">
    <p class='ocr_par' dir='ltr' id='par_1_116' title="bbox 2017 5578 3586 5678">
     <span class='ocr_line' id='line_1_116' title="bbox 2017 5578 3586 5678; baseline -0.025 -12"><span class='ocrx_word' id='word_1_897' title='bbox 2017 5629 2140 5678; x_wconf 90' lang='lat' dir='ltr'><strong>nos,</strong></span> <span class='ocrx_word' id='word_1_898' title='bbox 2177 5627 2284 5666; x_wconf 89' lang='lat' dir='ltr'><strong>non</strong></span> <span class='ocrx_word' id='word_1_899' title='bbox 2327 5612 2372 5665; x_wconf 93' lang='lat' dir='ltr'><strong>is</strong></span> <span class='ocrx_word' id='word_1_900' title='bbox 2415 5607 2634 5662; x_wconf 81' lang='lat' dir='ltr'><strong>Juliauo</strong></span> <span class='ocrx_word' id='word_1_901' title='bbox 2679 5602 2771 5666; x_wconf 81' lang='lat'><strong>55,</strong></span> <span class='ocrx_word' id='word_1_902' title='bbox 2807 5598 2900 5652; x_wconf 87' lang='lat' dir='ltr'><strong>sed</strong></span> <span class='ocrx_word' id='word_1_903' title='bbox 2948 5594 3016 5649; x_wconf 63' lang='grc'><strong>54</strong></span> <span class='ocrx_word' id='word_1_904' title='bbox 3065 5589 3334 5678; x_wconf 72' lang='lat' dir='ltr'><strong>relegatus</strong></span> <span class='ocrx_word' id='word_1_905' title='bbox 3371 5578 3586 5632; x_wconf 67' lang='lat' dir='ltr'><strong>inesset.</strong></span> 
     </span>
    </p>
   </div>
   <div class='ocr_carea' id='block_1_117' title="bbox 2015 5675 3589 5771">
    <p class='ocr_par' dir='ltr' id='par_1_117' title="bbox 2015 5675 3589 5771">
     <span class='ocr_line' id='line_1_117' title="bbox 2015 5675 3589 5771; baseline -0.014 -13"><span class='ocrx_word' id='word_1_906' title='bbox 2015 5675 2242 5759; x_wconf 19' lang='lat' dir='ltr'><strong>Parrcst</strong></span> <span class='ocrx_word' id='word_1_907' title='bbox 2277 5700 2609 5762; x_wconf 78' lang='lat' dir='ltr'><strong>oscitattlia,</strong></span> <span class='ocrx_word' id='word_1_908' title='bbox 2647 5711 2770 5750; x_wconf 87' lang='lat' dir='ltr'><strong>eum</strong></span> <span class='ocrx_word' id='word_1_909' title='bbox 2817 5689 2965 5746; x_wconf 86' lang='lat' dir='ltr'><strong>addit</strong></span> <span class='ocrx_word' id='word_1_910' title='bbox 3005 5698 3207 5739; x_wconf 84' lang='lat' dir='ltr'><strong>annum</strong></span> <span class='ocrx_word' id='word_1_911' title='bbox 3260 5675 3434 5771; x_wconf 80' lang='lat' dir='ltr'><strong>illum,</strong></span> <span class='ocrx_word' id='word_1_912' title='bbox 3477 5679 3589 5764; x_wconf 49' lang='lat' dir='ltr'><strong>(illo</strong></span> 
     </span>
    </p>
   </div>
   <div class='ocr_carea' id='block_1_118' title="bbox 2019 5768 3593 5865">
    <p class='ocr_par' dir='ltr' id='par_1_118' title="bbox 2019 5768 3593 5865">
     <span class='ocr_line' id='line_1_118' title="bbox 2019 5768 3593 5865; baseline -0.017 -14"><span class='ocrx_word' id='word_1_913' title='bbox 2019 5799 2210 5865; x_wconf 84' lang='lat' dir='ltr'><strong>pulsus</strong></span> <span class='ocrx_word' id='word_1_914' title='bbox 2265 5805 2349 5852; x_wconf 80' lang='lat' dir='ltr'><strong>est</strong></span> <span class='ocrx_word' id='word_1_915' title='bbox 2407 5790 2733 5857; x_wconf 80' lang='lat' dir='ltr'><strong>Archelaus,</strong></span> <span class='ocrx_word' id='word_1_916' title='bbox 2786 5800 2909 5843; x_wconf 82' lang='lat' dir='ltr'><strong>esse</strong></span> <span class='ocrx_word' id='word_1_917' title='bbox 2965 5780 3032 5834; x_wconf 83' lang='lat' dir='ltr'><strong>ab</strong></span> <span class='ocrx_word' id='word_1_918' title='bbox 3087 5773 3311 5832; x_wconf 71' lang='lat' dir='ltr'><strong>Actiaca</strong></span> <span class='ocrx_word' id='word_1_919' title='bbox 3363 5768 3593 5816; x_wconf 64' lang='grc' dir='ltr'><strong>νὶυιοηλ</strong></span> 
     </span>
    </p>
   </div>
  </div>
