3986 6224
480 366 587 420 92⁸5

1624 353 1968 416 ΑΡΡΕΝΙῘΙΧ
2009 355 2646 423 DISSERTATJONUM.

3638 373 3738 431 9M

468 497 686 564 xxxvii.
718 479 851 534 Nam
877 480 1151 550 Josephus
1188 478 1285 535 lib.
1313 494 1469 545 xvm,
1495 494 1616 551 cap.
1651 481 1707 545 3,
1737 479 2047 545 Quirinium
2079 479 2127 536 A
2154 495 2284 535 num
2341 482 2435 546 l2,
2467 485 2550 538 vel
2601 484 2693 549 15,
2728 499 2758 540 a
2795 501 2906 556 quo
2945 487 3012 543 ad
3057 487 3151 555 l6,
3194 488 3289 560 qui
3324 488 3604 546 Actiacam
3658 493 3739 547 vi-

479 573 727 627 Archelai
756 572 1021 625 bonorum
1059 586 1287 627 censum
1327 571 1638 627 instituisse
1671 580 1878 634 narrat,
1909 586 2054 626 anno

482 679 665 716 xxxvu
692 674 812 732 post
835 663 1055 716 Antonii
1084 663 1291 717 cladem
1324 663 1393 716 ad
1421 660 1659 716 Actium.
1680 659 1759 715 Ex
1783 676 1850 715 eo
1873 660 2056 728 itaque

476 769 821 823 consequens
851 762 937 809 est
967 770 1074 809 non
1111 755 1180 808 55
1200 754 1443 820 Juliano,
1471 755 1565 810 sed
1599 754 1691 816 5i,
1725 754 2052 807 Archelaum

475 845 673 899 exsilio
699 844 1041 898 damnatum.
1077 843 1210 897 Nam
1242 844 1465 899 Actiaca
1492 859 1672 914 pugna
1693 845 1758 898 ad
1777 842 2053 898 Iulianum

457 935 547 989 -15
579 935 847 1004 pertinet;
878 935 1001 991 ideo
1030 934 1251 990 Juliano
1282 936 1345 990 51
1379 936 1548 1006 erepit
1580 951 1789 990 xxxvii.

549 1050 726 1119 Atque
753 1040 1154 1120 haec'pervcrsa
1183 1049 1417 1106 Herodis
1452 1065 1724 1105 annorum
1760 1050 2055 1106 subductio

477 1145 648 1198 multo
673 1145 726 1197 in
759 1144 998 1198 Eusebio
1038 1143 1354 1214 castiganda
1383 1145 1558 1214 magis
1591 1152 1697 1208 est,
1725 1159 1754 1198 a
1787 1160 1897 1214 quo
1923 1161 2051 1214 pro-

478 1235 618 1289 fecta
645 1237 883 1289 manavit
906 1236 957 1289 in
986 1244 1231 1290 caeteros.
1258 1235 1358 1290 llic
1384 1236 1529 1290 enim
1560 1235 1616 1288 in
1641 1235 1919 1310 Chronicis
1943 1236 2054 1305 pri-

477 1343 627 1380 mum
673 1343 878 1380 annum
929 1327 1162 1398 Augusti
1215 1328 1368 1397 ponit
1414 1343 1562 1394 cum,
1609 1329 1703 1397 qui
1752 1337 1875 1397 post
1923 1328 2052 1382 Julii

476 1419 712 1474 Caesaris
742 1434 930 1474 necem
964 1419 1212 1488 proxime
1244 1420 1514 1489 sequitur,
1543 1420 1749 1489 quique
1774 1418 1935 1473 Urbis
1969 1428 2053 1474 est

479 1510 603 1573 711,
650 1508 902 1564 Julianus
947 1510 1000 1574 5,
1049 1510 1376 1580 olympiadis
1423 1511 1524 1565 181
1573 1512 1865 1566 secundus.
1911 1510 2050 1566 Tum

474 1603 807 1673 Antigonum
837 1612 1176 1673 postremum
1210 1619 1275 1657 ex
1311 1605 1650 1659 Asamonmis
1682 1619 1862 1674 regem
1900 1620 2052 1660 mor-

477 1705 630 1750 tuum
661 1711 784 1750 esse
830 1695 964 1750 dicit
1012 1711 1156 1750 anno
1205 1711 1235 1749 v
1279 1696 1545 1767 Augusti,
1590 1697 1794 1768 olymp.
1829 1699 1934 1753 185
1962 1713 2052 1754 se-

477 1787 696 1852 cundo;
732 1795 788 1841 ut
819 1789 871 1840 in
897 1787 1222 1857 quibusdam
1252 1789 1656 1858 exemplaribus
1687 1789 1914 1859 reperiri
1964 1798 2049 1844 te-

473 1889 649 1936 statur
676 1881 969 1945 Pontacus,
1007 1883 1170 1950 idque
1203 1883 1380 1953 ipsum
1418 1884 1473 1937 in
1508 1883 1746 1939 editione
1791 1899 1888 1939 sua
1921 1882 2051 1939 Sca-

474 1974 610 2044 liger
637 1975 920 2043 amplexus
949 1983 1052 2029 est.
1081 1973 1178 2029 Est
1210 1975 1300 2030 hic
1335 1974 1497 2032 Urbis
1542 1977 1665 2040 715,
1704 1975 1957 2032 Julianus
1993 1977 2045 2032 7.

471 2066 540 2119 At
565 2065 618 2118 in
655 2065 776 2120 aliis
803 2067 1086 2121 codicibus
1111 2067 1394 2123 confertur
1431 2069 1562 2123 idin
1585 2084 1789 2124 annum
1815 2071 2046 2142 Augusti

475 2171 560 2222 Iv;
596 2155 649 2209 in
692 2156 814 2211 aliis
863 2172 1012 2224 vero,
1064 2159 1178 2212 1οε
1215 2160 1358 2229 quod
1404 2169 1741 2229 postremum
1786 2172 2046 2231 tanquam

472 2247 707 2304 Eusebio
728 2250 900 2320 magis
931 2261 1358 2306 consentaneum
1373 2296 1385 2317 ,
1409 2261 1632 2309 secutus
1649 2263 1731 2308 est
1747 2253 2044 2310 Pontacus.

470 2342 702 2412 Quippe,
719 2351 935 2397 mortuo
961 2344 1250 2416 Antigono.
1277 2344 1517 2402 Herodes
1536 2346 1760 2416 pacilice
1781 2347 2047 2415 regnavit,

468 2445 522 2488 et
553 2435 742 2489 eodem
775 2451 918 2489 anno
948 2451 1148 2490 novum
1173 2438 1323 2508 regni
1355 2438 1660 2508 auspicium
1687 2439 1893 2494 habuit.
1919 2438 2050 2495 Erat

473 2521 634 2579 Urbis
665 2540 844 2579 annus
890 2524 1013 2588 720,
1058 2524 1312 2582 Julianus
1342 2528 1439 2595 12;
1488 2531 1740 2598 quamvis
1784 2531 1948 2584 etiam
1990 2530 2046 2584 in

467 2615 710 2670 editione
748 2615 977 2672 Pontaci
1021 2634 1141 2671 cum
1192 2619 1420 2686 Augusti
1467 2635 1522 2673 χι
1557 2621 1767 2689 primus
1813 2620 2045 2676 Herodis

468 2707 647 2769 ineat;
678 2705 772 2773 qui
803 2714 887 2760 est
925 2705 1086 2761 Urbis
1117 2707 1241 2773 7'21,
1268 2706 1521 2762 Julianus
1552 2709 1638 2762 15.
1663 2708 1740 2762 Εχ
1773 2710 1876 2764 hoc
1911 2719 2046 2764 tem-

468 2812 598 2864 pore
633 2812 818 2850 xxxvu
870 2797 1212 2868 reguiaunos
1242 2801 1453 2854 orditur
1480 2800 2043 2870 Eusebius;ejusdcm

466 2904 596 2943 vero
634 2900 863 2943 mortem
899 2890 1145 2962 assignat
1189 2907 1336 2946 anno
1383 2892 1614 2963 Augusti
1661 2893 2042 2964 vau,olymp.

466 2981 569 3034 194
593 2997 740 3036 anno
756 2990 972 3052 quarto,
994 2983 1062 3037 ab
1085 2983 1396 3040 Abrahamo
1419 2986 1580 3051 202i,
1603 2986 1804 3042 Christi
1829 2989 2040 3058 quinto.

462 3071 832 3135 Quamobrem
878 3073 1248 3129 hallucinatur
1287 3075 1552 3146 Scaliger,
1589 3077 1682 3146 qui
1725 3093 1870 3131 anno
1899 3076 2042 3132 2019

2157 572 2384 626 ctoriam
2413 575 2642 644 excepit,
2676 577 2804 631 anni
2828 589 2957 633 sunt
2991 589 3246 649 quatuor.

2229 661 2604 720 Concludatur
2632 681 2700 721 ex
2731 666 2956 737 Josephi
2986 680 3040 724 et
3065 669 3252 726 Dionis
3282 671 3552 726 sententia
3593 688 3733 729 mor.

2156 759 2316 807 tuum
2374 755 2647 811 Herodem
2700 758 2875 813 videri
2924 775 3070 815 anno
3097 760 3317 816 Juliano
3361 762 3451 817 42.
3505 762 3659 829 Quod
3688 764 3730 819 si

2154 857 2346 899 verum
2406 856 2530 912 est,
2591 846 2798 904 Natalis
2854 849 3059 906 Christi
3123 851 3178 908 in
3234 869 3439 908 annum
3491 855 3556 907 41
3613 872 3730 910 eum

2155 939 2406 1011 Dekerio,
2433 944 2513 998 vel
2540 944 2610 999 40
2639 961 2762 1000 cum
2799 946 3030 1016 Keplero
3059 948 3425 1005 conferendus
3452 951 3576 1014 erit,
3607 967 3728 1017 non,

2158 1045 2218 1091 ut
2241 1037 2421 1108 vulgo,
2446 1038 2499 1092 in
2519 1039 2608 1093 45.
2629 1038 2704 1094 De
2724 1056 2835 1110 quo
2853 1037 3113 1098 attentius
3139 1044 3490 1114 cogitandum
3516 1060 3728 1105 censeo,

2157 1142 2259 1183 nec
2285 1127 2434 1185 illius
2461 1130 2742 1200 opinionis
2789 1131 3035 1189 fautores
3066 1136 3426 1203 accusandus,
3465 1136 3728 1190 damnan-

2154 1217 2362 1288 dosque
2375 1229 2554 1287 antea,
2574 1237 2738 1292 quam
2756 1237 2944 1277 eorum
2959 1224 3297 1296 disceptatis,
3317 1242 3381 1280 ac
3397 1225 3731 1282 labefactatis

2154 1312 2462 1368 rationibus
2481 1315 2788 1370 communis
2807 1315 3049 1387 Dionysii
3077 1333 3185 1372 aera
3204 1319 3405 1373 certius
3432 1327 3724 1373 astruatur:

2153 1403 2300 1471 quod
2343 1419 2376 1458 a
2420 1406 2639 1460 nemine
2685 1408 2754 1462 ad
2807 1409 2950 1464 hanc
2997 1425 3168 1480 usque
3217 1411 3359 1465 diem
3399 1411 3560 1465 video
3612 1427 3728 1467 esse

2155 1495 2380 1564 factum,
2418 1515 2518 1554 nec
2550 1516 2581 1553 a
2612 1517 2699 1557 me
2733 1503 2978 1570 praestari
3007 1520 3188 1575 posse,
3220 1507 3454 1576 ingenue
3475 1522 3540 1562 ac
3563 1506 3728 1561 liben-

2154 1599 2235 1644 ter
2271 1592 2545 1660 proﬁteor.

2470 1682 2790 1752 Explicatur
2820 1686 3107 1757 Epiphanii
3129 1691 3409 1743 sententia.

2226 1769 2384 1827 Nunc
2437 1772 2727 1844 Epiphanii
2775 1779 3084 1845 sententia,
3151 1780 3310 1848 cujus
3370 1779 3728 1848 intelligenda

2083 1847 2126 1903 Β
2155 1863 2328 1932 gratia
2359 1864 2473 1919 hmc
2505 1881 2534 1918 a
2575 1867 2734 1923 nobis
2781 1878 2866 1924 est
2914 1871 3164 1925 instituta
3208 1847 3528 1940 disputatio,
3571 1886 3729 1940 expo-

2157 1956 2339 2011 nenda
2388 1958 2623 2013 videtur.
2669 1958 2819 2015 Hanc
2848 1963 2992 2017 enim
3045 1965 3377 2034 perobscure
3426 1964 3516 2018 ille
3575 1979 3726 2030 sane,

2151 2057 2316 2115 atque
2363 2049 2619 2117 impedite
2669 2052 2931 2108 declarat.
2965 2054 3176 2124 Quippe
3207 2071 3358 2110 num.
3406 2054 3478 2112 22
3507 2056 3729 2110 haeresis

2150 2136 2338 2207 hujus,
2383 2139 2660 2195 Christum
2693 2154 2892 2198 asserit
2922 2160 3066 2199 anno
3097 2147 3328 2216 Augusti
3375 2161 3484 2199 χιιι
3541 2155 3727 2199 natum

2148 2245 2294 2294 esse,
2326 2229 2558 2287 Herodis
2589 2249 2746 2288 xxm.
2782 2234 2950 2305 Igitur
2989 2251 3184 2290 novem
3233 2238 3394 2291 annis
3446 2238 3729 2307 Augustus

2149 2319 2418 2378 Herodem
2445 2327 2755 2382 antecessit.
2783 2328 2889 2382 Sed
2917 2329 3114 2383 mirum
3142 2346 3304 2400 quam
3333 2331 3447 2385 haec
3476 2332 3729 2400 perplexe

2152 2414 2513 2472 demonstret.
2549 2416 2852 2487 lmpcrasse
2901 2430 3055 2489 putat
3092 2421 3400 2492 Augustum
3434 2423 3596 2476 annis
3632 2437 3727 2475 xm

2149 2518 2441 2578 antequam
2473 2507 2655 2564 Judaaa
2690 2511 2904 2575 penitus
2933 2512 3000 2565 ad
3043 2511 3320 2568 Romanos
3365 2513 3680 2567 transiisset
3711 2529 3727 2566 :

2149 2617 2216 2659 ac
2256 2609 2380 2668 Post
2408 2601 2625 2655 initium
2661 2603 2893 2672 Augusti
2919 2612 3158 2673 quatuor
3191 2603 3314 2673 plus
3344 2604 3530 2658 mimis
3570 2603 3728 2657 annis

2146 2691 2368 2761 elapsis,
2426 2693 2567 2748 inter
2617 2692 2834 2751 Judaeos
2886 2710 2951 2750 ac
3003 2694 3282 2750 Romanos
3339 2696 3640 2749 amicitiam
3676 2705 3729 2748 et

2147 2781 2461 2837 societatem
2504 2785 2877 2841 intercessisse
2911 2805 2924 2840 :
2972 2795 3086 2840 tum
3147 2803 3275 2841 vero
3310 2798 3723 2856 procuratorem

2148 2873 2482 2943 impositum,
2507 2891 2569 2930 ac
2592 2878 2921 2932 tributorum
2957 2880 3208 2934 nonnihil
3241 2880 3531 2944 indictum,
3555 2881 3726 2934 donec

2146 2966 2200 3019 in
2225 2953 2524 3022 Romanam
2552 2969 2813 3025 ditionem
2841 2971 3026 3026 Judma
3050 2974 3268 3042 penitus
3300 2974 3520 3028 redacta
3553 2989 3618 3028 ac
3646 2988 3728 3027 ve-

2147 3059 2359 3128 ctigalis
2410 3069 2494 3115 est
2541 3061 2683 3116 facta
2717 3080 2730 3115 :
2763 3077 2887 3116 cum
2921 3062 3033 3131 jam
3062 3065 3335 3135 principes
3366 3066 3445 3119 illi
3475 3065 3545 3120 de
3581 3066 3723 3120 tribu

466 3162 516 3215 id
558 3165 626 3215 ab
676 3160 912 3217 Eusebio
956 3165 1120 3218 tribui
1173 3175 1379 3232 censet,
1416 3173 1470 3220 et
1514 3167 2036 3223 metachronismum

2149 3149 2279 3208 Juda
2311 3154 2620 3222 desiissent,
2653 3164 2816 3225 atque
2850 3155 3090 3213 Herodes
3121 3158 3466 3229 peregrinus,
3517 3169 3573 3214 et
3596 3160 3722 3214 alie-

462 3271 584 3310 csse
604 3256 735 3311 dicit
766 3273 1034 3313 annorum
1057 3259 1241 3314 trium.
1263 3258 1464 3315 Verum
1490 3261 1536 3317 si
1567 3260 1655 3316 hic
1679 3277 1856 3317 annus
1874 3277 2039 3331 quar-

465 3357 553 3399 tus
594 3357 677 3399 est
721 3349 924 3418 olymp.
975 3349 1100 3414 195,
1135 3349 1366 3419 Augusti
1424 3366 1592 3419 vau,
1631 3368 1756 3407 cum
1796 3351 2064 3409 Herodes

465 3439 630 3506 paulo
667 3447 793 3493 ante
823 3438 1035 3494 Pascha
1072 3453 1324 3499 mortuus
1376 3444 1471 3507 sit,
1510 3454 1564 3498 et
1605 3444 1833 3518 Augusti
1890 3458 2033 3498 xevn

462 3544 610 3582 anno
643 3528 843 3583 Juliani
889 3531 958 3586 49
987 3532 1102 3601 jam
1146 3533 1361 3588 labente
1409 3533 1553 3603 apud
1585 3533 1881 3588 Eusebium
1927 3550 2040 3590 cre-

460 3623 622 3691 perit,
653 3638 874 3678 necesse
902 3631 1006 3691 cst,
1045 3633 1105 3679 ut
1137 3641 1282 3679 anno
1311 3625 1509 3680 Juliani
1549 3626 1619 3681 50
1642 3625 1864 3681 ineunte
1913 3641 2039 3695 per.

463 3713 587 3768 ierit
623 3715 887 3781 Herodes;
924 3733 1049 3772 cum
1092 3733 1271 3773 annus
1309 3728 1540 3787 quartus
1577 3718 1680 3773 l95
1715 3719 2039 3788 Olympiadis

459 3806 642 3860 adhuc
687 3806 1020 3867 decurreret,
1042 3809 1136 3877 qui
1189 3816 1242 3862 et
1279 3807 1517 3862 Eusebio
1563 3808 1859 3862 Abrahami
1897 3809 2034 3863 20°21

461 3907 740 3951 censetur.
784 3897 943 3952 Certe
983 3899 1203 3968 quidem
1261 3899 1404 3953 2020
1450 3899 1643 3954 saltem
1690 3916 1812 3956 esse
1857 3901 2036 3954 debet.

464 3989 503 4043 l-
517 3990 620 4043 nde
656 3989 1154 4046 metaebronismus
1185 3993 1289 4045 erit
1318 4008 1381 4046 ex
1413 3993 1784 4063 Scaligeriaua
1826 3992 2040 4047 ratione

460 4096 733 4136 annorum
789 4084 1090 4138 solidorum
1145 4085 1410 4156 quinque,
1467 4102 1577 4140 non
1623 4097 1804 4142 autem
1848 4087 2035 4142 trium.

368 4197 372 4206 ι
460 4173 596 4228 Nam
623 4173 839 4230 Juliano
868 4176 938 4231 45
966 4187 1235 4232 mortuum
1265 4180 1434 4234 credit
1463 4177 1752 4236 Herodem.

531 4283 650 4339 Jam
675 4301 798 4338 cum
832 4285 972 4339 idem
999 4284 1240 4358 Scaliger
1266 4287 1306 4343 l.
1338 4303 1370 4341 v
1406 4287 1479 4341 De
1510 4288 1713 4345 emend.
1741 4288 2038 4361 Josephum

458 4392 674 4431 errasse
709 4378 1059 4447 pronuntiat;
1106 4380 1253 4449 quod
1306 4397 1480 4436 annos
1515 4379 1744 4438 Herodis
1790 4399 1977 4436 xxxvu
2007 4398 2038 4437 a

464 4468 686 4522 Domitii
741 4479 795 4524 et
828 4470 1003 4524 Asinii
1035 4472 1324 4525 consulatu
1355 4473 1594 4537 deducit,
1620 4474 1826 4529 erroris
1853 4475 2038 4544 potius

465 4559 580 4626 ipse
599 4559 961 4616 convincitur.
999 4562 1134 4618 Nam
1171 4563 1462 4635 Josephus,
1499 4576 1638 4621 utex
1665 4567 2040 4638 superioribus

466 4650 656 4718 liquet,
693 4666 879 4706 secum
923 4653 1152 4709 miritice
1193 4657 1469 4712 consentit
1508 4676 1522 4713 :
1567 4669 1620 4713 et
1667 4657 2039 4714 Eusebianqu

466 4742 617 4796 ilium
653 4745 1178 4801 metachronismum
1208 4749 1508 4818 redarguit,
1534 4765 1658 4804 cum
1687 4753 2040 4822 perspicuum

463 4833 534 4887 sit
556 4832 826 4889 Herodem
876 4837 1036 4905 longe
1076 4847 1204 4893 ante
1245 4839 1520 4895 Julianum
1556 4842 1627 4896 50
1663 4845 1948 4901 occidisse.
1982 4849 2041 4902 lu

464 4926 758 4980 Annalibus
786 4943 897 4984 non
923 4928 1014 4992 50,
1040 4939 1098 4984 ιιι
1124 4932 1266 5000 apud
1311 4931 1634 5002 Eusebium,
1667 4936 1762 4991 sed
1786 4937 1847 4992 51
1897 4954 2042 4995 anno

461 5017 682 5075 Juliano
708 5019 940 5078 Herodis
963 5023 1146 5078 obitus
1177 5027 1418 5093 ponitur,
1451 5042 1574 5082 rurae
1601 5031 1911 5088 communis
1941 5048 2036 5090 oc-

463 5122 612 5178 tavo,
638 5114 731 5184 qui
760 5124 947 5172 sextus
976 5119 1252 5172 numerari
1284 5119 1492 5173 debuit.

533 5228 612 5284 Ex
654 5229 720 5286 iis
745 5239 1004 5300 praeterea
1027 5232 1225 5301 conjici
1249 5242 1447 5303 potest,
1471 5236 1601 5305 quid
1634 5237 1704 5294 sit
1736 5241 1880 5308 quod
1915 5240 2042 5312 Epi-

462 5320 699 5390 phanius
730 5321 784 5376 in
818 5322 1054 5378 obscura
1093 5324 1184 5378 illa
1231 5323 1463 5382 Herodis
1491 5343 1760 5384 annorum
1793 5333 2041 5388 declara-

464 5417 629 5478 tione,
656 5421 780 5481 post
803 5428 854 5467 Iv
884 5415 1031 5485 regni
1060 5415 1181 5485 ejus
1229 5432 1426 5484 annos,
1471 5417 1711 5475 Iudaeam
1743 5423 1798 5477 in
1837 5422 2040 5478 Roma-

465 5516 659 5555 norum
692 5503 955 5558 ditionem
990 5507 1206 5574 penitus
1262 5509 1496 5564 cessisse
1521 5510 1684 5575 dicat,
1712 5526 2038 5583 secutosque

470 5606 592 5644 xxix
630 5606 830 5658 annos,
861 5596 997 5650 adeo
1042 5604 1102 5649 ut
1149 5613 1317 5653 χχχιιι
1368 5600 1586 5655 demum
1625 5600 1856 5658 Herodis
1889 5619 2036 5659 anno

463 5679 717 5737 Christus
745 5695 906 5741 natus
932 5686 1022 5740 sit.
1054 5687 1230 5742 Causa
1269 5692 1414 5745 enim
1447 5695 1561 5749 haec
1590 5705 1696 5761 est,
1727 5697 1872 5764 quod
1908 5713 2035 5756 cum

471 5772 706 5830 Eusebio
763 5776 994 5834 Herodis
1043 5780 1256 5837 initium
1290 5786 1514 5856 coujicit
1553 5790 1607 5846 in
1622 5804 1826 5848 annum
1863 5791 2034 5853 Julia-

2145 3244 2341 3314 nigcna
2371 3261 2609 3316 regnum.
2636 3259 2979 3316 occupasset.
3012 3249 3144 3316 Quae
3173 3252 3357 3305 omnia
3391 3251 3579 3322 (paulo
3603 3261 3725 3321 post

2145 3337 2343 3407 inquit)
2392 3341 2631 3421 pqrfecta
2661 3351 2810 3409 sunt,
2843 3359 2966 3398 cum
3005 3347 3072 3400 ab
3098 3354 3223 3398 ortu
3273 3345 3479 3400 Christi
3530 3347 3719 3415 cmpisc

2143 3436 2289 3492 sent,
2317 3443 2463 3483 anno
2485 3430 2714 3501 Augusti
2757 3448 2886 3496 xui,
2917 3435 3010 3504 qui
3037 3445 3091 3490 et
3120 3450 3298 3490 nonus
3320 3443 3439 3489 erat
3469 3450 3498 3488 a
3527 3450 3722 3503 procu-

2144 3517 2359 3572 ratione
2378 3517 2672 3590 Antipatri,
2690 3537 2811 3576 cum
2838 3523 3055 3581 Judaeos
3082 3525 3223 3580 inter
3243 3535 3295 3579 et
3318 3524 3596 3579 Romanos
3621 3541 3721 3594 pax

2143 3616 2198 3662 et
2224 3608 2457 3664 societas
2489 3619 2654 3676 esset,
2687 3628 2752 3667 ac
2775 3613 2888 3682 jam
2934 3623 3190 3684 quartum
3219 3629 3425 3668 annum
3472 3624 3724 3684 regnaret

2145 3697 2407 3755 Herodes.
2442 3699 2726 3757 Postremo
2749 3715 2866 3773 post
2903 3705 3401 3774 quatuor-Herodis
3432 3721 3627 3770 annos,
3669 3716 3724 3761 et

2146 3791 2388 3861 quinque
2435 3795 2852 3862 procurationes
2898 3797 3195 3866 Antipatri,
3253 3796 3473 3851 demum
3535 3796 3719 3852 Judaza

2145 3882 2363 3950 penitus
2393 3881 2653 3940 Romanis
2684 3893 2768 3940 est
2793 3885 3054 3956 subjecta,
3100 3903 3276 3956 usque
3304 3888 3371 3943 ad
3399 3904 3568 3944 xxxm
3618 3888 3722 3944 He-

2146 3972 2297 4027 rodis
2331 3989 2557 4039 annum,
2597 3978 2690 4046 qui
2713 3987 2798 4032 est
2825 3977 3055 4048 Augusti
3081 3995 3211 4048 χιιι,
3245 3995 3370 4036 cum
3406 3996 3536 4035 χχιχ
3562 3981 3719 4037 annis

2143 4064 2422 4135 vectigalis
2449 4067 2671 4122 omnino
2703 4063 2913 4124 fuisset.

2217 4153 2330 4210 liae
2355 4154 2643 4226 Epiphanii
2671 4159 2916 4214 oratione
2945 4160 3154 4215 nullum
3186 4159 3446 4233 Sphingis
3492 4163 3720 4232 aenigma

2145 4249 2458 4318 perplexius
2488 4266 2610 4305 esse
2638 4261 2792 4319 puto.
2829 4250 2932 4307 Sed
2959 4253 3063 4308 hoc
3103 4262 3283 4309 tamen
3315 4256 3551 4310 voluisse
3575 4257 3722 4310 vide—

2148 4348 2235 4393 tur
2267 4357 2281 4393 :
2314 4340 2620 4409 Augustum
2650 4343 2826 4412 primo
2855 4359 2951 4398 xm
2983 4344 3140 4398 annis
3167 4345 3486 4413 imperasse,
3522 4346 3720 4415 quibus

2148 4431 2391 4484 nondum
2413 4429 2600 4486 Judtea
2627 4448 2852 4501 prorsus
2877 4433 3251 4490 Retnanorum
3281 4437 3509 4507 imperio
3535 4452 3718 4491 cesse-

2071 4542 2116 4597 ι)
2147 4532 2232 4577 rat
2266 4541 2280 4577 :
2313 4537 2376 4577 ac
2399 4531 2523 4592 post
2551 4533 2790 4593 quatuor
2820 4528 3031 4597 priores
3061 4542 3235 4584 annos
3260 4529 3513 4599 Augusti,
3565 4531 3722 4583 Anti-

2145 4625 2357 4684 patrum
2388 4615 2767 4684 quiuquennio
2793 4627 3198 4686 procuratorem
3223 4620 3424 4688 fuisse;
3450 4619 3718 4675 Herodem

2145 4709 2360 4773 deinde,
2411 4717 2698 4777 postquam
2754 4711 2824 4765 ab
2875 4712 3121 4781 Augusto
3177 4729 3404 4783 regnum
3459 4715 3714 4778 obtinuit,

2145 4810 2381 4870 quatuor
2403 4815 2578 4853 annos
2609 4801 2868 4856 tenuisse.
2898 4801 2978 4856 Ita
3005 4802 3142 4857 ﬁunt
3176 4805 3243 4857 ab
3296 4806 3527 4875 Augusti
3563 4806 3720 4859 initio

2145 4891 2274 4944 anui
2326 4907 2423 4945 xm
2458 4907 2472 4944 :
2507 4890 2699 4961 reliqui
2749 4903 2878 4947 sunt
2909 4909 3058 4958 χχιχ,
3105 4893 3306 4964 quibus
3362 4895 3719 4950 RoiiiauiJu-

2144 4987 2314 5040 ducam
2365 4987 2582 5056 penitus
2621 4998 2980 5058 occuparunt,
3007 5003 3178 5060 usque
3208 4990 3274 5044 ad
3303 4991 3538 5061 Augusti
3583 5007 3714 5052 xm.

2147 5075 2375 5130 Herodis
2415 5093 2606 5141 xxxm,
2662 5095 2771 5149 quo
2809 5089 2969 5136 natus
3007 5090 3091 5135 est
3135 5079 3420 5137 Dominus.
3475 5081 3612 5137 Nam
3647 5085 3712 5138 ad

2147 5185 2242 5224 xm
2291 5171 2460 5225 additi
2513 5187 2644 5226 χχιχ
2679 5171 2977 5226 conliciunt
3005 5188 3116 5226 xw
3146 5189 3160 5224 :
3196 5173 3495 5243 itidemque
3543 5175 3590 5230 si
3647 5175 3714 5229 ad

2149 5272 2386 5332 quatuor
2430 5262 2599 5318 addas
2634 5263 2920 5321 nuntient
2963 5279 3157 5320 χχχιιι.
3206 5263 3318 5319 Hos
3358 5274 3539 5320 autem
3585 5281 3715 5319 xxix

2145 5368 2319 5408 annos
2347 5353 2416 5407 ab
2432 5368 2498 5407 eo
2523 5353 2762 5416 deducit,
2779 5353 2871 5418 qui
2891 5354 3166 5410 Actiacam
3187 5356 3474 5411 victoriam
3496 5367 3716 5412 secutus

2141 5456 2242 5508 est,
2273 5445 2491 5501 Juliano
2523 5447 2728 5502 scilicet
2754 5446 2841 5513 16,
2875 5461 2904 5501 a
2933 5464 3044 5517 quo
3070 5448 3362 5503 vicesimus
3392 5463 3596 5514 nonus,
3631 5466 3716 5511 est

2140 5536 2391 5594 Julianus
2420 5539 2510 5604 44,
2544 5554 2654 5608 quo
2705 5551 2866 5594 natus
2895 5539 2966 5594 ab
2996 5539 3298 5609 Epiphanio
3328 5541 3586 5600 Christus
3619 5559 3715 5614 po—

2141 5633 2309 5694 nitur,
2343 5631 2585 5700 Augusto
2615 5647 2713 5685 xm
2749 5639 2805 5685 et
2861 5629 3048 5686 Silano
3076 5647 3218 5687 coss.
3239 5631 3314 5686 Ita
3347 5633 3563 5703 quidem
3593 5636 3717 5706 Epi-

2141 5723 2377 5792 phanius
2408 5723 2646 5777 miscens
2677 5722 2883 5787 omnia,
2932 5737 3031 5778 nec
3058 5723 3296 5779 historia:
3325 5725 3460 5780 satis
3487 5732 3712 5785 consul-

2140 5825 2247 5874 tus.
2279 5815 2372 5874 Est
2415 5816 2558 5872 enim
2591 5815 2789 5872 falsum
2821 5816 2874 5873 in
2904 5817 3479 5888 primis,Antipatrum
3510 5836 3712 5891 procu-
