3986 6224
283 343 395 400 9‘25

1453 353 1542 408 DE
1583 353 1773 412 ANNO
1805 355 2062 412 NATALI
2093 357 2394 418 CHRISTI.

3444 361 3550 416 9‘26

283 472 524 517 ratorem
559 459 628 516 ab
658 460 902 532 Augusto
954 477 1076 518 esse
1126 462 1330 519 factum
1350 505 1367 533 ,
1419 467 1663 537 adeoque
1687 507 1704 533 ,
1749 477 1872 538 post
1897 471 1944 528 Α
1973 471 2212 536 decreta,
2243 488 2366 542 quae
2397 488 2465 528 eo
2491 473 2614 528 loco
2635 483 3152 530 commemorantur.
3184 472 3546 545 Posteaquam

285 559 529 619 quatuor
559 550 772 620 imperii
805 552 977 620 ipsius
1007 568 1204 614 annos,
1235 564 1294 609 ut
1334 572 1400 611 ex
1453 557 1522 612 iis
1546 567 1710 627 patet,
1742 574 1864 627 quae

283 656 451 709 supra
490 656 521 696 e
578 639 820 711 Josepho
877 645 1321 712 perstrinximus.
1384 645 1520 700 Nam
1579 648 1866 718 Antipater

281 730 514 787 Herodis
558 747 757 801 parens
805 732 1048 790 Judzeam
1082 737 1467 792 administrare
1507 741 1672 809 ccepit
1719 753 1864 794 anno

281 822 398 884 illo,
427 837 536 890 quo
563 821 741 877 Julius
765 824 948 880 Caesar
972 826 1166 880 bellum
1197 827 1626 883 Alexandrinum
1663 830 1861 898 gessit,

284 916 376 984 qui
400 924 484 970 est
511 914 671 970 Urbis
703 915 832 968 707:
853 932 961 986 quo
988 919 1176 971 eodem
1205 934 1348 973 anno
1368 919 1607 976 Herodes
1631 921 1863 977 Galilaea:

282 1021 311 1058 a
342 1015 493 1075 patre
527 1006 851 1075 praepositus
881 1016 983 1062 est.
1022 1007 1270 1065 Mortuus
1296 1021 1380 1065 est
1421 1023 1601 1066 autem
1633 1011 1860 1082 Antipa-

281 1105 366 1151 ter
397 1112 539 1150 anno
575 1095 733 1152 Urbis
787 1097 909 1164 712,
969 1097 1183 1154 Juliano
1237 1109 1455 1170 quarto.
1496 1103 1575 1155 Ita
1616 1102 1859 1172 quinque

279 1189 405 1258 plus
435 1189 616 1244 minus
646 1189 807 1244 annis
823 1189 918 1261 τὴν
947 1193 1249 1262 ἐπιτροπήν
1267 1193 1667 1249 administravit
1687 1198 1860 1263 ;quod

279 1281 461 1336 innuit
492 1280 849 1350 Epiphanius.
886 1281 990 1338 Sed
1033 1283 1172 1337 idem
1229 1285 1613 1353 hallucinatus,
1645 1289 1858 1355 Opinor,
1891 1292 1896 1297 '

278 1389 382 1444 pro
431 1372 576 1427 Julio
619 1373 853 1440 Caesare,
898 1376 1202 1445 Augustum
1241 1377 1480 1446 scripsit,
1535 1381 1680 1447 quod
1719 1380 1860 1434 hune

279 1465 462 1533 ipsum
497 1467 839 1520 meminisset
887 1467 1051 1520 etiam
1082 1467 1135 1520 in
1163 1466 1417 1540 .‘Egypto,
1445 1479 1497 1523 et
1518 1470 1862 1526 Alexandria:

279 1557 481 1611 bellum
531 1558 784 1627 gessisse.
837 1557 1042 1612 Deinde
1093 1574 1268 1629 neque
1322 1560 1450 1614 illud
1489 1575 1676 1615 verum
1725 1568 1857 1616 est:

277 1645 520 1701 Judaeum
544 1656 666 1716 post
686 1647 964 1702 Actiacam
996 1650 1212 1702 demum
1238 1649 1518 1704 victoriam
1554 1651 1622 1705 ad
1659 1651 1861 1706 Roma-

281 1753 386 1793 nos
439 1737 783 1806 pervenisse,
814 1748 868 1793 et
896 1739 1170 1810 ὑπόφορον
1204 1740 1394 1806 fuisse,
1434 1759 1558 1796 cum
1598 1743 1861 1798 hactenus

1967 577 2095 617 vero
2115 560 2426 617 Judaaorum
2453 578 2680 633 regnum
2703 565 2770 619 ad
2804 563 3070 620 Herodem
3099 565 3417 619 translatum
3439 571 3547 626 est,

1967 668 2073 708 non
2108 660 2251 721 puto‘
2279 651 2556 708 Romanos
2588 653 2848 707 tributum
2878 654 2947 708 ab
2975 654 3082 708 illis
3111 652 3375 721 exegisse,
3400 651 3546 722 quod

1968 744 2109 797 idem
2155 754 2207 798 et
2251 742 2480 812 Keplero
2504 743 2740 805 videtur,
2763 759 2889 798 cum
2920 742 3104 797 Judtea
3132 743 3375 797 nondum
3403 749 3549 797 esset

1966 832 2021 886 in
2059 832 2290 887 formam
2353 833 2648 902 provinciae
2679 834 2918 889 redacta.
2968 832 3148 898 Quare
3197 848 3296 888 nec
3344 833 3398 886 in
3454 831 3544 885 illa

1964 924 2146 994 priore
2175 924 2385 990 Quirini
2413 925 2778 993 descriptione
2812 925 3075 978 tributum
3111 924 3280 976 ullum
3320 936 3546 976 necesse

1965 1030 2048 1073 est
2079 1019 2413 1087 persolutum
2469 1017 2711 1072 credere.
2744 1016 2864 1082 Quo
2910 1016 3092 1070 minus
3118 1015 3388 1070 assentior
3419 1012 3547 1082 Epi-

1965 1108 2186 1177 phanio,
2221 1109 2310 1177 qui
2341 1117 2452 1162 tum
2477 1109 2563 1162 vel
2593 1107 2828 1162 maxime
2859 1107 3058 1161 tributa
3087 1121 3118 1159 a
3154 1104 3414 1160 Romanis
3442 1104 3548 1157 im-

1964 1207 2148 1267 perata
2181 1198 2389 1261 scribit,
2416 1207 2470 1252 et
2495 1215 2620 1252 xxix
2649 1197 2828 1260 annis.
2853 1196 2946 1266 qui
2976 1198 3043 1251 ab
3061 1195 3282 1250 Actiaca
3309 1195 3462 1249 clade
3478 1193 3547 1249 ad

1963 1292 2204 1346 Natalem
2231 1293 2443 1347 Domini
2476 1296 2768 1361 ﬂuxerunt,
2794 1292 3090 1364 ὑπόφορον,
3117 1290 3338 1354 τελείως
3375 1306 3550 1359 παρα-

1963 1382 2209 1436 δοθεῖσαν
2242 1384 2534 1454 Ῥωμαίοις
2557 1383 2797 1438 Judaeam
2835 1384 3025 1438 fuisse.
3043 1382 3206 1452 Atqui
3241 1387 3363 1450 post
3384 1378 3550 1433 Pont-

1963 1476 2212 1545 peianam
2251 1475 2555 1540 victoriam,
2597 1490 2663 1528 ac
2700 1475 2934 1544 priorem
2979 1472 3202 1536 ἅλωσιν,
3264 1484 3545 1538 nunquam

1962 1564 2147 1620 Judzea
2175 1564 2351 1619 minus
2380 1565 2483 1620 sub
2514 1565 2883 1619 Romanorum
2918 1563 3222 1634 principum
3249 1571 3546 1632 potestate,

1964 1659 2047 1712 vel
2099 1656 2577 1712 administratione
2631 1655 2760 1722 fuit,
2817 1671 2983 1725 quam
3019 1654 3246 1710 Herodis
3282 1653 3374 1706 illo
3405 1661 3546 1706 tem-

1966 1763 2120 1818 pore,
2171 1746 2474 1817 praesertim
2503 1754 2628 1816 post
2648 1746 2929 1800 Actiacam
2960 1761 3218 1816 pugnam,
3253 1759 3375 1798 cum
3404 1741 3548 1812 apud

278 1829 519 1885 societas
550 1831 969 1896 intercessisset,
1029 1847 1095 1888 ac
1144 1834 1345 1888 tributa
1377 1835 1493 1890 sive
1533 1837 1710 1904 potius
1744 1852 1862 1889 mu-
1897 1823 1938 1884 Β
1967 1841 2270 1909 Angustum
2323 1837 2377 1892 in
2410 1838 2601 1908 primis
2656 1837 2744 1891 ille
2775 1837 2951 1907 gratia
2990 1845 3046 1891 et
3096 1836 3422 1891 auctoritate
3451 1832 3548 1887 (lo-

278 1937 414 1978 nera
437 1924 819 1994 penderentur.
842 1927 1052 1980 Etenim
1082 1927 1242 1996 longe
1270 1936 1396 1982 ante
1419 1943 1654 1998 pugnant
1682 1929 1864 1985 Actia-

277 2031 400 2072 eam
425 2017 605 2072 Judzea
640 2017 1010 2073 Romanorum
1043 2018 1096 2072 in
1124 2028 1444 2089 potestatem
1484 2019 1653 2085 venit,
1682 2027 1735 2072 et
1761 2017 1863 2072 tri-

279 2107 412 2162 buta
442 2109 714 2178 persolvit.
740 2108 980 2176 Primus,
1003 2110 1108 2166 nisi
1151 2109 1328 2173 fallor,
1357 2111 1670 2181 Pompeius,
1702 2112 1861 2166 Cice-

280 2215 415 2254 rone
440 2211 494 2254 et
520 2200 754 2255 Antonio
782 2202 1124 2266 coss.,Urbis
1169 2202 1295 2267 79l,
1333 2201 1722 2273 Hierosolymis
1764 2219 1861 2258 ex-

279 2292 536 2363 pugnatis
585 2293 725 2346 hanc
778 2293 950 2359 ipsam
1003 2294 1191 2347 urbem
1228 2295 1547 2365 vectigalem
1608 2296 1860 2350 reddidit.

278 2389 602 2457 Josephusl.
622 2405 732 2449 xw,
759 2405 876 2458 cap.
903 2388 1002 2441 l5:
1030 2390 1139 2442 Καὶ
1154 2389 1221 2442 τὰ
1248 2391 1345 2460 μὲν
1378 2390 1724 2461 Ἰεροσόλυμα
1741 2391 1865 2443 ὑπο-

279 2483 414 2553 τελῆ
447 2483 612 2553 φόρον
659 2482 951 2552 Ῥωμαίοις
1006 2483 1282 2553 ἐποίησεν.
1327 2481 1448 2536 Mox
1479 2499 1490 2534 :
1525 2481 1728 2535 Τούτου
1767 2482 1862 2536 τοῦ

283 2572 492 2635 πάθους
512 2576 622 2634 τοῖς
660 2571 1054 2642 Ἱεροσολύμοις
1093 2573 1255 2624 αἴτιοι
1286 2572 1626 2642 κατέστησαν
1666 2573 1864 2643 ’Υρκα-

281 2665 396 2728 voc,
425 2664 520 2718 nat
557 2664 961 2736 Ἀριστόϐουλος
991 2665 1127 2734 πρὸς
1155 2664 1419 2735 ἀλλήλους
1453 2666 1859 2728 στασιάσαντες.

281 2761 397 2828 Τήν
442 2776 501 2810 τε
546 2759 652 2826 γὰρ
695 2755 1005 2827 ἐλευθερίαν
1051 2755 1432 2826 ἀπεϐάλομεν,
1486 2757 1579 2809 καὶ
1636 2756 1864 2825 ὑπήκοοι

292 2849 581 2919 Ῥωμαίων
605 2848 964 2918 κατέστημεν.
995 2847 1157 2916 Igitur
1185 2847 1254 2900 ab
1283 2847 1371 2900 illo
1396 2858 1636 2914 tempore
1659 2847 1862 2899 Roma-

283 2944 371 2999 nis
402 2942 583 2996 Judaea
633 2941 832 3011 paruit,
885 2956 983 2994 nec
1014 2955 1144 2994 suos
1190 2955 1345 3011 reges
1380 2941 1604 3003 habuit;
1636 2939 1735 2992 etsi
1767 2939 1866 2992 ali-

282 3034 524 3105 quandiu
546 3033 835 3088 conﬂictati
857 3019 1016 3088 sunt.
1052 3031 1304 3105 Hyrcano
1331 3033 1550 3102 quidem
1579 3032 1864 3100 pontiﬁca-

283 3134 375 3177 tus
401 3123 619 3177 relictus
641 3134 744 3188 est,
763 3137 792 3176 a
818 3121 1052 3178 Gabinio
1069 3123 1403 3194 praesertim:
1431 3121 1545 3191 qui,
1577 3131 1636 3175 ut
1654 3137 1776 3189 cap.
1805 3121 1864 3174 l0

284 3213 409 3266 libri
448 3229 537 3267 xw
571 3213 782 3280 scribit,
815 3216 1056 3284 quinque
1091 3214 1372 3286 Synedriis
1397 3215 1448 3266 in
1481 3212 1666 3267 Iudaea
1693 3213 1864 3266 collo-

282 3305 447 3370 catis,
483 3306 881 3363 aristocratiam
928 3307 1235 3362 constituit.
1283 3306 1412 3361 Post
1463 3306 1577 3359 haec
1603 3305 1865 3359 adversus

286 3399 598 3472 Hyrcanum
657 3402 965 3456 Alexander
1015 3409 1069 3456 et
1101 3401 1409 3469 Antigonus
1442 3399 1740 3455 Aristobuli
1771 3397 1864 3452 lilii

284 3493 500 3565 aliquot
549 3495 706 3551 annis
750 3502 1027 3550 certarunt
1069 3511 1084 3548 :
1133 3493 1438 3562 iisdemque
1477 3507 1574 3562 pro
1617 3489 1867 3562 Hyrcano

288 3601 511 3644 strenue
546 3587 824 3657 Antipater
840 3587 1062 3653 restitit,
1087 3586 1184 3654 qui
1212 3601 1242 3640 a
1273 3584 1418 3641 Julio
1442 3583 1657 3639 Caesare
1680 3589 1866 3652 postea

289 3681 392 3750 τὴν
419 3681 726 3750 ἐπιτροπήν
757 3687 945 3734 nactus
977 3687 1094 3745 est;
1143 3693 1207 3732 ac
1233 3693 1328 3748 per
1355 3678 1494 3731 idem
1521 3686 1734 3744 tempus
1762 3687 1866 3742 po-

293 3773 408 3843 puli
437 3771 596 3827 Rom.
635 3773 951 3826 societatem
990 3779 1046 3826 et
1101 3769 1395 3824 amicitiam
1436 3767 1766 3837 impetravit.
1791 3765 1868 3819 De

288 3881 400 3930 quo
430 3862 709 3932 complura
743 3861 974 3916 Caesaris
1024 3861 1239 3916 decreta
1273 3859 1414 3929 apud
1449 3857 1744 3926 Josephum
1776 3872 1868 3911 ex-

288 3961 437 4009 stant
458 3953 495 4006 l.
519 3967 626 4015 xiv,
651 3966 700 4004 c.
733 3949 818 4005 i7.
853 3949 957 4004 Sed
988 3948 1326 4004 antecedenti
1351 3948 1529 4018 capite
1554 3945 1775 4016 Josephi
1799 3961 1866 4000 an

291 4044 506 4100 librarii
527 4042 952 4097 hallucinatione
968 4041 1188 4104 accidit,
1207 4048 1265 4095 ut
1290 4055 1415 4094 cum
1439 4047 1662 4094 senatus
1683 4037 1868 4092 det-res

291 4149 406 4191 tmn
448 4136 514 4189 de
542 4134 711 4188 muris
751 4130 1250 4201 Hierosolymorum
1286 4127 1590 4184 reﬁciendis
1636 4126 1705 4180 ab
1729 4125 1870 4197 Hyr-

289 4241 433 4281 cano
478 4223 704 4280 Juniore
758 4223 1107 4293 impetratum
1157 4221 1318 4276 vellet
1369 4218 1668 4282 eset-ibcre,
1723 4216 1872 4273 aliud

291 4315 666 4388 subjunxerit,
713 4315 860 4385 quod
904 4315 955 4368 in
990 4313 1220 4385 gratiam
1252 4310 1485 4384 Hyrcani
1526 4311 1748 4381 majoris
1796 4309 1873 4364 l'a-

290 4418 443 4464 ctum
486 4407 1042 4462 fueratzcuialterum
1079 4405 1487 4461 Atheniensium
1525 4406 1870 4475 psephisma,

1966 1941 2127 1985 reret.
2165 1929 2306 1983 Nulli
2341 1929 2523 1998 itaque
2566 1928 2802 1983 Romani
2850 1927 3237 1997 magistratus,
3276 1923 3549 1995 .prtcsides

1967 2023 2100 2076 nulli
2147 2008 2388 2076 .ludreani
2425 2020 2805 2083 obtinuerunt,
2849 2035 2949 2073 nec
2983 2018 3098 2086 alii,
3148 2032 3314 2088 quam
3363 2025 3549 2070 extra-

1966 2111 2227 2167 ordinarii
2261 2110 2551 2181 ἡγεμόνες,
2587 2109 2692 2165 hoc
2718 2117 2804 2165 est
2828 2109 3114 2180 praesides,
3144 2108 3229 2162 vel
3285 2120 3550 2176 procura-

1966 2214 2132 2271 tores,
2181 2204 2266 2258 vel
2310 2205 2566 2258 universe
2603 2218 2729 2258 cum
2784 2210 3057 2271 potestate
3109 2200 3295 2269 aliqua
3357 2197 3547 2260 missi,

1967 2295 2134 2350 ullam
2161 2293 2394 2349 Herodis
2417 2293 2470 2348 in
2509 2307 2676 2364 regno
2701 2293 3059 2356 iunctionem,
3095 2299 3190 2346 aut
3213 2288 3551 2360 jurisdictio-

1965 2402 2090 2442 nem
2130 2394 2510 2440 exercuerunt.

2037 2481 2106 2534 At
2134 2480 2186 2533 in
2221 2478 2516 2533 Annalibus
2549 2491 2834 2548 perperam
2881 2473 3170 2546 Epiphanii
3214 2487 3370 2527 mens
3404 2467 3549 2525 acci-

1970 2576 2138 2646 pitur,
2171 2589 2296 2630 cum
2327 2573 2378 2628 id
2411 2587 2535 2627 eum
2577 2569 2868 2640 scripsisse
2892 2574 3122 2621 narrant
3160 2582 3174 2620 :
3219 2563 3421 2632 Viginti
3453 2578 3550 2615 no—

1965 2686 2078 2722 vem
2108 2668 2262 2721 annis
2289 2663 2510 2718 Judazos
2540 2662 2790 2716 Romanis
2834 2659 3039 2713 tributa
3090 2656 3423 2726 dependisse,
3459 2669 3551 2707 an-

1969 2771 2175 2832 tequam
2207 2759 2486 2826 Antipater
2513 2754 2740 2808 Herodis
2770 2769 2964 2824 parens
3002 2749 3210 2805 Iudaea:
3237 2755 3552 2818 procurator

1967 2872 1998 2907 a
2045 2852 2296 2905 Romanis
2343 2850 2753 2910 institueretur;
2796 2862 2888 2899 nec
2937 2853 3118 2914 postea
3164 2857 3399 2912 unquam
3447 2854 3552 2892 ces-

1972 2959 2137 2998 sasse.
2172 2941 2293 3007 Quo
2343 2939 2480 2993 nihil
2511 2953 2634 2991 cum
2666 2937 2736 2990 ab
2777 2934 3070 3005 Epiphanii
3118 2948 3306 2996 sensu,
3358 2939 3470 2984 tum
3517 2943 3551 2982 a

1968 3039 2198 3092 veritate
2229 3037 2344 3104 ipsa
2369 3033 2476 3088 dici
2509 3032 2742 3086 alienius
2781 3039 2984 3100 potest.
3021 3030 3181 3082 Anno
3226 3025 3391 3080 Urbis
3418 3024 3548 3088 691,

1967 3130 2233 3183 Cicerone
2263 3135 2317 3180 et
2343 3124 2580 3179 Antonio
2616 3137 2788 3188 coss.,
2819 3120 3060 3191 primum
3097 3135 3127 3173 a
3155 3115 3413 3185 Pompeio
3449 3114 3550 3168 tri-

1971 3222 2160 3300 butum
2208 3217 2413 3272 ludatis
2460 3214 2780 3285 impositum
2823 3219 2987 3267 estza
3039 3224 3148 3279 quo
3188 3217 3434 3276 tempore
3483 3203 3552 3258 ad

1967 3297 2239 3381 Anti-patri
2293 3308 2773 3380 procurationem,
2829 3318 2955 3374 qua:
3003 3317 3150 3357 anno
3208 3299 3310 3353 707
3363 3297 3551 3365 empit,

1968 3405 2096 3460 anni
2133 3412 2260 3458 sunt
2293 3415 2400 3456 non
2428 3401 2612 3472 plures
2635 3415 2766 3464 xvn,
2798 3397 2998 3451 nedum
3032 3408 3227 3449 novem
3257 3402 3310 3445 et
3339 3389 3548 3457 viginti.

1969 3497 2178 3552 Herode
2210 3495 2428 3566 quidem
2461 3509 2643 3566 rerum
2671 3491 2910 3562 potiente
2955 3489 3223 3543 tributum
3248 3484 3418 3538 ullum
3445 3481 3553 3537 sal-

1972 3600 2078 3646 tem
2115 3589 2457 3646 ordinarium
2490 3565 2743 3642 eitaetum
2777 3583 2970 3648 fuisse,
3006 3595 3182 3648 neque
3219 3592 3407 3632 verum
3458 3591 3551 3629 ar-

1970 3684 2163 3747 bitror,
2197 3697 2297 3735 nec
2337 3680 2458 3749 ejus
2492 3677 2826 3733 mentionem
2875 3674 2959 3728 vel
3008 3672 3192 3726 littera
3229 3685 3336 3723 una
3374 3667 3552 3721 Lucas

1971 3767 2169 3838 attigit.
2206 3765 2322 3820 Non
2347 3766 2493 3819 enim
2530 3759 2948 3832 ἀπογράφεσθαι
2983 3758 3126 3813 idem
3159 3756 3302 3810 valet
3330 3769 3395 3809 ac
3424 3767 3553 3807 cen-

1972 3874 2118 3922 sum,
2151 3857 2234 3912 vel
2269 3857 2534 3911 tributum
2568 3854 2816 3918 solvere;
2853 3859 2970 3914 aut,
3005 3849 3051 3903 si
3077 3845 3221 3901 istud
3255 3845 3434 3912 ipsum
3476 3843 3555 3897 si-

1974 3949 2279 4020 gniﬁcaret,
2314 3947 2501 4001 statim
2535 3945 2602 4000 de
2648 3941 2928 3998 ordinaria
2967 3937 3334 4010 pensitatione
3367 3933 3554 4004 potius

1970 4038 2382 4109 intelligendum
2415 4036 2712 4099 videretur,
2743 4047 2906 4103 quam
2949 4030 3015 4085 ad
3060 4024 3554 4084 extraordinariam

1971 4131 2339 4188 referendum.
2373 4129 2478 4184 Sed
2507 4142 2610 4182 nec
2639 4126 2769 4180 illud
2801 4124 2995 4194 probo,
3018 4122 3163 4192 quod
3206 4119 3404 4173 ibidem
3435 4115 3556 4170 dis-

1971 4233 2242 4296 putatur:
2291 4230 2581 4293 propterea
2626 4217 2863 4288 primam
2905 4215 3053 4269 illam
3090 4229 3120 4267 a
3149 4210 3381 4278 Quirino
3425 4222 3557 4263 cen-

1978 4317 2191 4373 sionem
2225 4313 2538 4368 institutam
2569 4307 2872 4375 dici,.quod
2904 4305 3153 4381 Romano
3180 4318 3330 4358 more
3359 4301 3562 4370 quinto.

1975 4423 2196 4478 quoque
2245 4419 2392 4459 anno
2440 4417 2641 4459 census
2699 4401 3015 4454 haberetur.
3074 4395 3210 4450 Nam
3269 4409 3370 4449 nec
3422 4393 3560 4446 illud

293 4500 445 4563 quod
501 4498 689 4553 eodem
742 4497 1068 4568 pertinebat,
1131 4496 1404 4567 ascripsit.
1442 4496 1597 4562 Quod
1647 4497 1866 4566 quidem
1901 4509 1945 4563 ι)
1976 4505 2234 4566 perpetuo
2265 4493 2516 4548 tenuitut
2539 4491 2784 4560 quinque
2809 4489 2970 4542 annis
2991 4485 3332 4542 vertentibus
3355 4497 3563 4537 census

294 4590 533 4646 Eusebio
568 4590 745 4645 fraudi
797 4590 914 4644 fuit.
967 4588 1068 4655 Qui
1107 4590 1174 4643 ad
1222 4605 1426 4644 annum
1471 4589 1692 4644 tertium
1743 4586 1869 4642 Julii

291 4683 550 4750 Caesaris,
585 4683 786 4752 olymp.
842 4679 945 4734 188
997 4680 1237 4744 tertium,
1283 4681 1543 4742 adnotat,
1592 4680 1868 4733 decretum

291 4785 520 4831 senatus
559 4782 614 4828 et
649 4770 1062 4826 Atheniensium
1109 4770 1174 4824 ad
1207 4769 1426 4824 Judreos
1455 4784 1578 4825 esse
1619 4769 1868 4834 missum,

291 4868 388 4940 qui
417 4884 510 4938 per
529 4867 736 4936 legatos
758 4862 1056 4917 amicitiam
1078 4861 1443 4930 postularant.
1480 4859 1594 4914 Hoc
1623 4875 1754 4915 vero
1777 4860 1870 4914 diu

292 4970 422 5015 ante
451 4966 661 5028 gestum
691 4967 828 5022 erat,
861 4953 962 5010 sub
1015 4953 1266 5025 Hyrcano
1303 4951 1550 5017 Seniore,
1605 4961 1663 5005 ut
1698 4951 1870 5006 cuivis

291 5060 540 5122 apparet.

370 5141 493 5196 llzee
530 5143 707 5208 itaque
761 5137 995 5192 societas
1025 5143 1111 5190 est
1154 5135 1268 5199 illa,
1310 5141 1365 5188 et
1397 5132 1656 5197 amicitia,
1707 5148 1868 5201 quam

289 5235 396 5287 sub
425 5230 653 5302 Augusti
715 5229 928 5284 initium
967 5227 1104 5280 inter
1127 5225 1343 5282 Judteos
1375 5231 1429 5276 et
1461 5223 1739 5277 R‘omanos
1789 5222 1871 5275 irr-

291 5335 602 5380 stauratum
635 5323 793 5378 docet
823 5320 1183 5390 Epiphanius,
1217 5332 1339 5388 quae
1383 5315 1448 5370 ad
1481 5314 1607 5369 Julii
1639 5314 1870 5368 Caesaris

294 5427 539 5486 tempora
595 5415 756 5469 debet
805 5411 1032 5477 referri;
1066 5426 1190 5465 eum
1251 5407 1533 5479 Hyrcanus
1559 5405 1870 5460 Judzeorum

295 5507 564 5578 pontifex,
591 5515 644 5560 et
684 5503 982 5559 cthnareha
1011 5504 1080 5557 ab
1111 5501 1203 5556 illo
1253 5500 1586 5556 constitutus
1640 5508 1742 5554 est.
1794 5499 1872 5552 Ae

295 5615 410 5657 tum
433 5600 651 5670 quidem
686 5595 935 5651 nonnihil
970 5593 1157 5648 tributi
1210 5593 1431 5648 nomine
1479 5591 1871 5662 Hierosolymi-

271 5705 274 5708 '
303 5708 478 5756 Ianos,
509 5689 833 5758 Judaeosquc
864 5687 1090 5743 caeteros
1116 5684 1705 5755 pensitassedosephus
1733 5685 1870 5739 indi-

285 5794 381 5845 cat
407 5785 583 5854 capite
629 5783 721 5839 illo
753 5780 840 5850 t7,
882 5780 983 5837 etsi
1015 5779 1345 5850 perobscura
1372 5786 1500 5835 sunt
1526 5775 1738 5834 Juliana
1781 5777 1870 5834 illa

1973 4595 2245 4659 ageretur,
2281 4596 2335 4640 et
2383 4585 2547 4639 aliam
2597 4596 2824 4637 causam
2872 4595 2995 4634 esse
3047 4576 3397 4632 manifestum
3447 4582 3554 4636 est,

1973 4680 2043 4734 ob
2067 4693 2230 4749 quam
2263 4677 2438 4747 prima
2471 4676 2588 4730 hmc
2615 4675 2686 4730 sit
2714 4673 2984 4742 appellata
3014 4670 3328 4739 descriptio,
3362 4666 3560 4721 videli—
3612 4719 3619 4725 ,

1973 4782 2079 4837 cet,
2113 4773 2259 4840 quod
2308 4771 2477 4824 altera
2515 4777 2637 4837 post
2664 4766 2913 4822 Archelai
2953 4765 3344 4836 relegationem
3379 4760 3558 4816 eidem

1972 4865 2202 4932 Quirino
2233 4863 2487 4918 mandata
2514 4860 2701 4915 fuerit.
2738 4859 2811 4912 De
2848 4875 2959 4928 qua
2995 4873 3054 4912 re
3083 4857 3205 4911 vide
3236 4869 3358 4925 quae
3387 4851 3557 4906 θειω-

1974 4956 2090 5031 rius
2123 4962 2314 5009 noster
2359 4962 2412 5008 et
2458 4951 2725 5021 Keplerus
2762 4949 2980 5004 erudite
3015 4945 3371 5003 commentati
3407 4951 3556 4997 sunt.

1971 5045 2159 5116 Neque
2189 5045 2334 5099 enim
2385 5041 2663 5099 censionis
2707 5041 2878 5110 hujus
2924 5037 3261 5109 Epiphanius
3290 5033 3556 5096 meminit,

1975 5147 2034 5194 ut
2063 5153 2184 5194 eam
2212 5137 2372 5192 nobis
2407 5136 2768 5206 quzestionem
2801 5133 3078 5202 explicare
3109 5142 3333 5183 necesse
3369 5126 3460 5180 sit.

2043 5233 2224 5302 Atque
2265 5239 2325 5284 ut
2354 5230 2499 5285 hanc
2528 5229 2595 5284 de
2637 5225 2870 5282 Herodis
2913 5223 3075 5278 annis
3128 5221 3556 5291 disputationem

1975 5320 2268 5390 aliquando
2316 5319 2666 5380 concludam,
2715 5317 2785 5379 si,
2817 5315 2962 5385 quod
3001 5313 3306 5382 Epiphanio
3354 5313 3554 5383 placet,

1975 5427 2069 5466 vm
2117 5411 2194 5465 Id.
2235 5410 2509 5479 Jan.,quo
2538 5409 2626 5462 die
2662 5414 2824 5460 natus
2855 5415 2934 5460 est
2970 5405 3247 5470 Christus,
3275 5419 3420 5457 anno
3461 5403 3558 5458 Ju-

1948 5500 2122 5555 ‘liano
2147 5502 2248 5566 44,
2299 5500 2539 5555 Herodes
2587 5513 2791 5551 annuat
2842 5497 3036 5566 agebat
3083 5495 3297 5564 imperii
3356 5511 3553 5563 xum,

1974 5594 2094 5663 ejus
2131 5593 2345 5647 initium
2378 5592 2430 5645 in
2465 5589 2748 5644 lulianum
2786 5589 2844 5642 ll
2880 5587 3156 5648 convenit,
3191 5586 3416 5641 biennio
3447 5595 3558 5639 taro

1975 5685 2118 5751 dius,
2147 5701 2309 5754 quam
2342 5682 2568 5738 historia
2600 5681 2875 5750 postulat,
2905 5696 3028 5747 qua:
3051 5678 3281 5732 alterum
3321 5676 3550 5732 Herodis

1977 5776 2197 5832 initium
2229 5774 2447 5832 Juliano
2474 5775 2508 5829 9
2536 5771 2806 5829 accidisse
2836 5769 3130 5828 conﬁrmat
3161 5787 3174 5824 :
3204 5783 3235 5822 a
3263 5781 3376 5835 quo
3416 5783 3560 5824 cum.
