3986 6224
479 363 584 426 9'27

1617 359 1960 415 APPENDIX
2003 357 2636 414 DISSEIITATIONUM.

3657 357 3763 414 ωε

483 486 752 553 «Ιυδμιιιιιιε
803 496 970 535 χχχιιι
1017 481 1288 550 ἀιιιιιςιχιιι
1321 494 1496 534 annos
1545 478 1812 533 IIerodem
1871 478 2056 531 vixisse

2177 477 2467 530 inchoatus
2511 475 2708 530 fuerat.
2761 475 2836 528 Ita
2881 483 2996 539 est;
3033 473 3128 528 sed
3177 473 3318 527 κατὰ
3353 473 3622 544 πρόληψιν
3671 490 3764 530 se-

489 587 694 641 uarrct,
747 573 1087 644 Epiphanius
1129 573 1267 626 libro
1315 586 1354 636 ι,
1411 587 1470 625 n.
1523 572 1820 639 2,septem
1875 579 1930 623 et
1968 572 2068 624 tri-

481 669 629 738 ginta
660 666 902 726 deducit,
933 665 1134 734 quibus
1181 664 1308 718 totis
1343 677 1605 732 regnasse
1649 671 1773 732 post
1825 662 2065 732 primum

476 757 752 811 decretum
791 755 993 810 dicitur
1021 797 1036 823 ,
1072 771 1198 810 cum
1251 756 1450 809 borum
1511 754 1841 824 principium
1891 769 1920 806 a
1965 752 2066 808 Ju-

477 849 623 901 liano
655 855 812 902 sexto
847 847 1022 916 repeti
1060 846 1276 900 debeat.
1311 845 1584 911 Quocirca
1613 855 1848 900 mortem
1895 844 2064 900 Ilero-

475 939 561 993 dis
605 937 821 993 confert
853 937 906 991 in
941 953 1144 991 annum
1186 933 1472 991 Julianum
1509 937 1614 1002 47;
1645 952 1770 992 cum
1801 935 2066 992 Dominus

476 1043 739 1100 quartum
785 1029 898 1098 jam
936 1043 1140 1082 annum
1175 1029 1351 1082 anatis
1385 1028 1673 1096 attigisset.
1723 1026 1828 1082 Sed
1867 1029 1909 1082 si
1938 1044 2063 1082 vera

477 1129 625 1182 sunt,
656 1134 779 1188 quin
809 1117 1084 1186 Josephus
1109 1117 1177 1170 de
1207 1114 1420 1170 Ilerode
1455 1115 1796 1185 perscripsit,
1839 1129 2065 1168 necesse

475 1221 580 1274 est,
615 1221 672 1266 ut
713 1211 930 1265 Juliano
961 1209 1031 1262 4‘2
1065 1209 1366 1262 decesserit
1395 1225 1410 1261 :
1457 1207 1602 1261 unde
1649 1215 1702 1261 et
1745 1205 1974 1269 Natalis,
2007 1214 2065 1258 ut

477 1302 737 1362 diximus,
779 1300 994 1354 Domini
1025 1307 1280 1368 quatuor,
1319 1299 1403 1352 vel
1438 1299 1682 1368 quinque
1707 1299 1868 1353 annis
1908 1309 2064 1351 ante-

477 1393 770 1446 Vertendus
799 1391 921 1445 erit.
959 1391 1091 1456 Quae
1123 1391 1344 1460 quidem
1385 1405 1486 1445 nos
1533 1391 1777 1444 nondum
1815 1407 1878 1444 ex
1930 1392 2064 1460 opi—

479 1482 646 1536 nione
675 1492 862 1536 nostra
909 1481 1238 1546 constituta;
1267 1481 1360 1536 sed
1393 1497 1457 1535 ex
1483 1481 1708 1550 Josepbi
1741 1491 1940 1545 tuente,
1975 1491 2058 1534 at—

479 1588 582 1640 que
612 1573 840 1628 historia
887 1574 1114 1628 collecta
1151 1573 1335 1626 haberi
1369 1573 1414 1626 a‘
1445 1573 1766 1638 lectoribus,
1801 1573 2054 1642 expendi-

479 1679 587 1731 que
613 1665 888 1718 volumus.
927 1665 1190 1734 Superest
1219 1673 1276 1718 ut
1297 1666 1364 1719 de
1393 1665 1629 1735 Augusti
1660 1680 1827 1730 anno,
1861 1665 1954 1735 qui
1977 1675 2060 1719 est

481 1754 622 1809 alius
669 1751 878 1810 Natalis
914 1755 1182 1810 Dominicr
1227 1755 1514 1810 character
1549 1757 1616 1812 ab
1645 1756 1950 1827 Epiphanio
1977 1757 2058 1811 al-

477 1848 641 1914 latus,
681 1847 1068 1917 perstringam.

688 1982 860 2048 Quoto
887 1981 1114 2054 Augusti
1144 1999 1282 2036 atzno
1309 1992 1465 2038 natus
1498 1984 1566 2038 sit
1599 1983 1862 2040 Christus.

559 2115 718 2170 Anno
746 2115 1096 2185 imperatoris
1123 2115 1349 2184 Augusti
1391 2129 1508 2169 χιιι
1549 2125 1738 2169 natum
1764 2131 1882 2170 esse
1911 2115 2060 2170 Chri-

483 2217 650 2272 stum,
695 2215 882 2262 censet
933 2208 1304 2278 Epiphanius,
1347 2223 1510 2277 quem
1565 2223 1778 2262 annum
1831 2225 1896 2262 ex
1949 2225 2058 2278 quo

479 2297 650 2352 Judaei
684 2299 928 2353 Romano
961 2299 1189 2368 imperio
1221 2298 1496 2368 subjuncti
1532 2309 1682 2362 sunt,
1721 2315 1852 2353 χχιχ
1889 2297 2060 2353 fuisse

481 2388 636 2442 dicit.
669 2387 792 2442 Tria
822 2390 1170 2458 potissimum
1191 2389 1418 2456 Augusti
1444 2390 1856 2443 constituuntur
1880 2389 2055 2444 initia.

480 2479 726 2534 Primum
760 2481 830 2534 ab
873 2481 992 2556 ipso
1023 2497 1192 2544 anno,
1247 2496 1358 2549 quo
1391 2477 1572 2535 Julius
1603 2481 1786 2536 Czrsar
1833 2482 2060 2535 interfe-

481 2581 604 2626 ctus
630 2579 734 2634 est,
764 2570 858 2640 qui
895 2581 976 2625 est
1008 2569 1172 2624 Urbis
1202 2572 1322 2634 7I0,
1355 2569 1607 2626 Julianus
1629 2571 1683 2635 2;
1724 2573 1958 2626 alterum
1991 2573 2059 2626 ab

485 2675 632 2714 anno
661 2661 930 2729 Sequenti,
978 2659 1138 2716 Urbis
1175 2661 1272 2714 711
1305 2679 1318 2726 ;
1352 2661 1568 2714 tertium
1609 2663 1677 2716 ab
1721 2663 1943 2718 Actiaca
1981 2664 2060 2716 vi-

481 2752 675 2816 ctoria,
703 2752 818 2805 sive
846 2767 876 2806 a
903 2752 938 2804 2
961 2752 1110 2823 Sept.
1148 2753 1276 2806 anni
1320 2753 1486 2808 Urbis
1518 2753 1642 2818 725,
1673 2765 1730 2808 ut
1763 2753 1861 2808 Dio
1891 2761 2060 2809 testa-

485 2853 574 2895 tur
626 2842 680 2895 in
712 2843 936 2896 exordio
987 2845 1082 2898 lib.
1123 2859 1196 2898 ιι.
1253 2841 1390 2898 Ilinc
1445 2845 1698 2898 diversus
1749 2845 1814 2898 ad
1853 2845 2056 2900 Christi

482 2932 726 2990 Natalem
763 2949 1029 2990 annorum
1061 2935 1290 3006 Augusd
1321 2951 1584 2991 numerus
1631 2939 1910 2992 statuitur.
1952 2937 2058 2992 Sed

483 3029 642 3100 vulgo
677 3045 785 3083 χιιι
830 3028 951 3098 ejus
995 3043 1140 3083 anno
1167 3037 1354 3081 natum
1386 3043 1509 3082 esse
1543 3027 1732 3083 Patres
1765 3029 2054 3095 allii-munt,

485 3121 776 3178 Eusebium
820 3121 1014 3186 secuti,
1061 3123 1156 3190 qui
1189 3121 1428 3190 idipsum
1479 3120 1678 3175 Eccles.
1717 3121 1841 3175 hist.
1885 3121 1978 3175 lib.
2017 3137 2054 3184 ι,
2084 3166 2126 3222 C

478 3229 598 3281 cap.
633 3213 686 3277 6,
708 3223 760 3267 et
795 3212 848 3265 in
881 3212 1154 3266 Chronicis
1183 3213 1421 3282 scripsit.
1447 3212 1602 3278 Quod
1624 3224 1802 3267 autem
1823 3213 2055 3267 Annales

480 3304 826 3355 erciesiastici
879 3291 1144 3368 tradunt,
1197 3319 1294 3358 eos
1331 3303 1423 3372 qui
1471 3305 1523 3357 in
1572 3319 1776 3357 annum
1823 3304 2054 3374 Augusti

483 3409 592 3447 χιιι
649 3394 894 3448 Natalem
928 3396 1134 3450 Christi
1164 3393 1478 3460 conferunt,
1503 3393 1570 3446 ab
1599 3395 1719 3462 ipso
1747 3409 1914 3458 anno,
1945 3410 2055 3464 quo

481 3483 660 3536 Julius
694 3485 875 3538 Caesar
902 3485 1222 3540 interfectus
1251 3493 1357 3550 est,
1382 3499 1557 3540 annos
1571 3485 1811 3539 exordiri
1838 3504 1852 3539 :
1890 3487 2054 3542 simul

480 3574 627 3642 quod
678 3575 1026 3630 librariorum
1084 3576 1244 3644 culpa
1295 3575 1500 3632 factum
1550 3587 1764 3646 putant,
1827 3587 2052 3633 utrum

483 3663 749 3718 Eusebius
791 3663 910 3733 ipso
959 3679 1106 3718 anno
1146 3663 1374 3720 Julianus
1411 3667 1578 3732 necis,
1625 3668 1720 3736 qui
1763 3677 1846 3723 est
1886 3669 2052 3740 nlym.

480 3754 585 3808 I84
615 3757 848 3825 primus,
891 3755 1124 3828 Augusti
1167 3757 1442 3824 posuisset
1483 3758 1722 3824 initium,
1765 3759 1819 3813 id
1857 3761 1910 3812 in
1969 3775 2057 3815 se—

478 3857 732 3916 quentem
769 3847 1096 3900 translatum
1132 3846 1296 3915 fuerit
1320 3849 1784 3914 quemadmodum
1807 3859 1859 3904 et
1887 3848 2051 3905 Nata-

477 3939 545 3992 lis
575 3937 778 3992 Christi
821 3938 874 3992 in
909 3955 1113 3994 annum
1160 3939 1378 3994 tertium
1409 3939 1614 4010 olymp.
1649 3941 1768 4006 194,
1801 3957 1926 3996 cum
1963 3959 2050 3998 se-

478 4033 658 4084 cundo
683 4044 749 4084 ex
779 4037 962 4086 mente
1001 4031 1217 4085 Eusebii
1265 4041 1556 4100 competat,
1607 4043 1862 4088 neutrum
1911 4035 2044 4089 mihi

478 4119 694 4189 quidem
731 4121 1013 4189 probatur.
1057 4121 1112 4174 In
1151 4121 1342 4190 primis
1398 4122 1544 4176 enim
1586 4124 1727 4192 apud
1755 4121 2050 4178 Eusebium

481 4213 534 4266 in
597 4213 840 4268 editione
884 4212 1130 4278 Pontaei,
1181 4213 1466 4268 Octaviani
1527 4215 1743 4269 initium
1799 4216 2052 4287 alligatur

477 4319 663 4356 anuoa
686 4305 917 4358 Caesaris
943 4305 1368 4374 neceproximo,
1401 4305 1728 4376 Olympiadis
1767 4309 2008 4362 secundo
2035 4327 2048 4362 :

476 4393 682 4448 Natalis
723 4411 852 4449 vero
913 4397 1116 4450 Christi
1163 4413 1306 4450 anno
1333 4399 1492 4450 tertio
1527 4399 1694 4467 olym.
1735 4398 1854 4460 194,
1905 4399 2049 4468 quod

2173 568 2418 621 cnmlum
2471 577 2528 621 et
2575 563 3062 635 quadragesimum
3122 579 3328 619 annum
3377 581 3408 618 a
3462 563 3581 618 Kal.
3635 565 3758 621 Jan.

2174 660 2413 728 incepit;
2443 658 2590 728 quod
2627 657 2910 727 plerisque
2953 657 3270 726 scriptorib.
3299 657 3422 710 aliis
3465 668 3550 711 est
3601 657 3758 712 fami-

2172 750 2327 804 liare.
2369 749 2504 803 Nam
2545 749 2692 818 quod
2745 749 2814 803 ab
2855 746 3018 802 Urbis
3057 763 3202 802 anno
3249 748 3384 810 711,
3414 747 3638 803 Juliano
3695 751 3752 816 5,

2169 841 2406 912 Augusti
2441 857 2614 895 annos
2655 850 2962 910 computet,
2991 849 3320 910 argumento
3347 849 3436 895 est
3477 844 3752 910 temporis.

2171 949 2286 1004 quo
2331 935 2642 1004 imperavit,
2711 933 2801 987 illa
2845 933 3100 1002 partitio;
3141 947 3250 1002 qua
3302 932 3556 1002 primum
3585 949 3754 988 annos

2171 1027 2434 1082 tredecim
2487 1027 2788 1095 imperasse
2833 1024 3059 1088 scribit,
3117 1023 3284 1093 πρινὴ
3331 1024 3434 1094 τὴν
3499 1023 3750 1076 Ἰουδαίαν

2170 1117 2508 1188 συναφθῆναι
2543 1116 2762 1179 τελείως
2811 1115 3102 1186 Ῥωμαίοις
3122 1155 3138 1178 ,
3169 1115 3314 1183 quod
3341 1129 3488 1168 anno
3517 1115 3626 1176 illi,
3663 1117 3750 1183 qui

2163 1211 2444 1264 Actiacam
2483 1209 2766 1263 victoriam
2810 1217 3028 1262 secutus
3069 1219 3172 1274 est,
3209 1189 3504 1276 -congruit,
3536 1205 3750 1260 Juliano

2165 1303 2374 1357 scilicet
2402 1301 2487 1358 I6.
2517 1300 2880 1368 Quamobrem
2913 1315 2942 1352 a
2967 1297 3186 1352 Juliano
3209 1299 3372 1352 tertio
3392 1298 3458 1352 ad
3481 1297 3748 1352 decimum

2163 1395 2418 1462 quintum
2474 1393 2602 1446 anni
2649 1391 2920 1453 tredecim
2963 1391 3238 1444 exsistunt
3279 1409 3292 1442 :
3330 1391 3534 1458 quibus
3585 1391 3750 1446 additi

2171 1483 2263 1548 29,
2305 1497 2579 1538 summam
2629 1497 2739 1536 χιιι
2787 1481 3108 1545 coniiciunt,
3167 1497 3402 1549 quorum
3445 1489 3754 1548 postremus

2161 1577 2232 1631 41
2263 1564 2490 1629 Juliano
2525 1574 2734 1642 incipit,
2769 1571 3072 1641 etquidem
3111 1585 3176 1624 ex
3213 1571 3278 1622 A.
3333 1569 3395 1623 1).
3447 1569 3566 1622 Κιιι.
3603 1568 3750 1632 Jan.,

2163 1681 2221 1724 ut
2247 1670 2452 1723 dictum
2491 1673 2598 1720 est.
2639 1668 2814 1731 Quam
2849 1665 2920 1716 ob
2948 1677 3166 1716 causam
3207 1677 3352 1716 anno
3395 1663 3630 1730 Augusti
3665 1673 3752 1714 ιιι

2162 1763 2365 1832 potius,
2415 1775 2580 1830 quam
2619 1773 2728 1812 χιιι
2757 1756 2962 1810 Natalis
2992 1755 3192 1810 Christi
3234 1755 3599 1824 assignandus
3631 1753 3760 1814 fuit,

2089 1825 2132 1880 Β
2157 1825 2286 1908 cum
2341 1825 2568 1924 Iret—nco,
2596 1847 2848 1910 'l'ertull.,
2895 1846 3016 1900 aliis
3057 1845 3454 1915 compluribus.
3479 1847 3750 1900 Cancrum

2161 1943 2303 1994 idem
2327 1941 2415 1994 ille
2445 1954 2622 1992 annus
2647 1949 2770 2008 post
2800 1937 3078 1991 Actiacam
3111 1935 3391 1990 victoriam
3423 1945 3508 1990 est
3539 1951 3750 2002 xxviii;

2161 2032 2416 2086 Actiacos
2435 2031 2580 2084 enim
2613 2045 2788 2082 annos
2819 2026 3060 2097 Aigyptii
3095 2041 3384 2081 numerare
3409 2035 3698 2096 eruperunt
3719 2041 3752 2082 ι

2159 2123 2380 2178 Juliano
2429 2121 2516 2188 16,
2567 2119 2732 2174 Urbis
2774 2119 2896 2174 724.
2947 2118 3130 2188 Itaque
3179 2119 3474 2172 vicesimus
3525 2128 3752 2175 octavus

2168 2218 2336 2287 cmpit
2361 2216 2582 2271 Juliano
2611 2215 2700 2276 15,
2733 2213 2988 2282 idemque
3009 2221 3062 2266 et
3089 2220 3348 2279 sequente
3368 2209 3612 2276 Juliano,
3643 2227 3752 2281 quo

2161 2317 2322 2360 natus
2343 2313 2429 2360 est
2461 2320 2529 2358 ex
2570 2301 2860 2372 Epiphanii
2897 2303 3166 2356 sententia
3193 2300 3472 2364 Christus,
3505 2301 3752 2356 Januarii

2161 2414 2238 2462 vt,
2275 2397 2458 2451 adhuc
2491 2397 2544 2450 in
2575 2411 2742 2450 cursu
2774 2405 2914 2461 erat,
2949 2410 3110 2464 quem
3140 2395 3230 2448 ille
3267 2405 3448 2449 tamen
3485 2411 3613 2449 χχιχ
3659 2412 3752 2466 ap-

2161 2491 2324 2560 pellat
2361 2508 2374 2544 :
2411 2489 2560 2559 quod
2599 2487 2703 2543 nisi
2750 2487 2930 2552 fallor,
2971 2497 3164 2542 contra
3197 2498 3362 2557 atque
3391 2488 3749 2544 Alexandrini

2161 2589 2580 2640 consueverant.
2619 2596 2648 2634 a
2699 2579 2817 2633 Kal.
2869 2577 2992 2632 Jan.
3025 2580 3360 2650 auspicetur.
3407 2579 3594 2650 Neque
3625 2597 3756 2636 vero

2162 2683 2342 2722 causa:
2372 2667 2672 2737 quidquam
2710 2667 2834 2732 fuit,
2867 2684 2966 2722 cur
3017 2669 3072 2722 in
3117 2667 3420 2724 Annalibus
3464 2671 3594 2726 eccl.
3637 2674 3750 2726 mi-

2161 2774 2284 2812 rum
2317 2760 2613 2824 videretur,
2641 2761 2786 2829 quod
2811 2759 3064 2816 Clentens
3083 2769 3135 2814 et
3155 2759 3425 2816 Eusebius
3439 2763 3510 2816 ab
3527 2764 3748 2819 Actiaca

2163 2864 2346 2920 pugna
2413 2863 2590 2904 annos
2653 2850 2717 2902 ad
2765 2847 3014 2904 Natalem
3079 2849 3302 2904 Domini
3361 2865 3746 2922 computat-ent

2164 2957 2355 3004 xxv-ur,
2389 2949 2486 2995 aut
2517 2941 2665 3011 quod
2705 2939 2979 2997 Eusebius
3003 2941 3059 2996 in
3099 2939 3380 2998 Chrouicis
3445 2943 3746 2996 Antonium

2161 3041 2214 3086 et
2261 3031 2616 3099 Cleopatram
2670 3031 2976 3087 debellatos
3027 3033 3315 3103 scripserit
3375 3051 3528 3090 anno
3589 3037 3748 3090 tertio

2161 3122 2366 3192 olymp.
2420 3120 2544 3184 187,
2589 3137 2714 3176 cum
2745 3137 2808 3176 ea
2840 3121 3066 3176 victoria
3101 3138 3246 3178 anno
3271 3122 3438 3180 Urbis
3479 3127 3748 3182 accideret

2161 3213 2284 3278 79.5,
2313 3213 2558 3282 Angusto
2605 3229 2666 3267 ιιι
2709 3222 2764 3268 et
2791 3212 3022 3270 Messala
3063 3217 3570 3287 coss.,nlympiadis
3603 3233 3746 3271 anno

2161 3303 2324 3358 tertio
2363 3321 2378 3358 :
2411 3319 2535 3358 nam
2564 3303 2774 3358 Actiaci
2821 3304 2976 3372 anni,
3027 3305 3230 3376 quibus
3282 3305 3541 3362 Clemens
3583 3319 3746 3376 atque

2159 3395 2428 3450 Eusebius
2475 3394 2560 3450 usi
2613 3401 2764 3458 sunt,
2805 3409 2914 3448 non
2971 3395 3042 3448 ab
3087 3395 3208 3463 ipso
3261 3410 3430 3457 anno,
3469 3397 3526 3450 in
3581 3411 3741 3466 quem

2157 3501 2335 3556 pugna
2391 3502 2455 3540 ac
2489 3486 2718 3540 victoria
2761 3486 2975 3550 cecidit,
3008 3485 3104 3540 sed
3147 3502 3177 3540 a
3226 3489 3477 3556 sequenti
3531 3489 3740 3552 ineunt,

2155 3579 2478 3648 Olympiadis
2523 3577 2625 3632 187
2687 3577 2868 3642 tertio,
2911 3585 3036 3647 post
3073 3577 3296 3631 Antonii
3343 3587 3397 3631 et
3441 3575 3742 3648 Cleopatra:

2155 3683 2366 3723 necem.
2401 3667 2556 3723 Unde
2589 3684 2766 3723 annos
2799 3667 3032 3739 Augusti
3075 3667 3322 3738 plerique
3354 3679 3488 3723 sunt
3533 3670 3738 3734 exorsi,

2155 3757 2250 3827 qui
2295 3767 2585 3827 propterea
2633 3773 2777 3812 anno
2805 3756 3039 3828 Augusti
3090 3772 3264 3810 χχχιιι
3313 3767 3502 3836 natum
3553 3760 3738 3815 dixere

2155 3849 2464 3922 Christum.
2511 3847 2838 3919 Quanquam
2883 3847 2937 3902 in
2969 3863 3036 3903 eo
3080 3847 3296 3919 negotio
3327 3849 3615 3920 diligenter
3645 3851 3736 3907 ha-

2155 3937 2336 3994 benda
2369 3939 2510 3994 ratio
2535 3946 2642 4006 est,
2687 3939 2816 4007 quid
2859 3939 3160 4010 scriptores
3201 3940 3256 3993 in
3297 3939 3534 3994 Actiacae
3567 3941 3738 3996 victo-

2156 4033 2252 4088 ria:
2301 4032 2510 4102 epoeha
2559 4031 3042 4088 commemoranda
3098 4031 3202 4085 sibi
3255 4031 3546 4088 voluerint.
3601 4033 3734 4089 Nam

2155 4141 2280 4180 cum
2311 4126 2557 4178 Actiacos
2583 4140 2749 4176 annos
2791 4123 3126 4190 exprimunt,
3181 4139 3212 4177 a
3245 4123 3464 4178 Juliano
3509 4126 3596 4191 16,
3639 4128 3734 4196 qui

2155 4217 2378 4270 Actiaca
2419 4215 2648 4270 victoria
2698 4215 2968 4285 posterior
3017 4224 3121 4281 est,
3169 4215 3456 4284 incipiunt.
3519 4217 3618 4271 Sin
3665 4219 3734 4274 ab

2157 4307 2382 4362 Actiaca
2431 4307 2660 4362 victoria
2697 4315 2776 4360 tot
2811 4322 2988 4362 annos
3029 4307 3246 4376 elapsos
3275 4324 3398 4363 esse
3431 4309 3635 4373 dicant,
3666 4313 3736 4364 ah

2157 4399 2392 4468 ipsemet
2425 4415 2620 4470 pugna:
2647 4399 2856 4452 navalis
2889 4414 3034 4452 anno
3067 4399 3274 4454 ducunt
3319 4401 3554 4454 initium.
3589 4403 3736 4468 Quo-

475 4493 530 4536 et
553 4482 824 4538 I’ontacus
863 4475 980 4553 ipse
1008 4486 1090 4538 vir
1116 4488 1366 4540 eruditus
1395 4489 1734 4557 argumentis
1763 4491 2047 4558 approbat.
2087 4507 2132 4564 ι)
2159 4491 2304 4546 circa
2327 4531 2342 4554 ,
2391 4490 2669 4544 immerito
2729 4477 3009 4558 Scaligero
3059 4500 3278 4544 notatur
3331 4493 3734 4547 eruditissimus

477 4571 631 4625 Adde
673 4574 820 4642 quod
857 4573 1130 4629 Eusebius
1155 4578 1398 4644 Augusto
1430 4593 1604 4633 annos
1655 4579 1890 4647 imputat
1939 4596 2050 4644 Lv't,

479 4677 694 4717 menses
721 4679 792 4729 vi,
826 4666 926 4718 hoc
955 4677 1036 4720 est
1067 4668 1382 4722 inchoatum
1412 4683 1545 4723 Lvu.
1573 4671 1754 4736 Quare
1781 4687 1905 4726 cum
1936 4675 2052 4728 Au-

475 4764 670 4824 gustus
704 4769 850 4808 anno
885 4754 1046 4810 Urbis
1077 4757 1174 4810 767
1211 4758 1427 4812 duobus
1469 4759 1651 4813 Sextis
1701 4775 1846 4815 coss.
1899 4777 2051 4815 mor-

477 4855 604 4899 tuus
623 4846 714 4910 sit,
741 4861 826 4898 xlv
855 4846 974 4900 Kal.
1007 4846 1156 4916 Sept.
1188 4865 1366 4904 annus
1397 4852 1540 4918 apud
1569 4849 1861 4906 Eusebium
1891 4855 2053 4922 quiu-

475 4937 828 5006 quagcsimus
891 4937 1158 5006 septimus
1221 4953 1249 4991 a
1301 4939 1492 4994 Martio
1545 4941 1730 4994 debuit
1773 4941 2050 5011 incipere,

475 5030 709 5101 ideoque
737 5033 946 5101 primus
975 5031 1165 5085 incidit
1197 5032 1248 5086 in
1293 5029 1458 5086 Urbis
1485 5033 1608 5087 711.
1652 5035 1840 5104 Itaque
1873 5051 2052 5091 annus

475 5123 701 5194 Augusti
749 5139 858 5177 χιιι
908 5123 1074 5193 cu-pit
1109 5121 1272 5178 Urbis
1323 5141 1468 5179 anno
1519 5125 1642 5190 752,
1689 5124 1908 5184 Juliano
1949 5127 2048 5194 M;

471 5217 744 5286 Joscphus
771 5233 899 5272 vero
923 5217 1018 5270 lib.
1053 5233 1090 5270 ιι
1121 5216 1192 5270 De
1214 5218 1442 5283 excidio,
1469 5234 1590 5288 cap.
1615 5218 1670 5283 8,
1694 5235 1816 5274 cum
1839 5221 2050 5291 imperii

472 5323 650 5362 annos
689 5319 943 5362 numerat
996 5324 1129 5374 Lvtt,
1167 5324 1380 5364 menses
1430 5325 1502 5374 vt,
1543 5311 1662 5366 dies
1707 5328 1766 5377 ιι,
1811 5313 1882 5368 al)
1932 5314 2050 5382 ipso

471 5417 618 5454 anno
647 5398 879 5454 Juliana:
909 5401 1074 5456 caulis
1105 5401 1354 5460 orditur:
1387 5411 1440 5456 et
1463 5403 1682 5470 quidem
1713 5411 1931 5472 postero
1961 5406 2052 5459 die

475 5492 542 5544 ab
571 5491 750 5545 Idibus
778 5490 1010 5546 Martiis.
1048 5490 1388 5561 Epiphanius
1425 5500 1630 5558 autem,
1657 5494 1752 5562 qui
1789 5509 1934 5548 anno
1959 5492 2050 5549 Ju-

477 5581 620 5636 liano
661 5582 752 5646 44,
785 5592 972 5637 natum
1023 5581 1360 5638 Salvatorem
1397 5585 1648 5650 credidit,
1679 5601 1772 5639 vni
1803 5584 1876 5639 Id.
1923 5585 2045 5641 Jan.

476 5687 622 5726 anno
645 5673 874 5740 Augusti
905 5691 1036 5739 χιιι,
1071 5675 1282 5729 inititun
1319 5677 1440 5745 ejus
1471 5679 1662 5731 statuit
1685 5675 1902 5734 Juliano
1933 5689 2044 5734 ter-

477 5763 578 5829 tio.
609 5761 772 5820 Urbis
801 5766 922 5831 7H,
967 5768 1110 5836 atqui
1141 5769 1380 5824 nondunt
1413 5785 1544 5833 χιιι,
1576 5767 1840 5828 Januario
1859 5787 2047 5830 mense

2157 4582 2420 4636 Onui'rius
2455 4599 2467 4634 :
2504 4582 2650 4650 quod
2695 4597 2819 4636 cum
2869 4592 3056 4636 natum
3097 4597 3219 4637 esse
3251 4583 3534 4638 Christum
3583 4601 3734 4638 asse-

2157 4673 2382 4736 ruisset,
2409 4673 2656 4742 Augusto
2689 4686 2783 4726 xui
2818 4679 2872 4726 et
2902 4669 3124 4724 Silvano
3158 4688 3304 4726 coss.
3353 4672 3484 4743 (Est
3517 4675 3604 4728 bic
3633 4691 3732 4728 an-

2155 4781 2258 4819 nus
2284 4763 2536 4818 Julianus
2560 4763 2652 4830 4-1,
2683 4763 2886 4834 olymp.
2937 4763 3036 4817 194
3065 4763 3308 4834 tertius),
3349 4766 3598 4820 cttmdcm
3635 4767 3734 4822 Ur-

2155 4855 2240 4910 bis
2289 4869 2412 4910 esse
2461 4854 2717 4908 statuerit
2765 4853 2902 4914 7.52,
2957 4853 3238 4908 Actiacum
3293 4871 3421 4908 xxx.
3471 4857 3729 4926 Scaligeri

2153 4945 2316 5000 verba
2345 4951 2473 4998 sunt
2505 4944 2600 4998 lib.
2633 4960 2683 4996 vi
2717 4942 2794 4997 De
2824 4945 3030 4997 emend.
3056 4961 3074 4996 :
3109 4943 3250 4996 Nam
3273 4947 3604 4998 verissimum
3633 4960 3730 5011 est,

2153 5035 2490 5091 consulatum
2533 5035 2762 5105 Augusti
2794 5050 2888 5089 xm
2927 5035 3256 5089 concurrisse
3273 5053 3388 5088 cum
3413 5053 3550 5089 anno
3577 5041 3730 5092 tertio

2153 5129 2348 5198 olymp.
2389 5127 2505 5182 I94.
2543 5125 2645 5182 Sed
2675 5144 2793 5180 eum
2835 5143 3033 5180 annum
3075 5126 3332 5180 Palilinm
3377 5127 3731 5184 Varroniano-

2155 5233 2272 5270 rum
2318 5217 2480 5283 fuisse
2515 5217 2639 5279 732,
2693 5226 2742 5270 et
2789 5216 3068 5269 Actiacum
3111 5217 3333 5270 50:!toc
3380 5235 3498 5272 vero
3533 5220 3728 5288 [uisum

2149 5320 2248 5362 est.
2288 5306 2402 5361 Uno
2426 5308 2564 5360 enim
2599 5323 2737 5359 anno
2767 5307 2886 5376 plus
2913 5307 3064 5360 dicit.
3097 5305 3202 5360 Sed
3231 5307 3346 5362 haec
3373 5325 3500 5363 cum
3525 5313 3726 5364 scribe-
3767 5329 3776 5338 '

2151 5409 2234 5454 ret
2263 5399 2498 5470 vigilans
2533 5399 2842 5453 somniabat
2871 5397 3132 5470 Scaliger.
3161 5398 3308 5453 Nihil
3343 5403 3490 5454 enim
3523 5405 3724 5458 certius

2149 5503 2251 5558 est,
2283 5507 2448 5562 quam
2493 5507 2559 5546 ex
2603 5489 2894 5555 Varronis,
2952 5491 3235 5560 ipsiusque
3265 5491 3401 5544 adeo
3465 5491 3724 5564 Scaligeri

2150 5589 2384 5650 ratione,
2433 5585 2780 5640 consulatum
2819 5586 3048 5654 Augusti
3079 5600 3176 5638 xm
3205 5592 3258 5638 et
3285 5585 3490 5638 Silvani
3532 5589 3598 5639 ad
3629 5601 3722 5638 an—

2150 5696 2280 5734 num
2327 5676 2492 5733 Urbis
2541 5678 2642 5732 75?.
2676 5679 2972 5747 pertinere,
3016 5675 3292 5730 Juliauum
3326 5675 3416 5742 44,
3461 5693 3572 5746 per.
3613 5675 3720 5734 Jul.

2150 5771 2311 5840 4712,
2341 5771 2492 5840 cyelo
2515 5769 2647 5826 solis
2673 5786 2789 5837 χιχ,
2819 5771 2960 5826 luna:
2990 5787 3106 5834 vui,
3137 5771 3325 5825 indict.
3355 5785 3415 5824 ιι.
3439 5769 3536 5826 Est
3558 5773 3722 5826 etiam
