3986 6224
242 326 352 383 929

242 531 429 600 ipsum
464 547 662 601 pugnze
690 533 928 601 primum
961 545 1237 586 numeres.
1271 528 1459 600 Neque
1483 543 1616 583 vero
1646 529 1834 580 Actia-

241 638 366 675 cum
387 639 586 676 (mnum
612 638 719 676 xxx
749 638 872 677 esse
897 622 1035 676 dixit
1055 620 1319 676 Onufrius
1349 639 1361 674 :
1391 620 1484 676 sed
1508 628 1625 688 post
1650 619 1825 672 Actia-

242 731 368 767 cam
402 716 703 779 vinariam,
732 715 836 768 hoc
861 725 945 769 est
974 715 1259 769 Actiacum
1288 709 1439 769 xiix.

318 807 609 861 Postremo
645 806 700 860 in
732 822 838 861 :nra
873 806 1204 879 Dionysiana
1250 816 1401 863 extra
1435 805 1831 860 dubitationem

241 906 352 957 est.
388 898 667 953 Christum
705 898 938 969 Augusti
974 916 1125 964 XLIII,
1165 900 1387 954 Actiaco
1427 914 1555 954 vero
1593 914 1701 952 xxx
1739 911 1836 951 na-

242 998 365 1042 tum
402 1003 544 1043 esse.
603 987 761 1055 Quod
811 989 859 1044 si
910 988 982 1042 40
1011 990 1095 1044 vel
1128 990 1190 1044 41
1226 989 1450 1044 Juliano
1491 1005 1556 1043 ex
1600 989 1835 1042 aliorum

244 1081 520 1135 sententia
556 1091 712 1137 ortus
756 1090 931 1149 esset,
968 1082 1020 1137 id
1057 1083 1110 1137 in
1157 1083 1264 1148 58,
1309 1082 1393 1137 vel
1424 1081 1496 1137 59
1533 1080 1834 1146 Julianum,

243 1174 531 1227 Actiacum
570 1188 696 1227 vero
725 1190 856 1236 xxv,
889 1175 974 1228 vel
1008 1173 1079 1228 26
1110 1174 1448 1230 conveniret.

317 1264 437 1318 Col.
485 1264 592 1318 952
636 1265 696 1319 Β.
759 1265 1171 1333 Γενηθέντος
1212 1265 1282 1319 δὲ
1340 1264 1528 1319 αὐτοῦ
1568 1263 1701 1332 περὶ
1734 1263 1842 1317 τὸν

261 1354 690 1425 Ἰαννουάριον.
719 1356 1317 1413 annlentissimushic
1339 1357 1623 1412 locusest:
1653 1355 1705 1408 in
1732 1368 1841 1424 quo

250 1446 498 1502 Natalem
515 1449 717 1503 Christi
744 1450 885 1503 diem
910 1449 1324 1505 accuratissime
1336 1447 1758 1504 circumscribit.
1778 1444 1843 1499 Et

253 1541 475 1610 quidem
507 1540 571 1594 A.
617 1538 678 1593 1).
710 1555 804 1594 vin
846 1538 924 1594 ld.
954 1539 1214 1604 Jan.,hoc
1239 1548 1325 1595 est
1368 1538 1611 1593 Januarii
1654 1555 1729 1601 vn,
1788 1537 1843 1591 in

255 1647 420 1702 quem
449 1630 878 1702 Epiphaniorum
912 1630 1109 1688 festum
1142 1630 1371 1698 incidit,
1404 1640 1588 1685 uatum
1625 1644 1847 1685 asseve-

178 1752 189 1763 ι
254 1736 338 1779 rat
366 1764 381 1785 .
413 1738 478 1778 ex
509 1722 787 1778 communi
832 1721 1217 1793 IEgyptiorum
1265 1722 1570 1785 sententia,
1623 1721 1691 1775 de
1737 1734 1844 1790 qua

1359 278 1379 292 ’
1429 319 1520 375 DE
1558 316 1747 374 ANNO
1787 315 2046 373 manu
2085 317 2385 378 CHRISTI.

242 440 339 494 hic
368 454 549 494 annus
588 440 657 495 ab
693 438 915 494 Actiaca
963 452 1141 508 pugna
1189 436 1526 501 tricesimus,
1555 436 1601 491 si
1632 448 1837 489 annum
1870 439 1916 492 Α

2086 436 2352 516 ῌᾴνεμος.
2918 439 3117 516 Julius.

2083 507 2254 581 Acone.
2298 579 2316 581 η
2918 512 3218 581 Augustus.

2084 576 2393 650 [ρρπιςξῖθς.
2918 576 3257 650 September.

2095 646 2572 718 ξΥπερΰερεταῖος.
2916 646 3168 707 October.

2084 716 2245 778 Δῖος(
2338 716 2346 718 “
2916 719 3239 775 November.

2095 786 2425 851 Ἀπελλαῖος.
2924 790 3236 847 December.

2011 894 2144 961 Quae
2187 900 2459 953 mensium
2520 901 2809 956 concordia
2866 917 2931 956 ex
2980 902 3237 967 Socrate,
3280 900 3532 973 Evagrio,

1944 983 2133 1051 Suida,
2189 997 2433 1043 veterum
2474 991 2831 1046 conciliorum
2871 991 3337 1062 inscriptionibus,
3370 1001 3423 1046 et
3449 992 3534 1045 in-

1946 1075 2115 1134 linitis
2154 1078 2275 1135 aliis
2326 1081 2653 1137 testimoniis
2720 1084 2875 1137 tidem
2929 1093 3185 1138 meretur.
3235 1083 3371 1137 Illud
3406 1096 3535 1137 vero

1862 1237 1870 1246 .
1945 1177 2184 1233 constat,
2218 1170 2579 1242 Epiphanium
2614 1190 2794 1230 meros
2836 1191 3053 1231 menses
3082 1174 3330 1230 Julianos
3374 1176 3538 1229 intel-

1947 1262 2134 1329 ligere.
2167 1261 2305 1316 Nam
2345 1264 2608 1334 Audyna-i
2660 1265 2759 1336 τὴν
2808 1267 2977 1339 ’ἐκτην
3011 1266 3030 1337 (
3058 1281 3342 1336 perperam
3373 1266 3534 1319 ἕκτου

1949 1353 2213 1423 scriptum
2233 1353 2335 1423 est)
2353 1370 2476 1411 cum
2504 1374 2554 1411 vi
2577 1354 2803 1412 Januar.
2827 1368 3125 1429 comparat.
3148 1357 3359 1413 Rursus
3385 1357 3530 1412 enim

1949 1442 2146 1497 vitiosa
2196 1443 2354 1498 lectio
2406 1453 2490 1499 est
2531 1446 2759 1517 πέμπτη
2813 1447 3179 1519 Ἱανουαρίου,
3237 1461 3335 1515 pro
3378 1444 3534 1515 ἕκτη.

1954 1534 2195 1589 Tametsi
2229 1536 2527 1591 Cornarius
2557 1540 2802 1607 quintam
2832 1537 3085 1592 Januarii
3115 1539 3357 1603 verterit,
3392 1536 3537 1608 quod

1956 1626 2235 1681 nonnullis
2283 1627 2596 1696 imposuit:
2645 1628 2740 1699 qui
2792 1630 2906 1685 lucc
2960 1629 3154 1699 Epiph.
3209 1630 3374 1684 verba
3433 1626 3541 1699 πρὸ

1954 1713 2099 1769 ὀκτὼ
2131 1714 2299 1769 Εἰδῶν
2326 1715 2406 1770 sic
2435 1718 2710 1787 accepisse
2730 1719 3004 1783 videntur,
3031 1720 3189 1789 quasi
3221 1728 3366 1774 esset
3393 1718 3536 1788 prid.

256 1816 496 1871 subinde
525 1814 774 1869 nonnihil
805 1814 1162 1869 disseremus.
1206 1812 1310 1868 Sed
1343 1812 1578 1884 primum
1616 1812 1844 1883 singula:
1879 1796 1920 1850 Β
1950 1822 2044 1860 vni
2083 1807 2227 1867 ldus,
2281 1807 2383 1862 hoc
2425 1817 2509 1862 est
2554 1806 2722 1865 Nonis
2776 1811 2909 1881 ipsis
2948 1809 3220 1864 Januarii.
3277 1809 3382 1864 Sed
3432 1808 3540 1879 πρὸ

255 1917 566 1977 temporum
600 1907 912 1961 notationes
944 1905 1120 1960 obiter
1157 1903 1542 1974 percurrentia:
1574 1911 1738 1973 atque
1779 1902 1846 1957 il-

255 2000 555 2056 lustrandae
588 2008 734 2055 sunt.
778 2000 934 2054 llunc
963 1998 1127 2068 igitur
1153 1999 1295 2052 diem
1320 1999 1372 2052 in
1403 1997 1592 2068 primis
1625 2012 1677 2050 χι
1708 1995 1845 2067 Tybi

256 2108 384 2147 esse
415 2092 607 2147 scribit
632 2092 686 2146 in
714 2107 861 2146 anno
883 2089 1137 2145 videlicet
1164 2089 1412 2153 Actiaco,
1447 2089 1562 2146 sive
1590 2086 1848 2159 Egyptio

256 2184 481 2240 Juliano
502 2226 516 2248 ,
546 2184 705 2255 cujus
737 2182 916 2237 'l‘hoth
960 2182 1100 2237 ﬁxus
1132 2190 1219 2237 est
1250 2197 1380 2237 xm
1420 2180 1674 2252 Augusti,
1706 2178 1850 2235 Neo-

259 2278 447 2332 menia
480 2275 617 2347 Tybi
654 2291 801 2330 xxvn
836 2274 961 2331 Dec.

332 2368 468 2424 Ibid.
495 2372 657 2422 Κατὰ
682 2368 932 2436 Σύρους,
949 2368 1154 2423 εἵτουν
1178 2367 1503 2434 Ἕλληνας.
1529 2363 1852 2435 Syromace-

258 2461 437 2516 donas
459 2460 726 2531 intelligit,
760 2461 873 2515 sive
893 2462 1282 2524 Antiochenos,
1302 2459 1394 2529 qui
1422 2456 1694 2513 Julianam
1723 2453 1854 2509 anni

260 2550 498 2605 formam
523 2558 875 2619 receperunt;
904 2565 1216 2620 quanquam
1236 2549 1458 2603 illorum
1481 2562 1587 2602 tera
1618 2544 1855 2600 triennio

261 2640 544 2697 Julianum
582 2655 785 2694 annum
818 2642 1091 2696 antecedit
1126 2657 1139 2694 :
1178 2639 1592 2710 appellat-irque
1633 2653 1855 2708 χρημα-

262 2732 462 2802 τισμὸς
513 2733 612 2803 τῆς
669 2731 1178 2802 ’Δντιοχείας,‹ιιιοι1
1224 2745 1289 2784 eo
1341 2743 1509 2792 anno,
1557 2729 1591 2799 ἡ
1632 2727 1857 2781 αὐτονο-

272 2824 377 2895 μία
404 2823 761 2878 Antiochenis
791 2824 1085 2892 permissa,
1115 2832 1168 2877 ct
1200 2820 1381 2876 Julius
1410 2820 1596 2875 Cazsar
1627 2818 1862 2873 dictator

270 2914 579 2968 Antiochia:
638 2913 986 2969 renuntiatus
1037 2921 1143 2974 est.
1193 2910 1504 2972 Artemisii,
1564 2910 1679 2964 sive
1734 2907 1863 2962 Maii

275 2988 438 3059 xiii".
464 3003 655 3059 Chron.
683 3004 831 3057 Alex.
864 3020 917 3075 p.
946 3002 1070 3058 458.
1107 3001 1201 3057 Est
1230 3001 1316 3055 hic
1342 3016 1519 3055 annus
1543 2996 1707 3054 Urbis
1737 2996 1864 3064 706,

277 3110 391 3163 quo
418 3094 623 3161 Ca-sar,
659 3097 803 3151 victo
830 3095 1109 3166 Pompeio,
1135 3109 1319 3148 rerum
1354 3092 1559 3162 potitus
1601 3101 1703 3153 est,
1748 3105 1863 3159 per.

279 3187 393 3244 Jul.
442 3187 603 3254 4666,
649 3189 812 3243 annis
854 3196 981 3242 ante
1028 3186 1419 3256 Dionysianam
1467 3199 1632 3239 aeram
1681 3197 1867 3246 vaiu,

286 3287 418 3334 ante
449 3281 685 3350 primum
715 3279 994 3335 Julianum
1027 3278 1235 3345 tribus;
1270 3285 1326 3331 ut
1358 3291 1422 3331 ex
1460 3273 1691 3343 Evagrio
1721 3272 1875 3328 colli-

286 3371 369 3443 git
397 3370 638 3441 Scaliger
683 3373 823 3442 lsag.
874 3386 995 3427 can.
1038 3385 1133 3424 Llll
1164 3409 1179 3433 ,
1216 3384 1269 3438 p.
1302 3366 1444 3433 295;
1479 3365 1681 3420 rectius
1709 3377 1873 3433 quam

290 3464 347 3516 in
377 3462 470 3516 lib.
502 3478 553 3515 iv
575 3462 648 3515 De
674 3461 877 3516 emend.
897 3471 1053 3531 temp.
1081 3475 1135 3530 p.
1158 3458 1285 3523 226;
1306 3457 1396 3511 ubi
1421 3455 1873 3518 Antiochensium

289 3567 457 3607 aram
496 3552 566 3606 ab
620 3553 859 3607 editione
905 3548 1125 3606 Juliana
1167 3548 1411 3604 inchoari
1444 3555 1665 3611 censet,
1717 3546 1877 3601 annis

290 3653 420 3699 ante
450 3642 654 3698 Christi
688 3658 852 3698 ieram
900 3657 1023 3707 ην,
1053 3656 1118 3694 ex
1154 3638 1371 3695 Eusebii
1406 3637 1749 3704 auctoritate,
1782 3636 1876 3708 qui

289 3751 496 3789 annum
515 3735 965 3790 Antiochensium
998 3732 1105 3787 525
1130 3730 1341 3786 confert
1363 3730 1417 3784 in
1444 3745 1647 3784 annum
1675 3727 1877 3784 Christi

286 3824 417 3880 280.
454 3826 559 3880 Sed
594 3841 788 3897 magna
825 3826 939 3880 haec
984 3822 1339 3879 hallucinatio
1382 3830 1506 3887 est;
1538 3835 1662 3875 nam
1703 3818 1879 3875 Euse—

287 3918 415 3975 bius
442 3920 495 3974 in
530 3917 724 3973 Chron.
761 3916 1003 3973 Secundo
1039 3933 1177 3971 anno
1213 3915 1419 3983 Probi,
1452 3914 1667 3986 inquit,
1716 3913 1878 3984 juxta

288 4011 640 4065 Antiochenos
671 4008 776 4064 525
808 4026 979 4064 annus
1023 4009 1150 4079 fuit.
1184 4006 1352 4076 Atqui
1382 4004 1549 4060 Probi
1604 4005 1879 4060 secundus

286 4102 552 4172 competit
592 4117 736 4156 anno
762 4117 885 4157 cerae.
917 4100 1246 4156 Christianae
1272 4097 1379 4153 278
1402 4140 1417 4166 ,
1449 4112 1561 4169 quo
1591 4112 1738 4151 anno
1766 4111 1881 4151 ere--

290 4195 370 4266 pit
397 4192 493 4248 τοῢ
525 4193 911 4267 χρηματισμοῦ
941 4194 1394 4249 Antiochensium
1422 4206 1599 4247 annus
1628 4190 1754 4262 525.
1787 4187 1879 4246 Sic

286 4286 437 4343 enim
465 4287 848 4344 Antiochensis
881 4302 1004 4342 terte
1032 4287 1245 4357 primus
1275 4300 1456 4342 annus
1491 4282 1876 4354 Dionysianam

286 4395 459 4437 aram
511 4395 676 4435 xcvm
728 4380 919 4437 solidis
959 4379 1121 4436 annis
1165 4378 1479 4434 antecessit.
1516 4374 1752 4432 Necesse
1796 4385 1880 4430 est

1950 1896 2097 1952 ὀκτὼ
2121 1898 2295 1951 Εἰδῶν
2315 1909 2369 1954 et
2392 1900 2599 1957 similes
2623 1902 2875 1973 loquendi
2905 1902 3151 1957 formula:
3176 1901 3385 1957 Latinis
3411 1900 3543 1958 iisce

1952 1991 2288 2061 respondent
2317 2008 2366 2046 a.
2401 1992 2455 2047 d.
2483 2009 2575 2047 vni
2606 1993 2707 2060 ld.,
2735 2003 2864 2061 ctc.,
2903 1996 3009 2051 hoc
3064 2003 3148 2051 est
3183 1994 3302 2065 ipso
3333 1992 3420 2048 die
3445 2007 3543 2046 vni

1954 2082 2059 2149 ld.,
2090 2092 2150 2137 ut
2174 2094 2227 2137 et
2248 2084 2377 2139 alibi
2406 2086 2747 2155 scripsimus.
2768 2086 2949 2153 Quare
2973 2101 3038 2140 cx
3060 2086 3230 2156 priori
3259 2095 3387 2139 nota
3414 2083 3543 2148 diei,

1956 2174 2062 2228 hoc
2081 2182 2167 2229 est
2195 2190 2289 2228 vin
2326 2176 2402 2231 ld.
2435 2174 2583 2243 Jan.,
2624 2177 2946 2248 corrigenda
2976 2192 3079 2231 vox
3126 2176 3377 2248 πέμπτη,
3405 2183 3461 2229 et
3489 2172 3544 2226 in

1958 2265 2094 2336 ἕκτη
2128 2267 2410 2321 mutanda.
2444 2266 2599 2333 Quod
2639 2278 2693 2323 et
2727 2267 2863 2339 Tybi
2898 2267 3132 2331 Actiaci,
3178 2268 3291 2323 sive
3327 2265 3547 2321 Diocle-

1959 2357 2149 2427 tianci,
2180 2358 2297 2415 dies
2334 2359 2452 2429 ipsa
2490 2360 2869 2425 demonstrat,
2911 2360 3071 2431 cujus
3111 2375 3165 2414 ιι
3212 2360 3266 2414 in
3309 2375 3363 2414 vi
3418 2357 3544 2413 Jan.

1959 2452 2233 2506 convenit.
2266 2451 2346 2507 Ac
2374 2452 2590 2507 videtur
2616 2452 2670 2507 in
2710 2469 2797 2520 eo,
2828 2454 2973 2524 quod
3011 2453 3262 2524 quintam
3300 2450 3549 2506 Januarii

1962 2542 2109 2597 diem
2159 2558 2259 2614 pro
2311 2553 2465 2600 sexta
2523 2545 2793 2614 sumpsit,
2846 2547 3094 2617 mystcrii
3146 2546 3351 2616 aliquid
3403 2559 3548 2599 esse.

1965 2636 2247 2709 Siquidem
2296 2649 2351 2694 et
2385 2638 2985 2708 Constantinopolitani
3011 2646 3201 2707 postea
3235 2653 3262 2690 v
3301 2634 3550 2690 Januarii

1965 2728 2052 2785 die
2081 2728 2412 2799 baptismum
2442 2729 2647 2785 Christi
2670 2730 3039 2793 celebrabant,
3065 2730 3211 2800 quod
3234 2729 3289 2783 in
3312 2744 3364 2781 vi
3388 2729 3553 2799 vulgo

1967 2820 2285 2888 confertur,
2326 2831 2387 2877 ut
2420 2838 2486 2877 ex
2540 2822 2808 2878 Mannelis
2844 2821 3068 2879 Novella
3104 2823 3123 2877 l
3168 2822 3245 2877 De
3286 2820 3461 2888 feriis,
3500 2830 3556 2877 et

1971 2908 2302 2981 Curopalate
2333 2912 2627 2983 colligitur.

2044 3001 2176 3057 Ibid.
2186 2992 2344 3057 Kurd
2356 3005 2660 3071 Κυπρίους
2673 3004 2876 3059 εττουν
2891 3000 3436 3073 ΣαῑαμινίουφΝοη
3450 3010 3553 3067 est,

1978 3101 2037 3146 ut
2062 3092 2281 3163 quidam
2332 3093 2641 3160 existimat,
2675 3103 2968 3165 corruptus
3011 3094 3100 3150 hic
3145 3092 3340 3164 Epiph.
3376 3092 3553 3155 locus,

1977 3184 2255 3239 inmensis
2280 3186 2659 3256 appellatione.
2680 3185 2813 3240 Nam
2844 3184 3070 3240 Januar.
3099 3184 3167 3239 ab
3198 3185 3305 3239 illis
3323 3182 3557 3250 Quintus

1976 3276 2311 3343 nominatur,
2336 3286 2441 3332 uta
2472 3276 2707 3332 Roman.
2732 3276 3012 3343 Quintilis,
3039 3274 3282 3342 Sextilis,
3309 3274 3559 3344 Septem.

1974 3366 2093 3434 ber,
2118 3376 2222 3423 etc.
2258 3366 2364 3422 Sed
2398 3368 2655 3422 mendum
2694 3368 2747 3422 in
2777 3384 2909 3425 voce
2943 3370 3171 3441 πέμπτῃ
3203 3366 3431 3423 subesse
3456 3381 3558 3436 po-

1978 3459 2087 3514 tius
2102 3458 2367 3524 arbitror;
2390 3459 2494 3514 nisi
2526 3475 2555 3514 a
2585 3457 2808 3514 Januar.
2828 3460 3070 3515 secundo
3098 3458 3352 3529 Πέμπτον
3381 3456 3561 3526 auspi-

1978 3550 2086 3605 cati
2115 3550 2225 3605 sint
2259 3548 2567 3605 Salaminii.
2604 3550 2711 3606 Sed
2742 3550 3097 3606 verisimilius
3120 3558 3206 3604 est
3234 3548 3429 3620 Epiph.
3466 3554 3562 3601 aut

1977 3641 2099 3713 ejus
2125 3642 2434 3707 librarium,
2472 3657 2598 3697 cum
2639 3642 2959 3713 imprudens
2986 3641 3211 3713 πέμπτῃ
3235 3640 3327 3693 τοῦ
3371 3641 3562 3695 Ἰανου-

1978 3734 2133 3806 αριου
2160 3734 2492 3805 scripsisset,
2533 3750 2633 3805 pro
2672 3734 2829 3807 ἕκτῃ,
2866 3734 3007 3789 idem
3047 3733 3099 3786 in
3132 3731 3561 3788 Salaminiorum

1979 3842 2169 3883 mense
2196 3825 2414 3884 fecisse.
2448 3828 2692 3898 Apparet
2713 3837 2895 3883 autem
2928 3844 2995 3883 ex
3031 3828 3134 3882 hoc
3161 3826 3281 3882 loco
3324 3824 3561 3879 Salami-

1979 3919 2102 3975 nios
2132 3934 2337 3975 annum
2380 3935 2413 3976 a
2446 3918 2726 3992 Septemb.
2756 3918 2865 3976 Jul.
2894 3919 3015 3975 Kal.
3041 3920 3353 3989 auspicatos
3392 3933 3513 3972 esse
3545 3932 3561 3969 :

1978 4012 2125 4082 quod
2167 4013 2482 4070 indictionis
2511 4014 2750 4084 annique
2785 4013 3147 4083 primordium
3175 4012 3565 4066 Constantino-

1978 4104 2207 4174 politani
2243 4113 2433 4174 postea
2464 4104 2833 4175 praeﬁxerunt.

2049 4196 2184 4252 Ibid.
2199 4196 2361 4251 Κατὰ
2373 4197 2639 4266 Παφίους
2663 4198 2895 4251 Ἶούλου
2914 4192 3562 4265 Τεσσαρεσκαιδεκάτη.
3584 4240 3594 4249 .

1980 4287 2150 4359 Igitur
2184 4288 2291 4344 Juli
2321 4290 2527 4345 mensis
2577 4289 2794 4344 initium
2827 4305 2858 4344 a
2892 4305 3019 4344 xxrv
3056 4290 3183 4343 Dec.
3244 4288 3348 4354 Qui
3378 4287 3423 4342 si
3468 4285 3565 4340 Ju-

1982 4380 2164 4437 lianus
2190 4382 2315 4447 fuit,
2343 4383 2603 4438 credibile
2637 4390 2721 4438 cst
2749 4382 2818 4438 ab
2850 4382 3181 4453 acquinoctio
3212 4397 3380 4435 verno
3405 4383 3568 4437 cirri-

284 4473 456 4545 ἰδίων
480 4488 603 4527 cum
648 4488 792 4527 anno
825 4470 984 4526 Probi
1022 4485 1082 4537 ιι,
1116 4479 1171 4525 ει
1216 4468 1549 4541 Dionysiano
1581 4467 1684 4521 277
1724 4483 1876 4523 COIn-
1919 4510 1961 4564 υ
1988 4481 2071 4527 ter
2101 4489 2306 4528 annum
2337 4475 2607 4544 incepisse
2636 4474 2891 4546 Paphios.
2930 4472 3065 4530 Nam
3093 4474 3140 4530 si
3170 4472 3327 4529 Julus
3362 4471 3567 4528 Januao

285 4564 421 4635 poni
446 4562 896 4618 Antiochensium
922 4576 1046 4616 aera:
1067 4559 1173 4615 ’524
1192 4558 1490 4625 labentem,
1515 4567 1569 4614 et
1598 4558 1875 4613 ineuntem

285 4656 418 4718 5‘25,
444 4654 597 4728 cyclo
626 4655 758 4711 solis
786 4671 861 4720 vr,
885 4654 1030 4710 lunae
1056 4668 1153 4708 xu.
1185 4651 1261 4708 De
1290 4653 1448 4707 initio
1470 4650 1636 4707 Probi
1668 4651 1879 4707 dicetur

287 4749 359 4804 ad
396 4749 493 4804 lib.
527 4748 599 4802 De
628 4763 793 4806 mens.
814 4756 864 4802 et
890 4745 1234 4818 ponderibus.
1261 4743 1430 4809 Anni,
1460 4754 1520 4799 ut
1543 4744 1749 4798 dictum
1774 4753 1879 4811 est,

290 4843 471 4895 forma
500 4838 717 4895 Juliana
747 4839 888 4906 l'uit;
924 4838 1197 4894 mensium
1228 4838 1418 4892 eadem
1441 4851 1563 4908 qua:
1597 4835 1741 4907 apud
1773 4834 1882 4890 Ro-

292 4949 491 4989 manos
529 4933 822 5003 descriptio
855 4950 869 4986 :
905 4947 1069 5003 quam
1103 4931 1157 4987 in
1188 4931 1439 5002 sequenti
1460 4930 1727 5007 laterculo
1760 4945 1884 5000 pro-

292 5026 602 5099 ponendam
636 5025 971 5096 putavimus.

296 5203 641 5262 Lalerrulum
670 5203 922 5259 mensium
970 5201 1440 5269 Antiochenorum,
1481 5201 1586 5257 sive
1628 5203 1885 5269 Συροελ-

984 5273 1207 5341 λήνων.

458 5409 768 5476 Λύδυναίος.
847 5431 855 5437 ’
1275 5405 1594 5461 Januarius.

480 5483 744 5553 Περίτιος.
1278 5476 1630 5553 [εϋτιιθι-ἱυε.

479 5544 618 5605 Adet
627 5544 735 5622 ρος.
1276 5544 1527 5622 Martius.

478 5616 762 5685 Χανθὶκός.
1272 5616 1496 5684 Aprilis.

492 5691 854 5761 Ἀρτεμίσιος.
1273 5685 1467 5761 Alaius.
1590 5756 1595 5759 ν
1688 5752 1691 5755 η

471 5755 708 5825 dulcius.
1278 5755 1495 5812 Junius.

1989 4564 2106 4620 rius
2136 4576 2238 4631 est,
2269 4567 2469 4622 mensis
2489 4568 2560 4623 ab
2590 4569 2681 4623 illo
2713 4567 2907 4623 tertius
2941 4568 2996 4622 in
3027 4584 3153 4624 eum
3189 4566 3334 4622 diem
3363 4582 3566 4638 prope-

1982 4659 2207 4716 modum
2232 4660 2455 4728 dcsinit,
2490 4662 2585 4732 qui
2612 4661 2944 4732 aequinoctio
2964 4660 3246 4732 quondam
3272 4660 3570 4717 attributus

1981 4763 2086 4812 est.

2056 4845 2194 4901 lbid.
2228 4845 2391 4901 Κατὰ
2415 4846 2666 4915 Ἄραϐας
2702 4843 2945 4914 Ἀλέωμ.
2974 4842 3031 4897 ln
3062 4842 3306 4915 vulgaris
3328 4834 3589 4893 Arabum'

1984 4940 2268 4996 mensibus
2309 4954 2486 5009 neque
2520 4940 2732 5003 Alcoin,
2769 4952 2946 5007 neque
2977 4936 3068 5007 qui
3102 4944 3291 5005 postea
3328 4946 3569 4987 comme-

1989 5032 2663 5102 moraturAngalthabaith
2689 5030 2871 5085 locum
2891 5030 3061 5087 ullum
3076 5028 3254 5083 habet.
3270 5026 3372 5082 Sed
3396 5038 3570 5091 neque

1990 5125 2211 5180 lunares
2228 5139 2444 5180 menses
2483 5123 2571 5178 isti
2596 5131 2745 5188 sunt;
2776 5120 3044 5203 siquidem
3070 5118 3121 5170 in
3145 5115 3335 5171 Jan.v1
3357 5115 3568 5168 Aleom.

1989 5232 2083 5271 ut
2104 5216 2329 5283 incidat,
2358 5230 2479 5286 quae
2507 5224 2621 5268 tum
2649 5213 2766 5269 dies
2786 5221 2904 5267 erat
2922 5210 3061 5265 lunae
3085 5224 3182 5271 ιιι,
3212 5206 3364 5278 cyclo
3382 5222 3421 5271 I;
3444 5219 3567 5258 nam

1988 5307 2287 5365 Neomenia
2302 5324 2366 5364 ex
2387 5305 2734 5362 Ptolemaicis
2748 5302 2961 5357 Mulleri
2979 5299 3182 5356 tabulis
3197 5298 3427 5368 contigit
3440 5297 3569 5352 Dec.

1988 5400 2080 5468 26,
2109 5399 2165 5465 8,
2196 5400 2284 5455 52'
2315 5399 2469 5472 cyclo
2499 5398 2588 5463 l9,
2620 5411 2766 5451 anno
2802 5393 3021 5449 Juliano
3052 5391 3137 5446 Η.
3174 5391 3249 5446 De
3273 5389 3561 5460 Angaltha-

1991 5493 2141 5549 baith
2192 5492 2333 5547 idem
2364 5500 2553 5561 postea
2588 5486 3079 5544 demonstrabitur.
3127 5484 3396 5550 Quocirca
3431 5496 3571 5535 non-

1992 5586 2121 5640 dum
2171 5584 2417 5639 lunarem
2476 5597 2679 5637 annum
2740 5580 2808 5635 ad
2854 5579 3068 5635 civilem
3151 5593 3311 5632 usum
3366 5574 3575 5628 Arabes

1994 5676 2420 5740 transtulerant;
2469 5690 2591 5728 nam
2627 5688 2752 5727 cum
2800 5670 3009 5726 Arabes
3048 5670 3296 5724 nominat
3335 5666 3573 5737 Epipha-

1998 5772 2145 5836 nius,
2177 5769 2440 5841 majorem
2470 5767 2617 5823 illius
2641 5766 2819 5839 gentis
2848 5765 3225 5837 potioremque
3256 5772 3459 5833 partem
3494 5760 3577 5814 iu-
