  <div class='ocr_page' id='page_1' title='image "/cluster/home/n/w/nwhite01/storage/ocr_20150623/42/mdp.39015052824052/495.png"; bbox 0 0 3994 6222; ppageno 0'>
   <div class='ocr_carea' id='block_1_1' title="bbox 451 283 3705 348">
    <p class='ocr_par' dir='ltr' id='par_1_1' title="bbox 451 283 3705 348">
     <span class='ocr_line' id='line_1_1' title="bbox 451 283 3705 348; baseline 0.001 -6"><span class='ocrx_word' id='word_1_1' title='bbox 451 287 550 342; x_wconf 75' lang='lat'><strong>931</strong></span> <span class='ocrx_word' id='word_1_2' title='bbox 1573 288 1920 348; x_wconf 75' lang='lat' dir='ltr'><strong>APPENDIX</strong></span> <span class='ocrx_word' id='word_1_3' title='bbox 1959 283 2588 346; x_wconf 69' lang='lat' dir='ltr'><strong>DlSSEiiTATlONUM.</strong></span> <span class='ocrx_word' id='word_1_4' title='bbox 3592 287 3705 346; x_wconf 70' lang='lat'><strong>952</strong></span> 
     </span>
    </p>
   </div>
   <div class='ocr_carea' id='block_1_2' title="bbox 455 395 3704 472">
    <p class='ocr_par' dir='ltr' id='par_1_2' title="bbox 455 395 3704 472">
     <span class='ocr_line' id='line_1_2' title="bbox 455 395 3704 472; baseline 0.001 -18"><span class='ocrx_word' id='word_1_5' title='bbox 455 399 665 468; x_wconf 78' lang='lat' dir='ltr'><strong>telligit.</strong></span> <span class='ocrx_word' id='word_1_6' title='bbox 705 399 782 454; x_wconf 88' lang='lat' dir='ltr'><strong>Ac</strong></span> <span class='ocrx_word' id='word_1_7' title='bbox 829 398 974 453; x_wconf 86' lang='lat' dir='ltr'><strong>Scal.</strong></span> <span class='ocrx_word' id='word_1_8' title='bbox 1023 398 1116 453; x_wconf 97' lang='lat' dir='ltr'><strong>lib.</strong></span> <span class='ocrx_word' id='word_1_9' title='bbox 1148 415 1185 453; x_wconf 89' lang='grc' dir='ltr'><strong>ιι</strong></span> <span class='ocrx_word' id='word_1_10' title='bbox 1228 399 1304 454; x_wconf 88' lang='lat' dir='ltr'><strong>De</strong></span> <span class='ocrx_word' id='word_1_11' title='bbox 1350 399 1552 454; x_wconf 84' lang='lat' dir='ltr'><strong>emend.</strong></span> <span class='ocrx_word' id='word_1_12' title='bbox 1601 413 1760 472; x_wconf 81' lang='lat' dir='ltr'><strong>temp.</strong></span> <span class='ocrx_word' id='word_1_13' title='bbox 1811 412 1862 457; x_wconf 91' lang='lat' dir='ltr'><strong>et</strong></span> <span class='ocrx_word' id='word_1_14' title='bbox 1890 399 2034 470; x_wconf 82' lang='lat' dir='ltr'><strong>Isag.</strong></span> <span class='ocrx_word' id='word_1_15' title='bbox 2071 406 2116 464; x_wconf 75' lang='grc' dir='ltr'>Α</span> <span class='ocrx_word' id='word_1_16' title='bbox 2145 398 2526 462; x_wconf 85' lang='lat' dir='ltr'><strong>Confusionis,</strong></span> <span class='ocrx_word' id='word_1_17' title='bbox 2561 395 2656 468; x_wconf 85' lang='lat' dir='ltr'><strong>qui</strong></span> <span class='ocrx_word' id='word_1_18' title='bbox 2689 395 2936 466; x_wconf 77' lang='lat' dir='ltr'><strong>proxime</strong></span> <span class='ocrx_word' id='word_1_19' title='bbox 2971 395 3082 454; x_wconf 91' lang='lat' dir='ltr'><strong>Jul.</strong></span> <span class='ocrx_word' id='word_1_20' title='bbox 3117 395 3350 468; x_wconf 82' lang='lat' dir='ltr'><strong>primum</strong></span> <span class='ocrx_word' id='word_1_21' title='bbox 3389 404 3704 468; x_wconf 75' lang='lat' dir='ltr'><strong>antecessit,</strong></span> 
     </span>
    </p>
   </div>
   <div class='ocr_carea' id='block_1_3' title="bbox 453 477 3696 562">
    <p class='ocr_par' dir='ltr' id='par_1_3' title="bbox 453 477 3696 562">
     <span class='ocr_line' id='line_1_3' title="bbox 453 477 3696 562; baseline -0 -18"><span class='ocrx_word' id='word_1_22' title='bbox 453 507 575 544; x_wconf 82' lang='lat' dir='ltr'><strong>can.</strong></span> <span class='ocrx_word' id='word_1_23' title='bbox 599 489 695 544; x_wconf 85' lang='lat' dir='ltr'><strong>lib.</strong></span> <span class='ocrx_word' id='word_1_24' title='bbox 719 504 756 544; x_wconf 89' lang='lat' dir='ltr'><strong>ll</strong></span> <span class='ocrx_word' id='word_1_25' title='bbox 781 503 844 544; x_wconf 89' lang='lat' dir='ltr'><strong>ac</strong></span> <span class='ocrx_word' id='word_1_26' title='bbox 869 498 1176 554; x_wconf 84' lang='lat' dir='ltr'><strong>tn,veteres</strong></span> <span class='ocrx_word' id='word_1_27' title='bbox 1200 491 1404 545; x_wconf 86' lang='lat' dir='ltr'><strong>Arabes</strong></span> <span class='ocrx_word' id='word_1_28' title='bbox 1425 493 1694 562; x_wconf 86' lang='lat' dir='ltr'><strong>Calippica</strong></span> <span class='ocrx_word' id='word_1_29' title='bbox 1712 493 2029 549; x_wconf 88' lang='lat' dir='ltr'><strong>anniforma</strong></span> <span class='ocrx_word' id='word_1_30' title='bbox 2130 477 2336 546; x_wconf 67' lang='lat' dir='ltr'><strong>Arabes</strong></span> <span class='ocrx_word' id='word_1_31' title='bbox 2379 488 2666 544; x_wconf 82' lang='lat' dir='ltr'><strong>inchoasse</strong></span> <span class='ocrx_word' id='word_1_32' title='bbox 2721 487 2906 550; x_wconf 86' lang='lat' dir='ltr'><strong>tradit,</strong></span> <span class='ocrx_word' id='word_1_33' title='bbox 2941 503 3056 558; x_wconf 87' lang='lat' dir='ltr'><strong>per.</strong></span> <span class='ocrx_word' id='word_1_34' title='bbox 3104 486 3214 542; x_wconf 92' lang='lat' dir='ltr'><strong>Jul.</strong></span> <span class='ocrx_word' id='word_1_35' title='bbox 3247 486 3408 542; x_wconf 72' lang='grc'>4668.</span> <span class='ocrx_word' id='word_1_36' title='bbox 3459 487 3516 544; x_wconf 81' lang='lat' dir='ltr'><strong>in</strong></span> <span class='ocrx_word' id='word_1_37' title='bbox 3547 488 3696 556; x_wconf 72' lang='lat' dir='ltr'><strong>Isag.</strong></span> 
     </span>
    </p>
   </div>
   <div class='ocr_carea' id='block_1_4' title="bbox 458 579 3700 651">
    <p class='ocr_par' dir='ltr' id='par_1_4' title="bbox 458 579 3700 651">
     <span class='ocr_line' id='line_1_4' title="bbox 458 579 3700 651; baseline -0.001 -15"><span class='ocrx_word' id='word_1_38' title='bbox 458 597 586 636; x_wconf 90' lang='lat' dir='ltr'><strong>usos</strong></span> <span class='ocrx_word' id='word_1_39' title='bbox 615 595 734 636; x_wconf 90' lang='lat' dir='ltr'><strong>esse</strong></span> <span class='ocrx_word' id='word_1_40' title='bbox 761 580 1023 643; x_wconf 73' lang='lat' dir='ltr'><strong>decernit,</strong></span> <span class='ocrx_word' id='word_1_41' title='bbox 1049 589 1110 636; x_wconf 91' lang='lat' dir='ltr'><strong>ut</strong></span> <span class='ocrx_word' id='word_1_42' title='bbox 1152 591 1204 636; x_wconf 91' lang='lat' dir='ltr'><strong>et</strong></span> <span class='ocrx_word' id='word_1_43' title='bbox 1229 581 1510 638; x_wconf 75' lang='lat' dir='ltr'><strong>Chaldaeos</strong></span> <span class='ocrx_word' id='word_1_44' title='bbox 1537 599 1600 637; x_wconf 88' lang='lat' dir='ltr'><strong>ac</strong></span> <span class='ocrx_word' id='word_1_45' title='bbox 1627 582 1864 650; x_wconf 75' lang='lat' dir='ltr'><strong>Judaeos;</strong></span> <span class='ocrx_word' id='word_1_46' title='bbox 1891 585 2030 639; x_wconf 87' lang='lat' dir='ltr'><strong>Ara-</strong></span> <span class='ocrx_word' id='word_1_47' title='bbox 2131 597 2260 638; x_wconf 90' lang='lat' dir='ltr'><strong>vero</strong></span> <span class='ocrx_word' id='word_1_48' title='bbox 2287 593 2479 634; x_wconf 83' lang='lat' dir='ltr'><strong>canon.</strong></span> <span class='ocrx_word' id='word_1_49' title='bbox 2514 579 2609 634; x_wconf 89' lang='lat' dir='ltr'><strong>lib.</strong></span> <span class='ocrx_word' id='word_1_50' title='bbox 2629 595 2710 644; x_wconf 86' lang='grc' dir='ltr'><strong>ιιι,</strong></span> <span class='ocrx_word' id='word_1_51' title='bbox 2733 594 2782 634; x_wconf 94' lang='lat' dir='ltr'><strong>c.</strong></span> <span class='ocrx_word' id='word_1_52' title='bbox 2812 596 2886 644; x_wconf 83' lang='grc' dir='ltr'><strong>ιιι,</strong></span> <span class='ocrx_word' id='word_1_53' title='bbox 2909 595 2960 648; x_wconf 90' lang='lat' dir='ltr'><strong>p.</strong></span> <span class='ocrx_word' id='word_1_54' title='bbox 2989 580 3118 642; x_wconf 74' lang='grc'>255,</span> <span class='ocrx_word' id='word_1_55' title='bbox 3153 580 3360 648; x_wconf 79' lang='lat' dir='ltr'><strong>periodi</strong></span> <span class='ocrx_word' id='word_1_56' title='bbox 3395 579 3560 647; x_wconf 86' lang='lat' dir='ltr'><strong>hujus</strong></span> <span class='ocrx_word' id='word_1_57' title='bbox 3573 595 3700 651; x_wconf 87' lang='lat' dir='ltr'><strong>epo-</strong></span> 
     </span>
    </p>
   </div>
   <div class='ocr_carea' id='block_1_5' title="bbox 455 670 3700 740">
    <p class='ocr_par' dir='ltr' id='par_1_5' title="bbox 455 670 3700 740">
     <span class='ocr_line' id='line_1_5' title="bbox 455 670 3700 740; baseline -0.001 -15"><span class='ocrx_word' id='word_1_58' title='bbox 455 673 582 725; x_wconf 86' lang='lat' dir='ltr'><strong>hum</strong></span> <span class='ocrx_word' id='word_1_59' title='bbox 609 685 739 725; x_wconf 87' lang='lat' dir='ltr'><strong>vero</strong></span> <span class='ocrx_word' id='word_1_60' title='bbox 767 671 1033 740; x_wconf 85' lang='lat' dir='ltr'><strong>duplicem</strong></span> <span class='ocrx_word' id='word_1_61' title='bbox 1062 687 1266 726; x_wconf 90' lang='lat' dir='ltr'><strong>annum</strong></span> <span class='ocrx_word' id='word_1_62' title='bbox 1292 673 1450 740; x_wconf 86' lang='lat' dir='ltr'><strong>facit;</strong></span> <span class='ocrx_word' id='word_1_63' title='bbox 1475 675 1705 728; x_wconf 89' lang='lat' dir='ltr'><strong>alterum</strong></span> <span class='ocrx_word' id='word_1_64' title='bbox 1739 673 2028 730; x_wconf 86' lang='lat' dir='ltr'><strong>Damasce—</strong></span> <span class='ocrx_word' id='word_1_65' title='bbox 2129 675 2286 726; x_wconf 77' lang='lat' dir='ltr'><strong>etiam</strong></span> <span class='ocrx_word' id='word_1_66' title='bbox 2319 670 2562 724; x_wconf 85' lang='lat' dir='ltr'><strong>eamdem</strong></span> <span class='ocrx_word' id='word_1_67' title='bbox 2595 685 2716 724; x_wconf 88' lang='lat' dir='ltr'><strong>esse</strong></span> <span class='ocrx_word' id='word_1_68' title='bbox 2747 670 2924 736; x_wconf 86' lang='lat' dir='ltr'><strong>docet,</strong></span> <span class='ocrx_word' id='word_1_69' title='bbox 2965 686 3130 740; x_wconf 88' lang='lat' dir='ltr'><strong>quam</strong></span> <span class='ocrx_word' id='word_1_70' title='bbox 3165 680 3220 724; x_wconf 83' lang='lat' dir='ltr'><strong>et</strong></span> <span class='ocrx_word' id='word_1_71' title='bbox 3249 671 3700 726; x_wconf 76' lang='lat' dir='ltr'><strong>Antiochensium</strong></span> 
     </span>
    </p>
   </div>
   <div class='ocr_carea' id='block_1_6' title="bbox 455 761 3706 835">
    <p class='ocr_par' dir='ltr' id='par_1_6' title="bbox 455 761 3706 835">
     <span class='ocr_line' id='line_1_6' title="bbox 455 761 3706 835; baseline 0.001 -21"><span class='ocrx_word' id='word_1_72' title='bbox 455 777 609 828; x_wconf 89' lang='lat' dir='ltr'><strong>num,</strong></span> <span class='ocrx_word' id='word_1_73' title='bbox 633 762 745 816; x_wconf 91' lang='lat' dir='ltr'><strong>sive</strong></span> <span class='ocrx_word' id='word_1_74' title='bbox 772 761 1140 835; x_wconf 78' lang='lat' dir='ltr'><strong>Hagarenum,</strong></span> <span class='ocrx_word' id='word_1_75' title='bbox 1167 766 1254 819; x_wconf 92' lang='lat' dir='ltr'><strong>cui</strong></span> <span class='ocrx_word' id='word_1_76' title='bbox 1281 766 1636 821; x_wconf 90' lang='lat' dir='ltr'><strong>desultorium</strong></span> <span class='ocrx_word' id='word_1_77' title='bbox 1669 767 2027 822; x_wconf 76' lang='lat' dir='ltr'><strong>intercalandi</strong></span> <span class='ocrx_word' id='word_1_78' title='bbox 2129 778 2270 828; x_wconf 66' lang='grc' dir='ltr'><strong>ιρι-ω,</strong></span> <span class='ocrx_word' id='word_1_79' title='bbox 2301 763 2406 818; x_wconf 89' lang='lat' dir='ltr'><strong>hoc</strong></span> <span class='ocrx_word' id='word_1_80' title='bbox 2453 771 2535 817; x_wconf 86' lang='lat' dir='ltr'><strong>est</strong></span> <span class='ocrx_word' id='word_1_81' title='bbox 2572 762 2641 816; x_wconf 92' lang='lat' dir='ltr'><strong>ab</strong></span> <span class='ocrx_word' id='word_1_82' title='bbox 2668 777 2814 818; x_wconf 90' lang='lat' dir='ltr'><strong>anno</strong></span> <span class='ocrx_word' id='word_1_83' title='bbox 2841 763 3018 834; x_wconf 90' lang='lat' dir='ltr'><strong>primo</strong></span> <span class='ocrx_word' id='word_1_84' title='bbox 3053 764 3388 818; x_wconf 70' lang='lat' dir='ltr'><strong>monarcbia:</strong></span> <span class='ocrx_word' id='word_1_85' title='bbox 3415 761 3548 818; x_wconf 84' lang='lat' dir='ltr'><strong>Julii</strong></span> <span class='ocrx_word' id='word_1_86' title='bbox 3591 763 3706 818; x_wconf 76' lang='lat' dir='ltr'><strong>Ca:-</strong></span> 
     </span>
    </p>
   </div>
   <div class='ocr_carea' id='block_1_7' title="bbox 454 851 3701 926">
    <p class='ocr_par' dir='ltr' id='par_1_7' title="bbox 454 851 3701 926">
     <span class='ocr_line' id='line_1_7' title="bbox 454 851 3701 926; baseline 0.001 -20"><span class='ocrx_word' id='word_1_87' title='bbox 454 869 660 906; x_wconf 84' lang='lat' dir='ltr'><strong>morem</strong></span> <span class='ocrx_word' id='word_1_88' title='bbox 693 854 936 908; x_wconf 89' lang='lat' dir='ltr'><strong>attribuit</strong></span> <span class='ocrx_word' id='word_1_89' title='bbox 964 873 977 907; x_wconf 91' lang='lat'>:</span> <span class='ocrx_word' id='word_1_90' title='bbox 1007 855 1164 926; x_wconf 88' lang='lat' dir='ltr'><strong>cujus</strong></span> <span class='ocrx_word' id='word_1_91' title='bbox 1191 855 1446 925; x_wconf 87' lang='lat' dir='ltr'><strong>periodus</strong></span> <span class='ocrx_word' id='word_1_92' title='bbox 1472 857 1576 912; x_wconf 82' lang='lat'><strong>228</strong></span> <span class='ocrx_word' id='word_1_93' title='bbox 1611 858 1769 914; x_wconf 88' lang='lat' dir='ltr'><strong>annis</strong></span> <span class='ocrx_word' id='word_1_94' title='bbox 1796 857 2028 914; x_wconf 86' lang='lat' dir='ltr'><strong>Julianis</strong></span> <span class='ocrx_word' id='word_1_95' title='bbox 2128 853 2288 918; x_wconf 85' lang='lat' dir='ltr'><strong>saris,</strong></span> <span class='ocrx_word' id='word_1_96' title='bbox 2327 869 2443 924; x_wconf 90' lang='lat' dir='ltr'><strong>per.</strong></span> <span class='ocrx_word' id='word_1_97' title='bbox 2475 851 2585 908; x_wconf 90' lang='lat' dir='ltr'><strong>Jul.</strong></span> <span class='ocrx_word' id='word_1_98' title='bbox 2617 852 2760 910; x_wconf 73' lang='grc'>4666</span> <span class='ocrx_word' id='word_1_99' title='bbox 2809 871 2822 907; x_wconf 90' lang='lat'><strong>:</strong></span> <span class='ocrx_word' id='word_1_100' title='bbox 2866 868 2990 923; x_wconf 83' lang='lat' dir='ltr'><strong>quae</strong></span> <span class='ocrx_word' id='word_1_101' title='bbox 3035 867 3221 910; x_wconf 84' lang='lat' dir='ltr'><strong>secum</strong></span> <span class='ocrx_word' id='word_1_102' title='bbox 3277 854 3568 923; x_wconf 85' lang='lat' dir='ltr'><strong>perspicue</strong></span> <span class='ocrx_word' id='word_1_103' title='bbox 3600 868 3701 923; x_wconf 89' lang='lat' dir='ltr'><strong>pu-</strong></span> 
     </span>
    </p>
   </div>
   <div class='ocr_carea' id='block_1_8' title="bbox 453 944 2316 1018">
    <p class='ocr_par' dir='ltr' id='par_1_8' title="bbox 453 944 2316 1018">
     <span class='ocr_line' id='line_1_8' title="bbox 453 944 2316 1018; baseline 0 -20"><span class='ocrx_word' id='word_1_104' title='bbox 453 944 660 1011; x_wconf 84' lang='lat' dir='ltr'><strong>dcfinit,</strong></span> <span class='ocrx_word' id='word_1_105' title='bbox 697 945 748 998; x_wconf 90' lang='lat' dir='ltr'><strong>in</strong></span> <span class='ocrx_word' id='word_1_106' title='bbox 780 961 887 1014; x_wconf 91' lang='lat' dir='ltr'><strong>qua</strong></span> <span class='ocrx_word' id='word_1_107' title='bbox 915 959 1130 1000; x_wconf 86' lang='lat' dir='ltr'><strong>menses</strong></span> <span class='ocrx_word' id='word_1_108' title='bbox 1157 961 1345 1001; x_wconf 92' lang='lat' dir='ltr'><strong>omnes</strong></span> <span class='ocrx_word' id='word_1_109' title='bbox 1372 947 1688 1018; x_wconf 83' lang='lat' dir='ltr'><strong>singillatim</strong></span> <span class='ocrx_word' id='word_1_110' title='bbox 1714 965 1916 1004; x_wconf 89' lang='lat' dir='ltr'><strong>annum</strong></span> <span class='ocrx_word' id='word_1_111' title='bbox 1953 950 2028 1002; x_wconf 81' lang='lat' dir='ltr'><strong>in-</strong></span> <span class='ocrx_word' id='word_1_112' title='bbox 2129 951 2316 1014; x_wconf 76' lang='lat' dir='ltr'><strong>gnant.</strong></span> 
     </span>
    </p>
   </div>
   <div class='ocr_carea' id='block_1_9' title="bbox 454 1030 3698 1108">
    <p class='ocr_par' dir='ltr' id='par_1_9' title="bbox 454 1030 3698 1108">
     <span class='ocr_line' id='line_1_9' title="bbox 454 1030 3698 1108; baseline -0.001 -18"><span class='ocrx_word' id='word_1_113' title='bbox 454 1039 687 1104; x_wconf 89' lang='lat' dir='ltr'><strong>choant,</strong></span> <span class='ocrx_word' id='word_1_114' title='bbox 727 1037 1076 1108; x_wconf 88' lang='lat' dir='ltr'><strong>vicissimque</strong></span> <span class='ocrx_word' id='word_1_115' title='bbox 1117 1039 1442 1105; x_wconf 84' lang='lat' dir='ltr'><strong>terminant;</strong></span> <span class='ocrx_word' id='word_1_116' title='bbox 1477 1042 1701 1096; x_wconf 87' lang='lat' dir='ltr'><strong>alteram</strong></span> <span class='ocrx_word' id='word_1_117' title='bbox 1739 1043 1868 1096; x_wconf 87' lang='lat' dir='ltr'><strong>anni</strong></span> <span class='ocrx_word' id='word_1_118' title='bbox 1925 1059 2028 1096; x_wconf 76' lang='lat' dir='ltr'><strong>ra—</strong></span> <span class='ocrx_word' id='word_1_119' title='bbox 2201 1034 2306 1089; x_wconf 90' lang='lat' dir='ltr'><strong>Sed</strong></span> <span class='ocrx_word' id='word_1_120' title='bbox 2341 1034 2425 1088; x_wconf 91' lang='lat' dir='ltr'><strong>his</strong></span> <span class='ocrx_word' id='word_1_121' title='bbox 2457 1034 2615 1102; x_wconf 72' lang='lat' dir='ltr'><strong>nugis</strong></span> <span class='ocrx_word' id='word_1_122' title='bbox 2653 1035 2904 1098; x_wconf 89' lang='lat' dir='ltr'><strong>omissis,</strong></span> <span class='ocrx_word' id='word_1_123' title='bbox 2955 1032 3308 1088; x_wconf 74' lang='lat' dir='ltr'><strong>vensrmilius</strong></span> <span class='ocrx_word' id='word_1_124' title='bbox 3349 1041 3469 1097; x_wconf 88' lang='lat' dir='ltr'><strong>est,</strong></span> <span class='ocrx_word' id='word_1_125' title='bbox 3504 1030 3698 1102; x_wconf 87' lang='lat' dir='ltr'><strong>Epiph.</strong></span> 
     </span>
    </p>
   </div>
   <div class='ocr_carea' id='block_1_10' title="bbox 451 1123 2028 1192">
    <p class='ocr_par' dir='ltr' id='par_1_10' title="bbox 451 1127 2026 1192">
     <span class='ocr_line' id='line_1_10' title="bbox 451 1127 2026 1192; baseline 0.004 -10"><span class='ocrx_word' id='word_1_126' title='bbox 451 1127 653 1182; x_wconf 87' lang='lat' dir='ltr'><strong>tionem</strong></span> <span class='ocrx_word' id='word_1_127' title='bbox 687 1128 886 1192; x_wconf 83' lang='lat' dir='ltr'><strong>omissa</strong></span> <span class='ocrx_word' id='word_1_128' title='bbox 927 1128 1341 1186; x_wconf 89' lang='lat' dir='ltr'><strong>intercalatione</strong></span> <span class='ocrx_word' id='word_1_129' title='bbox 1375 1133 1606 1188; x_wconf 84' lang='lat' dir='ltr'><strong>solutam</strong></span> <span class='ocrx_word' id='word_1_130' title='bbox 1655 1149 1720 1189; x_wconf 89' lang='lat' dir='ltr'><strong>ac</strong></span> <span class='ocrx_word' id='word_1_131' title='bbox 1761 1143 2026 1190; x_wconf 84' lang='lat' dir='ltr'><strong>retextam</strong></span> 
     </span>
    </p>
   </div>
   <div class='ocr_carea' id='block_1_11' title="bbox 2122 1123 3699 1192">
    <p class='ocr_par' dir='ltr' id='par_1_11' title="bbox 2127 1123 3699 1192">
     <span class='ocr_line' id='line_1_11' title="bbox 2127 1123 3699 1192; baseline -0.001 -12"><span class='ocrx_word' id='word_1_132' title='bbox 2127 1126 2317 1180; x_wconf 86' lang='lat' dir='ltr'><strong>saltem</strong></span> <span class='ocrx_word' id='word_1_133' title='bbox 2355 1133 2626 1192; x_wconf 86' lang='lat' dir='ltr'><strong>tempore,</strong></span> <span class='ocrx_word' id='word_1_134' title='bbox 2663 1123 2876 1178; x_wconf 87' lang='lat' dir='ltr'><strong>civilem</strong></span> <span class='ocrx_word' id='word_1_135' title='bbox 2924 1123 3164 1176; x_wconf 83' lang='lat' dir='ltr'><strong>Arabum</strong></span> <span class='ocrx_word' id='word_1_136' title='bbox 3210 1138 3414 1176; x_wconf 87' lang='lat' dir='ltr'><strong>annum</strong></span> <span class='ocrx_word' id='word_1_137' title='bbox 3469 1123 3699 1178; x_wconf 70' lang='lat' dir='ltr'><strong>solerem</strong></span> 
     </span>
    </p>
   </div>
   <div class='ocr_carea' id='block_1_12' title="bbox 453 1211 2030 1294">
    <p class='ocr_par' dir='ltr' id='par_1_12' title="bbox 453 1219 2026 1294">
     <span class='ocr_line' id='line_1_12' title="bbox 453 1219 2026 1294; baseline 0.005 -22"><span class='ocrx_word' id='word_1_138' title='bbox 453 1234 520 1272; x_wconf 81' lang='lat' dir='ltr'><strong>ex</strong></span> <span class='ocrx_word' id='word_1_139' title='bbox 562 1219 720 1274; x_wconf 86' lang='lat' dir='ltr'><strong>annis</strong></span> <span class='ocrx_word' id='word_1_140' title='bbox 771 1219 1050 1275; x_wconf 90' lang='lat' dir='ltr'><strong>lunaribus</strong></span> <span class='ocrx_word' id='word_1_141' title='bbox 1103 1223 1444 1291; x_wconf 87' lang='lat' dir='ltr'><strong>simplicibus</strong></span> <span class='ocrx_word' id='word_1_142' title='bbox 1499 1225 1819 1288; x_wconf 87' lang='lat' dir='ltr'><strong>constituit,</strong></span> <span class='ocrx_word' id='word_1_143' title='bbox 1861 1241 2026 1294; x_wconf 87' lang='lat' dir='ltr'><strong>quam</strong></span> 
     </span>
    </p>
   </div>
   <div class='ocr_carea' id='block_1_13' title="bbox 2118 1211 3695 1294">
    <p class='ocr_par' dir='ltr' id='par_1_13' title="bbox 2127 1211 3695 1283">
     <span class='ocr_line' id='line_1_13' title="bbox 2127 1211 3695 1283; baseline 0.001 -15"><span class='ocrx_word' id='word_1_144' title='bbox 2127 1213 2328 1280; x_wconf 84' lang='lat' dir='ltr'><strong>fuisse,</strong></span> <span class='ocrx_word' id='word_1_145' title='bbox 2363 1222 2416 1268; x_wconf 91' lang='lat' dir='ltr'><strong>et</strong></span> <span class='ocrx_word' id='word_1_146' title='bbox 2460 1214 2606 1276; x_wconf 85' lang='lat' dir='ltr'><strong>aliis,</strong></span> <span class='ocrx_word' id='word_1_147' title='bbox 2653 1229 2818 1283; x_wconf 89' lang='lat' dir='ltr'><strong>quam</strong></span> <span class='ocrx_word' id='word_1_148' title='bbox 2875 1214 2968 1283; x_wconf 90' lang='lat' dir='ltr'><strong>qui</strong></span> <span class='ocrx_word' id='word_1_149' title='bbox 3017 1213 3180 1282; x_wconf 81' lang='lat' dir='ltr'><strong>vulgo</strong></span> <span class='ocrx_word' id='word_1_150' title='bbox 3213 1211 3695 1278; x_wconf 78' lang='lat' dir='ltr'><strong>circumferuntur,</strong></span> 
     </span>
    </p>
   </div>
   <div class='ocr_carea' id='block_1_14' title="bbox 455 1303 3700 1381">
    <p class='ocr_par' dir='ltr' id='par_1_14' title="bbox 455 1303 3700 1381">
     <span class='ocr_line' id='line_1_14' title="bbox 455 1303 3700 1381; baseline -0.001 -22"><span class='ocrx_word' id='word_1_151' title='bbox 455 1309 524 1361; x_wconf 91' lang='lat' dir='ltr'><strong>ab</strong></span> <span class='ocrx_word' id='word_1_152' title='bbox 549 1307 694 1362; x_wconf 80' lang='lat' dir='ltr'><strong>ludis</strong></span> <span class='ocrx_word' id='word_1_153' title='bbox 721 1310 846 1362; x_wconf 88' lang='lat' dir='ltr'><strong>olim</strong></span> <span class='ocrx_word' id='word_1_154' title='bbox 872 1321 1210 1380; x_wconf 77' lang='lat' dir='ltr'><strong>usurpatam,</strong></span> <span class='ocrx_word' id='word_1_155' title='bbox 1239 1323 1426 1381; x_wconf 71' lang='lat' dir='ltr'><strong>postea</strong></span> <span class='ocrx_word' id='word_1_156' title='bbox 1447 1314 1608 1368; x_wconf 70' lang='lat' dir='ltr'><strong>etiam</strong></span> <span class='ocrx_word' id='word_1_157' title='bbox 1637 1315 1706 1368; x_wconf 73' lang='lat' dir='ltr'><strong>ab</strong></span> <span class='ocrx_word' id='word_1_158' title='bbox 1731 1314 2024 1378; x_wconf 56' lang='lat' dir='ltr'><strong>Arabibus,</strong></span> <span class='ocrx_word' id='word_1_159' title='bbox 2127 1305 2440 1360; x_wconf 87' lang='lat' dir='ltr'><strong>nominibus</strong></span> <span class='ocrx_word' id='word_1_160' title='bbox 2481 1318 2697 1358; x_wconf 88' lang='lat' dir='ltr'><strong>menses</strong></span> <span class='ocrx_word' id='word_1_161' title='bbox 2723 1304 3022 1374; x_wconf 86' lang='lat' dir='ltr'><strong>appellatos</strong></span> <span class='ocrx_word' id='word_1_162' title='bbox 3060 1318 3202 1360; x_wconf 89' lang='lat' dir='ltr'><strong>esse.</strong></span> <span class='ocrx_word' id='word_1_163' title='bbox 3249 1303 3585 1372; x_wconf 87' lang='lat' dir='ltr'><strong>Simplicius,</strong></span> <span class='ocrx_word' id='word_1_164' title='bbox 3627 1307 3700 1359; x_wconf 84' lang='lat' dir='ltr'><strong>uti</strong></span> 
     </span>
    </p>
   </div>
   <div class='ocr_carea' id='block_1_15' title="bbox 461 1394 3702 1472">
    <p class='ocr_par' dir='ltr' id='par_1_15' title="bbox 461 1394 3702 1472">
     <span class='ocr_line' id='line_1_15' title="bbox 461 1394 3702 1472; baseline 0.001 -24"><span class='ocrx_word' id='word_1_165' title='bbox 461 1399 872 1467; x_wconf 81' lang='lat' dir='ltr'><strong>praesertimque</strong></span> <span class='ocrx_word' id='word_1_166' title='bbox 895 1399 1306 1456; x_wconf 77' lang='lat' dir='ltr'><strong>lllahumedanis</strong></span> <span class='ocrx_word' id='word_1_167' title='bbox 1331 1401 1505 1456; x_wconf 89' lang='lat' dir='ltr'><strong>docet.</strong></span> <span class='ocrx_word' id='word_1_168' title='bbox 1540 1400 1673 1456; x_wconf 82' lang='lat' dir='ltr'><strong>Nam</strong></span> <span class='ocrx_word' id='word_1_169' title='bbox 1705 1403 1798 1472; x_wconf 91' lang='lat' dir='ltr'><strong>qui</strong></span> <span class='ocrx_word' id='word_1_170' title='bbox 1827 1405 1894 1456; x_wconf 89' lang='lat' dir='ltr'><strong>ah</strong></span> <span class='ocrx_word' id='word_1_171' title='bbox 1923 1403 2028 1458; x_wconf 85' lang='lat' dir='ltr'><strong>He-</strong></span> <span class='ocrx_word' id='word_1_172' title='bbox 2129 1394 2272 1451; x_wconf 79' lang='lat' dir='ltr'><strong>Scal.</strong></span> <span class='ocrx_word' id='word_1_173' title='bbox 2313 1396 2584 1456; x_wconf 86' lang='lat' dir='ltr'><strong>observat,</strong></span> <span class='ocrx_word' id='word_1_174' title='bbox 2634 1410 2666 1450; x_wconf 89' lang='lat' dir='ltr'><strong>a</strong></span> <span class='ocrx_word' id='word_1_175' title='bbox 2715 1410 2841 1450; x_wconf 86' lang='lat' dir='ltr'><strong>vere</strong></span> <span class='ocrx_word' id='word_1_176' title='bbox 2893 1411 3095 1449; x_wconf 87' lang='lat' dir='ltr'><strong>annum</strong></span> <span class='ocrx_word' id='word_1_177' title='bbox 3147 1412 3306 1452; x_wconf 86' lang='lat' dir='ltr'><strong>suum</strong></span> <span class='ocrx_word' id='word_1_178' title='bbox 3355 1397 3562 1451; x_wconf 79' lang='lat' dir='ltr'><strong>Arabes</strong></span> <span class='ocrx_word' id='word_1_179' title='bbox 3619 1397 3702 1450; x_wconf 89' lang='lat' dir='ltr'><strong>iu-</strong></span> 
     </span>
    </p>
   </div>
   <div class='ocr_carea' id='block_1_16' title="bbox 456 1484 3704 1554">
    <p class='ocr_par' dir='ltr' id='par_1_16' title="bbox 456 1484 3704 1554">
     <span class='ocr_line' id='line_1_16' title="bbox 456 1484 3704 1554; baseline 0.003 -18"><span class='ocrx_word' id='word_1_180' title='bbox 456 1484 574 1552; x_wconf 78' lang='lat' dir='ltr'><strong>gira</strong></span> <span class='ocrx_word' id='word_1_181' title='bbox 609 1494 969 1540; x_wconf 87' lang='lat' dir='ltr'><strong>numerantur</strong></span> <span class='ocrx_word' id='word_1_182' title='bbox 1000 1487 1165 1554; x_wconf 88' lang='lat' dir='ltr'><strong>anni,</strong></span> <span class='ocrx_word' id='word_1_183' title='bbox 1207 1489 1358 1542; x_wconf 91' lang='lat' dir='ltr'><strong>nullo</strong></span> <span class='ocrx_word' id='word_1_184' title='bbox 1405 1490 1828 1546; x_wconf 88' lang='lat' dir='ltr'><strong>intercalationis</strong></span> <span class='ocrx_word' id='word_1_185' title='bbox 1875 1491 2026 1546; x_wconf 80' lang='lat' dir='ltr'><strong>freno</strong></span> <span class='ocrx_word' id='word_1_186' title='bbox 2127 1485 2357 1540; x_wconf 70' lang='lat'><strong>61103586</strong></span> <span class='ocrx_word' id='word_1_187' title='bbox 2440 1485 2647 1540; x_wconf 68' lang='lat' dir='ltr'><strong>scribit.</strong></span> <span class='ocrx_word' id='word_1_188' title='bbox 2721 1486 3140 1542; x_wconf 64' lang='lat' dir='ltr'><strong>Alexandrinum</strong></span> <span class='ocrx_word' id='word_1_189' title='bbox 3213 1502 3340 1542; x_wconf 66' lang='lat' dir='ltr'><strong>vero</strong></span> <span class='ocrx_word' id='word_1_190' title='bbox 3423 1488 3704 1542; x_wconf 55' lang='lat' dir='ltr'><strong>Chronico&quot;</strong></span> 
     </span>
    </p>
   </div>
   <div class='ocr_carea' id='block_1_17' title="bbox 457 1575 3704 1654">
    <p class='ocr_par' dir='ltr' id='par_1_17' title="bbox 457 1575 3704 1654">
     <span class='ocr_line' id='line_1_17' title="bbox 457 1575 3704 1654; baseline 0.003 -24"><span class='ocrx_word' id='word_1_191' title='bbox 457 1577 679 1631; x_wconf 83' lang='lat' dir='ltr'><strong>coerciti</strong></span> <span class='ocrx_word' id='word_1_192' title='bbox 735 1592 831 1646; x_wconf 91' lang='lat' dir='ltr'><strong>per</strong></span> <span class='ocrx_word' id='word_1_193' title='bbox 884 1575 1157 1632; x_wconf 89' lang='lat' dir='ltr'><strong>Julianam</strong></span> <span class='ocrx_word' id='word_1_194' title='bbox 1211 1581 1406 1634; x_wconf 89' lang='lat' dir='ltr'><strong>seriem</strong></span> <span class='ocrx_word' id='word_1_195' title='bbox 1471 1581 1692 1651; x_wconf 86' lang='lat' dir='ltr'><strong>impune</strong></span> <span class='ocrx_word' id='word_1_196' title='bbox 1740 1592 2020 1654; x_wconf 77' lang='lat' dir='ltr'><strong>vagantur.</strong></span> <span class='ocrx_word' id='word_1_197' title='bbox 2125 1591 2181 1645; x_wconf 83' lang='lat' dir='ltr'><strong>p-</strong></span> <span class='ocrx_word' id='word_1_198' title='bbox 2216 1576 2318 1632; x_wconf 72' lang='lat'><strong>597</strong></span> <span class='ocrx_word' id='word_1_199' title='bbox 2353 1584 2506 1631; x_wconf 68' lang='lat' dir='ltr'><strong>notat</strong></span> <span class='ocrx_word' id='word_1_200' title='bbox 2545 1577 2789 1634; x_wconf 74' lang='lat' dir='ltr'><strong>Candida</strong></span> <span class='ocrx_word' id='word_1_201' title='bbox 2827 1588 2882 1633; x_wconf 80' lang='lat' dir='ltr'><strong>el</strong></span> <span class='ocrx_word' id='word_1_202' title='bbox 2907 1578 3184 1646; x_wconf 70' lang='lat' dir='ltr'><strong>Quadrato</strong></span> <span class='ocrx_word' id='word_1_203' title='bbox 3223 1594 3370 1636; x_wconf 76' lang='lat' dir='ltr'><strong>COSS.</strong></span> <span class='ocrx_word' id='word_1_204' title='bbox 3399 1577 3626 1636; x_wconf 73' lang='lat' dir='ltr'><strong>Petreos</strong></span> <span class='ocrx_word' id='word_1_205' title='bbox 3649 1590 3704 1634; x_wconf 64' lang='lat' dir='ltr'><strong>ei</strong></span> 
     </span>
    </p>
   </div>
   <div class='ocr_carea' id='block_1_18' title="bbox 456 1665 3706 1742">
    <p class='ocr_par' dir='ltr' id='par_1_18' title="bbox 456 1665 3706 1742">
     <span class='ocr_line' id='line_1_18' title="bbox 456 1665 3706 1742; baseline 0.004 -24"><span class='ocrx_word' id='word_1_206' title='bbox 456 1665 610 1731; x_wconf 91' lang='lat' dir='ltr'><strong>Quod</strong></span> <span class='ocrx_word' id='word_1_207' title='bbox 645 1667 690 1720; x_wconf 91' lang='lat' dir='ltr'><strong>si</strong></span> <span class='ocrx_word' id='word_1_208' title='bbox 733 1667 859 1736; x_wconf 90' lang='lat' dir='ltr'><strong>quis</strong></span> <span class='ocrx_word' id='word_1_209' title='bbox 897 1669 1175 1736; x_wconf 76' lang='lat' dir='ltr'><strong>requirat,</strong></span> <span class='ocrx_word' id='word_1_210' title='bbox 1201 1669 1344 1725; x_wconf 91' lang='lat' dir='ltr'><strong>unde</strong></span> <span class='ocrx_word' id='word_1_211' title='bbox 1377 1669 1653 1742; x_wconf 78' lang='lat' dir='ltr'><strong>Scaligero</strong></span> <span class='ocrx_word' id='word_1_212' title='bbox 1682 1685 1892 1728; x_wconf 78' lang='lat' dir='ltr'><strong>conSIet</strong></span> <span class='ocrx_word' id='word_1_213' title='bbox 1935 1691 2024 1728; x_wconf 89' lang='lat' dir='ltr'><strong>ve-</strong></span> <span class='ocrx_word' id='word_1_214' title='bbox 2061 1733 2099 1742; x_wconf 75' lang='lat'><strong><em>_</em></strong></span> <span class='ocrx_word' id='word_1_215' title='bbox 2133 1667 2426 1724; x_wconf 74' lang='lat' dir='ltr'><strong>BOSIPCIIOS</strong></span> <span class='ocrx_word' id='word_1_216' title='bbox 2450 1708 2464 1732; x_wconf 85' lang='grc'><em>,</em></span> <span class='ocrx_word' id='word_1_217' title='bbox 2515 1669 2610 1738; x_wconf 83' lang='lat' dir='ltr'><strong>qui</strong></span> <span class='ocrx_word' id='word_1_218' title='bbox 2655 1669 2870 1726; x_wconf 60' lang='lat' dir='ltr'><strong>Arabia:</strong></span> <span class='ocrx_word' id='word_1_219' title='bbox 2897 1671 3081 1742; x_wconf 82' lang='lat' dir='ltr'><strong>populi</strong></span> <span class='ocrx_word' id='word_1_220' title='bbox 3116 1681 3265 1734; x_wconf 75' lang='lat' dir='ltr'><strong>sunt,</strong></span> <span class='ocrx_word' id='word_1_221' title='bbox 3312 1671 3382 1726; x_wconf 84' lang='lat' dir='ltr'><strong>ab</strong></span> <span class='ocrx_word' id='word_1_222' title='bbox 3429 1672 3534 1726; x_wconf 84' lang='lat' dir='ltr'><strong>hoc</strong></span> <span class='ocrx_word' id='word_1_223' title='bbox 3587 1673 3706 1741; x_wconf 75' lang='lat' dir='ltr'><strong>ipso</strong></span> 
     </span>
    </p>
   </div>
   <div class='ocr_carea' id='block_1_19' title="bbox 455 1733 3706 1834">
    <p class='ocr_par' dir='ltr' id='par_1_19' title="bbox 455 1733 3706 1834">
     <span class='ocr_line' id='line_1_19' title="bbox 455 1733 3706 1834; baseline 0.002 -24"><span class='ocrx_word' id='word_1_224' title='bbox 455 1765 634 1811; x_wconf 90' lang='lat' dir='ltr'><strong>tustos</strong></span> <span class='ocrx_word' id='word_1_225' title='bbox 681 1757 890 1811; x_wconf 81' lang='lat' dir='ltr'><strong>Arabes</strong></span> <span class='ocrx_word' id='word_1_226' title='bbox 934 1757 1286 1812; x_wconf 86' lang='lat' dir='ltr'><strong>desultoriam</strong></span> <span class='ocrx_word' id='word_1_227' title='bbox 1325 1759 1476 1813; x_wconf 89' lang='lat' dir='ltr'><strong>illam</strong></span> <span class='ocrx_word' id='word_1_228' title='bbox 1521 1761 1886 1816; x_wconf 85' lang='lat' dir='ltr'><strong>intercalandi</strong></span> <span class='ocrx_word' id='word_1_229' title='bbox 1923 1762 2031 1817; x_wconf 85' lang='lat' dir='ltr'><strong>for-</strong></span> <span class='ocrx_word' id='word_1_230' title='bbox 2061 1733 2102 1788; x_wconf 74' lang='grc' dir='ltr'><strong>Β</strong></span> <span class='ocrx_word' id='word_1_231' title='bbox 2133 1772 2276 1812; x_wconf 91' lang='lat' dir='ltr'><strong>anno</strong></span> <span class='ocrx_word' id='word_1_232' title='bbox 2305 1767 2549 1826; x_wconf 88' lang='lat' dir='ltr'><strong>tempora</strong></span> <span class='ocrx_word' id='word_1_233' title='bbox 2585 1773 2682 1812; x_wconf 89' lang='lat' dir='ltr'><strong>sua</strong></span> <span class='ocrx_word' id='word_1_234' title='bbox 2733 1775 3057 1819; x_wconf 84' lang='lat' dir='ltr'><strong>numerare,</strong></span> <span class='ocrx_word' id='word_1_235' title='bbox 3087 1761 3178 1830; x_wconf 90' lang='lat' dir='ltr'><strong>qui</strong></span> <span class='ocrx_word' id='word_1_236' title='bbox 3213 1771 3296 1815; x_wconf 87' lang='lat' dir='ltr'><strong>est</strong></span> <span class='ocrx_word' id='word_1_237' title='bbox 3335 1777 3460 1816; x_wconf 72' lang='lat' dir='ltr'><strong>tera:</strong></span> <span class='ocrx_word' id='word_1_238' title='bbox 3505 1761 3706 1834; x_wconf 79' lang='lat' dir='ltr'><strong>Diony-</strong></span> 
     </span>
    </p>
   </div>
   <div class='ocr_carea' id='block_1_20' title="bbox 457 1849 3345 1920">
    <p class='ocr_par' dir='ltr' id='par_1_20' title="bbox 457 1849 3345 1920">
     <span class='ocr_line' id='line_1_20' title="bbox 457 1849 3345 1920; baseline 0.001 -18"><span class='ocrx_word' id='word_1_239' title='bbox 457 1865 602 1902; x_wconf 88' lang='lat' dir='ltr'><strong>mam</strong></span> <span class='ocrx_word' id='word_1_240' title='bbox 654 1849 799 1903; x_wconf 89' lang='lat' dir='ltr'><strong>civili</strong></span> <span class='ocrx_word' id='word_1_241' title='bbox 839 1850 1140 1917; x_wconf 74' lang='lat' dir='ltr'><strong>prtrsertim</strong></span> <span class='ocrx_word' id='word_1_242' title='bbox 1193 1865 1292 1904; x_wconf 91' lang='lat' dir='ltr'><strong>usu</strong></span> <span class='ocrx_word' id='word_1_243' title='bbox 1337 1851 1611 1916; x_wconf 88' lang='lat' dir='ltr'><strong>tenuisse,</strong></span> <span class='ocrx_word' id='word_1_244' title='bbox 1655 1861 1749 1906; x_wconf 87' lang='lat' dir='ltr'><strong>aut</strong></span> <span class='ocrx_word' id='word_1_245' title='bbox 1787 1855 2028 1908; x_wconf 84' lang='lat' dir='ltr'><strong>eamdem</strong></span> <span class='ocrx_word' id='word_1_246' title='bbox 2131 1851 2299 1904; x_wconf 68' lang='lat' dir='ltr'><strong>sianae</strong></span> <span class='ocrx_word' id='word_1_247' title='bbox 2323 1849 2446 1914; x_wconf 83' lang='grc'><strong>105,</strong></span> <span class='ocrx_word' id='word_1_248' title='bbox 2475 1849 2696 1920; x_wconf 87' lang='lat' dir='ltr'><strong>&#39;l‘rajani</strong></span> <span class='ocrx_word' id='word_1_249' title='bbox 2728 1849 3072 1920; x_wconf 87' lang='lat' dir='ltr'><strong>imperatoris</strong></span> <span class='ocrx_word' id='word_1_250' title='bbox 3101 1863 3345 1907; x_wconf 83' lang='lat' dir='ltr'><strong>octavus.</strong></span> 
     </span>
    </p>
   </div>
   <div class='ocr_carea' id='block_1_21' title="bbox 457 1922 2034 2015">
    <p class='ocr_par' dir='ltr' id='par_1_21' title="bbox 457 1922 2028 2015">
     <span class='ocr_line' id='line_1_21' title="bbox 457 1922 2028 2015; baseline 0.003 -21"><span class='ocrx_word' id='word_1_251' title='bbox 457 1922 690 1994; x_wconf 82' lang='lat' dir='ltr'><strong>subinde</strong></span> <span class='ocrx_word' id='word_1_252' title='bbox 727 1940 1063 2007; x_wconf 84' lang='lat' dir='ltr'><strong>retexuisse-,</strong></span> <span class='ocrx_word' id='word_1_253' title='bbox 1111 1955 1175 1996; x_wconf 90' lang='lat' dir='ltr'><strong>ac</strong></span> <span class='ocrx_word' id='word_1_254' title='bbox 1217 1957 1366 1996; x_wconf 90' lang='lat' dir='ltr'><strong>mere</strong></span> <span class='ocrx_word' id='word_1_255' title='bbox 1413 1943 1654 1998; x_wconf 88' lang='lat' dir='ltr'><strong>lunarem</strong></span> <span class='ocrx_word' id='word_1_256' title='bbox 1708 1946 2028 2015; x_wconf 83' lang='lat' dir='ltr'><strong>praetulisse,</strong></span> 
     </span>
    </p>
   </div>
   <div class='ocr_carea' id='block_1_22' title="bbox 2124 1922 3701 2015">
    <p class='ocr_par' dir='ltr' id='par_1_22' title="bbox 2191 1940 3701 2012">
     <span class='ocr_line' id='line_1_22' title="bbox 2191 1940 3701 2012; baseline 0.001 -16"><span class='ocrx_word' id='word_1_257' title='bbox 2191 1940 2307 1996; x_wconf 84' lang='lat' dir='ltr'><strong>Col.</strong></span> <span class='ocrx_word' id='word_1_258' title='bbox 2323 1941 2428 1996; x_wconf 72' lang='lat'><strong>9&#39;52</strong></span> <span class='ocrx_word' id='word_1_259' title='bbox 2446 1941 2670 1996; x_wconf 84' lang='grc' dir='ltr'><strong>Β.Κατὰ</strong></span> <span class='ocrx_word' id='word_1_260' title='bbox 2683 1941 3087 2008; x_wconf 79' lang='grc' dir='ltr'><em>Καππάδοκας</em></span> <span class='ocrx_word' id='word_1_261' title='bbox 3111 1942 3346 2010; x_wconf 82' lang='grc' dir='ltr'><em>Ἁταρτᾶ</em></span> <span class='ocrx_word' id='word_1_262' title='bbox 3361 1949 3450 2012; x_wconf 71' lang='grc' dir='ltr'><strong>ιγ’.</strong></span> <span class='ocrx_word' id='word_1_263' title='bbox 3468 1941 3701 1998; x_wconf 80' lang='lat' dir='ltr'><strong>Lunaris</strong></span> 
     </span>
    </p>
   </div>
   <div class='ocr_carea' id='block_1_23' title="bbox 455 2029 3700 2105">
    <p class='ocr_par' dir='ltr' id='par_1_23' title="bbox 455 2029 3700 2105">
     <span class='ocr_line' id='line_1_23' title="bbox 455 2029 3700 2105; baseline 0.001 -22"><span class='ocrx_word' id='word_1_264' title='bbox 455 2046 526 2085; x_wconf 87' lang='lat' dir='ltr'><strong>ne</strong></span> <span class='ocrx_word' id='word_1_265' title='bbox 573 2046 742 2083; x_wconf 90' lang='lat' dir='ltr'><strong>unum</strong></span> <span class='ocrx_word' id='word_1_266' title='bbox 777 2031 994 2099; x_wconf 88' lang='lat' dir='ltr'><strong>quidem</strong></span> <span class='ocrx_word' id='word_1_267' title='bbox 1043 2032 1363 2100; x_wconf 89' lang='lat' dir='ltr'><strong>scriptorem</strong></span> <span class='ocrx_word' id='word_1_268' title='bbox 1399 2034 1581 2100; x_wconf 82' lang='lat' dir='ltr'><strong>all‘crt,</strong></span> <span class='ocrx_word' id='word_1_269' title='bbox 1616 2036 1710 2105; x_wconf 89' lang='lat' dir='ltr'><strong>qui</strong></span> <span class='ocrx_word' id='word_1_270' title='bbox 1757 2037 1808 2091; x_wconf 92' lang='lat' dir='ltr'><strong>id</strong></span> <span class='ocrx_word' id='word_1_271' title='bbox 1842 2037 1924 2090; x_wconf 84' lang='lat' dir='ltr'><strong>vel</strong></span> <span class='ocrx_word' id='word_1_272' title='bbox 1957 2038 2032 2090; x_wconf 83' lang='lat' dir='ltr'><strong>le-</strong></span> <span class='ocrx_word' id='word_1_273' title='bbox 2132 2029 2294 2098; x_wconf 78' lang='lat' dir='ltr'><strong>igitur</strong></span> <span class='ocrx_word' id='word_1_274' title='bbox 2321 2033 2702 2102; x_wconf 84' lang='lat' dir='ltr'><strong>Cappadocum</strong></span> <span class='ocrx_word' id='word_1_275' title='bbox 2730 2031 2934 2087; x_wconf 88' lang='lat' dir='ltr'><strong>mensis</strong></span> <span class='ocrx_word' id='word_1_276' title='bbox 2957 2031 3168 2088; x_wconf 71' lang='lat' dir='ltr'><strong>&#39;exstitit</strong></span> <span class='ocrx_word' id='word_1_277' title='bbox 3202 2050 3216 2086; x_wconf 90' lang='lat'>:</span> <span class='ocrx_word' id='word_1_278' title='bbox 3258 2032 3700 2103; x_wconf 87' lang='lat' dir='ltr'><strong>quandoquidem</strong></span> 
     </span>
    </p>
   </div>
   <div class='ocr_carea' id='block_1_24' title="bbox 455 2119 3702 2186">
    <p class='ocr_par' dir='ltr' id='par_1_24' title="bbox 455 2119 3702 2186">
     <span class='ocr_line' id='line_1_24' title="bbox 455 2119 3702 2186; baseline 0.003 -15"><span class='ocrx_word' id='word_1_279' title='bbox 455 2119 680 2174; x_wconf 85' lang='lat' dir='ltr'><strong>vissime</strong></span> <span class='ocrx_word' id='word_1_280' title='bbox 708 2121 955 2176; x_wconf 79' lang='lat' dir='ltr'><strong>suadeat.</strong></span> <span class='ocrx_word' id='word_1_281' title='bbox 986 2119 1166 2186; x_wconf 89' lang='lat' dir='ltr'><strong>Quare</strong></span> <span class='ocrx_word' id='word_1_282' title='bbox 1196 2119 1324 2176; x_wconf 78' lang='lat' dir='ltr'><strong>dum</strong></span> <span class='ocrx_word' id='word_1_283' title='bbox 1360 2123 1622 2179; x_wconf 82' lang='lat' dir='ltr'><strong>conﬁctas</strong></span> <span class='ocrx_word' id='word_1_284' title='bbox 1650 2125 1770 2180; x_wconf 91' lang='lat' dir='ltr'><strong>illas</strong></span> <span class='ocrx_word' id='word_1_285' title='bbox 1789 2125 2030 2180; x_wconf 86' lang='lat' dir='ltr'><strong>Arabum</strong></span> <span class='ocrx_word' id='word_1_286' title='bbox 2130 2137 2254 2177; x_wconf 91' lang='lat' dir='ltr'><strong>cum</strong></span> <span class='ocrx_word' id='word_1_287' title='bbox 2295 2121 2498 2176; x_wconf 85' lang='lat' dir='ltr'><strong>Tebeth</strong></span> <span class='ocrx_word' id='word_1_288' title='bbox 2535 2121 2761 2178; x_wconf 88' lang='lat' dir='ltr'><strong>Judaico</strong></span> <span class='ocrx_word' id='word_1_289' title='bbox 2790 2124 3060 2179; x_wconf 80' lang='lat' dir='ltr'><strong>convenit.</strong></span> <span class='ocrx_word' id='word_1_290' title='bbox 3088 2126 3204 2178; x_wconf 89' lang='lat' dir='ltr'><strong>Imo</strong></span> <span class='ocrx_word' id='word_1_291' title='bbox 3228 2140 3356 2179; x_wconf 88' lang='lat' dir='ltr'><strong>vero</strong></span> <span class='ocrx_word' id='word_1_292' title='bbox 3396 2135 3592 2180; x_wconf 84' lang='lat' dir='ltr'><strong>neuter</strong></span> <span class='ocrx_word' id='word_1_293' title='bbox 3611 2141 3702 2181; x_wconf 84' lang='lat' dir='ltr'><strong>ac-</strong></span> 
     </span>
    </p>
   </div>
   <div class='ocr_carea' id='block_1_25' title="bbox 455 2208 3702 2280">
    <p class='ocr_par' dir='ltr' id='par_1_25' title="bbox 455 2208 3702 2280">
     <span class='ocr_line' id='line_1_25' title="bbox 455 2208 3702 2280; baseline 0.002 -18"><span class='ocrx_word' id='word_1_294' title='bbox 455 2208 708 2278; x_wconf 90' lang='lat' dir='ltr'><strong>periodos</strong></span> <span class='ocrx_word' id='word_1_295' title='bbox 755 2209 1142 2278; x_wconf 77' lang='lat' dir='ltr'><strong>Operosissime</strong></span> <span class='ocrx_word' id='word_1_296' title='bbox 1196 2210 1498 2278; x_wconf 86' lang='lat' dir='ltr'><strong>describit,</strong></span> <span class='ocrx_word' id='word_1_297' title='bbox 1553 2213 1658 2268; x_wconf 92' lang='lat' dir='ltr'><strong>hoc</strong></span> <span class='ocrx_word' id='word_1_298' title='bbox 1689 2223 1774 2269; x_wconf 82' lang='lat' dir='ltr'><strong>est</strong></span> <span class='ocrx_word' id='word_1_299' title='bbox 1819 2218 2032 2270; x_wconf 86' lang='lat' dir='ltr'><strong>somnia</strong></span> <span class='ocrx_word' id='word_1_300' title='bbox 2130 2212 2532 2268; x_wconf 87' lang='lat' dir='ltr'><strong>curatelunaris</strong></span> <span class='ocrx_word' id='word_1_301' title='bbox 2551 2211 2810 2280; x_wconf 87' lang='lat' dir='ltr'><strong>fuit,cum</strong></span> <span class='ocrx_word' id='word_1_302' title='bbox 2833 2214 3421 2272; x_wconf 83' lang='lat' dir='ltr'><strong>noviluniummedium</strong></span> <span class='ocrx_word' id='word_1_303' title='bbox 3440 2215 3702 2272; x_wconf 78' lang='lat' dir='ltr'><strong>Dec.nvt</strong></span> 
     </span>
    </p>
   </div>
   <div class='ocr_carea' id='block_1_26' title="bbox 455 2299 3730 2378">
    <p class='ocr_par' dir='ltr' id='par_1_26' title="bbox 455 2299 3730 2378">
     <span class='ocr_line' id='line_1_26' title="bbox 455 2299 3730 2378; baseline 0.003 -25"><span class='ocrx_word' id='word_1_304' title='bbox 455 2314 556 2354; x_wconf 86' lang='lat' dir='ltr'><strong>sua</strong></span> <span class='ocrx_word' id='word_1_305' title='bbox 605 2299 958 2367; x_wconf 87' lang='lat' dir='ltr'><strong>prosequitur</strong></span> <span class='ocrx_word' id='word_1_306' title='bbox 981 2339 995 2364; x_wconf 94' lang='lat'><strong>,</strong></span> <span class='ocrx_word' id='word_1_307' title='bbox 1027 2307 1082 2354; x_wconf 90' lang='lat' dir='ltr'><strong>et</strong></span> <span class='ocrx_word' id='word_1_308' title='bbox 1116 2315 1216 2354; x_wconf 92' lang='lat' dir='ltr'><strong>suo</strong></span> <span class='ocrx_word' id='word_1_309' title='bbox 1236 2343 1250 2364; x_wconf 91' lang='lat'><strong>,</strong></span> <span class='ocrx_word' id='word_1_310' title='bbox 1283 2309 1334 2356; x_wconf 91' lang='lat' dir='ltr'><strong>et</strong></span> <span class='ocrx_word' id='word_1_311' title='bbox 1375 2302 1594 2358; x_wconf 77' lang='lat' dir='ltr'><strong>lectoris</strong></span> <span class='ocrx_word' id='word_1_312' title='bbox 1625 2305 1737 2360; x_wconf 92' lang='lat' dir='ltr'><strong>otio</strong></span> <span class='ocrx_word' id='word_1_313' title='bbox 1768 2305 2032 2378; x_wconf 86' lang='lat' dir='ltr'><strong>intempe-</strong></span> <span class='ocrx_word' id='word_1_314' title='bbox 2131 2315 2421 2376; x_wconf 81' lang='lat' dir='ltr'><strong>competat.</strong></span> <span class='ocrx_word' id='word_1_315' title='bbox 2453 2305 2632 2371; x_wconf 87' lang='lat' dir='ltr'><strong>Quare</strong></span> <span class='ocrx_word' id='word_1_316' title='bbox 2662 2306 2707 2362; x_wconf 88' lang='lat' dir='ltr'><strong>si</strong></span> <span class='ocrx_word' id='word_1_317' title='bbox 2733 2305 2928 2375; x_wconf 83' lang='lat' dir='ltr'><strong>Judaei,</strong></span> <span class='ocrx_word' id='word_1_318' title='bbox 2957 2307 3065 2362; x_wconf 77' lang='grc' dir='ltr'><strong>ἀπὸ</strong></span> <span class='ocrx_word' id='word_1_319' title='bbox 3101 2307 3202 2378; x_wconf 80' lang='grc' dir='ltr'><strong>τῆς</strong></span> <span class='ocrx_word' id='word_1_320' title='bbox 3230 2308 3448 2360; x_wconf 74' lang='grc' dir='ltr'><strong>συνόδου</strong></span> <span class='ocrx_word' id='word_1_321' title='bbox 3477 2323 3730 2364; x_wconf 86' lang='lat' dir='ltr'><strong>neome—-</strong></span> 
     </span>
    </p>
   </div>
   <div class='ocr_carea' id='block_1_27' title="bbox 453 2388 3700 2464">
    <p class='ocr_par' dir='ltr' id='par_1_27' title="bbox 453 2388 3700 2464">
     <span class='ocr_line' id='line_1_27' title="bbox 453 2388 3700 2464; baseline 0.003 -22"><span class='ocrx_word' id='word_1_322' title='bbox 453 2397 638 2443; x_wconf 83' lang='lat' dir='ltr'><strong>ranter</strong></span> <span class='ocrx_word' id='word_1_323' title='bbox 680 2389 940 2442; x_wconf 84' lang='lat' dir='ltr'><strong>abutitur.</strong></span> <span class='ocrx_word' id='word_1_324' title='bbox 980 2388 1100 2456; x_wconf 88' lang='lat' dir='ltr'><strong>Quo</strong></span> <span class='ocrx_word' id='word_1_325' title='bbox 1141 2390 1359 2458; x_wconf 86' lang='lat' dir='ltr'><strong>quidem</strong></span> <span class='ocrx_word' id='word_1_326' title='bbox 1417 2393 1478 2447; x_wconf 84' lang='lat' dir='ltr'><strong>in’</strong></span> <span class='ocrx_word' id='word_1_327' title='bbox 1507 2395 1724 2464; x_wconf 85' lang='lat' dir='ltr'><strong>negotio</strong></span> <span class='ocrx_word' id='word_1_328' title='bbox 1769 2405 1852 2450; x_wconf 85' lang='lat' dir='ltr'><strong>est</strong></span> <span class='ocrx_word' id='word_1_329' title='bbox 1899 2396 2032 2452; x_wconf 90' lang='lat' dir='ltr'><strong>illud</strong></span> <span class='ocrx_word' id='word_1_330' title='bbox 2131 2395 2251 2451; x_wconf 89' lang='lat' dir='ltr'><strong>nias</strong></span> <span class='ocrx_word' id='word_1_331' title='bbox 2277 2396 2504 2452; x_wconf 82' lang='lat' dir='ltr'><strong>civiliter</strong></span> <span class='ocrx_word' id='word_1_332' title='bbox 2540 2397 2912 2462; x_wconf 88' lang='lat' dir='ltr'><strong>deduxissent,</strong></span> <span class='ocrx_word' id='word_1_333' title='bbox 2945 2395 3068 2452; x_wconf 85' lang='lat' dir='ltr'><strong>Jan.</strong></span> <span class='ocrx_word' id='word_1_334' title='bbox 3105 2415 3154 2454; x_wconf 90' lang='lat' dir='ltr'><strong>vt</strong></span> <span class='ocrx_word' id='word_1_335' title='bbox 3178 2399 3394 2454; x_wconf 89' lang='lat' dir='ltr'><strong>nonnisi</strong></span> <span class='ocrx_word' id='word_1_336' title='bbox 3421 2415 3498 2452; x_wconf 71' lang='grc' dir='ltr'><strong>χιι</strong></span> <span class='ocrx_word' id='word_1_337' title='bbox 3525 2413 3700 2454; x_wconf 88' lang='lat' dir='ltr'><strong>mens.</strong></span> 
     </span>
    </p>
   </div>
   <div class='ocr_carea' id='block_1_28' title="bbox 455 2479 3700 2560">
    <p class='ocr_par' dir='ltr' id='par_1_28' title="bbox 455 2479 3700 2560">
     <span class='ocr_line' id='line_1_28' title="bbox 455 2479 3700 2560; baseline 0.002 -27"><span class='ocrx_word' id='word_1_338' title='bbox 455 2479 1084 2551; x_wconf 86' lang='lat' dir='ltr'><strong>sanejucundum,quod</strong></span> <span class='ocrx_word' id='word_1_339' title='bbox 1107 2483 1348 2536; x_wconf 88' lang='lat' dir='ltr'><strong>eamdem</strong></span> <span class='ocrx_word' id='word_1_340' title='bbox 1371 2483 1514 2537; x_wconf 88' lang='lat' dir='ltr'><strong>illam</strong></span> <span class='ocrx_word' id='word_1_341' title='bbox 1533 2485 1812 2554; x_wconf 89' lang='lat' dir='ltr'><strong>periodum</strong></span> <span class='ocrx_word' id='word_1_342' title='bbox 1832 2503 1949 2556; x_wconf 75' lang='lat' dir='ltr'><strong>quae</strong></span> <span class='ocrx_word' id='word_1_343' title='bbox 1965 2503 2032 2544; x_wconf 82' lang='lat' dir='ltr'><strong>ex</strong></span> <span class='ocrx_word' id='word_1_344' title='bbox 2131 2485 2470 2542; x_wconf 86' lang='lat' dir='ltr'><strong>habuissent.</strong></span> <span class='ocrx_word' id='word_1_345' title='bbox 2501 2484 2596 2540; x_wconf 91' lang='lat' dir='ltr'><strong>Sin</strong></span> <span class='ocrx_word' id='word_1_346' title='bbox 2626 2487 2791 2559; x_wconf 51' lang='lat' dir='ltr'><strong>quod</strong></span> <span class='ocrx_word' id='word_1_347' title='bbox 2805 2487 2926 2543; x_wconf 91' lang='lat' dir='ltr'><strong>aliis</strong></span> <span class='ocrx_word' id='word_1_348' title='bbox 2954 2488 3176 2558; x_wconf 87' lang='lat' dir='ltr'><strong>placuit.</strong></span> <span class='ocrx_word' id='word_1_349' title='bbox 3207 2487 3280 2543; x_wconf 90' lang='lat' dir='ltr'><strong>uti</strong></span> <span class='ocrx_word' id='word_1_350' title='bbox 3313 2489 3496 2560; x_wconf 79' lang='lat' dir='ltr'><strong>glossa</strong></span> <span class='ocrx_word' id='word_1_351' title='bbox 3525 2503 3578 2544; x_wconf 91' lang='lat' dir='ltr'><strong>c.</strong></span> <span class='ocrx_word' id='word_1_352' title='bbox 3602 2502 3700 2550; x_wconf 83' lang='lat' dir='ltr'><strong>vn,</strong></span> 
     </span>
    </p>
   </div>
   <div class='ocr_carea' id='block_1_29' title="bbox 451 2571 3700 2650">
    <p class='ocr_par' dir='ltr' id='par_1_29' title="bbox 451 2571 3700 2650">
     <span class='ocr_line' id='line_1_29' title="bbox 451 2571 3700 2650; baseline 0.002 -26"><span class='ocrx_word' id='word_1_353' title='bbox 451 2572 561 2625; x_wconf 78' lang='lat'><strong>228</strong></span> <span class='ocrx_word' id='word_1_354' title='bbox 595 2571 830 2626; x_wconf 90' lang='lat' dir='ltr'><strong>Julianis</strong></span> <span class='ocrx_word' id='word_1_355' title='bbox 875 2573 1069 2636; x_wconf 89' lang='lat' dir='ltr'><strong>annis,</strong></span> <span class='ocrx_word' id='word_1_356' title='bbox 1098 2571 1347 2627; x_wconf 85' lang='lat' dir='ltr'><strong>Arabicis</strong></span> <span class='ocrx_word' id='word_1_357' title='bbox 1378 2589 1528 2639; x_wconf 88' lang='lat' dir='ltr'><strong>vero,</strong></span> <span class='ocrx_word' id='word_1_358' title='bbox 1569 2576 1649 2630; x_wconf 87' lang='lat' dir='ltr'><strong>vel</strong></span> <span class='ocrx_word' id='word_1_359' title='bbox 1687 2577 1880 2632; x_wconf 85' lang='lat' dir='ltr'><strong>solutis</strong></span> <span class='ocrx_word' id='word_1_360' title='bbox 1919 2577 2027 2632; x_wconf 68' lang='lat'><strong>235</strong></span> <span class='ocrx_word' id='word_1_361' title='bbox 2129 2590 2288 2650; x_wconf 71' lang='lat' dir='ltr'><strong>pani</strong></span> <span class='ocrx_word' id='word_1_362' title='bbox 2339 2575 2428 2631; x_wconf 90' lang='lat' dir='ltr'><strong>lad</strong></span> <span class='ocrx_word' id='word_1_363' title='bbox 2459 2575 2523 2630; x_wconf 75' lang='grc' dir='ltr'><strong>Β.</strong></span> <span class='ocrx_word' id='word_1_364' title='bbox 2554 2576 2884 2632; x_wconf 71' lang='lat' dir='ltr'><strong>Mtemonidae</strong></span> <span class='ocrx_word' id='word_1_365' title='bbox 2909 2585 3170 2644; x_wconf 89' lang='lat' dir='ltr'><strong>testatur,</strong></span> <span class='ocrx_word' id='word_1_366' title='bbox 3198 2593 3376 2632; x_wconf 89' lang='lat' dir='ltr'><strong>neom.</strong></span> <span class='ocrx_word' id='word_1_367' title='bbox 3419 2592 3700 2648; x_wconf 83' lang='lat' dir='ltr'><strong>nunquam</strong></span> 
     </span>
    </p>
   </div>
   <div class='ocr_carea' id='block_1_30' title="bbox 460 2661 3778 2738">
    <p class='ocr_par' dir='ltr' id='par_1_30' title="bbox 460 2661 3778 2738">
     <span class='ocr_line' id='line_1_30' title="bbox 460 2661 3778 2738; baseline 0.001 -21"><span class='ocrx_word' id='word_1_368' title='bbox 460 2671 695 2726; x_wconf 88' lang='lat' dir='ltr'><strong>constat,</strong></span> <span class='ocrx_word' id='word_1_369' title='bbox 723 2661 920 2716; x_wconf 83' lang='lat' dir='ltr'><strong>alicubi</strong></span> <span class='ocrx_word' id='word_1_370' title='bbox 944 2663 1304 2732; x_wconf 79' lang='lat' dir='ltr'><strong>exc0gitatam</strong></span> <span class='ocrx_word' id='word_1_371' title='bbox 1329 2679 1356 2717; x_wconf 90' lang='lat' dir='ltr'><strong>a</strong></span> <span class='ocrx_word' id='word_1_372' title='bbox 1383 2680 1442 2719; x_wconf 91' lang='lat' dir='ltr'><strong>se</strong></span> <span class='ocrx_word' id='word_1_373' title='bbox 1468 2665 1632 2729; x_wconf 77' lang='lat' dir='ltr'><strong>dicat,</strong></span> <span class='ocrx_word' id='word_1_374' title='bbox 1657 2667 1784 2720; x_wconf 84' lang='lat' dir='ltr'><strong>alibi</strong></span> <span class='ocrx_word' id='word_1_375' title='bbox 1811 2683 1937 2722; x_wconf 90' lang='lat' dir='ltr'><strong>vero</strong></span> <span class='ocrx_word' id='word_1_376' title='bbox 1962 2669 2030 2722; x_wconf 88' lang='lat' dir='ltr'><strong>ab</strong></span> <span class='ocrx_word' id='word_1_377' title='bbox 2130 2679 2196 2720; x_wconf 89' lang='lat' dir='ltr'><strong>eo</strong></span> <span class='ocrx_word' id='word_1_378' title='bbox 2221 2665 2308 2720; x_wconf 87' lang='lat' dir='ltr'><strong>die</strong></span> <span class='ocrx_word' id='word_1_379' title='bbox 2328 2668 2648 2732; x_wconf 88' lang='lat' dir='ltr'><strong>constituta,</strong></span> <span class='ocrx_word' id='word_1_380' title='bbox 2679 2667 2732 2720; x_wconf 92' lang='lat' dir='ltr'><strong>in</strong></span> <span class='ocrx_word' id='word_1_381' title='bbox 2765 2681 2926 2738; x_wconf 90' lang='lat' dir='ltr'><strong>quem</strong></span> <span class='ocrx_word' id='word_1_382' title='bbox 2956 2666 3136 2724; x_wconf 83' lang='lat' dir='ltr'><strong>Molad</strong></span> <span class='ocrx_word' id='word_1_383' title='bbox 3165 2667 3448 2734; x_wconf 89' lang='lat' dir='ltr'><strong>incideret,</strong></span> <span class='ocrx_word' id='word_1_384' title='bbox 3483 2681 3703 2722; x_wconf 61' lang='lat' dir='ltr'><strong>neomeo</strong></span> <span class='ocrx_word' id='word_1_385' title='bbox 3775 2671 3778 2674; x_wconf 82' lang='lat'>&#39;</span> 
     </span>
    </p>
   </div>
   <div class='ocr_carea' id='block_1_31' title="bbox 455 2751 3700 2824">
    <p class='ocr_par' dir='ltr' id='par_1_31' title="bbox 455 2751 3700 2824">
     <span class='ocr_line' id='line_1_31' title="bbox 455 2751 3700 2824; baseline 0.002 -19"><span class='ocrx_word' id='word_1_386' title='bbox 455 2753 762 2819; x_wconf 87' lang='lat' dir='ltr'><strong>Arabibus,</strong></span> <span class='ocrx_word' id='word_1_387' title='bbox 794 2761 849 2805; x_wconf 87' lang='lat' dir='ltr'><strong>et</strong></span> <span class='ocrx_word' id='word_1_388' title='bbox 885 2751 1182 2821; x_wconf 80' lang='lat' dir='ltr'><strong>llagarenis</strong></span> <span class='ocrx_word' id='word_1_389' title='bbox 1224 2755 1295 2808; x_wconf 88' lang='lat' dir='ltr'><strong>ab</strong></span> <span class='ocrx_word' id='word_1_390' title='bbox 1339 2755 1493 2810; x_wconf 89' lang='lat' dir='ltr'><strong>initio</strong></span> <span class='ocrx_word' id='word_1_391' title='bbox 1526 2754 1728 2809; x_wconf 88' lang='lat' dir='ltr'><strong>Juliani</strong></span> <span class='ocrx_word' id='word_1_392' title='bbox 1774 2759 1902 2811; x_wconf 86' lang='lat' dir='ltr'><strong>anni</strong></span> <span class='ocrx_word' id='word_1_393' title='bbox 1947 2775 2031 2813; x_wconf 84' lang='lat' dir='ltr'><strong>re—</strong></span> <span class='ocrx_word' id='word_1_394' title='bbox 2131 2757 2220 2811; x_wconf 88' lang='lat' dir='ltr'><strong>nia</strong></span> <span class='ocrx_word' id='word_1_395' title='bbox 2246 2755 2450 2812; x_wconf 83' lang='lat' dir='ltr'><strong>Tebeth</strong></span> <span class='ocrx_word' id='word_1_396' title='bbox 2489 2774 2636 2812; x_wconf 78' lang='lat' dir='ltr'><strong>xxvu</strong></span> <span class='ocrx_word' id='word_1_397' title='bbox 2677 2758 2828 2824; x_wconf 87' lang='lat' dir='ltr'><strong>Dec.,</strong></span> <span class='ocrx_word' id='word_1_398' title='bbox 2859 2757 3101 2814; x_wconf 89' lang='lat' dir='ltr'><strong>Januarii</strong></span> <span class='ocrx_word' id='word_1_399' title='bbox 3129 2769 3310 2814; x_wconf 88' lang='lat' dir='ltr'><strong>autem</strong></span> <span class='ocrx_word' id='word_1_400' title='bbox 3348 2775 3405 2813; x_wconf 70' lang='grc' dir='ltr'><strong>γι</strong></span> <span class='ocrx_word' id='word_1_401' title='bbox 3436 2760 3700 2814; x_wconf 76' lang='lat' dir='ltr'><strong>duntaxat</strong></span> 
     </span>
    </p>
   </div>
   <div class='ocr_carea' id='block_1_32' title="bbox 453 2844 3698 2914">
    <p class='ocr_par' dir='ltr' id='par_1_32' title="bbox 453 2844 3698 2914">
     <span class='ocr_line' id='line_1_32' title="bbox 453 2844 3698 2914; baseline 0.001 -18"><span class='ocrx_word' id='word_1_402' title='bbox 453 2854 663 2913; x_wconf 84' lang='lat' dir='ltr'><strong>portam</strong></span> <span class='ocrx_word' id='word_1_403' title='bbox 687 2885 701 2909; x_wconf 90' lang='lat'><strong>,</strong></span> <span class='ocrx_word' id='word_1_404' title='bbox 732 2853 786 2897; x_wconf 90' lang='lat' dir='ltr'><strong>et</strong></span> <span class='ocrx_word' id='word_1_405' title='bbox 829 2844 1135 2896; x_wconf 83' lang='lat' dir='ltr'><strong>institutam</strong></span> <span class='ocrx_word' id='word_1_406' title='bbox 1183 2845 1498 2914; x_wconf 87' lang='lat' dir='ltr'><strong>imprudens</strong></span> <span class='ocrx_word' id='word_1_407' title='bbox 1532 2857 1765 2904; x_wconf 86' lang='lat' dir='ltr'><strong>asserat.</strong></span> <span class='ocrx_word' id='word_1_408' title='bbox 1817 2847 2028 2904; x_wconf 86' lang='lat' dir='ltr'><strong>Etenim</strong></span> <span class='ocrx_word' id='word_1_409' title='bbox 2132 2845 2416 2900; x_wconf 87' lang='lat' dir='ltr'><strong>undecima</strong></span> <span class='ocrx_word' id='word_1_410' title='bbox 2447 2846 2719 2902; x_wconf 88' lang='lat' dir='ltr'><strong>convenit.</strong></span> <span class='ocrx_word' id='word_1_411' title='bbox 2759 2845 2902 2902; x_wconf 88' lang='lat' dir='ltr'><strong>Scal.</strong></span> <span class='ocrx_word' id='word_1_412' title='bbox 2947 2847 2983 2901; x_wconf 95' lang='grc'><strong>1.</strong></span> <span class='ocrx_word' id='word_1_413' title='bbox 3011 2863 3064 2902; x_wconf 87' lang='lat' dir='ltr'><strong>vt</strong></span> <span class='ocrx_word' id='word_1_414' title='bbox 3101 2847 3176 2902; x_wconf 83' lang='lat' dir='ltr'><strong>De</strong></span> <span class='ocrx_word' id='word_1_415' title='bbox 3215 2847 3419 2902; x_wconf 73' lang='lat' dir='ltr'><strong>emend.</strong></span> <span class='ocrx_word' id='word_1_416' title='bbox 3463 2862 3590 2902; x_wconf 88' lang='lat' dir='ltr'><strong>cum</strong></span> <span class='ocrx_word' id='word_1_417' title='bbox 3633 2846 3698 2900; x_wconf 88' lang='lat' dir='ltr'><strong>de</strong></span> 
     </span>
    </p>
   </div>
   <div class='ocr_carea' id='block_1_33' title="bbox 455 2935 3700 3010">
    <p class='ocr_par' dir='ltr' id='par_1_33' title="bbox 455 2935 3700 3010">
     <span class='ocr_line' id='line_1_33' title="bbox 455 2935 3700 3010; baseline 0 -21"><span class='ocrx_word' id='word_1_418' title='bbox 455 2937 548 2990; x_wconf 93' lang='lat' dir='ltr'><strong>lib.</strong></span> <span class='ocrx_word' id='word_1_419' title='bbox 581 2951 616 2988; x_wconf 90' lang='lat' dir='ltr'><strong>tt</strong></span> <span class='ocrx_word' id='word_1_420' title='bbox 645 2935 722 2988; x_wconf 87' lang='lat' dir='ltr'><strong>De</strong></span> <span class='ocrx_word' id='word_1_421' title='bbox 752 2937 953 2989; x_wconf 82' lang='lat' dir='ltr'><strong>emend.</strong></span> <span class='ocrx_word' id='word_1_422' title='bbox 989 2951 1040 3005; x_wconf 91' lang='lat' dir='ltr'><strong>p.</strong></span> <span class='ocrx_word' id='word_1_423' title='bbox 1079 2935 1201 3002; x_wconf 71' lang='grc'><strong>154,</strong></span> <span class='ocrx_word' id='word_1_424' title='bbox 1236 2936 1324 2991; x_wconf 81' lang='lat' dir='ltr'><strong>ubi</strong></span> <span class='ocrx_word' id='word_1_425' title='bbox 1347 2938 1412 2992; x_wconf 91' lang='lat' dir='ltr'><strong>de</strong></span> <span class='ocrx_word' id='word_1_426' title='bbox 1437 2953 1581 2992; x_wconf 90' lang='lat' dir='ltr'><strong>anno</strong></span> <span class='ocrx_word' id='word_1_427' title='bbox 1623 2939 1832 3010; x_wconf 69' lang='lat' dir='ltr'><strong>liegirte</strong></span> <span class='ocrx_word' id='word_1_428' title='bbox 1860 2942 2032 2998; x_wconf 85' lang='lat' dir='ltr'><strong>disse—</strong></span> <span class='ocrx_word' id='word_1_429' title='bbox 2131 2953 2274 2992; x_wconf 84' lang='lat' dir='ltr'><strong>anno</strong></span> <span class='ocrx_word' id='word_1_430' title='bbox 2329 2935 2505 2992; x_wconf 79' lang='lat' dir='ltr'><strong>Natali</strong></span> <span class='ocrx_word' id='word_1_431' title='bbox 2559 2937 2762 2994; x_wconf 87' lang='lat' dir='ltr'><strong>Christi</strong></span> <span class='ocrx_word' id='word_1_432' title='bbox 2815 2939 3090 3009; x_wconf 87' lang='lat' dir='ltr'><strong>disputat,</strong></span> <span class='ocrx_word' id='word_1_433' title='bbox 3147 2938 3342 3008; x_wconf 88' lang='lat' dir='ltr'><strong>Epiph.</strong></span> <span class='ocrx_word' id='word_1_434' title='bbox 3401 2937 3700 3008; x_wconf 77' lang='lat' dir='ltr'><strong>redarguit,</strong></span> 
     </span>
    </p>
   </div>
   <div class='ocr_carea' id='block_1_34' title="bbox 453 3027 3702 3131">
    <p class='ocr_par' dir='ltr' id='par_1_34' title="bbox 453 3027 3702 3131">
     <span class='ocr_line' id='line_1_34' title="bbox 453 3027 3702 3131; baseline 0.001 -51"><span class='ocrx_word' id='word_1_435' title='bbox 453 3029 524 3081; x_wconf 88' lang='lat' dir='ltr'><strong>rit</strong></span> <span class='ocrx_word' id='word_1_436' title='bbox 559 3045 573 3080; x_wconf 89' lang='lat'><strong>:</strong></span> <span class='ocrx_word' id='word_1_437' title='bbox 603 3027 1135 3092; x_wconf 81' lang='lat' dir='ltr'><strong>Contumacissimus,</strong></span> <span class='ocrx_word' id='word_1_438' title='bbox 1177 3027 1388 3098; x_wconf 88' lang='lat' dir='ltr'><strong>inquit,</strong></span> <span class='ocrx_word' id='word_1_439' title='bbox 1424 3030 1508 3083; x_wconf 83' lang='lat' dir='ltr'><strong>hic</strong></span> <span class='ocrx_word' id='word_1_440' title='bbox 1547 3047 1717 3086; x_wconf 80' lang='lat' dir='ltr'><strong>annus</strong></span> <span class='ocrx_word' id='word_1_441' title='bbox 1754 3040 2030 3104; x_wconf 85' lang='lat' dir='ltr'><strong>est,ucque</strong></span> <span class='ocrx_word' id='word_1_442' title='bbox 2055 3072 2098 3131; x_wconf 64' lang='grc' dir='ltr'>ο</span> <span class='ocrx_word' id='word_1_443' title='bbox 2131 3029 2272 3098; x_wconf 89' lang='lat' dir='ltr'><strong>quod</strong></span> <span class='ocrx_word' id='word_1_444' title='bbox 2319 3027 2546 3095; x_wconf 88' lang='lat' dir='ltr'><strong>Tebeth,</strong></span> <span class='ocrx_word' id='word_1_445' title='bbox 2599 3045 2695 3099; x_wconf 91' lang='lat' dir='ltr'><strong>pro</strong></span> <span class='ocrx_word' id='word_1_446' title='bbox 2741 3030 2906 3084; x_wconf 75' lang='lat' dir='ltr'><strong>Sebat</strong></span> <span class='ocrx_word' id='word_1_447' title='bbox 2939 3030 3202 3100; x_wconf 84' lang='lat' dir='ltr'><strong>posuerit.</strong></span> <span class='ocrx_word' id='word_1_448' title='bbox 3244 3028 3350 3086; x_wconf 90' lang='lat' dir='ltr'><strong>Sed</strong></span> <span class='ocrx_word' id='word_1_449' title='bbox 3409 3031 3702 3100; x_wconf 80' lang='lat' dir='ltr'><strong>reprehen-</strong></span> 
     </span>
    </p>
   </div>
   <div class='ocr_carea' id='block_1_35' title="bbox 454 3117 3704 3192">
    <p class='ocr_par' dir='ltr' id='par_1_35' title="bbox 454 3117 3704 3192">
     <span class='ocr_line' id='line_1_35' title="bbox 454 3117 3704 3192; baseline 0.002 -20"><span class='ocrx_word' id='word_1_450' title='bbox 454 3120 615 3188; x_wconf 80' lang='lat' dir='ltr'><strong>facile</strong></span> <span class='ocrx_word' id='word_1_451' title='bbox 662 3119 792 3172; x_wconf 82' lang='lat' dir='ltr'><strong>redit</strong></span> <span class='ocrx_word' id='word_1_452' title='bbox 842 3121 896 3170; x_wconf 86' lang='lat' dir='ltr'><strong>in</strong></span> <span class='ocrx_word' id='word_1_453' title='bbox 939 3119 1167 3188; x_wconf 81' lang='lat' dir='ltr'><strong>gratiam</strong></span> <span class='ocrx_word' id='word_1_454' title='bbox 1200 3135 1318 3172; x_wconf 87' lang='lat' dir='ltr'><strong>cum</strong></span> <span class='ocrx_word' id='word_1_455' title='bbox 1349 3137 1485 3174; x_wconf 82' lang='lat' dir='ltr'><strong>anno</strong></span> <span class='ocrx_word' id='word_1_456' title='bbox 1523 3119 1662 3188; x_wconf 84' lang='lat' dir='ltr'><strong>Jul.,</strong></span> <span class='ocrx_word' id='word_1_457' title='bbox 1700 3131 1804 3178; x_wconf 88' lang='lat' dir='ltr'><strong>etc.</strong></span> <span class='ocrx_word' id='word_1_458' title='bbox 1853 3121 2030 3190; x_wconf 81' lang='lat' dir='ltr'><strong>Quare</strong></span> <span class='ocrx_word' id='word_1_459' title='bbox 2058 3117 2098 3131; x_wconf 63' lang='grc' dir='ltr'>ν</span> <span class='ocrx_word' id='word_1_460' title='bbox 2131 3117 2342 3177; x_wconf 87' lang='lat' dir='ltr'><strong>dendus</strong></span> <span class='ocrx_word' id='word_1_461' title='bbox 2381 3121 2496 3191; x_wconf 89' lang='lat' dir='ltr'><strong>ipse</strong></span> <span class='ocrx_word' id='word_1_462' title='bbox 2533 3121 2744 3190; x_wconf 85' lang='lat' dir='ltr'><strong>potius,</strong></span> <span class='ocrx_word' id='word_1_463' title='bbox 2781 3121 2875 3192; x_wconf 90' lang='lat' dir='ltr'><strong>qui</strong></span> <span class='ocrx_word' id='word_1_464' title='bbox 2914 3123 2980 3178; x_wconf 86' lang='lat' dir='ltr'><strong>ad</strong></span> <span class='ocrx_word' id='word_1_465' title='bbox 3026 3131 3394 3178; x_wconf 87' lang='lat' dir='ltr'><strong>commentum</strong></span> <span class='ocrx_word' id='word_1_466' title='bbox 3436 3137 3598 3178; x_wconf 85' lang='lat' dir='ltr'><strong>suum</strong></span> <span class='ocrx_word' id='word_1_467' title='bbox 3637 3123 3704 3178; x_wconf 88' lang='lat' dir='ltr'><strong>de</strong></span> 
     </span>
    </p>
   </div>
   <div class='ocr_carea' id='block_1_36' title="bbox 454 3209 3700 3285">
    <p class='ocr_par' dir='ltr' id='par_1_36' title="bbox 454 3209 3700 3285">
     <span class='ocr_line' id='line_1_36' title="bbox 454 3209 3700 3285; baseline 0.001 -21"><span class='ocrx_word' id='word_1_468' title='bbox 454 3210 606 3264; x_wconf 81' lang='lat' dir='ltr'><strong>nulla</strong></span> <span class='ocrx_word' id='word_1_469' title='bbox 650 3209 922 3263; x_wconf 76' lang='lat' dir='ltr'><strong>met/tedas</strong></span> <span class='ocrx_word' id='word_1_470' title='bbox 967 3209 1088 3263; x_wconf 85' lang='lat' dir='ltr'><strong>hinc</strong></span> <span class='ocrx_word' id='word_1_471' title='bbox 1135 3210 1324 3279; x_wconf 79' lang='lat' dir='ltr'><strong>conﬁci</strong></span> <span class='ocrx_word' id='word_1_472' title='bbox 1367 3221 1557 3281; x_wconf 81' lang='lat' dir='ltr'><strong>potest.</strong></span> <span class='ocrx_word' id='word_1_473' title='bbox 1616 3213 1804 3267; x_wconf 81' lang='lat' dir='ltr'><strong>Tutior</strong></span> <span class='ocrx_word' id='word_1_474' title='bbox 1834 3231 2028 3285; x_wconf 81' lang='lat' dir='ltr'><strong>ntagna</strong></span> <span class='ocrx_word' id='word_1_475' title='bbox 2129 3209 2406 3280; x_wconf 87' lang='lat' dir='ltr'><strong>Calippica</strong></span> <span class='ocrx_word' id='word_1_476' title='bbox 2429 3211 2649 3279; x_wconf 90' lang='lat' dir='ltr'><strong>periodo</strong></span> <span class='ocrx_word' id='word_1_477' title='bbox 2683 3226 2714 3266; x_wconf 88' lang='lat' dir='ltr'><strong>a</strong></span> <span class='ocrx_word' id='word_1_478' title='bbox 2741 3209 2942 3266; x_wconf 81' lang='lat' dir='ltr'><strong>Judaeis</strong></span> <span class='ocrx_word' id='word_1_479' title='bbox 2971 3221 3098 3266; x_wconf 91' lang='lat' dir='ltr'><strong>tunc</strong></span> <span class='ocrx_word' id='word_1_480' title='bbox 3129 3213 3386 3282; x_wconf 88' lang='lat' dir='ltr'><strong>temporis</strong></span> <span class='ocrx_word' id='word_1_481' title='bbox 3415 3213 3700 3268; x_wconf 82' lang='lat' dir='ltr'><strong>observata</strong></span> 
     </span>
    </p>
   </div>
   <div class='ocr_carea' id='block_1_37' title="bbox 451 3301 3700 3373">
    <p class='ocr_par' dir='ltr' id='par_1_37' title="bbox 451 3301 3700 3373">
     <span class='ocr_line' id='line_1_37' title="bbox 451 3301 3700 3373; baseline 0.001 -19"><span class='ocrx_word' id='word_1_482' title='bbox 451 3302 720 3370; x_wconf 80' lang='lat' dir='ltr'><strong>periodus,</strong></span> <span class='ocrx_word' id='word_1_483' title='bbox 749 3315 912 3369; x_wconf 85' lang='lat' dir='ltr'><strong>quam</strong></span> <span class='ocrx_word' id='word_1_484' title='bbox 941 3301 1392 3369; x_wconf 78' lang='lat' dir='ltr'><strong>excogitavimus,</strong></span> <span class='ocrx_word' id='word_1_485' title='bbox 1419 3318 1679 3356; x_wconf 83' lang='lat' dir='ltr'><strong>annorum</strong></span> <span class='ocrx_word' id='word_1_486' title='bbox 1694 3303 1820 3370; x_wconf 82' lang='lat'><strong>228,</strong></span> <span class='ocrx_word' id='word_1_487' title='bbox 1841 3319 2030 3357; x_wconf 83' lang='lat' dir='ltr'><strong>enuea-</strong></span> <span class='ocrx_word' id='word_1_488' title='bbox 2130 3302 2323 3372; x_wconf 90' lang='lat' dir='ltr'><strong>Epiph.</strong></span> <span class='ocrx_word' id='word_1_489' title='bbox 2366 3302 2666 3372; x_wconf 75' lang='lat' dir='ltr'><strong>astringere</strong></span> <span class='ocrx_word' id='word_1_490' title='bbox 2691 3301 2884 3368; x_wconf 86' lang='lat' dir='ltr'><strong>voluit,</strong></span> <span class='ocrx_word' id='word_1_491' title='bbox 2921 3301 2988 3358; x_wconf 92' lang='lat' dir='ltr'><strong>de</strong></span> <span class='ocrx_word' id='word_1_492' title='bbox 3009 3317 3115 3372; x_wconf 88' lang='lat' dir='ltr'><strong>qua</strong></span> <span class='ocrx_word' id='word_1_493' title='bbox 3147 3317 3204 3356; x_wconf 88' lang='lat' dir='ltr'><strong>re</strong></span> <span class='ocrx_word' id='word_1_494' title='bbox 3233 3303 3394 3372; x_wconf 87' lang='lat' dir='ltr'><strong>paulo</strong></span> <span class='ocrx_word' id='word_1_495' title='bbox 3425 3314 3548 3372; x_wconf 84' lang='lat' dir='ltr'><strong>post</strong></span> <span class='ocrx_word' id='word_1_496' title='bbox 3581 3319 3700 3373; x_wconf 78' lang='lat' dir='ltr'><strong>age-</strong></span> 
     </span>
    </p>
   </div>
   <div class='ocr_carea' id='block_1_38' title="bbox 453 3390 3699 3462">
    <p class='ocr_par' dir='ltr' id='par_1_38' title="bbox 453 3390 3699 3462">
     <span class='ocr_line' id='line_1_38' title="bbox 453 3390 3699 3462; baseline 0.002 -19"><span class='ocrx_word' id='word_1_497' title='bbox 453 3391 842 3445; x_wconf 86' lang='lat' dir='ltr'><strong>decaeteridam</strong></span> <span class='ocrx_word' id='word_1_498' title='bbox 889 3390 1183 3443; x_wconf 75' lang='lat' dir='ltr'><strong>duodecim.</strong></span> <span class='ocrx_word' id='word_1_499' title='bbox 1217 3391 1285 3444; x_wconf 88' lang='lat' dir='ltr'><strong>At</strong></span> <span class='ocrx_word' id='word_1_500' title='bbox 1311 3391 1347 3444; x_wconf 95' lang='lat' dir='ltr'><strong>l.</strong></span> <span class='ocrx_word' id='word_1_501' title='bbox 1387 3407 1440 3456; x_wconf 86' lang='lat' dir='ltr'><strong>v,</strong></span> <span class='ocrx_word' id='word_1_502' title='bbox 1477 3407 1530 3460; x_wconf 62' lang='grc' dir='ltr'><strong>ι.</strong></span> <span class='ocrx_word' id='word_1_503' title='bbox 1564 3391 1689 3458; x_wconf 76' lang='grc'><strong>485,</strong></span> <span class='ocrx_word' id='word_1_504' title='bbox 1716 3393 1804 3446; x_wconf 92' lang='lat' dir='ltr'><strong>ubi</strong></span> <span class='ocrx_word' id='word_1_505' title='bbox 1835 3395 1898 3446; x_wconf 91' lang='lat' dir='ltr'><strong>de</strong></span> <span class='ocrx_word' id='word_1_506' title='bbox 1939 3408 2029 3448; x_wconf 93' lang='lat' dir='ltr'><strong>eo-</strong></span> <span class='ocrx_word' id='word_1_507' title='bbox 2134 3401 2247 3458; x_wconf 85' lang='lat' dir='ltr'><strong>tur,</strong></span> <span class='ocrx_word' id='word_1_508' title='bbox 2273 3393 2328 3445; x_wconf 89' lang='lat' dir='ltr'><strong>in</strong></span> <span class='ocrx_word' id='word_1_509' title='bbox 2371 3391 2746 3462; x_wconf 82' lang='lat' dir='ltr'><strong>Disputatione</strong></span> <span class='ocrx_word' id='word_1_510' title='bbox 2773 3392 2840 3448; x_wconf 91' lang='lat' dir='ltr'><strong>de</strong></span> <span class='ocrx_word' id='word_1_511' title='bbox 2881 3407 3026 3448; x_wconf 89' lang='lat' dir='ltr'><strong>anno</strong></span> <span class='ocrx_word' id='word_1_512' title='bbox 3066 3394 3361 3450; x_wconf 67' lang='lat' dir='ltr'><strong>Dominicaa</strong></span> <span class='ocrx_word' id='word_1_513' title='bbox 3397 3391 3699 3450; x_wconf 86' lang='lat' dir='ltr'><strong>Passionis.</strong></span> 
     </span>
    </p>
   </div>
   <div class='ocr_carea' id='block_1_39' title="bbox 453 3481 3702 3554">
    <p class='ocr_par' dir='ltr' id='par_1_39' title="bbox 453 3481 3702 3554">
     <span class='ocr_line' id='line_1_39' title="bbox 453 3481 3702 3554; baseline 0.001 -18"><span class='ocrx_word' id='word_1_514' title='bbox 453 3487 575 3537; x_wconf 89' lang='lat' dir='ltr'><strong>dem</strong></span> <span class='ocrx_word' id='word_1_515' title='bbox 614 3497 757 3536; x_wconf 88' lang='lat' dir='ltr'><strong>anno</strong></span> <span class='ocrx_word' id='word_1_516' title='bbox 792 3481 1072 3549; x_wconf 89' lang='lat' dir='ltr'><strong>loquitur:</strong></span> <span class='ocrx_word' id='word_1_517' title='bbox 1114 3481 1330 3546; x_wconf 79' lang='lat' dir='ltr'><strong>Arabes,</strong></span> <span class='ocrx_word' id='word_1_518' title='bbox 1375 3481 1573 3550; x_wconf 83' lang='lat' dir='ltr'><strong>inquit,</strong></span> <span class='ocrx_word' id='word_1_519' title='bbox 1623 3481 1896 3552; x_wconf 83' lang='lat' dir='ltr'><strong>Hagareni</strong></span> <span class='ocrx_word' id='word_1_520' title='bbox 1941 3498 2029 3550; x_wconf 85' lang='lat' dir='ltr'><strong>pe—</strong></span> <span class='ocrx_word' id='word_1_521' title='bbox 2129 3481 2258 3536; x_wconf 89' lang='lat' dir='ltr'><strong>Fuit</strong></span> <span class='ocrx_word' id='word_1_522' title='bbox 2296 3483 2384 3538; x_wconf 90' lang='lat' dir='ltr'><strong>hic</strong></span> <span class='ocrx_word' id='word_1_523' title='bbox 2428 3483 2593 3554; x_wconf 83' lang='lat' dir='ltr'><strong>igitur</strong></span> <span class='ocrx_word' id='word_1_524' title='bbox 2626 3483 2829 3538; x_wconf 88' lang='lat' dir='ltr'><strong>mensis</strong></span> <span class='ocrx_word' id='word_1_525' title='bbox 2858 3483 3098 3550; x_wconf 88' lang='lat' dir='ltr'><strong>Tebeth,</strong></span> <span class='ocrx_word' id='word_1_526' title='bbox 3131 3500 3240 3540; x_wconf 91' lang='lat' dir='ltr'><strong>non</strong></span> <span class='ocrx_word' id='word_1_527' title='bbox 3279 3484 3514 3551; x_wconf 88' lang='lat' dir='ltr'><strong>Sebath;</strong></span> <span class='ocrx_word' id='word_1_528' title='bbox 3540 3495 3594 3540; x_wconf 89' lang='lat' dir='ltr'><strong>et</strong></span> <span class='ocrx_word' id='word_1_529' title='bbox 3621 3499 3702 3540; x_wconf 83' lang='lat' dir='ltr'><strong>est</strong></span> 
     </span>
    </p>
   </div>
   <div class='ocr_carea' id='block_1_40' title="bbox 454 3571 3698 3648">
    <p class='ocr_par' dir='ltr' id='par_1_40' title="bbox 454 3571 3698 3648">
     <span class='ocr_line' id='line_1_40' title="bbox 454 3571 3698 3648; baseline 0.002 -22"><span class='ocrx_word' id='word_1_530' title='bbox 454 3573 665 3626; x_wconf 80' lang='lat' dir='ltr'><strong>riodum</strong></span> <span class='ocrx_word' id='word_1_531' title='bbox 725 3571 832 3624; x_wconf 86' lang='lat'><strong>228</strong></span> <span class='ocrx_word' id='word_1_532' title='bbox 891 3587 1148 3624; x_wconf 84' lang='lat' dir='ltr'><strong>annorum</strong></span> <span class='ocrx_word' id='word_1_533' title='bbox 1202 3571 1558 3626; x_wconf 89' lang='lat' dir='ltr'><strong>instituerunt</strong></span> <span class='ocrx_word' id='word_1_534' title='bbox 1609 3587 1674 3625; x_wconf 79' lang='lat' dir='ltr'><strong>ea:</strong></span> <span class='ocrx_word' id='word_1_535' title='bbox 1744 3589 1798 3628; x_wconf 92' lang='lat' dir='ltr'><strong>a.</strong></span> <span class='ocrx_word' id='word_1_536' title='bbox 1850 3573 1904 3630; x_wconf 85' lang='lat' dir='ltr'><strong>d.</strong></span> <span class='ocrx_word' id='word_1_537' title='bbox 1965 3589 2026 3628; x_wconf 86' lang='grc' dir='ltr'><strong>ιιι</strong></span> <span class='ocrx_word' id='word_1_538' title='bbox 2130 3576 2356 3630; x_wconf 79' lang='lat' dir='ltr'><strong>omnino</strong></span> <span class='ocrx_word' id='word_1_539' title='bbox 2397 3573 2464 3630; x_wconf 87' lang='lat' dir='ltr'><strong>ad</strong></span> <span class='ocrx_word' id='word_1_540' title='bbox 2501 3573 2782 3630; x_wconf 89' lang='lat' dir='ltr'><strong>Judaicam</strong></span> <span class='ocrx_word' id='word_1_541' title='bbox 2813 3575 2958 3630; x_wconf 86' lang='lat' dir='ltr'><strong>illam</strong></span> <span class='ocrx_word' id='word_1_542' title='bbox 2993 3575 3277 3644; x_wconf 89' lang='lat' dir='ltr'><strong>periodum</strong></span> <span class='ocrx_word' id='word_1_543' title='bbox 3305 3593 3468 3648; x_wconf 89' lang='lat' dir='ltr'><strong>quam</strong></span> <span class='ocrx_word' id='word_1_544' title='bbox 3513 3589 3698 3648; x_wconf 86' lang='lat' dir='ltr'><strong>postea</strong></span> 
     </span>
    </p>
   </div>
   <div class='ocr_carea' id='block_1_41' title="bbox 455 3649 3700 3734">
    <p class='ocr_par' dir='ltr' id='par_1_41' title="bbox 455 3649 3700 3734">
     <span class='ocr_line' id='line_1_41' title="bbox 455 3649 3700 3734; baseline 0.002 -17"><span class='ocrx_word' id='word_1_545' title='bbox 455 3663 655 3718; x_wconf 82' lang='lat' dir='ltr'><strong>Iduum</strong></span> <span class='ocrx_word' id='word_1_546' title='bbox 679 3663 866 3716; x_wconf 83' lang='lat' dir='ltr'><strong>Martii</strong></span> <span class='ocrx_word' id='word_1_547' title='bbox 892 3664 1016 3715; x_wconf 84' lang='lat' dir='ltr'><strong>anni</strong></span> <span class='ocrx_word' id='word_1_548' title='bbox 1035 3663 1399 3732; x_wconf 78' lang='lat' dir='ltr'><strong>Confusiouis,</strong></span> <span class='ocrx_word' id='word_1_549' title='bbox 1425 3663 1569 3733; x_wconf 81' lang='lat' dir='ltr'><strong>cycto</strong></span> <span class='ocrx_word' id='word_1_550' title='bbox 1589 3663 1728 3717; x_wconf 76' lang='lat' dir='ltr'><strong>Iunce</strong></span> <span class='ocrx_word' id='word_1_551' title='bbox 1757 3680 1874 3730; x_wconf 83' lang='lat' dir='ltr'><strong>xm,</strong></span> <span class='ocrx_word' id='word_1_552' title='bbox 1895 3664 2020 3717; x_wconf 79' lang='lat' dir='ltr'><strong>solis</strong></span> <span class='ocrx_word' id='word_1_553' title='bbox 2126 3649 2194 3718; x_wconf 77' lang='lat' dir='ltr'><strong>ex</strong></span> <span class='ocrx_word' id='word_1_554' title='bbox 2221 3663 2509 3734; x_wconf 86' lang='lat' dir='ltr'><strong>Epiphanii</strong></span> <span class='ocrx_word' id='word_1_555' title='bbox 2551 3671 2730 3720; x_wconf 87' lang='lat' dir='ltr'><strong>mente</strong></span> <span class='ocrx_word' id='word_1_556' title='bbox 2762 3665 3134 3720; x_wconf 82' lang='lat' dir='ltr'><strong>describemus</strong></span> <span class='ocrx_word' id='word_1_557' title='bbox 3157 3704 3172 3728; x_wconf 91' lang='lat'><strong>,</strong></span> <span class='ocrx_word' id='word_1_558' title='bbox 3201 3667 3700 3722; x_wconf 84' lang='lat' dir='ltr'><strong>accommodatissi-</strong></span> 
     </span>
    </p>
   </div>
   <div class='ocr_carea' id='block_1_42' title="bbox 453 3751 3702 3824">
    <p class='ocr_par' dir='ltr' id='par_1_42' title="bbox 453 3751 3702 3824">
     <span class='ocr_line' id='line_1_42' title="bbox 453 3751 3702 3824; baseline 0.002 -15"><span class='ocrx_word' id='word_1_559' title='bbox 453 3773 548 3810; x_wconf 70' lang='grc' dir='ltr'><strong>χχ.</strong></span> <span class='ocrx_word' id='word_1_560' title='bbox 583 3753 647 3808; x_wconf 86' lang='lat' dir='ltr'><strong>Et</strong></span> <span class='ocrx_word' id='word_1_561' title='bbox 680 3754 842 3824; x_wconf 87' lang='lat' dir='ltr'><strong>paulo</strong></span> <span class='ocrx_word' id='word_1_562' title='bbox 869 3762 1022 3823; x_wconf 90' lang='lat' dir='ltr'><strong>post:</strong></span> <span class='ocrx_word' id='word_1_563' title='bbox 1058 3751 1337 3821; x_wconf 85' lang='lat' dir='ltr'><strong>Triplieem</strong></span> <span class='ocrx_word' id='word_1_564' title='bbox 1371 3753 1508 3805; x_wconf 86' lang='lat' dir='ltr'><strong>enim</strong></span> <span class='ocrx_word' id='word_1_565' title='bbox 1528 3751 1802 3818; x_wconf 83' lang='lat' dir='ltr'><strong>periodum</strong></span> <span class='ocrx_word' id='word_1_566' title='bbox 1827 3751 2020 3805; x_wconf 80' lang='lat' dir='ltr'><strong>Itabue-</strong></span> <span class='ocrx_word' id='word_1_567' title='bbox 2127 3769 2250 3810; x_wconf 87' lang='lat' dir='ltr'><strong>mus</strong></span> <span class='ocrx_word' id='word_1_568' title='bbox 2283 3756 2374 3810; x_wconf 90' lang='lat' dir='ltr'><strong>hic</strong></span> <span class='ocrx_word' id='word_1_569' title='bbox 2405 3755 2580 3811; x_wconf 91' lang='lat' dir='ltr'><strong>locus.</strong></span> <span class='ocrx_word' id='word_1_570' title='bbox 2609 3756 2722 3810; x_wconf 89' lang='lat' dir='ltr'><strong>Etsi</strong></span> <span class='ocrx_word' id='word_1_571' title='bbox 2761 3756 2992 3810; x_wconf 90' lang='lat' dir='ltr'><strong>duorum</strong></span> <span class='ocrx_word' id='word_1_572' title='bbox 3041 3756 3270 3812; x_wconf 88' lang='lat' dir='ltr'><strong>alterum</strong></span> <span class='ocrx_word' id='word_1_573' title='bbox 3311 3759 3578 3816; x_wconf 89' lang='lat' dir='ltr'><strong>accidisse</strong></span> <span class='ocrx_word' id='word_1_574' title='bbox 3615 3775 3702 3815; x_wconf 90' lang='lat' dir='ltr'><strong>su-</strong></span> 
     </span>
    </p>
   </div>
   <div class='ocr_carea' id='block_1_43' title="bbox 454 3843 3698 3918">
    <p class='ocr_par' dir='ltr' id='par_1_43' title="bbox 454 3843 3698 3918">
     <span class='ocr_line' id='line_1_43' title="bbox 454 3843 3698 3918; baseline 0.001 -18"><span class='ocrx_word' id='word_1_575' title='bbox 454 3858 582 3900; x_wconf 83' lang='lat' dir='ltr'><strong>rum</strong></span> <span class='ocrx_word' id='word_1_576' title='bbox 615 3861 631 3899; x_wconf 93' lang='lat'><em>:</em></span> <span class='ocrx_word' id='word_1_577' title='bbox 665 3847 921 3899; x_wconf 83' lang='lat' dir='ltr'><strong>minorem</strong></span> <span class='ocrx_word' id='word_1_578' title='bbox 969 3859 1075 3898; x_wconf 69' lang='lat' dir='ltr'><strong>xxx</strong></span> <span class='ocrx_word' id='word_1_579' title='bbox 1117 3859 1376 3896; x_wconf 87' lang='lat' dir='ltr'><strong>annorum</strong></span> <span class='ocrx_word' id='word_1_580' title='bbox 1407 3843 1738 3907; x_wconf 79' lang='lat' dir='ltr'><strong>solutorum;</strong></span> <span class='ocrx_word' id='word_1_581' title='bbox 1771 3845 2024 3912; x_wconf 86' lang='lat' dir='ltr'><strong>majorem</strong></span> <span class='ocrx_word' id='word_1_582' title='bbox 2125 3843 2328 3914; x_wconf 80' lang='lat' dir='ltr'><strong>Spicor,</strong></span> <span class='ocrx_word' id='word_1_583' title='bbox 2359 3854 2419 3900; x_wconf 90' lang='lat' dir='ltr'><strong>ut</strong></span> <span class='ocrx_word' id='word_1_584' title='bbox 2453 3845 2535 3900; x_wconf 88' lang='lat' dir='ltr'><strong>vel</strong></span> <span class='ocrx_word' id='word_1_585' title='bbox 2570 3845 2628 3898; x_wconf 83' lang='grc' dir='ltr'><strong>ιδ’</strong></span> <span class='ocrx_word' id='word_1_586' title='bbox 2661 3861 2760 3916; x_wconf 89' lang='lat' dir='ltr'><strong>pro</strong></span> <span class='ocrx_word' id='word_1_587' title='bbox 2794 3853 2860 3914; x_wconf 88' lang='grc' dir='ltr'><strong>ιγ’</strong></span> <span class='ocrx_word' id='word_1_588' title='bbox 2889 3845 3165 3916; x_wconf 87' lang='lat' dir='ltr'><strong>scripserit</strong></span> <span class='ocrx_word' id='word_1_589' title='bbox 3198 3845 3534 3918; x_wconf 87' lang='lat' dir='ltr'><strong>Epiphanius</strong></span> <span class='ocrx_word' id='word_1_590' title='bbox 3571 3869 3586 3904; x_wconf 93' lang='lat'><strong>:</strong></span> <span class='ocrx_word' id='word_1_591' title='bbox 3617 3849 3698 3904; x_wconf 85' lang='lat' dir='ltr'><strong>vel</strong></span> 
     </span>
    </p>
   </div>
   <div class='ocr_carea' id='block_1_44' title="bbox 453 3933 3694 4010">
    <p class='ocr_par' dir='ltr' id='par_1_44' title="bbox 453 3933 3694 4010">
     <span class='ocr_line' id='line_1_44' title="bbox 453 3933 3694 4010; baseline 0.001 -16"><span class='ocrx_word' id='word_1_592' title='bbox 453 3941 561 3995; x_wconf 82' lang='lat'><strong>210</strong></span> <span class='ocrx_word' id='word_1_593' title='bbox 606 3953 901 4000; x_wconf 83' lang='lat' dir='ltr'><strong>annorum;</strong></span> <span class='ocrx_word' id='word_1_594' title='bbox 949 3937 1241 3990; x_wconf 75' lang='lat' dir='ltr'><strong>max-imam</strong></span> <span class='ocrx_word' id='word_1_595' title='bbox 1277 3934 1384 3988; x_wconf 80' lang='lat'><strong>228</strong></span> <span class='ocrx_word' id='word_1_596' title='bbox 1436 3951 1694 3987; x_wconf 86' lang='lat' dir='ltr'><strong>annorum</strong></span> <span class='ocrx_word' id='word_1_597' title='bbox 1744 3933 2020 3998; x_wconf 78' lang='lat' dir='ltr'><strong>solarium,</strong></span> <span class='ocrx_word' id='word_1_598' title='bbox 2124 3937 2382 4006; x_wconf 89' lang='lat' dir='ltr'><strong>quoniam</strong></span> <span class='ocrx_word' id='word_1_599' title='bbox 2416 3935 2662 3991; x_wconf 89' lang='lat' dir='ltr'><strong>Januarii</strong></span> <span class='ocrx_word' id='word_1_600' title='bbox 2685 3953 2715 3988; x_wconf 91' lang='lat' dir='ltr'><strong>v</strong></span> <span class='ocrx_word' id='word_1_601' title='bbox 2737 3953 2840 4006; x_wconf 85' lang='lat' dir='ltr'><strong>pro</strong></span> <span class='ocrx_word' id='word_1_602' title='bbox 2869 3951 2921 3992; x_wconf 70' lang='grc' dir='ltr'><strong>ιη</strong></span> <span class='ocrx_word' id='word_1_603' title='bbox 2957 3937 3272 4006; x_wconf 87' lang='lat' dir='ltr'><strong>imprudens</strong></span> <span class='ocrx_word' id='word_1_604' title='bbox 3305 3949 3694 4010; x_wconf 58' lang='lat' dir='ltr'><strong>usurparent.</strong></span> 
     </span>
    </p>
   </div>
   <div class='ocr_carea' id='block_1_45' title="bbox 450 4024 3696 4097">
    <p class='ocr_par' dir='ltr' id='par_1_45' title="bbox 450 4024 3696 4097">
     <span class='ocr_line' id='line_1_45' title="bbox 450 4024 3696 4097; baseline -0.001 -9"><span class='ocrx_word' id='word_1_605' title='bbox 450 4034 560 4088; x_wconf 73' lang='lat'><strong>255</strong></span> <span class='ocrx_word' id='word_1_606' title='bbox 591 4043 764 4086; x_wconf 83' lang='lat' dir='ltr'><strong>autem</strong></span> <span class='ocrx_word' id='word_1_607' title='bbox 809 4029 1186 4093; x_wconf 79' lang='lat' dir='ltr'><strong>Arabicorum,</strong></span> <span class='ocrx_word' id='word_1_608' title='bbox 1221 4043 1326 4097; x_wconf 87' lang='lat' dir='ltr'><strong>qua</strong></span> <span class='ocrx_word' id='word_1_609' title='bbox 1364 4024 1677 4079; x_wconf 72' lang='lat' dir='ltr'><strong>illa/torrem</strong></span> <span class='ocrx_word' id='word_1_610' title='bbox 1723 4042 1814 4095; x_wconf 83' lang='lat' dir='ltr'><strong>per</strong></span> <span class='ocrx_word' id='word_1_611' title='bbox 1856 4035 2022 4080; x_wconf 81' lang='lat' dir='ltr'><strong>totum</strong></span> <span class='ocrx_word' id='word_1_612' title='bbox 2123 4027 2192 4081; x_wconf 91' lang='lat' dir='ltr'><strong>ad</strong></span> <span class='ocrx_word' id='word_1_613' title='bbox 2215 4041 2334 4082; x_wconf 86' lang='lat' dir='ltr'><strong>eam</strong></span> <span class='ocrx_word' id='word_1_614' title='bbox 2361 4025 2672 4096; x_wconf 89' lang='lat' dir='ltr'><strong>respiciens,</strong></span> <span class='ocrx_word' id='word_1_615' title='bbox 2697 4043 2794 4082; x_wconf 82' lang='lat' dir='ltr'><strong>xnt</strong></span> <span class='ocrx_word' id='word_1_616' title='bbox 2817 4025 3022 4081; x_wconf 88' lang='lat' dir='ltr'><strong>Tebeth</strong></span> <span class='ocrx_word' id='word_1_617' title='bbox 3046 4027 3379 4096; x_wconf 88' lang='lat' dir='ltr'><strong>ascripserit.</strong></span> <span class='ocrx_word' id='word_1_618' title='bbox 3403 4027 3534 4086; x_wconf 82' lang='lat' dir='ltr'><strong>Erat</strong></span> <span class='ocrx_word' id='word_1_619' title='bbox 3551 4031 3696 4086; x_wconf 89' lang='lat' dir='ltr'><strong>enim</strong></span> 
     </span>
    </p>
   </div>
   <div class='ocr_carea' id='block_1_46' title="bbox 451 4105 3700 4190">
    <p class='ocr_par' dir='ltr' id='par_1_46' title="bbox 451 4105 3700 4190">
     <span class='ocr_line' id='line_1_46' title="bbox 451 4105 3700 4190; baseline -0.002 -10"><span class='ocrx_word' id='word_1_620' title='bbox 451 4133 754 4180; x_wconf 76' lang='lat' dir='ltr'><strong>contextum</strong></span> <span class='ocrx_word' id='word_1_621' title='bbox 807 4123 932 4176; x_wconf 84' lang='lat' dir='ltr'><strong>anni</strong></span> <span class='ocrx_word' id='word_1_622' title='bbox 985 4105 1212 4174; x_wconf 62' lang='lat' dir='ltr'><strong>solaris.</strong></span> <span class='ocrx_word' id='word_1_623' title='bbox 1230 4131 1447 4190; x_wconf 72' lang='lat' dir='ltr'><strong>vagatus</strong></span> <span class='ocrx_word' id='word_1_624' title='bbox 1492 4119 1624 4172; x_wconf 81' lang='lat' dir='ltr'><strong>redit</strong></span> <span class='ocrx_word' id='word_1_625' title='bbox 1673 4119 1742 4172; x_wconf 82' lang='lat' dir='ltr'><strong>ad</strong></span> <span class='ocrx_word' id='word_1_626' title='bbox 1785 4119 2022 4172; x_wconf 86' lang='lat' dir='ltr'><strong>eamdem</strong></span> <span class='ocrx_word' id='word_1_627' title='bbox 2121 4132 2188 4172; x_wconf 82' lang='lat' dir='ltr'><strong>ex</strong></span> <span class='ocrx_word' id='word_1_628' title='bbox 2211 4117 2466 4172; x_wconf 87' lang='lat' dir='ltr'><strong>methodo</strong></span> <span class='ocrx_word' id='word_1_629' title='bbox 2499 4127 2708 4181; x_wconf 89' lang='lat' dir='ltr'><strong>nostra,</strong></span> <span class='ocrx_word' id='word_1_630' title='bbox 2757 4115 2958 4172; x_wconf 84' lang='lat' dir='ltr'><strong>Tcheth</strong></span> <span class='ocrx_word' id='word_1_631' title='bbox 2989 4119 3053 4172; x_wconf 72' lang='grc'><strong>14</strong></span> <span class='ocrx_word' id='word_1_632' title='bbox 3104 4117 3354 4190; x_wconf 87' lang='lat' dir='ltr'><strong>:quippe</strong></span> <span class='ocrx_word' id='word_1_633' title='bbox 3390 4117 3700 4188; x_wconf 75' lang='lat' dir='ltr'><strong>Ogdoeeon-</strong></span> 
     </span>
    </p>
   </div>
   <div class='ocr_carea' id='block_1_47' title="bbox 451 4209 3692 4284">
    <p class='ocr_par' dir='ltr' id='par_1_47' title="bbox 451 4209 3692 4284">
     <span class='ocr_line' id='line_1_47' title="bbox 451 4209 3692 4284; baseline -0.001 -14"><span class='ocrx_word' id='word_1_634' title='bbox 451 4218 611 4271; x_wconf 85' lang='lat' dir='ltr'><strong>diem.</strong></span> <span class='ocrx_word' id='word_1_635' title='bbox 647 4215 793 4270; x_wconf 87' lang='lat' dir='ltr'><strong>idem</strong></span> <span class='ocrx_word' id='word_1_636' title='bbox 822 4225 876 4270; x_wconf 90' lang='lat' dir='ltr'><strong>et</strong></span> <span class='ocrx_word' id='word_1_637' title='bbox 909 4213 964 4267; x_wconf 91' lang='lat' dir='ltr'><strong>in</strong></span> <span class='ocrx_word' id='word_1_638' title='bbox 987 4213 1022 4267; x_wconf 87' lang='grc' dir='ltr'><strong>ι.</strong></span> <span class='ocrx_word' id='word_1_639' title='bbox 1056 4227 1114 4267; x_wconf 89' lang='grc' dir='ltr'><strong>ιιι</strong></span> <span class='ocrx_word' id='word_1_640' title='bbox 1139 4209 1288 4284; x_wconf 83' lang='lat' dir='ltr'><strong>Isag.</strong></span> <span class='ocrx_word' id='word_1_641' title='bbox 1324 4212 1456 4269; x_wconf 85' lang='lat' dir='ltr'><strong>Can.</strong></span> <span class='ocrx_word' id='word_1_642' title='bbox 1497 4209 1712 4280; x_wconf 87' lang='lat' dir='ltr'><strong>repetit.</strong></span> <span class='ocrx_word' id='word_1_643' title='bbox 1746 4209 1885 4276; x_wconf 87' lang='lat' dir='ltr'><strong>Quid</strong></span> <span class='ocrx_word' id='word_1_644' title='bbox 1919 4210 2022 4263; x_wconf 90' lang='lat' dir='ltr'><strong>hoc</strong></span> <span class='ocrx_word' id='word_1_645' title='bbox 2120 4209 2612 4265; x_wconf 85' lang='lat' dir='ltr'><strong>tatessaraeteridis</strong></span> <span class='ocrx_word' id='word_1_646' title='bbox 2665 4225 2840 4264; x_wconf 91' lang='lat' dir='ltr'><strong>annus</strong></span> <span class='ocrx_word' id='word_1_647' title='bbox 2873 4210 2974 4263; x_wconf 90' lang='lat' dir='ltr'><strong>iste</strong></span> <span class='ocrx_word' id='word_1_648' title='bbox 3007 4209 3107 4265; x_wconf 86' lang='lat' dir='ltr'><strong>fuit</strong></span> <span class='ocrx_word' id='word_1_649' title='bbox 3129 4226 3181 4276; x_wconf 79' lang='grc' dir='ltr'><strong>ι,</strong></span> <span class='ocrx_word' id='word_1_650' title='bbox 3231 4210 3388 4282; x_wconf 86' lang='lat' dir='ltr'><strong>cyclo</strong></span> <span class='ocrx_word' id='word_1_651' title='bbox 3437 4213 3574 4268; x_wconf 88' lang='lat' dir='ltr'><strong>solis</strong></span> <span class='ocrx_word' id='word_1_652' title='bbox 3619 4229 3692 4278; x_wconf 79' lang='lat' dir='ltr'><strong>Ix,</strong></span> 
     </span>
    </p>
   </div>
   <div class='ocr_carea' id='block_1_48' title="bbox 449 4298 3696 4372">
    <p class='ocr_par' dir='ltr' id='par_1_48' title="bbox 449 4298 3696 4372">
     <span class='ocr_line' id='line_1_48' title="bbox 449 4298 3696 4372; baseline -0.001 -10"><span class='ocrx_word' id='word_1_653' title='bbox 449 4309 674 4362; x_wconf 90' lang='lat' dir='ltr'><strong>homine</strong></span> <span class='ocrx_word' id='word_1_654' title='bbox 707 4305 910 4370; x_wconf 84' lang='lat' dir='ltr'><strong>facias,</strong></span> <span class='ocrx_word' id='word_1_655' title='bbox 953 4313 1046 4358; x_wconf 89' lang='lat' dir='ltr'><strong>aut</strong></span> <span class='ocrx_word' id='word_1_656' title='bbox 1077 4317 1240 4372; x_wconf 91' lang='lat' dir='ltr'><strong>quam</strong></span> <span class='ocrx_word' id='word_1_657' title='bbox 1263 4301 1312 4357; x_wconf 91' lang='lat' dir='ltr'><strong>ei</strong></span> <span class='ocrx_word' id='word_1_658' title='bbox 1344 4303 1560 4356; x_wconf 89' lang='lat' dir='ltr'><strong>demum</strong></span> <span class='ocrx_word' id='word_1_659' title='bbox 1599 4301 1802 4356; x_wconf 83' lang='lat' dir='ltr'><strong>habeas</strong></span> <span class='ocrx_word' id='word_1_660' title='bbox 1839 4300 2016 4367; x_wconf 88' lang='lat' dir='ltr'><strong>fidem,</strong></span> <span class='ocrx_word' id='word_1_661' title='bbox 2121 4299 2261 4354; x_wconf 69' lang='lat' dir='ltr'><strong>luna-3</strong></span> <span class='ocrx_word' id='word_1_662' title='bbox 2293 4317 2332 4365; x_wconf 89' lang='grc' dir='ltr'><strong>ι,</strong></span> <span class='ocrx_word' id='word_1_663' title='bbox 2367 4315 2398 4354; x_wconf 92' lang='lat' dir='ltr'><strong>a</strong></span> <span class='ocrx_word' id='word_1_664' title='bbox 2428 4299 2548 4354; x_wconf 85' lang='lat' dir='ltr'><strong>Kal.</strong></span> <span class='ocrx_word' id='word_1_665' title='bbox 2574 4299 2698 4354; x_wconf 85' lang='lat' dir='ltr'><strong>Jan.</strong></span> <span class='ocrx_word' id='word_1_666' title='bbox 2740 4300 2869 4355; x_wconf 87' lang='lat' dir='ltr'><strong>anni</strong></span> <span class='ocrx_word' id='word_1_667' title='bbox 2909 4298 3110 4355; x_wconf 86' lang='lat' dir='ltr'><strong>Juliani</strong></span> <span class='ocrx_word' id='word_1_668' title='bbox 3144 4303 3424 4372; x_wconf 87' lang='lat' dir='ltr'><strong>sequentis</strong></span> <span class='ocrx_word' id='word_1_669' title='bbox 3465 4301 3696 4360; x_wconf 79' lang='lat' dir='ltr'><strong>Ncome—</strong></span> 
     </span>
    </p>
   </div>
   <div class='ocr_carea' id='block_1_49' title="bbox 450 4389 3694 4467">
    <p class='ocr_par' dir='ltr' id='par_1_49' title="bbox 450 4389 3694 4467">
     <span class='ocr_line' id='line_1_49' title="bbox 450 4389 3694 4467; baseline -0.001 -14"><span class='ocrx_word' id='word_1_670' title='bbox 450 4415 552 4454; x_wconf 82' lang='lat' dir='ltr'><strong>sua</strong></span> <span class='ocrx_word' id='word_1_671' title='bbox 584 4414 642 4452; x_wconf 90' lang='lat' dir='ltr'><strong>se</strong></span> <span class='ocrx_word' id='word_1_672' title='bbox 669 4399 783 4467; x_wconf 87' lang='lat' dir='ltr'><strong>ipse</strong></span> <span class='ocrx_word' id='word_1_673' title='bbox 810 4395 1156 4451; x_wconf 86' lang='lat' dir='ltr'><strong>confessione</strong></span> <span class='ocrx_word' id='word_1_674' title='bbox 1181 4403 1288 4448; x_wconf 89' lang='lat' dir='ltr'><strong>tam</strong></span> <span class='ocrx_word' id='word_1_675' title='bbox 1321 4401 1504 4462; x_wconf 88' lang='lat' dir='ltr'><strong>aperte</strong></span> <span class='ocrx_word' id='word_1_676' title='bbox 1529 4408 1596 4448; x_wconf 85' lang='lat' dir='ltr'><strong>ac</strong></span> <span class='ocrx_word' id='word_1_677' title='bbox 1619 4393 1793 4462; x_wconf 88' lang='lat' dir='ltr'><strong>palam</strong></span> <span class='ocrx_word' id='word_1_678' title='bbox 1821 4391 2014 4456; x_wconf 91' lang='lat' dir='ltr'><strong>induit,</strong></span> <span class='ocrx_word' id='word_1_679' title='bbox 2050 4407 2093 4461; x_wconf 81' lang='grc' dir='ltr'><strong>ι)</strong></span> <span class='ocrx_word' id='word_1_680' title='bbox 2123 4390 2212 4444; x_wconf 88' lang='lat' dir='ltr'><strong>nia</strong></span> <span class='ocrx_word' id='word_1_681' title='bbox 2235 4389 2402 4446; x_wconf 87' lang='lat' dir='ltr'><strong>Nisan</strong></span> <span class='ocrx_word' id='word_1_682' title='bbox 2433 4391 2564 4460; x_wconf 88' lang='lat' dir='ltr'><strong>Apr.</strong></span> <span class='ocrx_word' id='word_1_683' title='bbox 2608 4407 2666 4456; x_wconf 90' lang='lat' dir='ltr'><strong>tt,</strong></span> <span class='ocrx_word' id='word_1_684' title='bbox 2692 4389 2789 4444; x_wconf 88' lang='lat' dir='ltr'><strong>fer.</strong></span> <span class='ocrx_word' id='word_1_685' title='bbox 2819 4407 2891 4446; x_wconf 88' lang='lat' dir='ltr'><strong>tv.</strong></span> <span class='ocrx_word' id='word_1_686' title='bbox 2924 4389 3054 4445; x_wconf 91' lang='lat' dir='ltr'><strong>Erat</strong></span> <span class='ocrx_word' id='word_1_687' title='bbox 3083 4407 3256 4447; x_wconf 88' lang='lat' dir='ltr'><strong>annus</strong></span> <span class='ocrx_word' id='word_1_688' title='bbox 3288 4394 3515 4463; x_wconf 83' lang='lat' dir='ltr'><strong>simplex</strong></span> <span class='ocrx_word' id='word_1_689' title='bbox 3551 4395 3694 4450; x_wconf 87' lang='lat' dir='ltr'><strong>ordi-</strong></span> 
     </span>
    </p>
   </div>
   <div class='ocr_carea' id='block_1_50' title="bbox 452 4478 3692 4557">
    <p class='ocr_par' dir='ltr' id='par_1_50' title="bbox 452 4478 3692 4557">
     <span class='ocr_line' id='line_1_50' title="bbox 452 4478 3692 4557; baseline -0.002 -13"><span class='ocrx_word' id='word_1_690' title='bbox 452 4498 515 4544; x_wconf 89' lang='lat' dir='ltr'><strong>ut</strong></span> <span class='ocrx_word' id='word_1_691' title='bbox 537 4491 695 4557; x_wconf 88' lang='lat' dir='ltr'><strong>cujus</strong></span> <span class='ocrx_word' id='word_1_692' title='bbox 727 4489 855 4541; x_wconf 90' lang='lat' dir='ltr'><strong>anni</strong></span> <span class='ocrx_word' id='word_1_693' title='bbox 890 4487 1078 4539; x_wconf 65' lang='lat' dir='ltr'><strong>forma&#39;</strong></span> <span class='ocrx_word' id='word_1_694' title='bbox 1103 4500 1168 4540; x_wconf 86' lang='lat' dir='ltr'><strong>ac</strong></span> <span class='ocrx_word' id='word_1_695' title='bbox 1193 4483 1400 4554; x_wconf 88' lang='lat' dir='ltr'><strong>periodi</strong></span> <span class='ocrx_word' id='word_1_696' title='bbox 1428 4484 1765 4538; x_wconf 88' lang='lat' dir='ltr'><strong>inventorem</strong></span> <span class='ocrx_word' id='word_1_697' title='bbox 1791 4497 1849 4537; x_wconf 88' lang='lat' dir='ltr'><strong>se</strong></span> <span class='ocrx_word' id='word_1_698' title='bbox 1869 4483 2019 4548; x_wconf 86' lang='lat' dir='ltr'><strong>dicit,</strong></span> <span class='ocrx_word' id='word_1_699' title='bbox 2123 4481 2330 4534; x_wconf 88' lang='lat' dir='ltr'><strong>narius.</strong></span> <span class='ocrx_word' id='word_1_700' title='bbox 2371 4479 2542 4550; x_wconf 81' lang='lat' dir='ltr'><strong>igitur</strong></span> <span class='ocrx_word' id='word_1_701' title='bbox 2563 4479 2790 4546; x_wconf 89' lang='lat' dir='ltr'><strong>Tebeth,</strong></span> <span class='ocrx_word' id='word_1_702' title='bbox 2824 4479 2940 4536; x_wconf 88' lang='lat' dir='ltr'><strong>sive</strong></span> <span class='ocrx_word' id='word_1_703' title='bbox 2967 4494 3001 4534; x_wconf 73' lang='grc' dir='ltr'><strong>ιι</strong></span> <span class='ocrx_word' id='word_1_704' title='bbox 3027 4481 3369 4536; x_wconf 88' lang='lat' dir='ltr'><strong>mensisiniit</strong></span> <span class='ocrx_word' id='word_1_705' title='bbox 3391 4478 3516 4537; x_wconf 86' lang='lat' dir='ltr'><strong>Dec.</strong></span> <span class='ocrx_word' id='word_1_706' title='bbox 3545 4500 3692 4540; x_wconf 77' lang='lat' dir='ltr'><strong>utr.</strong></span> 
     </span>
    </p>
   </div>
   <div class='ocr_carea' id='block_1_51' title="bbox 449 4569 3696 4649">
    <p class='ocr_par' dir='ltr' id='par_1_51' title="bbox 449 4569 3696 4649">
     <span class='ocr_line' id='line_1_51' title="bbox 449 4569 3696 4649; baseline -0.002 -14"><span class='ocrx_word' id='word_1_707' title='bbox 449 4595 572 4636; x_wconf 90' lang='lat' dir='ltr'><strong>eam</strong></span> <span class='ocrx_word' id='word_1_708' title='bbox 611 4581 781 4649; x_wconf 84' lang='lat' dir='ltr'><strong>ipsam</strong></span> <span class='ocrx_word' id='word_1_709' title='bbox 806 4578 1191 4632; x_wconf 85' lang='lat' dir='ltr'><strong>vetustissimis</strong></span> <span class='ocrx_word' id='word_1_710' title='bbox 1239 4575 1575 4645; x_wconf 88' lang='lat' dir='ltr'><strong>temporibus</strong></span> <span class='ocrx_word' id='word_1_711' title='bbox 1605 4575 1660 4628; x_wconf 90' lang='lat' dir='ltr'><strong>in</strong></span> <span class='ocrx_word' id='word_1_712' title='bbox 1703 4589 1804 4629; x_wconf 91' lang='lat' dir='ltr'><strong>usu</strong></span> <span class='ocrx_word' id='word_1_713' title='bbox 1852 4573 2022 4628; x_wconf 89' lang='lat' dir='ltr'><strong>fuisse</strong></span> <span class='ocrx_word' id='word_1_714' title='bbox 2123 4571 2276 4627; x_wconf 84' lang='lat' dir='ltr'><strong>Unde</strong></span> <span class='ocrx_word' id='word_1_715' title='bbox 2296 4573 2540 4626; x_wconf 81' lang='lat' dir='ltr'><strong>Januarii</strong></span> <span class='ocrx_word' id='word_1_716' title='bbox 2565 4587 2596 4625; x_wconf 92' lang='lat' dir='ltr'><strong>v</strong></span> <span class='ocrx_word' id='word_1_717' title='bbox 2645 4569 2849 4626; x_wconf 87' lang='lat' dir='ltr'><strong>Tebeth</strong></span> <span class='ocrx_word' id='word_1_718' title='bbox 2881 4571 2997 4627; x_wconf 89' lang='lat' dir='ltr'><strong>dics</strong></span> <span class='ocrx_word' id='word_1_719' title='bbox 3033 4581 3151 4628; x_wconf 90' lang='lat' dir='ltr'><strong>erat</strong></span> <span class='ocrx_word' id='word_1_720' title='bbox 3190 4587 3287 4626; x_wconf 66' lang='grc' dir='ltr'><strong>χιιι</strong></span> <span class='ocrx_word' id='word_1_721' title='bbox 3323 4590 3336 4628; x_wconf 91' lang='lat'><strong>:</strong></span> <span class='ocrx_word' id='word_1_722' title='bbox 3371 4584 3524 4628; x_wconf 81' lang='lat' dir='ltr'><strong>sexto</strong></span> <span class='ocrx_word' id='word_1_723' title='bbox 3570 4589 3696 4630; x_wconf 88' lang='lat' dir='ltr'><strong>vero</strong></span> 
     </span>
    </p>
   </div>
   <div class='ocr_carea' id='block_1_52' title="bbox 449 4663 3692 4734">
    <p class='ocr_par' dir='ltr' id='par_1_52' title="bbox 449 4663 3692 4734">
     <span class='ocr_line' id='line_1_52' title="bbox 449 4663 3692 4734; baseline -0.002 -8"><span class='ocrx_word' id='word_1_724' title='bbox 449 4670 766 4726; x_wconf 81' lang='lat' dir='ltr'><strong>conﬁrmet?</strong></span> <span class='ocrx_word' id='word_1_725' title='bbox 789 4668 894 4723; x_wconf 88' lang='lat' dir='ltr'><strong>Sed</strong></span> <span class='ocrx_word' id='word_1_726' title='bbox 917 4685 981 4724; x_wconf 86' lang='lat' dir='ltr'><strong>ea</strong></span> <span class='ocrx_word' id='word_1_727' title='bbox 1011 4668 1302 4722; x_wconf 89' lang='lat' dir='ltr'><strong>mihilevia</strong></span> <span class='ocrx_word' id='word_1_728' title='bbox 1327 4681 1390 4721; x_wconf 89' lang='lat' dir='ltr'><strong>ac</strong></span> <span class='ocrx_word' id='word_1_729' title='bbox 1417 4665 1716 4721; x_wconf 88' lang='lat' dir='ltr'><strong>tolerabilia</strong></span> <span class='ocrx_word' id='word_1_730' title='bbox 1747 4666 2019 4733; x_wconf 90' lang='lat' dir='ltr'><strong>videntur,</strong></span> <span class='ocrx_word' id='word_1_731' title='bbox 2119 4664 2242 4718; x_wconf 85' lang='lat' dir='ltr'><strong>Jan.</strong></span> <span class='ocrx_word' id='word_1_732' title='bbox 2271 4679 2381 4717; x_wconf 81' lang='lat' dir='ltr'><strong>xtv.</strong></span> <span class='ocrx_word' id='word_1_733' title='bbox 2435 4663 2493 4717; x_wconf 90' lang='lat' dir='ltr'><strong>ln</strong></span> <span class='ocrx_word' id='word_1_734' title='bbox 2529 4679 2640 4733; x_wconf 92' lang='lat' dir='ltr'><strong>quo</strong></span> <span class='ocrx_word' id='word_1_735' title='bbox 2679 4663 2851 4730; x_wconf 90' lang='lat' dir='ltr'><strong>vides,</strong></span> <span class='ocrx_word' id='word_1_736' title='bbox 2892 4663 2944 4718; x_wconf 87' lang='lat' dir='ltr'><strong>id</strong></span> <span class='ocrx_word' id='word_1_737' title='bbox 2991 4663 3139 4734; x_wconf 92' lang='lat' dir='ltr'><strong>quod</strong></span> <span class='ocrx_word' id='word_1_738' title='bbox 3177 4665 3466 4719; x_wconf 89' lang='lat' dir='ltr'><strong>methodus</strong></span> <span class='ocrx_word' id='word_1_739' title='bbox 3507 4675 3692 4720; x_wconf 86' lang='lat' dir='ltr'><strong>nostra</strong></span> 
     </span>
    </p>
   </div>
   <div class='ocr_carea' id='block_1_53' title="bbox 450 4753 3692 4829">
    <p class='ocr_par' dir='ltr' id='par_1_53' title="bbox 450 4753 3692 4829">
     <span class='ocr_line' id='line_1_53' title="bbox 450 4753 3692 4829; baseline -0.003 -9"><span class='ocrx_word' id='word_1_740' title='bbox 450 4779 577 4820; x_wconf 92' lang='lat' dir='ltr'><strong>cum</strong></span> <span class='ocrx_word' id='word_1_741' title='bbox 612 4761 678 4816; x_wconf 91' lang='lat' dir='ltr'><strong>ad</strong></span> <span class='ocrx_word' id='word_1_742' title='bbox 711 4761 814 4814; x_wconf 89' lang='lat' dir='ltr'><strong>alia</strong></span> <span class='ocrx_word' id='word_1_743' title='bbox 847 4759 1101 4829; x_wconf 82' lang='lat' dir='ltr'><strong>reSpicio,</strong></span> <span class='ocrx_word' id='word_1_744' title='bbox 1131 4773 1251 4828; x_wconf 85' lang='lat' dir='ltr'><strong>quae</strong></span> <span class='ocrx_word' id='word_1_745' title='bbox 1281 4759 1335 4812; x_wconf 88' lang='lat' dir='ltr'><strong>in</strong></span> <span class='ocrx_word' id='word_1_746' title='bbox 1366 4768 1596 4826; x_wconf 90' lang='lat' dir='ltr'><strong>utroque</strong></span> <span class='ocrx_word' id='word_1_747' title='bbox 1627 4757 1720 4812; x_wconf 92' lang='lat' dir='ltr'><strong>illo</strong></span> <span class='ocrx_word' id='word_1_748' title='bbox 1756 4771 1919 4827; x_wconf 89' lang='lat' dir='ltr'><strong>opere</strong></span> <span class='ocrx_word' id='word_1_749' title='bbox 1949 4765 2022 4812; x_wconf 91' lang='lat' dir='ltr'><strong>te-</strong></span> <span class='ocrx_word' id='word_1_750' title='bbox 2120 4754 2466 4823; x_wconf 89' lang='lat' dir='ltr'><strong>repromittit,</strong></span> <span class='ocrx_word' id='word_1_751' title='bbox 2510 4755 2735 4808; x_wconf 90' lang='lat' dir='ltr'><strong>biduum</strong></span> <span class='ocrx_word' id='word_1_752' title='bbox 2785 4753 2898 4809; x_wconf 89' lang='lat' dir='ltr'><strong>fere</strong></span> <span class='ocrx_word' id='word_1_753' title='bbox 2938 4753 3051 4824; x_wconf 86' lang='lat' dir='ltr'><strong>jam</strong></span> <span class='ocrx_word' id='word_1_754' title='bbox 3094 4755 3425 4825; x_wconf 85' lang='lat' dir='ltr'><strong>anticipasse</strong></span> <span class='ocrx_word' id='word_1_755' title='bbox 3473 4772 3692 4812; x_wconf 80' lang='lat' dir='ltr'><strong>ncome-</strong></span> 
     </span>
    </p>
   </div>
   <div class='ocr_carea' id='block_1_54' title="bbox 449 4841 3687 4925">
    <p class='ocr_par' dir='ltr' id='par_1_54' title="bbox 449 4841 3687 4925">
     <span class='ocr_line' id='line_1_54' title="bbox 449 4841 3687 4925; baseline -0.003 -10"><span class='ocrx_word' id='word_1_756' title='bbox 449 4875 620 4925; x_wconf 89' lang='lat' dir='ltr'><strong>mere,</strong></span> <span class='ocrx_word' id='word_1_757' title='bbox 652 4859 1064 4922; x_wconf 88' lang='lat' dir='ltr'><strong>inconstanter,</strong></span> <span class='ocrx_word' id='word_1_758' title='bbox 1107 4869 1172 4910; x_wconf 89' lang='lat' dir='ltr'><strong>ac</strong></span> <span class='ocrx_word' id='word_1_759' title='bbox 1223 4855 1342 4909; x_wconf 89' lang='lat' dir='ltr'><strong>sine</strong></span> <span class='ocrx_word' id='word_1_760' title='bbox 1387 4862 1610 4907; x_wconf 84' lang='lat' dir='ltr'><strong>auctore</strong></span> <span class='ocrx_word' id='word_1_761' title='bbox 1657 4851 1767 4906; x_wconf 92' lang='lat' dir='ltr'><strong>ullo</strong></span> <span class='ocrx_word' id='word_1_762' title='bbox 1813 4851 2020 4921; x_wconf 86' lang='lat' dir='ltr'><strong>passim</strong></span> <span class='ocrx_word' id='word_1_763' title='bbox 2123 4847 2264 4900; x_wconf 85' lang='lat' dir='ltr'><strong>niam</strong></span> <span class='ocrx_word' id='word_1_764' title='bbox 2311 4845 2547 4912; x_wconf 87' lang='lat' dir='ltr'><strong>civilem,</strong></span> <span class='ocrx_word' id='word_1_765' title='bbox 2583 4861 2709 4899; x_wconf 92' lang='lat' dir='ltr'><strong>cum</strong></span> <span class='ocrx_word' id='word_1_766' title='bbox 2753 4845 2863 4915; x_wconf 84' lang='lat' dir='ltr'><strong>jam</strong></span> <span class='ocrx_word' id='word_1_767' title='bbox 2897 4841 3124 4900; x_wconf 85' lang='lat' dir='ltr'><strong>dimidia</strong></span> <span class='ocrx_word' id='word_1_768' title='bbox 3161 4847 3419 4915; x_wconf 88' lang='lat' dir='ltr'><strong>periodus</strong></span> <span class='ocrx_word' id='word_1_769' title='bbox 3443 4847 3687 4904; x_wconf 79' lang='lat' dir='ltr'><strong>ellluxis-</strong></span> 
     </span>
    </p>
   </div>
   <div class='ocr_carea' id='block_1_55' title="bbox 447 4931 2024 5017">
    <p class='ocr_par' dir='ltr' id='par_1_55' title="bbox 447 4941 2020 5017">
     <span class='ocr_line' id='line_1_55' title="bbox 447 4941 2020 5017; baseline -0.008 -9"><span class='ocrx_word' id='word_1_770' title='bbox 447 4952 644 5009; x_wconf 75' lang='lat' dir='ltr'><strong>elfutiit</strong></span> <span class='ocrx_word' id='word_1_771' title='bbox 675 4969 688 5004; x_wconf 88' lang='lat'>:</span> <span class='ocrx_word' id='word_1_772' title='bbox 715 4965 836 5017; x_wconf 70' lang='lat' dir='ltr'><strong>qua:</strong></span> <span class='ocrx_word' id='word_1_773' title='bbox 865 4961 965 5001; x_wconf 88' lang='lat' dir='ltr'><strong>nos</strong></span> <span class='ocrx_word' id='word_1_774' title='bbox 999 4945 1168 5010; x_wconf 86' lang='lat' dir='ltr'><strong>brevi,</strong></span> <span class='ocrx_word' id='word_1_775' title='bbox 1197 4945 1240 4999; x_wconf 91' lang='lat' dir='ltr'><strong>si</strong></span> <span class='ocrx_word' id='word_1_776' title='bbox 1277 4944 1544 4999; x_wconf 89' lang='lat' dir='ltr'><strong>Dominus</strong></span> <span class='ocrx_word' id='word_1_777' title='bbox 1578 4942 1810 5007; x_wconf 84' lang='lat' dir='ltr'><strong>dederit,</strong></span> <span class='ocrx_word' id='word_1_778' title='bbox 1843 4941 1898 4996; x_wconf 91' lang='lat' dir='ltr'><strong>in</strong></span> <span class='ocrx_word' id='word_1_779' title='bbox 1934 4943 2020 4996; x_wconf 81' lang='lat' dir='ltr'><strong>lu-</strong></span> 
     </span>
    </p>
   </div>
   <div class='ocr_carea' id='block_1_56' title="bbox 2110 4931 3687 5017">
    <p class='ocr_par' dir='ltr' id='par_1_56' title="bbox 2122 4931 3687 5003">
     <span class='ocr_line' id='line_1_56' title="bbox 2122 4931 3687 5003; baseline 0 -13"><span class='ocrx_word' id='word_1_780' title='bbox 2122 4943 2225 4990; x_wconf 88' lang='lat' dir='ltr'><strong>set.</strong></span> <span class='ocrx_word' id='word_1_781' title='bbox 2260 4931 2393 4986; x_wconf 84' lang='lat' dir='ltr'><strong>Nam</strong></span> <span class='ocrx_word' id='word_1_782' title='bbox 2436 4949 2467 4988; x_wconf 93' lang='lat' dir='ltr'><strong>a</strong></span> <span class='ocrx_word' id='word_1_783' title='bbox 2505 4949 2630 4988; x_wconf 78' lang='lat' dir='ltr'><strong>xxvt</strong></span> <span class='ocrx_word' id='word_1_784' title='bbox 2665 4933 2792 4990; x_wconf 92' lang='lat' dir='ltr'><strong>Dec.</strong></span> <span class='ocrx_word' id='word_1_785' title='bbox 2837 4933 2902 4988; x_wconf 90' lang='lat' dir='ltr'><strong>ad</strong></span> <span class='ocrx_word' id='word_1_786' title='bbox 2950 4949 3080 4989; x_wconf 80' lang='lat' dir='ltr'><strong>xxw</strong></span> <span class='ocrx_word' id='word_1_787' title='bbox 3123 4936 3459 4992; x_wconf 89' lang='lat' dir='ltr'><strong>retrocessit.</strong></span> <span class='ocrx_word' id='word_1_788' title='bbox 3509 4937 3687 5003; x_wconf 76' lang='lat' dir='ltr'><strong>Quare</strong></span> 
     </span>
    </p>
   </div>
   <div class='ocr_carea' id='block_1_57' title="bbox 449 5021 3682 5110">
    <p class='ocr_par' dir='ltr' id='par_1_57' title="bbox 449 5021 3682 5110">
     <span class='ocr_line' id='line_1_57' title="bbox 449 5021 3682 5110; baseline -0.005 -17"><span class='ocrx_word' id='word_1_789' title='bbox 449 5058 565 5098; x_wconf 85' lang='lat' dir='ltr'><strong>cem</strong></span> <span class='ocrx_word' id='word_1_790' title='bbox 610 5048 965 5110; x_wconf 89' lang='lat' dir='ltr'><strong>apertumque</strong></span> <span class='ocrx_word' id='word_1_791' title='bbox 996 5033 1359 5104; x_wconf 88' lang='lat' dir='ltr'><strong>proferemus,</strong></span> <span class='ocrx_word' id='word_1_792' title='bbox 1391 5043 1450 5086; x_wconf 89' lang='lat' dir='ltr'><strong>ut</strong></span> <span class='ocrx_word' id='word_1_793' title='bbox 1491 5032 1584 5102; x_wconf 90' lang='lat' dir='ltr'><strong>qui</strong></span> <span class='ocrx_word' id='word_1_794' title='bbox 1617 5031 2020 5101; x_wconf 82' lang='lat' dir='ltr'><strong>chronologicis</strong></span> <span class='ocrx_word' id='word_1_795' title='bbox 2122 5021 2208 5076; x_wconf 77' lang='lat' dir='ltr'><strong>vel</strong></span> <span class='ocrx_word' id='word_1_796' title='bbox 2234 5023 2322 5077; x_wconf 91' lang='lat' dir='ltr'><strong>hic</strong></span> <span class='ocrx_word' id='word_1_797' title='bbox 2350 5038 2492 5076; x_wconf 87' lang='lat' dir='ltr'><strong>unus</strong></span> <span class='ocrx_word' id='word_1_798' title='bbox 2519 5023 2674 5078; x_wconf 91' lang='lat' dir='ltr'><strong>locus</strong></span> <span class='ocrx_word' id='word_1_799' title='bbox 2700 5023 2941 5078; x_wconf 83' lang='lat' dir='ltr'><strong>ostendit</strong></span> <span class='ocrx_word' id='word_1_800' title='bbox 2967 5038 3067 5077; x_wconf 90' lang='lat' dir='ltr'><strong>nos</strong></span> <span class='ocrx_word' id='word_1_801' title='bbox 3083 5037 3197 5092; x_wconf 86' lang='lat' dir='ltr'><strong>per.</strong></span> <span class='ocrx_word' id='word_1_802' title='bbox 3228 5025 3374 5077; x_wconf 89' lang='lat' dir='ltr'><strong>illam</strong></span> <span class='ocrx_word' id='word_1_803' title='bbox 3400 5023 3466 5078; x_wconf 89' lang='lat' dir='ltr'><strong>ad</strong></span> <span class='ocrx_word' id='word_1_804' title='bbox 3493 5024 3682 5095; x_wconf 87' lang='lat' dir='ltr'><strong>Epiph.</strong></span> 
     </span>
    </p>
   </div>
   <div class='ocr_carea' id='block_1_58' title="bbox 407 5113 3684 5197">
    <p class='ocr_par' dir='ltr' id='par_1_58' title="bbox 407 5113 3684 5197">
     <span class='ocr_line' id='line_1_58' title="bbox 407 5113 3684 5197; baseline -0.004 -13"><span class='ocrx_word' id='word_1_805' title='bbox 407 5137 410 5140; x_wconf 45' lang='grc' dir='ltr'>λ</span> <span class='ocrx_word' id='word_1_806' title='bbox 449 5135 504 5189; x_wconf 88' lang='lat' dir='ltr'><strong>in</strong></span> <span class='ocrx_word' id='word_1_807' title='bbox 553 5133 714 5188; x_wconf 85' lang='lat' dir='ltr'><strong>rebus</strong></span> <span class='ocrx_word' id='word_1_808' title='bbox 763 5131 933 5185; x_wconf 86' lang='lat' dir='ltr'><strong>Deum</strong></span> <span class='ocrx_word' id='word_1_809' title='bbox 979 5129 1128 5184; x_wconf 87' lang='lat' dir='ltr'><strong>illum</strong></span> <span class='ocrx_word' id='word_1_810' title='bbox 1165 5125 1556 5197; x_wconf 89' lang='lat' dir='ltr'><strong>propemodum</strong></span> <span class='ocrx_word' id='word_1_811' title='bbox 1605 5121 1834 5191; x_wconf 66' lang='lat' dir='ltr'><strong>facium,</strong></span> <span class='ocrx_word' id='word_1_812' title='bbox 1887 5124 2018 5177; x_wconf 83' lang='lat' dir='ltr'><strong>nihil</strong></span> <span class='ocrx_word' id='word_1_813' title='bbox 2122 5113 2364 5168; x_wconf 84' lang='lat' dir='ltr'><strong>rationes</strong></span> <span class='ocrx_word' id='word_1_814' title='bbox 2394 5113 2770 5184; x_wconf 84' lang='grc' dir='ltr'><strong>εὐστοχώτατα</strong></span> <span class='ocrx_word' id='word_1_815' title='bbox 2811 5113 3124 5185; x_wconf 81' lang='lat' dir='ltr'><strong>digessisse.</strong></span> <span class='ocrx_word' id='word_1_816' title='bbox 3159 5115 3290 5170; x_wconf 84' lang='lat' dir='ltr'><strong>Vide</strong></span> <span class='ocrx_word' id='word_1_817' title='bbox 3330 5115 3472 5169; x_wconf 86' lang='lat' dir='ltr'><strong>infra</strong></span> <span class='ocrx_word' id='word_1_818' title='bbox 3501 5117 3554 5172; x_wconf 91' lang='lat' dir='ltr'><strong>in</strong></span> <span class='ocrx_word' id='word_1_819' title='bbox 3599 5117 3684 5170; x_wconf 89' lang='lat' dir='ltr'><strong>illa</strong></span> 
     </span>
    </p>
   </div>
   <div class='ocr_carea' id='block_1_59' title="bbox 449 5204 3039 5294">
    <p class='ocr_par' dir='ltr' id='par_1_59' title="bbox 449 5204 3039 5294">
     <span class='ocr_line' id='line_1_59' title="bbox 449 5204 3039 5294; baseline -0.007 -16"><span class='ocrx_word' id='word_1_820' title='bbox 449 5225 626 5294; x_wconf 90' lang='lat' dir='ltr'><strong>ipsum</strong></span> <span class='ocrx_word' id='word_1_821' title='bbox 662 5223 727 5278; x_wconf 91' lang='lat' dir='ltr'><strong>ad</strong></span> <span class='ocrx_word' id='word_1_822' title='bbox 763 5237 880 5276; x_wconf 88' lang='lat' dir='ltr'><strong>eam</strong></span> <span class='ocrx_word' id='word_1_823' title='bbox 933 5235 1044 5275; x_wconf 86' lang='lat' dir='ltr'><strong>rem</strong></span> <span class='ocrx_word' id='word_1_824' title='bbox 1089 5227 1281 5289; x_wconf 69' lang='lat' dir='ltr'><strong>praeter</strong></span> <span class='ocrx_word' id='word_1_825' title='bbox 1309 5216 1510 5271; x_wconf 87' lang='lat' dir='ltr'><strong>fastum</strong></span> <span class='ocrx_word' id='word_1_826' title='bbox 1551 5225 1606 5270; x_wconf 92' lang='lat' dir='ltr'><strong>et</strong></span> <span class='ocrx_word' id='word_1_827' title='bbox 1649 5215 2016 5285; x_wconf 83' lang='lat' dir='ltr'><strong>arrogantiam</strong></span> <span class='ocrx_word' id='word_1_828' title='bbox 2122 5205 2364 5260; x_wconf 80' lang='lat' dir='ltr'><strong>Diau&#39;iba</strong></span> <span class='ocrx_word' id='word_1_829' title='bbox 2391 5206 2458 5260; x_wconf 87' lang='lat' dir='ltr'><strong>de</strong></span> <span class='ocrx_word' id='word_1_830' title='bbox 2496 5204 2764 5262; x_wconf 84' lang='lat' dir='ltr'><strong>Passione</strong></span> <span class='ocrx_word' id='word_1_831' title='bbox 2801 5207 3039 5262; x_wconf 90' lang='lat' dir='ltr'><strong>Domini.</strong></span> 
     </span>
    </p>
   </div>
   <div class='ocr_carea' id='block_1_60' title="bbox 446 5297 2023 5376">
    <p class='ocr_par' dir='ltr' id='par_1_60' title="bbox 446 5302 2017 5376">
     <span class='ocr_line' id='line_1_60' title="bbox 446 5302 2017 5376; baseline -0.008 -7"><span class='ocrx_word' id='word_1_832' title='bbox 446 5314 694 5369; x_wconf 85' lang='lat' dir='ltr'><strong>attulisse</strong></span> <span class='ocrx_word' id='word_1_833' title='bbox 743 5311 980 5367; x_wconf 88' lang='lat' dir='ltr'><strong>discant.</strong></span> <span class='ocrx_word' id='word_1_834' title='bbox 1042 5307 1322 5363; x_wconf 87' lang='lat' dir='ltr'><strong>Postremo</strong></span> <span class='ocrx_word' id='word_1_835' title='bbox 1371 5319 1534 5376; x_wconf 88' lang='lat' dir='ltr'><strong>quam</strong></span> <span class='ocrx_word' id='word_1_836' title='bbox 1583 5305 1637 5358; x_wconf 91' lang='lat' dir='ltr'><strong>in</strong></span> <span class='ocrx_word' id='word_1_837' title='bbox 1692 5302 2017 5357; x_wconf 89' lang='lat' dir='ltr'><strong>Antiocheni</strong></span> 
     </span>
    </p>
   </div>
   <div class='ocr_carea' id='block_1_61' title="bbox 2102 5297 3679 5376">
    <p class='ocr_par' dir='ltr' id='par_1_61' title="bbox 2191 5297 3679 5368">
     <span class='ocr_line' id='line_1_61' title="bbox 2191 5297 3679 5368; baseline 0.003 -18"><span class='ocrx_word' id='word_1_838' title='bbox 2191 5297 2324 5353; x_wconf 90' lang='lat' dir='ltr'><strong>lhid.</strong></span> <span class='ocrx_word' id='word_1_839' title='bbox 2347 5297 2506 5352; x_wconf 85' lang='grc' dir='ltr'><em>Κατὰ</em></span> <span class='ocrx_word' id='word_1_840' title='bbox 2535 5299 2873 5366; x_wconf 78' lang='grc' dir='ltr'><strong>Ἀθηναίους</strong></span> <span class='ocrx_word' id='word_1_841' title='bbox 2893 5297 3439 5368; x_wconf 79' lang='grc' dir='ltr'><strong>Μαιμακτηριῶνος.</strong></span> <span class='ocrx_word' id='word_1_842' title='bbox 3457 5297 3679 5354; x_wconf 87' lang='lat' dir='ltr'><strong>Januar.</strong></span> 
     </span>
    </p>
   </div>
   <div class='ocr_carea' id='block_1_62' title="bbox 447 5389 3684 5472">
    <p class='ocr_par' dir='ltr' id='par_1_62' title="bbox 447 5389 3684 5472">
     <span class='ocr_line' id='line_1_62' title="bbox 447 5389 3684 5472; baseline -0.003 -14"><span class='ocrx_word' id='word_1_843' title='bbox 447 5405 576 5459; x_wconf 89' lang='lat' dir='ltr'><strong>anni</strong></span> <span class='ocrx_word' id='word_1_844' title='bbox 609 5404 812 5472; x_wconf 87' lang='lat' dir='ltr'><strong>cpocha</strong></span> <span class='ocrx_word' id='word_1_845' title='bbox 847 5400 1080 5456; x_wconf 89' lang='lat' dir='ltr'><strong>hominis</strong></span> <span class='ocrx_word' id='word_1_846' title='bbox 1106 5397 1526 5454; x_wconf 86' lang='lat' dir='ltr'><strong>inconstantiam</strong></span> <span class='ocrx_word' id='word_1_847' title='bbox 1558 5395 1818 5460; x_wconf 87' lang='lat' dir='ltr'><strong>vidimus,</strong></span> <span class='ocrx_word' id='word_1_848' title='bbox 1863 5409 2016 5448; x_wconf 88' lang='lat' dir='ltr'><strong>eam-</strong></span> <span class='ocrx_word' id='word_1_849' title='bbox 2118 5389 2478 5445; x_wconf 82' lang='lat' dir='ltr'><strong>Athenienses</strong></span> <span class='ocrx_word' id='word_1_850' title='bbox 2523 5389 3014 5445; x_wconf 80' lang='lat' dir='ltr'><strong>Maemacterionem</strong></span> <span class='ocrx_word' id='word_1_851' title='bbox 3067 5399 3350 5446; x_wconf 84' lang='lat' dir='ltr'><strong>vocarunt.</strong></span> <span class='ocrx_word' id='word_1_852' title='bbox 3413 5390 3566 5458; x_wconf 78' lang='lat' dir='ltr'><strong>Quod</strong></span> <span class='ocrx_word' id='word_1_853' title='bbox 3619 5405 3684 5447; x_wconf 79' lang='lat' dir='ltr'><strong>ne</strong></span> 
     </span>
    </p>
   </div>
   <div class='ocr_carea' id='block_1_63' title="bbox 447 5481 3684 5562">
    <p class='ocr_par' dir='ltr' id='par_1_63' title="bbox 447 5481 3684 5562">
     <span class='ocr_line' id='line_1_63' title="bbox 447 5481 3684 5562; baseline -0.002 -15"><span class='ocrx_word' id='word_1_854' title='bbox 447 5497 567 5548; x_wconf 89' lang='lat' dir='ltr'><strong>dem</strong></span> <span class='ocrx_word' id='word_1_855' title='bbox 597 5494 650 5547; x_wconf 92' lang='lat' dir='ltr'><strong>in</strong></span> <span class='ocrx_word' id='word_1_856' title='bbox 684 5492 980 5562; x_wconf 80' lang='lat' dir='ltr'><strong>llagarenis</strong></span> <span class='ocrx_word' id='word_1_857' title='bbox 1014 5501 1070 5544; x_wconf 91' lang='lat' dir='ltr'><strong>et</strong></span> <span class='ocrx_word' id='word_1_858' title='bbox 1110 5489 1359 5543; x_wconf 86' lang='lat' dir='ltr'><strong>Arabicis</strong></span> <span class='ocrx_word' id='word_1_859' title='bbox 1404 5487 1556 5542; x_wconf 84' lang='lat' dir='ltr'><strong>hisce</strong></span> <span class='ocrx_word' id='word_1_860' title='bbox 1597 5484 1836 5555; x_wconf 86' lang='lat' dir='ltr'><strong>periodis</strong></span> <span class='ocrx_word' id='word_1_861' title='bbox 1880 5483 2018 5538; x_wconf 89' lang='lat' dir='ltr'><strong>scito</strong></span> <span class='ocrx_word' id='word_1_862' title='bbox 2119 5481 2242 5548; x_wconf 90' lang='lat' dir='ltr'><strong>quis</strong></span> <span class='ocrx_word' id='word_1_863' title='bbox 2268 5497 2453 5536; x_wconf 88' lang='lat' dir='ltr'><strong>errore</strong></span> <span class='ocrx_word' id='word_1_864' title='bbox 2483 5481 2684 5536; x_wconf 90' lang='lat' dir='ltr'><strong>librarii</strong></span> <span class='ocrx_word' id='word_1_865' title='bbox 2721 5481 2924 5537; x_wconf 76' lang='lat' dir='ltr'><strong>factum</strong></span> <span class='ocrx_word' id='word_1_866' title='bbox 2975 5491 3147 5552; x_wconf 84' lang='lat' dir='ltr'><strong>putet,</strong></span> <span class='ocrx_word' id='word_1_867' title='bbox 3197 5483 3495 5538; x_wconf 82' lang='lat' dir='ltr'><strong>afﬁrmatur</strong></span> <span class='ocrx_word' id='word_1_868' title='bbox 3523 5499 3588 5539; x_wconf 80' lang='lat' dir='ltr'><strong>ex</strong></span> <span class='ocrx_word' id='word_1_869' title='bbox 3619 5499 3684 5539; x_wconf 87' lang='lat' dir='ltr'><strong>eo</strong></span> 
     </span>
    </p>
   </div>
   <div class='ocr_carea' id='block_1_64' title="bbox 445 5571 3680 5645">
    <p class='ocr_par' dir='ltr' id='par_1_64' title="bbox 445 5571 3680 5645">
     <span class='ocr_line' id='line_1_64' title="bbox 445 5571 3680 5645; baseline -0.002 -11"><span class='ocrx_word' id='word_1_870' title='bbox 445 5597 568 5636; x_wconf 81' lang='lat' dir='ltr'><strong>esse</strong></span> <span class='ocrx_word' id='word_1_871' title='bbox 599 5583 970 5635; x_wconf 85' lang='lat' dir='ltr'><strong>commissam.</strong></span> <span class='ocrx_word' id='word_1_872' title='bbox 999 5577 1132 5633; x_wconf 85' lang='lat' dir='ltr'><strong>Nam</strong></span> <span class='ocrx_word' id='word_1_873' title='bbox 1171 5579 1266 5633; x_wconf 90' lang='lat' dir='ltr'><strong>lib.</strong></span> <span class='ocrx_word' id='word_1_874' title='bbox 1303 5595 1342 5632; x_wconf 88' lang='lat' dir='ltr'><strong>tt</strong></span> <span class='ocrx_word' id='word_1_875' title='bbox 1371 5577 1448 5632; x_wconf 87' lang='lat' dir='ltr'><strong>De</strong></span> <span class='ocrx_word' id='word_1_876' title='bbox 1471 5577 1697 5640; x_wconf 85' lang='lat' dir='ltr'><strong>emend.,</strong></span> <span class='ocrx_word' id='word_1_877' title='bbox 1726 5589 1780 5644; x_wconf 91' lang='lat' dir='ltr'><strong>p.</strong></span> <span class='ocrx_word' id='word_1_878' title='bbox 1814 5573 1936 5638; x_wconf 82' lang='lat' dir='ltr'><strong>H6,</strong></span> <span class='ocrx_word' id='word_1_879' title='bbox 1965 5583 2018 5628; x_wconf 85' lang='lat' dir='ltr'><strong>et</strong></span> <span class='ocrx_word' id='word_1_880' title='bbox 2118 5573 2263 5643; x_wconf 90' lang='lat' dir='ltr'><strong>quod</strong></span> <span class='ocrx_word' id='word_1_881' title='bbox 2297 5573 2460 5643; x_wconf 90' lang='lat' dir='ltr'><strong>paulo</strong></span> <span class='ocrx_word' id='word_1_882' title='bbox 2491 5582 2613 5642; x_wconf 91' lang='lat' dir='ltr'><strong>post</strong></span> <span class='ocrx_word' id='word_1_883' title='bbox 2659 5571 2924 5629; x_wconf 89' lang='lat' dir='ltr'><strong>Novemb.</strong></span> <span class='ocrx_word' id='word_1_884' title='bbox 2959 5573 3398 5645; x_wconf 79' lang='lat' dir='ltr'><strong>Metagitnioncm</strong></span> <span class='ocrx_word' id='word_1_885' title='bbox 3429 5574 3680 5645; x_wconf 85' lang='lat' dir='ltr'><strong>appellat.</strong></span> 
     </span>
    </p>
   </div>
   <div class='ocr_carea' id='block_1_65' title="bbox 453 5662 3682 5740">
    <p class='ocr_par' dir='ltr' id='par_1_65' title="bbox 453 5662 3682 5740">
     <span class='ocr_line' id='line_1_65' title="bbox 453 5662 3682 5740; baseline 0 -19"><span class='ocrx_word' id='word_1_886' title='bbox 453 5670 548 5725; x_wconf 74' lang='lat' dir='ltr'><strong>lib.</strong></span> <span class='ocrx_word' id='word_1_887' title='bbox 578 5687 630 5737; x_wconf 90' lang='lat' dir='ltr'><strong>v,</strong></span> <span class='ocrx_word' id='word_1_888' title='bbox 661 5687 714 5740; x_wconf 91' lang='lat' dir='ltr'><strong>p.</strong></span> <span class='ocrx_word' id='word_1_889' title='bbox 757 5671 882 5737; x_wconf 73' lang='grc'><strong>485,</strong></span> <span class='ocrx_word' id='word_1_890' title='bbox 917 5671 1196 5740; x_wconf 88' lang='lat' dir='ltr'><strong>periodum</strong></span> <span class='ocrx_word' id='word_1_891' title='bbox 1221 5667 1558 5739; x_wconf 78' lang='lat' dir='ltr'><strong>ilagarenam</strong></span> <span class='ocrx_word' id='word_1_892' title='bbox 1605 5665 1674 5721; x_wconf 89' lang='lat' dir='ltr'><strong>ab</strong></span> <span class='ocrx_word' id='word_1_893' title='bbox 1709 5677 1852 5720; x_wconf 86' lang='lat' dir='ltr'><strong>anno</strong></span> <span class='ocrx_word' id='word_1_894' title='bbox 1897 5663 2016 5734; x_wconf 82' lang='lat' dir='ltr'><strong>ipso</strong></span> <span class='ocrx_word' id='word_1_895' title='bbox 2121 5662 2217 5718; x_wconf 84' lang='lat' dir='ltr'><strong>Est</strong></span> <span class='ocrx_word' id='word_1_896' title='bbox 2242 5672 2424 5720; x_wconf 85' lang='lat' dir='ltr'><strong>autem</strong></span> <span class='ocrx_word' id='word_1_897' title='bbox 2455 5664 2543 5722; x_wconf 90' lang='lat' dir='ltr'><strong>hic</strong></span> <span class='ocrx_word' id='word_1_898' title='bbox 2567 5665 2726 5721; x_wconf 89' lang='lat' dir='ltr'><strong>locus</strong></span> <span class='ocrx_word' id='word_1_899' title='bbox 2751 5665 2819 5720; x_wconf 87' lang='lat' dir='ltr'><strong>ad</strong></span> <span class='ocrx_word' id='word_1_900' title='bbox 2859 5666 3021 5721; x_wconf 85' lang='lat' dir='ltr'><strong>Attici</strong></span> <span class='ocrx_word' id='word_1_901' title='bbox 3053 5665 3181 5722; x_wconf 88' lang='lat' dir='ltr'><strong>anni</strong></span> <span class='ocrx_word' id='word_1_902' title='bbox 3206 5705 3223 5736; x_wconf 84' lang='lat'><strong>,</strong></span> <span class='ocrx_word' id='word_1_903' title='bbox 3247 5665 3556 5735; x_wconf 84' lang='lat' dir='ltr'><strong>cujusmedi</strong></span> <span class='ocrx_word' id='word_1_904' title='bbox 3591 5679 3682 5736; x_wconf 79' lang='lat' dir='ltr'><strong>per</strong></span> 
     </span>
    </p>
   </div>
  </div>
