3994 6222
281 339 391 395 933

1447 328 1535 383 DE
1568 329 1753 386 ANNO
1788 329 2043 386 NATALI
2081 328 2381 386 CHRISTI.

3423 340 3528 398 93’:

285 456 376 508 illa
406 464 648 522 tempora
682 450 817 516 fuit,
855 465 918 505 ac
949 449 1217 504 mensium
1246 448 1659 520 dispositionem
1694 449 1854 502 intcl-
1889 460 1927 513 Α
1960 450 2070 512 det,
2105 448 2519 502 Hecatombazon
2562 455 2743 503 autem
2784 447 2949 517 Julio,
2994 459 3051 504 ut
3090 452 3263 507 eidem
3324 453 3522 525 Scalig.

286 546 553 615 ligendam
585 543 964 598 observatione
1002 542 1379 610 dignissimus.
1437 541 1677 595 Primum
1710 541 1854 595 enim
1903 573 1910 580 -

286 638 522 692 solarem
570 651 772 689 annum
819 634 988 688 fuisse
1030 633 1186 686 docet
1219 647 1523 686 consensus
1554 630 1858 684 Mmmacte-

287 728 459 781 rionis
503 742 627 782 cum
677 724 904 780 Januar.
949 722 1053 778 Sed
1089 722 1380 778 videndum
1422 722 1695 792 quodnam
1728 721 1854 774 anni

285 828 450 890 caput
479 817 660 872 fuerit.
698 818 911 872 Primus
944 815 1248 869 Atticorum
1277 814 1543 869 mensium
1573 811 1858 866 Hecatom-

285 911 440 965 baeon
482 909 584 964 fuit
611 928 624 964 :
654 924 682 962 a
714 924 842 977 quo,
891 909 935 962 si
985 906 1143 962 Gaza;
1187 906 1484 968 credimus,
1513 912 1742 974 quartus
1776 913 1860 958 est

288 999 682 1054 Matmacterion
707 1014 721 1062 ;
749 997 1026 1068 Scaligero
1046 1013 1174 1052 vero
1201 998 1446 1068 quintus.
1469 995 1656 1052 Utrius
1678 996 1858 1049 verior

283 1093 471 1162 opinio
509 1094 579 1147 sit
611 1093 712 1146 hoc
758 1092 877 1145 loco
905 1091 1340 1161 disquirendum.
1400 1089 1515 1142 Duo
1547 1089 1600 1142 in
1647 1088 1858 1141 ordina-

253 1187 256 1190 ’
285 1184 434 1236 tione
467 1183 733 1236 mensium
761 1181 918 1236 Gazze
950 1194 1126 1236 errata
1155 1181 1377 1251 corrigit
1407 1179 1648 1249 Scaliger
1681 1195 1693 1230 :
1727 1178 1859 1231 alte-

286 1291 406 1328 rum
438 1273 585 1344 quod
632 1273 898 1327 Μιοιιιιιοι.
930 1289 981 1326 tv
1010 1273 1133 1327 loco
1176 1272 1442 1341 posuerit,
1474 1271 1631 1338 eique
1658 1269 1858 1335 Pyane-

285 1365 529 1434 psionem
555 1361 880 1432 subiecerit;
921 1362 1172 1420 alterum.
1205 1361 1349 1430 quod
1380 1359 1854 1414 Anthesterionem

283 1467 409 1528 post
433 1456 856 1527 Pyanepsionem
882 1454 1250 1518 collocaverit,
1273 1451 1629 1520 instanteiam
1659 1450 1853 1503 hieme.

283 1552 486 1603 Contra
508 1563 628 1617 qua:
654 1546 896 1614 Scaliger
924 1545 1399 1599 Anthesterionem
1431 1557 1656 1597 vernum
1699 1555 1855 1593 men-

285 1657 399 1695 sem
431 1655 572 1704 csse,
620 1648 674 1694 et
709 1637 846 1708 μετὰ
879 1637 1126 1706 χειμῶνα
1164 1635 1383 1701 statuit;
1419 1635 1560 1688 unde
1596 1642 1719 1702 post
1747 1631 1856 1684 Γα-

287 1732 530 1802 μηλιῶνα
565 1731 882 1796 constituit;
912 1727 1407 1782 Mmmactcrionem
1445 1742 1574 1781 vero
1607 1723 1855 1795 principi-

285 1800 417 1878 tanti
460 1825 569 1892 iam
613 1833 875 1877 autumno
911 1822 1119 1882 tribuit,
1182 1821 1434 1890 quintum
1469 1818 1676 1882 ordine,
1725 1826 1778 1872 ct
1822 1831 1851 1869 a
1890 1800 1928 1852 Β

286 1913 658 1984 Pyanepsione
689 1913 1017 1981 proximum.
1063 1907 1358 1978 Utriusque
1394 1906 1698 1969 sentcntize,
1733 1914 1791 1960 ut
1824 1920 1852 1958 a

285 2006 486 2058 lectore
517 2003 726 2067 facilius
755 2003 1105 2072 percipiatur,
1137 1999 1457 2054 laterculutn
1491 1996 1851 2067 subiecimus.

775 2113 1049 2168 MENSES
1086 2111 1338 2166 ATTICI.

354 2226 431 2280 Ex
461 2225 747 2279 Theodoro
774 2226 940 2280 Gaza.
1217 2224 1292 2277 Ex
1326 2223 1624 2293 Scaligcro.

533 2319 763 2384 Θερινοί
1283 2313 1530 2382 Θερινοί.

473 2407 905 2478 Ἑκατομϐαιῶν.
1209 2402 1654 2478 γᾜκατομὸαιῴν.

461 2473 884 2546 Μεταγειτνιών.
1208 2473 1628 2546 Μεταγειτνιών.

463 2543 822 2619 Βοηδρομιὼν.
957 2554 980 2566 ⁸
1213 2543 1578 2615 Βοηδρομιὼν.

473 2636 797 2704 Ὂπωρινοί.
1241 2633 1563 2700 Ὀπωρινοί.

458 2733 756 2800 Μαιμακτη
765 2729 913 2799 ριὼν.
1210 2724 1548 2800 Πυανεψιὼν.

461 2793 795 2867 Ιιυανεψιών.
1209 2793 1665 2867 Μαιμακτηριών.

475 2865 896 2940 ’Λνθεστηριών.
1217 2865 1536 2918 Ιιοσειδεώνζ

481 2961 827 3031 Χειμερινοι.
1227 2957 1580 3026 Χειμερινοί.

463 3051 784 3109 Ποσειδεὼν.
1212 3047 1520 3117 Γαμηλιὼν.

464 3123 772 3194 Γαμηλιῶνι
820 3190 830 3194 _
1228 3114 1636 3194 Ἀνοὲστῃριιῖξν.

478 3185 894 3264 Ἐῖαῇςηὸολιὼεμ
1227 3185 1648 3256 Ἐλαφηϐολιών.

525 3283 794 3353 Ἐαρινοί.
1283 3277 1557 3346 Ἐαρινο[.

463 3373 805 3452 ξὶουνυχιῴν.
1213 3368 1556 3452 Ξῐουνυχιῶν.

466 3393 805 3496 mouvu‘étow.
1215 3393 1556 3452 ιηουνυζιων.

465 3449 544 3498 Θα
553 3463 652 3516 ργη
692 3442 801 3498 ιὼν.
817 3511 828 3516 ⁸
1212 3437 1556 3516 gumento»).

469 3507 893 3588 Σκίρῤοιροριών.
1212 3507 1639 3580 Σκιρροφοριῶνι

359 3631 416 3686 1η
459 3633 567 3706 hac
609 3629 908 3682 Atticorum
945 3640 1215 3678 mensium
1257 3624 1576 3678 recensione
1606 3621 1854 3692 quadam

286 3735 434 3778 recte
477 3721 717 3788 Scaliger
743 3720 1004 3773 adversus
1033 3715 1236 3770 Gazam
1269 3715 1543 3782 defendit;
1589 3715 1695 3769 alia
1739 3729 1860 3784 per-

285 3831 473 3886 peram
503 3829 566 3867 ac
595 3812 754 3866 falso.
792 3809 945 3876 Quod
984 3809 1127 3863 enim
1190 3808 1660 3863 Anthcstcrionem
1690 3823 1858 3861 verno

287 3906 519 3964 teinnori
551 3903 794 3966 ascribit,
843 3917 950 3956 non
1011 3899 1380 3954 inclinativam
1410 3907 1692 3961 autumno,
1721 3913 1858 3967 prte—

286 3998 436 4052 clare
474 3995 623 4049 facit.
681 3993 785 4046 Sed
831 3993 899 4046 de
942 3989 1407 4055 Matmacterione,
1441 4003 1506 4042 ac
1552 3987 1856 4042 Posideone

285 4103 480 4159 parum
527 4085 809 4140 commode
851 4083 1090 4138 sensisse
1130 4081 1262 4136 mihi
1316 4081 1550 4135 videtur.
1610 4078 1854 4133 Primum

287 4178 669 4234 Boedromioni
701 4175 1127 4247 Pyanepsionem
1153 4216 1168 4239 ,
1217 4188 1321 4226 non
1364 4171 1852 4226 Maemacterionem

287 4271 554 4339 adiungit,
587 4270 746 4337 idque
765 4266 1139 4336 compluribus
1164 4264 1500 4333 argumentis
1529 4263 1855 4332 persuadere

289 4364 523 4418 nititur:
556 4376 677 4430 qua:
707 4358 910 4422 orunia,
947 4357 990 4412 si
1024 4357 1186 4410 unius
1223 4353 1671 4424 Harpocrationis
1701 4353 1856 4406 testi-

1960 542 2155 609 placet,
2190 539 2539 610 Metagitnion
2580 539 2848 610 Augusto,
2884 541 3242 598 Boedromion
3285 544 3527 613 Septem-

1959 632 2078 696 bri.
2113 633 2237 702 quis
2271 631 2560 686 Octobrem
2613 633 2754 688 alius
2804 642 2994 704 praeter
3041 634 3526 694 Maamacterionem

1959 725 2062 778 sibi
2112 704 2444 779 vindicabit?
2476 723 2716 780 Pessime
2743 726 2926 795 itaque
2964 713 3317 797 quartam'illi
3347 734 3526 786 sedem

1958 814 2239 877 attribuit,
2269 830 2333 869 ac
2363 815 2473 876 τῶν
2501 815 2784 886 ὀπωρινῶν
2832 818 3066 887 primum
3114 818 3276 884 facit,
3324 822 3370 876 si
3419 820 3528 875 No-

1959 905 2136 958 vemb.
2175 905 2448 972 congruit.
2501 903 2642 959 Sane
2687 903 3115 975 Pyanepsiouem
3152 907 3402 976 quintum
3433 923 3530 978 po-

1959 998 2068 1052 tius
2106 1013 2268 1068 quam
2312 1014 2365 1052 ιν
2407 1012 2529 1054 esse
2574 999 2968 1052 numerandum
3013 1014 3077 1053 ex
3124 1016 3189 1053 eo
3234 1000 3528 1070 colligitur,

1957 1089 2102 1157 quod
2136 1088 2300 1142 hiemi
2334 1103 2554 1158 quoque
2609 1088 2897 1142 tribuatur.
2930 1086 3064 1141 Nam
3098 1088 3530 1160 Tltesmophoria

1959 1179 2327 1250 Pyanepsione
2353 1195 2539 1236 mense
2563 1180 2780 1241 fiebant,
2813 1189 2869 1233 nt
2913 1178 3054 1234 Plut.
3082 1181 3137 1234 in
3178 1181 3409 1236 Demost.
3454 1183 3530 1237 si-

1959 1270 2197 1338 gniticet.
2227 1270 2663 1340 ThesmOphoria
2690 1286 2855 1340 porro
2885 1271 2938 1323 in
2973 1270 3204 1325 hiemem
3252 1272 3532 1327 incurrere

1961 1370 2189 1416 testatur
2249 1362 2642 1432 Aristophanes
2712 1363 3304 1434 Θεσμοφοριαζούσαις.
3373 1363 3529 1433 Apud

1957 1469 2116 1521 quem
2145 1453 2444 1522 Agathonis
2490 1468 2678 1508 servus
2706 1453 2773 1508 de
2805 1453 3358 1524 Thesmophoriorum
3391 1464 3530 1510 tem-

1959 1561 2090 1615 pore
2117 1545 2196 1601 sic
2224 1543 2468 1614 loquitur
2497 1558 2511 1594 :

2306 1678 2498 1743 Αὐτὸς
2523 1679 2630 1746 γὰρ
2657 1678 2845 1740 ἔξεισι
2872 1677 3046 1745 τάχα·

2029 1747 2137 1803 Kal
2166 1748 2276 1818 γὰρ
2297 1745 2642 1818 μελοποιεῖν
2672 1748 2931 1816 ἄρχεται,
2962 1748 3248 1816 χειμῶνος
3276 1745 3391 1818 οὖν

2033 1815 2248 1888 Ὂντοῤ
2269 1815 2715 1888 κατακάμπτειν
2743 1819 2846 1888 τὰς
2873 1815 3140 1888 στροὲὰς
3166 1819 3236 1869 οὺ
3252 1815 3494 1888 ῥᾴδιον,

2032 1891 2137 1943 Ἢν
2152 1887 2238 1956 μὴ
2263 1889 2438 1956 προΐῃ
2464 1885 2670 1954 θύραζε
2697 1886 2846 1954 πρὸς
2884 1886 2990 1938 τὸν
3014 1887 3211 1953 ἣλιον.

2025 1997 2305 2052 Accedunt
2346 1997 2585 2053 rationes
2615 1997 2752 2056 aliae,
2783 2011 2921 2064 quas
2950 2011 2979 2050 a
3011 1994 3300 2050 Theodoro
3333 2008 3531 2062 propo-

1956 2090 2090 2144 sitas
2121 2089 2360 2158 Scaliger
2389 2087 2714 2143 dissimulat.
2760 2087 2826 2143 Ut
2855 2087 2996 2142 inter
3025 2088 3152 2147 alia.
3187 2086 3333 2157 quod
3363 2086 3529 2139 Arist.
3587 2075 3590 2080 ’

1957 2181 2052 2234 lib.
2089 2196 2141 2234 vr
2174 2180 2248 2234 De
2271 2181 2394 2234 hist.
2429 2182 2619 2244 anim.,
2651 2195 2770 2247 cap.
2801 2177 3280 2238 29,Boedromioni
3317 2178 3533 2231 Maema-

1956 2271 2252 2326 cterionem
2288 2270 2603 2340 subiungit,
2649 2269 2740 2323 ubi
2775 2269 2842 2322 de
2871 2283 3157 2323 cervorum
3188 2268 3322 2321 initu
3355 2266 3530 2335 loqui-

1958 2369 2047 2414 tur
2081 2378 2094 2414 :
2147 2359 2212 2411 Ἦ
2245 2358 2300 2412 δὲ
2329 2359 2482 2428 ὀχεία
2509 2357 2719 2426 γίνεται
2753 2358 2867 2427 μετ’
2909 2357 3236 2428 Ἀρκτοῦρον
3269 2358 3399 2428 περὶ
3441 2357 3531 2409 τὸν

1957 2450 2343 2523 Βοηδρομιῶνι
2386 2451 2480 2504 καὶ
2532 2449 3030 2521 Μαιμακτηριῶνα.
3074 2448 3178 2515 Qui
3217 2451 3370 2504 locus
3396 2449 3530 2505 Sca—

1959 2543 2126 2612 ligero
2143 2542 2415 2597 silentium
2449 2540 2662 2604 indicit,
2690 2551 2741 2594 et
2771 2541 2930 2595 Gazae
2974 2542 3281 2610 opinionem
3315 2541 3526 2596 astruit.

1958 2633 2078 2688 Duo
2115 2633 2260 2686 enim
2306 2648 2370 2686 ex
2418 2633 2484 2688 iis
2511 2632 2692 2686 verbis
2735 2641 2877 2686 recte
2914 2633 3190 2686 concludit
3221 2651 3235 2686 :
3274 2633 3528 2698 alterum,

1958 2723 2444 2779 Maemacterionem
2492 2723 2656 2792 paulo
2701 2732 2823 2791 post
2878 2723 3093 2776 Arcturi
3147 2729 3327 2776 ortum
3393 2722 3531 2776 inci-

1957 2831 2084 2885 pere
2113 2834 2127 2870 :
2161 2815 2364 2883 alioqui
2398 2812 2598 2868 frustra
2628 2798 3119 2866 Mtemactcrioncm
3152 2813 3530 2867 Boedromioni

1959 2905 2270 2974 subiiceret.
2305 2905 2569 2959 Arcturus
2595 2913 2773 2957 autem
2806 2904 2950 2959 circa
2999 2905 3316 2957 autumnale
3357 2905 3532 2974 atqui-

1959 2998 2198 3052 noctium
2245 2998 2458 3064 oritur;
2509 3012 2630 3050 nam
2669 2995 3078 3066 Theophrastus
3127 2995 3394 3066 κερωνίαν
3433 2997 3532 3051 ﬂo-

1962 3103 2083 3142 rere
2110 3088 2240 3142 dicit
2281 3087 2412 3159 mpi.
2453 3087 2778 3158 Ἀρκτοῢρόν
2827 3105 2888 3140 τε
2937 3088 3031 3140 καὶ
3069 3087 3384 3158 ἱσημερίαν’
3421 3087 3530 3142 Ga-

1961 3178 2116 3232 lenus
2164 3179 2427 3248 insuper:
2463 3180 2615 3232 Ἔστι
2651 3178 2771 3248 μὲν,
2812 3179 3021 3248 inquit,
3063 3178 3394 3248 ὡραιότατον
3431 3179 3531 3249 τῆς

1958 3269 2156 3341 ἐλάτης
2184 3257 2500 3342 τὸσπέρμα
2538 3271 2667 3342 περὶ
2704 3270 2800 3342 τὴν
2844 3271 3095 3342 ἐπιτολὴν
3137 3269 3230 3324 τοῦ
3270 3270 3530 3343 Ἀρκτού-

1963 3377 2086 3431 ρου·
2135 3361 2194 3424 ὃς
2239 3379 2323 3424 τις
2363 3363 2554 3432 καιρὸς
2610 3364 2668 3414 ὲν
2719 3361 2904 3433 Ῥώμῃ
2970 3363 2999 3415 ὁ
3044 3361 3376 3432 καλούμενος
3433 3361 3532 3432 μὲν

1959 3451 2331 3523 Σεπτὲμϐριός
2379 3455 2516 3506 ἐστι.
2575 3452 2759 3519 Quare
2806 3453 3080 3508 modicum
3137 3468 3168 3507 a
3224 3450 3528 3522 Septembri

1958 3544 2162 3600 distare
2190 3543 2679 3600 Mtemacterionem
2713 3560 2935 3600 necesse
2958 3552 3062 3600 est.
3089 3545 3354 3609 Alterum,
3383 3541 3528 3612 quod

1959 3633 2102 3690 Gaza
2136 3634 2378 3704 colligit,
2428 3642 2554 3689 cst:
2600 3632 3087 3690 Maemacterionem
3148 3633 3528 3688 Boedromioni

1958 3725 2264 3794 proximum
2295 3739 2450 3790 esse;
2481 3739 2608 3779 nam
2641 3725 2856 3794 quoties
2900 3725 3040 3781 duos
3078 3739 3296 3780 menses
3335 3725 3411 3778 ita
3441 3739 3530 3779 co-

1957 3816 2136 3886 pulat,
2171 3825 2231 3870 ut
2271 3815 2477 3886 aliquid
2521 3817 2822 3886 prcescrtim
2866 3816 3011 3871 circa
3059 3825 3274 3883 tempus
3319 3825 3526 3870 certum

1958 3908 2205 3964 accidere
2235 3909 2342 3964 illis
2373 3909 2654 3965 mensibus
2683 3910 2850 3973 dicat,
2896 3909 3190 3964 continuos
3217 3922 3337 3962 esse
3371 3923 3520 3961 men-

1958 4014 2047 4054 ses
2075 4000 2332 4055 ostendit.
2366 3999 2443 4055 lta
2480 4015 2605 4055 cum
2644 4000 2711 4055 de
2741 4001 2914 4054 bobus
2948 3999 3060 4070 agit
3091 4017 3105 4053 :
3136 3999 3395 4070 ἄρχονται
3428 3998 3527 4068 τῆς

1955 4091 2138 4160 ὀχείας
2173 4091 2229 4144 αἱ
2263 4090 2390 4160 βοῦς
2417 4091 2547 4161 περὶ
2576 4090 2668 4145 τὸν
2693 4089 3051 4160 Θαργηλιῶνα
3080 4090 3224 4160 μῆνα
3250 4090 3342 4142 καὶ
3364 4089 3527 4159 Σκιρ-

1960 4179 2287 4252 ροφοριῶνα.
2342 4180 2511 4236 Multo
2563 4182 2758 4251 magis,
2816 4195 2941 4234 cum
3001 4190 3256 4249 praeterea
3323 4189 3527 4234 certum

1957 4282 2166 4340 tempus
2195 4281 2247 4326 et
2269 4272 2542 4327 cardinem
2576 4271 2855 4340 adiungit,
2908 4279 2968 4324 ιιι
3014 4271 3143 4342 περὶ
3191 4270 3428 4342 τροπάς,
3473 4280 3526 4325 et

1957 4361 2087 4434 περὶ
2141 4361 2232 4416 τὸν
2295 4362 2640 4436 Ἀρκτοῦρον.
2695 4361 2832 4415 Tum
2891 4362 3035 4417 enim
3107 4365 3395 4434 προσεχεῖς
3447 4363 3526 4416 illi

287 4454 533 4508 monium
571 4451 833 4521 excipias,
866 4450 1015 4503 irrita
1057 4457 1186 4502 sunt
1228 4458 1281 4501 et
1308 4446 1512 4500 inania.
1551 4443 1643 4500 Sic
1671 4455 1852 4499 autem

1961 4469 2177 4510 menses
2220 4455 2451 4510 habendi
2503 4463 2651 4510 sunt.
2708 4453 2974 4509 Praeterea
3025 4454 3118 4510 lib.
3168 4470 3261 4518 vt,
3303 4467 3421 4522 cap.
3461 4454 3530 4505 12

288 4545 646 4599 ratiocinator
695 4558 709 4593 :
769 4539 1142 4612 Pyanepsion,
1201 4549 1262 4592 ut
1318 4547 1510 4592 auctor
1565 4545 1649 4592 est
1709 4535 1851 4590 Plut.

291 4633 470 4686 Trar't.
500 4633 563 4686 de
594 4630 759 4697 Iside,
791 4629 1043 4699 congruit
1071 4627 1262 4698 Athyr,
1298 4627 1402 4682 hoc
1427 4635 1510 4683 est
1536 4625 1852 4681 Novembri.

287 4726 555 4779 Posideon
588 4731 768 4777 autem
796 4731 880 4776 est
925 4721 1240 4786 Januarius,
1275 4730 1334 4774 ut
1376 4719 1519 4773 Plut.
1555 4719 1609 4772 in
1647 4718 1855 4774 (ἐσίδω-ο

287 4818 513 4880 scribit;
547 4832 670 4870 cum
700 4830 912 4884 semper
945 4824 1070 4882 post
1100 4813 1350 4866 brumam
1383 4810 1628 4879 incipiat.
1679 4810 1858 4879 Atque

290 4910 432 4966 idem
465 4907 606 4960 Plut.
639 4902 694 4957 in
726 4907 956 4960 Demost.
987 4913 1097 4958 tres
1128 4905 1270 4960 istos
1305 4916 1525 4956 menses
1550 4899 1855 4964 continuat,

288 4997 769 5069 Metagitnionem,
839 4993 1285 5048 Boedromionem
1313 5032 1328 5056 ,
1397 4989 1854 5061 Pyanepsionem.

288 5091 425 5146 Cum
471 5090 632 5159 igitur
666 5097 718 5142 et
767 5086 1106 5158 Pyanepsion
1143 5085 1214 5138 sit
1249 5081 1572 5146 November,
1619 5091 1672 5138 et
1701 5080 1860 5136 Posi-

289 5183 430 5236 deon
474 5180 804 5243 Januarius,
837 5179 1017 5232 nullus
1049 5178 1190 5233 alius
1235 5175 1521 5231 Decembri
1557 5189 1858 5245 congruere

292 5281 470 5342 potest
511 5281 702 5341 praeter
750 5269 1257 5324 Mtemacterionem.
1306 5267 1386 5321 Ad
1430 5267 1543 5321 luce
1590 5265 1864 5320 Diodorus

288 5364 387 5418 lib.
423 5379 480 5418 ιιι
536 5362 816 5416 continuat
843 5363 942 5416 hos
965 5361 1102 5416 deus
1128 5374 1342 5415 menses
1369 5357 1857 5412 Maamacterionem

287 5461 344 5508 et
374 5451 750 5508 Posideonem.

362 5544 469 5600 Sed
515 5544 781 5614 eiusmodi
811 5553 894 5600 est
926 5543 1070 5598 ratio
1112 5541 1312 5611 Scalig.
1343 5552 1401 5597 ut
1426 5541 1491 5596 ad
1523 5550 1858 5598 contrariam

285 5635 452 5694 Gaza:
497 5637 822 5693 sententiam
871 5636 1276 5706 apprehendatur
1335 5634 1511 5704 aptior
1559 5634 1860 5703 excogitari

289 5725 437 5783 nulla
475 5727 668 5798 possit.
697 5728 829 5783 Nam
861 5728 904 5783 si
938 5726 1276 5799 l’yanepsion
1301 5725 1592 5782 Novembri
1627 5743 1859 5798 respon-

1959 4545 2149 4601 scribit
2186 4545 2329 4601 idem
2384 4546 2707 4601 Aristoteles
2743 4545 3098 4601 imbecilliora
3143 4560 3373 4615 qumque
3416 4554 3524 4599 tam

1959 4636 2013 4689 in
2051 4637 2304 4706 piscium,
2335 4651 2499 4706 quam
2544 4635 2598 4690 in
2644 4637 2826 4690 avium
2876 4651 3074 4706 genere
3109 4645 3393 4706 appetente
3433 4635 3501 4689 fri

1959 4741 2089 4798 gore
2128 4727 2276 4797 prius
2304 4727 2357 4781 in
2390 4728 2761 4783 commodiora
2794 4728 2909 4783 loca
2950 4727 3206 4798 migrare,
3241 4736 3303 4782 ut
3339 4739 3525 4782 cotur-

1959 4819 2110 4872 nices
2162 4827 2452 4886 antequam
2481 4833 2643 4888 grues
2673 4833 2685 4869 :
2719 4816 2790 4870 τὰ
2821 4817 2919 4888 μὲν
2943 4817 3050 4889 γὰρ
3085 4817 3408 4888 μεταϐάλλει
3435 4816 3528 4870 τοῦ

1960 4907 2400 4979 Βοηδρομιῶνος,
2445 4907 2514 4960 τὰ
2544 4907 2599 4960 δὲ
2629 4907 2725 4960 τοῦ
2757 4907 3270 4979 Μαιμακτηριῶνος.
3299 4907 3366 4960 ΑΙ.
3399 4923 3530 4961 vero

1961 5013 2121 5067 grues
2154 5013 2340 5052 mense
2374 4999 2626 5068 proximo
2669 4997 2738 5051 ab
2784 5013 2870 5064 eo,
2915 5013 3026 5066 quo
3054 4999 3360 5052 coturnices
3393 5013 3524 5050 avo-

1961 5089 2092 5154 lant,
2137 5089 2374 5158 migrare
2418 5089 2713 5145 cernimus.
2773 5089 2866 5144 Est
2918 5091 3084 5159 igitur
3128 5089 3526 5147 Mtemacterion

1960 5177 2344 5234 Boedromioni
2375 5179 2675 5248 proximus.
2713 5177 2994 5234 Postremo
3035 5179 3176 5233 idem
3208 5179 3530 5235 Aristoteles

1961 5269 2054 5324 lib.
2080 5285 2154 5335 vr,
2189 5285 2306 5340 cap.
2341 5270 2623 5333 H,scribit
2652 5271 2792 5324 inter
2812 5269 3063 5338 γαλεούς,
3100 5286 3240 5338 quos
3267 5271 3528 5326 mustelos

1961 5359 2106 5416 Gaza
2137 5369 2328 5427 vocat,
2364 5376 2488 5416 eum
2525 5362 2618 5431 qui
2669 5361 2927 5432 ἀστερίας
2977 5361 3211 5426 dicitur,
3261 5362 3526 5431 ἄρχεσθαι

1960 5453 2247 5524 ὀχεύεσθαι
2311 5454 2810 5525 Μαιμακτηριῶνος
2878 5453 3066 5524 μηνός.
3121 5451 3280 5518 Quod
3341 5454 3525 5506 statim

1961 5554 2086 5614 post
2119 5545 2505 5616 aquinoctium
2550 5545 2866 5614 contingere
2901 5543 3199 5613 piscatores
3231 5549 3523 5597 testantur.

1959 5637 2080 5692 Jam
2114 5637 2262 5708 quod
2295 5637 2362 5691 ad
2396 5635 2746 5690 Plutarchum
2773 5643 3004 5706 spectat,
3031 5636 3122 5707 qui
3150 5649 3273 5690 cum
3298 5632 3529 5687 Boedro-

1964 5729 2145 5785 mionc
2197 5726 2624 5800 Pyancpsionem
2689 5727 3011 5790 continuat,
3068 5735 3216 5781 errat
3285 5721 3530 5795 profecta
