3994 6222
443 309 552 365 935

1556 303 1896 360 APPENDIK
1935 299 2572 360 DISSERTATIONUM.

3603 299 3710 356 93

449 413 1050 480 Sealiger.Plutarchus
1071 413 1212 468 enim
1233 413 1420 484 paucis
1439 420 1719 472 mensibus
1741 431 1860 488 post
1879 421 2014 473 reilr-
2053 431 2092 480 Α
2127 433 2234 472 non
2267 417 2506 480 lunares,
2535 412 2628 468 sed
2665 409 3012 474 tricenarius,
3055 411 3138 466 vel
3175 421 3324 466 certe
3349 409 3622 470 Julianos.
3653 415 3712 470 Si

457 521 569 564 tum
617 509 670 561 in
723 508 953 576 patriam
996 507 1194 561 vixisse
1223 507 1462 562 Demost.
1497 511 1726 576 soribit;
1759 528 1883 566 nam
1913 512 2023 565 Me-

450 599 746 670 tagitnione
789 612 974 651 mense
1025 597 1270 665 prtelium
1301 599 1368 652 ad
1409 598 1718 654 Cranoncm
1769 603 2020 672 conligit,

449 690 842 744 Buedromione
871 703 999 742 vero
1027 689 1340 758 praesidium
1381 690 1432 744 in
1463 689 1800 746 Munichiam
1841 693 2021 748 intro-

446 783 694 844 ductum,
745 779 1120 850 Pyanepsione
1167 781 1385 834 demum
1419 783 1556 836 obiit
1605 783 2018 840 Demosthenes.

447 871 563 925 Non
592 871 722 924 dicit
751 871 996 938 sequenti
1027 879 1146 940 post
1171 869 1622 926 Bocdromionem
1651 889 1837 928 mense
1871 890 2020 926 mor-

447 971 600 1016 tuum
628 977 768 1016 esse.
821 960 1004 1014 Potuit
1053 963 1220 1031 igitur
1277 963 1490 1016 medius
1525 965 1856 1020 intervenire
1893 964 2020 1020 Ma:-

445 1053 767 1106 macterion.
807 1051 950 1106 Idem
979 1061 1032 1105 et
1063 1053 1130 1106 de
1177 1051 1396 1106 Diodori
1443 1054 1563 1108 loco
1591 1054 1860 1124 judicium
1901 1071 2024 1110 esse

445 1145 638 1208 debet,
694 1144 786 1213 qui
841 1145 914 1197 ita
968 1145 1198 1199 scribit:
1251 1145 1384 1198 ’Λπὸ
1432 1146 1599 1216 μηνὸς
1646 1147 1705 1200 ὃν
1769 1148 2023 1202 καλοῦσιν

458 1236 732 1308 Ἀθηναῖοι
775 1236 1256 1307 Μαιμακτηριῶνα
1287 1237 1395 1290 τῶν
1438 1239 1576 1290 ἑπτὰ
1610 1239 1717 1290 τῶν
1753 1241 1894 1294 κατὰ
1924 1241 2022 1310 τὴν

444 1329 644 1398 ἄρκτον
691 1329 940 1400 ἀστέρων
987 1328 1178 1381 οὐδένα
1229 1329 1392 1397 φασὶν
1437 1331 1664 1400 ὁρᾶσθαι
1715 1331 1876 1402 μέχρι
1924 1335 2022 1401 τῆς

445 1415 672 1487 πρώτης
707 1416 974 1487 φυλακῆς,
999 1417 1075 1488 τῷ
1100 1417 1157 1470 δὲ
1205 1419 1527 1472 Ποτειδεῶνι
1558 1421 1719 1492 μέχρι
1741 1421 2019 1491 δευτέρας.

443 1505 565 1560 Non
605 1508 748 1560 enim
778 1509 1040 1562 continuo
1079 1519 1200 1577 post
1241 1508 1732 1565 Maemactcrioncm
1765 1511 2022 1568 POSitil‘O-

441 1611 564 1650 nem
613 1599 766 1667 sequi
809 1599 1082 1664 declarat,
1111 1615 1236 1653 cum
1269 1611 1322 1654 et
1355 1603 1516 1656 verba
1552 1603 1675 1668 ista,
1721 1603 1828 1656 ἀπὸ
1861 1606 2006 1657 Μαι-

445 1691 857 1760 μακτηριῶνος,
911 1692 978 1745 de
1028 1707 1218 1748 mense
1249 1709 1354 1746 non
1391 1693 1643 1749 absoluto
1677 1696 1887 1764 possint
1927 1711 2019 1748 ac-

2103 512 2370 572 .lunares,
2407 517 2610 563 certam
2654 505 2854 558 nullam
2888 504 2940 558 in
2973 503 3190 558 Juliano
3231 515 3490 560 contextu
3527 509 3710 563 sedem

2126 601 2392 666 obtinent,
2419 600 2512 652 sed
2545 597 2686 650 u'ltro
2717 597 2963 666 citroque
2994 606 3257 665 vagantur
3287 615 3302 649 :
3329 612 3452 664 qua:
3478 599 3712 654 varietas

2124 691 2304 755 efﬁcit,
2346 701 2406 744 ut
2443 703 2550 742 non
2587 688 2774 742 iisdem
2811 685 3044 740 Julianis
3081 688 3360 742 mensibus
3409 704 3440 742 a
3477 689 3686 758 scripto

2127 781 2280 834 ribus
2307 779 2664 848 imputentur.
2693 775 3029 846 Epiphanius
3053 777 3136 828 hic
3159 777 3224 829 de
3255 777 3588 838 tricenariis.
3617 787 3712 830 aut

2125 872 2310 940 utique
2330 869 2582 923 Julianus
2605 867 2865 936 loquitur,
2894 869 2961 920 de
2989 881 3099 935 quo
3131 867 3288 933 paulo
3315 878 3439 934 post
3466 882 3710 938 agemus.

2123 961 2300 1031 Caput
2343 961 2496 1024 anni,
2533 959 2579 1014 si
2607 973 2734 1012 vera
2769 966 2916 1020 sunt,
2955 973 3075 1026 quae
3111 971 3208 1026 pro
3248 957 3408 1011 Gaza:
3447 958 3710 1013 sententia

2126 1067 2292 1122 supra
2337 1050 2726 1114 disseruimus,
2764 1049 2832 1102 ab
2875 1047 3094 1102 Octobri
3137 1047 3354 1102 Juliano
3391 1049 3710 1114 deducitur;

2125 1157 2250 1194 nam
2283 1139 2632 1210 Metagitnion
2663 1139 2718 1192 in
2747 1137 3105 1193 Novembrem
3134 1142 3404 1195 convenit.
3445 1140 3588 1212 Ergo
3610 1141 3714 1197 “ch

2125 1229 2778 1304 catombrcon_Octobrem
2825 1239 3076 1298 occupat,
3119 1247 3148 1284 a
3185 1246 3294 1300 quo
3333 1247 3520 1286 mense
3549 1231 3714 1304 Syro-

2124 1297 2532 1380 macedonica'm
2577 1325 2856 1394 periodum
2893 1325 3106 1378 orditur
3145 1322 3410 1394 Scaliger.
3449 1323 3714 1380 Videntur

2125 1426 2248 1486 post
2291 1415 2776 1470 Constantinianas
2828 1414 3158 1468 indictiones
3204 1430 3404 1468 novum
3443 1415 3574 1470 illud
3615 1415 3710 1470 Ju-

2125 1508 2252 1561 liani
2285 1507 2414 1560 anni
2437 1507 2794 1576 primordium
2827 1506 3103 1568 statuisse,
3125 1513 3179 1560 et
3201 1504 3710 1562 Ilecatombazonem

2123 1597 2176 1650 in
2207 1596 2660 1652 Maamacteriouis
2693 1597 2872 1650 locum
2905 1597 3252 1666 subrogasse.
3287 1596 3546 1672 Alioquin
3575 1598 3713 1652 nibil

2123 1699 2208 1744 est
2241 1689 2464 1756 certius,
2503 1703 2666 1758 quam
2708 1687 3178 1742 llecatombzeonis
3215 1688 3344 1758 περὶ
3372 1687 3474 1752 τὰς
3504 1688 3714 1760 τροπὰς

441 1781 545 1847 eipi
574 1819 589 1844 ,
645 1781 732 1834 cui
789 1782 858 1835 sit
891 1783 1174 1851 proximus
1210 1783 1346 1836 alter
1371 1823 1384 1846 ,
1421 1784 1526 1839 hoc
1569 1795 1653 1838 est
1677 1761 2016 1856 _Pyancpsio.

2124 1775 2350 1846 θερινάς
2387 1776 2712 1830 collocatum
2751 1775 2938 1829 fuisse.
2975 1774 3208 1830 Lunaris
3240 1777 3384 1831 enim
3423 1777 3708 1832 Hecatom-

441 1868 518 1923 lla
545 1871 760 1924 demum
789 1888 874 1926 res
899 1887 964 1926 eo
993 1872 1280 1940 redigitur,
1314 1884 1372 1927 ut
1404 1885 1598 1944 praeter
1627 1875 2020 1946 llarpocratio-

443 1976 566 2012 nent
621 1963 902 2016 sententiae
965 1979 1078 2018 suae
1138 1965 1403 2020 vindicem
1465 1967 1660 2022 habeat
1723 1969 2017 2024 neminem.

445 2049 652 2102 Scribit
717 2051 861 2104 enim
933 2052 985 2105 in
1033 2054 1212 2108 lexico
1243 2053 1732 2112 Mmmaetcrionem
1775 2057 2020 2130 πέμὶττον

442 2137 580 2194 εἷναι
627 2141 791 2212 μῆνα.
831 2141 934 2197 Sed
973 2145 1056 2198 vel
1083 2145 1342 2216 τέταρτος
1393 2164 1492 2216 pro
1540 2149 1790 2219 πέμπτος
1825 2153 2018 2206 rescri-

443 2231 718 2300 bendum;
749 2233 830 2287 vel
861 2234 904 2288 si
937 2235 1070 2288 nihil
1122 2237 1210 2290 hic
1263 2251 1292 2290 a
1338 2237 1562 2294 librario
1591 2253 1873 2310 peccatum
1914 2253 2017 2309 est,

441 2337 550 2376 non
585 2323 811 2378 dubium
859 2335 946 2380 est
975 2326 1108 2395 quin
1157 2329 1332 2396 pluris
1377 2331 1520 2398 apud
1571 2347 1674 2387 nos
1712 2333 2023 2390 Aristotelis

440 2423 494 2468 et
535 2413 849 2481 Plutarchi,
895 2433 1060 2488 quam
1109 2423 1452 2490 grammatici
1495 2423 1662 2480 unius
1721 2428 2022 2484 auctoritas

439 2521 560 2560 0880
585 2507 803 2561 debeat.

512 2597 773 2666 Sequitur
807 2599 1060 2656 immanis
1085 2600 1346 2672 Scaligcri
1375 2613 1584 2674 stupor,
1607 2607 1734 2661 dum
1763 2607 2024 2666 Posideo—

439 2701 561 2741 nem
609 2689 680 2742 ita
719 2705 842 2743 cum
875 2690 1137 2746 Januario
1173 2706 1476 2764 comparat,
1519 2707 1578 2752 ut
1609 2710 1732 2768 post
1771 2703 2019 2776 brumam

439 2777 681 2862 incipiat,
699 2795 807 2849 quo
829 2781 960 2835 nihil
981 2783 1192 2838 falsius.
1217 2787 1533 2844 Aristotcles
1557 2790 1652 2844 lib.
1675 2806 1725 2856 ν,
1745 2809 1865 2862 cap.
1886 2795 1938 2859 9,
1957 2795 2022 2848 de

439 2861 766 2933 Thynuide:
801 2867 955 2920 Ἕςτι
1002 2869 1058 2922 δὲ
1099 2873 1127 2924 ὁ
1170 2872 1268 2942 μὲν
1315 2876 1533 2947 πρῶτος
1574 2879 1733 2943 τόκος
1769 2861 1898 2954 περὶ
1931 2881 2024 2936 τὸν

437 2953 772 3009 Ποσειδεῶνα
786 2958 891 3028 πρὸ
909 2961 1144 3031 τροπῶν.
1169 2962 1573 3035 Theophrastus
1593 2971 1684 3024 lib.
1705 2987 1798 3037 vn,
1818 2953 1936 3044 cap.
1969 2976 2020 3039 1,

2122 1869 2330 1922 bzeonis
2377 1867 2668 1922 neomcnia
2731 1866 2832 1921 fuit
2878 1869 2992 1934 illa,
3043 1885 3164 1938 quae
3205 1871 3440 1924 solstitio
3489 1871 3712 1942 propior

2121 1967 2286 2024 esset,
2316 1969 2426 2012 tam
2457 1968 2600 2024 ante,
2631 1974 2794 2030 quam
2827 1969 2948 2029 post
2975 1960 3268 2014 solstitium
3303 1978 3318 2015 :
3347 1962 3401 2015 id
3435 1963 3582 2032 quod
3613 1963 3710 2016 ad-

2123 2066 2316 2106 versus
2351 2051 2746 2120 Scaligerianos
2781 2052 2887 2106 alio
2917 2052 3036 2107 loco
3067 2053 3402 2122 probabitur.
3435 2054 3504 2108 At
3535 2055 3590 2109 in
3615 2053 3714 2110 Ju-

2121 2142 2287 2206 liana,
2320 2143 2434 2198 sive
2461 2143 2566 2198 fixa
2600 2145 2890 2214 stabilique
2913 2143 3044 2197 anni
3075 2143 3251 2198 forma
3289 2143 3710 2202 liceatomba-On

2123 2231 2282 2286 harsit
2315 2233 2368 2285 in
2397 2231 2579 2298 Julio;
2624 2235 2820 2303 reliqui
2865 2243 3160 2303 sequentes
3205 2232 3454 2290 Julianus
3492 2251 3712 2290 menses

2123 2323 2501 2378 obtinuerunt.
2549 2321 2875 2380 Plutarchus
2923 2339 3048 2378 cum
3083 2324 3386 2380 Atticorum
3439 2327 3710 2381 mensium

2123 2414 2788 2486 meminit,nonnunquam
2823 2415 2961 2472 fixos
2993 2417 3115 2472 illos
3137 2433 3200 2472 ac
3229 2417 3478 2474 Julianus
3511 2421 3714 2474 intelli-

2123 2507 2219 2577 git.
2245 2505 2400 2573 Quod
2429 2517 2610 2562 autem
2638 2523 2828 2562 eorum
2856 2509 3052 2565 seriem
3075 2509 3437 2566 Athenienses
3459 2520 3706 2566 retexue-

2123 2598 2254 2662 rint,
2287 2605 2340 2651 et
2375 2597 2688 2654 llecatomb.
2735 2599 2970 2654 statione
3013 2599 3372 2666 dimoverint,
3411 2603 3552 2656 haud
3593 2619 3710 2658 sc'o

2123 2702 2192 2742 an
2239 2703 2306 2742 ex
2347 2689 2455 2742 alio
2485 2689 2774 2758 scriptore,
2821 2707 2985 2762 quam
3017 2707 3088 2747 ex
3127 2693 3232 2748 hoc
3259 2692 3546 2764 Epipbanii
3587 2695 3712 2751 loco

2125 2789 2374 2836 constare
2401 2783 2595 2850 possit.

2193 2872 2313 2928 Col.
2343 2873 2448 2928 952
2481 2873 2542 2928 C.
2575 2874 2693 2942 Πρὸ
2725 2875 2794 2940 ἐξ
2816 2874 3010 2930 Εὶδῶν
3027 2877 3384 2944 Νοεμϐρίων.
3406 2876 3706 2934 Neomenia

2123 2965 2538 3038 AthyrActiaci,
2571 2967 2654 3022 vel
2679 2967 3032 3024 Diocletianei
3053 2969 3306 3024 convenit
3339 2985 3368 3019 v
3403 2969 3519 3023 Kal.
3539 2971 3704 3038 Nov.,

438 3044 504 3098 dc
530 3043 743 3102 diverso
791 3053 1054 3106 sementis
1089 3063 1350 3124 tempore,
1393 3061 1705 3131 χειμερινοῦ
1740 3064 1846 3134 γὰρ
1879 3043 2021 3138 ἆρχὴ
2051 3097 2091 3154 C
2127 3057 2748 3154 1ιο00810οῑυ1).ιιιιιινιιιἶ
2762 3058 3710 3154 ErgoduodecimusAthyr,Novem-

441 3136 580 3204 μετὰ
629 3139 835 3206 τροπὰς
883 3139 1098 3212 Οερινὰς
1149 3145 1244 3198 τοῦ
1289 3149 1774 3217 Μεταγειτνιῶνος·
1825 3136 1928 3208 10'3—
1966 3136 2022 3210 δέ

435 3223 686 3296 δευτέρου
727 3229 892 3282 πάλιν
929 3232 1069 3301 μετὰ
1103 3235 1256 3303 ἡλίου
1303 3239 1511 3308 τροπὰς
1565 3245 1884 3315 χειμερινὰς
1927 3247 2020 3302 τοῦ

435 3315 788 3386 Γαμηλιῶνος
825 3325 1010 3392 μηνός.
1053 3324 1244 3382 lnridit
1281 3331 1444 3400 igitur
1479 3334 1744 3392 Posideon
1769 3349 1892 3394 ante
1914 3343 2024 3396 sol-

437 3409 648 3472 stitium
687 3411 999 3481 hibernum,
1052 3417 1332 3474 Gamelion
1379 3433 1502 3492 post
1533 3427 1846 3484 solstitium.
1892 3431 2020 3485 Plu-

437 3498 662 3552 tarchus
714 3513 892 3556 autem
947 3507 999 3559 in
1049 3507 1170 3562 Vita
1215 3511 1447 3568 Cwsaris
1491 3515 1848 3575 Posidconem
1892 3538 2018 3578 cum

437 3585 657 3641 ineunte
682 3590 945 3648 duntaxat
969 3594 1230 3654 Januario
1251 3603 1495 3660 confert:
1521 3606 1802 3678 Χειμῶνος
1823 3613 1881 3664 ὲν
1905 3630 2022 3683 τρο-

437 3679 565 3741 παῖς
594 3680 764 3745 ὄντος,
795 3684 1083 3756 ἱσταμένου
1125 3691 1448 3766 Ἰανουαρξου
1486 3699 1652 3769 μηνὸς
1685 3697 1860 3771 (οὗτος
1881 3704 1926 3756 δ’
1953 3706 2020 3759 ἂν

435 3767 520 3840 εἴη
573 3771 875 3831 Ποσειδεὼν
932 3779 1277 3852 Ἀθηναίοις).
1326 3785 1460 3842 Nam
1490 3767 1714 3847 lunaris
1749 3792 2016 3850 Posideon

435 3875 826 3934 nonnunquam
868 3867 1112 3926 Januarii
1155 3885 1364 3944 partem
1396 3879 1595 3934 aufert.
1630 3881 1774 3938 Idem
1806 3897 1860 3940 ct
1889 3885 2016 3941 Sui-

435 3953 534 4008 das
561 3959 848 4027 perspicue
870 3962 1047 4029 docet,
1075 3965 1161 4021 his
1187 3969 1392 4025 verbis:
1417 3971 1722 4028 Ποσειδεὼν
1755 3978 1860 4048 μὴν
1886 3981 2016 4049 παρ’

445 4049 747 4123 Ἀθηναίοις
780 4054 922 4109 οὕτω
957 4058 1289 4131 καλούμενος
1316 4064 1668 4137 Δεκέμϐριος.
1707 4068 1860 4135 Quod
1887 4087 2017 4127 vero

433 4137 724 4210 Γαμηλιὼν
743 4145 1052 4214 proximum
1084 4163 1112 4202 a
1136 4151 1372 4208 solstitio
1398 4153 1576 4208 locum
1603 4157 1817 4224 habeat,
1840 4160 2017 4216 decla—

433 4239 518 4284 rat
545 4230 769 4287 Aristot.
809 4252 822 4288 l
877 4235 1177 4300 Μίνωι-..0.
1201 4240 1266 4295 6:
1301 4243 1422 4296 Ἐπὶ
1443 4245 1500 4298 δὲ
1528 4247 1818 4318 ’Λρχοντος
1859 4252 2016 4324 Ἀθή-

431 4335 584 4392 νῃσιν
617 4323 884 4390 Εὐκλέους
905 4328 998 4380 τοῦ
1025 4331 1280 4396 Μόλωνος
1312 4335 1530 4403 ἐγένετο
1564 4341 1810 4411 κομήτης
1837 4323 2012 4414 ἀστὴρ

433 4413 568 4480 πρὸς
601 4415 820 4486 ἄρκτον,
859 4421 1028 4490 μηνὸς
1065 4423 1414 4495 Γαμηλιῶνος
1459 4429 1590 4499 περὶ
1618 4431 1825 4500 τροπὰς
1861 4413 2012 4497 ὄντος
2049 4435 2088 4486 D

431 4502 524 4554 τοῦ
549 4503 702 4573 ἡλίου
729 4510 1066 4578 χειμερινάς.
1121 4512 1246 4568 llaec
1295 4517 1451 4572 nobis
1499 4519 1664 4588 paulo
1700 4521 2012 4578 accuratius

431 4593 856 4653 demonstranda
890 4600 1115 4667 fuerint,
1160 4607 1306 4674 quod
1350 4617 1406 4662 et
1433 4610 1722 4680 Epiphanii
1753 4613 1907 4668 locus
1935 4615 2010 4668 ita

430 4690 750 4758 postularet.
780 4703 834 4748 et
857 4696 1002 4762 quod
1035 4697 1254 4768 indigne
1283 4699 1478 4755 ferrem
1511 4705 1752 4759 eruditos
1774 4707 2009 4760 nonnul-

429 4779 559 4834 losa
585 4780 861 4852 Scaligcro
893 4785 944 4838 in
980 4789 1230 4842 eumdem
1255 4805 1494 4846 errorem
1523 4793 1792 4850 inductos.
1823 4794 1866 4848 E
1888 4799 2008 4866 qui-

429 4871 533 4928 bus
565 4889 708 4928 unus
737 4876 952 4940 asserit,
1005 4877 1252 4946 imperite
1301 4895 1491 4936 omnes
1533 4893 1658 4938 ante
1703 4885 1850 4939 illum
1879 4886 2007 4943 Ma:-

428 4964 814 5018 maetcrionem
846 4975 1100 5035 quartum
1129 4984 1370 5025 mensem
1397 4987 1733 5030 numerasse.
1756 4977 1858 5044 Qui
1885 4981 2006 5046 qui-

427 5054 546 5108 dem
580 5063 656 5108 tot
691 5057 976 5112 convictus
1011 5059 1314 5119 rationibus
1361 5066 1520 5119 cedat
1560 5083 1784 5126 necesse
1820 5081 1922 5138 est,
1952 5083 2005 5125 et

427 5149 570 5214 quod
615 5161 644 5200 a
690 5145 966 5218 Scaligero
1003 5148 1288 5220 didicerat,
1330 5156 1546 5211 tandem
1581 5159 1876 5230 aliquando
1905 5164 2002 5217 (le-

425 5237 617 5293 discat.
639 5237 845 5296 Caetera
867 5257 987 5311 qua:
1017 5243 1084 5297 ad
1114 5243 1420 5300 Atticorum
1453 5249 1722 5304 mensium
1753 5252 2002 5323 disputa-

426 5329 628 5384 tionem
669 5339 724 5386 et
765 5333 958 5399 multa,
995 5341 1050 5388 et
1089 5335 1364 5405 exquisita
1405 5338 1508 5394 dici
1556 5353 1796 5410 possent,
1839 5359 1998 5398 suum

421 5422 602 5477 locum
637 5424 908 5480 habebunt
940 5427 991 5480 in
1016 5441 1082 5481 eo
1109 5443 1293 5498 opere,
1325 5445 1436 5501 quo
1469 5443 1770 5503 temporum
1801 5436 2020 5500 doctri-_

425 5527 548 5566 nam
565 5531 592 5568 a
609 5515 866 5587 Scaligeri
881 5519 1127 5584 somniis,
1148 5521 1254 5577 Deo
1269 5524 1562 5593 aspirante,
1581 5527 1994 5584 vindicabimus.

497 5602 626 5658 Illud
659 5621 822 5662 unum
854 5610 1107 5664 lectorem
1137 5629 1358 5671 necesse
1409 5627 1494 5673 est
1529 5619 1835 5684 admoneri,
1876 5637 1998 5677 eos-

425 5689 545 5742 dem
589 5695 709 5750 illos
751 5697 960 5752 Atticos
1005 5715 1218 5760 menses
1258 5705 1390 5762 alias
1433 5708 1650 5767 lunares
1685 5727 1826 5776 esse,
1860 5713 1996 5770 alias

2125 3151 2238 3206 bris
2259 3160 2474 3218 octavo,
2509 3150 2624 3206 sive
2647 3139 2711 3206 vt
2731 3149 2807 3205 ld.
2843 3151 3160 3222 Nov.,quod
3178 3162 3232 3206 et
3269 3169 3422 3208 num.
3449 3154 3516 3208 16
3538 3171 3705 3225 supra

2123 3243 2358 3306 dixerat,
2403 3259 2471 3296 1.x
2500 3242 2586 3297 die
2615 3253 2740 3298 ante
2783 3241 3175 3314 Epiphaniam;
3211 3259 3492 3314 perperam
3523 3247 3710 3316 itaque

2121 3341 2330 3402 postea,
2367 3349 2421 3387 n.
2449 3333 2540 3402 ‘28,
2569 3335 2673 3406 πρὸ
2701 3334 2846 3389 ὀκτὼ
2871 3335 3044 3388 Εἰδῶν
3075 3335 3400 3406 Νοεμϐρίων
3419 3355 3450 3392 a
3483 3339 3708 3396 librario

2122 3424 2406 3492 scriptum.

2195 3513 2328 3570 Ibid.
2349 3515 2510 3570 Κατὰ
2527 3519 2948 3588 Σαλαμινίους.
2965 3519 3262 3576 Neomenia
3287 3523 3488 3580 Cboiac
3519 3525 3708 3581 incidit

2123 3619 2180 3658 ιιι
2205 3603 2430 3662 Novem.
2445 3623 2606 3678 quem
2627 3625 2868 3666 mensem
2889 3614 3104 3668 tertium
3127 3615 3360 3686 appellat
3383 3634 3396 3669 :
3427 3617 3540 3672 sive
3559 3619 3704 3686 quod

2119 3695 2304 3765 plures
2333 3697 2576 3768 ejusdem
2607 3701 2844 3757 nominis
2869 3713 3074 3771 essent,
3103 3716 3159 3760 ut
3194 3706 3336 3776 apud
3369 3709 3706 3764 recentiores

2119 3787 2330 3844 Arabes
2355 3790 2464 3844 duo
2487 3789 2663 3846 Rabiu
2691 3804 2839 3857 sunt,
2871 3796 3204 3868 totidemque
3239 3801 3528 3856 Giumediu
3549 3820 3564 3868 ;
3589 3803 3704 3858 sive

2119 3879 2262 3947 quod
2303 3880 2494 3935 ordine
2536 3884 2732 3940 tertius
2769 3895 2930 3940 esset.
2980 3885 3132 3944 Unde
3173 3900 3228 3943 et
3255 3891 3484 3960 quintus
3525 3893 3578 3944 in
3611 3891 3702 3946 Ja-

2119 3961 2373 4026 ntiarium
2405 3973 2656 4030 incurrit.
2696 3995 2724 4032 a
2791 3993 2848 4031 ιιι
2883 3977 3022 4034 Nov.
3051 3981 3117 4035 ad
3147 3979 3266 4036 Kal.
3297 3981 3698 4054 Jan.,compre-

2121 4061 2305 4118 hensis
2339 4061 2456 4118 Kal.
2491 4065 2644 4134 ipsis,
2685 4067 2798 4121 dies
2845 4079 2976 4124 sunt
3024 4071 3184 4127 solidi
3222 4089 3315 4138 ιιι,
3349 4075 3443 4144 qui
3487 4091 3702 4131 menses

2117 4153 2256 4207 duos
2287 4155 2610 4211 tricenarios
2649 4157 2906 4214 elliciunt.
2941 4160 3076 4218 Nam
3107 4181 3143 4218 ιι
3175 4163 3416 4220 Januarii
3447 4169 3702 4239 πέμπτος

2116 4246 2322 4300 mensis
2381 4247 2522 4302 iniit.
2579 4249 2840 4306 Videntur
2897 4253 3178 4311 Salaminii
3235 4261 3577 4328 acquabilem,
3643 4275 3698 4316 ιι

2114 4333 2490 4406 Ᾰέεδνμιίοοιιιιι
2522 4341 2791 4396 mensium
2814 4346 3224 4414 dispositionem
3257 4347 3538 4403 ascivisse.

2185 4425 2318 4482 lbid.
2349 4430 2512 4485 Κατὰ
2539 4433 2830 4501 Παφίους.
2866 4435 3164 4506 Apogonici
3207 4443 3492 4495 neomcnia
3529 4443 3694 4511 comit

2119 4515 2310 4572 Octob.
2349 4535 2494 4574 xxiv.
2537 4517 2694 4578 Julus
2727 4523 2845 4577 iniit
2869 4525 2996 4580 Dec.
3039 4543 3182 4581 sxw.
3217 4529 3262 4582 A
3295 4529 3382 4585 die
3415 4547 3542 4586 xxiv
3573 4535 3688 4586 Oct.

2117 4607 2182 4662 ad
2209 4625 2338 4664 χχιιι
2375 4609 2503 4665 Dec.
2531 4613 2648 4668 dies
2679 4625 2805 4669 sunt
2827 4633 2936 4682 LXI,
2957 4619 3050 4686 qui
3082 4627 3211 4674 sunt
3231 4621 3340 4674 duo
3359 4621 3690 4692 Paphiorum

2117 4715 2354 4754 menses.
2374 4699 2555 4766 Quare
2583 4703 2929 4774 Apogonicus
2955 4707 3283 4778 Paphiorum
3321 4711 3424 4767 fuit
3447 4711 3684 4770 Novem-

2115 4791 2246 4855 ber;
2285 4789 2461 4856 Julus,
2493 4792 2808 4850 December.

2185 4882 2316 4935 lbi-.l.
2375 4881 2534 4936 Κατὰ
2585 4887 2852 4953 Ἄραϐας.
2909 4887 3200 4946 Neomenia
3253 4893 3682 4963 Angalthabaith

2113 4969 2361 5028 Octobris
2385 4991 2515 5030 xvnt
2541 4983 2798 5047 competit
2823 4999 2835 5034 :
2867 4997 2895 5033 a
2919 4996 3030 5050 quo
3060 4983 3148 5036 dic
3179 4985 3246 5038 ad
3279 5001 3368 5039 xv:
3401 4987 3530 5042 Dec.
3559 4989 3673 5042 dies

2112 5073 2356 5130 sunth,
2403 5067 2518 5122 sive
2556 5069 2666 5124 duo
2709 5087 2922 5128 menses
2969 5073 3315 5143 Egyptiaci:
3358 5079 3560 5149 quibus
3603 5097 3682 5136 n51

2111 5158 2463 5215 suntArabcs
2495 5159 2598 5216 illis
2622 5165 2978 5233 temporibus.
3019 5165 3155 5221 Nam
3189 5167 3486 5228 Neomenia
3515 5173 3680 5228 Alcon

2109 5249 2272 5317 paulo
2310 5261 2434 5306 ante
2461 5253 2626 5322 erepit
2651 5253 2962 5311 Decembris
2993 5273 3124 5312 xvn.

2179 5340 2312 5397 Ibid.
2363 5346 2526 5401 Κατὰ
2549 5347 2900 5415 Μακεδόνας
2941 5351 3311 5409 Ἀπελλαίου.
3349 5353 3676 5412 Macedonici

2108 5436 2336 5501 mensis,
2355 5439 2585 5494 cumodc
2611 5448 2854 5510 tempore
2879 5441 3088 5500 Natalis
3123 5457 3326 5516 ageret,
3351 5451 3676 5504 intentionem

2107 5527 2312 5582 omisit.
2329 5529 2592 5586 Convenit
2609 5547 2771 5602 porro
2783 5533 2997 5605 Apellaei
3015 5536 3306 5594 Neomenia
3321 5555 3442 5596 cum
3461 5541 3602 5612 Papi:
3613 5543 3678 5596 io-

2105 5636 2228 5675 rum
2259 5621 2592 5692 Apogonico.
2625 5625 2758 5682 Nam
2801 5637 3034 5702 utraque
3075 5632 3198 5686 iniit
3235 5632 3490 5690 Octobris
3531 5649 3670 5688 ινιτ.

2107 5713 2210 5769 Sed
2241 5727 2432 5772 neutra
2479 5718 2686 5776 lunaris
2721 5723 2949 5781 exstitit.
2983 5725 3140 5794 Apud
3177 5727 3368 5784 mediae
3393 5727 3670 5785 vetustatis
