3994 6222
401 310 508 368 οπο

1536 261 1884 364 APPENOIX
1916 307 2050 364 Dle
2075 307 2424 370 ERTATION
2437 313 2556 374 ΗΜ.

3561 321 3674 380 ειη

405 439 662 506 frequens
689 443 964 492 mercatus
993 433 1324 498 esset,eirc‘a
1353 431 1595 488 mediam
1637 440 1852 488 noctem
1878 431 1976 487 Pe-
2011 440 2054 494 Α
2085 435 2172 488 rili
2229 451 2455 506 prorsus
2511 453 2698 494 errore
2733 436 2787 491 in
2829 437 2922 494 illa
2970 437 3250 510 Peregrini
3283 439 3517 496 historia
3549 458 3676 498 sese

404 529 681 598 rcgrinum
711 544 769 582 sc
803 527 853 580 in
889 542 1078 596 rogum
1117 525 1369 596 iujecisse
1397 534 1602 590 narrat,
1635 523 1982 578 Commodum

402 621 677 674 exoriente
734 619 882 672 iuua.
940 611 1178 687 contigit
1227 616 1504 687 Peregrini
1557 633 1705 672 mors
1745 615 1980 674 Eusebio

405 721 539 764 teste
565 710 777 781 Olymp.
825 708 952 773 236,
1002 709 1154 780 cyclo
1185 725 1296 766 xtv.
1333 709 1504 778 Igitur
1539 707 1666 762 Julii
1709 724 1821 761 xvu
1851 708 1978 762 luna

403 811 520 856 erat
547 817 634 867 xx,
665 809 754 855 aut
785 817 896 864 xxi,
925 809 978 854 et
1007 801 1132 855 ideo
1167 802 1314 855 circa
1342 801 1574 856 mediam
1594 809 1805 855 noctem
1841 798 1984 853 oric-

401 892 584 946 batur.
610 891 772 961 Atqui
799 890 1147 962 Olympiacus
1175 905 1315 962 agon
1349 891 1610 946 celebrari
1659 890 1866 946 solebat
1915 905 1986 943 xv

401 985 490 1039 die
518 985 725 1040 mensis
755 984 953 1053 primo.
987 981 1174 1053 Itaque
1199 999 1323 1037 eum
1353 998 1417 1038 eo
1463 981 1663 1037 saeculo
1685 979 1980 1036 Hecatom-

401 1077 556 1131 baeon
588 1075 729 1130 idem
758 1085 923 1138 esset,
949 1075 1040 1144 qui
1061 1073 1260 1138 Julius,
1291 1090 1358 1128 xv
1385 1071 1517 1126 Julii
1557 1071 1866 1126 celebratus
1899 1077 1984 1126 est

401 1181 564 1236 agon,
595 1174 647 1220 et
678 1165 838 1220 tertio
861 1164 948 1218 die
982 1181 1011 1217 a
1045 1164 1346 1218 certamine
1369 1162 1523 1216 finito
1563 1161 1692 1216 luna
1741 1169 1856 1214 erat
1887 1176 1982 1224 xx,

400 1259 480 1312 En
550 1258 800 1313 criticum
865 1257 1105 1312 hominis
1173 1258 1438 1312 acumen!
1491 1252 1981 1309 Demonstrandum

400 1361 562 1404 erat:
627 1349 1129 1404 llecalomba-oucm
1179 1349 1418 1404 Atticum
1476 1347 1640 1401 fixum
1694 1345 1864 1400 fuisse
1926 1344 1980 1398 in

403 1442 524 1498 Kal.
601 1442 781 1498 Juliis.
849 1443 929 1498 Ad
996 1443 1048 1497 id
1098 1441 1336 1497 Luciani
1411 1441 1780 1496 testimonium
1841 1454 1984 1508 pro-

401 1533 756 1602 fet'thuod
804 1535 869 1588 ad
932 1549 1044 1587 rem
1114 1534 1248 1587 nihil
1305 1533 1528 1587 omnino
1589 1531 1842 1602 pertinet.
1921 1527 1980 1584 Si

399 1623 532 1692 quid
587 1623 732 1676 enim
793 1638 860 1678 ex
921 1639 987 1678 eo
1019 1624 1085 1677 de
1121 1621 1415 1677 Nemnenia
1477 1621 1683 1676 mensis
1725 1619 1979 1684 edicitur,

401 1715 469 1767 ad
493 1713 1059 1778 Elidensium,.non-ad
1079 1713 1497 1768 Atheniensium
1515 1727 1721 1766 annum
1741 1725 1806 1766 ac
1833 1725 1982 1766 men-

2091 529 2351 593 trailuxit,
2387 531 2514 584 dum
2550 531 2742 586 scribit
2771 529 3126 602 Peregrinum
3151 531 3528 588 Christianum
3549 549 3676 590 esse

2089 616 2294 672 factum
2328 635 2473 674 anno
2526 621 2732 677 Christi
2767 622 2836 677 75
2891 620 3101 694 Olytnp.
3143 622 3270 678 215.
3305 623 3362 677 in
3396 639 3511 694 quo
3543 639 3676 680 oen-

2089 720 2202 766 tum
2265 713 2653 782 propemodum
2705 715 2865 770 annis
2915 715 3176 770 aberrat:
3225 731 3352 770 nam
3385 715 3672 786 Peregrini

2088 815 2238 854 mors
2297 801 2489 856 incidit
2545 805 2598 856 in
2629 801 2846 874 Olymp.
2883 803 3010 870 256,
3055 818 3258 858 annum
3295 805 3502 859 Christi
3541 805 3672 868 “55,

2089 893 2224 947 vixit
2257 903 2437 948 autem
2471 893 2700 952 Herodis
2725 898 2889 952 Attici
2922 907 3164 966 tempore
3203 897 3306 951 sub
3343 897 3414 950 Μ.
3445 897 3676 952 Aurelio

2085 983 2386 1052 Antonino,
2445 997 2504 1041 ut
2530 1001 2596 1042 ex
2632 985 2962 1043 Philostrato
3001 989 3096 1044 lib.
3137 1003 3175 1043 ιι
3207 988 3282 1042 De
3309 989 3403 1042 ait.
3433 989 3582 1057 δορὴ.
3613 989 3674 1042 in

2089 1076 2305 1132 Herode
2339 1077 2652 1150 colligitur;
2691 1094 2906 1135 necnon
2943 1090 3002 1137 et
3023 1097 3087 1137 ex
3137 1080 3380 1136 Luciano
3427 1080 3482 1134 in
3523 1081 3676 1136 illius

2090 1167 2230 1224 Vita.

2157 1259 2470 1316 Col.952C.
2493 1261 2656 1316 Κατὰ
2682 1261 2982 1331 Ἐϐραίους
3015 1262 3394 1334 Μαρεσουάν,
3427 1263 3675 1334 Epipha-

2089 1349 2215 1403 nius
2255 1349 2458 1406 Christi
2486 1351 2811 1420 baptismum
2849 1352 3090 1421 assignat
3116 1352 3164 1406 ei
3193 1367 3361 1418 anno,
3391 1356 3484 1424 qui
3523 1369 3676 1410 coss.

2084 1441 2275 1497 habuit
2315 1442 2596 1498 Silvanum
2619 1451 2672 1498 et
2693 1442 2946 1510 Nervam,
2963 1445 3054 1514 qui
3075 1455 3160 1500 est
3179 1443 3432 1500 Julianus
3450 1446 3540 1512 73,
3563 1445 3683 1504 N0-

2087 1533 2294 1588 vembri
2319 1549 2528 1598 mense,
2560 1551 2684 1590 cum
2703 1551 2826 1590 xxix
2857 1549 3053 1598 annos,
3077 1549 3294 1590 menses
3320 1551 3352 1589 ιι
3377 1535 3672 1605 implesset.

2077 1623 2431 1680 Novilunium
2449 1626 2686 1680 medium
2706 1627 2806 1681 hoc
2823 1626 3232 1681 annoinciditin
3256 1625 3394 1681 Nov.
3420 1642 3498 1690 rt,
3521 1627 3680 1680 horis

2085 1717 2294 1787 aliquot
2351 1727 2474 1786 post
2525 1718 2742 1772 initium
2775 1719 2970 1782 noctis,
3005 1719 3158 1791 cyclo
3201 1736 3256 1774 ι.
3285 1719 3468 1785 Quare
3493 1721 3540 1774 si
3565 1719 3672 1774 No-

401 1821 519 1860 sem
550 1805 810 1882 refertur.
843 1804 1064 1858 Namin
1095 1804 1245 1858 Elide
1263 1820 1376 1858 non
1405 1804 1628 1860 Athenis
1655 1811 1805 1873 gesta
1829 1813 1978 1870 sunt,
2009 1777 2057 1837 Β
2093 1811 2331 1866 vembris
2363 1812 2482 1866 dies
2509 1827 2605 1866 vm
2659 1810 3050 1867 Marchesuvan
3083 1810 3296 1866 Judaici
3321 1813 3440 1868 dies
3461 1821 3548 1868 est
3573 1827 3674 1876 vn,

403 1915 578 1970 quam
613 1897 858 1954 Luciano
889 1905 1202 1952 narrantur.
1237 1895 1444 1952 Deinde
1474 1896 1626 1950 illum
1669 1895 1845 1964 ipsum
1875 1891 1987 1948 Lu-

405 1993 550 2048 ciani
608 1993 786 2046 locum
821 2006 984 2060 quam
1025 1990 1377 2060 negligenter
1426 1989 1635 2058 attigit!
1665 1987 1783 2043 Non
1838 1987 1986 2041 enim

411 2083 621 2148 scribit,
641 2083 790 2136 circa
821 2081 1056 2136 mediam
1084 2089 1299 2135 noctem
1338 2091 1588 2135 exortam
1621 2093 1742 2135 esse
1771 2078 1981 2142 lunam,

415 2179 511 2232 sed
541 2175 776 2232 amicum
806 2175 975 2241 illum,
1010 2175 1078 2230 ad
1124 2190 1286 2244 quem
1338 2175 1651 2250 diverterat,
1697 2173 1840 2227 circa
1867 2185 1987 2226 me-

415 2268 564 2322 diam
615 2275 825 2321 noctem
862 2266 928 2321 ad
960 2267 1011 2321 id
1043 2267 1412 2338 spectaculum
1444 2264 1746 2335 profectum
1783 2283 1796 2318 :
1843 2262 1982 2335 Περὶ

409 2359 583 2432 μέσας
612 2359 810 2422 νύκτας
864 2359 1163 2423 ἐξαναστὰς
1193 2356 1359 2428 ἀπῄει
1396 2357 1528 2410 εὐθὺ
1568 2357 1668 2428 τῆς
1701 2355 1983 2427 Ἁρπίνης

407 2447 536 2502 ἔνθα
567 2443 636 2519 ἦν
663 2449 698 2519 ἡ
739 2448 908 2520 πυρὰ,
945 2447 1147 2502 στάδιοι
1200 2447 1400 2511 πάντες
1426 2439 1574 2500 οὗτοι
1621 2447 1825 2500 εἴκοσιν
1877 2444 1987 2498 ἀπὸ

404 2539 503 2610 τῆς
542 2537 844 2609 Ὀλυμπίας
867 2537 1008 2592 κατὰ
1039 2537 1136 2610 τὴν
1164 2539 1517 2610 ἱππόδρομον.
1547 2537 1671 2593 Hox
1700 2553 1831 2593 vero
1860 2537 1989 2594 sub-

400 2629 523 2698 jieit
555 2646 568 2682 :
603 2629 712 2681 Καὶ
742 2629 986 2700 ἐπειδὴὴ
1017 2629 1214 2700 σελήνη
1246 2628 1516 2683 ἀνέτειλεν
1537 2669 1552 2695 ,
1582 2637 1714 2696 etc.,
1743 2627 1988 2698 πρόεισιν

407 2720 632 2777 ἐκεῖνος.
668 2717 928 2771 Accidere
955 2716 1138 2786 itaque
1165 2716 1362 2786 potuit,
1389 2728 1450 2770 ut
1477 2715 1714 2782 duabus,
1765 2716 1844 2771 vel
1885 2715 1987 2769 tri-

409 2811 516 2864 bus
543 2811 693 2865 horis
716 2823 746 2862 a
779 2808 955 2862 media
984 2817 1144 2862 nocte
1170 2808 1282 2878 jam
1317 2809 1520 2879 elapsis
1559 2823 1822 2879 apparere
1861 2809 1986 2862 luna

408 2901 654 2971 coeperit.
692 2899 796 2954 Sed
829 2914 1005 2968 neque
1031 2899 1192 2955 tertio
1209 2900 1292 2954 vel
1317 2899 1557 2956 secundo
1585 2899 1791 2970 potius,
1824 2916 1988 2970 quam

409 3013 460 3049 tv
487 2995 568 3050 vel
594 3012 623 3048 v
651 3010 680 3048 a
706 2994 1022 3050 celebritate
1049 2994 1138 3048 die
1169 2995 1310 3049 istud
1331 2994 1582 3049 evenisse
1609 2993 1814 3049 debuit.
1845 2993 1992 3048 Seri-

2091 1899 2388 1958 Nrmnenia
2416 1902 2641 1958 Iudaica
2671 1905 2793 1960 iniit
2830 1902 3092 1961 Novemb.
3131 1919 3186 1966 ιι,
3200 1913 3252 1958 et
3285 1919 3316 1957 v
3345 1905 3540 1960 solidis
3559 1906 3678 1960 dies

2091 1992 2195 2049 bus
2237 1993 2574 2049 noviluninm
2639 1995 2952 2050 antecessit.
2987 1991 3124 2047 Nam
3159 1991 3380 2048 Judaice
3421 1996 3672 2052 novilun.

2091 2085 2398 2156 quadrabat
2443 2085 2496 2140 in
2545 2084 2864 2141 Novembris
2891 2102 2986 2152 vn,
3017 2083 3151 2139 feria
3177 2101 3220 2140 ι.
3259 2086 3364 2142 Sed
3401 2103 3510 2142 non
3541 2098 3678 2157 puto

2091 2185 2302 2230 tantum
2339 2177 2408 2231 ab
2470 2177 2578 2232 illis
2609 2175 3014 2233 dissimulalatti
3050 2173 3220 2231 fuisse
3251 2179 3500 2234 lunarem
3541 2195 3678 2250 προ-

2092 2269 2312 2340 ήγησιν.
2339 2267 2406 2323 Et
2431 2279 2674 2325 erratum
2709 2269 2961 2326 fortassis
2979 2281 3083 2337 est,
3107 2281 3165 2326 ut
3187 2287 3283 2342 pro
3313 2269 3538 2344 ἑϐδόμῃ,
3556 2271 3676 2343 τρε-

2091 2378 2163 2436 τῃ
2192 2361 2274 2418 vel
2306 2361 2557 2435 δευτέρᾳ,
2616 2363 2698 2418 vel
2747 2373 2893 2419 certe
2942 2367 3177 2439 τετάρτῃ
3227 2365 3514 2436 legendum
3559 2365 3674 2420 sit:

2091 2467 2202 2522 quo
2228 2451 2525 2509 tolerabilis
2561 2451 2872 2508 Neomeniae
2911 2454 3061 2511 labes
3095 2455 3484 2509 intercesserit.
3531 2453 3678 2519 Quin

2089 2551 2146 2598 et
2196 2545 2336 2600 alius
2357 2557 2513 2597 error
2539 2551 2621 2598 est
2655 2543 2708 2596 in
2738 2542 2942 2598 mensis
2975 2543 3354 2614 appellatione.
3387 2541 3504 2596 Non
3527 2543 3678 2596 enim

2092 2633 2508 2700 Marcbesuvan,
2530 2633 2622 2688 sed
2651 2631 2860 2689 Casseu
2889 2649 3011 2689 esse
3041 2635 3216 2701 debet,
3247 2635 3291 2688 si
3325 2635 3487 2689 modo
3520 2635 3682 2688 luna-

2092 2725 2170 2781 ris
2201 2726 2288 2780 ille
2317 2727 2519 2780 mensis
2559 2724 2680 2780 fuit.
2729 2723 2886 2790 Quod
2919 2726 3135 2796 quidem
3185 2725 3300 2780 ﬁeri
3334 2741 3440 2780 non
3477 2735 3678 2796 potest,

2093 2819 2140 2874 si
2173 2818 2378 2888 integer
2405 2817 2476 2871 sit
2505 2815 2594 2871 hic
2627 2815 2912 2888 Epiphanii
2957 2819 3110 2874 locus
3137 2829 3192 2874 et
3219 2819 3432 2874 Iudaici
3471 2819 3682 2873 mensis

2095 2919 2246 2964 sexta
2297 2907 2635 2963 novilunium
2686 2909 3042 2965 commissum
3098 2911 3280 2964 fuerit.
3315 2910 3454 2976 Quid
3503 2911 3546 2965 si
3585 2922 3680 2964 aut

2093 2999 2262 3056 Judzei
2293 3009 2422 3052 tunc
2453 2998 2735 3068 temporis,
2781 3010 2874 3055 aut
2905 2999 3244 3071 Epiphanius
3282 3004 3396 3073 ipse
3417 3001 3680 3057 Judaico-

411 3087 491 3141 bit
515 3087 659 3140 enim
695 3085 974 3142 Lucianus
1006 3085 1173 3139 linitis
1203 3084 1317 3154 jam
1347 3083 1676 3158 Olympiacis
1694 3085 1858 3148 ludis.
1891 3085 1988 3140 Pe-
2015 3125 2060 3184 ε
2099 3107 2216 3146 rum
2242 3092 2512 3146 mensiqu
2545 3093 2806 3148 vocabula
2825 3091 3056 3148 Iulianis
3082 3095 3364 3151 mensibus
3391 3095 3682 3149 tribuerit?

413 3178 689 3247 regrinum
725 3178 865 3232 dietn
911 3177 977 3232 de
1033 3177 1120 3232 dic
1155 3177 1480 3244 trahentem,
1515 3178 1734 3232 demum
1782 3187 1989 3232 certam

414 3273 468 3324 in
503 3279 714 3325 noctem
743 3269 1054 3325 condixisse
1089 3289 1100 3323 :
1131 3268 1194 3324 '0
1219 3269 1276 3322 δὲ
1303 3269 1410 3322 αἰεὶ
1431 3269 1862 3342 ἀναϐαλλόμενος
1900 3269 1992 3322 νύ-

413 3381 516 3415 κτα.
544 3363 602 3415 τὸ
629 3363 935 3415 τελευταῖον
979 3363 1300 3434 προειρήκει
1335 3362 1704 3429 ἐπιδείξασθαι
1725 3362 1821 3432 τὴν
1855 3361 1989 3414 καῦ-

415 3471 521 3507 σιν.
575 3453 656 3507 Ad
711 3455 824 3508 haec
861 3452 986 3522 quis
1048 3451 1386 3523 Scaligerum
1432 3453 1641 3515 docuit,
1697 3471 1762 3506 xv
1788 3452 1988 3506 Juliaui

413 3545 642 3607 mensis,
681 3545 783 3598 hoc
821 3554 908 3601 est
945 3544 1098 3610 Julii,
1148 3561 1256 3599 non
1293 3555 1476 3600 autem
1517 3545 1748 3612 lunaris,
1803 3543 1988 3616 Olym-

412 3635 600 3704 piacos
629 3633 750 3688 illos
787 3649 988 3704 agones
1017 3635 1083 3688 de
1116 3650 1267 3690 ntere
1296 3635 1597 3690 celebratos
1626 3635 1782 3690 esse?
1811 3635 1987 3702 Quam

412 3724 530 3777 haec
560 3737 693 3776 vana
727 3732 781 3777 et
809 3723 1127 3796 ἀνάρμοστα
1157 3725 1266 3780 sint.
1307 3741 1468 3781 nemo
1500 3743 1610 3781 non
1642 3727 1807 3782 videt.
1832 3725 1989 3783 Certe

409 3813 678 3868 Calvisius
729 3813 1102 3886 Olympiadem
1153 3816 1299 3870 illam
1360 3817 1465 3871 256
1503 3819 1733 3890 Augusti
1775 3836 1850 3874 xtt
1879 3835 1988 3874 non

401 3903 552 3961 Julia
580 3914 851 3975 peractam
886 3907 1183 3963 existimat.
1226 3907 1331 3973 Qui
1367 3915 1422 3963 et
1485 3908 1604 3979 ipse
1639 3920 1819 3965 tamen
1847 3925 1978 3982 puc-

2097 3187 2176 3240 Ac
2225 3191 2354 3237 tunc
2409 3181 2642 3238 October
2692 3183 2876 3252 Tisri,
2928 3182 3235 3240 November
3281 3185 3677 3240 Marchesuvan

2098 3275 2281 3331 fuerit.
2315 3272 2420 3328 Sed
2449 3274 2608 3344 hujus
2641 3275 2716 3330 rei
2747 3286 2944 3345 praeter
2987 3276 3358 3346 conjecturam
3404 3275 3542 3331 nihil
3587 3279 3677 3330 ha-

2097 3367 2309 3422 bemus.

2168 3459 2307 3515 lbid.
2337 3457 2520 3518 D.Tdr
2543 3458 2652 3530 γὰρ
2675 3457 2908 3528 πρῶτον
2928 3460 3226 3514 ἐνιαυτόν.
3252 3459 3436 3514 Priore
3459 3461 3558 3530 τῆς
3575 3477 3676 3530 κη-

2097 3552 2301 3624 posse;
2317 3568 2462 3608 anno
2478 3552 2746 3606 neminem
2769 3551 3111 3606 adversatum
3129 3567 3251 3606 esse
3271 3551 3490 3608 Christo
3504 3569 3677 3622 negate

2097 3658 2282 3697 verum
2312 3651 2416 3706 est,
2443 3657 2618 3712 neque
2643 3657 2710 3697 ex
2740 3641 3049 3713 Epiphanii,
3074 3643 3155 3696 vel
3183 3659 3372 3698 eorum
3407 3645 3676 3706 omnium,

2094 3733 2187 3803 qui
2231 3733 2333 3787 tria
2367 3733 2634 3788 duntaxat
2655 3731 2919 3788 Paschata
2950 3742 3261 3800 numerant,
3291 3717 3548 3804 opinione
3583 3735 3670 3784 de-

2091 3821 2238 3876 lendi
2272 3833 2451 3892 potest
2479 3839 2492 3876 :
2521 3833 2580 3876 ut
2608 3824 2672 3878 ad
2695 3839 2755 3877 ιι.
2777 3823 2847 3877 28
2879 3823 3347 3878 demonstrabitur
3377 3841 3389 3874 :
3433 3823 3521 3876 ubi
3554 3840 3674 3892 ηιιςιε

2093 3912 2198 3966 hoc
2238 3911 2357 3965 loco
2391 3911 2647 3966 dicuntur
2678 3912 2992 3982 diligentius
3019 3911 3346 3968 excutienda
3383 3921 3530 3966 sunt.

407 4100 3629 4136 Mm

787 4267 934 4356 DE
1009 4263 1341 4358 ANNO
1415 4268 1566 4358 ET
1637 4269 1844 4358 DIE
1927 4265 2566 4364 DOMINICAE
2649 4275 3264 4400 PASSIONIS
3327 4235 3340 4246 ’

1647 4457 2027 4520 DJATBIBA
2074 4460 2416 4526 ALTERA.

473 4715 659 4771 Varia:
689 4715 986 4786 priscorum
1018 4717 1290 4770 sententia:
1317 4715 1382 4770 de
1420 4733 1558 4770 anno
1603 4717 1904 4771 Passionis.

471 4805 666 4866 Omnis
713 4823 836 4878 quae
885 4807 952 4861 de
1007 4807 1190 4877 aliqua
1235 4822 1292 4861 re
1344 4807 1647 4863 instituitur
1689 4809 1986 4878 disputatio

396 4901 564 4958 certis
607 4915 673 4956 ex
708 4900 871 4954 rebus
925 4899 1260 4969 minimeque
1290 4897 1468 4953 dubiis
1503 4899 1661 4954 debet
1687 4899 1984 4971 proficisci;

399 5009 524 5064 quae
555 5000 650 5047 aut
677 4991 771 5063 per
795 5005 914 5046 sese
951 4989 1081 5060 ipsa!
1105 5003 1246 5044 vera":
1283 4990 1415 5055 sint,
1447 5000 1540 5044 aut
1573 4991 1713 5046 inter
1744 5007 1858 5058 eos,
1891 4993 1986 5062 qui

397 5086 701 5155 disputant,
739 5098 838 5154 pro
858 5083 1024 5148 veris,
1057 5097 1122 5137 ac
1151 5079 1420 5138 confessis
1441 5083 1985 5149 lta'bcantur.'Quam-

395 5180 586 5236 oin-em
615 5178 707 5249 qui
734 5191 920 5231 verum
935 5173 1219 5245 passionis
1233 5189 1436 5228 annum
1463 5175 1718 5244 indagare
1739 5175 1981 5234 student.

396 5271 665 5343 inprimis
686 5285 772 5334 ea,
803 5255 1040 5340 quorum
1061 5276 1204 5322 certa
1239 5266 1312 5321 sit
1335 5266 1488 5332 fides,
1525 5267 1725 5338 eligere
1756 5266 1976 5334 debent,

395 5379 462 5419 ac
503 5362 906 5432 principiorum
942 5359 1059 5415 sive
1111 5359 1437 5430 ἀξιωμάτων
1477 5359 1600 5413 loco
1636 5373 1863 5428 ponere.
1903 5359 1980 5414 Ae

396 5461 528 5507 sunt
557 5451 842 5516 nonnulla,
885 5449 952 5503 de
979 5449 1180 5519 quibus
1212 5447 1524 5503 Christiano
1553 5447 1802 5503 dubitare
1829 5447 1981 5504 nefas

389 5542 621 5595 ontnino
655 5541 904 5596 videatur
951 5559 964 5594 :
991 5539 1295 5609 cujusmodi
1326 5540 1430 5595 ista
1461 5549 1588 5595 sunt
1620 5557 1632 5594 :
1670 5538 1784 5595 Sub
1809 5537 1978 5595 Tibe-

395 5631 481 5682 rio
521 5629 737 5684 Caesare
778 5645 842 5684 ac
881 5637 1237 5700 procuratore
1297 5629 1490 5686 Pontio
1536 5629 1711 5687 Pilato
1751 5647 1976 5703 passum

389 5733 554 5779 esse;
588 5730 703 5774 tum
757 5737 884 5778 vero
919 5721 1224 5779 Paraseeve
1269 5721 1498 5780 Sabbati
1551 5725 1665 5781 sive
1715 5725 1846 5782 feria
1887 5739 1974 5793 vt;

2013 4721 2057 4778 ι)
2087 4726 2180 4772 aut
2207 4714 2251 4770 si
2291 4716 2422 4786 quid
2451 4717 2594 4773 aliud
2626 4729 2731 4786 est,
2782 4722 2926 4791 quod
2958 4739 3240 4782 sacrorum
3269 4727 3536 4786 librorum
3572 4747 3666 4788 au-

2089 4808 2316 4864 ctoritas
2369 4810 2677 4866 confirmat.
2711 4811 2929 4879 'Quibus
2976 4817 3021 4871 si
3053 4821 3298 4875 contenti
3341 4823 3539 4877 eruditi
3571 4824 3668 4879 ho-

2089 4895 2266 4951 mines
2291 4894 2554 4964 fuissent,
2583 4915 2761 4970 neque
2784 4904 2900 4959 suis
2929 4921 3028 4961 nos
3055 4908 3409 4976 opinionibus
3451 4927 3517 4968 ac
3547 4928 3668 4969 con-

2084 4987 2620 5061 jecturis,tanquam
2653 4993 2952 5065 Scripturte
3007 5008 3102 5054 aut
3123 4999 3382 5058 Ecclesiae
3415 5005 3664 5070 decretis.

2086 5081 2492 5149 astrinxissent,
2519 5085 2691 5142 multo
2713 5097 2766 5142 et
2794 5089 3006 5146 veritati
3037 5093 3233 5149 melius
3266 5105 3320 5150 et
3366 5099 3664 5166 posteritati

2085 5174 2513 5231 consuluissent.
2546 5175 2649 5233 Sed
2679 5189 2763 5235 est
2784 5197 2955 5252 genus
2985 5183 3296 5252 hominum,
3319 5190 3415 5259 qui
3453 5206 3518 5246 ea
3547 5207 3664 5262 qutr

2084 5281 2355 5322 consensu
2389 5279 2604 5339 recepta
2645 5271 2813 5342 vu‘lgi,
2863 5281 2917 5328 et
2949 5273 3156 5346 aliquot
3207 5277 3406 5334 abhinc
3451 5282 3662 5336 saeculis

2086 5359 2472 5415 auctoritatem
2503 5369 2682 5426 nacta,
2709 5379 2820 5419 non
2851 5365 3018 5422 nimis
3057 5379 3264 5435 vetera,
3290 5385 3354 5426 ac
3377 5371 3662 5445 diligenter

2083 5463 2313 5505 excussa
2358 5459 2510 5519 sunt,
2551 5453 2738 5510 timide
2787 5455 2955 5513 nimis
3004 5457 3415 5530 deosculantur,
3451 5479 3516 5518 ac
3543 5479 3652 5534 pro-

2083 5541 2376 5611 pemodum
2411 5545 2720 5614 serviliter;
2757 5563 3059 5623 eorumque
3085 5552 3247 5608 ﬁdem
3297 5561 3352 5609 et
3384 5557 3659 5613 assensio-

2081 5649 2206 5689 nem
2237 5633 2306 5688 ab
2337 5635 2520 5694 invitis
2552 5639 2879 5709 exprimere,
2923 5659 2986 5699 ac
3025 5659 3123 5713 pro
3146 5645 3406 5702 Ecclesiae
3433 5645 3658 5717 dogma-

2079 5725 2226 5783 tibus
2254 5735 2522 5785 conantur
2549 5729 2862 5790 obtrudero.
2895 5733 3143 5800 Quorum
3187 5745 3272 5794 est
3306 5737 3526 5808 quidem
3561 5737 3658 5797 hac
