3994 6222
319 303 419 361 9H

1288 260 1378 357 or.
1415 297 1601 358 ANNO
1640 298 1726 355 nr
1769 295 1878 353 me
1918 295 2271 354 DOMINlCAE
2313 297 2684 357 PASSIONIS.

3461 300 3567 359 952

321 415 378 470 in
405 423 558 485 parte
583 414 1074 472 commendandum
1109 414 1373 481 studium,
1405 414 1549 485 quod
1593 428 1716 468 cum
1745 413 1799 466 in
1834 421 1897 462 ea
1929 413 1975 470 Α
2005 409 2203 466 Verum
2237 412 2330 468 illo
2360 412 2478 484 ipso
2504 412 2626 468 loco
2664 411 2957 483 pugnantia
2989 427 3172 470 secum
3207 428 3271 470 ac
3296 423 3571 471 contraria

319 514 566 576 tempora
593 506 966 566 inciderimus.
1017 506 1217 578 quibus
1253 521 1459 578 magna
1503 513 1588 561 est
1629 499 1886 559 novitatis

320 597 639 657 hominibus
671 599 868 670 injecta
897 598 1191 670 cupiditas,
1224 614 1292 654 ne
1316 599 1386 654 ad
1417 597 1695 668 religionis
1742 595 1892 650 ﬁdei-

318 707 430 762 que
461 694 722 747 damnum
750 692 979 762 publicaa
1009 691 1099 747 ille
1129 691 1357 746 insania:
1382 689 1607 744 morbus
1639 702 1892 757 erumpe-

316 788 426 846 ret,
461 782 514 834 in
559 795 680 835 eam
740 789 946 850 partem
1006 795 1231 849 peccare
1274 778 1604 843 maluerunt,
1655 790 1776 846 qua:
1809 785 1894 829 est

315 872 554 927 cautior.
585 869 782 925 Verum
812 871 889 925 uti
925 869 1015 940 pio
1047 867 1252 924 homini
1312 883 1378 923 ac
1402 867 1669 922 catholico
1696 879 1892 934 magna

315 971 404 1016 est
431 961 717 1017 vetustatis
761 961 1008 1016 habenda
1061 959 1233 1026 ratio;
1283 958 1338 1013 in
1380 957 1447 1015 iis
1499 971 1628 1011 vero
1673 970 1796 1025 quae
1823 955 1893 1009 ab

317 1051 565 1107 Ecclesia
593 1053 802 1108 sancita
825 1061 970 1117 sunt,
1008 1066 1075 1106 ne
1105 1050 1378 1107 levissime
1393 1050 1611 1120 quidem
1642 1048 1895 1103 hmsitarc

319 1144 482 1210 licet;
508 1145 579 1199 ita
607 1159 936 1216 magnopere
954 1143 1080 1199 illud
1115 1142 1444 1207 cavendum,
1479 1157 1547 1196 ne
1579 1157 1678 1212 pro
1698 1141 1895 1194 veteri-

329 1234 435 1290 bus
468 1243 524 1288 et
574 1235 939 1290 sacrosanctis
968 1234 1274 1288 habeantur
1302 1233 1391 1288 illa
1417 1247 1538 1302 quae
1585 1232 1774 1300 paucis
1802 1229 1896 1283 ab-

323 1326 454 1382 hinc
487 1327 704 1382 stcculis
734 1326 1086 1389 emerserint;
1112 1341 1246 1380 neve
1276 1326 1341 1380 ad
1372 1326 1624 1380 falsitatis
1653 1324 1891 1395 patroci-

322 1418 475 1472 nium
507 1419 812 1488 speciosum
862 1417 992 1472 illud
1022 1416 1279 1473 Ecclesia:
1303 1432 1368 1472 ac
1409 1416 1638 1487 publica:
1665 1431 1896 1472 consen-

323 1511 498 1565 sionis
525 1526 721 1566 nomen
748 1510 1132 1567 transferatur.
1163 1510 1338 1576 Quam
1386 1510 1609 1581 quidem
1638 1509 1898 1565 ecclesia-

321 1604 473 1658 stica:
488 1604 832 1659 auctoritatis
867 1603 1203 1660 ascribenda:
1219 1603 1492 1658 licentiam
1530 1619 1652 1659 cum
1690 1603 1740 1656 in
1775 1602 1898 1656 aliis

326 1696 550 1764 impune
576 1706 871 1761 versatam,
905 1703 1016 1748 tum
1051 1695 1106 1750 in
1135 1709 1219 1760 ea,
1253 1709 1416 1764 quam
1445 1702 1766 1758 tractamus,
1797 1692 1898 1748 Na-

1993 499 2134 558 Beda
2157 503 2461 574 proﬁtetur.
2498 503 2709 560 Etenim
2739 505 2831 576 qui
2857 505 3058 561 vixisse
3086 515 3166 560 tot
3188 506 3347 562 annis
3381 523 3574 578 quem-

1995 592 2138 661 piam
2159 596 2377 660 asserit,
2399 613 2548 661 eum,
2570 597 2786 667 opinor,
2812 613 3014 652 annum
3040 598 3271 668 primum
3298 609 3570 662 numerat.

1993 700 2102 753 quo
2128 685 2178 738 in
2199 686 2371 741 lucem
2394 688 2571 743 editus
2587 696 2689 756 est,
2711 705 2814 743 non
2835 703 2958 744 eum
2978 691 3373 761 complectitur,
3390 708 3502 762 quo
3519 692 3574 747 in
3623 759 3625 762 p

1997 775 2188 832 matris
2227 787 2384 833 utero
2410 778 2526 834 fuit.
2555 777 2710 836 llunc
2728 781 2891 852 igitur
2916 781 2960 836 si
2983 781 3121 836 Beda
3147 783 3275 838 velit
3301 784 3577 852 excipere,

1995 882 2118 922 cum
2156 869 2200 923 is
2227 870 2293 924 sit
2335 886 2457 925 airre
2492 870 2834 943 Dionysiaum
2855 873 3086 943 primus,
3119 886 3175 930 ut
3197 890 3362 944 supra
3392 875 3582 930 decla-

1996 959 2258 1027 ravimus,
2288 971 2396 1017 tres
2424 963 2489 1018 ad
2540 962 2757 1033 triginta
2793 974 3120 1034 supererunt
3159 967 3312 1035 anni,
3341 983 3576 1043 quorum
3611 1032 3613 1034 _

1999 1050 2052 1104 in
2079 1051 2267 1108 ultimo
2291 1053 2541 1110 Christus
2574 1070 2769 1124 passus
2793 1067 2897 1122 est,
2913 1071 3032 1111 terte
3059 1058 3339 1112 tricesimo
3360 1068 3576 1128 quarto.

1997 1141 2187 1212 Itaque
2215 1157 2322 1197 non
2362 1143 2597 1213 amplius
2621 1160 2781 1216 quam
2810 1161 2960 1200 χχχιι
2983 1147 3142 1203 annis
3172 1148 3450 1203 mensibus
3484 1148 3578 1203 tri-

1997 1233 2100 1288 bus
2121 1232 2372 1290 Christus
2405 1236 2621 1304 vixerit,
2652 1245 2842 1292 contra
2883 1237 3014 1292 illud
3051 1238 3430 1295 ecclesiastica:
3457 1239 3578 1295 lidt-i

1997 1325 2097 1382 dec
2106 1335 2276 1380 retttm
2287 1368 2299 1380 .

2071 1416 2174 1471 Sed
2203 1417 2544 1473 manifestius
2575 1419 2812 1488 implicat
2834 1435 2974 1482 sese,
3003 1420 3132 1476 dum
3160 1421 3231 1476 ita
3259 1421 3575 1477 concludit:

2004 1508 2267 1574 Quoniam
2297 1526 2483 1564 nxxxtt
2513 1513 2666 1565 annis
2695 1513 2926 1568 circulus
2955 1511 3234 1568 Paschalis
3264 1514 3580 1582 circumagi-

2005 1611 2111 1665 tur,
2139 1602 2218 1654 his
2250 1602 2386 1657 adde
2408 1619 2597 1669 χχχιιι,
2626 1603 2702 1658 vel
2733 1606 2905 1673 potius
2940 1621 3120 1673 xxxrv,
3151 1615 3206 1660 ut
3232 1606 3384 1659 illum
3406 1607 3580 1676 ipsum

2000 1710 2101 1764 quo
2155 1711 2343 1762 passus
2388 1703 2464 1750 est
2517 1693 2792 1763 Dominus,
2845 1696 3099 1767 attingere
3143 1698 3309 1766 possis
3359 1714 3578 1763 annum,

329 1789 454 1841 talis
509 1802 576 1841 ac
607 1785 889 1843 Passionis
918 1785 1216 1843 Dominicae
1245 1785 1548 1856 quaestione
1593 1793 1892 1855 grassatam
1932 1760 1972 1814 Β
2003 1783 2138 1851 ﬁunt
2176 1783 2300 1837 566.
2334 1781 2454 1852 Ipse
2497 1792 2573 1838 est
2600 1801 2720 1855 ergo
2772 1802 2941 1839 annus
2979 1785 3267 1842 Dominica?
3302 1785 3581 1842 Passionis

324 1877 831 1934 animadvertimus.
872 1877 927 1932 lu
954 1893 1060 1948 qua
1103 1877 1336 1948 plurima
1359 1876 1507 1932 velut
1528 1891 1593 1930 ex
1617 1874 1896 1931 communi

323 1966 583 2024 Ecclesia:
601 1968 920 2037 deprompta
947 1967 1054 2024 lide
1075 1967 1268 2038 jactari
1292 1967 1469 2023 solent
1487 1983 1609 2039 quae
1641 1976 1736 2022 aut
1759 1965 1895 2023 falsa
1937 1966 1942 1970 ’

323 2068 470 2121 sunt,
502 2068 596 2113 aut
623 2056 883 2114 falsorum
911 2059 1209 2114 simillima.

392 2149 472 2206 Ne
503 2151 662 2224 longe
684 2152 930 2224 exempla
963 2159 1293 2222 repetamus,
1320 2161 1568 2206 occurret
1599 2149 1752 2204 Βεὼρ
1775 2164 1897 2205 san-

327 2243 554 2300 ctissimi
612 2244 850 2299 hominis
900 2251 956 2302 et
1003 2242 1358 2298 eruditissimi
1414 2242 1691 2297 decretum
1742 2241 1896 2307 illud,

325 2336 473 2404 quod
503 2318 562 2388 iri
592 2335 739 2390 hunc
770 2333 947 2390 locum
983 2335 1313 2389 distulimus.
1347 2331 1445 2388 llic
1473 2332 1636 2402 igitur
1664 2349 1784 2403 cap.
1821 2332 1891 2388 40

329 2424 456 2478 libri
497 2425 570 2479 De
603 2436 894 2494 temporum
928 2425 1155 2488 ratione,
1203 2425 1272 2480 de
1319 2432 1477 2478 mtatc
1521 2440 1586 2478 ac
1638 2422 1898 2479 Passione

325 2513 540 2570 Domini
569 2517 622 2571 in
667 2517 783 2572 haec
809 2518 970 2572 verba
1014 2518 1366 2588 pronuntiat:
1397 2516 1566 2570 "abet
1599 2516 1759 2580 enim,
1792 2516 1898 2570 nisi

317 2606 504 2676 fallor,
555 2609 802 2665 Ecclesia:
826 2611 977 2680 ﬁdes,
1010 2609 1289 2664 Dominum
1319 2611 1372 2664 in
1408 2625 1565 2663 carne
1591 2610 1752 2678 paulo
1779 2610 1898 2679 plus

326 2701 501 2754 minus
558 2719 717 2772 quam
768 2718 941 2757 χχχιιι
997 2704 1150 2756 annis
1203 2719 1363 2772 usque
1411 2703 1480 2756 ad
1511 2717 1620 2756 sua:
1666 2711 1900 2772 tempora

331 2787 612 2843 Passionis
641 2791 832 2846 vixisse
853 2807 872 2846 :
901 2793 1024 2863 quia
1055 2791 1290 2846 vidi-licet
1317 2807 1424 2844 xxx
1456 2807 1713 2844 annorum
1736 2792 1898 2860 fuerit

333 2879 670 2949 baptizatus;
700 2881 835 2935 sicut
875 2881 1191 2952 evangelista
1217 2879 1389 2935 Lucas
1413 2891 1660 2947 testatur,
1697 2891 1747 2936 et
1793 2891 1898 2937 tres

342 2971 501 3024 semis
537 2987 702 3026 annos
749 2981 865 3041 post
915 2973 1178 3042 baptisma
1228 2971 1616 3042 pra'dicarerit.
1667 2971 1900 3042 Subjicit

325 3061 524 3116 deinde
555 3080 568 3115 :
612 3061 810 3116 Sancta
846 3063 1102 3133 siquidem
1130 3063 1372 3116 Romana
1400 3072 1449 3116 et
1481 3063 1773 3130 apostolica
1804 3061 1900 3116 Ec-

325 3153 490 3207 clesia
514 3153 647 3207 lianc
681 3169 736 3206 se
762 3155 917 3222 [idem
944 3164 1112 3208 tenere
1141 3164 1188 3206 et
1215 3154 1343 3223 ipsis
1369 3163 1597 3208 testatur
1625 3151 1897 3218 indiculis,

326 3260 447 3315 qua:
466 3245 576 3299 suis
601 3245 654 3298 iu
675 3245 837 3299 cereis
859 3245 1140 3298 annuatim
1163 3244 1444 3298 inscribere
1474 3245 1625 3305 solet,
1657 3245 1745 3296 ubi
1770 3253 1899 3297 tem-

326 3354 426 3408 pus
458 3336 744 3390 Dominica'
782 3335 1053 3390 Passionis
1093 3337 1146 3389 in
1183 3337 1486 3390 memoriam
1512 3337 1718 3406 populis
1751 3352 1898 3390 revo-

326 3443 479 3490 cans,
512 3441 789 3480 numerum
825 3427 1047 3495 triginta
1090 3441 1290 3493 semper
1317 3435 1363 3480 et
1413 3425 1578 3478 tribus
1613 3425 1765 3477 annis
1797 3423 1897 3476 mi-

328 3534 534 3582 norem,
563 3534 722 3588 quam
753 3516 820 3570 ab
853 3517 967 3585 ejus
999 3518 1364 3570 incarnatione
1395 3515 1679 3586 Dionysius
1717 3525 1896 3584 ponat,

339 3609 586 3661 adnotat.
640 3607 870 3676 Denique
911 3623 1049 3660 anno
1089 3606 1156 3659 ab
1211 3607 1326 3676 ejus
1356 3606 1719 3660 incarnatione
1738 3605 1900 3676 juxta

336 3698 656 3768 Dionysium
691 3699 813 3763 701,
845 3700 1129 3752 indictione
1189 3715 1298 3762 xiv,
1331 3700 1523 3768 fratres
1573 3698 1763 3760 nostri,
1811 3699 1901 3767 qui

330 3799 455 3842 tunc
482 3790 628 3858 [uere
659 3789 856 3852 Roma,
888 3791 983 3842 lioc
1013 3789 1166 3842 modo
1199 3806 1250 3843 se
1280 3790 1333 3842 in
1367 3788 1554 3842 Natali
1594 3789 1806 3841 Domini
1847 3789 1901 3841 in

327 3884 491 3937 cereis
518 3880 577 3936 S.
614 3881 802 3936 Maria:
823 3884 1077 3950 scriptum
1106 3881 1318 3944 vidisse,
1341 3891 1390 3934 et
1418 3883 1536 3934 inde
1566 3882 1904 3950 descripsisse

331 3975 671 4043 referebant:
723 3973 764 4026 Α
811 3973 1064 4026 Passione
1096 3972 1310 4026 Domini
1340 3973 1510 4026 nostri
1544 3971 1672 4026 Jesu
1703 3971 1904 4027 Christi

331 4067 460 4119 anni
481 4074 603 4119 sunt
634 4066 759 4130 568,
781 4075 884 4120 etc.
918 4065 1072 4118 Addit
1116 4074 1339 4134 postea:
1375 4063 1517 4117 Nam
1543 4066 1680 4134 quod
1716 4064 1902 4117 Domi-

331 4172 431 4210 nus
452 4172 518 4210 xv
544 4156 674 4209 luna
693 4157 830 4225 feria
857 4172 906 4208 vr
936 4172 1140 4209 crucem
1161 4156 1476 4220 ascenderit,
1503 4167 1552 4209 et
1584 4173 1685 4208 una
1710 4154 1905 4210 Sabbu-

331 4252 525 4311 torum,
561 4245 616 4297 id
648 4254 724 4298 est
754 4245 841 4296 die
877 4243 1152 4297 Dominica
1192 4246 1534 4298 rasus-rexerit
1575 4261 1607 4297 a
1653 4246 1902 4311 mortuis,

330 4334 469 4390 nulli
517 4335 638 4389 licet
690 4333 934 4388 dubitare
969 4335 1255 4389 catholico.
1303 4335 1429 4391 Πωο
1467 4337 1573 4390 ille.
1630 4336 1744 4391 Duo
1793 4337 1901 4400 hic,

333 4425 456 4479 fidei
487 4435 648 4495 atque
695 4426 947 4482 Ecclesiae
970 4428 1183 4482 decreta
1214 4437 1591 4497 proponuntur
1615 4444 1629 4479 :
1649 4428 1898 4495 alterum,
1933 4440 1977 4496 ῐ)

330 4519 610 4573 Christum
649 4518 940 4574 Dominum
985 4519 1160 4572 a‘tatis
1189 4535 1335 4574 anno
1368 4535 1542 4574 χχχιιι
1571 4521 1682 4588 jam
1713 4521 1902 4589 exple.

332 4619 411 4675 to,
447 4626 610 4665 xxxiv
643 4627 771 4666 vero
803 4613 1074 4677 inchoato,
1107 4627 1331 4680 passum
1373 4628 1495 4668 esse
1523 4631 1537 4666 :
1567 4628 1689 4667 terte
1717 4613 1905 4668 videli-

331 4712 420 4756 cet
449 4701 790 4774 Dionysiana:
821 4705 914 4764 5!,
953 4704 1080 4772 quia
1111 4721 1234 4758 cum
1264 4719 1368 4756 xxx
1407 4705 1583 4758 mtatis
1630 4720 1775 4758 anno
1806 4703 1904 4757 ha—

331 4793 570 4863 ptizatus
606 4793 791 4857 fuerit,
853 4802 962 4848 tres
1031 4785 1225 4847 deinde
1256 4807 1436 4848 annos
1495 4809 1619 4847 eum
1677 4794 1906 4849 semisse

329 4883 502 4938 vixit:
535 4885 678 4938 unde
725 4899 888 4938 xxxiv
933 4898 1079 4938 anno
1131 4893 1360 4938 mortem
1422 4884 1621 4938 obierit
1665 4894 1903 4955 Oportet.

329 4976 513 5042 Quare
552 4977 678 5031 hinc
698 4977 860 5032 etiam
887 4976 1032 5030 aliud
1079 4975 1334 5031 Ecclesia:
1364 4976 1560 5048 dogma
1623 4978 1903 5033 nascitur:

329 5071 612 5125 Christum
657 5079 889 5139 quatuor
937 5069 1210 5138 peregisse
1249 5067 1538 5133 Paschata,
1570 5084 1805 5139 quorum
1851 5069 1902 5124 in

328 5170 610 5231 postremo
646 5169 896 5214 mortuus
917 5167 1022 5214 est.
1047 5159 1288 5214 Alterum
1318 5157 1573 5214 Ecclesia:
1601 5162 1906 5225 decretum,

327 5257 395 5306 de
418 5269 524 5322 quo
555 5251 691 5306 nulli
721 5251 806 5322 [as
831 5260 909 5306 est
939 5251 1184 5306 dubitare
1202 5252 1485 5317 catholico,
1515 5250 1779 5322 ejusmodi
1811 5269 1908 5322 po-

329 5345 482 5400 nitur
515 5363 529 5398 :
564 5343 830 5400 Christum
855 5360 925 5399 xv
958 5343 1087 5398 luna
1125 5361 1339 5414 passum
1393 5360 1524 5399 esse.
1566 5343 1723 5410 llunc
1750 5343 1908 5400 Beda}

329 5436 510 5491 locum
539 5435 685 5490 velut
705 5434 1077 5490 lirmissimum
1101 5434 1373 5504 quoddam
1408 5423 1773 5505 chronologiae
1794 5451 1909 5488 mu-

328 5525 634 5580 nimentum
679 5541 946 5596 usurpare
977 5526 1270 5581 identidem
1309 5526 1502 5596 optimi
1550 5527 1653 5582 viri
1697 5541 1764 5582 ac
1813 5527 1907 5581 do-

326 5613 562 5669 ctissimi
595 5614 788 5680 solent,
808 5629 980 5683 eoque
1007 5614 1355 5683 potissimum
1389 5615 1496 5670 telo
1531 5615 1785 5684 superior
1814 5616 1904 5670 illa

330 5703 546 5760 Drkcrii
591 5703 761 5762 nostri
795 5704 1063 5761 sententia
1099 5704 1152 5759 in
1200 5703 1494 5760 Annalibus
1534 5716 1902 5778 oppugnatur.

2003 1881 2050 1924 et
2080 1873 2470 1927 resurrectionis
2498 1889 2530 1925 a
2553 1872 2773 1926 mortuis
2801 1889 2818 1926 :
2843 1874 2966 1942 quia
2987 1874 3121 1928 sicut
3151 1875 3255 1930 533
3280 1876 3474 1943 prima,
3501 1877 3581 1930 ita

2003 1960 2109 2015 566
2139 1961 2401 2014 tricesimo
2434 1969 2624 2031 quarto
2668 1978 2758 2032 per
2783 1963 3049 2018 universos
3072 1965 3197 2019 solis
3223 1974 3271 2018 ct
3295 1965 3434 2019 Iunce
3459 1983 3581 2020 con-

2003 2053 2187 2106 cordat
2217 2053 2508 2107 discursus.
2534 2053 2769 2108 Omnino
2799 2054 2987 2109 statuit
3027 2070 3171 2110 anno
3213 2072 3335 2111 :crm
3381 2056 3582 2128 Diony-

2004 2139 2172 2194 sianae
2204 2140 2330 2209 566,
2361 2142 2452 2212 qui
2483 2149 2566 2197 est
2599 2143 2732 2214 cycli
2759 2143 2882 2205 567.
2914 2145 3131 2200 easdem
3165 2145 3488 2204 Neomenias
3517 2164 3582 2206 ae

2006 2227 2170 2282 ferias
2201 2230 2504 2284 recurrisse
2546 2247 2667 2302 quae
2695 2241 2852 2286 erant
2884 2248 3029 2289 anno
3055 2250 3176 2290 uerae
3200 2237 3290 2303 ⁸54,
3318 2239 3451 2308 cycli
3487 2239 3576 2294 35.

2007 2317 2082 2372 Ex
2129 2335 2239 2389 quo
2282 2320 2353 2375 ita
2397 2321 2596 2392 colligit
2635 2341 2648 2377 :
2681 2322 2746 2376 Et
2781 2324 2895 2378 ideo
2924 2326 3138 2380 circulis
3164 2327 3303 2382 beati
3338 2329 3580 2400 Dionysii

2005 2409 2220 2475 apertis.
2259 2411 2306 2462 si
2356 2409 2459 2464 566
2499 2410 2562 2464 ab
2606 2413 2968 2469 incarnatione
3014 2415 3230 2471 Domini
3276 2423 3580 2491 contingens

2005 2514 2224 2561 annum,
2258 2514 2344 2552 xlv
2375 2499 2552 2552 lunam
2578 2501 2630 2553 in
2659 2517 2718 2556 eo
2746 2518 2797 2556 ιχ
2835 2501 2963 2558 Kal.
2989 2505 3119 2576 Apr.
3157 2508 3292 2576 feria
3320 2525 3354 2564 ν
3381 2527 3581 2580 repere-

2007 2592 2102 2655 ris,
2136 2601 2184 2644 et
2217 2591 2353 2645 diem
2390 2590 2614 2648 I’ascltw
2648 2594 2979 2650 Dominicum
3024 2614 3075 2652 vr
3122 2598 3248 2654 Kal.
3281 2603 3406 2670 Apr.
3453 2604 3580 2660 luna

2007 2697 2143 2747 xvn,
2188 2700 2282 2752 age
2316 2683 2422 2738 Deo
2453 2688 2680 2755 gratias,
2725 2688 2848 2757 quia
2887 2690 3025 2758 quod
3049 2673 3342 2760 'quterebas
3366 2736 3382 2762 ,
3421 2697 3580 2750 sicuti

2006 2777 2116 2845 ipse
2147 2777 2411 2845 promisit,
2443 2789 2491 2832 te
2515 2779 2741 2834 invenire
2784 2781 2985 2837 docuit.
3019 2781 3153 2850 Quis
3201 2785 3316 2842 lucc
3363 2802 3393 2842 a
3437 2787 3579 2844 Beda

2008 2880 2104 2934 per
2133 2867 2364 2922 ironiam
2394 2869 2539 2924 dicta
2558 2872 2896 2940 suspicetur?
2927 2873 3083 2940 Quod
3111 2876 3444 2934 Bridefertus
3469 2878 3580 2935 Bs-

2010 2955 2294 3010 Inesiensis
2326 2957 2379 3011 in
2409 2959 2633 3015 scholiis
2660 2961 2958 3019 adnotavit.
3002 2964 3232 3035 Ironice,
3267 2970 3464 3039 inquit,
3495 2973 3581 3026 di-

2009 3046 2079 3099 cit
2108 3047 2226 3110 lioc,
2265 3049 2390 3102 dum
2435 3050 2578 3104 nullo
2621 3054 2774 3106 modo
2806 3055 3086 3112 invenitur.
3131 3058 3236 3114 Sed
3272 3060 3386 3116 haec
3421 3064 3580 3118 scho-

1925 3107 1970 3166 θ
2009 3138 2188 3193 liastes
2233 3139 2349 3209 ipse
2393 3142 2636 3198 ridicule.
2690 3142 2874 3214 Neque
2914 3147 3060 3202 enim
3101 3149 3308 3204 ridendi
3354 3167 3577 3208 causam

2001 3229 2167 3284 ullam
2202 3231 2390 3286 habuit
2421 3233 2585 3297 Beda,
2618 3251 2740 3289 cum
2776 3237 2876 3292 ista
2908 3241 3170 3296 scriberet
3209 3261 3220 3297 :
3256 3245 3386 3313 quin
3422 3257 3481 3299 nt
3511 3263 3576 3301 ex

2003 3331 2114 3378 toto
2137 3322 2228 3377 illo
2250 3324 2424 3394 capite
2450 3325 2636 3395 liquet,
2669 3327 2794 3397 quid
2830 3330 3055 3385 sentiret
3084 3331 3201 3402 ipse
3236 3335 3394 3404 plane
3415 3351 3577 3405 aper-

2005 3422 2162 3482 teque
2209 3415 2548 3485 signiﬁcavit.
2600 3417 2764 3487 Atqui
2797 3419 3064 3489 ejusmodi
3091 3422 3181 3478 illa
3217 3433 3365 3490 sunt,
3399 3435 3456 3481 ut
3486 3444 3580 3497 per

2002 3506 2235 3560 ironiam
2281 3521 2402 3562 esse
2449 3508 2590 3563 dicta
2620 3511 2912 3579 plurimum
2943 3513 3098 3570 Beda:
3122 3515 3291 3584 ipsius
3323 3520 3580 3576 interfue-

2002 3591 2093 3645 rit.
2128 3591 2268 3646 Sunt
2319 3595 2464 3647 enim
2514 3597 2928 3656 absurdissima.
2957 3601 3168 3672 Quippe
3195 3620 3342 3661 anno
3373 3605 3576 3665 Christi

2001 3682 2090 3748 54,
2121 3684 2272 3753 cyclo
2298 3686 2426 3740 solis
2458 3703 2546 3750 xv,
2583 3687 2722 3742 inme
2757 3707 2864 3757 xw,
2892 3691 3067 3748 littera
3095 3695 3326 3763 DonnC,
3361 3700 3578 3753 noviln-

2003 3773 2153 3827 nium
2185 3774 2456 3832 Nic-senum
2505 3779 2711 3850 (quod,
2750 3790 2808 3836 ut
2833 3799 2974 3854 saepe
3007 3788 3216 3853 monui,
3252 3789 3381 3842 olim
3414 3791 3577 3846 etiam

2004 3864 2071 3918 ad
2098 3865 2300 3921 Christi
2328 3870 2592 3950 saeculum
2620 3876 3144 3946 accommodabant)
3175 3880 3402 3950 contigit
3439 3881 3579 3935 Mar—

2006 3956 2063 4010 tii
2093 3973 2221 4025 vin;
2269 3959 2396 4015 luna
2443 3962 2868 4033 decimaquarta,
2913 3983 2987 4022 xu
3031 3967 3152 4023 Kal.
3198 3970 3416 4041 Aprilis,
3465 3974 3579 4030 sive

2004 4046 2181 4103 Martii
2213 4066 2341 4118 xxi;
2375 4050 2582 4109 Pascha
2610 4072 2640 4108 v
2675 4056 2794 4110 Kal.
2833 4059 3005 4128 April.
3037 4061 3150 4116 sive
3177 4061 3353 4118 Martii
3383 4081 3575 4133 χχι-ιιι,

2005 4151 2064 4195 ut
2095 4158 2160 4197 ex
2197 4142 2434 4216 Dionysii
2468 4162 2531 4202 ac
2560 4146 2716 4204 Beda:
2753 4151 2920 4221 cyclis
2973 4164 3216 4222 apparet.
3247 4155 3410 4212 iidem
3445 4159 3578 4213 cha-

2005 4241 2242 4288 racteres
2267 4251 2410 4289 anno
2441 4237 2544 4291 566
2567 4251 2892 4310 congruunt.
2922 4243 3038 4298 Non
3072 4245 3236 4316 igitur
3265 4249 3423 4304 annis
3458 4250 3578 4307 istis

2006 4323 2130 4377 litua
2166 4341 2254 4378 xiv
2283 4327 2472 4382 incidit
2497 4329 2548 4382 in
2577 4347 2626 4384 ιχ
2662 4331 2779 4385 lial.
2814 4334 2944 4404 Apr.
2977 4334 3108 4391 feria
3139 4354 3191 4404 v,
3222 4338 3428 4395 PaSt-ha
3448 4357 3580 4398 vero

2007 4415 2062 4470 in
2097 4433 2145 4472 vi
2179 4417 2322 4481 Kal.,
2350 4421 2493 4489 quod
2529 4431 2587 4475 ut
2625 4424 2858 4490 eveniat,
2891 4427 3074 4496 cyelus
3096 4443 3217 4484 esse
3251 4430 3407 4487 debet
3439 4433 3582 4489 luna:

2008 4525 2125 4570 χιιι,
2154 4511 2284 4567 solis
2315 4529 2426 4574 χχι,
2463 4515 2565 4570 hoc
2597 4523 2679 4570 est
2701 4516 3022 4574 Christiana:
3047 4535 3167 4576 cerae
3190 4539 3284 4577 χιι.
3303 4523 3581 4590 Quamob-

2010 4617 2118 4656 rem
2151 4613 2355 4659 ut-vera
2389 4606 2516 4669 sint,
2554 4623 2675 4678 quae
2703 4624 2730 4662 a
2762 4609 2903 4666 Beda
2937 4612 3260 4681 traduntur,
3289 4633 3391 4671 non
3415 4634 3582 4672 xxxiv

2005 4695 2178 4748 aetatis
2209 4711 2374 4759 anno,
2406 4698 2496 4754 sed
2539 4715 2616 4754 χιι
2651 4708 2926 4756 mortuum
2957 4718 3079 4760 esse
3111 4707 3385 4762 Christum
3419 4724 3580 4776 opor-

2010 4792 2105 4838 tet.
2145 4783 2248 4840 Sed
2285 4797 2559 4858 utcunque
2588 4791 2805 4861 ascripti
2851 4809 2880 4848 a
2925 4793 3065 4850 Beda
3095 4797 3268 4852 Martii
3313 4799 3431 4854 dies
3481 4801 3581 4856 lia-

2009 4875 2166 4931 beant
2198 4893 2318 4934 sese
2355 4899 2367 4932 :
2400 4880 2444 4933 si
2476 4897 2620 4937 anno
2664 4883 2756 4939 illo
2788 4902 2951 4941 xxxiv
2979 4904 3170 4959 passus
3195 4899 3278 4945 est
3304 4891 3576 4958 Christus,

2009 4982 2115 5021 non
2161 4979 2339 5036 potest
2386 4973 2509 5026 luna
2558 4991 2625 5028 xv
2670 4976 2722 5030 id
2763 4979 3046 5036 accidisse.
3079 4980 3212 5035 Nam
3243 4981 3583 5050 Nicaznaxtv,

2009 5075 2130 5128 qua:
2158 5059 2358 5116 Christi
2401 5071 2643 5133 tempore
2671 5083 2765 5120 χιιι
2793 5078 2930 5134 erat,
2960 5071 3212 5125 convenit
3253 5070 3426 5125 Martii
3460 5089 3577 5139 xxt,

2009 5149 2141 5206 feria
2187 5168 2223 5206 ι.
2275 5152 2429 5210 Unde
2471 5155 2602 5212 feria
2647 5159 2881 5215 secunda
2927 5176 3121 5230 passus
3161 5163 3269 5218 erit
3314 5162 3578 5222 Dominus

2008 5241 2184 5298 Martii
2215 5261 2352 5302 χχιι.

2079 5333 2193 5389 Νοη
2217 5337 2479 5393 minorem
2506 5340 2780 5410 cyclorum
2812 5357 3189 5415 annorumque
3213 5345 3581 5415 perturbatio-

2009 5443 2128 5482 nem
2184 5431 2423 5500 comperi
2470 5433 2611 5498 apud
2648 5432 2948 5488 Victorium
2999 5435 3348 5506 Aquitannm.
3407 5439 3578 5510 Cujus

2008 5516 2153 5602 Fasti
2185 5529 2313 5576 sunt
2345 5537 2508 5590 penes
2539 5522 2611 5577 Β.
2649 5523 2710 5578 P.
2757 5523 3107 5581 Sirmondutn
3141 5545 3262 5583 cum
3302 5527 3581 5586 Praefatio-

2006 5627 2095 5677 ne,
2131 5629 2197 5668 ex
2239 5629 2348 5684 qua
2393 5616 2650 5670 nonnulla
2684 5617 2832 5680 citat,
2870 5617 3175 5689 refellitque
3209 5620 3350 5676 Beda
3379 5623 3473 5679 lib.
3506 5622 3581 5679 De

2010 5713 2165 5775 temp.
2203 5715 2330 5776 rat.,
2364 5721 2414 5762 c.
2441 5705 2528 5761 l9.
2560 5705 2617 5762 lu
2665 5708 2752 5763 illa
2795 5723 2924 5780 ergo
2969 5709 3285 5769 l’razfatione
3310 5712 3580 5772 Victorius
