3994 6222
407 283 512 340 0ζὸ

1530 281 1866 338 APPENDIX
1915 279 2546 342 DISSEKTATIONUM.

3545 299 3648 354 954

409 401 506 467 (ita
534 397 676 456 enim
707 401 758 455 in
789 402 1155 456 vetustissimo
1188 401 1276 456 illo
1311 401 1496 458 codice
1533 405 1866 466 nominatur,
1895 413 1974 456 al-
2004 406 2050 466 Α
2079 401 2358 463 Passionis
2389 410 2666 474 habeatur,
2698 411 2842 480 quod
2875 411 3105 471 fortasse
3131 415 3310 470 verius
3332 425 3436 472 est.
3465 415 3648 484 Quan-

407 507 514 562 que
541 493 703 547 etiam
741 491 955 558 Victor,
992 511 1096 548 non
1137 491 1484 566 Victorinus)
1515 497 1582 551 de
1625 509 1767 550 anno
1795 495 1976 550 Domi-

407 585 544 638 nica:
571 583 848 638 Passionis
877 601 1064 652 agens,
1117 583 1338 640 Passum
1376 599 1580 652 autem,
1623 587 1819 656 inquit,
1869 585 1975 640 Do-

409 675 606 727 minum
642 685 876 728 nostrqu
911 675 1090 730 Iesum
1127 675 1395 730 Christum
1435 680 1662 747 peractis
1694 677 1832 732 5228
1877 695 1974 732 an-

407 763 485 815 nis
549 763 607 821 ab
664 773 782 818 ortu
822 766 1004 818 mundi
1055 768 1232 820 eadem
1285 765 1658 820 (Ilu'onicorum
1723 767 1974 822 relatione

407 861 730 906 monstratur
784 854 898 925 (de
959 853 1196 922 Eusebii,
1261 857 1568 928 liicroiiymi
1623 867 1676 912 et
1723 857 1970 927 Prosperi

401 942 692 998 Chronic-is
734 945 1034 1016 loquitur).
1069 947 1222 1013 Quod
1248 959 1446 1018 gestuin
1485 949 1760 1004 inchoante
1800 965 1970 1004 χχχιιι

405 1049 542 1088 mmo
568 1053 670 1088 non
691 1045 858 1104 potest
880 1038 1134 1094 dubitari.
1169 1041 1436 1112 Siquidem
1459 1055 1551 1094 VIII
1578 1039 1809 1096 Kalend.
1837 1044 1966 1112 Apr.

401 1128 572 1195 primo
621 1142 796 1180 mense
835 1127 959 1180 luna
1000 1145 1086 1183 χιν
1113 1147 1314 1200 vespere
1357 1130 1700 1201 praecedente,
1733 1131 1868 1184 sicut
1903 1131 1968 1185 ab

401 1219 555 1271 initio
589 1225 842 1272 creatura:
881 1229 1072 1288 quarta
1116 1219 1258 1290 facta
1303 1231 1398 1286 est,
1439 1223 1651 1292 coepisse
1679 1221 1966 1276 doceatur:

400 1310 766 1378 adjunctisque
814 1309 1052 1366 bissenis
1102 1315 1171 1366 ad
1214 1331 1468 1368 summurn
1503 1314 1644 1368 59.28
1687 1325 1964 1382 annorum,

398 1407 628 1473 sequenti
654 1405 706 1470 8,
739 1421 806 1458 χχ
835 1420 992 1468 anno,
1023 1423 1054 1460 ι·
1093 1408 1226 1477 furia
1259 1409 1403 1462 docet
1436 1424 1490 1461 se
1521 1407 1802 1461 traditione
1831 1423 1963 1476 pra:-

397 1507 622 1554 reutum.
655 1497 837 1554 Primo
869 1518 984 1554 vero
1023 1501 1338 1568 Azgmurum
1374 1501 1457 1553 die
1498 1499 1750 1554 Dominus
1793 1509 1966 1554 noster

394 1591 548 1646 Jesus
580 1591 818 1649 Christus
854 1611 1058 1648 cmnans
1102 1609 1216 1645 cum
1247 1591 1523 1664 discipulis
1552 1594 1660 1646 suis
1689 1603 1964 1662 postquam

395 1685 478 1736 sui
505 1687 756 1754 corporis
812 1696 859 1740 et
900 1685 1172 1756 sanguinis
1219 1695 1549 1737 sacramenta
1591 1685 1859 1754 patefecit,
1895 1685 1964 1738 ad

2075 509 2238 563 quam
2291 497 2358 552 de
2400 499 2492 554 illo
2536 500 2691 556 Beda!
2736 497 2858 557 loco
2906 505 3251 575 cogitandum
3279 507 3512 576 amplius
3543 519 3650 564 est.

2076 584 2229 652 Quod
2259 589 2404 642 enim
2443 591 2618 660 ipsum
2647 605 2676 646 a
2707 587 2880 648 Natali
2929 609 3136 651 annum
3179 597 3450 667 auspicari
3493 600 3652 652 volu-

2075 693 2230 744 mus;
2267 679 2317 733 id
2343 681 2510 749 quod,
2541 681 2650 738 nisi
2695 685 2954 741 mendosa
2999 687 3163 742 Verba
3209 697 3358 755 sunt,
3394 703 3652 743 necessa—

2073 767 2214 821 rium
2245 769 2476 836 videtur,
2509 783 2634 825 cum
2667 769 2994 846 Dionysiana
3029 779 3234 845 epocha
3285 779 3468 833 minus
3511 793 3653 848 qua-

2071 855 2193 909 drat
2210 895 2226 915 .
2253 871 2370 926 qua:
2409 873 2437 910 a
2485 857 2678 914 Martio
2707 873 2892 916 mense
2913 861 3054 918 inire
3075 875 3452 921 consueverat.
3477 865 3650 935 Atqui

2075 945 2166 1000 701
2206 961 2384 1002 annus
2413 947 2466 1002 in
2492 943 2664 1004 Natali
2695 947 3048 1007 lndictionem
3071 953 3233 1008 habet
3257 969 3346 1008 χν.
3371 953 3652 1020 Quocirca

2071 1033 2152 1088 vel
2197 1035 2522 1094 indictioncs
2567 1037 2822 1096 Romanae
2862 1041 2976 1111 iam
3019 1051 3138 1097 tum
3177 1053 3208 1097 a‘
3253 1041 3518 1100 Januario
3559 1047 3650 1099 in-

2069 1126 2277 1182 choatae
2301 1137 2450 1194 sunt,
2475 1137 2528 1184 et
2555 1131 2607 1183 in
2639 1131 2888 1186 ultimum
2907 1132 3222 1190 Decembris
3245 1135 3388 1190 diem
3416 1135 3644 1203 desitae;

2067 1221 2154 1277 vel
2185 1235 2283 1292 pro
2313 1221 2408 1276 701
2443 1223 2584 1292 apud
2614 1219 2816 1278 Bedam
2859 1221 2964 1280 700
3009 1225 3295 1297 legendum
3316 1268 3334 1296 ,
3377 1229 3650 1298 quemad-

2068 1312 2286 1368 modum
2325 1311 2522 1385 legisse
2553 1313 2876 1371 scholiastes
2911 1317 3155 1387 \idetnr;
3186 1319 3270 1373 vel
3293 1319 3530 1390 denique
3560 1322 3648 1374 in-

2065 1404 2232 1460 dictio
2256 1419 2324 1458 xv
2350 1419 2450 1474 pro
2473 1419 2562 1460 χιν
2587 1403 2987 1462 substituenda.
3023 1407 3178 1474 Quod
3209 1409 3253 1462 si
3287 1408 3392 1464 700
3433 1419 3646 1464 annum

2065 1495 2206 1552 Beda
2241 1497 2481 1568 scripsit,
2515 1506 2630 1552 tum
2665 1499 2854 1568 utique
2874 1501 2944 1556 53
2984 1513 3130 1554 anno
3157 1500 3224 1554 ab
3253 1501 3646 1555 [incarnatione

2065 1603 2260 1659 passus
2304 1589 2407 1644 erit
2443 1585 2727 1656 Dominus,
2757 1591 2930 1647 aetatis
2969 1607 3120 1646 χχχιι
3163 1592 3402 1648 ineunte.
3437 1592 3645 1647 Paulus

2065 1680 2484 1749 Foroscmpron.
2535 1681 2636 1739 lib.
2663 1697 2714 1736 Iv
2745 1683 3010 1752 Paulina,
3035 1683 3132 1740 701
3181 1685 3398 1754 quidem
3431 1700 3642 1739 annum

394 1753 619 1829 montem
667 1777 858 1832 Oliveti
881 1819 894 1842 ,
928 1753 1064 1831 sicut
1115 1773 1400 1847 Evangelia
1451 1785 1633 1829 sancta
1683 1785 1960 1838 testantur,
1997 1753 2037 1808 Β
2064 1773 2168 1827 hoc
2215 1773 2270 1827 in
2314 1773 2470 1828 Beda!
2495 1773 2618 1828 loco
2647 1775 2856 1844 posuit;
2893 1775 2986 1830 sed
3021 1791 3051 1830 a
3085 1753 3348 1831 Passionc
3378 1771 3504 1842 669,
3529 1793 3643 1832 non

391 1883 720 1938 progressus,
748 1869 919 1938 ibique
943 1870 1180 1923 detentus
1213 1876 1288 1921 est
1321 1885 1352 1920 a
1385 1863 1590 1922 Iudicis
1614 1867 1847 1921 tradente
1880 1869 1963 1921 tti-

392 1959 616 2028 scipulo.
647 1959 894 2030 Deinceps
929 1976 978 2014 \‘l
1005 1959 1139 2028 feria
1168 1959 1506 2030 subsequente
1525 2001 1538 2024 ,
1563 1959 1618 2011 id
1639 1969 1710 2012 est
1735 1975 1804 2012 ιιι
1832 1955 1959 2013 Kal.

391 2053 519 2120 Apr.
553 2053 840 2122 crucifixus
875 2065 950 2108 cst
1001 2065 1048 2108 et
1080 2053 1332 2122 sepultus.
1369 2053 1542 2108 Tertia
1575 2051 1679 2118 die,
1706 2053 1802 2104 hoc
1831 2059 1905 2105 est
1931 2067 1962 2106 ν

390 2141 520 2198 Kal.
557 2143 684 2212 Apr.
721 2145 992 2198 Dominico
1040 2147 1272 2198 surrexit
1325 2159 1356 2196 a
1397 2144 1640 2198 mortuis.
1689 2139 1963 2198 Hactenus

393 2232 724 2290 Victorinus.
764 2235 864 2301 Qui
909 2249 1132 2304 passum
1187 2243 1463 2290 asseverat
1493 2233 1771 2288 Clu-istum
1817 2231 1962 2286 Mar-

389 2326 446 2380 tii
483 2342 630 2392 χχγι,
665 2327 798 2383 feria
820 2344 894 2394 Vl,
923 2328 1290 2384 resurrexisse
1311 2343 1439 2383 vero
1463 2326 1636 2380 Martii
1667 2341 1856 2380 χχνιιι.
1881 2325 1961 2381 lta

389 2414 739 2472 Dominicalis
761 2417 940 2472 littera
969 2417 1131 2473 fuerit
1152 2417 1214 2482 C,
1243 2417 1334 2486 qui
1365 2417 1650 2472 character
1677 2431 1820 2468 anno
1842 2429 1962 2468 ret-te

387 2509 733 2580 Dionysiana:
759 2527 922 2566 χχχιιι
948 2510 1218 2582 congruit,
1252 2510 1402 2582 cyclo
1429 2510 1559 2565 solis
1593 2525 1678 2563 xv.
1701 2507 1802 2563 Sed
1836 2523 1960 2562 cum

387 2601 534 2656 dicat
576 2602 760 2656 lunam
798 2601 972 2656 Martii
1005 2620 1128 2668 xxv,
1166 2617 1276 2672 quo
1318 2603 1406 2657 die
1452 2601 1668 2672 epulum
1699 2599 1960 2654 Paschale

389 2691 699 2756 celebravit,
732 2691 898 2748 fuisse
925 2693 1110 2747 lunam
1144 2709 1270 2756 xiv;
1305 2693 1408 2747 hoc
1441 2689 1655 2745 nonnisi
1689 2691 1840 2760 cyclo
1863 2689 1961 2744 Ni-

390 2795 540 2838 caeno
570 2783 807 2838 secundo
849 2783 1126 2848 convenit,
1155 2783 1236 2838 vel
1266 2799 1384 2848 χιιι,
1423 2783 1467 2838 si
1496 2781 1760 2838 decimam
1791 2797 1958 2851 quar-

389 2883 496 2928 tam
525 2875 812 2945 appellavit
837 2875 1104 2930 decimam
1148 2875 1414 2946 quintam.
1451 2871 1647 2946 Cyclus
1681 2889 1776 2927 xm
1805 2887 1958 2928 cmu-

387 2965 519 3033 pc1it
562 2979 705 3019 anno
753 2964 1081 3038 Dionysiauo
1113 2967 1201 3020 5|.
1234 2965 1415 3032 Quare
1457 2965 1509 3018 in
1543 2979 1686 3018 anno
1716 2965 1850 3036 cycli
1884 2965 1961 3018 lu-

385 3055 533 3110 naris
559 3071 681 3110 cum
711 3053 1034 3126 Epiphanio,
1065 3071 1129 3110 ac
1159 3055 1432 3110 veteribus
1459 3053 1758 3117 consentit;
1786 3053 1837 3106 in
1870 3067 1958 3106 so-
1985 3089 2027 3148 ο

385 3145 484 3199 lari
514 3147 664 3216 cyclo
695 3163 817 3202 cum
845 3147 983 3202 Beda
1015 3161 1078 3202 ac
1109 3146 1352 3216 reliquis.
1403 3145 1460 3198 In
1485 3143 1741 3215 expansis
1763 3141 1959 3198 Fasto-

385 3254 502 3292 rum
533 3239 691 3294 annis
721 3239 1122 3309 perturbatiora
1154 3239 1337 3294 omnia
1385 3247 1534 3294 sunt.
1583 3239 1695 3293 Illic
1739 3235 1955 3293 cruciﬁ-

385 3347 514 3384 xum
548 3345 669 3386 esse
687 3329 974 3384 Dominum
1005 3330 1080 3384 ait
1111 3344 1253 3386 coss.
1285 3327 1500 3384 duobus
1529 3325 1804 3394 Geminis;
1827 3327 1952 3398 qui-

385 3422 480 3474 bus
531 3431 910 3476 successerunt
955 3419 1130 3478 Rufus
1180 3431 1234 3476 et
1285 3419 1602 3484 Rubellius,
1642 3435 1786 3474 anno
1833 3427 1954 3488 post

387 3511 626 3566 Natali-In
673 3511 764 3579 52,
793 3529 901 3582 quo
945 3527 1089 3568 anno
1130 3513 1338 3569 Pascha
1393 3511 1580 3568 incidit
1606 3527 1662 3565 ιιι
1717 3508 1950 3580 ld.Apr.

387 3605 512 3658 luna
541 3620 628 3658 χχ.
655 3602 769 3670 Qua
795 3603 1000 3660 ratione
1029 3607 1214 3676 cyclus
1249 3605 1352 3658 erit
1375 3604 1518 3658 luna:
1541 3617 1578 3667 I,
1609 3603 1711 3656 litt.
1737 3599 1950 3658 Domiu.

385 3697 449 3759 (ζ,
483 3713 602 3765 qua:
627 3697 816 3752 eadem
837 3705 892 3752 ct
919 3711 1061 3752 anno
1083 3697 1152 3751 5-4
1187 3696 1515 3768 Dionysiano
1541 3695 1808 3766 congruit.
1849 3693 1953 3748 Sed

384 3788 520 3857 ryrli
555 3787 1066 3844 dcccmnoveunalis
1097 3787 1400 3846 fmdissima
1433 3787 1747 3858 depravatio
1777 3799 1880 3843 est.

451 3879 571 3934 Jam
600 3881 744 3951 quod
780 3882 846 3936 ad
885 3881 1038 3936 Beda:
1075 3881 1256 3936 locum
1291 3890 1515 3952 spectat,
1545 3880 1598 3933 in
1627 3893 1736 3950 quo
1768 3881 1955 3935 scribit

385 3987 526 4026 anno
571 3971 902 4044 Dionysiano
958 3970 1054 4025 701
1105 3971 1420 4026 adnotatum
1467 3969 1633 4026 fuisse
1683 3985 1883 4024 annum
1922 3984 1954 4024 a

385 4062 642 4117 l‘assione
673 4063 882 4118 Domini
913 4061 1037 4126 668,
1065 4063 1360 4118 indictione
1405 4077 1524 4130 xw;
1573 4061 1624 4116 in
1661 4061 1952 4116 Annalibus

383 4154 725 4210 librariorum
757 4156 912 4224 culpa
942 4155 1036 4208 ’701
1084 4171 1181 4224 pro
1206 4153 1310 4208 70:7.
1337 4155 1618 4224 irrepsisse
1669 4155 1905 4210 creditur
1934 4174 1948 4210 :

382 4246 522 4312 quod
567 4247 804 4301 maxime
851 4247 1038 4300 miror.
1082 4245 1218 4300 Nam
1252 4245 1353 4300 70?.
1382 4261 1525 4300 anno
1555 4261 1662 4299 non
1695 4261 1780 4299 χιν
1813 4244 1954 4300 ἱιιόί-

381 4335 510 4398 ctio,
556 4337 646 4392 sed
699 4354 767 4391 xv
817 4339 1092 4408 competit,
1134 4353 1254 4408 qua:
1300 4337 1368 4392 ab
1414 4339 1760 4393 at'tteccdcnlc
1801 4338 1950 4406 Sept.

2063 1863 2186 1919 668.
2219 1859 2297 1918 Εχ
2348 1879 2457 1934 quo
2505 1861 2759 1935 idipsunt,
2795 1867 2938 1936 quod
2985 1867 3148 1922 modo
3183 1867 3640 1939 signiﬁca-vimus,

2063 1957 2288 2028 colligit,
2317 1953 2590 2012 Christum
2627 1971 2690 2012 ex
2723 1957 2938 2012 illorum
2964 1960 3227 2014 sententia
3263 1973 3484 2030 passum
3513 1975 3644 2016 esse

2061 2049 2236 2103 aetatis
2263 2065 2410 2104 anno
2435 2065 2584 2116 χχχι,
2607 2065 2730 2104 eum
2757 2049 2932 2106 tribus
2957 2051 3258 2108 mensibus.
3289 2052 3502 2106 Etenim
3535 2069 3638 2106 an-

2063 2138 2137 2199 ni,
2169 2138 2363 2209 inquit,
2412 2158 2444 2193 α
2491 2137 2767 2206 Passione,
2813 2151 2862 2196 et
2905 2139 3282 2199 Insarnationc
3327 2145 3510 2199 eodem
3551 2145 3641 2200 die

2063 2229 2410 2294 inchoantur;
2444 2231 2538 2283 hoc
2569 2240 2646 2284 est
2689 2233 2754 2285 ab
2785 2247 2876 2286 vm
2907 2231 3032 2286 Kal.
3069 2235 3202 2300 Apr.
3245 2234 3388 2306 Ergo
3431 2251 3642 2310 necesse

2061 2327 2140 2373 est
2159 2321 2440 2373 scentulum
2457 2319 2656 2376 Bedam
2679 2331 2842 2377 totum
2867 2325 3022 2378 illum
3047 2341 3267 2392 annum,
3287 2329 3378 2397 qui
3403 2339 3516 2381 erat
3533 2330 3634 2384 701
3707 2385 3712 2389 _

2061 2411 2130 2463 ab
2165 2407 2561 2480 lncarnatione,
2595 2429 2706 2470 esse
2731 2433 2764 2468 a
2795 2415 3050 2471 Passione
3085 2417 3208 2475 669.
3253 2418 3480 2474 Detrahe
3519 2421 3640 2489 jam
3673 2415 3686 2428 ⁸

2061 2515 2226 2556 annos
2255 2503 2360 2558 669
2389 2521 2422 2558 a
2465 2505 2589 2570 70l,
2631 2507 2899 2562 restabant
2933 2511 3060 2563 anni
3109 2523 3222 2565 xm
3277 2511 3342 2564 ab
3377 2511 3638 2566 Incurua-

2063 2597 2203 2650 tione
2231 2597 2300 2649 ad
2321 2591 2628 2652 Passionem
2659 2599 2902 2655 deductis
2929 2605 3194 2658 mensibus
3219 2619 3418 2664 navem.
3445 2623 3638 2674 passus

2059 2697 2136 2742 est
2167 2687 2408 2743 Christus
2445 2705 2582 2744 anno
2605 2693 2664 2746 51
2699 2707 2816 2746 cum
2847 2695 3014 2748 tribus
3049 2695 3333 2750 mensibus.
3371 2695 3497 2752 Haec
3523 2697 3636 2752 ille.

2061 2779 2260 2836 Verum
2287 2793 2551 2854 repugnat
2579 2783 2823 2850 iudictio,
2863 2787 2968 2840 nisi
3011 2787 3170 2842 aliter
3201 2789 3355 2843 locus
3380 2789 3638 2844 emende-

2062 2883 2167 2927 tur.
2203 2871 2278 2927 Εχ
2325 2874 2392 2929 iis
2439 2875 2692 2931 omnibus
2743 2877 3076 2934 validissime
3115 2873 3272 2933 Bothe
3303 2877 3390 2933 illa
3425 2881 3640 2934 sanctio

2059 2963 2344 3032 refellitur,
2373 2977 2479 3036 qua
2510 2981 2574 3022 ex
2599 2965 2854 3023 Ecclesiae
2881 2968 2984 3024 ille
3007 2967 3284 3025 Christum
3311 2979 3464 3041 putat
3487 2987 3638 3025 mor-

2060 3063 2209 3110 tuum
2242 3071 2384 3111 anno
2414 3055 2502 3122 54,
2539 3057 2848 3128 vixisseque
2873 3074 3046 3115 annos
3085 3075 3275 3126 χχχιιι,
3309 3077 3524 3117 menses
3553 3079 3636 3116 ιιι.

2062 3146 2234 3214 Quam
2267 3149 2486 3218 quidem
2520 3149 2827 3220 opinionem
2861 3153 3116 3207 nemiuem
3161 3169 3240 3218 se,
3267 3156 3358 3223 qui
3400 3156 3638 3214 quadrn-

2061 3247 2159 3305 ret,
2196 3241 2444 3310 reperisse
2481 3239 2688 3297 Paulus
2715 3241 3071 3314 Middelburg.
3102 3241 3374 3299 atllrmat:
3413 3245 3540 3316 quin
3583 3255 3639 3301 et

2061 3329 2259 3386 Bedam
2292 3347 2322 3386 a
2347 3331 2529 3404 seipso
2557 3333 2866 3398 dissentire,
2893 3335 2986 3404 qui
3021 3335 3071 3388 iu
3093 3333 3374 3399 Chronico,
3398 3337 3513 3392 sive
3535 3337 3632 3391 lib.

2061 3420 2138 3474 De
2180 3438 2272 3476 sea:
2312 3423 2838 3493 aetatibus,Augusto
2866 3440 3039 3480 annos
3069 3441 3178 3489 LVI,
3209 3435 3263 3481 et
3294 3441 3386 3481 sex
3417 3443 3634 3482 mcuscs

2059 3511 2480 3582 ssaiguatztum
2531 3513 2808 3568 Christum
2857 3529 3001 3569 anno
3043 3515 3189 3569 illius
3231 3531 3344 3571 χιιι
3387 3517 3440 3571 in
3493 3519 3636 3572 hunc

2061 3603 2321 3656 mundum
2349 3603 2632 3659 advenisse
2657 3601 2878 3670 scribit,
2903 3619 3046 3660 anno
3075 3607 3226 3663 urbis
3247 3607 3380 3671 752',
3419 3605 3630 3680 Οιςηψ.

2061 3689 2162 3746 liti
2205 3707 2348 3746 anno
2381 3695 2572 3759 tertio,
2604 3709 2824 3764 passum
2873 3711 3004 3751 vero
3053 3697 3256 3752 Tiberii
3299 3713 3450 3753 mn.
3483 3697 3634 3758 finde

2059 3801 2398 3856 consequens
2421 3793 2504 3841 est
2524 3787 2724 3842 vixisse
2753 3789 2854 3840 sub
2881 3789 3127 3858 Augusto
3147 3803 3321 3844 annos
3350 3807 3457 3857 xiv,
3485 3807 3629 3844 nien-

2059 3893 2149 3933 ses
2184 3893 2274 3945 Ix;
2325 3877 2427 3931 sub
2479 3875 2697 3932 Tiberio
2733 3893 2906 3933 annos
2939 3895 3072 3942 xm,
3121 3895 3336 3935 menses
3363 3897 3434 3934 vI.
3469 3882 3620 3935 (lolii

2059 3979 2262 4041 gnutur
2304 3969 2430 4024 anni
2461 3985 2633 4034 χχχιι,
2664 3985 2877 4025 Incuses
2925 3987 2983 4024 ιιι
3033 3971 3102 4024 ab
3155 3971 3568 4034 incarnatione;
3599 3988 3628 4025 ιι

2059 4061 2346 4116 Nativitate
2388 4061 2516 4114 anni
2545 4075 2695 4122 χχχι,
2729 4075 2944 4114 menses
2983 4075 3062 4114 ιιι.
3097 4061 3366 4127 Quocirca
3423 4069 3628 4116 veteres

2059 4153 2540 4224 Middelhurgensis
2566 4153 2838 4207 existimat
2861 4153 3077 4206 Christo
3103 4153 3155 4206 in
3182 4169 3346 4208 carne
3375 4155 3634 4208 tribuisse

2060 4261 2231 4302 annos
2261 4261 2432 4299 χχχιιι
2473 4245 2710 4298 nondum
2750 4243 3060 4308 absolutos;
3097 4245 3186 4296 sed
3217 4259 3322 4298 non
3359 4247 3428 4296 ad
3475 4243 3632 4299 Bedtr

2059 4353 2294 4396 sensum,
2313 4335 2510 4402 quihos
2543 4351 2708 4387 annos
2740 4345 2890 4388 extra
2919 4345 3125 4388 uterum
3155 4351 3188 4388 ιι
3213 4333 3404 4390 Natali
3427 4353 3630 4406 compa-

381 4429 564 4494 crrpit.
599 4427 748 4484 Undc
789 4431 959 4484 multo
991 4437 1070 4484 cst
1104 4429 1452 4484 verisimilius
1491 4427 1732 4482 Natalem
1777 4427 1949 4488 illum.
1985 4441 2035 4504 ι)
2062 4437 2139 4481 tat
2171 4444 2188 4481 :
2226 4427 2318 4482 sed
2346 4426 2437 4488 ita,
2465 4433 2522 4479 ut
2553 4425 2620 4478 ab
2644 4425 3018 4480 incarnatione
3045 4425 3158 4494 ipsa
3193 4437 3573 4481 numerentur.

382 4532 490 4582 quo
526 4516 577 4568 in
611 4518 780 4572 cereis
807 4519 908 4574 ista
945 4519 1190 4588 legerunt
1221 4519 1500 4582 monachi,
1534 4517 1702 4572 fuisse
1731 4533 1833 4570 xxv
1856 4515 1952 4570 Dc-

379 4604 613 4658 ccmbris
636 4607 762 4661 anni
797 4605 1106 4679 Dionysiani
1133 4607 1258 4670 700,
1290 4623 1318 4660 ιι
1345 4625 1454 4678 quo
1481 4607 1566 4662 die
1587 4607 1789 4662 Christi
1821 4607 1948 4660 anni

381 4697 659 4750 numerari
705 4698 979 4767 quondam
1027 4701 1294 4756 solebant.
1333 4700 1437 4754 Sed
1486 4697 1589 4752 hoc
1638 4709 1795 4768 pacto
1823 4697 1950 4752 anni

379 4788 658 4844 Passionis
687 4791 756 4846 ab
783 4791 1130 4846 antecedente
1163 4791 1359 4856 Natali,
1393 4793 1496 4846 hoc
1529 4802 1613 4847 est
1643 4793 1814 4845 tribus
1843 4790 1951 4846 fere

380 4891 504 4936 ante
553 4882 694 4938 dicm
747 4885 923 4954 ipsum
972 4883 1250 4938 Passionis
1313 4885 1614 4948 mensibus,
1663 4883 1948 4938 inchoandi

377 4984 694 5042 suut;nam
729 4976 830 5031 sie
858 4975 958 5029 700
1005 4975 1270 5030 absolutis
1320 4975 1540 5046 triginta
1584 4987 1693 5030 tres
1746 4976 1950 5031 solidos

377 5067 636 5132 deducas,
663 5067 943 5123 restabuut
968 5065 1070 5121 667
1101 5068 1355 5122 absoluti.
1384 5067 1504 5121 Ideo
1533 5068 1625 5122 701
1665 5068 1840 5122 iniens
1869 5077 1952 5122 est

375 5157 481 5213 668
511 5160 734 5228 perinde
781 5161 978 5228 iniens,
1021 5159 1110 5228 qui
1167 5177 1198 5214 ει
1251 5157 1422 5214 Natali
1471 5159 1949 5230 septingentesimo

377 5253 708 5324 Dionysiano
764 5252 952 5308 indict.
993 5269 1080 5306 χιιν
1129 5253 1335 5323 incipit.
1368 5251 1520 5317 Quod
1563 5252 1606 5306 si
1656 5251 1773 5321 ipso
1818 5251 1948 5306 anui

375 5345 476 5399 701
511 5343 686 5400 Natali
720 5344 902 5409 iniret,
947 5353 1094 5400 esset
1127 5360 1235 5399 non
1262 5360 1348 5398 xiv
1371 5343 1616 5408 indictio,
1642 5345 1734 5398 sed
1761 5357 1848 5396 xv.
1875 5341 1950 5396 Ac

377 5437 490 5492 lieri
521 5441 737 5508 quidem
767 5449 960 5508 potest,
997 5445 1054 5490 ut
1083 5437 1328 5492 Romana
1360 5435 1597 5492 Ecclesia
1619 5433 1950 5502 temporibus

374 5529 484 5581 illis
504 5530 774 5586 Christum
808 5531 982 5584 artatis
1008 5545 1152 5584 anno
1177 5545 1348 5583 χχχιιι
1383 5543 1602 5598 passum
1647 5541 1769 5582 esse
1815 5540 1946 5579 cen-

375 5619 566 5672 suerit.
598 5620 674 5674 l:a
709 5636 944 5688 namque
973 5621 1484 5690 septingentesimus
1522 5617 1708 5672 exiens
1751 5615 1949 5671 incidet

374 5708 436 5762 in
467 5724 668 5762 alluqu
701 5711 975 5764 Passionis
997 5710 1131 5776 668;
1156 5713 1198 5765 si
1226 5711 1480 5766 nimirqu
1513 5725 1708 5777 χχχιιι,
1740 5709 1949 5778 primus

2120 4521 2255 4573 Nam
2306 4519 2448 4589 quod
2485 4517 2737 4572 Ecclesia:
2784 4517 3107 4572 auctoritate
3149 4519 3244 4588 qui
3295 4533 3422 4573 cum
3471 4511 3628 4575 lli-dte

2051 4613 2374 4666 sententiam
2411 4611 2555 4665 illam
2591 4617 2842 4664 astruunt
2871 4610 2966 4663 niti
3007 4625 3064 4664 sc
3095 4611 3436 4679 proﬁtentur,
3470 4613 3624 4665 velint

2050 4703 2265 4757 concilii
2307 4701 2539 4770 alicujus
2565 4703 2863 4764 decretum,
2899 4701 3004 4755 hoc
3041 4711 3120 4756 cst
3151 4715 3506 4756 communem
3527 4702 3625 4758 Ec-

2052 4794 2227 4848 clesia:
2257 4807 2465 4855 vocem,
2512 4801 2606 4846 aut
2643 4793 2993 4862 antiquorum
3039 4801 3186 4846 certe
3223 4791 3446 4847 Patrum
3493 4807 3623 4846 ron-

2051 4896 2283 4940 stantem
2337 4887 2390 4938 in
2447 4885 2535 4939 illa
2599 4883 2798 4938 tuenda
2853 4885 3270 4938 consensionem
3327 4879 3622 4954 proferant,

2049 4979 2198 5050 quod
2225 4995 2501 5048 nunquam
2535 4977 2759 5031 omnino
2799 4977 3097 5047 perﬁcient.
3149 4971 3261 5030 Nec
3287 4977 3433 5029 enim
3477 4975 3626 5045 igno-

2051 5087 2173 5126 rare
2207 5086 2523 5140 possumus,
2558 5077 2898 5140 quantopere
2931 5083 2958 5122 a
3000 5083 3060 5122 se
3099 5067 3332 5122 invicem
3365 5064 3468 5120 PP.
3505 5083 3624 5120 om-

2050 5171 2147 5211 nes
2174 5169 2296 5211 cum
2335 5157 2388 5210 in
2427 5169 2571 5210 anno
2603 5155 2900 5220 Passionis,
2945 5165 3058 5209 tum
3107 5157 3166 5209 in
3195 5156 3282 5208 die
3317 5155 3437 5224 ipso
3461 5156 3622 5209 dissi-

2049 5249 2230 5302 deant.
2267 5239 2500 5302 l'rcnaeus
2551 5247 2920 5316 apostolorum
2963 5250 3362 5316 propemodum
3401 5245 3622 5316 aequalis

2051 5340 2190 5394 inter
2235 5339 2718 5409 quadragesimum
2757 5345 2811 5393 et
2855 5335 3370 5407 quinquagesimum
3420 5347 3617 5391 annum

2049 5432 2222 5487 anatis
2257 5447 2369 5487 sua:
2397 5443 2618 5501 passum
2649 5443 2774 5485 cssc'
2804 5425 3143 5483 Salvatorem
3185 5430 3430 5484 auseth
3465 5427 3620 5495 idque

2049 5543 2109 5580 se
2140 5535 2194 5582 et
2219 5533 2284 5579 ex
2325 5521 2638 5593 Evangelia,
2667 5531 2721 5576 et
2749 5517 2976 5576 Joannis
3009 5521 3352 5591 evangelista
3385 5519 3620 5587 (ﬁscipu-

2051 5613 2140 5678 lis,
2175 5613 2316 5685 quod
2360 5625 2389 5667 a’
2423 5609 2681 5684 Magistro
2732 5621 3074 5682 acceperant,-
3115 5607 3376 5664 didicisse
3423 5609 3616 5662 contir-

2049 5717 2180 5762 mat.
2218 5703 2601 5772 Qoemlrcnzei
2654 5703 2832 5758 locum
2887 5717 2996 5757 non
3047 5715 3194 5757 recte
3227 5703 3283 5755 in
3333 5701 3620 5755 Annalibus
