3994 6222
354 398 460 448 915

1270 407 1355 462 DE
1395 411 1580 467 ANNO
1619 413 1706 466 ET
1749 413 1857 468 DIE
1900 415 2247 474 DOMINICIE
2287 419 2663 479 PASSIONIS.

3493 434 3596 489 946

352 511 693 605 intellectum
748 520 925 577 video.
982 523 1186 594 Negant
1235 529 1378 582 enim
1436 534 1651 599 penitus
1707 536 1807 590 hoc
1859 538 1999 598 abA
2033 546 2198 605 trum,
2233 542 2343 596 imo
2388 543 2552 597 totius
2586 543 2836 600 Ecclesia:
2881 546 3019 602 hanc
3048 562 3167 602 esse
3208 549 3406 603 (idem:
3440 550 3597 605 Clu-i-

357 600 559 659 [tenam
584 622 711 664 esse
748 613 1034 683 scriptum,
1071 618 1325 673 nimirum
1354 620 1528 677 aliena
1556 639 1716 679 manu
1748 627 1923 681 inser-

352 700 470 747 tum
503 696 688 753 videri.
718 700 885 771 Cujus
912 707 1236 777 conjectura:
1268 726 1489 767 causam
1533 715 1674 769 hanc
1706 719 1919 787 potissi-

354 798 506 841 mum
546 788 795 857 aﬂ‘eruat,
830 798 970 863 quod
1000 801 1189 855 eodem
1229 802 1403 873 capite
1438 807 1603 876 paulo
1645 817 1768 863 ante
1789 825 1922 864 con-

355 878 582 932 trarium
622 884 938 952 proﬁtetur;
967 889 1293 960 baptizatum
1324 913 1446 954 esse
1473 900 1773 964 Christum,
1799 917 1921 955 eum

286 973 313 1022 ’ζ
356 973 744 1059 propemodum
779 993 884 1032 xxx
923 991 1065 1037 esset
1106 1000 1394 1059 annorum,
1437 1008 1500 1047 ac
1530 993 1756 1046 subinde
1820 993 1921 1047 tria

354 1053 621 1151 Paschata
667 1066 957 1134 peregisse,
1008 1086 1238 1139 quorum
1282 1078 1335 1131 in
1379 1053 1545 1135 tertio
1592 1082 1664 1137 sit
1710 1097 1918 1151 passus.

354 1146 483 1202 Ideo
534 1155 683 1221 quod
741 1157 1088 1231 subiungitur
1139 1180 1341 1223 meram
1401 1146 1757 1241 imposturain
1804 1189 1923 1228 esse

352 1252 528 1311 putat.

424 1334 531 1389 Sed
562 1336 663 1393 hac
699 1340 1008 1410 conjectura
1035 1346 1169 1403 nihil
1207 1350 1274 1405 ah
1300 1349 1485 1408 lrenaai
1518 1364 1692 1410 mente
1717 1364 1769 1410 et
1800 1371 1924 1410 sen-

349 1427 520 1480 tentia
546 1429 676 1501 ﬁngi
719 1442 897 1501 potest
928 1435 1177 1493 alienius.
1224 1439 1456 1497 Tantum
1486 1446 1629 1499 enim
1664 1447 1835 1511 abest,
1866 1457 1925 1501 ut

354 1515 471 1571 haec
502 1517 683 1575 Irenaei
712 1526 929 1593 propria
979 1543 1085 1582 non
1117 1530 1249 1595 sint,
1293 1543 1349 1589 ut
1390 1535 1547 1590 aliter
1572 1554 1733 1607 quam
1769 1539 1813 1593 si
1848 1540 1921 1593 ita

354 1609 603 1698 sentiret,
646 1627 711 1668 ac
761 1616 1041 1683 scriberet,
1088 1620 1233 1677 illius
1288 1626 1579 1693 procedere
1624 1629 1921 1698 disputatio

352 1697 504 1751 nullo
524 1700 686 1755 modo
713 1705 964 1772 potuerit.
994 1706 1196 1779 Agirin
1230 1712 1325 1767 illo
1355 1714 1473 1770 loco
1493 1726 1680 1772 contra
1706 1697 1924 1774 Cnosti-

350 1802 449 1841 cos
477 1789 749 1846 tricenarii
792 1798 1027 1862 numeri,
1070 1814 1133 1854 ac
1164 1799 1486 1860 Pleromatis
1528 1816 1803 1877 patronos,
1828 1812 1918 1878 qui

352 1878 423 1933 30
451 1896 597 1936 anno
634 1882 857 1940 ineunte
887 1887 1218 1958 baptizatum
1257 1894 1554 1965 Christum,
1582 1900 1769 1953 eodem
1796 1916 1921 1956 vero
1953 1880 1997 1934 Β

350 1986 517 2036 anno,
566 1990 750 2031 mense
800 1993 873 2032 χιι
915 1995 1138 2051 passum
1182 2000 1303 2042 esse
1334 1988 1598 2046 dicebant.
1648 1990 1795 2056 Quos
1847 2006 1914 2047 ex

348 2059 577 2150 Joannis
630 2066 921 2139 Evangelia
972 2073 1209 2131 refellit:
1264 2077 1318 2133 in
1363 2095 1473 2150 quo
1523 2081 1622 2135 tria
1669 2082 1920 2139 distincte

350 2149 612 2209 Paschata
643 2171 1017 2217 numerantur.
1062 2163 1180 2220 Non
1214 2149 1392 2238 igitur
1414 2186 1521 2225 uno
1546 2187 1692 2226 anno
1724 2173 1920 2244 praedi-

342 2247 561 2299 catione
592 2247 811 2304 functus
844 2261 945 2307 est.
990 2252 1174 2326 Neque
1206 2273 1335 2313 vero
1367 2261 1469 2313 tria
1513 2262 1613 2316 ista
1654 2261 1919 2319 Paschata

347 2333 428 2387 sic
458 2337 636 2391 attulit
663 2336 917 2408 lrenaeus,
952 2352 1010 2399 ut
1045 2361 1151 2400 non
1185 2348 1339 2416 plura
1366 2351 1645 2409 Christum
1685 2355 1919 2411 obivisse

344 2427 623 2495 crederet;
678 2433 770 2487 sed
820 2438 963 2505 quod
997 2439 1142 2509 apud
1186 2439 1445 2497 Joannem
1503 2444 1704 2513 liquida
1745 2447 1833 2501 illa
1866 2457 1920 2503 ct

351 2532 606 2586 expressa
649 2524 920 2595 leguntur,
950 2547 1015 2585 ex
1066 2532 1133 2588 iis
1164 2534 1353 2589 saltem
1395 2537 1462 2590 ad
1496 2537 1712 2593 tertium
1747 2555 1918 2610 usque

347 2622 550 2664 annum
600 2617 947 2685 praedicasse,
1002 2637 1108 2677 non
1158 2634 1364 2681 tantum
1415 2643 1547 2691 uno,
1589 2629 1919 2690 validissime

345 2701 687 2760 demonstrat
715 2726 729 2762 :
762 2724 885 2764 cum
926 2711 1143 2769 interim
1201 2727 1381 2772 tamen
1417 2718 1531 2788 ipse
1566 2720 1721 2791 longe
1766 2721 1918 2790 plura

348 2803 473 2859 post
500 2795 828 2866 baptismum
858 2804 1182 2872 prteteriisse
1211 2807 1356 2863 velit.
1388 2808 1541 2876 Quod
1592 2812 1726 2866 adeo
1753 2813 1920 2867 ratio-

347 2897 445 2937 nes
475 2884 579 2940 illae
606 2888 804 2957 quibus
838 2903 1025 2948 contra
1076 2894 1367 2954 Gnosticos
1405 2899 1597 2965 utitur,
1637 2900 1919 2959 manifeste

344 2974 595 3042 probant.
623 2978 900 3036 Christum
931 2984 1077 3038 enim
1110 3001 1172 3041 ca
1196 2997 1353 3042 aetate
1374 2989 1641 3055 docuisse,
1671 3008 1777 3062 qua
1805 2991 1917 3045 Ma-

348 3062 517 3131 gister
544 3067 798 3137 appellari
844 3072 1036 3128 merito
1065 3083 1265 3144 posset,
1303 3078 1405 3132 hoc
1436 3087 1518 3133 est
1558 3080 1795 3149 perfecta
1863 3091 1919 3137 et

2025 643 2166 687 stum
2194 636 2366 690 relatis
2388 651 2590 691 annum
2617 646 2868 707 quartum
2898 648 2952 692 et
2976 640 3305 694 tricesimum
3326 642 3592 713 attigisse.

2025 721 2170 776 Cedo
2197 722 2279 777 vel
2310 740 2476 777 unum
2505 739 2569 778 ex
2600 726 2746 779 omni
2793 726 3131 801 antiquitatis
3170 732 3452 796 memoria,
3496 731 3597 800 qui

2029 822 2121 865 aut
2149 811 2220 865 ita
2251 811 2504 878 senserit,
2539 819 2651 877 aut,
2696 812 2741 865 si
2772 812 2823 866 id
2851 813 3012 867 verbo
3042 824 3198 868 tenus
3233 815 3483 885 injecissc
3512 816 3593 869 vi-

2027 916 2122 959 sus
2151 911 2253 968 cst,
2289 917 2396 957 non
2443 919 2567 958 eum
2598 918 2822 967 annum,
2862 920 2968 973 quo
3007 905 3060 958 in
3095 905 3284 959 matris
3318 914 3470 958 utero
3499 919 3593 974 ge-

2023 1001 2196 1048 status
2250 1001 2350 1058 est,
2400 994 2542 1048 inter
2587 1008 2757 1049 annos
2810 994 2932 1049 illos
2980 996 3297 1050 numerarit.
3355 994 3587 1048 Tantum

2025 1084 2188 1153 igitur
2218 1085 2391 1149 abest,
2426 1094 2483 1139 ut
2517 1085 2630 1141 haec
2673 1086 2980 1143 communis
3023 1089 3094 1141 sit
3131 1087 3200 1141 de
3228 1102 3386 1141 xxxiv
3415 1086 3589 1142 :ctatis

2022 1190 2165 1229 anno
2204 1175 2410 1244 opinio,
2458 1186 2517 1230 ut
2562 1177 2861 1249 antiquitati
2896 1178 3044 1232 omni
3080 1193 3303 1247 prorsus
3350 1180 3586 1234 inaudita
3651 1235 3664 1246 ,

2022 1263 2211 1327 fuerit,
2237 1264 2433 1334 vixque
2462 1264 2649 1334 paucis
2674 1266 2872 1321 abhinc
2905 1268 3138 1335 saeculis,
3187 1282 3253 1322 eo
3299 1268 3418 1336 ipso
3464 1269 3591 1338 qui-

2022 1355 2167 1417 dem,
2207 1372 2316 1425 quo
2347 1357 2504 1427 vulgo
2535 1359 2783 1425 traditur,
2820 1373 3004 1425 sensu,
3038 1368 3092 1413 et
3123 1359 3589 1429 interpretatione,

2023 1444 2266 1499 obtinere
2299 1446 2542 1514 cmperit.

2028 1554 2357 1625 Expendimr
2390 1558 2822 1630 chronojogorum
2870 1561 3211 1628 quorumdam
3243 1562 3441 1628 opinio,
3499 1562 3589 1630 qui

2063 1644 2174 1681 xxii
2211 1644 2376 1680 annos
2407 1644 2527 1682 ama
2560 1628 2898 1698 Dionysianw
2922 1631 3094 1683 deesse
3130 1632 3381 1701 suspicati
3412 1628 3555 1686 sunt.

2098 1715 2567 1783 Quemadmodum
2598 1718 2650 1773 in
2687 1735 2830 1773 anno
2858 1719 3133 1776 Passionis
3153 1762 3167 1785 ,
3212 1723 3291 1775 sic
3322 1724 3373 1775 in
3405 1724 3492 1776 die
3526 1738 3590 1778 ac

2028 1820 2212 1861 mense
2244 1808 2490 1877 quaedam
2530 1809 2675 1861 velut
2721 1819 2865 1864 certa
2912 1812 3188 1865 communi
3233 1812 3336 1867 ﬁde
3383 1816 3590 1869 consti-

2028 1903 2141 1952 tuta
2171 1907 2316 1958 sunt.
2342 1899 2433 1953 sed
2470 1898 2600 1953 illud
2632 1899 2908 1969 inprimis
2934 1918 2946 1954 :
2971 1900 3245 1956 Christum
3274 1903 3398 1957 luna
3436 1920 3501 1958 xv
3536 1907 3586 1958 in

2027 1987 2152 2057 ipso
2181 1986 2465 2054 Paschate,
2498 1990 2609 2044 sive
2638 1990 2815 2058 primo
2837 1990 2923 2045 die
2957 1991 3281 2064 Azymorum
3309 2010 3429 2047 esse
3458 2010 3587 2063 pas-

2023 2095 2179 2147 sum;
2213 2087 2267 2134 et
2290 2079 2509 2150 quidem
2542 2080 2735 2135 Martio
2760 2097 2965 2136 mense.
3000 2082 3130 2148 Quae.
3158 2084 3265 2139 duo
3292 2101 3413 2139 cum
3450 2087 3590 2139 mul-

2026 2180 2200 2226 torum
2224 2171 2423 2225 animis
2453 2171 2801 2238 insedissent,
2829 2174 2972 2243 quod
3006 2184 3439 2231 consentaneum
3473 2188 3591 2231 rrat

2024 2261 2240 2323 accidit,
2278 2271 2337 2316 ut
2381 2261 2447 2315 de
2489 2260 2768 2317 Passionis
2804 2272 3047 2329 tempore
3091 2266 3300 2318 intinita
3343 2267 3587 2336 quardam

2021 2352 2339 2422 opinionum
2360 2353 2585 2407 divortia
2612 2362 2983 2407 nascerentur.
3016 2354 3160 2409 inter
3188 2372 3327 2425 quas
3369 2358 3433 2411 ad
3472 2366 3591 2411 stu-

2021 2458 2206 2515 porem
2241 2458 2410 2513 usque
2441 2444 2666 2498 ridicula
2698 2453 2781 2498 est
2824 2444 2936 2507 illa,
2968 2461 3133 2514 quam
3176 2462 3241 2500 ex
3280 2446 3585 2515 Sigcberto,

2019 2531 2263 2587 Mariano
2316 2548 2380 2587 ac
2418 2532 2626 2587 caeteris
2669 2542 2826 2586 antea
2862 2534 3168 2587 retulimus.
3209 2535 3419 2600 Quibus
3459 2551 3583 2590 cum

2021 2622 2494 2693 persuasissimum
2526 2620 2684 2689 foret,
2720 2620 2997 2677 Christum
3025 2622 3201 2677 Martii
3228 2640 3333 2677 xxv
3362 2640 3583 2693 passum

2019 2729 2139 2769 esse
2169 2712 2303 2768 feria
2332 2730 2404 2778 τι,
2434 2714 2537 2769 hoc
2560 2723 2641 2772 est
2660 2730 2746 2768 γιιι
2768 2713 2885 2769 Kal.
2915 2714 3435 2784 Apr.,resurrexisse
3458 2732 3587 2770 vero

2019 2822 2073 2859 vr
2095 2803 2212 2859 Kal.
2246 2806 2372 2875 Ap.,
2408 2804 2581 2859 Martii
2613 2821 2778 2871 xxvu,
2814 2822 2937 2861 cum
2961 2807 3013 2861 in
3046 2806 3377 2877 Dionysiano
3410 2807 3583 2878 cyclo,

2019 2911 2235 2967 aeraque
2267 2897 2539 2951 communi
2564 2907 2762 2951 certam
2790 2896 2993 2950 nullam
3022 2896 3285 2951 rationem
3312 2897 3585 2951 extricare

2021 2998 2262 3057 possent,
2287 3001 2352 3041 eo
2381 2986 2594 3041 tandem
2634 2986 2946 3041 dimcultatc
2985 2985 3097 3056 ipsa
3140 2987 3457 3055 quaestionis
3497 3001 3586 3039 re-

2019 3074 2160 3130 dacti
2194 3083 2342 3139 sunt,
2370 3085 2427 3129 ut
2452 3089 2595 3129 anno
2629 3089 2749 3128 EBRB
2774 3074 3100 3128 Christianae
3136 3074 3199 3127 12
3225 3089 3449 3144 passum
3478 3074 3586 3128 Do-

353 3154 518 3257 .viriii,
548 3159 774 3227 statuit;
812 3178 974 3232 quam
999 3180 1029 3220 a
1061 3183 1128 3221 xi.
1163 3167 1228 3222 ad
1263 3184 1292 3222 ι,
1322 3183 1492 3224 annos
1513 3172 1747 3227 extendit
1774 3187 1915 3243 :quo

2023 3167 2227 3221 minum
2283 3176 2691 3229 asseverantes,
2751 3166 2818 3219 ab
2881 3165 3258 3220 incarnatione
3306 3165 3582 3221 tricesimo

354 3244 640 3303 intervallo
668 3252 1009 3319 praedicasse,
1042 3271 1107 3312 ac
1147 3258 1364 3313 demum
1401 3276 1619 3329 passum
1654 3278 1775 3318 esse
1808 3265 1911 3317 Do-

347 3337 555 3392 minum
608 3341 912 3411 existimat;
965 3347 1129 3417 idque
1162 3352 1410 3421 sequenti
1469 3354 1645 3422 capite
1701 3353 1918 3411 Judreo-

344 3443 466 3481 rum
500 3444 567 3484 ex
611 3431 717 3488 illis
746 3436 923 3492 verbis
969 3440 1252 3496 ostendit:
1305 3442 1704 3516 Quinquaginta
1752 3464 1915 3503 annos

348 3520 579 3573 nondum
611 3524 789 3579 habes.
810 3525 1175 3592 Quamobrem
1204 3533 1330 3589 licet
1361 3550 1504 3591 anno
1538 3555 1642 3592 xxx
1678 3540 1915 3607 ineunte,

347 3607 684 3677 baptizatum
732 3630 763 3668 a
799 3615 1008 3673 Joanne
1053 3620 1333 3678 Christum
1400 3640 1466 3680 ex
1500 3624 1643 3682 Luca
1676 3629 1915 3698 colligat,

346 3707 668 3757 nontamen
723 3706 905 3762 statim
956 3709 1022 3764 ad
1065 3710 1368 3767 docendum
1418 3716 1716 3772 accessisse
1756 3720 1917 3775 sentit

346 3786 602 3877 li-enazus.
656 3794 870 3867 Alioqui
921 3812 1174 3857 constare
1230 3802 1346 3874 ipse
1401 3805 1504 3860 sibi
1564 3822 1669 3860 non
1722 3818 1914 3877 potest.

348 3875 714 3939 Tertullianus
756 3889 1004 3944 adversus
1030 3890 1247 3950 Iudaeos
1280 3906 1400 3962 cap.
1437 3894 1469 3948 8
1506 3875 1785 3951 Christum
1816 3899 1911 3952 de-

344 3970 687 4041 cimoquinto
729 3974 927 4031 Tiberii
972 3993 1115 4034 anno
1146 3996 1365 4050 passum
1398 3983 1708 4051 arbitratur,
1743 4001 1917 4055 quan-

346 4078 512 4132 quam
556 4064 918 4138 Hieronymus
950 4070 1015 4125 ad
1049 4087 1167 4141 cap.
1227 4090 1280 4127 1x
1324 4073 1561 4131 Daniclis
1600 4092 1771 4131 xxxm
1817 4094 1918 4132 an-

344 4168 471 4219 nos,
506 4171 613 4220 non
649 4174 755 4212 xxx
787 4175 852 4214 ex
898 4159 1214 4216 Tertulliani
1242 4165 1506 4219 sententia
1557 4164 1777 4221 Christo
1819 4168 1917 4222 tri-

344 4243 485 4298 buit.
516 4243 784 4303 Eusebius
814 4250 867 4303 in
899 4249 1158 4305 Chronico
1189 4267 1310 4307 cum
1351 4252 1593 4307 Natalem
1635 4254 1834 4311 Christi
1863 4257 1915 4311 in

346 4349 551 4388 annum
598 4335 827 4408 Augusti
860 4354 989 4406 xui,
1040 4340 1108 4393 ab
1154 4341 1465 4397 Abrahamo
1506 4344 1647 4400 2015
1689 4344 1915 4413 rejiciat,

347 4424 656 4491 passionem
692 4442 819 4482 vero
847 4428 898 4481 in
926 4443 1056 4483 xvut
1077 4428 1303 4495 Tiberii,
1329 4432 1397 4486 ab
1423 4432 1732 4489 Abrahamo
1754 4435 1917 4498 2047,

2021 3267 2235 3327 quarto,
2277 3271 2387 3322 xxI,
2420 3256 2532 3311 sive
2577 3257 2755 3326 potius
2800 3271 2911 3309 xxu
2947 3255 3106 3311 annis
3147 3255 3427 3311 aberrasse
3460 3255 3584 3309 Dio-

2020 3346 2235 3418 nysium
2262 3346 2567 3411 crederent,
2600 3354 2657 3399 ut
2681 3346 2772 3415 qui
2799 3344 3179 3400 duodecimum
3199 3360 3400 3400 annum
3430 3346 3583 3399 illum

2019 3435 2362 3492 constituerit
2398 3451 2557 3506 quem
2604 3450 2769 3489 xxxiv
2818 3450 3104 3502 numerare
3144 3435 3440 3492 debuisset.
3494 3435 3585 3490 Et—

2019 3528 2164 3583 enim
2196 3528 2286 3581 uni
2314 3542 2457 3581 anno
2499 3528 2823 3582 duodecimo
2853 3527 3129 3597 quadrent
3154 3528 3265 3592 illa,
3297 3543 3418 3597 qum
3446 3527 3587 3581 dixi-

2022 3635 2180 3683 mus;
2226 3618 2300 3673 uti
2343 3617 2476 3673 feria
2517 3634 2567 3672 v1
2616 3618 2669 3672 in
2709 3634 2810 3671 xxv
2855 3617 3031 3672 Martii
3076 3620 3384 3684 conveniat,
3430 3620 3585 3690 cyclo

2020 3711 2151 3766 solis
2188 3726 2299 3775 xxr,
2333 3710 2512 3766 littera
2552 3710 2660 3775 CB,
2695 3711 2837 3765 luna:
2879 3726 2994 3764 xm.
3034 3708 3168 3764 Vide
3210 3726 3330 3779 quae
3371 3725 3434 3764 ex
3475 3710 3587 3765 Ma-

2020 3802 2176 3856 riano
2224 3818 2286 3857 ac
2321 3800 2603 3872 Sigeberto
2631 3802 2683 3855 in
2719 3802 3003 3870 superiore
3035 3799 3274 3853 Diatriba
3323 3800 3583 3869 produxi-

2020 3908 2163 3947 mus.
2195 3891 2452 3948 Eamdem
2488 3893 2632 3947 illam
2666 3893 3031 3962 conjecturam
3068 3898 3122 3946 et
3178 3890 3486 3959 opinionem
3518 3889 3584 3943 de

2022 4000 2133 4038 xxn
2164 4000 2429 4039 annorum
2469 3985 2591 4039 labe
2620 3984 2880 4039 divinitus
2914 3982 3015 4037 sibi
3042 3979 3361 4051 patefactam
3380 3977 3584 4032 Paulus

2023 4074 2593 4147 Forosemproniensis
2629 4084 2815 4128 narrat
2862 4073 2955 4126 lib.
2989 4089 3017 4125 x
3056 4070 3223 4141 partis
3264 4085 3301 4122 ιι
3335 4073 3578 4127 Paulina:

2019 4181 2148 4221 sum.
2197 4165 2332 4219 Cum
2379 4166 2521 4218 enim
2564 4164 2785 4217 minime
2830 4162 3123 4226 dubitaret,
3167 4159 3297 4229 quin
3332 4158 3585 4211 Christus

2021 4253 2197 4307 Martii
2228 4269 2355 4320 xxv,
2395 4253 2530 4307 feria
2562 4268 2613 4305 vr
2646 4266 2863 4306 crucem
2892 4252 3238 4321 pertulisset,
3271 4264 3444 4315 neque
3466 4262 3583 4299 eer-

2020 4354 2134 4400 tum
2169 4359 2367 4398 anmnn
2401 4343 2531 4398 satis
2567 4343 2883 4413 explicaret,
2920 4351 3041 4411 post
3088 4342 3306 4411 longam
3342 4338 3583 4408 vigiliam

2022 4432 2264 4487 adfuisse
2290 4432 2389 4486 sibi
2425 4430 2653 4486 Paulum
2693 4432 2998 4500 apostolum
3029 4439 3235 4494 narrat,
3264 4440 3317 4484 et
3350 4429 3587 4484 chrono-

345 4530 522 4570 annos
569 4525 690 4585 post
741 4516 985 4573 Natalem
1036 4536 1162 4575 xxxr
1216 4537 1339 4576 cum
1376 4524 1656 4581 mensibus
1710 4527 1918 4595 aliquot
1951 4531 1994 4587 ι)
2022 4524 2269 4593 logorum
2297 4523 2542 4577 omnium
2562 4537 2802 4576 errarem
2832 4521 3133 4587 indicasse;
3159 4522 3250 4590 qui
3276 4536 3385 4573 xxn
3414 4532 3586 4573 annos

345 4606 552 4662 vixisse
600 4609 821 4676 statuit;
878 4612 1142 4682 siquidem
1194 4613 1437 4670 Natalem
1493 4618 1669 4689 ipsum
1710 4620 1763 4673 in
1814 4619 1919 4675 De-

345 4698 620 4753 cembrem
650 4701 927 4769 conferat;
976 4704 1057 4759 sin
1093 4719 1160 4760 ex
1214 4706 1614 4779 Egyptiorum,
1655 4728 1792 4781 quos
1830 4728 1917 4767 sc-

344 4790 535 4858 quitur
565 4791 919 4863 Epiphanius,
951 4796 1189 4861 decreto,
1225 4796 1469 4853 Januarii
1500 4817 1549 4855 vI
1594 4802 1736 4858 diem
1765 4802 1920 4857 Chri-

344 4882 417 4935 sti
460 4879 734 4939 Nativitati
786 4887 1066 4955 praeﬁniat,
1100 4904 1211 4944 uno
1254 4892 1508 4960 amplius,
1563 4895 1614 4949 id
1647 4902 1733 4950 est
1771 4911 1918 4951 xxxtt

346 4985 524 5025 annos
554 4987 672 5026 cum
700 4976 977 5031 mensibus
1008 4977 1181 5033 tribus
1221 4979 1395 5035 eidem
1439 4992 1563 5051 post
1604 4992 1787 5038 ortum
1819 4985 1921 5039 im-

346 5062 576 5129 putabit.
611 5064 853 5137 Longum
897 5077 981 5124 est
1013 5085 1334 5126 enumerare
1366 5082 1612 5137 caeteros,
1649 5076 1739 5145 qui
1770 5093 1918 5140 xxxi,

343 5162 442 5206 aut
471 5169 644 5221 xxxn,
673 5165 764 5210 aut
810 5159 877 5213 ad
923 5174 1197 5215 summum
1248 5178 1434 5217 xxxut
1481 5175 1754 5236 arrogant.
1816 5165 1920 5232 Qui

346 5255 532 5300 autem
595 5249 815 5318 triginta
872 5260 1107 5320 quatuor
1157 5253 1482 5323 assignaret,
1543 5263 1668 5309 ante
1725 5254 1919 5309 Bedam

348 5334 523 5391 fuisse
553 5350 682 5407 puto
716 5342 1012 5397 neminem.
1068 5342 1172 5409 Qui
1224 5360 1288 5399 ne
1339 5346 1455 5414 ipse
1489 5346 1704 5415 quidem
1756 5361 1921 5399 xxxiv

345 5427 551 5483 vixisse
579 5432 798 5497 statuit;
836 5433 929 5487 sed
961 5450 1110 5487 xxxn
1132 5434 1394 5489 duntaxat
1418 5450 1539 5489 cum
1574 5436 1749 5489 tribus
1773 5451 1923 5489 men-

344 5515 535 5583 sibus;
572 5534 697 5573 nam
724 5535 789 5574 ex
819 5522 923 5575 isto
954 5538 1181 5577 numero
1215 5524 1421 5590 primus
1456 5524 1545 5577 ille
1582 5525 1704 5577 vita:
1750 5525 1924 5579 aetati-

343 5621 455 5678 quo
481 5607 848 5666 detrahendus
879 5622 981 5677 est,
1014 5629 1124 5683 quo
1155 5614 1209 5668 in
1242 5613 1481 5685 Virginis
1511 5624 1667 5670 utero
1705 5615 1823 5679 fuit,
1865 5628 1926 5672 ut

350 5698 550 5764 smpius
599 5702 1003 5759 admonuimus.
1048 5703 1168 5770 Quo
1223 5705 1393 5775 magis
1426 5705 1682 5759 admirari
1736 5708 1922 5776 soleo,

363 5792 705 5859 pereuasisse
769 5795 868 5851 sibi
947 5796 1236 5852 nonnullos
1280 5796 1765 5853 vetustissimorum
1822 5797 1923 5854 Pa-

2021 4615 2407 4686 praeteriissent
2440 4634 2452 4667 :
2487 4615 2621 4667 adeo
2658 4621 2715 4667 ut
2743 4615 2831 4683 qui
2864 4614 2926 4666 12
2951 4614 3002 4666 in
3028 4629 3133 4667 :era
3166 4612 3439 4667 connnuni
3464 4626 3587 4664 ceu-

2022 4712 2193 4768 setur,
2225 4704 2269 4759 is
2312 4704 2381 4758 54
2416 4704 2599 4767 haberi
2644 4703 2911 4757 debuerit.
2957 4701 3099 4756 Idem
3140 4713 3319 4757 tamen
3363 4718 3468 4754 non
3518 4716 3586 4752 xv

2024 4795 2183 4859 luna,
2230 4793 2323 4848 sed
2375 4810 2464 4848 xiv
2517 4808 2737 4864 passum
2784 4808 2905 4847 esse
2947 4791 3219 4847 Christum
3263 4789 3586 4849 existimat;

2027 4892 2305 4955 propterea
2358 4882 2501 4953 quod
2541 4880 2895 4951 plenilunium
2947 4896 3073 4934 xxvr
3119 4879 3294 4932 Martii
3363 4876 3585 4941 contigit

2024 4974 2156 5030 feria
2200 4988 2300 5037 vn,
2321 4988 2431 5043 quo
2460 4972 2547 5027 die
2586 4971 2757 5027 Judaei
2794 4971 3003 5025 Pascha
3034 4969 3395 5024 celebrabant.
3424 4964 3580 5018 Unde

2022 5065 2249 5135 colligas
2293 5079 2360 5119 ex
2406 5062 2591 5130 Betim,
2634 5062 2921 5133 Sigeberti,
2962 5060 3210 5121 Mariani,
3251 5058 3586 5124 aliorumque

2024 5156 2294 5213 sententia
2334 5169 2681 5225 consequens
2716 5168 2858 5217 esse,
2890 5152 3166 5206 Christum
3198 5163 3302 5200 non
3338 5162 3403 5200 xv
3438 5145 3587 5208 luna,

2025 5246 2119 5303 sed
2146 5262 2234 5300 xiv
2266 5245 2341 5298 in-
2369 5260 2588 5300 crucem
2640 5243 2909 5298 sublatum
2954 5240 3140 5294 fuisse.
3181 5238 3418 5293 Tametsi
3453 5237 3592 5292 hare

2025 5342 2102 5397 illi
2136 5358 2204 5395 xv
2225 5341 2413 5394 lunam
2448 5338 2695 5393 arbitrati
2724 5344 2870 5400 sunt,
2906 5334 3160 5404 quoniam
3193 5332 3466 5386 Nieznnum
3499 5347 3591 5401 cy—

2025 5433 2169 5487 clum
2212 5433 2277 5486 ad
2323 5432 2522 5486 Christi
2568 5429 2958 5496 Passionisque
3001 5436 3281 5494 tempora,
3324 5424 3443 5477 sine
3486 5423 3588 5475 ulla

2028 5524 2406 5595 προηγήσεως,
2436 5536 2598 5591 quam
2625 5520 2967 5589 ignorabant,
2999 5517 3308 5585 suspicione
3348 5524 3586 5568 transtu-

2024 5616 2229 5670 ierunt.
2265 5613 2470 5667 Paulus
2516 5626 2666 5675 vero,
2713 5619 2775 5664 ut
2822 5620 2937 5662 erat
2981 5606 3334 5662 astronomize
3369 5606 3592 5674 peritus,

2028 5706 2235 5763 medios
2275 5706 2414 5758 lumc
2458 5713 2635 5757 motus
2678 5712 2732 5756 ct
2793 5701 3003 5756 tabulas
3028 5699 3079 5752 in
3117 5698 3400 5753 consilium
3436 5696 3588 5751 adhi-

2030 5800 2167 5855 buit.
2199 5800 2465 5855 Cancrum
2500 5796 2644 5853 illam
2677 5795 2847 5867 ipsum
2878 5808 3146 5847 annorum
3178 5790 3405 5845 domum
3426 5805 3487 5845 ac
3525 5788 3605 5841 νίν·
