3994 6222
436 395 538 452 957

1548 387 1890 441 APPENDIX
1928 385 2559 446 DISSERTATIONUM.

3565 380 3678 435 953

442 506 570 575 εἰηιὶ
604 504 778 560 labem
816 503 938 570 inde
973 501 1260 557 conﬂatam
1293 503 1609 568 existimat;
1642 505 1784 572 quod
1832 507 1995 559 trium
2028 513 2069 569 Α
2099 508 2301 564 Christi
2329 523 2453 562 tera:
2485 520 2594 561 uno
2623 503 2888 559 duntaxat
2919 517 3064 556 anno
3092 515 3277 554 revera
3307 497 3560 561 dissidet,
3602 513 3672 551 ex

443 596 753 664 pontiﬁcum
784 594 933 656 anni,
965 593 1096 646 Cleti
1125 633 1139 657 ,
1175 592 1337 648 Marri
1383 607 1435 648 ct
1469 593 1704 649 Marcelli
1740 595 1808 648 ab
1841 596 2008 648 liuse-

443 689 533 740 bio
563 684 917 756 praetermissi
952 694 1100 748 sunt,
1129 685 1220 754 qui
1249 700 1424 738 annos
1452 701 1562 738 xin
1596 683 1849 740 Ecclesiae
1871 701 2008 755 prae-

443 777 680 831 fuerunt.
721 774 852 842 Quae
901 791 1024 830 cum
1074 777 1253 830 omnia
1292 775 1492 831 Paulus
1529 785 1779 832 accurate
1821 777 1914 831 illo
1953 777 2005 830 in

443 867 580 922 libro
609 867 978 932 disseruisset,
1011 881 1074 922 ac
1105 867 1365 922 divinitus
1399 868 1452 922 id
1483 883 1542 922 se
1564 869 1840 938 accepisse
1879 883 2010 923 con-

445 959 718 1012 ﬁrmasset
742 995 758 1022 ,
795 956 847 1010 in
875 956 1227 1025 sequentibus
1251 964 1428 1011 tamen
1465 956 1640 1023 libris,
1667 957 2010 1026 maximeque

447 1059 569 1111 xm,
605 1059 827 1100 causam
861 1043 1120 1113 prodidit,
1170 1050 1222 1098 et
1251 1052 1556 1114 contempta
1587 1043 1737 1098 Pauli
1780 1043 2010 1114 apostoli

445 1149 512 1189 ac
537 1134 735 1190 divinae
753 1133 1169 1204 signiﬁcationis
1203 1135 1546 1200 auctoritate,
1583 1135 1648 1189 ad
1690 1151 1850 1190 suum
1877 1134 2011 1189 illud

445 1223 844 1295 προχρονισμοῦ
891 1223 1190 1286 biennium,
1220 1225 1364 1294 quod
1405 1240 1435 1278 a
1477 1224 1634 1280 nobis
1677 1240 1841 1294 supra
1876 1224 2012 1278 vali-

445 1312 669 1366 dissime
702 1310 993 1366 refutatum
1030 1323 1133 1376 est,
1174 1315 1493 1380 revertitur;
1519 1330 1583 1370 ac
1613 1315 1823 1369 duobus
1852 1313 2012 1368 annis

447 1402 764 1472 Dionysium
803 1417 988 1457 verum
1019 1401 1219 1458 Christi
1248 1402 1489 1458 Natalem
1519 1405 1878 1459 antevertisse
1915 1403 2012 1458 de-

447 1491 585 1546 iinit.
625 1491 890 1558 Quocirca
943 1493 1442 1556 imprudentissimo
1482 1509 1612 1549 sane
1653 1494 2014 1549 Casaubonus

445 1579 684 1636 Exercit.
735 1583 821 1650 l6,
860 1582 926 1637 ad
971 1583 1032 1636 Α.
1080 1583 1170 1647 54,
1208 1599 1362 1640 num.
1404 1584 1494 1646 54,
1540 1582 1826 1638 Paulinum
1871 1584 2012 1637 istud

447 1681 817 1726 commentum
855 1672 1116 1727 adversus
1145 1673 1420 1742 obliquam
1459 1672 1672 1727 Baronii
1703 1673 2016 1743 castigatio—

448 1777 572 1817 nem
603 1770 814 1830 tuetur;
843 1777 964 1818 cum
995 1773 1187 1832 przeter
1229 1763 1388 1818 otiosi
1425 1763 1663 1818 hominis
1729 1772 1782 1819 et
1823 1764 2011 1832 aegroti

447 1854 648 1909 veteris
675 1854 945 1908 somnium
974 1863 1136 1924 atque
1165 1853 1450 1907 ἀλλόκοτον
1489 1852 1788 1923 φαντασίαν
1823 1856 2013 1909 habeat
2048 1843 2085 1897 Β

459 1945 621 2000 nihil.
653 1943 787 1999 Nam
821 1955 878 2001 ut
909 1947 1154 2000 omittam
1186 1945 1255 2001 ab
1277 1946 1526 2016 ipsomet,
1553 1946 1645 2017 qui
1692 1947 1742 2001 id
1791 1946 1893 2002 sibi
1929 1964 2011 2001 re-

454 2037 690 2090 velatum
735 2051 859 2093 esse
904 2037 1144 2100 dixerat,
1193 2036 1354 2092 tacite
1395 2038 1708 2092 damnatum
1753 2037 1883 2092 illud
1945 2051 2009 2092 ac

452 2127 749 2196 rejectum,
792 2143 954 2198 quam
997 2129 1231 2183 absurda
1282 2131 1384 2184 ista
1427 2126 1609 2185 fabula
1631 2129 1720 2194 sit,
1770 2130 1915 2184 hunc
1961 2131 2014 2183 in

451 2217 675 2270 modum
717 2216 1080 2272 demonstrari
1125 2225 1319 2286 potest.
1365 2215 1420 2270 Si
1465 2232 1576 2271 χιιι
1625 2232 1894 2272 annorum
1936 2216 2014 2270 vi-

451 2306 586 2360 tium
623 2306 675 2360 in
720 2321 882 2365 aram
919 2308 1170 2377 irrepsit;
1218 2309 1289 2363 ita
1339 2318 1397 2370 ut
1440 2311 1533 2380 qui
1580 2325 1653 2364 xu
1699 2310 1919 2374 dicitur,
1971 2312 2017 2366 is

451 2412 614 2450 xxxiv
643 2398 1013 2452 numerandus
1058 2397 1238 2461 interit,
1278 2413 1383 2452 non
1428 2399 1584 2454 aliter
1618 2399 1883 2455 accidisse
1913 2400 2015 2454 hoc

452 2497 648 2558 potest,
690 2504 852 2558 quam
897 2499 956 2544 ut
1001 2489 1208 2559 aliquot
1242 2489 1367 2543 anni
1414 2491 1479 2544 de
1517 2506 1741 2545 numero
1775 2506 1838 2546 ac
1871 2490 2017 2545 serie

452 2581 570 2650 ipsa
601 2579 828 2636 detracti
865 2581 1014 2648 sint;
1052 2591 1146 2636 aut
1181 2590 1328 2637 certe
1355 2579 1597 2636 Natalem
1645 2581 1848 2636 Christi
1897 2579 2021 2637 Dio-

453 2672 644 2742 nysius
684 2686 796 2726 xxu
827 2672 987 2728 annis
1038 2672 1174 2730 infra
1207 2672 1504 2744 legitimum
1552 2681 1763 2742 tempus
1799 2672 2019 2728 submo-

453 2761 591 2817 verit
625 2781 639 2816 :
678 2769 865 2832 utputa
905 2777 1030 2817 cum
1061 2763 1452 2819 incarnationis
1518 2770 1574 2818 et
1605 2761 1812 2820 Natalis
1845 2778 2022 2819 annus

450 2865 519 2906 ex
545 2867 648 2906 usu
673 2851 912 2924 Dionysii
945 2853 1015 2909 sit
1034 2851 1284 2909 Julianus
1313 2853 1405 2922 46,
1447 2854 1693 2908 debuerit
1713 2869 1834 2911 esse
1855 2869 1979 2908 xxiv
2005 2873 2018 2908 :

454 2945 658 3016 quibus
686 2945 734 3000 si
764 2960 933 3000 xxxiv
965 2945 1154 3011 addas,
1183 2943 1436 3001 Julianus
1467 2946 1734 3016 septimus
1763 2955 1817 3001 et
1863 2945 2026 3016 quin-

452 3037 804 3110 quagesimus
832 3037 1087 3105 exsistet,
1128 3040 1220 3108 qui
1255 3047 1338 3094 est
1383 3053 1505 3092 aera:
1558 3037 1898 3108 Dionysianae
1935 3037 2021 3102 12,

455 3145 565 3200 quo
590 3145 812 3202 passum
851 3145 971 3186 esse
994 3129 1270 3185 Christum
1304 3129 1381 3184 illi
1413 3143 1604 3185 omnes
1633 3129 1843 3199 opinati
1875 3137 2021 3184 sunt.

453 3221 525 3276 At
554 3235 682 3277 vero
707 3229 1000 3290 utrumque
1033 3219 1161 3275 illud
1198 3220 1587 3291 perabsurdum
1646 3234 1710 3273 ac
1743 3219 1900 3289 longe
1925 3217 2023 3272 t'al-

457 3313 737 3367 sissimum
771 3319 876 3367 est.
903 3310 1043 3366 Sunt
1071 3311 1214 3366 enim
1243 3310 1536 3366 certissimi
1563 3320 1868 3380 temporum
1891 3311 2024 3365 cha-

456 3411 730 3467 racteres;
767 3413 894 3456 sunt
941 3401 1230 3457 Fastorum
1274 3401 1417 3468 libri,
1458 3403 1660 3472 quibus
1709 3401 2027 3458 consulatus

458 3491 658 3561 singuli
717 3492 1003 3564 diligenter
1052 3494 1431 3561 adnotantur;
1485 3501 1613 3549 sunt
1660 3491 2026 3548 Romanorum

460 3581 851 3650 imperatorum
879 3584 1030 3649 anni,
1053 3593 1217 3654 atque
1251 3585 1492 3639 historiae
1525 3599 1741 3639 summa
1771 3585 1872 3638 [ide
1899 3597 2030 3638 con-

461 3673 700 3744 scriptae,
722 3673 776 3728 in
800 3673 997 3744 quibus
1018 3674 1198 3731 hiatus
1235 3675 1368 3730 tanti
1397 3689 1464 3730 ne
1497 3674 1874 3731 tenuissimum
1908 3673 2032 3744 qui-

461 3765 588 3825 dem
626 3765 919 3834 vestigium
969 3775 1211 3836 apparet.
1252 3765 1477 3822 Constat
1518 3780 1663 3820 anno
1713 3781 1835 3820 atrae
1875 3765 2033 3820 Chri-

462 3858 654 3912 stianae
704 3857 764 3912 14
795 3867 1073 3912 mortuum
1108 3859 1444 3928 Augustum;
1479 3857 1624 3928 quod
1661 3856 2030 3913 memorabilis

464 3949 552 4002 illa
583 3947 724 4004 luna:
752 3948 972 4018 eclipsis
1000 3949 1255 4004 ostendit.
1296 3947 1612 4018 Sequuntur
1649 3957 1704 4004 et
1743 3948 1862 4003 alia:
1890 3949 2029 4013 dure,

462 4055 696 4108 quarum
723 4055 830 4094 una
860 4055 1004 4094 anno
1028 4039 1230 4095 Christi
1259 4040 1350 4103 ιδ,
1387 4038 1458 4094 Μ.
1496 4038 1705 4094 Vinicio
1731 4049 1784 4093 et
1818 4038 2033 4094 Statilio

463 4130 704 4184 Corvino
734 4146 878 4185 coss.
912 4129 1029 4185 Kal.
1058 4131 1196 4200 Aug.
1229 4131 1665 4202 contigit;quatn
1693 4139 1746 4186 et
1773 4130 2033 4185 Claudius

470 4225 652 4278 Caesar
686 4223 865 4278 edicto
895 4223 1261 4290 denuntiat-at,
1287 4239 1433 4278 anno
1459 4223 1673 4293 imperii
1696 4222 1780 4277 sui
1815 4223 2033 4292 quinto.

465 4327 526 4372 ιιι
560 4327 752 4373 auctor
779 4328 862 4374 est
902 4318 1030 4386 Dio;
1061 4320 1226 4374 altera
1257 4320 1515 4390 Vipsanio
1546 4329 1601 4374 et
1638 4319 1861 4374 Fonteio
1887 4334 2032 4375 coss.

468 4408 584 4463 Kal.
617 4408 786 4464 Maias
814 4411 1032 4475 accidit,
1078 4421 1137 4465 ut
1164 4420 1394 4467 testatur
1417 4411 1625 4465 Plinius
1647 4411 1741 4465 lib.
1771 4426 1830 4474 ll,
1862 4425 1912 4465 c.
1943 4410 2030 4464 72.

2108 595 2336 649 Mariani
2367 610 2495 649 vero
2527 593 2774 648 instituto
2799 607 2923 646 cum
2949 592 3140 646 cadent
3178 591 3267 644 illa
3307 589 3672 645 connectitur.

2109 681 2326 738 Falsum
2358 691 2440 738 est
2474 683 2655 752 itaque
2692 697 2804 734 xxtt
2845 695 3018 734 annos
3061 679 3114 732 in
3159 678 3491 748 Dionysiano
3520 677 3677 747 cyclo

2108 775 2441 840 desiderari,
2483 789 2607 828 cum
2653 781 2846 842 praeter
2884 786 2970 836 ea,
3036 785 3157 839 quae
3198 770 3460 833 diximus,
3503 767 3674 820 multa
3703 819 3724 846 ι

2109 867 2213 920 alia
2241 867 2367 928 sint,
2409 878 2531 933 qua:
2569 878 2634 918 ex
2680 862 2990 932 evangelica
3040 861 3264 916 historia
3303 874 3427 913 cum
3462 855 3677 911 Domini

2108 965 2229 1010 ortu
2254 956 2547 1025 implicata,
2575 963 2628 1009 et
2657 953 2943 1024 conjuncta
2969 961 3182 1007 constat
3205 966 3326 1006 esse
3351 968 3364 1004 :
3389 949 3540 1005 velut
3557 949 3678 1001 Au-

2110 1049 2275 1119 gusti,
2305 1046 2550 1110 Herodis,
2580 1045 2735 1100 Pilati
2768 1045 3078 1113 'l‘iberiique
3108 1052 3378 1112 tempora;
3409 1056 3531 1110 quae
3553 1054 3679 1094 om-

2112 1141 2199 1194 nia
2239 1139 2512 1194 cohazrcre
2549 1144 2846 1206 nequeunt,
2880 1135 2924 1188 si
2953 1144 3061 1188 tant
3094 1132 3347 1187 immanis
3367 1132 3554 1185 hiatus
3575 1130 3678 1184 ad-

2113 1231 2313 1284 missus
2344 1228 2524 1290 fuerit,
2547 1239 2710 1297 atque
2736 1227 2790 1280 in
2819 1223 3095 1279 anteriora
3129 1239 3243 1277 xxn
3274 1223 3432 1276 annis
3456 1234 3680 1291 promo-

2115 1319 2286 1374 venda
2337 1317 2540 1372 Christi
2591 1315 2851 1370 nativitas
2882 1314 3158 1380 videatur;
3203 1327 3327 1366 nam
3366 1320 3427 1365 ut
3471 1311 3526 1365 in
3567 1325 3678 1363 :era

2113 1406 2424 1461 Christiana
2456 1405 2612 1468 nihil,
2634 1404 2686 1458 in
2718 1403 2995 1474 cyclorum
3022 1418 3150 1457 vero
3173 1400 3442 1470 dispositu
3461 1408 3678 1453 mutam

2117 1497 2244 1552 dum
2280 1495 2483 1565 aliquid
2519 1494 2606 1550 isti
2631 1495 2964 1558 censuerint,
2995 1493 3130 1547 nihil
3163 1493 3229 1547 ad
3263 1508 3374 1546 rem
3401 1491 3678 1561 pertinet:

2119 1594 2337 1640 manent
2364 1585 2506 1640 enim
2529 1584 2928 1639 noviluniorutn
2954 1583 3054 1636 rati
3075 1599 3140 1638 ac
3164 1582 3448 1638 constituti
3478 1582 3682 1635 nihilo-

2118 1675 2298 1728 minus
2336 1673 2473 1738 dies,
2509 1687 2863 1743 quoscunque
2887 1673 3115 1734 tandem
3163 1671 3344 1742 cyclos
3371 1686 3685 1726 accommo-

2117 1765 2284 1819 daris.
2318 1761 2390 1818 Ut
2430 1779 2595 1828 anno,
2631 1763 2778 1818 verbi
2828 1779 3014 1825 causa,
3048 1763 3251 1817 Christi
3298 1778 3394 1828 xu,
3426 1762 3541 1816 sive
3587 1778 3684 1830 (y-

2115 1855 2256 1910 clum
2287 1855 2429 1909 luna:
2451 1870 2572 1919 xm,
2605 1855 2736 1910 solis
2763 1870 2851 1908 xxt
2877 1854 3135 1923 applices,
3161 1853 3278 1908 sive
3299 1853 3462 1906 alium
3487 1867 3685 1921 quem-

2115 1948 2264 2013 libet,
2297 1945 2587 2002 neomenia
2621 1944 2799 2000 Martii
2850 1961 2946 2010 xu,
2983 1945 3338 2015 plenilunium
3373 1960 3496 1997 xxvi
3534 1958 3688 1996 com-

2117 2037 2367 2092 mittitur.
2418 2034 2577 2090 Anno
2638 2052 2766 2091 vero
2817 2038 2888 2091 55
2946 2037 3282 2090 novilunium
3334 2050 3426 2088 xtx
3475 2034 3555 2088 vel
3615 2047 3686 2085 xx

2117 2129 2326 2195 Martii;
2368 2127 2722 2199 plenilunium
2749 2129 2922 2197 April.
2948 2144 3007 2194 ιι,
3053 2127 3137 2182 vel
3179 2141 3261 2181 ιιι.
3304 2126 3454 2182 Unde
3512 2141 3690 2194 quan-

2119 2219 2368 2276 tumlibet
2413 2218 2688 2289 cyclorum
2722 2219 2966 2274 ordinem
3003 2227 3359 2284 commutent,
3399 2233 3686 2287 nunquam

2118 2320 2296 2367 tamen
2324 2310 2622 2381 perﬁcient,
2649 2318 2708 2364 ut
2744 2325 2888 2366 anno
2923 2310 3014 2364 illo
3038 2350 3054 2375 ,
3085 2325 3246 2381 quem
3279 2310 3527 2365 Passieni
3583 2308 3694 2363 Do.

2121 2402 2334 2458 minicae
2362 2403 2666 2472 pra-ﬁgunt,
2711 2402 2835 2456 luna
2869 2418 2937 2455 xv
2992 2403 3045 2456 in
3085 2401 3261 2457 Martii
3305 2418 3408 2456 xxv
3451 2401 3690 2468 incidat,

2121 2491 2310 2547 feriam
2351 2508 2422 2546 vt.
2461 2492 2683 2547 Accedit
2718 2493 2858 2562 quod
2891 2493 2994 2548 etsi
3036 2493 3404 2550 concedamus
3433 2493 3541 2546 illis
3570 2508 3694 2548 om-

2122 2585 2232 2650 nia,
2270 2585 2374 2640 ltoc
2419 2584 2595 2654 ipsum
2630 2593 2832 2652 tamen,
2863 2586 3009 2656 quod
3051 2587 3286 2640 maxime
3323 2585 3576 2655 cupiunt,
3607 2584 3694 2638 ni-

2123 2675 2233 2731 hilo
2282 2675 2455 2747 magis
2491 2677 2978 2746 assequentumuti
3025 2675 3153 2730 luna
3202 2691 3271 2730 xv
3314 2673 3570 2730 Christus
3620 2673 3694 2728 sit

2123 2781 2336 2837 passus.
2371 2767 2582 2839 Quippe
2631 2783 2775 2824 anno
2817 2766 3142 2822 Christiana;
3189 2780 3309 2821 tera
3347 2763 3436 2831 12,
3471 2763 3690 2818 novilu-

2125 2855 2277 2910 nium
2319 2857 2461 2924 apud
2502 2857 2740 2922 .Iudzeos,
2788 2866 2845 2913 et
2882 2857 2936 2911 in
2983 2854 3474 2926 Hierosolymitano
3523 2853 3695 2908 meri-

2125 2946 2285 3002 diano
2312 2947 2489 3003 Martii
2523 2965 2594 3004 xu
2646 2949 2920 3020 congruit,
2951 2947 3083 3002 feria
3117 2963 3211 3002 vti.
3250 2945 3453 3000 Passus
3475 2951 3558 2998 est
3589 2959 3694 2998 au-

2127 3046 2234 3092 tem
2277 3036 2530 3095 Christus
2578 3039 2712 3095 feria
2761 3056 2835 3094 vt.
2885 3039 3052 3110 Igitur
3097 3039 3224 3092 luna
3266 3055 3379 3103 xiv,
3421 3047 3474 3092 et
3515 3035 3694 3091 Martii

2128 3122 2254 3196 xxv,
2283 3147 2388 3186 non
2417 3132 2546 3187 luna
2570 3147 2637 3186 xv
2668 3147 2841 3201 neque
2869 3131 3187 3203 plenilunio.
3215 3129 3331 3198 Qua
3375 3131 3426 3184 in
3463 3143 3523 3184 re
3551 3127 3697 3183 Beda

2126 3222 2473 3294 castigandus
2497 3232 2601 3292 est,
2642 3235 2704 3279 ut
2742 3223 3031 3294 aliquoties
3065 3224 3200 3288 dixi,
3225 3223 3319 3293 qui
3352 3223 3446 3277 lib.
3479 3220 3554 3275 De
3586 3230 3695 3276 rat.

2128 3324 2286 3385 temp.
2314 3331 2434 3386 cap.
2457 3317 2528 3372 45
2556 3331 2776 3386 passum
2800 3331 2922 3371 esse
2953 3314 3231 3370 Christum
3256 3313 3423 3368 refert
3449 3329 3543 3367 vin
3574 3311 3696 3366 Kal.

2127 3405 2418 3479 Apr.,luna
2449 3423 2535 3472 xv,
2567 3421 2711 3462 anno
2741 3421 2863 3460 ante
2891 3405 3234 3477 Dionysiaute
3257 3404 3347 3460 54.
3373 3401 3484 3459 Nec
3513 3405 3700 3460 minus

2130 3495 2446 3551 ltallucinati
2484 3506 2632 3565 sunt,
2683 3496 2776 3568 qui
2821 3497 3009 3551 eodem
3057 3511 3223 3560 anno,
3270 3495 3400 3550 luna
3445 3511 3532 3559 xv,
3552 3509 3700 3548 nono

2131 3586 2248 3641 Kal.
2293 3589 2427 3658 Apr.
2487 3604 2710 3660 passum
2755 3587 3046 3654 afﬁrmant,
3080 3586 3294 3643 concilii
3343 3585 3698 3642 Casariensis

2131 3679 2268 3745 lide;
2301 3680 2368 3735 de
2397 3695 2506 3750 quo
2550 3679 2710 3750 paulo
2739 3689 2855 3750 post
2903 3689 3132 3750 agetur:
3163 3694 3287 3734 nam
3318 3679 3542 3735 omnino
3586 3679 3699 3749 ple-

2135 3772 2399 3826 nilunium
2435 3787 2580 3827 anno
2615 3771 2818 3827 Christi
2849 3771 2940 3839 54,
2977 3770 3186 3827 decimo
3214 3770 3333 3826 Kal.
3365 3770 3613 3841 contigit.

2204 3863 2540 3934 Quapropter
2568 3864 2678 3918 duo
2721 3874 2867 3930 sunt,
2903 3878 3025 3933 quae
3058 3863 3249 3917 media:
3269 3862 3442 3918 aetatis
3464 3862 3701 3916 chrono—

2124 3952 2270 4023 logis
2311 3969 2525 4008 crucem
2576 3953 2630 4008 in
2677 3953 2764 4007 ilia
2805 3954 3108 4024 quaestione
3151 3952 3386 4008 ﬁxerunt
3414 3971 3427 4003 :
3457 3952 3698 4022 primum

2134 4041 2280 4113 quod
2320 4059 2425 4098 non
2460 4044 2776 4098 dubitarent
2807 4042 3026 4098 Judaeos
3056 4041 3264 4098 Pascha
3293 4042 3421 4095 luna
3458 4057 3526 4095 xv
3558 4039 3699 4094 cele-

2135 4135 2316 4200 brare,
2347 4149 2412 4190 ac
2448 4134 2670 4190 lunares
2696 4144 2896 4198 motus,
2925 4143 2978 4188 et
3005 4133 3220 4203 quidem
3252 4131 3700 4187 accuratissimus

2134 4227 2486 4292 observasse;
2522 4227 2771 4292 alterum,
2802 4224 2949 4295 quod
2983 4225 3034 4279 id
3067 4223 3260 4279 Martio
3302 4238 3494 4280 mense
3549 4224 3701 4293 ejus-

2135 4331 2241 4386 que
2277 4316 2364 4371 dic
2401 4332 2504 4370 xxv
2533 4315 2797 4370 accidisse
2828 4315 3046 4381 vellent,
3079 4313 3211 4369 feria
3265 4330 3336 4369 vr.
3374 4313 3480 4369 Sed
3513 4329 3700 4368 recen-

2137 4407 2328 4476 tiores,
2352 4406 2627 4476 iidemque
2650 4405 2718 4460 ab
2740 4406 2995 4460 omnibus
3023 4406 3394 4459 dectrinarutn
3431 4403 3697 4467 Omnium,

465 4497 542 4551 Ea
587 4500 840 4554 convenit
886 4517 1032 4556 anno
1075 4501 1285 4568 vulgari
1332 4502 1422 4567 59,
1462 4501 1664 4572 Aprilis
1709 4518 1838 4564 xxx,
1888 4517 2032 4556 anno
2064 4504 2108 4559 D
2139 4499 2439 4570 pmsertim
2490 4499 3036 4564 malhcmaticarum,
3087 4498 3353 4568 praesidiis
3401 4496 3700 4565 paratiores

466 4589 661 4658 quinto
689 4587 920 4646 Neronis
951 4591 1186 4646 labente.
1213 4591 1423 4655 Quibus
1445 4590 1492 4645 si
1519 4591 1752 4661 eclipses
1779 4592 1912 4647 alias
1934 4593 2034 4648 ad-

466 4677 691 4744 didcris,
720 4694 842 4748 qua:
867 4680 1064 4748 partim
1091 4687 1236 4741 ante,
1274 4677 1469 4748 partim
1501 4688 1624 4748 post
1643 4678 1846 4732 Christi
1871 4677 2038 4733 Nata-

470 4771 576 4825 lem
615 4770 952 4831 acciderunt,
994 4786 1118 4825 cum
1150 4770 1326 4838 iisque
1359 4768 1731 4823 Romanorum
1766 4783 1909 4824 coss.
1946 4783 2037 4824 se-

471 4859 602 4914 riem
638 4873 942 4927 compares,
977 4873 1043 4912 ne
1069 4874 1234 4911 unum
1261 4857 1478 4926 quidctn
1503 4871 1706 4911 annum
1737 4858 1925 4913 deesse
1951 4857 2036 4912 in-

471 4950 705 5020 telliges,
743 4952 942 5003 nedum
968 4959 1025 5003 ut
1055 4965 1167 5002 χχιι
1193 4948 1349 5002 solidi
1379 4947 1718 5016 praatermitti
1741 4949 2034 5018 potuerint.

471 5043 547 5096 Ac
600 5041 906 5112 Sigeberti,
952 5039 1214 5106 Mariani,
1265 5039 1711 5108 reliquorumque
1763 5038 1813 5092 id
1866 5054 2038 5108 genus

467 5133 922 5204 chronologorum
977 5141 1210 5186 mentem
1259 5144 1322 5184 ac
1361 5129 1651 5184 consilium
1703 5143 1898 5199 capere
1945 5145 2040 5185 ne-

467 5240 610 5296 queo
657 5243 671 5280 :
722 5225 812 5296 qui
855 5241 978 5279 cum
1043 5222 1428 5293 Dionysianam
1475 5235 1638 5274 teram
1685 5229 1849 5285 .tanto
1909 5221 2040 5276 vitio

469 5317 725 5373 foedatam
761 5316 963 5386 passim
995 5315 1267 5376 occinant,
1303 5312 1370 5366 ab
1392 5310 1581 5366 eadem
1609 5321 1918 5366 tamennon
1955 5327 2040 5368 re-

467 5406 689 5462 cedunt.
727 5405 910 5476 Itaque
940 5403 1216 5460 Marianos
1249 5415 1393 5456 anno
1437 5399 1600 5455 Urbis
1643 5400 1876 5456 condita:
1913 5401 2038 5468 752,

471 5497 697 5568 Augusti
745 5513 854 5561 xu,
907 5497 1122 5567 Olymp.
1158 5493 1261 5549 191
1297 5506 1440 5547 anno
1487 5491 1646 5546 tertio
1685 5501 1870 5546 natum
1920 5507 2040 5548 esse

473 5588 810 5641 Salvatorem
857 5587 1079 5648 scribit,
1120 5584 1308 5638 indict.
1364 5597 1436 5637 tv.
1492 5580 1592 5636 Ubi
1643 5582 1768 5638 licet
1813 5582 2041 5637 indictio

474 5691 754 5744 perperam
781 5679 1013 5748 ascripta
1041 5677 1134 5737 sit.
1161 5692 1280 5745 qua:
1308 5675 1465 5730 tertio
1497 5675 1596 5730 194
1627 5672 1840 5744 Olymp.
1873 5687 2039 5736 anno,

472 5775 532 5818 et
567 5765 724 5820 L‘r'ois
755 5768 882 5835 7.39.,
919 5767 1076 5822 tertia
1121 5782 1244 5823 esse
1279 5767 1498 5833 debuit;
1543 5775 1720 5822 tamen
1763 5783 1793 5824 a
1829 5765 2037 5838 vulgari

2137 4585 2476 4660 eltronologi,
2507 4605 2628 4644 cum
2654 4589 2768 4644 haec
2797 4605 2987 4659 parum
3023 4605 3144 4645 esse
3161 4599 3528 4643 consentanea
3555 4586 3700 4640 vide-

2138 4689 2280 4747 rent,
2317 4680 2471 4750 prius
2495 4679 2627 4733 illud
2652 4679 2870 4748 quidem
2895 4679 2962 4733 de
2984 4679 3162 4732 lunari
3197 4689 3344 4733 motu
3381 4687 3699 4743 tenuerunt;

2139 4769 2408 4840 posterius
2439 4783 2568 4824 vero
2600 4767 2669 4823 de
2709 4783 2895 4822 mense
2930 4782 2996 4824 ac
3025 4767 3113 4822 die
3153 4784 3498 4838 nequaquam
3531 4767 3701 4822 secuti

2138 4869 2285 4914 sunt.
2321 4858 2398 4912 Ex
2429 4875 2539 4930 quo
2563 4858 2764 4914 factum
2789 4866 2892 4923 est,
2924 4869 2982 4912 ut
3011 4859 3066 4913 in
3108 4874 3250 4913 anno
3296 4857 3576 4914 Passionis
3617 4857 3702 4910 in-

2140 4946 2389 5018 dagando
2421 4947 2702 5017 plenilunii
2727 4962 2851 5003 cum
2888 4963 2937 5019 vt
2964 4947 3101 5002 feria
3132 4946 3510 5001 convenientis
3543 4948 3702 4999 ratio-

2140 5055 2261 5094 nem
2310 5039 2610 5094 habendam
2647 5054 2768 5094 esse
2809 5038 3078 5093 duxerint.
3123 5038 3324 5092 Paulus
3371 5053 3498 5093 vero
3536 5036 3701 5092 Furo-

2141 5142 2414 5196 sempron.
2459 5127 2550 5182 lib.
2585 5142 2659 5182 vtt
2702 5127 2869 5196 partis
2903 5142 3237 5188 n.anuorum
3280 5143 3380 5194 ιιι,
3414 5128 3519 5183 hoc
3559 5139 3637 5182 est
3669 5143 3699 5182 a

2141 5219 2210 5274 50
2237 5218 2441 5273 Christi
2490 5219 2556 5272 ad
2600 5218 2692 5282 40,
2728 5219 3006 5272 noviluuia
3056 5218 3464 5288 pleniluniaque
3504 5235 3701 5290 propo-

2143 5311 2273 5378 suit,
2310 5321 2419 5364 tam
2471 5310 2666 5374 media,
2705 5326 2868 5381 quam
2913 5325 3063 5366 vera.
3097 5309 3172 5364 Ex
3203 5311 3402 5381 quibus
3436 5327 3531 5367 sex
3565 5312 3702 5366 dun-

2143 5410 2290 5456 taxat
2321 5401 2408 5456 ltic
2438 5402 2796 5465 ascribemus,
2845 5409 2903 5455 ut
2939 5402 3256 5472 quaestionis
3293 5403 3702 5458 controversia-

2142 5509 2248 5566 que
2298 5503 2473 5549 status
2522 5494 2785 5548 lectorum
2839 5495 3013 5550 oculis
3055 5494 3408 5563 subjiciatur;
3451 5494 3521 5550 ab
3561 5509 3700 5550 anno

2141 5602 2262 5640 aet-ae
2290 5584 2350 5639 51
2401 5584 2470 5640 ad
2515 5586 2612 5650 3G;
2661 5585 2804 5656 quod
2855 5586 2908 5640 in
2967 5586 3162 5642 horum
3211 5602 3481 5643 annorum
3523 5587 3696 5660 aliquo

2141 5674 2342 5732 Christi
2377 5675 2561 5745 passio
2591 5675 2904 5732 collocanda
2935 5676 3032 5732 sit.
