3994 6222
443 317 540 380 θῖςι

1559 310 1894 366 APPENDiX
1941 305 2560 369 DISSERTATIONUH.

3573 299 3684 355 95?.

442 452 606 510 quam
637 443 781 496 run-1
823 441 1034 488 vocant.
1083 431 1160 486 Ac
1209 431 1252 485 si
1285 427 1558 484 intuendis
1608 430 1752 482 illius
1795 429 2082 498 copiamA
2111 425 2245 481 Cum
2293 427 2398 483 hoc
2451 427 2678 484 Iudaico
2711 443 2856 484 anno
2897 425 3198 495 conjunctae
3247 427 3376 478 sunt
3412 417 3681 474 feriarum

445 529 562 582 fore
616 533 1026 596 cognoscerent,
1080 521 1450 591 speculatores
1495 521 1864 591 apponebant,
1911 518 2006 588 qui

447 619 628 673 statim
659 633 723 670 ac
755 625 1070 671 nascentem
1107 617 1287 668 lunam
1317 620 1727 684 prospexerant,
1771 612 2008 667 concilio

447 707 852 762 renuntiabant.
901 706 1005 761 Sed
1051 708 1106 761 in
1150 707 1372 761 testium
1410 705 1620 760 delectu
1671 717 1892 759 morosa
1941 715 2008 757 ac

447 799 825 867 superstitiosa
877 799 1158 869 diligentia
1211 813 1349 867 opus
1391 805 1531 861 erat,
1585 811 1751 866 quam
1803 795 2008 864 aliquot

445 889 720 958 capi-tibus
775 889 1078 944 'l‘almndici
1139 881 1396 946 auctores
1446 887 1742 958 explicant.
1789 883 1892 946 libi
1939 885 2008 938 de

446 980 656 1033 visione
719 987 1070 1042 convenerat,
1123 987 1236 1033 tum
1288 977 1449 1048 legati
1507 975 1712 1046 passim
1765 973 2008 1028 dimitte-

446 1068 664 1130 bantur,
686 1065 1042 1136 quiluturam
1079 1067 1418 1122 ticam-eniam
1479 1075 1536 1122 et
1583 1073 1760 1149 map
1791 1065 2004 1119 denun-

445 1159 663 1213 tiarent.
707 1157 864 1224 Quod
912 1159 960 1218 si
992 1175 1104 1220 xu
1149 1159 1236 1213 die
1265 1159 1422 1212 testis
1465 1157 1672 1222 nullus,
1707 1171 1774 1210 ac
1811 1167 2006 1225 specu-

446 1250 585 1302 lator
627 1249 890 1316 aluisset,
944 1250 1218 1306 tricesimo
1261 1249 1438 1318 primo
1487 1247 1826 1312 neotncniam
1871 1247 2006 1301 dell-

445 1341 682 1396 nicbant.
717 1341 793 1397 ita
823 1342 1002 1409 ﬂebat,
1033 1351 1096 1398 ut
1121 1344 1406 1412 plenarum
1455 1356 1826 1410 carorumque
1853 1355 2006 1394 men-

443 1429 587 1484 sium
615 1432 890 1488 successio
913 1447 1258 1503 nequaquam
1286 1439 1588 1498 constaret;
1618 1430 1711 1486 sed
1735 1437 1796 1483 ut
1819 1427 2005 1483 civiles

445 1533 660 1576 menses
689 1520 756 1574 ad
787 1521 982 1578 sideris
1013 1532 1292 1591 aspectum
1323 1521 1719 1590 dirigerentur;
1744 1526 1803 1574 ut
1826 1533 1947 1588 cap.
1971 1517 2003 1572 8

443 1603 634 1666 Glossa
687 1608 866 1663 docet.
903 1608 1106 1664 Deinde
1145 1609 1238 1679 qui
1291 1609 1482 1680 procul
1533 1608 1601 1664 ab
1629 1623 1694 1664 eo
1732 1607 1824 1662 ubi
1873 1621 2005 1661 con-

440 1711 661 1758 sessus,
691 1697 807 1787 sire
831 1707 912 1787 ιη
938 1707 1062 1766 run,
1097 1711 1232 1767 erat,
1269 1700 1615 1766 habitabant;
1648 1707 1708 1753 ut
1727 1713 1792 1753 eo
1817 1697 2001 1770 legati,

440 1800 578 1852 quos
636 1772 1188 1872 meM'nomiuan-t,
1265 1799 1374 1846 tam
1433 1791 1544 1854 cito
1593 1790 1836 1861 aspirare
1889 1805 2000 1844 non
2033 1779 2074 1835 Β
2103 1785 2413 1860 astringunt
2467 1805 2482 1844 :

442 1887 685 1946 possent,
749 1879 918 1940 biduo
971 1879 1140 1937 festas
1187 1879 1510 1946 Neomeuias
1557 1883 1829 1952 agebant:
1859 1883 2005 1951 quod

442 1966 637 2021 incerti
697 1981 904 2034 essent,
941 1973 1192 2040 quisnam
1243 1973 1360 2028 dies
1407 1987 1438 2026 a
1484 1973 1718 2028 concilio
1750 1972 2006 2027 deﬁnitus

441 2066 605 2124 isset.
638 2055 815 2126 Atque
867 2060 970 2115 hoc
1021 2061 1291 2131 hodieque
1339 2061 1512 2130 Judaei
1545 2063 1618 2120 illi
1651 2063 1879 2132 faciunt,
1909 2062 2004 2132 qui

419 2153 592 2216 extra
623 2145 822 2210 Iudaea:
847 2149 984 2207 lines
1013 2154 1070 2204 ὲν
1090 2154 1356 2226 διασπορᾷ
1381 2155 1604 2228 degunt.
1639 2155 1709 2210 De
1736 2171 1846 2226 quo
1882 2154 2004 2216 vide

439 2249 540 2316 cap
565 2252 595 2289 ν
635 2237 810 2294 Tract.
843 2239 1138 2298 Kiddusclt.

507 2327 628 2392 lam
673 2331 1108 2400 intercalationes
1155 2337 1425 2402 mensium
1469 2353 1575 2394 non
1617 2347 1765 2402 certa
1794 2337 2002 2396 descri-

437 2419 622 2490 plione
678 2425 1021 2488 constabant.
1071 2425 1334 2492 Quamvis
1363 2430 1506 2490 enim
1567 2431 1728 2496 tertio
1785 2444 2004 2506 quoque

438 2525 601 2575 anno,
636 2512 720 2574 vel
766 2513 1036 2574 interdum
1073 2518 1330 2583 secundo,
1364 2533 1631 2586 mensem,
1665 2519 1844 2590 quoad
1873 2519 2002 2573 lice-

437 2600 550 2668 bat,
603 2602 922 2670 insererent,
985 2615 1165 2662 tamen
1231 2623 1471 2686 persaepe
1523 2608 1679 2662 aliter
1735 2609 1918 2676 ﬂebat,
1949 2619 2004 2680 ct

442 2709 831 2766 nonnunquam
861 2699 1211 2760 intercalares
1237 2701 1361 2756 anni
1386 2702 1495 2766 duo
1518 2703 1996 2766 continuabautur.

439 2782 504 2844 Et
542 2785 760 2854 quidem
809 2788 1071 2858 triplicem
1126 2805 1344 2846 causam
1403 2790 1758 2852 intercalandi
1811 2806 1931 2860 cap.
1966 2791 2001 2862 4

439 2876 798 2944 Mairqonides
853 2881 1094 2949 exponit.
1149 2881 1328 2936 Prima
1387 2890 1472 2937 est
1533 2881 1817 2954 Teknpha,
1885 2883 2002 2938 sive

438 2968 603 3030 cardo
647 2970 961 3040 aequinoctii
1013 2973 1211 3028 verni:
1248 2974 1340 3043 qui
1392 2990 1516 3030 cum
1571 2975 1626 3032 in
1670 2992 1756 3030 xw
1809 2974 1998 3054 Nisan,

436 3069 532 3114 aut
563 3070 686 3142 post
715 3077 832 3116 eam
865 3063 1146 3132 incideret,
1183 3073 1294 3124 tum
1335 3065 1481 3132 Adar
1511 3067 1860 3122 intercalatus
1889 3076 1998 3134 est;

437 3153 607 3216 altera
637 3167 804 3216 causa
832 3160 917 3212 est
947 3153 991 3206 si
1025 3154 1266 3208 nondum
1292 3155 1430 3210 Abib
1461 3164 1756 3224 appeteret,
1790 3156 1894 3211 hoc
1922 3165 2006 3212 est

438 3241 668 3304 necdum
726 3243 909 3316 fruges
967 3260 1122 3306 novre
1171 3255 1400 3306 matura:
1471 3257 1684 3311 essent;
1745 3247 2002 3304 nimirum

435 3341 624 3427 'lD'l'Jt'l
657 3343 818 3427 mli:
847 3345 958 3424 ῘΠὩ
988 3321 1199 3424 ΞΊἿΡΠῙἿ
1231 3345 1448 3427 P111713,
1462 3339 1678 3405 hordea,
1725 3355 1788 3392 ex
1819 3340 2005 3410 quibus

441 3421 621 3488 Omer,
653 3425 758 3478 sive
791 3421 1102 3494 ninnipulus'
1122 3421 1402 3498 offerretur
1428 3446 1446 3482 :
1477 3429 1624 3498 quod
1653 3431 1888 3486 secunda
1919 3430 2007 3490 die

437 3511 766 3581 Azytnorum
799 3514 993 3582 ﬁebat;
1038 3518 1194 3571 tertia
1241 3533 1404 3582 causa
1443 3529 1546 3584 est,
1580 3535 1703 3573 cum
1747 3519 2003 3574 arborum

440 3601 652 3668 fructus
683 3603 921 3658 nondum
959 3607 1369 3662 maturuissent.
1405 3608 1539 3662 Aliat
1575 3607 1798 3678 insuper
1827 3623 2006 3672 causa!

439 3693 671 3762 leviores
711 3696 1061 3770 accedebant,
1078 3713 1196 3766 qmc
1227 3715 1272 3756 c.
1313 3700 1346 3753 4
1383 3701 1672 3764 traduntur
1702 3719 1715 3752 :
1746 3709 1804 3755 ut
1831 3701 1876 3760 si
1903 3702 2005 3756 viis

439 3784 803 3862 poutibusqnc
859 3783 1046 3880 fractis
1104 3786 1428 3852 interclusus
1492 3789 1560 3842 ad
1620 3791 1806 3852 urbem
1861 3799 2007 3845 esset

437 3874 650 3942 adit-us;
698 3876 743 3929 si
777 3875 920 3936 furni
957 3874 1196 3932 nondum
1243 3877 1460 3944 refecti;
1491 3879 1536 3934 si
1563 3879 1775 3949 longius
1805 3881 2003 3952 depor-

440 3975 585 4028 tatus
620 3976 762 4022 esset
792 3969 1046 4046 populus,
1077 3977 1130 4022 et
1158 3969 1261 4024 alia
1295 3971 1344 4024 id
1388 3987 1578 4041 genus.
1619 3971 1721 4027 Sed
1747 3973 2004 4043 primaria

441 4057 794 4120 ii-itercalandi
846 4075 1009 4116 causa
1058 4059 1316 4132 Tckupha
1365 4061 1486 4127 fuit,
1542 4071 1601 4116 ut
1653 4063 1791 4116 intra
1829 4073 2006 4124 certos

439 4148 634 4204 sillaris
663 4151 790 4204 anni
821 4151 1082 4206 terminos
1109 4151 1236 4208 luna
1277 4161 1642 4220 coerceretur,
1674 4169 1743 4208 ne
1775 4154 2004 4210 nimium

438 4250 779 4316 «uagaretur,
810 4259 873 4296 ac
903 4242 1164 4306 festorum
1198 4245 1538 4300 celebritates
1573 4245 1626 4300 in
1678 4247 1814 4302 alias
1845 4256 2006 4317 atque

439 4331 574 4396 alias
603 4340 947 4400 tempestates
975 4333 1298 4394 transferret
1323 4335 1466 4404 quod
1493 4337 1545 4388 in
1577 4335 1809 4390 Arabico
1838 4350 2004 4400 anno,

437 4437 502 4488 at:
526 4423 701 4488 lunari
726 4423 980 4494 simplici,
1011 4433 1064 4478 et
1092 4425 1270 4480 soluto
1301 4427 1570 4480 usuvenit.
1605 4425 1708 4480 Sed
1743 4441 1864 4496 qua:
1891 4435 2003 4482 tum
2039 4449 2081 4507 ι)

440 4510 634 4576 solaris
693 4513 820 4566 anni
881 4514 1178 4584 d-cScriptin
1234 4533 1262 4570 a
1316 4515 1518 4573 Iudicis
1571 4518 1860 4574 observata
1911 4520 2004 4586 sit,

440 4609 628 4674 postea
665 4603 1015 4660 disseremus.
1049 4605 1220 4663 Porro
1245 4609 1386 4664 hanc
1409 4611 1580 4680 ipsam
1609 4611 1736 4663 anni
1774 4609 2006 4666 formam

441 4702 619 4748 stante
674 4695 850 4750 adhuc
906 4699 1138 4766 templo,
1191 4701 1418 4754 necdum
1473 4703 1734 4773 dispersis
1791 4704 2010 4774 penitus

439 4781 662 4848 .ludazis,
701 4795 1016 4855 usurpatam
1043 4803 1183 4852 esse,
1230 4790 1369 4844 inter
1401 4790 1748 4850 Talmudicos
1771 4803 2002 4848 constat.

443 4875 572 4930 Post
601 4875 781 4944 templi
816 4877 1140 4940 vastitatem,
1178 4881 1600 4958 proﬂigatosque
1647 4899 1678 4938 e
1719 4882 2008 4940 Palmstina

439 4963 680 5032 indures,
703 4981 825 5022 cum
851 4966 963 5038 jam
991 4968 1136 5022 nulla
1163 4971 1410 5041 συνέδρια
1438 4985 1808 5052 superessent,
1838 4977 2010 5040 altera

441 5063 742 5128 temporum
773 5057 1202 5114 ordinandoro'm
1241 5071 1452 5116 servata
1507 5066 1647 5119 ratio
1695 5079 1798 5130 cst,
1837 5075 1894 5120 ut
1939 5082 2007 5122 ex

438 5148 642 5217 scripto
668 5163 732 5204 ac
762 5148 1065 5206 mediorum
1131 5159 1372 5204 met-qun
1416 5149 1638 5210 Tabulis
1667 5163 2010 5231 constantes,

438 5249 486 5292 ct
520 5249 680 5294 certate
712 5241 1012 5296 ncomenico
1042 5249 1491 5318 prepouet'entur,
1527 5255 1594 5296 ex
1628 5243 1762 5312 cycli
1791 5245 2007 5298 decem-

440 5329 760 5390 novennalis
810 5330 1084 5394 methodo,
1120 5346 1278 5402 quem
1313 5339 1493 5390 nam
1523 5344 1742 5400 vocant,
1769 5342 1823 5388 et
1846 5342 2002 5398 11w.

440 5417 539 5473 llic
569 5429 654 5473 est
691 5434 868 5474 annus
901 5419 988 5474 ille
1024 5419 1333 5475 .ludteorum
1385 5420 1738 5482 novissimus,
1773 5422 1838 5476 ad
1891 5439 2008 5478 mc-

438 5510 560 5564 dios
585 5511 724 5565 luna:
751 5519 932 5568 motus
973 5513 1436 5580 accommodatus,
1460 5513 1525 5569 de
1546 5530 1656 5584 quo
1683 5513 1860 5572 Moses
1883 5533 2002 5588 cap.

439 5599 491 5655 li.
536 5609 589 5652 et
622 5602 976 5668 sequentibus
1009 5613 1159 5658 :tum
1192 5616 1447 5662 accurate
1479 5605 1681 5660 Paulus
1717 5607 2006 5663 lt‘oroscm-

438 5698 620 5756 prem,
659 5689 988 5761 Munstcl'us,
1018 5706 1072 5752 ct
1106 5697 1366 5778 Scaliger,
1396 5698 1602 5772 aliique
1634 5701 2004 5772 disputarunt.

2121 518 2637 589 nosibgniorttmwe
2681 517 3091 580 translationes,
3141 523 3196 570 et
3231 521 3503 570 sexcenta:
3559 511 3684 566 alia

2113 623 2292 678 nugae,
2329 625 2559 665 morosae
2593 611 2698 666 illac
2725 610 2944 682 quidem
2997 621 3062 662 ac
3087 605 3354 680 perplexae
3386 619 3401 656 :
3431 601 3528 658 sed
3557 616 3684 670 quae

2113 697 2250 754 nihil
2274 699 2340 753 ad
2365 700 2674 768 institutum
2703 695 3106 780 pertinent,nisi
3131 696 3178 753 si
3203 694 3333 780 quid
3353 693 3424 758 de
3447 692 3684 758 transit-

2111 789 2350 847 tionibus
2379 793 2724 862 postmodum
2753 793 2857 848 erit
2887 779 3176 862 agendum.
3221 779 3229 780 ί
3723 783 3728 788 ’

2181 879 2274 935 Hae
2303 892 2432 950 sunt
2450 883 2578 942 anni
2607 883 2749 953 apud
2791 881 3143 948 Talmudices
3165 881 3461 952 scriptores
3491 882 3684 938 forma

2111 969 2614 1044 descriptionesque
2651 973 2772 1028 dua:
2810 991 2824 1027 :
2859 988 3089 1043 quarum
3123 973 3272 1042 prior
3308 973 3511 1038 Christi
3541 983 3686 1027 tem-

2111 1062 2335 1130 poribus
2391 1078 2457 1118 ex
2491 1065 2710 1119 illorum
2765 1063 3021 1134 opinione
3066 1065 3368 1133 congruit:
3409 1063 3686 1134 posterior

2111 1147 2268 1220 longe
2299 1160 2484 1219 postea
2513 1162 2597 1207 est
2625 1159 2858 1222 recepta.
2895 1149 3162 1216 Quocirca
3195 1165 3302 1204 non
3333 1148 3686 1202 mediocriter

2107 1243 2386 1310 aberrant,
2413 1245 2504 1313 qui
2528 1258 2594 1298 ex
2621 1243 2909 1299 recentiori
2939 1241 3042 1297 hac
3069 1241 3323 1308 methodo
3375 1239 3684 1306 mediisque

2109 1331 2253 1388 lunae
2311 1336 2550 1400 motibus
2603 1343 2785 1398 vetera
2827 1333 3138 1398 Judaaorum
3188 1332 3347 1402 festa,
3407 1331 3688 1404 praecipue

2109 1421 2416 1492 Paschalis,
2452 1426 2715 1498 indagare
2765 1427 2983 1490 Student
3016 1444 3029 1480 :
3070 1425 3216 1496 quod
3254 1423 3458 1488 Paulus
3509 1420 3688 1478 Foro-

2110 1531 2306 1585 scmpr.
2361 1519 2521 1572 anxie
2565 1519 2747 1588 nimis,
2781 1527 2834 1576 et
2869 1517 3186 1586 scrupulose
3227 1515 3379 1578 l'acit,
3425 1515 3520 1569 lib.
3579 1527 3682 1566 rm

2108 1605 2278 1671 partis
2306 1621 2366 1660 ιι.
2397 1605 2582 1676 Neque
2612 1591 2792 1664 minus
2823 1615 3032 1674 errant,
3061 1605 3152 1676 qui
3183 1603 3361 1658 Phase
3388 1601 3684 1656 Judaicum

2109 1691 2236 1754 luna
2267 1712 2356 1754 xiv
2382 1713 2446 1752 ex
2473 1698 2774 1758 mediorum
2801 1706 3045 1760 motuum
3072 1695 3346 1754 accuratis
3375 1692 3686 1760 rationibus

2539 1787 2987 1858 quandoquidem
3055 1785 3226 1852 biduo
3281 1797 3684 1854 nonnunquam

2112 1883 2232 1940 post
2261 1873 2492 1928 inediam
2525 1875 2964 1944 coniunctionem
2997 1873 3160 1944 φάσις
3193 1873 3440 1929 accidere
3479 1873 3532 1924 in
3579 1885 3684 1940 PO-

2109 1962 2258 2017 litico
2285 1979 2429 2019 anno
2452 1965 2628 2034 potuit
2658 1984 2672 2019 :
2703 1965 2772 2020 de
2795 1981 2906 2036 quo
2933 1973 3143 2035 postea.

2179 2053 2336 2112 Nunc
2385 2057 2529 2114 enim
2591 2057 2820 2116 aliorum
2875 2067 2998 2128 post
3051 2055 3312 2114 Hebraeos
3383 2053 3683 2124 magistros

2107 2147 2458 2216 expendenda
2511 2150 2778 2204 sententia
2829 2159 2944 2216 est;
2997 2147 3258 2218 Scaligeri
3301 2163 3425 2202 cum
3461 2144 3680 2213 primis,

2107 2235 2200 2304 qui
2239 2235 2334 2290 lib.
2370 2235 2443 2289 De
2470 2237 2672 2300 emend.
2717 2251 2872 2306 temp.
2907 2251 2965 2301 ιι,
2999 2244 3054 2296 et
3083 2237 3136 2292 in
3166 2234 3310 2306 Iug.
3331 2233 3550 2290 Conon.
3581 2241 3682 2286 co-'

2107 2327 2258 2396 piose
2303 2327 2370 2383 de
2414 2326 2640 2394 .ludaica
2695 2338 2804 2396 tam
2851 2337 3052 2391 vetere,
3103 2342 3266 2397 quam
3301 2324 3505 2382 recenti
3547 2321 3681 2377 anni

2109 2417 2279 2473 forma
2332 2418 2622 2488 disputavit
2697 2435 2763 2473 ex
2825 2417 3172 2480 Hebraeorum
3235 2413 3680 2472 Commentariis.

2109 2505 2238 2572 Sed,
2264 2517 2324 2561 ut
2354 2508 2511 2576 solet,
2539 2509 2806 2578 permulta
2835 2525 2898 2564 ex
2933 2509 3149 2580 ingenio
3179 2523 3281 2574 suo
3320 2507 3578 2568 conﬁcta,
3611 2519 3682 2558 ac

2107 2598 2246 2654 falsa
2279 2601 2570 2670 permiscet
2598 2619 2612 2654 :
2645 2617 2766 2670 quae
2804 2601 2954 2665 alibi,
2987 2601 3034 2656 si
3064 2599 3334 2655 Dominus
3357 2597 3584 2660 dederit,
3609 2611 3680 2650 ex

2109 2689 2358 2744 instituto
2407 2689 2741 2745 refellentur.
2795 2689 2909 2746 Hoc
2959 2706 3090 2746 vero
3141 2691 3260 2754 loco
3285 2697 3552 2760 quantum
3606 2687 3680 2742 ad

2107 2793 2416 2851 Susceptam
2459 2781 2528 2836 de
2575 2780 2872 2838 Dominicm
2926 2781 3206 2848 Passionis
3234 2797 3378 2840 anno
3419 2779 3682 2852 quaestio-

2109 2885 2230 2928 nem
2256 2886 2480 2928 necesse
2503 2873 2625 2940 erit,
2651 2887 2684 2930 o
2714 2874 2898 2934 multis
2921 2889 3094 2944 pauca
3117 2874 3430 2936 libabimus.

2181 2999 2256 3058 De
2279 3001 2591 3060 Judazorum
2627 3019 2766 3060 atina
2806 3017 2970 3060 uetere
3013 3005 3270 3076 Scaligeri
3317 3003 3599 3058 sententia.

2031 3125 2075 3184 ο
2179 3135 2326 3194 Nihil
2375 3139 2461 3196 hic
2523 3141 2590 3196 de
2636 3141 3147 3211 antiquissimorum
3205 3139 3554 3194 Hebraeorum
3609 3149 3682 3192 ac

2109 3230 2538 3298 patriarcharum
2569 3247 2714 3286 anno
2751 3233 2928 3288 dicam
2957 3249 2972 3294 ;
3007 3231 3150 3310 quod
3184 3232 3251 3288 ad
3286 3246 3400 3288 rem
3435 3245 3678 3302 prasen-

2109 3329 2214 3376 tem
2247 3322 2378 3382 nihil
2407 3324 2636 3390 attinet;
2677 3325 2771 3380 sed
2799 3326 2864 3382 de
2887 3326 3174 3382 recentiori
3201 3325 3467 3380 duntaxat
3496 3332 3675 3392 astate,

2107 3427 2230 3481 qua:
2273 3413 2475 3470 Christi
2535 3417 2768 3471 natalem
2829 3417 3037 3488 aliquot
3085 3417 3304 3473 saeculis
3359 3415 3672 3471 antecessit.

2107 3501 2228 3568 Quo
2250 3513 2492 3574 tempore
2524 3506 2940 3570 Alexandream,
2973 3509 3084 3563 sive
3115 3508 3358 3564 Graecam
3404 3509 3532 3562 anni
3563 3507 3675 3561 for-

2107 3607 2276 3659 mam,
2320 3608 2350 3647 a
2387 3593 2591 3650 ludatis
2641 3595 2935 3656 admissam
2987 3607 3040 3653 et
3086 3614 3189 3653 usu
3219 3597 3364 3654 civili
3403 3607 3674 3667 receptam

2109 3685 2352 3754 Scaliger
2390 3686 2685 3742 arbitratus
2731 3695 2846 3754 est,
2889 3687 3052 3757 idque
3101 3688 3532 3758 cbronograpltis
3581 3687 3676 3742 ad-

2109 3777 2458 3834 mirator-ibus
2475 3778 2589 3833 suis
2621 3779 2876 3833 omnibus
2903 3781 3195 3849 persuasit.
3229 3778 3286 3834 In
3311 3779 3502 3850 primis
3531 3777 3674 3834 enim

2107 3871 2202 3925 lib.
2237 3870 2314 3924 De
2334 3871 2535 3924 emend.
2573 3887 2610 3932 ιι
2639 3871 2656 3940 (
2682 3887 2732 3942 p.
2763 3871 2852 3935 99,
2883 3871 3014 3928 edit.
3067 3874 3132 3944 ll
3173 3873 3384 3939 scribit,
3435 3869 3672 3940 Judtcos,

2105 3979 2229 4018 cum
2261 3963 2574 4018 neomenias
2619 3961 2728 4016 ἀπὸ
2755 3964 2854 4038 τῆς
2886 3963 3102 4042 partem
3127 3963 3478 4028 deducerent,
3517 3976 3674 4018 acccc

2107 4063 2201 4124 pto
2272 4055 2676 4110 Seleucidarum
2739 4055 2912 4130 jugo,
2951 4069 3139 4110 eorum
3197 4071 3400 4112 annum
3455 4065 3510 4111 et
3544 4069 3674 4124 cpe-9

2107 4147 2264 4200 cham
2306 4145 2370 4200 ad
2403 4145 2653 4216 politicos
2679 4162 2812 4210 usus
2849 4148 3215 4210 transtulisse,
3253 4162 3318 4202 ac
3347 4147 3674 4218 Syromace-

2109 4237 2355 4292 donicam
2385 4237 2666 4306 p--riodutn
2709 4254 3024 4308 usurpasse.
3058 4239 3184 4298 Erat
3233 4239 3348 4306 haec
3397 4237 3674 4307 Calippica

2107 4344 2277 4392 mera,
2309 4329 2476 4400 cyclis
2499 4329 2779 4385 Mclonicis
2815 4345 2866 4384 tv
2896 4340 3175 4394 constans,
3205 4329 3366 4386 annis
3395 4344 3556 4384 uxr!
3575 4369 3589 4391 ,
3616 4337 3678 4382 ut

2107 4417 2440 4480 Censorinus
2475 4427 2665 4474 auctor
2701 4428 2784 4474 est
2812 4419 2830 4484 (
2856 4435 2907 4490 p.
2945 4421 3012 4475 59
3043 4421 3083 4486 l,
3116 4421 3310 4477 diebus
3344 4419 3544 4476 27259,
3574 4419 3677 4490 cy-

2110 4510 2227 4564 cius
2257 4525 2418 4578 porro
2439 4511 2952 4576 dcccmnovennalis
2971 4509 3280 4588 Calippicus
3319 4512 3461 4566 idem
3515 4525 3674 4580 pror-

2107 4615 2201 4657 sus
2233 4612 2346 4656 erat
2381 4617 2504 4656 eum
2543 4601 2780 4668 Juliano,
2827 4603 3038 4658 dierum
3079 4603 3236 4668 6939,
3275 4605 3394 4660 hor.
3453 4605 3535 4660 i3.
3571 4603 3673 4658 Sed

2109 4709 2232 4747 cum
2273 4692 2554 4762 periodum
2588 4708 2741 4752 suam
2774 4691 3031 4763 Calippus
3057 4708 3122 4749 eo
3151 4693 3465 4750 inchoassct
3501 4708 3672 4760 anno,

2110 4799 2219 4860 quo
2241 4783 2464 4838 Darium
2487 4784 2795 4839 Alexander
2825 4785 2890 4838 ad
2913 4785 3106 4838 Arbela
3131 4785 3280 4850 vicit,
3305 4784 3520 4856 Olymp.
3551 4785 3672 4850 112,

2109 4889 2252 4934 anno
2279 4875 2538 4942 secundo,
2573 4875 2685 4930 sive
2709 4873 2868 4945 lphiti
2892 4875 3017 4940 446,
3048 4891 3163 4946 per.
3199 4875 3306 4931 Jul.
3327 4877 3490 4942 4585,
3525 4877 3674 4948 cyclo

2107 4967 2249 5021 luna:
2281 4982 2398 5029 xm,
2433 4967 2566 5024 solis
2609 4983 2710 5032 xv;
2765 4967 2833 5024 ab
2872 4977 3177 5036 autumno;
3242 4979 3350 5023 tam
3418 4969 3588 5024 Graeci
3621 4969 3673 5022 in

2106 5059 2444 5122 Macedonia,
2482 5075 2644 5134 quam
2688 5059 3152 5132 Syromaccdoncs
3185 5061 3238 5114 in
3265 5060 3396 5116 Asia
3429 5060 3673 5113 catmlrm

2107 5151 2252 5205 illaut
2282 5150 2493 5204 decimo
2527 5165 2692 5215 nono,
2718 5166 2880 5220 quant
2906 5167 2934 5206 a
2967 5151 3191 5220 Calippo
3229 5153 3532 5221 cxc03itata
3559 5148 3672 5203 {ue-

2107 5251 2214 5305 rat,
2244 5256 2388 5300 anno
2418 5243 2816 5304 instaurarunt.
2860 5243 3148 5298 duodecim
3199 5243 3362 5297 annis
3403 5253 3527 5312 post
3556 5242 3672 5296 Alc-

2109 5333 2298 5392 xandri
2353 5343 2583 5387 inertem
2617 5377 2631 5398 ,
2680 5335 2890 5404 periodi
2943 5333 3054 5390 Jul.
3109 5334 3270 5400 4402,
3327 5335 3482 5404 cyclo
3537 5335 3672 5392 luna:

2107 5441 2227 5491 xm,
2255 5426 2388 5482 solis
2419 5443 2468 5480 γι
2496 5445 2509 5479 :
2533 5442 2760 5496 eamque
2783 5441 2813 5481 a
2849 5425 3377 5498 Spomaecdonibus
3413 5425 3672 5488 Chaldaei,

2107 5515 2318 5580 ιιιιιιυι,
2375 5501 2683 5588 llagarcni,
2739 5519 2946 5574 Arabes
3015 5520 3267 5572 traditam
3331 5525 3671 5587 acceperunt.

2109 5608 2280 5664 Judaei
2329 5627 2454 5666 vero
2487 5627 2650 5666 teram
2699 5620 3077 5665 contractuum
3118 5617 3329 5680 manu:
3363 5617 3489 5696 Iun
3518 5610 3678 5676 vulgo

2115 5713 2448 5773 nuncupant.
2483 5701 2538 5757 lu
2567 5701 2997 5759 Machalxeormn
3023 5701 3178 5757 libris
3209 5703 3336 5770 anni
3369 5703 3675 5768 Grai-orum
