3994 6222
260 383 370 442 933

1215 383 1302 436 DE
1342 383 1533 440 ANNO
1569 383 1656 441 ΕΤ
1698 384 1807 440 DIE
1848 385 2202 444 DOMINICE
2241 386 2620 443 PASSIONIS.

3418 393 3522 451 εδει

259 494 646 564 appellantur,
715 494 982 564 iidemque
1041 495 1448 556 Snleueidarum
1501 498 1653 565 dicti,
1694 498 1838 568 quod
1868 506 1913 568 Α
1941 514 2249 570 progressus
2283 499 2505 570 fecerit:
2536 497 2674 567 quod
2715 515 2817 556 non
2850 510 3136 573 potuerunt
3172 503 3520 571 deprehende-

256 584 462 637 codem
532 599 699 648 anno,
757 600 868 654 quo
925 585 1184 655 periodus
1234 585 1323 650 illa
1373 587 1536 655 iniit,
1585 586 1845 651 Seleucus

261 672 539 746 Babylone
591 685 932 746 recuperata,
976 693 1290 748 emergere,
1336 687 1501 749 atque
1549 679 1843 760 imperium

261 767 512 832 stabilire
537 767 727 838 coepit.

335 841 570 897 Lunaris
599 843 725 897 anni
747 842 943 898 modus
967 850 1050 896 est
1070 841 1281 898 dierum
1306 845 1498 913 554,3,
1521 847 1626 913 55',
1655 847 1714 905 6"
1745 838 1840 923 ἐξ,

263 935 475 998 mensis
504 934 594 1001 29,
634 935 720 999 l2,
752 937 857 1003 Μ’,
892 936 1101 1018 25ηξῇ
1127 936 1256 992 anni
1278 938 1610 1014 principium
1642 941 1710 994 ab
1741 956 1844 995 au-

266 1035 485 1092 tumno,
546 1037 601 1088 et
651 1028 871 1098 quidem
935 1026 1188 1085 Octobris
1234 1045 1352 1100 vn;
1409 1046 1535 1090 nam
1585 1030 1845 1104 Tekupha

265 1117 412 1181 Tisri
445 1120 637 1175 incidit
668 1119 721 1176 in
755 1118 1008 1183 Octobris
1045 1140 1152 1188 vn,
1182 1125 1278 1194 qui
1329 1124 1444 1180 dies
1475 1125 1688 1197 primus
1729 1135 1846 1192 erat

264 1213 396 1266 anni
425 1213 641 1268 solaris.
677 1211 810 1268 Nam
853 1224 908 1270 et
938 1216 1174 1278 solarem
1205 1226 1464 1288 praeterea
1506 1234 1711 1276 annum
1746 1217 1845 1273 ob—

263 1306 579 1373 servabant,
614 1316 673 1364 ut
719 1307 772 1362 in
807 1309 900 1364 lib.
938 1325 989 1363 tv
1029 1309 1102 1364 De
1145 1311 1346 1366 emend.
1403 1311 1632 1379 scribit,
1689 1312 1846 1389 cujus

263 1397 513 1453 bisextus
542 1407 666 1453 ante
696 1400 933 1474 primum
976 1400 1143 1457 Tisri.
1198 1418 1271 1457 vu
1318 1401 1570 1464 Octobris
1610 1402 1846 1458 inﬁndep

264 1485 446 1541 batur.
506 1485 610 1551 Sed
661 1497 849 1558 postea
906 1490 1175 1546 translato
1235 1492 1288 1546 iu
1350 1507 1577 1554 vernum
1631 1501 1846 1566 tempus

264 1577 446 1641 initio,
475 1579 616 1636 inter
666 1581 897 1650 primam
939 1589 992 1636 et
1026 1583 1320 1648 secundam
1353 1583 1560 1654 Aprilis
1603 1584 1846 1644 insertus

264 1678 371 1724 est.
401 1669 598 1728 Postea
629 1668 846 1725 Juliana
879 1673 1006 1731 anni
1035 1673 1210 1730 forma
1257 1684 1495 1744 recepta,
1541 1675 1684 1733 inter
1715 1689 1844 1739 xxv,

263 1771 318 1816 et
352 1777 478 1821 xxvi
511 1760 687 1817 Martii
725 1762 1080 1826 intercalatus
1114 1771 1198 1820 est
1232 1765 1369 1821 dies.
1419 1766 1588 1834 Igitur
1635 1765 1846 1828 lunaris

1949 609 2024 657 rc,
2055 593 2168 646 sine
2199 591 2447 650 doctrina
2476 591 2602 649 anni
2632 592 2696 645 Β.
2719 591 2892 648 Adda.
2932 591 3106 662 Igitur
3132 611 3164 646 a
3189 610 3260 647 \‘ll
3295 593 3412 648 Oct.
3455 595 3526 650 ad

1947 698 2072 746 xxiv
2107 682 2252 751 Sept.
2290 682 2403 738 dies
2432 691 2552 738 sunt
2583 699 2679 736 xm
2712 684 2969 751 pt‘wcise:
3002 684 3191 756 quibus
3220 694 3523 754 competunt

1946 771 2076 832 anni
2109 771 2249 831 4104
2282 787 2346 832 ea:
2377 772 2620 833 doctrina
2644 771 2708 826 R.
2743 773 2922 829 Adda.
2968 773 3205 834 Totidem
3233 777 3371 836 enim
3398 780 3526 834 anni

1945 863 2072 922 dant
2099 864 2462 936 προηγήσεως
2489 863 2818 936 σεληνιακῆς
2847 881 2966 930 xm,
2998 866 3183 922 horam
3213 869 3263 926 l.
3294 866 3438 929 idem
3474 877 3522 924 cl

1945 955 2042 1011 lib.
2075 971 2127 1010 IV
2156 956 2440 1026 repetitur.
2465 953 2668 1010 Verum
2695 956 2833 1013 nihil
2860 957 2964 1016 hac
2999 956 3262 1030 Scaliger:
3277 959 3523 1018 doctrina

1945 1049 2140 1105 vanius
2171 1058 2336 1119 atque
2363 1048 2775 1104 inconstantius
2809 1057 2913 1103 est.
2977 1047 3223 1105 Primum
3252 1049 3397 1104 enim
3438 1064 3520 1102 re-

1945 1146 2144 1202 tractat
2175 1139 2227 1193 id
2262 1139 2409 1209 quod
2455 1139 2671 1195 dixerat
2699 1158 2713 1196 :
2745 1139 3085 1210 Calippicam
3118 1138 3351 1194 formam
3401 1149 3522 1211 posl

1945 1229 2293 1286 Constantini
2340 1241 2588 1300 tempora
2629 1233 2877 1288 nondum
2926 1232 3270 1306 repudiatam
3311 1231 3525 1301 fuisse;

1946 1332 2000 1390 et
2032 1337 2178 1384 anno
2213 1323 2451 1391 primum
2483 1322 2588 1384 544
2628 1323 2856 1384 alteram
2889 1321 3034 1376 illam
3076 1323 3196 1392 ejus
3228 1322 3348 1377 loco
3393 1323 3524 1377 sub-

1948 1414 2217 1479 stitutam,
2250 1412 2456 1472 Deinde
2487 1412 2554 1468 Β.
2586 1414 2799 1474 Addam
2838 1415 2888 1469 ei
2932 1413 3172 1470 concilio
3206 1412 3526 1474 interfuisse

1947 1509 2123 1581 putat,
2156 1509 2212 1560 et
2237 1500 2587 1570 repudiandae
2623 1501 2917 1572 Calippieze
2965 1501 3199 1571 periodi,
3232 1517 3297 1560 ac
3330 1516 3520 1558 recorr-

1949 1591 2104 1646 tioris
2147 1592 2496 1654 instituendas
2533 1603 2818 1652 auctorem
2863 1592 3052 1656 fuisse.
3090 1591 3173 1653 Ad
3225 1592 3340 1650 hare
3381 1591 3528 1664 ejus-

1948 1680 2070 1736 dem
2101 1678 2504 1738 Tiberiadensis
2550 1681 2812 1752 syncdrii,
2874 1691 2929 1737 et
2975 1681 3042 1743 il.
3080 1683 3248 1740 Adda:
3305 1682 3526 1744 decreto

1951 1773 2271 1834 translatam
2309 1788 2431 1828 esse
2471 1773 2599 1831 anni
2637 1775 2903 1843 epocham
2935 1791 2971 1848 ιι
2999 1790 3072 1832 ru
3120 1773 3240 1831 Oct.
3290 1775 3356 1830 ad
3401 1789 3527 1834 xxtv

265 1851 397 1906 anni
429 1851 724 1936 dispositio
748 1855 890 1928 apud
925 1855 1146 1917 Judaeos
1197 1857 1694 1929 Syromacedonica
1730 1857 1846 1912 sive
1880 1836 1921 1895 Β
1951 1863 2120 1934 ὅροι,
2141 1881 2264 1920 cum
2299 1874 2375 1920 tot
2408 1865 2536 1929 anni
2569 1836 2856 1928 constituti
2907 1843 3114 1932 essent,
3148 1877 3283 1942 quot
3332 1869 3396 1923 ad
3430 1882 3527 1920 xm

263 1943 543 2014 Calippica
578 1944 699 2012 fuit,
732 1945 891 2028 cujus
917 1947 1130 2008 initium
1168 1949 1236 2005 ab
1265 1948 1515 2010 Octobris
1556 1965 1652 2006 vn.

345 2034 546 2096 Verum
584 2051 708 2094 eum
742 2037 927 2108 cyclus
954 2038 1266 2110 Ca'ippicus
1321 2039 1530 2110 lunaris
1579 2043 1720 2108 idem
1762 2048 1850 2104 est

266 2141 394 2179 cum
433 2125 674 2194 Juliaqo,
703 2128 947 2182 lunarem
976 2127 1286 2202 Iudaicum,
1309 2148 1471 2204 quem
1497 2135 1846 2200 verissimum

265 2225 425 2286 prrtat
477 2216 736 2295 Scaliger,
771 2218 1001 2282 excedat
1063 2222 1214 2279 horis
1263 2222 1316 2298 5,
1367 2237 1550 2296 serup.
1605 2224 1849 2282 Judaieis

270 2305 419 2375 760;
456 2309 717 2379 quoniam
754 2311 889 2390 cycli
921 2309 1437 2371 decenmovennalis
1468 2331 1729 2370 excessus
1766 2323 1850 2375 est

267 2399 393 2455 hor.
450 2401 502 2466 1,
539 2401 688 2468 485;
724 2411 847 2472 post
880 2403 1062 2473 cyclos
1090 2419 1221 2458 vero
1268 2403 1577 2475 Calippicos
1613 2421 1700 2472 tv,
1751 2405 1847 2477 qui

267 2490 672 2561 llipparcheum
701 2509 866 2556 unum
893 2492 1123 2558 faciunt,
1150 2495 1215 2548 ad
1247 2479 1526 2571 boras'22,
1559 2495 1664 2550 880
1694 2514 1709 2562 ;
1745 2497 1850 2551 hoc

270 2591 359 2636 est
383 2581 496 2652 fere
519 2583 663 2637 diem
705 2583 942 2638 solidum
974 2600 1234 2651 excessus
1265 2585 1354 2640 ille
1391 2588 1709 2663 perveniat;
1756 2585 1853 2641 Ju-

269 2674 371 2728 daei
401 2675 660 2747 paulatim
703 2676 879 2731 labem
921 2677 1050 2744 anni
1088 2677 1172 2744 sui
1217 2677 1714 2747 deprehenderunt.
1760 2679 1855 2736 Et-

272 2767 423 2820 enim
461 2765 792 2836 Calippicam
830 2767 989 2822 istam
1034 2753 1364 2832 formam'ad
1409 2785 1610 2824 annum
1640 2771 1852 2838 Christi

274 2857 385 2922 5H
414 2857 752 2911 retinuerunt
779 2900 793 2932 ,
830 2867 888 2912 ut
919 2857 1013 2921 lib.
1047 2874 1082 2911 ll
1120 2859 1191 2913 De
1220 2859 1423 2924 emend.
1451 2863 1713 2938 scriptum
1747 2872 1850 2918 est.

276 2948 436 3005 Circa
479 2949 623 3003 hunc
649 2965 850 3013 annum
881 2965 1010 3004 vero
1043 2950 1191 3005 bidui
1235 2952 1428 3006 vitium
1460 2954 1856 3010 animadverte-

272 3049 444 3108 runt;
483 3056 608 3095 enm
646 3041 757 3110 jam
795 3042 863 3096 ab
900 3043 1055 3096 initio
1093 3041 1502 3108 Seleucidarum
1534 3062 1712 3106 annus
1751 3046 1855 3102 656

269 3130 570 3236 laberetur,
605 3131 698 3201 qui
723 3141 990 3188 esthvm
1019 3143 1142 3203 post
1181 3133 1552 3218 ilipparcheas
1594 3138 1851 3214 periodos
1879 3179 1921 3236 Ο

271 3221 432 3277 duas.
465 3222 650 3292 Itaque
683 3238 806 3276 eum
844 3222 987 3278 Tisri
1018 3222 1330 3279 Julaaorum
1364 3226 1739 3289 Alexandrcus
1772 3243 1853 3285 es-
1880 3221 1900 3250 ε

279 3325 365 3370 set
396 3316 448 3370 in
476 3333 604 3370 xxvt
641 3315 958 3386 Sept.,leria
993 3333 1070 3385 ιν,
1099 3335 1161 3374 ex
1191 3319 1515 3390 epilogismo
1564 3321 1851 3390 hodierno,

276 3408 391 3463 sive
418 3407 591 3461 lunari
615 3407 849 3478 ἀκριϐεῖ,
889 3410 1170 3474 character
1207 3419 1343 3476 erat,
1369 3412 1424 3477 2,
1454 3411 1506 3476 Δ,
1543 3412 1673 3478 240,
1701 3413 1851 3488 Sept.

279 3517 409 3554 xxrv
438 3519 450 3553 :
496 3499 571 3552 En
599 3499 738 3553 labes
763 3499 928 3555 bidui.
956 3500 1209 3556 Nondum
1235 3505 1371 3566 enim
1396 3505 1653 3558 rationem
1678 3503 1858 3575 Calip-

278 3593 454 3661 picum
508 3591 571 3645 de
603 3591 719 3644 sede
751 3607 849 3645 sua
888 3592 1303 3656 sollicitaverant
1347 3593 1528 3658 Judaei
1551 3636 1566 3662 ,
1616 3595 1706 3650 sed
1738 3612 1856 3660 eant

277 3683 452 3737 adhuc
497 3682 809 3736 incolumem
857 3694 1212 3740 servaverant.
1264 3685 1400 3740 Sero
1433 3686 1597 3757 igitur
1636 3687 1854 3751 tandem

276 3788 464 3826 errore
502 3773 742 3842 cognito,
801 3773 1042 3827 adhibita
1089 3775 1144 3828 in
1195 3777 1458 3830 auxilium
1522 3779 1854 3847 astrologia,

277 3878 404 3916 eum
473 3878 676 3916 annum
749 3863 1146 3933 instituerunt,
1200 3882 1310 3936 quo
1366 3878 1594 3934 utuntur
1672 3870 1851 3924 hodie.

279 3954 648 4021 Quamobrem
681 3972 745 4011 ex
779 3958 1036 4026 opinione
1060 3957 1321 4028 Scaligeri
1368 3976 1546 4016 anrrns
1578 3962 1665 4017 ille
1697 3960 1861 4032 Syro-

281 4049 695 4116 macedonicns,
722 4059 775 4105 et
807 4051 1186 4106 Alexandreus
1206 4051 1517 4122 Calippicus
1543 4071 1649 4108 non
1679 4056 1856 4120 solum

277 4140 385 4195 sub
439 4141 616 4210 ipsum
669 4142 948 4209 Passionis
1014 4151 1249 4213 tempus,
1292 4161 1482 4198 verum
1538 4145 1705 4200 etiam
1765 4147 1856 4201 diu

279 4242 472 4304 postea
505 4235 644 4306 apud
670 4233 886 4289 Iuda-os
922 4237 1176 4292 obtinuit.
1223 4238 1327 4293 Sed
1372 4239 1560 4293 eodem
1610 4240 1662 4294 in
1695 4256 1861 4310 opere

287 4325 362 4378 De
391 4328 753 4381 emendatione
802 4329 1127 4395 sententiam
1170 4340 1362 4393 mutat,
1409 4347 1473 4386 ac
1525 4336 1859 4388 contrarium

282 4416 463 4491 docet,
491 4418 582 4471 lib.
623 4435 655 4472 v
694 4417 785 4488 (ρ.
821 4420 926 4475 559
949 4422 988 4491 ).
1024 4419 1243 4477 .iudazos
1276 4423 1422 4478 enim
1457 4425 1655 4479 asserit
1683 4424 1863 4488 Calip-

1948 1955 2161 2012 dierum
2225 1956 2533 2027 προήγησιν
2589 1955 2990 2028 requiruntur,
3050 1957 3310 2021 nimirum
3364 1960 3528 2020 ιιθι.

1949 2045 2083 2116 Quae
2109 2046 2295 2109 omnia
2321 2047 2528 2109 clarum
2547 2057 2631 2102 est
2663 2047 2850 2108 inania
2877 2058 2930 2102 ot
2961 2049 3337 2106 commentitia
3376 2065 3530 2118 esse,

1950 2157 2052 2204 nec
2082 2140 2249 2194 ullius
2289 2138 2576 2208 scriptoris
2612 2137 2968 2207 auctoritate,
3003 2149 3098 2194 aut
3144 2140 3260 2195 ullo
3293 2140 3535 2210 antiqui-

1949 2232 2079 2287 tatis
2120 2229 2436 2285 lestimonio
2462 2227 2669 2296 fulciri,
2705 2229 2814 2287 nisi
2864 2230 3142 2293 contraria
3177 2231 3341 2290 etiam
3385 2232 3532 2299 sibi,

1949 2339 2014 2380 ac
2047 2322 2199 2377 nullo
2239 2321 2404 2384 modo
2433 2330 2800 2384 consentanea
2855 2321 3136 2384 dicantur.
3185 2319 3333 2382 Nihil
3384 2323 3533 2380 enim

1950 2414 2092 2490 apud
2155 2412 2490 2482 Sealigerum
2543 2426 2666 2466 eum
2715 2411 2768 2474 in
2803 2410 2899 2468 lib.
2945 2411 3018 2466 De
3061 2413 3289 2478 emend.,
3329 2420 3439 2470 tum
3478 2413 3533 2470 in

1952 2505 2100 2578 Isag.
2135 2505 2437 2568 Canonibus
2476 2513 2584 2569 tam
2616 2503 2810 2559 crebro
2841 2504 3189 2568 decantatum
3221 2513 3327 2570 est,
3361 2521 3532 2584 quam

1952 2596 2218 2654 novitium
2251 2596 2426 2660 illum,
2469 2602 2529 2649 ut
2571 2603 2752 2662 vocat,
2785 2593 3099 2654 Judteorum
3134 2612 3364 2664 annum,
3415 2613 3532 2669 quo

1953 2687 2032 2742 uti
2065 2687 2337 2758 hodieque
2391 2685 2590 2752 solent,
2647 2700 2678 2740 a
2721 2683 2788 2740 R.
2845 2684 3037 2741 llillele
3087 2685 3249 2756 longe
3296 2695 3416 2755 post
3469 2686 3532 2742 Β.

1955 2779 2230 2835 Samuelis
2266 2789 2320 2834 et
2346 2779 2514 2833 Adda:
2547 2785 2794 2848 tempora
2823 2778 3192 2848 excogitatum
3227 2777 3414 2833 fuisse.
3458 2777 3537 2838 Ae

1955 2887 2024 2926 ne
2057 2870 2381 2926 calumniari
2407 2870 2590 2925 sciens
2622 2870 2831 2934 videar,
2860 2885 2984 2923 cum
3017 2868 3103 2935 iis,
3139 2885 3261 2939 quae
3285 2869 3337 2926 in
3369 2885 3534 2939 opere

1955 2963 2051 3018 illo
2085 2963 2158 3017 De
2183 2964 2551 3017 emendatione
2584 2961 2828 3036 scripsit,
2863 2959 3163 3025 conferam,
3199 2977 3322 3031 qua:
3351 2961 3404 3015 in
3441 2975 3538 3030 po-

1957 3064 2184 3126 stremo,
2207 3071 2368 3126 quem
2398 3070 2461 3110 ea
2497 3055 2563 3109 dc
2597 3069 2655 3108 re
2691 3052 2901 3120 edidit,
2955 3053 3098 3107 libro
3132 3053 3350 3122 penitus
3393 3068 3422 3106 a
3477 3068 3538 3112 se

1956 3147 2172 3208 diversa
2202 3161 2266 3202 ac
2307 3145 2604 3217 pugnantia
2645 3145 2918 3214 leguntur.
2971 3143 3106 3198 Nam
3141 3143 3356 3216 Isagog.
3395 3142 3534 3198 Carr.

1961 3237 2057 3293 lib.
2091 3253 2176 3310 ut,
2207 3254 2259 3308 p.
2293 3238 2420 3300 2l5,
2461 3235 2691 3310 Templa,
2713 3235 2908 3306 inquit,
2932 3235 3101 3289 adhuc
3128 3245 3320 3298 stante,
3347 3236 3536 3296 mensis

1963 3346 2102 3384 mere
2132 3329 2336 3387 lunaris
2365 3327 2656 3398 Hipparchi
2683 3329 2736 3382 in
2773 3344 2928 3381 nsunt
2957 3344 2990 3380 a
3039 3325 3245 3384 ludatis
3299 3333 3537 3392 receptus

1962 3433 2099 3478 erat.
2135 3422 2264 3476 Post
2285 3421 2547 3476 excidium
2567 3419 2769 3490 templi,
2797 3429 2852 3482 ut
2876 3428 3007 3483 esset
3039 3415 3268 3488 formula
3294 3415 3539 3486 quwdant

1963 3525 2210 3586 perpetua
2247 3515 2375 3569 anni
2403 3514 2596 3580 civilis,
2621 3530 2724 3584 quo
2751 3511 2998 3582 pleraque
3036 3510 3204 3563 omnis
3225 3507 3542 3564 Judworum

1964 3607 2231 3677 διασπορὰ
2258 3615 2514 3672 uteretur,
2552 3604 2724 3674 primo
2773 3613 2955 3674 typum
2989 3600 3278 3671 publicavit
3327 3596 3542 3652 Srmtuel

1963 3708 2304 3770 cognomento
2341 3696 2659 3758 Jarehinai,
2709 3695 2919 3748 circiter
2965 3708 3164 3754 mtuum
3211 3689 3410 3745 Christi
3437 3687 3542 3742 2i?)

1965 3792 2082 3862 plus
2110 3793 2324 3844 minus;
2358 3797 2567 3859 quando
2601 3786 2810 3842 Judwis
2844 3786 3114 3856 praecepit,
3153 3793 3207 3838 ut
3242 3781 3425 3840 relicta
3456 3796 3542 3840 rc-

1967 3882 2065 3934 teri
2109 3879 2376 3950 Tekupha,
2427 3879 2483 3932 in
2523 3893 2596 3932 vrt
2638 3876 2755 3932 Oct.
2807 3874 3104 3943 Teltupham
3135 3871 3400 3941 Sosigenis
3440 3867 3542 3920 Ju-

1966 3970 2169 4024 lianam
2220 3971 2275 4022 in
2328 3985 2455 4023 χειν
2515 3967 2662 4036 Sept.
2722 3965 3182 4032 amplecterentur.
3225 3961 3342 4024 lpsc
3378 3959 3542 4011 etiam

1965 4064 2168 4131 primus
2217 4059 2532 4115 Iudaeorum
2587 4075 2653 4114 ex
2713 4058 3022 4128 deﬁnitione
3085 4055 3277 4108 mensis
3339 4052 3541 4103 lunaris

1971 4151 2304 4223 Ilipparchca
2330 4149 2667 4220 deprehendit
2696 4148 2978 4204 discrimen
3011 4141 3543 4198 enneadecaeteridos

1965 4243 2201 4297 Juliuna'
2224 4251 2272 4301 et
2302 4240 2504 4294 lunaris
2525 4256 2634 4296 esse
2660 4239 2776 4301 hor.
2812 4238 2864 4304 Ι,
2892 4235 3019 4290 485.
3052 4233 3244 4288 Postea
3299 4231 3423 4299 (lib.
3461 4247 3543 4302 tu,

1969 4355 2016 4392 c.
2045 4337 2173 4406 5,p.
2208 4333 2358 4406 210)
2400 4334 2468 4398 R,
2525 4332 2679 4392 Adda
2720 4333 2834 4392 Bar
2866 4329 3052 4385 Ahaba
3099 4329 3179 4381 vir
3217 4327 3410 4380 sa'culo
3450 4341 3544 4379 sua

1968 4427 2277 4482 Juda'orum
2311 4426 2668 4491 doctissimus,
2705 4423 2988 4494 pensitatis
3033 4416 3327 4488 Hipparchi
3374 4417 3544 4470 ratio-

283 4514 405 4582 pica
434 4512 649 4582 periodo
681 4514 749 4566 ad
788 4523 1019 4586 tempora
1049 4532 1210 4586 usque
1247 4517 1560 4582 Diocletiani
1609 4518 1728 4585 plus
1763 4521 1865 4580 mi-
1895 4533 1939 4588 ι)
1971 4519 2140 4582 nibus,
2195 4533 2259 4571 ea:
2330 4517 2515 4588 quibus
2556 4513 3008 4575 enneadecaeteris
3061 4510 3201 4563 Iunce
3248 4507 3420 4560 minor
3467 4514 3544 4559 est

285 4622 384 4659 nus
422 4621 544 4659 usos
572 4622 702 4659 esse.
740 4605 840 4660 Sed
870 4623 989 4661 cum
1040 4605 1329 4677 tialippica:
1382 4611 1666 4665 ncomeniw
1705 4610 1864 4666 biduo

286 4714 436 4751 veras
486 4699 790 4753 neomenias
852 4709 1220 4768 morarentur,
1268 4701 1572 4772 synedrium
1628 4701 1868 4757 Tiberia-

285 4791 445 4845 dense
476 4792 772 4845 convocatis
811 4793 993 4862 peritis
1022 4801 1363 4846 astronomue
1391 4792 1685 4863 magistris.
1731 4793 1868 4848 inter

287 4901 438 4955 quos.
483 4892 537 4936 ut
568 4883 835 4948 existimo,
871 4883 1042 4938 Rabbi
1074 4883 1229 4938 Adda
1274 4883 1376 4953 fuit
1402 4924 1417 4948 ,
1455 4901 1555 4938 usu
1581 4884 1868 4955 Culippicar

287 4971 493 5039 periodi
523 4988 642 5025 cum
679 4983 918 5042 computo
958 4989 1216 5027 annorum
1241 4974 1532 5026 Alexandri
1567 4974 1726 5028 simul
1773 4975 1868 5029 ab-

289 5077 496 5136 rogato,
535 5083 720 5120 novam
747 5068 872 5121 anni
902 5069 1156 5131 rationem
1202 5068 1455 5132 instituit,
1489 5077 1545 5120 ut
1581 5069 1869 5135 neomeniie

289 5174 395 5211 non
433 5174 524 5226 per
574 5158 841 5227 periodos,
903 5162 994 5213 sed
1045 5177 1136 5228 per
1185 5161 1357 5228 ipsum
1405 5169 1603 5213 motum
1641 5160 1871 5213 medium

290 5249 532 5302 lunarem
564 5261 898 5319 putarentur.
930 5250 1059 5304 Cum
1081 5251 1244 5322 igitur
1269 5252 1428 5317 diem,
1461 5251 1552 5304 ubi
1583 5261 1697 5304 erat
1723 5251 1870 5305 locus

291 5340 400 5393 diei
446 5340 951 5408 intercalandi,hoc
989 5350 1063 5394 est
1113 5358 1181 5394 vrI
1228 5340 1371 5405 0ct.,
1412 5350 1660 5410 putarent
1704 5341 1871 5411 fuisse

290 5433 523 5504 primam
552 5433 712 5498 diem,
745 5435 798 5487 in
831 5451 935 5504 qua
978 5433 1203 5488 mundus
1251 5435 1512 5495 conditus,
1564 5434 1685 5486 hinc
1723 5449 1871 5486 com-

289 5537 478 5596 putant
510 5543 664 5581 suum
700 5527 833 5580 inire
861 5527 1216 5580 decreverunt.
1250 5526 1314 5580 Et
1342 5528 1466 5596 quia
1497 5527 1606 5581 dics
1639 5529 1875 5598 a'quino-

292 5618 407 5681 etii,
428 5627 478 5671 et
513 5618 630 5672 ideo
666 5617 920 5687 Tekuphw
962 5619 1288 5672 autumnalis
1321 5627 1435 5672 erat
1467 5622 1520 5670 in
1546 5634 1670 5671 xxrv
1701 5616 1872 5686 Sept.,

293 5711 701 5764 Considerarunt
734 5711 788 5763 in
816 5720 938 5780 quot
969 5711 1123 5763 annis
1156 5710 1293 5763 'I'isri
1341 5727 1371 5761 a
1408 5718 1586 5764 centro
1622 5707 1873 5762 Macer/oo

294 5804 436 5869 nico,
465 5803 520 5856 id
567 5813 642 5859 est
686 5822 718 5857 a
753 5817 824 5871 vlt
879 5802 995 5857 Oct.
1041 5801 1108 5854 ad
1142 5817 1267 5870 xxiv
1302 5800 1442 5872 Sept.
1505 5802 1557 5856 in
1604 5801 1874 5855 anteriora

1968 4626 2074 4663 una
2097 4606 2591 4662 enneadecaeteride
2631 4604 2907 4679 Calippica
2933 4602 3048 4657 hor.
3086 4601 3137 4666 i,
3170 4597 3297 4662 485,
3333 4597 3428 4650 hoc
3457 4611 3548 4650 ea:-

1968 4720 2117 4758 cessu
2141 4703 2196 4756 in
2225 4701 2288 4755 l9
2309 4699 2616 4764 distributo,
2649 4697 2857 4768 collegit
2885 4697 3000 4750 hor.
3029 4693 3089 4759 0,
3132 4683 3290 4759 82%,-
3316 4689 3381 4743 de
3409 4704 3543 4756 qua-

1968 4794 2157 4846 drante
2185 4789 2426 4854 Ju.iano,
2461 4787 2566 4841 sive
2603 4785 2878 4855 Calippico
2899 4779 3266 4837 deducendum
3308 4791 3459 4838 esse;
3489 4781 3554 4825 uti

1969 4886 2155 4940 modus
2197 4883 2323 4936 anni
2366 4881 2437 4935 sit
2487 4879 2692 4933 dierum
2736 4877 2862 4940 365,
2907 4875 2961 4940 5,
2993 4875 3096 4930 997
3245 4874 3424 4940 Quare
3472 4865 3553 4922 R.

1968 4974 2126 5026 Adda
2155 4969 2436 5024 lulianum
2468 4984 2688 5030 annum,
2737 4975 2788 5020 et
2837 4963 3105 5019 Samuelis
3141 4962 3412 5031 Tekuphas
3461 4973 3548 5011 re-

1961 5065 2141 5134 jecit;
2187 5061 2327 5131 quod
2362 5059 2529 5114 eidem
2560 5058 2779 5112 Iuliano
2827 5057 2912 5110 die
2958 5064 3203 5128 perpetuo
3254 5055 3549 5108 luererent:

1971 5159 2082 5227 ipse
2114 5171 2232 5209 tero
2270 5169 2389 5208 cum
2431 5169 2629 5206 annum
2685 5151 2947 5220 tropicum
3006 5147 3397 5216 Hipparclteum
3438 5142 3568 5197 suis.

1975 5247 2317 5311 obtrusisset,
2343 5247 2395 5299 in
2423 5262 2524 5316 quo
2554 5253 2670 5314 post
2699 5242 2804 5296 504
2837 5257 3004 5294 annos
3032 5239 3162 5292 solis
3195 5253 3256 5290 ac
3295 5236 3436 5290 luna:
3465 5247 3548 5286 ra-

1976 5341 2139 5393 tiones
2169 5337 2238 5390 ad
2270 5336 2526 5390 amussim
2555 5333 2839 5405 quadram,
2879 5347 2970 5384 nec
2993 5339 3071 5384 est
3103 5330 3202 5384 illa
3229 5328 3540 5400 προέμπτω

1975 5449 2079 5496 σις,
2111 5439 2207 5484 aut
2241 5429 2646 5501 μετέμπτωσις,
2677 5423 2949 5492 Tekvphas
2984 5422 3121 5476 alias
3150 5420 3401 5483 instituit,
3435 5430 3568 5487 qua}

1975 5538 2095 5576 cum
2142 5521 2426 5574 noviluniis
2475 5517 2595 5586 pari
2632 5531 2850 5586 prorsus
2881 5513 3139 5566 rationea
3162 5509 3374 5564 Iuliani
3422 5507 3566 5560 anni:

1974 5614 2169 5685 epocha
2201 5609 2602 5667 retrOrederent.

2047 5703 2218 5759 Orsus
2254 5710 2338 5757 est
2368 5707 2546 5755 autem
2597 5714 2627 5752 a
2669 5695 2928 5767 Tekupba
2970 5692 3136 5749 Nisan
3159 5733 3174 5760 ,
3209 5707 3316 5747 non
3362 5697 3422 5744 ut
3451 5685 3562 5744 ευρ

1977 5798 2144 5865 muel,
2193 5813 2223 5852 a
2273 5794 2534 5878 Teknpha
2575 5790 2718 5860 Tisri
2748 5807 2762 5844 :
2796 5789 3146 5864 primumque
3191 5784 3358 5841 Nisan
3399 5781 3452 5838 in
3488 5796 3565 5836 cru
