3994 6222
226 411 336 470 957

1177 415 1262 470 ΒΕ
1303 415 1490 472 ANNO
1535 416 1623 473 [ΞΤ
1665 417 1773 473 DIE
1814 417 2173 480 DOMlNlCA-Z
2215 425 2589 485 PASSIONIS.

3385 443 3490 499 953

225 529 478 600 pendicis
509 529 682 584 instar
711 529 956 601 adjuugit
994 551 1008 586 :
1043 534 1185 588 unde
1217 536 1322 588 562
1351 537 1544 592 diebus
1580 548 1803 592 consta-
1833 543 1879 600 Α
1909 540 2021 596 bris
2052 547 2410 602 constituant.
2460 547 2622 604 Vides
2656 565 2820 620 quam
2856 554 3106 621 perplexe
3142 554 3196 607 in
3246 555 3347 611 hac
3393 559 3494 611 do-

227 619 360 687 bat;
406 621 654 676 lunarem
700 620 956 690 alterum,
993 640 1021 678 a
1055 640 1164 694 quo
1192 627 1338 680 velut
1369 635 1578 682 stamen
1613 644 1639 681 a
1671 628 1803 682 sub-

225 711 453 776 temine,
491 712 562 767 ita
599 713 876 783 popularis
908 729 1085 769 amms
1115 717 1445 786 implicatur,
1488 734 1552 773 ac
1583 734 1803 788 percur-

228 802 394 857 ritur.
425 801 734 874 Utrumque
782 815 962 862 certos
986 807 1038 861 in
1067 809 1227 864 orbes
1257 825 1319 863 ac
1349 811 1601 879 periodos
1635 812 1810 864 int-lu-

228 893 348 959 dit,
398 896 635 964 primum
693 899 1068 954 tetraeterides
1134 910 1188 954 et
1239 903 1638 969 octaeterides;
1693 913 1807 956 tum

231 987 499 1055 majores,
537 995 724 1057 utpote
773 1004 890 1056 xu,
939 1006 1002 1044 ac
1039 1006 1202 1046 Lxxw
1245 1008 1552 1058 annorum;
1585 995 1678 1049 sed
1713 1009 1812 1064 po-

233 1087 442 1133 strema
473 1079 588 1133 haec
625 1081 871 1135 omnium
914 1083 966 1136 in
999 1099 1144 1136 anno
1171 1085 1421 1154 pepulari
1451 1087 1812 1140 usitatissima

233 1167 378 1234 fuit;
411 1185 576 1238 quam
626 1186 751 1225 cum
778 1173 939 1226 tacite
983 1189 1078 1242 per
1124 1175 1499 1229 tetraeterides
1551 1192 1680 1231 suas
1715 1177 1814 1230 ob-

234 1270 519 1315 servarent
563 1259 876 1316 Graecorum
922 1263 1328 1332 antiquissimi,
1379 1264 1639 1334 Calippus
1694 1281 1814 1318 eam

236 1348 406 1404 certis
470 1350 669 1406 finibus
717 1366 1098 1423 annorumque
1149 1355 1426 1408 curriculo
1467 1355 1700 1419 deliuiit,
1763 1365 1818 1411 et

239 1440 527 1509 periodum
579 1442 728 1497 illam
771 1445 1008 1499 instituit
1052 1459 1323 1500 annorum
1377 1463 1566 1511 Lxxvt,
1623 1448 1676 1501 in
1709 1464 1818 1517 qua

245 1530 626 1586 tetracteridcs
657 1541 784 1586 sunt
812 1548 924 1597 xix,
963 1534 1192 1604 singula:
1233 1536 1446 1590 dierum
1481 1537 1647 1603 1M7;
1680 1554 1820 1608 quo-

251 1639 372 1678 tum
406 1625 668 1678 ordinarii
699 1634 826 1680 sunt
856 1626 1015 1693 1440,
1039 1630 1365 1696 appendices
1389 1629 1441 1683 7.
1468 1629 1524 1683 ln
1556 1632 1644 1696 iis,
1679 1646 1826 1684 Illell-

241 1713 319 1770 sis
343 1716 606 1770 duntaxat
637 1717 844 1784 primus
877 1718 1098 1774 lunaris
1130 1729 1233 1784 est,
1270 1722 1449 1775 caeteri
1496 1737 1620 1776 eum
1659 1721 1815 1776 trice-

243 1810 388 1863 narii
420 1809 529 1864 sint
554 1824 767 1873 omnes,
813 1826 841 1864 a
891 1811 1068 1865 lunari
1113 1813 1280 1868 modo
1327 1815 1588 1884 paulatim
1639 1817 1827 1871 absce-

244 1901 405 1956 dunt.
447 1901 524 1956 Ex
558 1903 997 1959 tetraeteridibus
1021 1919 1084 1959 ac
1115 1905 1358 1974 periodis
1381 1907 1822 1976 antiquissimam

247 1991 380 2048 facit
419 1992 831 2064 Olympiacam;
861 1995 926 2049 ad
959 1995 1118 2064 cujus
1148 1997 1456 2066 exemplum
1505 2007 1826 2068 propagatae

251 2084 432 2140 credit
485 2085 744 2153 reliquas.
785 2083 1036 2154 Ejusdem
1075 2088 1289 2142 initium
1336 2087 1464 2142 Julii
1500 2105 1552 2142 ιχ
1587 2089 1822 2156 definit,

246 2192 316 2232 eo
346 2184 493 2246 quod
517 2175 818 2248 Olympiaci
851 2194 1053 2249 agones
1089 2188 1212 2249 post
1241 2181 1488 2234 testivum
1528 2181 1824 2235 solstitium

247 2267 552 2338 plenilunio
588 2270 1024 2328 celebrabantur.
1053 2269 1357 2324 Solstitium
1387 2280 1568 2325 autem
1597 2285 1703 2324 non
1739 2285 1828 2325 ac-

248 2369 526 2425 curatum,
577 2375 755 2430 neque
798 2361 1067 2429 tropicum
1121 2361 1392 2432 intelligit,
1451 2360 1545 2416 sed
1580 2369 1826 2415 octavam

250 2453 533 2524 signorum
583 2461 813 2523 partem.
861 2452 1130 2519 Quocirca
1178 2469 1305 2507 cum
1357 2469 1423 2507 eo
1483 2467 1652 2515 anno,
1716 2467 1828 2523 quo

249 2545 414 2615 primi
461 2559 664 2616 agones
711 2545 780 2599 ab
826 2542 1001 2613 lpltito
1039 2545 1325 2598 instaurati
1383 2552 1530 2609 sunt,
1596 2543 1700 2598 hoc
1747 2550 1832 2597 est

251 2647 367 2704 per.
399 2630 506 2686 Jul.
553 2633 715 2694 3958,
753 2629 1040 2700 Tekuplta,
1089 2632 1204 2685 sive
1248 2632 1475 2686 secundi
1504 2628 1831 2700 quadrantis

259 2724 408 2788 ﬁnis,
450 2734 502 2779 ct
536 2734 731 2778 octava
779 2722 1132 2792 pars'CanCI-i
1163 2721 1454 2786 πλατυκῶς
1491 2723 1543 2775 in
1579 2736 1673 2776 vnt
1702 2720 1829 2775 Julii

251 2815 398 2871 diem
450 2817 778 2875 incurreret.
816 2815 936 2870 ideo
966 2831 1016 2869 ιχ
1053 2813 1180 2869 Julii
1224 2816 1433 2885 primus
1466 2814 1664 2871 solaris
1704 2814 1834 2869 anni

253 2907 397 2969 dies,
425 2921 490 2962 ac
529 2906 851 2975 quadrantis
884 2906 1100 2960 initium
1136 2907 1391 2976 deinceps
1426 2906 1547 2965 fuit,
1584 2906 1636 2959 in
1670 2922 1832 2975 quem

253 3000 422 3054 etiam
465 2999 809 3055 noviluniutn
859 2998 1210 3054 commodum
1266 2998 1474 3052 incilit.
1516 2997 1594 3052 Ita
1623 2998 1833 3068 primus

256 3089 620 3145 tetraeteridis
664 3088 870 3143 mensis
916 3088 1124 3144 lunaris
1185 3088 1417 3152 exstitit,
1461 3089 1604 3158 quod
1648 3104 1836 3158 perpe-

1908 635 2081 689 ctrina
2104 649 2346 693 versetur
2378 640 2646 712 Scaliger;
2673 651 2837 712 utque
2868 643 2918 697 in
2943 645 3131 699 eodem
3158 662 3342 716 opt-re,
3371 664 3495 716 qua:

1909 727 2072 797 paulo
2102 737 2227 782 ante
2271 730 2591 796 detinierat,
2636 732 2928 787 contrariis
2972 735 3208 790 decretis
3254 737 3490 802 refellat;

1913 833 2035 871 nam
2068 820 2225 874 modo
2258 823 2574 876 neomenias
2616 823 2897 892 aequabilis
2937 836 2990 878 et
3053 826 3332 895 popularis
3363 829 3492 881 anni

1915 918 2149 964 veterem
2195 911 2248 964 in
2300 912 2464 966 situm
2511 915 2854 978 concilialas,
2894 914 2996 968 hoc
3022 925 3105 970 est
3137 931 3164 969 a
3193 933 3226 970 x
3266 915 3394 970 Julii
3425 918 3493 970 ad

1918 1011 1996 1061 ut,
2035 1007 2089 1052 et
2132 998 2201 1052 ab
2250 1015 2346 1053 vttt
2397 1000 2462 1053 ad
2498 1016 2569 1053 vn
2605 999 2724 1055 Oct.
2763 1001 3045 1056 traductas
3077 1004 3303 1067 asserit;
3333 1004 3495 1057 modo

1918 1089 2110 1142 iisdem
2152 1089 2204 1142 in
2242 1091 2438 1144 diebus
2465 1091 2685 1150 retinet.
2723 1107 2786 1145 ac
2814 1107 3000 1146 secum
3035 1093 3377 1146 disconvenit
3408 1108 3496 1146 or~

1917 1179 2044 1233 dine
2091 1188 2226 1234 toto.
2276 1180 2432 1246 Quod
2470 1181 2689 1250 quidem
2738 1191 2852 1235 toto
2903 1183 3008 1236 hoc
3050 1183 3105 1236 in
3138 1197 3325 1251 opere,
3355 1192 3405 1236 ct
3444 1184 3496 1235 itt

1919 1269 2065 1340 Isag.
2111 1286 2298 1323 canon.
2331 1271 2573 1326 solemne
2618 1271 2825 1326 homini
2879 1287 2942 1326 ac
3012 1281 3336 1341 perpetuum
3373 1284 3496 1327 est:

1922 1365 2086 1434 idque
2117 1364 2454 1434 propediem,
2480 1365 2525 1420 si
2564 1363 2827 1419 Dominus
2857 1364 3091 1427 dederit,
3144 1380 3246 1418 suo
3277 1381 3342 1420 ac
3367 1381 3498 1435 pro.-

1922 1453 2043 1523 prio
2098 1452 2238 1507 libro
2296 1451 2822 1512 den'tonstrabimus.
2863 1467 3024 1521 quem
3069 1452 3393 1521 jamdudum
3445 1453 3500 1506 in

1923 1545 2180 1600 manibus
2227 1543 2513 1598 habemus.
2555 1544 2733 1612 Atque
2781 1544 2903 1610 hic,
2945 1545 3019 1598 uti
3067 1560 3250 1614 spero,
3308 1545 3499 1599 lectori

1927 1639 2086 1692 fidem
2117 1634 2299 1701 faciet,
2321 1651 2444 1704 qua:
2466 1635 2531 1690 de
2558 1635 2810 1689 doctrina
2832 1645 3135 1706 temporum
3168 1654 3196 1690 a
3224 1637 3506 1708 Scaligero

1928 1726 2258 1798 exc0gitata,
2285 1734 2540 1794 tantoque
2564 1725 2796 1789 ambitu,
2828 1742 2891 1780 ae
2923 1741 3118 1796 pompa
3143 1742 3265 1780 cum
3291 1729 3360 1780 ab
3385 1729 3503 1796 ipso

1929 1820 2330 1885 commendata,
2381 1827 2493 1873 tum
2541 1817 2818 1872 fautorum
2861 1830 2914 1873 ct
2951 1820 3344 1874 admiratorum
3383 1821 3504 1890 ejus

1927 1911 2122 1982 plausu
2169 1919 2391 1979 excepta
2435 1922 2584 1974 sunt,
2633 1925 2694 1964 ea
2740 1909 2897 1976 falsa,
2963 1911 3164 1980 inepta,
3199 1911 3496 1980 ἀλογίστως

1927 2013 1982 2058 et
2009 2002 2410 2066 ἀναποδείκτως
2436 2002 2605 2058 eﬂ'usa
2648 2018 2790 2066 esse,
2823 2019 2995 2074 neque
3029 2004 3325 2074 quidquam
3360 2020 3498 2074 pra:-

1933 2104 2017 2150 ter
2063 2095 2305 2165 speciem
2359 2103 2415 2148 et
2456 2095 2878 2149 ostentationem
2916 2096 3139 2151 habere.
3175 2098 3510 2165 Argumenta

1928 2185 2000 2240 sit
2027 2184 2207 2239 Attica
2240 2184 2328 2237 illa
2361 2182 2636 2253 periodus,
2671 2200 2835 2253 quam
2873 2187 3010 2238 aleo
3040 2186 3276 2255 gloriose
3320 2193 3374 2239 et
3415 2184 3507 2238 in-

1930 2273 2170 2328 solenter
2198 2273 2440 2326 venditat
2484 2293 2495 2326 :
2527 2271 2685 2341 cujus
2717 2287 2816 2326 nos
2856 2271 3118 2347 ineptiam
3178 2285 3232 2328 et
3270 2272 3511 2347 παραλο-

1928 2359 2130 2434 γισμόν
2159 2362 2467 2417 deteximus
2497 2361 2552 2415 in
2582 2360 2739 2417 Notis
2767 2363 2834 2416 ad
2863 2345 3251 2416 Themistium.
3286 2345 3512 2432 Reliqua

1931 2449 2082 2520 operi
2133 2449 2208 2503 illi
2255 2463 2623 2518 reservamus,
2643 2448 2700 2504 in
2740 2464 2850 2518 quo
2897 2458 2952 2504 et
2996 2450 3063 2505 de
3100 2449 3334 2506 Judaico
3366 2467 3515 2504 anno

1932 2544 2182 2614 pluribus
2212 2541 2603 2612 disputabitur,
2635 2550 2691 2598 et
2719 2542 2811 2597 illa
2836 2542 3008 2598 Graeci
3038 2544 3166 2597 anni
3209 2543 3382 2597 forma
3443 2561 3511 2599 ac

1933 2631 2141 2702 periodi
2175 2627 2506 2702 Olympiacae
2532 2629 2833 2700 descriptio
2868 2628 3162 2686 refelletur.
3195 2631 3356 2701 Atqui
3390 2630 3521 2686 ficto

1936 2725 2028 2780 illo
2068 2724 2356 2794 utriusque
2400 2731 2659 2778 contextu
2726 2724 2874 2779 velut
2923 2724 3286 2779 fundamento
3333 2723 3520 2780 omnis

1937 2817 2001 2872 de
2053 2825 2234 2871 vetere
2283 2831 2428 2870 anno
2459 2813 2691 2870 Judaico
2736 2815 2987 2871 doctrina
3038 2815 3331 2872 stabilitur.
3374 2814 3518 2882 Non,

1938 2907 2186 2978 inquam,
2218 2904 2442 2960 aliunde
2480 2904 2762 2976 Scaligero
2794 2916 3029 2974 constat,
3060 2905 3278 2963 Iudaeos
3309 2907 3516 2976 aliquot

1938 3008 2064 3055 ante
2094 2998 2375 3053 Christum
2410 2998 2628 3052 saaculis
2668 2999 2932 3068 epocham
2964 3000 3093 3053 anni
3125 3000 3232 3062 sui,
3277 3000 3391 3054 sive
3416 2999 3516 3052 Tc-

1939 3091 2178 3161 kupham
2225 3086 2446 3143 Octobr.
2480 3105 2550 3143 \‘ll
2587 3089 2814 3144 defixam
2853 3090 3133 3151 habuisse,
3175 3107 3338 3160 quain
3373 3092 3518 3161 quod

257 3191 350 3236 tuo
381 3189 656 3236 servatum
699 3190 801 3234 est.
861 3177 1015 3233 Unde
1050 3188 1105 3234 et
1143 3189 1372 3249 quartus
1408 3180 1630 3244 mensis,
1673 3194 1831 3249 quem
1863 3205 1906 3264 α
1939 3199 2002 3238 ex
2045 3181 2252 3253 periodi
2280 3180 2480 3236 Graecae
2523 3181 2802 3250 popularis
2859 3196 2923 3235 ac
2956 3181 3315 3237 Macedonicae
3349 3184 3519 3237 ratio-

258 3273 411 3344 apud
435 3273 798 3327 Athenienses
840 3271 1272 3343 Pyanepsionem
1307 3271 1477 3326 fuisse
1506 3272 1700 3336 credit,
1733 3286 1839 3326 ca:-

259 3365 338 3434 pit
372 3363 628 3419 Octobris
661 3379 757 3427 vn,
793 3373 915 3433 post
948 3362 1316 3416 novilunium.
1368 3360 1547 3431 Atque
1581 3360 1635 3414 in
1695 3361 1840 3416 hunc

261 3455 482 3510 modum
509 3453 702 3524 reliqui
726 3468 964 3517 menses,
994 3462 1047 3507 et
1066 3453 1194 3506 anni
1215 3451 1526 3506 necessario
1555 3458 1836 3515 ctmtextu,

261 3547 411 3600 velut
454 3554 645 3600 catena
691 3545 927 3614 quadam
973 3542 1298 3613 Clu-ysippei
1355 3541 1449 3595 fati
1481 3541 1717 3595 devincti
1755 3555 1840 3596 se.

269 3645 534 3706 quuntur,
567 3634 714 3705 quod
751 3635 804 3687 in
848 3632 1024 3703 primo
1062 3631 1135 3685 De
1167 3630 1372 3684 emend.
1418 3629 1640 3685 uberius
1673 3643 1840 3700 expo-

262 3726 434 3781 nitur.
467 3724 668 3779 Eadcm
693 3723 832 3779 serie
856 3723 1138 3778 constabat
1166 3721 1344 3775 Attica
1374 3729 1429 3775 et
1491 3719 1840 3775 Macedonica

263 3818 544 3891 periodus.
575 3814 711 3870 Nam
749 3815 915 3886 hujus
966 3813 1443 3885 ’Υπερϐερεταῖος,
1479 3812 1623 3867 illius
1681 3811 1843 3865 Ἐκα-

263 3906 541 3980 τομῦαιών
571 3923 600 3960 a
633 3905 871 3960 solsdtio
917 3903 1108 3957 inibat.
1145 3901 1264 3956 Jam
1318 3917 1446 3955 vero
1489 3916 1633 3955 anno
1683 3899 1841 3971 lphiti

137 3983 144 3988 ’
237 4002 396 4068 Δ465,
444 3998 651 4069 periodi
683 3997 914 4051 Juliante
957 3995 1115 4059 4402,
1167 3993 1372 4064 periodi
1423 3991 1718 4064 Olympicaa
1778 4005 1844 4047 ac

265 4090 625 4147 Macedonicae
672 4103 838 4152 nono,
875 4085 1160 4141 nemnenia
1206 4083 1365 4154 primi
1415 4083 1619 4138 mensis
1651 4082 1846 4137 accidit

263 4181 395 4240 Julii
420 4197 472 4236 ι.
493 4180 724 4235 Proinde
754 4188 984 4250 quartus
1015 4178 1222 4232 mensis
1245 4177 1411 4246 coepit
1437 4172 1692 4231 Octobris
1722 4191 1840 4230 vm.

265 4274 372 4331 Sed
403 4289 528 4329 cum
560 4272 856 4326 ncomenia:
893 4271 1110 4324 lunares
1134 4269 1187 4323 in
1219 4285 1270 4323 ιχ
1297 4266 1426 4322 Julii
1450 4275 1503 4322 et
1549 4283 1624 4320 vn
1651 4264 1843 4322 Octob.

267 4366 610 4427 incidissent,
641 4379 764 4434 quae
793 4373 876 4417 est
902 4360 1196 4433 Olympica:
1217 4357 1426 4430 periodi
1445 4365 1597 4414 vetus
1614 4358 1844 4428 epocha,

265 4475 331 4515 ex
374 4457 581 4527 Calippi
634 4456 955 4526 praescripto
1005 4453 1287 4523 periodum
1346 4458 1717 4514 retexuerunt,
1749 4464 1848 4505 no-

1942 3276 2087 3330 cinio
2137 3283 2370 3344 quartus
2399 3273 2605 3327 mensis
2636 3272 2916 3342 popularis
2947 3273 2999 3326 in
3035 3274 3186 3328 illum
3215 3274 3354 3328 diem
3385 3275 3520 3328 inci-

1941 3367 2097 3422 deret
2141 3380 2207 3419 eo
2240 3379 2410 3428 anno,
2455 3378 2565 3434 quo
2595 3363 3094 3435 Syromacedonica
3138 3365 3397 3435 periodus
3436 3373 3520 3422 est

1941 3457 2208 3512 instituta.
2246 3454 2350 3510 Sed
2382 3470 2507 3508 eum
2557 3454 2727 3508 multa
2759 3455 2870 3508 sint
2903 3454 2954 3508 in
2986 3462 3097 3509 tota
3134 3455 3236 3511 hac
3263 3454 3529 3526 Scaligt-rt‘

1942 3550 2204 3620 opinione
2238 3546 2593 3610 confutanda,
2621 3563 2795 3619 eaque
2818 3564 2904 3603 res
2933 3548 3236 3619 longiorem
3292 3564 3356 3604 ac
3385 3564 3525 3619 prae-

1943 3642 2159 3712 cipuam
2211 3639 2639 3710 disputationem
2691 3639 2895 3708 exigat,
2949 3648 3022 3704 et,
3075 3647 3135 3694 ut
3185 3639 3319 3704 dixi,
3371 3639 3524 3695 brevi

1943 3739 2305 3788 consecutura
2341 3730 2451 3796 sit;
2488 3745 2608 3795 nos,
2642 3731 2790 3800 quod
2819 3731 2871 3784 in
2897 3730 3036 3784 libro
3062 3729 3155 3784 illo
3182 3730 3525 3785 demonstra-

1944 3823 2113 3890 bitur,
2147 3822 2344 3879 falsam
2371 3822 2504 3877 esse'
2525 3823 2653 3875 anni
2683 3821 2828 3876 illius
2862 3820 3034 3875 Graeci
3083 3835 3148 3874 ac
3190 3817 3526 3874 Macedonici

1944 3919 2277 3968 structuram
2306 3909 2708 3981 pertendimus.
2739 3909 3011 3980 Negamus
3035 3918 3310 3972 constare,
3343 3919 3526 3962 utrum

1946 4020 2093 4060 anno
2127 4006 2220 4059 illo
2273 4020 2388 4074 per.
2426 4002 2546 4059 Jul.
2595 4002 2769 4069 4402,
2816 4002 3094 4072 popularis
3144 4010 3193 4054 et
3243 3998 3526 4070 wquabilis

1947 4091 2445 4164 Syromaccdonum
2475 4091 2681 4145 mensis
2721 4091 2772 4142 in
2811 4106 2910 4154 vn,
2945 4098 3040 4143 aut
3064 4105 3160 4142 νιιι
3196 4085 3316 4143 Oct.
3348 4089 3526 4142 incur-

1947 4187 2104 4239 rerit.
2155 4182 2430 4253 Negamus
2475 4191 2734 4250 prmterca
2787 4179 3007 4234 JUOtCOS
3051 4178 3325 4233 cardinem
3373 4177 3522 4230 illum

1948 4273 2076 4327 anui
2114 4271 2311 4326 solaris
2358 4269 2673 4339 agnovisse,
2707 4277 2799 4321 aut
2833 4266 2885 4320 in
2917 4281 2984 4320 eo
3013 4265 3314 4320 collocasse
3349 4261 3526 4317 Teku-

1949 4365 2132 4435 pham.
2167 4361 2434 4431 Negamus
2457 4375 2659 4415 annum
2693 4357 2834 4428 apud
2861 4357 3082 4412 Graecos
3137 4365 3232 4409 aut
3270 4354 3526 4426 Symma-

1953 4452 2192 4507 cedonas
2240 4449 2558 4520 popularem
2609 4444 2880 4515 ejusmodi
2936 4442 3139 4510 fuisse,
3193 4442 3408 4512 qualem
3462 4456 3528 4495 ex

267 4563 502 4619 vamque
531 4547 897 4602 condiderunt
929 4543 998 4598 ab
1020 4559 1164 4597 anno
1186 4542 1279 4596 illo
1300 4541 1506 4612 periodi
1529 4539 1636 4596 Jul.
1665 4540 1835 4606 4402,
1879 4554 1923 4610 ι)
1954 4542 2166 4598 ollicina
2220 4556 2318 4595 sua
2363 4537 2616 4609 procudit
2666 4537 2930 4607 Scaliger.
2969 4535 3117 4588 Intro
3165 4535 3360 4605 magis,
3391 4541 3445 4588 et
3475 4533 3529 4587 in

271 4639 433 4710 cujus
477 4639 741 4710 epocham
778 4652 850 4690 vn
891 4633 1142 4690 Octobris
1191 4633 1278 4688 die
1309 4633 1636 4688 dellxerunt.
1670 4630 1850 4698 Quare

268 4729 594 4787 Macedones
627 4726 1016 4800 llyperberettni
1062 4735 1170 4778 tam
1208 4723 1520 4794 popularis,
1560 4738 1724 4794 quam
1763 4722 1850 4776 lu-

269 4823 421 4878 naris
473 4820 814 4876 neomeniam
862 4835 935 4873 vn
989 4817 1242 4872 Octobris
1317 4817 1664 4872 ineboarunt.
1725 4814 1851 4870 Ideo

273 4916 470 4973 solaris
512 4915 640 4968 anni
690 4911 1152 4983 Syromacedonici
1197 4909 1320 4979 ﬁnis
1367 4908 1421 4962 in
1475 4907 1725 4963 Octobris
1799 4924 1849 4963 \‘t

267 5009 491 5072 incidit;
534 5021 816 5075 eorumque
861 5020 1030 5058 annus
1085 5002 1358 5072 popularis
1417 5016 1684 5069 nunquam
1761 5000 1853 5054 llos

269 5101 401 5170 ﬁnes
447 5097 817 5150 antevertebat.
851 5093 975 5148 “1120
1013 5093 1252 5164 Scaliger
1288 5092 1406 5163 (lib.
1434 5109 1471 5146 ιι
1509 5090 1586 5145 De
1619 5089 1851 5149 emend.,

271 5208 324 5262 p.
361 5191 451 5261 9|)
496 5189 631 5259 :qni
676 5187 959 5256 antiqnmn
1011 5185 1141 5238 illud
1173 5199 1331 5238 suum
1365 5183 1617 5237 obtinens
1667 5181 1758 5235 lib.
1791 5196 1844 5250 v,

273 5287 380 5340 hoc
415 5284 592 5352 ipsum
630 5280 822 5335 evertit
858 5280 934 5348 (p.
979 5278 1129 5348 559).
1173 5275 1371 5330 Scribit
1405 5272 1549 5326 enim
1599 5272 1852 5325 ultimum

279 5373 480 5430 solaris
510 5371 638 5424 anni
672 5366 1146 5439 Syrtmtacedonici
1191 5365 1332 5418 diem
1371 5362 1539 5417 fuisse
1582 5361 1839 5416 Octobris

273 5481 373 5526 th,
406 5477 472 5516 eo
498 5459 641 5530 quod
675 5456 1120 5528 llypcrbcretzeus
1150 5451 1532 5511 Macedonicus,
1561 5451 1612 5504 in
1640 5466 1673 5503 κ
1708 5447 1839 5503 Jttlii

273 5554 581 5614 incidisset.
636 5550 822 5618 Itaque
887 5547 1122 5617 primum
1195 5546 1537 5599 novilunium
1598 5543 1852 5597 Octobris

276 5665 377 5706 Vlll
407 5643 684 5714 congruit.
717 5641 820 5695 Sed
844 5638 1093 5708 imperite
1127 5635 1304 5692 facere
1328 5635 1568 5701 Juducos,
1591 5635 1682 5704 qui
1709 5648 1856 5688 anno

278 5737 374 5794 illo
421 5752 452 5791 a
487 5731 875 5789 Macedonibus
917 5737 1139 5797 accepto
1182 5728 1420 5798 primum
1473 5726 1853 5791 novilunium,

272 5846 438 5902 atque
481 5824 611 5884 anni
644 5823 730 5880 sui
759 5821 1040 5895 aequabilis
1071 5819 1282 5874 initium
1313 5818 1432 5891 ipso
1460 5818 1544 5874 die
1573 5833 1668 5872 \‘lll
1701 5815 1862 5873 Octo-

1955 4649 2134 4689 arcem
2170 4635 2343 4704 ipsam
2375 4628 2699 4701 qumstionis
2731 4628 2934 4683 involo.
2968 4625 3116 4698 Nego
3143 4634 3352 4681 certum
3385 4640 3530 4690 esse,

1955 4738 2085 4776 num
2113 4720 2280 4776 Judzei
2310 4719 2587 4788 Calippica
2635 4717 2728 4770 illa
2760 4715 2962 4779 lunari,
3000 4715 3085 4769 vel
3129 4713 3530 4785 Syromacedo-

1955 4813 2078 4867 nica
2111 4811 2285 4866 forma
2317 4824 2554 4879 unquam
2589 4807 2671 4862 usi
2702 4805 2929 4862 fuerint.
2961 4804 3084 4872 Quo
3113 4803 3438 4858 labefactato
3468 4817 3531 4856 ac

1954 4906 2244 4971 convulso,
2289 4913 2504 4964 cetera,
2543 4917 2664 4973 quae
2713 4901 2842 4956 lmie
2885 4900 3223 4963 innituntur,
3277 4901 3530 4950 corruant

1955 5008 2177 5049 necesse
2208 5003 2310 5046 est.
2342 4989 2554 5044 Etenim
2591 4989 2862 5044 undenam
2896 4987 3174 5054 Scaligero
3197 4989 3530 5050 compertum

1954 5092 2038 5138 est
2071 5081 2290 5137 Judatos
2340 5081 2588 5135 lunarem
2639 5078 2850 5150 Calippi
2899 5076 3179 5147 periodum
3222 5073 3275 5125 in
3318 5069 3531 5125 civilem

1956 5191 2116 5229 usum
2157 5172 2456 5250 ascivisse?
2503 5172 2732 5241 Opinor,
2754 5186 2921 5224 unum
2967 5166 3096 5223 illud
3151 5171 3530 5235 argumentum

1954 5277 2058 5334 est,
2086 5267 2230 5338 quod
2262 5267 2421 5322 annis
2447 5265 2760 5322 Graecorum
2786 5273 2895 5318 tam
2917 5261 3351 5316 Machabteorum
3384 5254 3532 5318 libri,

1958 5377 2117 5431 quam
2139 5360 2405 5432 Joscphus
2422 5374 2485 5415 ac
2502 5355 2692 5426 reliqui
2721 5355 3072 5411 Judaicarum
3099 5367 3279 5407 rerum
3305 5348 3541 5419 scripto-

1958 5468 2045 5508 res
2085 5452 2171 5506 usi
2220 5451 2330 5506 sint
2389 5448 2461 5504 At
2511 5449 2636 5516 quis
2683 5463 2749 5502 ex
2798 5461 2864 5502 eo
2909 5443 3225 5500 necessario
3294 5439 3535 5510 colligat,

1959 5542 2085 5596 anni
2113 5541 2533 5611 dispositionem
2564 5541 2736 5608 ipsam
2771 5537 2993 5593 Judteos
3025 5532 3357 5604 usurpasse?
3383 5528 3531 5585 Licet

1956 5636 2102 5690 enim
2134 5649 2323 5695 teram,
2364 5633 2478 5687 sive
2504 5632 2768 5702 epocham
2799 5630 2996 5700 ipsam,
3029 5642 3092 5683 ac
3120 5625 3359 5687 titulum,
3393 5622 3534 5677 unde

1959 5727 2131 5782 Graeci
2176 5742 2442 5780 annorum
2474 5739 2698 5779 suorum
2731 5722 3028 5792 primordia
3061 5707 3391 5789 repetebant,
3420 5713 3531 5769 ad-

1963 5819 2237 5874 bibucrint
2273 5816 2476 5884 Judaei,
2521 5832 2644 5870 cum
2693 5814 3006 5870 Graecorum
3056 5828 3143 5867 res
3182 5818 3402 5882 gestas,
3447 5807 3535 5863 vel

1946 5969 1972 5981 ρ.
