3994 6222
479 380 584 438 959

1567 369 1784 426 ΛΡΡΞΞΝ
1795 369 1905 424 DlX
1947 369 2490 425 Dle‘EllTATlONU
2502 371 2548 424 11

3619 385 3736 440 {ll-30

483 507 710 552 suorum
743 506 866 545 cum
903 489 1106 545 Graecis
1145 487 1451 558 implicatas
1489 489 1913 556 perscriberent,
1965 489 2042 541 ni-
2081 495 2124 552 Α
2156 484 2376 542 Judaeos
2407 487 2634 558 periodo
2666 488 2900 558 quadam
2945 505 3214 552 annorum
3247 509 3354 562 ιιν,
3379 495 3492 552 sive
3521 513 3738 562 uan

483 589 594 644 hilo
645 593 824 642 tamen
865 583 1068 638 certius
1102 582 1284 651 colligi
1331 591 1530 650 potest,
1585 581 1800 640 illorum
1846 597 2048 640 annum

479 681 656 745 ipsum
691 675 962 745 recepisse
991 675 1140 729 domi
1184 673 1426 737 Judaeos,
1455 689 1621 744 quam
1667 675 1770 729 hoc
1808 685 2051 744 tempore

481 769 622 838 apud
657 767 821 822 Italos
875 777 971 822 aut
995 767 1180 826 Gallos
1213 768 1437 822 lunares
1465 767 1704 822 Arabum
1737 784 1913 822 annos
1953 768 2050 826 ob-

481 859 711 924 servari,
751 859 895 928 quod
941 859 1160 914 illorum
1207 858 1442 926 scriptor
1469 857 1821 926 aliquis,rum
1850 855 2049 912 Turca-

482 965 603 1002 rum
634 950 894 1006 historias
934 949 1216 1016 scriberet,
1260 963 1354 1017 per
1399 946 1610 1020 llegirze
1641 963 1818 1006 annos
1853 963 2048 1008 nume-

479 1057 602 1096 rare
629 1051 840 1110 tempus
871 1039 1188 1096 instituerit.
1233 1037 1376 1094 Fieri
1409 1039 1590 1107 itaque
1623 1048 1818 1106 potest,
1847 1048 1903 1092 ut
1933 1038 2048 1092 illa-

478 1133 826 1194 chahaeorutn
859 1140 1049 1185 auctor
1074 1129 1277 1186 Grmcis
1307 1131 1360 1182 in
1393 1131 1554 1183 rebus
1569 1129 1814 1184 Graecam
1837 1138 2050 1198 tempo-

479 1241 602 1280 rum
637 1224 899 1278 rationem
935 1219 1300 1292 usurpaverit,
1347 1236 1376 1274 a
1423 1221 1594 1290 patria
1642 1220 2049 1292 domestic-aque

481 1314 781 1381 diversam;
820 1322 912 1366 aut
939 1325 1108 1376 certe,
1144 1321 1201 1366 ut
1245 1312 1588 1384 popularium
1633 1327 1904 1368 nullorum
1951 1329 2048 1368 nu-

481 1422 690 1462 merum
715 1421 746 1458 a
781 1405 1096 1460 Graecorum
1125 1418 1232 1460 aera
1271 1403 1579 1470 deduxerit,
1613 1404 1922 1474 solumque,
1969 1403 2044 1456 uti

481 1494 684 1546 dictum
729 1502 834 1557 est,
872 1492 1087 1546 titulum
1136 1491 1450 1546 Graecorum
1491 1490 1558 1546 ad
1585 1507 1716 1546 suos
1749 1505 1924 1552 annos
1957 1507 2047 1548 ac-

478 1583 928 1638 commodaret-it.
976 1582 1110 1648 Quis
1153 1591 1212 1636 ut
1256 1581 1400 1636 aliud
1431 1581 1678 1638 dicamus
1725 1597 1916 1652 cogere
1945 1597 2048 1638 nos

479 1669 766 1738 scriptoris
825 1669 987 1724 ullius
1037 1668 1360 1726 auctoritate
1399 1661 1608 1737 potest?
1655 1667 1900 1737 lllagnam
1943 1668 2045 1728 ho-

481 1763 646 1822 minis
675 1762 1059 1816 cunlidenliam
1121 1761 1202 1816 vel
1240 1761 1584 1816 oseitantiam
1609 1769 1825 1830 oportet
1853 1760 2044 1830 fuisse,

479 1857 572 1924 qui
607 1853 900 1909 levissimis
935 1853 1270 1922 argumentis
1316 1853 1588 1916 inductus,
1617 1853 1886 1910 allii-mare
1937 1863 2044 1910 tam

479 1943 733 2004 obscuris
762 1943 828 1997 de
849 1944 1015 1998 rebus
1047 1942 1164 1998 sine
1193 1942 1539 1998 haesitatione
1567 1943 1672 1998 ulla
1707 1943 1960 2012 potuerit.

484 2086 600 2151 Quo
634 2088 840 2141 dmmm
867 2105 1002 2140 anno
1025 2087 1106 2142 usi
1143 2089 1248 2141 sint
1279 2086 1460 2142 Judwi
1486 2131 1501 2156 ,
1535 2089 1624 2143 ubi
1652 2099 1700 2143 et
1735 2090 2048 2146 obscurissi-

623 2174 737 2211 mus
765 2173 831 2211 ea:
863 2158 1158 2228 Epiphanio
1187 2158 1400 2214 illorum
1421 2159 1596 2228 θυι-ιω
1615 2161 1915 2230 exponitur.

549 2293 763 2348 Atcnim
795 2293 971 2348 lunari
1006 2307 1150 2350 anno
1191 2291 1406 2350 Jndaros
1445 2311 1572 2350 usos
1609 2311 1730 2350 esse
1771 2311 2051 2368 propemo—

479 2384 612 2438 dum
671 2385 930 2440 mortales
971 2400 1162 2440 omnes
1215 2387 1552 2442 existimant.
1599 2385 1840 2457 Ecquam
1890 2389 2052 2457 igitur

479 2471 711 2529 formam
743 2475 924 2546 potius
955 2491 1116 2544 quam
1153 2475 1488 2544 Calippicam
1517 2477 1752 2544 amplexi
1784 2477 1955 2531 sunt?
1991 2477 2047 2532 Si

481 2564 898 2636 llipparcheam,
934 2575 1008 2632 et,
1045 2582 1209 2634 quam
1235 2567 1704 2622 aceuratissimam
1736 2579 1889 2638 potat
1918 2567 2050 2624 Sca-

481 2655 632 2726 ligor,
647 2657 1000 2712 recentiorem
1030 2657 1313 2716 Judaicam
1343 2659 1564 2722 dixero,
1595 2659 1771 2712 dicam
1818 2661 1962 2729 quod
1994 2661 2048 2716 in

485 2745 627 2815 1mg.
662 2762 779 2800 can.
811 2747 952 2802 idem
995 2747 1083 2802 ille
1121 2749 1339 2802 disertis
1371 2748 1554 2802 verbis
1608 2760 1883 2806 asseverat
1912 2751 2047 2822 (lib.

481 2845 559 2888 ι.ι,
587 2829 741 2904 lsag.
771 2851 916 2900 can.,
940 2835 1158 2906 p.215).
1188 2833 1244 2890 ln
1267 2851 1374 2906 quo
1399 2851 1594 2907 magno
1613 2853 1670 2892 se
1690 2838 1921 2894 ludibrio
1941 2848 2052 2894 tra-

481 2927 652 2992 ducit,
685 2927 811 2982 dum
863 2944 959 2984 sua
995 2928 1177 2984 omnia
1229 2929 1442 2984 decreta
1506 2931 1796 2986 etoracula
1836 2933 2052 2988 convel-

480 3019 563 3082 lit,
599 3027 654 3072 et
695 3035 817 3090 qua:
870 3027 1020 3076 tanto
1063 3038 1186 3080 cum
1219 3033 1414 3078 conatu
1463 3023 1530 3078 de
1557 3023 1758 3081 Clu-isti
1784 3024 2052 3086 Passione

2151 578 2356 648 potius.

2227 669 2330 734 Qui
2367 669 2589 740 quidem
2655 667 2948 740 Epiphanii
3005 673 3162 730 locus
3209 675 3504 744 plurimum
3565 677 3740 734 debet

2149 759 2517 816 eruditissimo
2543 757 2774 830 Keplero
2797 803 2812 823 ,
2854 762 2948 830 qui
2995 762 3050 816 in
3081 763 3294 835 Edogis
3341 765 3738 837 cluenologia’s

2149 850 2582 908 luculentissima
2618 851 2990 926 disputatione
3045 854 3096 908 id
3143 856 3418 924 praestitit,
3447 869 3508 916 ut
3535 873 3608 914 es
3645 858 3738 918 bis

2149 944 2382 1006 salebris
2407 959 2708 1016 emergere,
2731 961 2800 1004 ac
2821 947 2995 1002 lucem
3019 946 3257 1018 aliquam
3287 947 3372 1004 bis
3400 947 3454 1002 iu
3485 949 3738 1006 tenebris

2148 1035 2350 1092 intueri
2385 1050 2698 1108 possemus.
2743 1036 2927 1099 bimae
2955 1038 3104 1092 enim
3127 1047 3213 1094 est
3241 1039 3386 1094 ullus
3413 1039 3552 1109 apud
3587 1038 3738 1108 Epiv

2147 1132 2406 1200 pbanium
2437 1131 2720 1184 obscurior
2743 1146 2808 1188 ac
2837 1129 3104 1184 diiiicilior
3131 1129 3397 1188 locus.Ac
3419 1147 3518 1195 nte,
3539 1131 3738 1200 prius-

2148 1238 2310 1290 quam
2340 1221 2559 1288 Kepleri
2605 1218 3016 1274 Commentaria
3067 1227 3262 1278 nactus
3309 1233 3507 1282 essem,
3551 1219 3732 1276 vehe—

2149 1322 2358 1364 menter
2388 1319 2652 1376 torserat;
2675 1319 2730 1364 ct
2751 1308 2998 1368 iiouniliil
3017 1319 3198 1368 tamen
3227 1323 3374 1364 eram
3397 1319 3732 1374 assecutus;

2147 1401 2292 1472 quod
2325 1402 2471 1458 illius
2519 1417 2621 1471 ope
2677 1402 3019 1470 postmodum
3053 1399 3342 1468 expoliisse
3380 1415 3464 1454 me
3505 1398 3734 1462 fateor,

2147 1508 2214 1548 ac
2247 1492 2494 1562 qnzedam
2531 1491 2690 1546 etiam
2723 1491 2886 1560 paulo
2913 1507 2976 1544 ac
3005 1490 3094 1546 ille
3121 1489 3247 1546 fecit
3273 1489 3430 1546 aliter
3453 1490 3736 1559 explicas‘

2149 1599 2226 1640 se.
2255 1581 2407 1638 Licet
2437 1590 2618 1636 autem
2655 1597 2722 1636 ne
2743 1582 2860 1652 ipse
2889 1582 3105 1652 quidem
3137 1581 3240 1636 sibi
3275 1577 3530 1650 Keplerus
3557 1580 3734 1636 satis-

2149 1671 2335 1734 faciat,
2371 1686 2545 1742 neque
2575 1685 2677 1740 ego
2709 1669 2964 1730 extricari
2991 1684 3148 1740 posse
3189 1669 3456 1724 confidam
3481 1670 3674 1724 omnia
3712 1687 3732 1736 ;

2149 1760 2296 1832 quod
2323 1777 2484 1822 nemo
2513 1771 2705 1834 praeter
2731 1758 3096 1834 Epiphanium
3149 1759 3284 1831 cycli
3319 1759 3476 1814 istius
3517 1761 3734 1814 memi-

2149 1852 2314 1918 nerit,
2339 1861 2392 1908 et
2422 1852 2586 1908 verba
2611 1852 2728 1920 ipsa
2759 1852 3022 1906 mendosa
3049 1853 3180 1916 sint,
3203 1866 3496 1924 proponam
3511 1861 3734 1916 tamen,

2147 1944 2326 2016 quoad
2387 1942 2711 1998 brevissime
2769 1941 3196 2014 planissimeque
3239 1953 3446 2011 potero,
3479 1958 3602 2011 quae
3627 1951 3730 1994 aut

2145 2050 2272 2090 vera
2305 2049 2426 2090 esse
2451 2033 2658 2110 judico,
2694 2040 2790 2088 aut
2829 2042 2976 2088 certe
3011 2049 3058 2086 Vt
3077 2033 3152 2089 ris
3175 2033 3448 2102 propiora.

2217 2125 2296 2182 Ac
2321 2125 2556 2195 primum
2586 2124 3012 2180 obscurissimas
3042 2119 3131 2178 ille
3183 2122 3493 2180 Iudaeorum
3529 2123 3730 2190 cyclus

2146 2217 2500 2289 exponendus
2522 2216 2735 2271 videtur
2765 2233 2778 2270 :
2809 2232 2917 2286 quo
2937 2218 3160 2286 cognito
3185 2232 3304 2286 qua:
3329 2216 3404 2270 sit
3434 2214 3728 2284 Epiphanii

2147 2309 2214 2364 de
2243 2306 2504 2366 Passione
2533 2304 2738 2360 Christi
2765 2304 3036 2360 sententia
3061 2301 3278 2359 facilius
3303 2318 3687 2371 assequemur.

2215 2396 2606 2468 Judaicicycli,
2652 2411 2761 2466 quo
2793 2395 2998 2450 Christi
3047 2394 3262 2451 Domini
3315 2403 3558 2463 tempore
3591 2409 3730 2452 usos

2148 2505 2268 2546 esse
2293 2497 2447 2560 putat
2481 2487 2837 2557 Epiphanius,
2867 2486 3172 2556 explicandi
3240 2486 3366 2542 linis
3418 2501 3482 2540 ac
3519 2501 3730 2554 scapus

2148 2588 2261 2644 est;
2293 2590 2352 2634 ιιι
2379 2587 2635 2649 appareat
2661 2575 2880 2634 Iudaeos
2904 2593 3050 2632 anno
3073 2577 3192 2647 ipso
3219 2575 3501 2632 Passionis
3532 2577 3728 2642 biduo,

2148 2669 2232 2724 Vel
2262 2670 2425 2724 etiam
2455 2669 2636 2722 tri-luo
2669 2684 2700 2722 a
2727 2669 2870 2722 lume
2907 2668 3210 2723 ratiociniis
3263 2669 3571 2724 aberrasse.
3613 2670 3730 2738 Uy-

2151 2761 2296 2816 clum
2329 2775 2492 2832 porro
2524 2760 2597 2816 ita
2625 2759 2740 2815 fere
2770 2760 3053 2816 describit.
3081 2760 3302 2816 Judaeos
3328 2762 3528 2816 asserit
3561 2761 3732 2814 luna-

2152 2867 2264 2908 rem
2297 2867 2498 2907 annum
2529 2853 2884 2908 constituisse
2928 2853 3140 2908 dierum
3187 2851 3325 2918 554,
3371 2851 3628 2908 horarum
3658 2852 3726 2916 8;

2151 2959 2272 3018 qua:
2297 2943 2516 3014 quidem
2575 2945 2724 2998 horae
2773 2945 2948 2998 tribus
3010 2944 3170 3000 annis
3218 2945 3360 3000 diem
3400 2945 3728 3000 conﬁciunt.

2151 3035 2232 3089 Ad
2273 3035 2388 3089 lucc
2425 3035 2480 3090 in
2541 3035 2702 3091 annis
2753 3052 2842 3090 ιιιν
2873 3036 3113 3106 quinque
3145 3051 3362 3092 menses
3389 3036 3728 3104 intercalari,

483 3109 682 3180 saepius
728 3121 1034 3168 astruxerat
1058 3153 1072 3176 ,
1124 3128 1260 3166 nova
1309 3115 1399 3168 illa
1451 3116 1723 3176 sententia
1751 3118 2051 3184 convellit;
2080 3151 2124 3214 ο
2155 3129 2410 3197 quoniam
2437 3143 2468 3182 θ
2493 3128 2627 3182 solis
2657 3143 2845 3194 cursu,
2879 3130 2973 3198 qui
3001 3137 3085 3182 est
3109 3129 3318 3184 dierum
3345 3128 3480 3192 363,
3517 3130 3636 3183 hor.
3672 3129 3728 3196 6,

481 3205 576 3258 sed
615 3215 860 3259 neutram
893 3206 1170 3280 periodum
1195 3207 1334 3276 apud
1360 3202 1578 3264 Judatos
1601 3226 1702 3272 usu
1726 3225 1790 3272 ac
1813 3225 2048 3268 consue-

2159 3220 2348 3278 lloram
2375 3235 2538 3274 unam
2574 3229 2907 3290 expungunt.
2967 3218 3104 3275 Nam
3159 3221 3208 3275 si
3241 3222 3404 3276 horas
3437 3221 3728 3294 adieceris,

485 3296 671 3350 tudine
703 3306 970 3368 receptam
1027 3299 1184 3356 facile
1231 3303 1503 3360 dixerim:
1543 3303 1788 3360 lunarem
1823 3303 2044 3360 quidem

483 3397 690 3442 motum
748 3399 1022 3460 utcunque
1070 3393 1190 3450 illos
1235 3395 1454 3466 assequi
1499 3395 1736 3452 voluisse
1769 3397 2038 3464 suspicor.

491 3475 624 3528 Nam
653 3477 706 3532 id
736 3479 926 3535 suadet
953 3479 1258 3552 Iosephus;
1301 3487 1392 3554 qui
1425 3485 1519 3540 lib.
1547 3501 1604 3538 ιιι
1633 3483 1943 3556 0rig.,cap.
1965 3487 2049 3554 l0,

483 3569 550 3620 ile
574 3567 840 3626 Paschale
871 3571 1116 3638 loquens.
1176 3574 1266 3644 Τῷ
1289 3575 1343 3628 δὲ
1377 3578 1525 3647 μηνὶ,
1556 3576 1766 3646 inquit,
1799 3577 1876 3648 ’ἑῷ
1909 3576 2051 3630 Ξαν-

485 3657 638 3728 θικῷ,
663 3659 722 3726 ὃς
746 3661 951 3716 Νισσὰν
977 3665 1104 3734 παρ’
1132 3665 1259 3736 ἡμῖν
1294 3667 1537 3720 καλεῖται
1565 3705 1580 3731 ,
1631 3669 1724 3722 καὶ
1754 3665 1846 3730 τοῦ
1894 3665 2049 3731 ἔτους

481 3749 628 3802 ἐστὶν
677 3750 839 3824 ἀρχὴ,
893 3755 1452 3828 τεσσαρεσκαιδεκάτη
1499 3757 1640 3816 κατὰ
1701 3757 1924 3830 σελήνην
1945 3798 1959 3824 ,
1993 3761 2049 3811 ἐν

483 3839 623 3911 κριῷ
669 3841 761 3894 τοῦ
793 3843 943 3914 ἡλίου
989 3843 1347 3909 καθεστῶτος.
1395 3846 1612 3902 Necnon
1663 3857 1714 3904 et
1745 3848 1921 3916 Philo,
1953 3851 2048 3919 qui

485 3931 578 3984 lib.
621 3931 694 3985 De
723 3936 830 3994 vita
869 3934 1032 3989 illusis
1074 3938 1186 3992 lucc
1219 3939 1411 3992 scribit
1441 3955 1454 3990 :
1487 3939 1576 4010 Τῷ
1596 3940 1660 4014 δὴ
1693 3941 1824 4012 μηνὶ
1851 3941 2046 4013 τούτῳ,

482 4040 546 4074 πε
557 4023 610 4094 pi.
621 4027 1211 4100 τεσσαρεσκαιδεκάτην
1235 4031 1446 4102 ἡμέραν
1473 4031 1753 4102 μέλλοντος
1776 4033 1868 4088 τοῦ
1894 4033 2052 4107 σελη-

481 4114 666 4168 νιακοῦ
693 4117 888 4176 κύκλου
913 4119 1156 4187 γίνεσθαι
1181 4121 1520 4194 πλησιφαοῦς
1539 4163 1555 4186 ,
1585 4126 1778 4194 ἄγεται
1822 4125 1890 4180 τὰ
1919 4129 2049 4181 Δια-

479 4205 1078 4282 δατήριςι,δημοφανὴς
1129 4213 1314 4285 ἑορτή.
1371 4214 1640 4272 Nimirum
1693 4217 1749 4272 id
1783 4217 2048 4274 inanimo

484 4296 591 4352 illis
619 4307 753 4362 erat,
797 4309 852 4354 ιιι
878 4301 944 4354 ad
978 4302 1120 4358 lunae
1171 4313 1350 4358 motus
1418 4305 1641 4374 propius
1691 4304 2042 4372 accederent;

477 4390 585 4442 etsi
621 4401 837 4464 propter
870 4393 1002 4464 cycli
1063 4394 1236 4450 labem
1280 4410 1345 4450 ac
1375 4397 1564 4450 vitium
1595 4396 1864 4451 interdum
1890 4398 2048 4452 aber-

2157 3311 2440 3370 restabunl
2471 3310 2576 3366 565
2601 3312 2721 3368 dies
2755 3311 2907 3383 παρὰ
2959 3313 3106 3383 ὤραν
3137 3312 3286 3382 μίαν.
3323 3310 3478 3366 Unde
3517 3313 3594 3370 illi
3643 3327 3724 3366 se-

2157 3397 2271 3452 xies
2321 3398 2692 3470 multiplicatis
2738 3400 3146 3470 quatuordecim
3222 3400 3422 3466 annis,
3481 3417 3719 3456 mensem

2156 3504 2324 3546 unum
2375 3489 2744 3560 octuagesimo
2791 3499 2987 3558 quarto
3035 3490 3558 3556 iutercalantanno;
3589 3492 3718 3546 adeo

2155 3587 2214 3636 ut
2247 3578 2304 3632 iu
2337 3587 2508 3634 totum
2537 3595 2665 3632 xxx:
2699 3594 2918 3636 menses
2949 3579 3002 3634 iu
3029 3596 3204 3635 annos
3226 3596 3406 3636 Lxxxv
3447 3580 3716 3650 impuleri-

2155 3678 2266 3740 tur,
2318 3685 2440 3724 eum
2475 3680 2622 3726 recta
2669 3670 2808 3726 ratio
2837 3687 2968 3725 xxxr
3011 3687 3246 3740 menses,
3289 3682 3348 3727 et
3405 3672 3526 3728 dies
3573 3689 3718 3738 xxiv,

2155 3777 2280 3822 cum
2313 3763 2468 3818 horis
2511 3764 2544 3818 5
2579 3763 2841 3832 requirat.
2887 3763 3012 3820 Haec
3064 3763 3431 3834 Epiphanius:
3459 3782 3488 3819 e
3522 3767 3718 3835 quibus

2155 3853 2433 3908 nonnullis
2467 3854 2788 3914 emendatis.
2825 3871 2948 3924 qua:
2995 3855 3314 3924 singillatim
3354 3857 3716 3922 excutientur,

2155 3943 2298 4004 hanc
2327 3943 2464 4014 cycli
2495 3942 2726 4002 formam
2758 3943 3024 4020 Keplerus
3055 3945 3217 4000 eruit.

2229 4034 2427 4104 Duplex
2451 4033 2591 4106 apud
2620 4033 2836 4089 Judaeos
2869 4035 3074 4088 lunaris
3104 4035 3232 4090 olim
3259 4033 3445 4106 cyclus
3481 4037 3716 4089 exstitit:

2155 4127 2288 4184 alter
2319 4141 2407 4182 xlv
2437 4139 2702 4180 annorum
2726 4165 2741 4190 ,
2800 4123 3018 4188 minor;
3059 4123 3194 4180 alter
3225 4141 3427 4180 uxxrv
3455 4144 3467 4178 :
3497 4135 3720 4194 uterque

2155 4216 2530 4286 septenarius;
2563 4215 2720 4284 cujus
2768 4215 2980 4272 numeri
3019 4225 3237 4286 propter
3273 4215 3597 4272 Sabbatieos
3622 4233 3714 4272 an-

2153 4322 2255 4362 nos
2277 4305 2542 4362 rationem
2570 4306 2819 4362 videntur
2865 4305 3144 4361 habuisse.
3191 4303 3714 4362 Tessaradecaeteris

2153 4413 2218 4460 ex
2259 4399 2474 4454 illortun
2512 4397 2762 4454 instituto
2817 4399 3067 4472 syzygias
3120 4398 3282 4452 habet
3329 4397 3590 4470 integras,
3627 4399 3714 4452 sed

487 4493 686 4536 rarenl.
722 4483 873 4548 Quod
905 4495 959 4540 et
995 4486 1436 4542 Christianorum
1485 4489 1737 4558 exemplo
1761 4489 2043 4558 declarari
2081 4501 2124 4560 ι)
2156 4487 2293 4542 infra
2331 4489 2526 4544 solaris
2553 4489 2678 4542 anxii
2709 4489 2928 4546 modum
2959 4490 3232 4546 consistit.
3269 4487 3402 4544 Post
3422 4506 3473 4543 γι
3503 4490 3714 4544 demum

487 4581 680 4640 potest.
711 4573 847 4628 Nam
882 4584 942 4630 ιιι
976 4577 1052 4630 illi
1099 4593 1222 4632 cum
1254 4577 1537 4634 Paschalis
1577 4580 1946 4634 celebritatem
1981 4579 2050 4636 ad

479 4663 626 4722 ,lunze
647 4665 981 4736 LIA}?LG§JO'3;,
1019 4681 1282 4738 quantum
1317 4670 1492 4725 civilis
1519 4687 1653 4724 usus
1683 4672 1910 4739 patitur,
1934 4671 2052 4725 exi-

481 4770 611 4824 gere
633 4768 974 4822 narrarentur,
1005 4757 1166 4828 idque
1193 4759 1244 4812 in
1267 4757 1484 4814 Nicaeno
1513 4759 1745 4814 concilio
1769 4761 2047 4816 decretum

479 4851 648 4910 esset,
677 4843 732 4900 in
762 4853 910 4900 tanta
947 4861 1128 4900 rerum
1162 4849 1654 4908 astronomicarum
1707 4851 1829 4904 luce
1862 4864 1926 4903 ac
1958 4865 2052 4918 pe—

481 4933 628 4996 ritia,
667 4941 844 4990 tamen
868 4933 1100 5004 eﬂ‘ugere
1129 4951 1236 4990 non
1269 4946 1584 5005 potuerunt,
1603 4939 1734 5008 quin
1763 4941 2046 4994 collectam

483 5025 692 5095 aliquot
716 5025 928 5080 saeculis
958 5025 1134 5082 labem
1165 5043 1432 5084 annorum
1455 5031 1524 5086 ad
1559 5029 1671 5088 hinc
1697 5041 1880 5086 nostra
1911 5041 2050 5086 tuin-

483 5131 612 5186 pora
637 5125 1029 5190 propagareut;
1057 5125 1114 5171 ut
1134 5132 1164 5171 a
1195 5116 1326 5172 solis
1353 5126 1500 5174 motu
1529 5118 1712 5173 decem
1741 5129 1883 5175 totos
1909 5123 2047 5188 dies,

484 5224 514 5262 a
547 5209 720 5264 lunari
748 5218 982 5280 quatuor
1009 5210 1343 5268 oberrarent.
1371 5209 1636 5276 Quocirca
1678 5212 2049 5272 idcm'Judmis

484 5300 732 5356 evenisse
765 5315 874 5358 non
915 5301 1124 5366 dubito,
1169 5309 1229 5360 ut
1256 5316 1443 5356 eorum
1509 5303 1808 5358 neomenia:
1864 5305 2047 5368 biduo,

485 5409 552 5448 ac
576 5392 756 5452 triduo
783 5408 1174 5464 nonnunquam
1205 5409 1234 5448 a
1261 5393 1458 5450 mediis
1516 5393 1659 5450 luna:
1701 5396 1942 5450 motibus
1985 5411 2050 5452 ac

485 5485 629 5544 veris
645 5484 812 5542 etiam
840 5483 1204 5544 deﬂecterent.
1229 5485 1304 5542 De
1323 5485 1474 5558 cyclo
1515 5495 1570 5542 et
1599 5503 1872 5542 annorum
1895 5487 2047 5551 orbe,

481 5572 539 5634 in
570 5587 730 5640 quem
757 5578 1068 5632 ncomenias
1101 5576 1438 5642 incluserint,
1463 5578 1564 5634 etsi
1593 5578 1728 5632 nihil
1755 5579 2048 5634 admodum

485 5658 704 5724 delinio,
737 5664 1028 5722 verisimile
1055 5676 1232 5722 tamen
1262 5668 1517 5732 arbitror,
1555 5671 1700 5738 quod
1733 5670 1784 5724 in
1809 5669 1907 5724 hac
1937 5670 2045 5723 lue-

489 5750 595 5803 τρεῖ
620 5749 953 5820 Epiphanius
985 5759 1228 5834 cxiiouit,
1268 5776 1396 5815 usos
1424 5777 1543 5816 esse
1566 5761 1762 5818 Christi
1802 5772 2043 5832 tempore

2153 4581 2731 4638 lcssaradecaeteridas
2783 4580 2942 4634 ambo
2989 4581 3040 4634 ill
3079 4581 3430 4636 concordiam
3475 4581 3602 4634 anui
3639 4591 3710 4634 ul-

2148 4687 2362 4740 cunqne
2393 4672 2636 4726 redeunt.
2673 4670 2794 4726 Dixi
2821 4671 3066 4725 lunarem
3111 4686 3314 4726 annum
3357 4671 3570 4726 deﬁniri
3609 4672 3724 4723 dim

2151 4760 2252 4820 bus
2280 4759 2404 4823 554,
2433 4761 2550 4814 hor.
2583 4760 2634 4814 8.
2679 4759 2810 4826 Qme
2841 4761 2886 4814 si
2917 4771 3117 4831 quater
3151 4770 3206 4820 et
3241 4761 3421 4818 decies
3463 4763 3710 4830 multipli-

2149 4863 2360 4915 centur,
2393 4852 2508 4910 dies
2535 4852 2774 4910 clliciunt
2801 4853 2960 4918 49.36,
3013 4855 3175 4910 horas
3224 4853 3348 4914 “2.
3375 4855 3491 4910 sive
3514 4855 3630 4909 dies
3661 4855 3713 4922 ι,

2149 4944 2268 4999 hor.
2300 4944 2386 5009 16,
2421 4944 2524 5000 hoc
2561 4953 2644 4999 est
2669 4945 2781 5000 dies
2817 4943 2926 4998 fere
2960 4945 3014 5000 5.
3049 4944 3328 5002 Accedunt
3367 4945 3712 5002 intercalares

2149 5051 2364 5090 menses
2389 5035 2662 5106 quinque,
2708 5036 2918 5090 dierum
2955 5035 3150 5106 singuli
3186 5035 3276 5102 29,
3331 5039 3453 5092 hor.
3513 5036 3600 5090 12.
3655 5035 3712 5088 lli

2148 5128 2262 5182 dies
2293 5127 2413 5194 147,
2439 5143 2561 5182 cum
2593 5127 2741 5182 horis
2774 5126 2840 5182 12
2861 5127 3175 5182 coniiciunt.
3215 5126 3296 5184 Ex
3329 5128 3530 5196 quibus
3569 5144 3712 5183 sum.

2151 5235 2236 5276 ma
2289 5219 2555 5274 conﬂatur
2589 5221 2796 5278 dierum
2839 5220 2998 5286 5105,
3054 5220 3174 5274 hor.
3233 5219 3316 5273 1'2.
3351 5216 3636 5277 Postremo
3671 5217 3714 5272 si

2155 5311 2254 5365 ll“).
2280 5311 2399 5366 illas
2423 5316 2583 5366 horas
2613 5309 2859 5380 adjicias,
2893 5311 3008 5365 sive
3039 5311 3155 5364 dies
3184 5311 3239 5374 ὦ,
3273 5311 3393 5364 1ιοι·.
3443 5309 3538 5372 16,
3571 5311 3722 5365 colli-

2149 5411 2347 5472 guntur
2370 5401 2485 5456 dies
2517 5401 2677 5466 5108,
2709 5401 2830 5454 1ιοι·.
2862 5407 2914 5456 4.
2963 5398 3005 5452 Ε
3026 5401 3226 5468 quibus
3258 5401 3322 5456 l3
3355 5399 3588 5458 Iulianis
3618 5415 3711 5454 au-

2149 5495 2235 5548 nis
2264 5491 2532 5551 deductis,
2562 5492 2653 5560 qui
2705 5502 2832 5548 sunt
2874 5491 2990 5548 dies
3017 5491 3176 5557 4748,
3217 5492 3336 5546 hor.
3389 5491 3460 5558 6,
3525 5505 3712 5560 super-

2147 5591 2307 5638 erunt
2329 5583 2455 5648 559,
2489 5584 2608 5638 hor.
2637 5585 2726 5646 22,
2753 5585 2866 5640 sive
2899 5584 3003 5640 560
3035 5584 3170 5648 dies,
3207 5599 3314 5638 una
3349 5584 3480 5638 hora
3513 5583 3714 5636 minus.

2149 5673 2304 5738 Quod
2350 5673 2396 5728 si
2457 5674 2680 5744 praeciso
2733 5672 2850 5728 dies
2881 5673 2934 5728 in
2981 5673 3139 5728 annis
3183 5689 3268 5728 λιν
3303 5671 3714 5732 intercalentur,

2151 5763 2383 5838 primunt
2428 5761 2573 5832 quod
2623 5763 2698 5818 ait
2747 5761 3100 5832 Epiphanius,
3131 5762 3289 5818 tertio
3319 5777 3540 5834 quoque
3573 5773 3714 5814 amo
