3994 6222
291 307 389 360 961
1185 306 1272 360 DE
1311 305 1495 363 ANNO
1533 305 1620 362 ET
1665 304 1773 360 DlE
1815 303 1843 356 1]

1943 297 2171 359 ΗΝΙΟΛΞ
2216 304 2587 362 ΡᾹΞΞΙΟΝΙΞ.

288 421 433 474 diem
484 419 668 490 adjici,
703 421 752 474 id
786 422 851 476 de
887 420 1078 486 primis
1129 439 1203 477 xu
1251 427 1408 480 annis
1457 425 1862 494 intelligendum
1892 426 1937 482 Α
1968 425 2285 493 probantur.
2318 426 2556 481 Prinuun
2588 427 2730 482 enim
2748 444 2869 483 cum
2891 428 3401 502 Epiphaninsd-icat,
3432 435 3528 490 Ju-

285 514 396 566 erit
432 529 444 565 :
481 520 536 566 at
559 512 774 567 decimo
819 514 1002 579 tertio,
1039 522 1094 569 et
1143 525 1338 586 quarto
1388 517 1548 571 annis
1576 517 1692 572 dies
1722 527 1864 569 unus
1963 521 2109 574 thros
2131 520 2198 574 de
2218 521 2352 576 solis
2379 516 2564 586 cursu,
2604 523 2705 577 hoc
2731 534 2812 578 est
2833 526 2937 580 565'
2965 518 3004 590 ὶ-
3029 526 3220 581 horam
3249 530 3533 600 decedere,

287 611 604 672 competet;
635 605 708 658 ita
738 614 796 658 ut
814 606 944 660 anni
973 617 1060 661 nr
1093 608 1212 662 dies
1243 607 1494 663 auferant
1528 607 1667 663 5108
1688 649 1702 672 ,
1741 607 1839 661 hor

1963 613 2077 667 sive
2118 613 2498 667 duodecimam
2523 613 2618 667 τοῦ
2647 615 2984 688 νυχθημέρου
3018 623 3247 687 partem,
3279 622 3424 687 quol
3457 624 3530 677 ita

287 694 381 761 12,
407 709 443 750 e
475 696 674 765 quibus
703 697 899 752 ablatis
925 701 1084 754 annis
1123 711 1244 763 xm,
1276 700 1557 754 res‘tabunt
1581 697 1706 761 560,
1738 698 1859 752 hor.
1963 703 2226 773 Keplerus
2273 705 2489 774 accipit,
2541 713 2602 759 ut
2649 705 2862 760 decium
2893 715 3089 776 quarto
3117 719 3336 780 quorum
3381 719 3531 764 anno

286 783 343 837 6.
386 783 581 839 Verum
613 787 871 855 quoniam
904 787 1095 844 ultimo
1119 788 1211 842 illo
1243 804 1386 844 anno
1413 789 1560 844 horae
1592 789 1713 842 dum
1739 789 1862 842 sub-
1960 793 2108 848 horze
2133 793 2234 848 illae
2265 793 2385 847 duae
2408 794 2815 861 subtrahantur,
2841 796 2986 851 idem
3015 797 3146 852 etin
3175 799 3349 852 lunari
3380 816 3528 855 anno

287 877 434 932 trahi
485 878 700 945 debent,
764 879 1278 935 tessaradeca‘eteris
1349 881 1542 936 diebus
1591 879 1860 936 constabit
1961 885 2278 956 imprudens
2317 885 2448 941 facit
2480 903 2493 938 :
2547 890 2692 957 quod
2721 899 2898 957 neque
2923 901 3108 943 verum
3135 900 3165 946 e
3197 901 3236 957 t,
3269 906 3367 946 nec
3393 890 3520 960 Epi-

288 967 453 1034 5108,
491 969 609 1023 hor.
656 969 743 1037 10,
783 971 848 1026 de
894 971 1095 1041 quibus
1118 973 1345 1027 detracti
1373 973 1500 1026 anni
1550 987 1670 1036 xm,
1701 973 1861 1026 rclin-
1961 975 2189 1044 phanius
2209 975 2496 1045 signiﬁcat.
2531 974 2663 1029 Nam
2692 991 2818 1030 cum
2848 983 2937 1030 xlv
2967 979 3096 1032 anui
3134 979 3354 1036 lunares
3384 981 3526 1036 duo-

285 1069 465 1128 qnunt
504 1059 621 1115 dies
644 1061 770 1127 560,
821 1061 943 1116 hor.
970 1062 1023 1116 4.
1062 1060 1182 1116 Jam
1227 1078 1356 1117 vero
1398 1063 1526 1116 anni
1557 1061 1757 1116 Juliani
1793 1061 1858 1116 14
1957 1068 2132 1123 decim
2171 1069 2334 1124 horas
2364 1083 2526 1139 supra
2558 1069 2701 1125 5l08
2743 1070 2860 1126 dies
2905 1072 3164 1142 colliga-nt
3193 1113 3209 1138 ,
3263 1074 3527 1146 Keplerus

286 1151 413 1206 dies
437 1151 822 1217 habent5ll3,
850 1155 968 1210 hor.
1007 1152 1089 1208 12.
1119 1151 1384 1226 Equibus
1405 1156 1664 1211 detractis
1692 1155 1852 1221 5l08,
1956 1160 2143 1215 decem
2198 1168 2404 1214 tantum
2458 1160 2620 1215 horas
2669 1156 2934 1228 attribuit,
2990 1171 3270 1233 propterea
3303 1165 3443 1234 quod
3495 1180 3531 1219 e

289 1241 379 1305 10,
411 1241 607 1313 reliqui
639 1251 768 1297 sunt
796 1245 912 1299 dies
947 1245 998 1309 5,
1036 1245 1090 1298 2.
1126 1244 1232 1300 Sed
1263 1246 1459 1301 ablatis
1483 1246 1698 1301 duabus
1747 1246 1854 1301 illis
1955 1247 2094 1306 5108
2124 1249 2334 1314 diebus,
2368 1244 2625 1320 horisque
2652 1251 2738 1317 12,
2778 1251 3038 1306 tredecim
3085 1253 3247 1309 annis
3293 1247 3529 1311 Iulianis

286 1330 457 1397 heris,
496 1333 790 1389 discrimen
841 1336 1423 1391 tessaradecaeteridos
1453 1337 1663 1391 lunaris
1693 1345 1747 1391 et
1770 1350 1857 1393 so-
1953 1340 2234 1406 detractis,
2260 1355 2382 1395 eum
2409 1341 2606 1396 residui
2638 1342 2746 1397 sint
2773 1342 2891 1397 dies
2920 1343 2974 1408 5,
3008 1343 3156 1398 horae
3178 1343 3232 1409 2,
3255 1345 3352 1400 has
3378 1345 3528 1414 ipsas

285 1423 418 1478 laris
443 1433 527 1478 est
555 1424 762 1479 dierum
785 1427 1044 1496 quinque,
1079 1427 1170 1496 qui
1199 1440 1232 1481 e
1259 1426 1423 1497 cyclis
1462 1425 1610 1481 senis
1643 1427 1856 1482 collecti
1955 1432 2116 1487 horas
2146 1431 2280 1485 duas
2309 1431 2518 1486 eximit.
2568 1431 2746 1498 Quare
2791 1442 2900 1488 tam
2960 1433 3016 1488 in
3073 1433 3250 1488 lunari
3289 1443 3525 1489 tessara-

285 1523 408 1583 post
463 1528 662 1571 Luam
704 1529 877 1572 annos
915 1518 1032 1573 dies
1089 1518 1404 1587 relinquunt
1449 1517 1539 1585 50,-
1573 1520 1664 1590 qui
1700 1520 1853 1577 initio
1952 1522 2311 1588 decaeler'ide,
2348 1531 2511 1592 quam
2542 1523 2593 1576 in
2621 1515 2856 1590 Iuliana,
2892 1521 3058 1580 horas
3100 1526 3336 1581 detrahit
3364 1527 3524 1591 duas,

284 1607 413 1660 anni
443 1607 512 1661 85
539 1609 947 1665 intercalantur.
1004 1600 1184 1677 Quare
1214 1613 1719 1671 tessara‘decaeteris
1750 1614 1850 1670 ,ιιι-
1952 1613 2195 1682 adeoque
2224 1622 2349 1683 post
2382 1611 2482 1666 168
2507 1625 2683 1666 annos
2732 1613 3020 1683 utrobique
3053 1614 3169 1669 dies
3197 1631 3340 1670 unus
3376 1618 3522 1685 peri-

286 1699 428 1753 liana
483 1701 674 1756 diebus
722 1710 935 1759 constat
983 1703 1144 1770 5H5,
1200 1703 1320 1760 hor.
1358 1705 1446 1770 10,
1483 1706 1690 1762 lunaris
1723 1718 1853 1763 vero
1883 1758 1924 1772 _
1955 1703 2151 1756 mitur:
2181 1701 2326 1772 quod
2352 1702 2406 1756 in
2437 1717 2580 1756 anno
2613 1702 2793 1756 lunari
2819 1717 3046 1772 prorsus
3075 1714 3158 1760 est
3191 1705 3520 1762 inauditum.

3425 319 3530 374 9f?!

283 1789 452 1852 5108,
510 1791 594 1845 10.
655 1791 788 1860 Quae
834 1794 888 1848 in
946 1795 1091 1850 rivi-li
1145 1808 1247 1851 usu
1312 1798 1384 1853 ita
1416 1799 1847 1868 dispensantur:

283 1885 459 1953 prima
488 1886 996 1944 tessaradecaeteris
1025 1887 1142 1942 dies
1174 1888 1333 1943 habet
1375 1889 1533 1956 5109,
1571 1899 1623 1945 et
1669 1893 1735 1945 de
1763 1901 1855 1961 po-

283 1973 499 2028 steriori
522 1975 939 2043 quatuordecim
973 1975 1144 2030 horas
1161 1975 1400 2046 decerpit
1433 1995 1448 2044 ;
1475 1979 1715 2033 secunda
1738 1981 1855 2033 ilics

280 2063 494 2116 obtinet
533 2063 691 2128 5108,
725 2064 964 2134 reliquas
990 2079 1122 2119 vero
1181 2063 1250 2119 10
1300 2066 1464 2122 horas
1493 2068 1558 2121 ad
1594 2083 1853 2138 euinpen-

281 2154 482 2208 sondas
539 2155 746 2223 priores
802 2155 867 2208 14
895 2165 1119 2225 erogat:
1175 2164 1381 2211 restant
1420 2158 1569 2213 hurre
1621 2159 1850 2230 4;quze

280 2254 403 2313 post
427 2260 484 2298 lll
514 2246 723 2316 cyelum
751 2261 996 2316 repensre
1025 2262 1076 2301 VI
1111 2248 1278 2304 horas
1319 2249 1568 2305 residuas
1608 2250 1846 2320 faciunt;

277 2349 510 2408 quartus
539 2342 723 2412 cyclus
772 2342 936 2398 horas
967 2339 1032 2396 16
1060 2343 1298 2414 reliquas
1349 2338 1545 2412 habet;
1596 2349 1782 2419 cyclus
1817 2365 1848 2403 v

275 2425 426 2486 tiens
453 2447 620 2485 unum
649 2433 853 2502 adjicit.
887 2433 984 2489 Est
1006 2435 1150 2488 enim
1181 2437 1392 2492 dierum
1422 2438 1582 2504 5109,
1601 2449 1654 2493 et
1687 2440 1848 2494 horas

276 2519 537 2593 relinquit
577 2524 733 2579 duas.
779 2523 974 2596 Cyclas
1017 2527 1234 2582 demum
1264 2536 1450 2585 serius
1488 2531 1654 2585 horas
1694 2527 1731 2584 2
1763 2541 1848 2586 re-

274 2615 494 2683 linquit.
535 2613 874 2684 Colliguntur
905 2614 1023 2670 dies
1080 2617 1134 2670 in
1164 2627 1212 2671 VI
1248 2619 1416 2686 cyclis
1475 2619 1668 2681 ⁸50650.
1725 2621 1844 2676 hor.

276 2705 364 2758 12.
415 2703 625 2770 Quibus
657 2705 704 2759 si
738 2704 906 2759 addas
946 2704 1061 2760 dies
1088 2706 1176 2768 50,
1210 2708 1304 2776 qui
1332 2722 1397 2762 est
1430 2709 1462 2762 5
1486 2719 1843 2779 consurgunt,

272 2811 415 2866 quos
444 2796 671 2866 singulae
704 2796 1278 2853 mssaradccaeterid’es
1332 2801 1537 2855 solares
1568 2815 1729 2871 supra
1758 2801 1845 2855 lu-

274 2901 436 2942 nares
491 2885 773 2956 colligunt,
824 2888 942 2943 dies
980 2886 1219 2942 conﬁent
1273 2884 1468 2953 50680,
1505 2892 1623 2945 hor.
1660 2893 1746 2948 12.
1780 2893 1847 2948 At

272 2978 402 3033 armi
425 2976 625 3032 Julia-ni
657 2979 727 3032 84
755 2977 870 3033 dics
904 2979 1180 3048 postulant
1211 2978 1408 3035 50681.
1441 2980 1750 3038 Ditl'erentia
1779 2984 1846 3037 12

274 3069 568 3134 horarum;
625 3084 749 3139 qua!
803 3069 1144 3140 perimuntur
1180 3072 1234 3124 in
1287 3071 1452 3140 cyclis
1507 3085 1582 3134 vr,
1637 3073 1741 3128 hoc
1762 3082 1846 3128 est

271 3159 414 3214 bina:
465 3161 518 3213 in
562 3175 890 3230 unaquaque
922 3159 1492 3217 te‘ssaradecaeteride.
1537 3161 1717 3229 Quare
1741 3175 1842 3234 βου

271 3255 474 3302 strema
487 3249 701 3319 syzygia
725 3249 915 3318 prima:
946 3251 1844 3318 ogdoe‘eonta‘tesSaradecaeteridis

269 3339 388 3394 dies
418 3341 643 3410 requirit
669 3341 1043 3396 tantummodo
1066 3341 1158 3406 29,
1211 3341 1330 3396 hor.
1369 3342 1457 3396 12.
1495 3343 1596 3397 Sed
1638 3344 1691 3398 in
1741 3360 1843 3400 usu

272 3430 414 3484 civili
453 3430 690 3486 tricenos
713 3431 913 3495 aufert,
942 3441 996 3487 et
1025 3432 1090 3488 de
1125 3434 1374 3504 sequenti
1421 3436 1484 3488 12
1526 3436 1689 3490 horas
1723 3452 1843 3490 mu-

272 3524 486 3582 tuatur;
518 3533 549 3572 e
593 3519 790 3587 quibus
833 3520 1019 3575 decem
1052 3520 1104 3574 in
1146 3522 1326 3592 primo
1368 3524 1524 3594 cyclo
1554 3526 1842 3592 restitutis,

269 3611 686 3679 compensanda:
717 3620 845 3666 sunt
871 3612 1011 3666 duas.
1047 3610 1142 3668 His
1170 3615 1224 3668 in
1266 3617 1504 3670 secunda
1535 3621 1841 3674 tessarade-

270 3699 542 3754 caeteride
564 3700 790 3768 perinde
816 3701 1060 3765 redditis,
1087 3704 1376 3772 superﬂuat
1412 3717 1538 3761 sunt
1560 3708 1612 3762 8.
1649 3706 1704 3761 In
1730 3717 1840 3763 ter-

274 3791 349 3845 tia
401 3791 952 3847 tessaradecaeteride
1006 3795 1230 3864 reliquae
1284 3796 1422 3850 ﬁunt
1461 3799 1606 3852 liora:
1657 3795 1744 3852 18.
1785 3798 1838 3853 ln

271 3889 466 3950 quarta
488 3882 672 3937 addito
709 3883 798 3938 die
822 3883 1014 3948 solido,
1047 3893 1255 3940 restant
1277 3887 1396 3941 hor.
1430 3887 1485 3942 4.
1514 3887 1643 3945 Post
1680 3891 1841 3960 quin-

272 3982 382 4026 tam"
441 3973 1040 4030 tesseradccaeteridem
1091 3975 1158 4030 14
1208 3977 1356 4032 horae
1411 3990 1721 4048 supersunt.
1777 3981 1839 4036 In

270 4073 422 4119 sexta
464 4065 580 4120 dies
626 4081 766 4120 unus
809 4067 1083 4122 eximitur.
1112 4067 1456 4139 Colliguntur
1486 4070 1605 4126 dies
1633 4073 1834 4127 30650.

1952 1795 2217 1862 Alterum,
2247 1795 2390 1864 quod
2414 1794 2772 1864 Epiphaniam
2799 1795 3084 1865 scripsisse
3103 1806 3274 1866 putat,
3300 1799 3378 1864 ’ρξ’
3396 1799 3522 1870 ἠμὲο

1956 1901 2074 1960 ραι,
2107 1886 2256 1958 παρὰ
2299 1885 2448 1957 ὧρας
2489 1885 2602 1947 δύο,
2649 1900 2750 1955 pro
2795 1884 2901 1949 τξε¹
2933 1885 3136 1957 ἡμέραι
3176 1889 3326 1957 παρὰ
3372 1886 3522 1958 (opus

1955 1979 2085 2049 μίαν
2113 2020 2126 2044 ,
2174 1980 2279 2033 hoc
2331 1987 2414 2032 est
2463 1977 2629 2031 horas
2675 1977 2708 2029 4
2742 1991 2906 2046 supra
2933 1977 3049 2032 dies
3078 1977 3182 2031 360
3221 1992 3522 2047 superesse.

1951 2068 2085 2124 Nam
2112 2071 2163 2123 in
2197 2069 2406 2123 dierum
2439 2080 2670 2121 numero
2701 2076 2847 2122 recte
2877 2067 3184 2136 quinariam
3229 2075 3414 2121 notam
3443 2069 3521 2121 in—

1951 2159 2248 2215 ducendam
2279 2157 2514 2214 censuit:
2539 2158 2632 2213 sed
2665 2166 2723 2210 ut
2751 2158 2902 2230 παρά
2955 2157 3100 2212 idem
3124 2157 3194 2213 sit
3222 2173 3287 2211 ac
3310 2170 3522 2228 prater,

1951 2251 2206 2307 assentiri
2229 2266 2338 2303 non
2361 2259 2600 2319 possum,
2633 2250 2758 2318 quia
2785 2247 3055 2303 delectum
3087 2249 3264 2318 potius
3290 2248 3342 2301 in
3369 2248 3522 2316 ejus-

1948 2341 2096 2396 modi
2148 2339 2550 2395 constructione
2599 2338 2869 2407 signiﬁcat
2899 2353 2914 2389 :
2949 2346 3140 2406 estque
3177 2335 3330 2408 παρὰ
3371 2336 3522 2408 ὥραν

1951 2429 2100 2500 μίαν,
2155 2445 2262 2481 una
2306 2428 2434 2480 liora
2466 2427 2659 2480 minus.
2707 2425 2862 2490 Quod
2897 2434 2951 2479 et
2987 2424 3218 2480 subinde
3262 2424 3522 2494 Keplerus

1947 2523 2222 2595 agnoscit;
2244 2533 2296 2577 et
2330 2523 2567 2592 priorem
2597 2521 2744 2575 illam
2778 2519 3040 2575 rationem
3079 2519 3220 2574 haud
3245 2521 3376 2574 satis
3406 2521 3520 2590 pla-

1947 2631 2070 2672 cere
2093 2613 2194 2669 sibi
2224 2613 2438 2668 fatetur.
2470 2613 2640 2679 lgitur
2671 2611 2959 2682 diligenter
2986 2611 3267 2667 subductis
3309 2627 3373 2666 ac
3400 2622 3514 2665 ten-

1947 2705 2077 2760 tatis
2115 2703 2392 2766 omnibus,
2440 2701 2641 2771 quibus
2683 2699 3060 2755 diﬂicillimum
3109 2700 3252 2754 hunc
3303 2701 3520 2771 cyelum

1946 2807 2186 2853 tractare
2229 2805 2392 2864 atque
2413 2794 2689 2848 illustrare
2744 2803 3054 2862 possemus,-
3101 2792 3299 2862 dupliei
3335 2793 3388 2846 id
3419 2809 3507 2846 ra--

1946 2890 2092 2944 tione
2122 2885 2483 2958 perfecimus;
2507 2897 2741 2953 quarum
2767 2881 3102 2946 alterutram,
3135 2882 3237 2936 nisi
3259 2880 3518 2948 lalliur,

1945 2995 2103 3050 aequo
2127 2987 2288 3047 atque
2329 2973 2544 3029 erudito
2583 2972 2772 3028 lectori
2795 2972 3171 3042 probabimus.

2017 3161 2197 3216 Prima
2225 3169 2404 3211 autem
2431 3163 2510 3209 est
2541 3151 2810 3221 ejusmodi
2841 3169 2856 3208 :
2895 3150 3063 3206 Judaei
3097 3151 3307 3222 cyclum
3358 3167 3513 3207 usur-

1946 3255 2147 3326 pabant
2190 3250 2492 3320 duplicem,
2545 3245 2841 3315 majorem,
2899 3259 2964 3298 ac
3017 3243 3332 3298 minorem:
3373 3243 3515 3298 hunc

1945 3362 2056 3410 κεν,
2093 3343 2244 3398 illum
2279 3353 2480 3394 Lxxxw
2506 3350 2798 3391 annorum.
2832 3333 3099 3389 Lnnarem
3129 3349 3331 3388 annum
3355 3333 3515 3387 iidem

1943 3435 2171 3506 praecise
2202 3431 2416 3486 dierum
2441 3427 2570 3488 554,
2598 3425 2858 3480 horarum
2908 3424 2942 3478 8
2975 3425 3399 3480 constituebant.
3439 3425 3520 3478 Ita

1943 3526 2001 3580 in
2025 3517 2574 3578 tessaradeeaeteride
2595 3516 2714 3571 dies
2753 3525 2910 3572 erant
2938 3515 3099 3576 5108,
3128 3515 3276 3571 horae
3291 3515 3345 3571 4.
3375 3515 3515 3569 Anni

1944 3615 2166 3670 lunares
2198 3625 2289 3666 xlv
2314 3609 2590 3679 simplices
2633 3607 2750 3661 dies
2776 3605 3034 3676 colligunt
3069 3605 3234 3671 4956,
3263 3607 3514 3677 syzygias

1945 3705 2066 3771 168,
2093 3702 2318 3758 alternis
2341 3700 2634 3770 plenas.~et
2661 3711 2844 3762 cavas,
2873 3697 2974 3750 hoc
3011 3705 3089 3751 cst
3121 3696 3190 3749 84
3219 3695 3403 3766 plenas
3435 3704 3512 3748 to-

1942 3793 2217 3864 tidemque
2274 3805 2457 3846 cavas.
2520 3787 2798 3843 Accedunt
2859 3786 3212 3841 embolimaeae
3285 3787 3513 3857 syzygia-

1941 3885 2110 3954 plena:
2134 3899 2188 3948 γ,
2225 3883 2339 3936 sive
2364 3881 2480 3935 dies
2515 3877 2634 3934 150.
2667 3875 2832 3931 Fiunt
2861 3876 2913 3930 in
2951 3873 3507 3930 tessaradccaeteride

1939 3977 2058 4032 dies
2093 3973 2252 4036 5106,
2291 3971 2523 4043 syzygiae
2552 3969 2722 4040 plenae
2766 3967 2855 4033 89,
2883 3981 3030 4021 cava:
3059 3967 3164 4030 81;
3207 3973 3503 4034 supersunt

1940 4064 2057 4121 dies
2083 4063 2140 4130 2,
2172 4064 2321 4118 horae
2349 4062 2404 4116 4.
2441 4057 2746 4114 Reservatis
2789 4057 2940 4112 horis
2966 4057 3019 4110 in
3049 4056 3209 4109 linem
3232 4055 3366 4126 cycli
3404 4069 3508 4108 ma-

271 4156 516 4225 Adjectis-
561 4157 750 4212 diebus
777 4158 865 4221 50,
919 4157 1055 4211 ﬁunt
1086 4157 1282 4213 50680.
1333 4158 1512 4226 Quare
1539 4165 1697 4218 annis
1742 4164 1840 4220 168
1935 4157 2073 4228 joris
2101 4196 2117 4223 ,
2168 4153 2437 4224 reliquum
2485 4150 2711 4206 biduum
2761 4145 2830 4203 ad
2875 4149 3012 4204 duas
3057 4162 3219 4202 cavas
3265 4147 3508 4218 syzygias

269 4248 389 4301 dies
435 4263 578 4302 unus
630 4247 906 4302 eximitur.
939 4245 1052 4304 Hoc
1105 4250 1248 4304 enim
1303 4260 1578 4320 spectasse
1619 4251 1838 4311 Iudaeos

271 4337 534 4407 Keplerns
565 4338 865 4404 existimat,
903 4347 964 4394 ut
991 4340 1134 4410 quod
1158 4357 1360 4397 annum
1401 4342 1680 4399 lulianum
1727 4347 1837 4402 sci-

1939 4247 2255 4318 adjunctum
2287 4245 2517 4299 totidem
2549 4257 2579 4296 e
2606 4255 2863 4296 cavarum
2889 4255 3119 4294 numero
3153 4240 3409 4295 detrahit.
3437 4239 3507 4294 lta

1940 4343 2076 4398 ﬁunt
2099 4340 2162 4396 91
2202 4339 2390 4410 plenae,
2443 4352 2589 4392 carae
2617 4335 2686 4389 82
2717 4335 2770 4388 in
2795 4342 2903 4388 tota
2936 4331 3506 4395 tcssaradecaeteridc,

269 4439 395 4484 rent
421 4431 627 4498 tropico
657 4430 924 4500 majorem
953 4443 1094 4496 esse,
1130 4447 1307 4502 neque
1334 4435 1402 4489 de
1442 4436 1631 4506 tropici
1663 4453 1836 4506 quan-
1869 4439 1912 4493 1)
1940 4432 2062 4488 dies
2109 4429 2270 4485 5108.
2306 4428 2462 4495 Quod
2496 4427 2547 4482 si
2571 4425 2695 4496 quis
2740 4423 3061 4479 embolimos
3093 4429 3305 4506 menses
3331 4435 3362 4474 ν
3399 4420 3505 4476 sin-

271 4523 427 4576 titate
458 4529 757 4585 constaret,
786 4522 841 4576 in
869 4522 1030 4578 anuis
1073 4523 1176 4577 168
1201 4523 1346 4579 diem
1380 4540 1547 4581 unum
1591 4528 1839 4584 detrahe-

269 4621 423 4679 rent;
452 4613 544 4684 qui
596 4623 724 4669 sunt
747 4615 887 4685 cycli
919 4615 1159 4671 minores
1195 4632 1294 4681 xu,
1340 4620 1577 4690 majores
1607 4638 1664 4676 tr.
1705 4621 1838 4678 Nam

276 4706 375 4760 168
401 4705 604 4761 Iuliani
623 4707 738 4763 dies
768 4707 1046 4776 postulant
1066 4708 1264 4764 61562.
1297 4710 1367 4764 At
1404 4713 1539 4782 eyeli
1576 4715 1685 4769 duo
1721 4730 1838 4770 nta-

265 4800 416 4868 jores
444 4808 498 4854 et
527 4797 629 4853 168
679 4799 812 4853 armi
856 4799 1069 4870 tropici,
1120 4801 1235 4856 dies
1262 4800 1460 4859 61561.
1511 4807 1588 4859 lta
1619 4807 1838 4876 quidem

268 4887 443 4943 Judaei
475 4897 598 4954 post
632 4902 806 4944 annos
835 4888 904 4944 84
956 4890 1140 4944 lunam
1171 4906 1294 4946 cum
1326 4893 1442 4948 sole
1479 4893 1631 4962 paria
1660 4893 1861 4950 facere

268 4980 373 5036 sibi
402 4988 804 5049 persuaserant.
837 4978 942 5035 Sed
975 4995 1082 5035 non
1108 4981 1181 5036 ita
1204 4988 1308 5036 est.
1336 4982 1470 5036 Nam
1499 4981 1569 5036 84
1590 4983 1723 5037 anni
1755 4983 1840 5038 lu-

270 5086 454 5136 nares,
485 5070 593 5124 hoc
622 5078 706 5124 est
737 5071 873 5140 cyeli
905 5069 1432 5126 decemnovcnnales
1464 5073 1499 5126 4
1528 5082 1656 5128 com
1687 5085 1839 5128 octa-

269 5161 473 5215 ete‘ride
503 5160 619 5215 dies
645 5161 867 5230 exigunt
897 5160 1094 5225 50682,
1132 5162 1258 5216 hor.
1287 5161 1342 5226 6,
1365 5161 1448 5216 δι’
1474 5161 1603 5217 fere.
1637 5163 1841 5218 Discri-

271 5270 394 5308 men
452 5270 485 5308 a
515 5253 745 5308 Jitl'rsnis
798 5254 960 5309 annis
1007 5252 1078 5307 81
1111 5264 1195 5309 est
1238 5253 1346 5309 diei
1389 5253 1443 5318 1,
1487 5254 1609 5308 hor.
1643 5253 1698 5319 6,
1730 5252 1836 5309 ὕην.

269 5345 450 5411 Quare
491 5343 659 5399 biduo
682 5343 1077 5413 propemodum
1090 5343 1390 5399 momenite‘
1413 5341 1648 5413 politiae
1697 5343 1841 5398 anti-

266 5434 521 5503 cipautur
553 5433 614 5488 in
640 5433 795 5504 eycio
819 5430 1064 5486 Iudaico.

337 5522 464 5579 Haec
489 5524 809 5580 summatim-
830 5521 1125 5592 Keplerus;
1153 5525 1247 5594 qui
1283 5524 1337 5579 in
1366 5522 1558 5579 Graeco
1576 5534 1838 5581 contextu

267 5617 530 5672 nonnulla
568 5623 892 5682 commutat,
919 5628 1041 5685 quae
1080 5616 1244 5684 paulo
1284 5624 1412 5686 post
1433 5615 1836 5672 adnotabimus.

269 5710 430 5780 Atqui
465 5711 575 5764 duo
607 5716 734 5765 sunt
762 5707 818 5764 in
845 5709 1210 5784 ejusratione
1235 5724 1357 5779 quae
1389 5708 1519 5764 mihi
1560 5722 1665 5763 non
1702 5707 1838 5764 satis

1940 4522 2096 4593 gulos
2147 4521 2361 4576 dierum
2411 4519 2678 4574 duntaxat
2724 4514 2816 4578 29,
2861 4514 2982 4568 hor.
3041 4502 3118 4567 12.
3162 4525 3284 4566 esse
3332 4511 3506 4575 malit,

1939 4612 2102 4667 addat
2129 4611 2196 4666 ad
2229 4609 2390 4674 4956,
2426 4608 2542 4664 dies
2569 4607 2692 4670 147,
2747 4606 2865 4660 hor.
2906 4604 2992 4659 12.
3027 4602 3367 4675 Colliguntur
3392 4604 3506 4660 dies

1939 4706 2102 4771 5105,
2141 4706 2264 4761 hor.
2297 4699 2401 4769 12;
2432 4717 2554 4771 qua:
2586 4715 2616 4755 e
2646 4698 2803 4763 5108,
2839 4697 2957 4752 hor.
2993 4697 3027 4751 4
3052 4695 3314 4763 detracta,
3345 4690 3505 4750 relin-

1939 4805 2117 4868 quunt
2143 4795 2262 4851 dies
2294 4795 2351 4856 4,
2385 4792 2500 4846 hor.
2540 4789 2628 4846 16.
2652 4788 2906 4859 Eqnibus
2934 4786 3217 4842 duodecim
3248 4786 3395 4841 hom
3416 4787 3502 4841 de.

1938 4889 2135 4949 ducta,
2162 4893 2217 4941 et
2238 4883 2306 4939 ad
2337 4881 2583 4936 ultimam
2615 4877 2990 4933 intercalaretn
3021 4874 3317 4946 syzygiam,
3342 4888 3504 4942 quam

1939 4977 2152 5033 dierum
2185 4974 2278 5040 29,
2311 4973 2434 5028 hor.
2468 4971 2535 5026 12
2585 4969 2878 5025 statuimus
2921 4966 3262 5030 accedentes,
3291 4963 3502 5032 plenam

1940 5069 2089 5125 illam
2119 5067 2380 5123 efﬁciunt.
2410 5053 2551 5119 Tum
2603 5077 2732 5117 vero
2765 5070 3001 5132 quatuor
3047 5059 3120 5111 illi
3150 5055 3266 5110 dies
3298 5069 3329 5109 e
3357 5053 3501 5110 cavis

1941 5163 2182 5236 syzygiis
2212 5161 2434 5216 totidem
2466 5159 2655 5229 plenas
2708 5154 3072 5240 constituunt.
3127 5148 3309 5240 Unde_
3333 5149 3502 5219 plena

1940 5255 2175 5327 syzygiat
2201 5251 2505 5306 conﬂantur
2540 5248 2629 5314 9|,
2661 5261 2808 5302 cavae
2835 5237 2925 5306 82,
2963 5250 3024 5297 ut
3066 5248 3248 5305 antea.
3277 5237 3502 5327 Restant

1939 5319 2170 5402 ιιὶπὲι.
2192 5343 2458 5398 Caeterum
2481 5335 2823 5396 antiiJuliani
2856 5335 2942 5400 14,
2961 5333 3078 5388 dies
3094 5330 3318 5415 exigunt
3342 5319 3502 5396 5115,

1939 5436 2104 5491 horas
2139 5433 2226 5488 12.
2255 5432 2526 5488 Lunarem
2573 5429 2738 5498 igitur
2772 5420 3376 5479 tessaradecaeter‘idem
3415 5434 3494 5475 so-

1940 5525 2078 5580 laris
2099 5531 2320 5591 superat
2349 5520 2540 5576 diebus
2571 5517 2628 5582 5,
2657 5516 2778 5570 hor.
2819 5513 2874 5568 8.
2907 5513 3012 5568 Sed
3045 5512 3500 5567 tessa'radecaete-

1938 5615 2084 5670 rides
2117 5615 2337 5669 lunares
2385 5626 2461 5675 rt,
2498 5609 2613 5664 sive
2661 5605 2790 5661 anni
2841 5619 3038 5660 Lxxxtv
3069 5602 3186 5657 dies
3237 5595 3499 5671 colligunt

1941 5701 2154 5771 40679,
2183 5703 2392 5763 solares
2428 5715 2556 5756 vero
2587 5697 2832 5766 totidem,
2871 5695 2988 5751 dies
3035 5691 3230 5749 40681.
3270 5689 3500 5749 Biduum
