3994 6222
452 308 559 362 957.

1587 297 1924 352 APPENDIK
1969 297 2588 356 DISSERTATIONUM.

3608 307 3730 364 96$

454 441 584 495 ergo
630 424 779 479 deest
811 418 1545 491 og-loccontatessaraetcridi
1582 420 1757 474 lunari
1780 421 1847 476 ad
1899 403 2032 477 solis
2061 425 2104 482 Α
2138 423 2312 478 tiones
2330 424 2659 494 adaequaret.
2696 423 2770 479 Ex
2800 441 2910 496 quo
2945 426 3075 482 illud
3093 426 3256 482 etiam
3290 433 3724 498 apparet,cujus

456 521 699 574 rationes
726 515 1126 584 adipiscendas.

528 608 728 663 Verum
750 607 894 662 aliud
908 617 988 661 est
1003 604 1288 676 τεχνικῶς,
1319 615 1366 660 et
1393 606 1458 660 ad
1479 605 1790 660 methoium
1815 605 2026 676 cyclum

456 701 798 764 describere;
834 698 980 752 aliud
1007 699 1074 752 ad
1102 697 1314 751 civilem
1343 708 1560 767 captum
1591 698 2026 751 accummodarc.

457 789 990 846 Tessaradccaeteris
1036 787 1262 842 Iudaica
1315 804 1381 842 ex
1440 789 1713 853 methodo,
1760 796 1815 842 et
1869 805 2029 856 φυσι-

459 883 569 948 κῶς
597 884 712 939 dies
745 885 932 938 habuit
972 883 1132 946 5108,
1182 884 1343 936 horas
1372 883 1436 946 ις
1469 881 1683 935 Juliana
1716 897 1843 935 vero
1867 881 2028 944 5115,

457 977 578 1028 hor.
615 975 1024 1044 1‘3;majurlt:ee
1051 985 1135 1028 est
1162 975 1250 1028 illa
1283 975 1476 1028 diebus
1497 975 1550 1036 5,
1572 974 1692 1026 hor.
1717 974 1769 1026 8.
1799 973 1867 1027 At
1885 973 2033 1027 πολι-

455 1067 626 1130 τικῶς
645 1067 743 1121 soli
766 1067 883 1121 dies
912 1076 1287 1130 numerantur,
1316 1065 1460 1119 hora:
1484 1064 1828 1130 diﬂ'eruntur,
1859 1066 2033 1121 donec

459 1159 694 1213 solidum
723 1158 865 1211 diem
893 1157 1186 1226 attigerint.
1219 1155 1485 1221 Quocirca
1515 1156 1666 1224 prior
1692 1157 1878 1226 cyclus
1915 1157 2031 1211 dies

459 1250 671 1302 obtinet
701 1247 858 1312 5|08,
894 1247 1145 1317 syzygias
1177 1246 1296 1308 175,
1329 1261 1561 1314 quarum
1598 1247 1768 1315 plenae
1791 1256 1918 1300 sunt
1941 1244 2028 1309 91,

459 1356 606 1391 cavae
635 1338 704 1390 82
732 1353 744 1388 :
791 1353 914 1406 quae
942 1336 1187 1400 alternis,
1216 1336 1396 1405 quoad
1432 1336 1545 1391 lieri
1581 1344 1777 1405 potest,
1803 1335 2022 1403 dispen-

461 1438 672 1490 santur,
713 1443 905 1482 novem
945 1428 1208 1496 exceptis,
1249 1428 1452 1497 quibus
1474 1427 1646 1496 plenae
1678 1440 1842 1480 cavas
1870 1441 2031 1479 cxce-

462 1519 615 1574 dunt.
645 1520 801 1574 llorze
842 1520 875 1573 4
917 1525 969 1574 in
1012 1521 1150 1591 cycli
1194 1520 1418 1589 majoris
1463 1520 1624 1574 linem
1659 1527 2029 1573 reservantur.

462 1613 672 1666 Rursus
743 1611 956 1668 Juliana
1006 1612 1516 1668 tessaratbcaeteris
1567 1611 1798 1666 civiliter
1841 1610 2033 1664 diebus

460 1716 677 1761 constat
689 1707 751 1761 51
767 1704 848 1769 15;
864 1720 984 1756 nam
997 1704 1141 1756 bone
1159 1703 1218 1757 l2
1229 1703 1622 1771 relinquuntur.
1638 1703 1839 1757 Desunt
1852 1703 2034 1772 itaque

2131 527 2297 568 causa
2328 515 2752 583 disputationem
2783 516 2924 570 hanc
2949 517 3179 587 ingressi
3210 521 3725 588 sumus;quemad-

2133 609 2354 662 modum
2390 607 2649 664 Iudaicus
2676 609 2861 680 cyclus
2905 612 3216 665 neomenias
3242 613 3510 680 caslestes,
3536 615 3724 668 triduo

2133 701 2214 754 vel
2236 699 2566 768 quatriduo;
2611 702 2936 770 arquinoclia
2977 703 3142 757 biduo
3172 704 3432 772 paulatim
3463 715 3724 760 antever-

2135 801 2229 845 tat.
2261 790 2370 844 Etsi
2405 806 2513 844 non
2545 792 2668 860 plus
2700 792 2846 846 bidui
2876 795 3254 850 antecessione
3317 796 3431 851 ﬁeri
3477 798 3724 853 credidit

2134 882 2502 952 Epiphanius;
2536 886 2637 938 hoc
2663 885 2922 939 estaunis
2946 902 3143 940 Lxxxtv
3169 887 3456 943 lunaribus
3484 891 3720 946 totidem

2134 988 2163 1026 a
2193 971 2396 1026 Judaeis
2439 973 2750 1042 assignatus
2797 974 2949 1037 dies,
2989 985 3123 1044 quot
3175 976 3228 1031 in
3280 978 3438 1033 annis
3477 977 3724 1036 Julianis

2135 1065 2348 1128 insunt;
2386 1082 2580 1136 nempe
2611 1067 2777 1121 40681
2813 1084 2826 1119 :
2857 1076 2915 1122 ut
2953 1077 3063 1122 tum
3109 1069 3256 1138 justa
3297 1072 3720 1126 neomeniarum

2133 1157 2578 1220 ἀποκατάστασις
2607 1155 2747 1214 csse‘
2763 1159 3021 1228 potuerit.
3053 1158 3186 1214 Nam
3209 1177 3272 1216 ex
3305 1162 3452 1218 illius
3476 1164 3582 1218 hoc
3598 1181 3725 1217 vir-

2135 1247 2219 1302 bis
2263 1257 2438 1317 potest
2467 1249 2686 1320 colligi;
2728 1249 2927 1317 quibus
2953 1250 3346 1319 aequinoctium
3394 1266 3459 1306 ac
3488 1253 3724 1323 plenilu-

2134 1337 2285 1391 nium
2317 1338 2405 1392 die
2432 1337 2608 1393 Martii
2640 1355 2750 1393 xxn
2791 1339 3088 1409 contigisse
3133 1340 3487 1403 docuit,feria
3517 1357 3554 1406 ι,
3589 1359 3719 1396 cum

2135 1427 2188 1482 in
2214 1429 2412 1484 vitioso
2437 1426 2751 1484 Judaeorum
2783 1429 2934 1501 cyclo
2965 1429 3015 1484 id
3043 1431 3305 1486 acciderit
3339 1431 3428 1486 die
3459 1448 3550 1487 xx.
3578 1431 3718 1486 Nam

2136 1535 2228 1574 xrv
2262 1519 2448 1572 lunam
2479 1519 2555 1573 ait
2601 1518 2900 1573 incurrisse
2936 1519 2989 1572 in
3022 1517 3208 1572 feriam
3241 1535 3296 1583 v,
3343 1535 3466 1589 quae
3513 1535 3724 1575 conve-

2137 1609 2316 1663 niebat
2340 1607 2514 1662 Martii
2539 1625 2649 1662 xix.
2681 1607 2910 1662 Biduum
2932 1609 3099 1678 igitur
3115 1609 3180 1662 ad
3199 1607 3486 1665 Judaicum
3507 1625 3720 1666 annum

2141 1709 2246 1753 tam
2280 1700 2539 1761 solarem,
2573 1715 2738 1768 quam
2787 1699 3030 1754 lunarem
3068 1699 3240 1755 defuit
3273 1699 3559 1771 Epiphanii
3593 1718 3723 1757 sen-

461 1801 605 1850 luna:
635 1797 700 1850 ad
733 1795 968 1850 solarem
1020 1801 1225 1849 motum
1259 1803 1374 1847 dies
1405 1793 1458 1846 5.
1516 1793 1664 1858 Quos
1695 1791 2032 1862 Epiphanius
2067 1779 2104 1832 Β
2137 1797 2301 1850 tentia
2339 1816 2350 1850 :
2385 1796 2530 1866 quod
2555 1805 2614 1850 ut
2639 1796 2969 1860 ostenderet,
3020 1806 3185 1851 totam
3221 1797 3366 1852 illam
3391 1797 3458 1853 de
3485 1797 3722 1854 Judaico

462 1888 517 1940 in
575 1885 1009 1955 octuagesimum
1052 1893 1311 1950 quartum
1361 1898 1589 1947 annum,
1618 1883 1731 1937 sive
1759 1883 1893 1952 C)Cii
1927 1898 2037 1936 ma-

455 1977 598 2045 joris
627 1977 786 2031 tinem
819 1982 1127 2030 reservatos
1155 1976 1333 2039 docet,
1360 1985 1417 2029 ut
1442 1982 1553 2028 tum
1586 1975 2034 2052 demumsolidus

461 2069 667 2122 mensis
698 2077 850 2121 extra
878 2069 1125 2121 ordinem
1158 2067 1510 2122 intercalatus
1537 2067 1716 2123 fuerit.
1738 2051 1903 2139 Igitur
1930 2051 2032 2124 inv

458 2161 734 2228 prioribus
764 2161 953 2230 cyclis,
989 2161 1081 2229 qui
1114 2161 1312 2229 singuli
1343 2161 1459 2216 dies
1504 2161 1705 2216 habent
1752 2161 1912 2227 5108,
1946 2177 2035 2232 sy-

460 2252 626 2322 zygite
652 2261 778 2306 sunt
827 2253 948 2313 175,
991 2253 1163 2321 plena:
1217 2253 1307 2315 9|,
1349 2267 1495 2307 cavae
1543 2252 1632 2306 82.
1674 2252 2030 2317 Postremus,

457 2346 573 2399 sive
609 2355 818 2409 sextus,
859 2345 978 2400 dies
1017 2346 1227 2416 colligit
1260 2347 1422 2412 5109,
1461 2346 1646 2401 addito
1678 2361 1808 2412 uno,
1839 2348 1931 2417 qui
1965 2364 2029 2402 ex

455 2437 608 2492 heris
640 2438 673 2490 4
702 2439 1096 2507 appendicibus
1127 2438 1421 2493 conﬂatur.
1472 2439 1684 2493 Accidit
1707 2440 1898 2494 deinde
1920 2440 2032 2510 ple-

454 2546 557 2583 nus
586 2545 652 2584 ex
681 2529 874 2585 diebus
914 2531 945 2586 5
997 2531 1239 2593 mensis,
1296 2531 1391 2598 qui
1443 2530 1672 2601 singulis
1725 2532 2029 2586 tcssarade-

453 2623 820 2676 caeteridibus
872 2623 1046 2677 relicti
1093 2631 1239 2677 sunt.
1289 2625 1365 2676 lta
1413 2625 1646 2694 syzygiis
1680 2633 1894 2678 constat
1945 2624 2033 2678 hic

453 2716 637 2786 cyclus
667 2716 892 2769 ultimus
922 2716 1044 2782 174,
1065 2717 1237 2784 plenis
1260 2717 1351 2779 95,
1383 2715 1534 2770 cavis
1561 2715 1650 2769 81.
1687 2715 2034 2785 Culliguntur

453 2805 686 2876 syzygiae
739 2805 792 2858 in
841 2804 909 2858 81
959 2805 1136 2866 annis,
1193 2804 1368 2869 1059;
1427 2819 1659 2873 quarum
1688 2805 1859 2873 plena:
1902 2817 2032 2860 sunt

454 2896 582 2962 568,
624 2911 770 2950 eam
803 2895 898 2950 491
928 2914 942 2963 ;
986 2897 1284 2950 dim-rentia
1341 2896 1646 2965 plenarum,
1670 2907 1722 2949 et
1750 2910 2030 2964 cavarum,

450 2986 541 3040 45.
592 2985 715 3041 Dies
764 3001 928 3056 porro
961 2996 1088 3041 sunt
1115 2986 1312 3041 40679.
1344 2986 1424 3040 Ad
1454 2987 1598 3040 hunc
1633 2987 1856 3042 modum
1882 2988 2031 3042 ordi-

451 3079 569 3133 nari
604 3089 856 3150 poterunt
890 3081 1129 3134 minores
1159 3079 1248 3135 isti
1283 3080 1442 3150 cycli.
1503 3078 1700 3134 Verum
1728 3081 1773 3135 si
1803 3079 2028 3136 alternis

450 3173 736 3243 plcnorum
775 3186 1145 3240 cavorumque
1184 3173 1455 3226 mensium
1509 3182 1865 3242 propagatam
1895 3187 2026 3228 suc-

451 3268 756 3322 cessionem
792 3268 1046 3328 velimus,
1073 3265 1369 3320 bellissime
1399 3265 1450 3319 id
1471 3264 1585 3317 lieri
1615 3265 1788 3333 potuit
1811 3283 1824 3318 :
1850 3280 2026 3334 quan-

449 3360 742 3429 doquidem
795 3361 912 3414 dies
963 3359 1136 3413 40679
1185 3375 1278 3428 per
1320 3359 1388 3412 59
1421 3358 1576 3413 divisi
1613 3358 1746 3412 dant
1775 3359 2024 3428 syzygias

449 3454 636 3521 plenas
661 3452 786 3514 5‘20,
814 3467 975 3506 cavas
1009 3452 1132 3514 519,
1161 3464 1213 3505 et
1238 3451 1308 3504 ‘28
1329 3451 1445 3505 dies
1469 3451 1730 3520 reliquos,
1755 3450 1846 3519 qui
1875 3459 1930 3502 ut
1957 3449 2022 3503 ad

445 3543 650 3612 justam
711 3542 986 3611 syzygiam
1038 3545 1376 3609 perveniant,
1439 3555 1582 3594 unus
1631 3541 1751 3595 dies
1801 3555 1832 3594 e
1867 3524 2024 3608 plena

449 3631 706 3701 quapiam
739 3631 948 3683 detrahi
986 3641 1191 3700 potest;
1225 3646 1334 3700 quo
1374 3632 1486 3686 sint
1510 3632 1679 3701 plena:
1709 3629 1833 3693 519,
1871 3645 2020 3684 οανω

454 3727 576 3780 521.
613 3723 724 3778 Hoc
752 3724 796 3777 si
822 3722 992 3778 Judazi
1026 3733 1137 3777 tum
1173 3722 1528 3789 instituerint,
1570 3722 2026 3777 tessaradecaete-

449 3826 621 3880 rident
676 3824 742 3878 ad
780 3823 1090 3876 methodum
1143 3823 1409 3875 duntaxat
1466 3828 1838 3890 usurparunt;
1895 3835 2021 3874 cum

447 3916 682 3972 civiliter
734 3930 943 3968 menses
995 3913 1222 3966 alternis
1253 3910 1322 3965 50
1356 3920 1410 3965 et
1437 3910 1506 3964 29
1541 3911 1655 3965 dies
1694 3909 2020 3966 obtinerent.

447 4009 660 4062 Atenim
697 4007 844 4060 urbis
901 4007 986 4059 hic
1017 4019 1284 4058 annorum
1344 4019 1543 4056 Lxxxw
1596 4003 1748 4057 abest
1790 4017 1820 4056 a
1857 4001 2022 4057 solari

448 4101 734 4154 ratiocinio
761 4100 925 4153 biduo
948 4097 1186 4164 integro;
1218 4113 1247 4151 a
1280 4097 1458 4150 lunari
1493 4110 1620 4150 vero
1655 4095 1778 4164 plus
1819 4095 2018 4150 triduo.

447 4192 580 4246 Nam
605 4190 804 4245 Iuliani
830 4189 898 4243 81
929 4190 1086 4244 annis
1107 4190 1223 4243 dics
1253 4189 1544 4243 coniiciunt
1568 4187 1772 4252 40681;
1804 4187 2021 4241 lunares

446 4301 576 4339 vero
607 4285 906 4340 secundum
943 4281 1151 4336 medios
1181 4295 1361 4336 monis
1388 4278 1584 4342 40682,
1635 4279 1760 4334 bor.
1813 4278 1867 4342 6,
1915 4277 2016 4331 51’.

446 4375 656 4431 Desunt
733 4375 916 4444 itaque
987 4371 1728 4443 ogdoecontatessaraeteridi
1781 4369 2020 4424 Judaicze

2133 1886 2285 1957 cyclo
2313 1885 2754 1941 dissertationem
2785 1903 3076 1958 aggressus
3103 1899 3204 1953 est,
3262 1889 3613 1960 indidemque
3662 1893 3723 1950 id

2132 1978 2277 2048 quod
2299 1979 2460 2033 modo
2489 1979 2694 2034 dictum
2723 1987 2807 2034 est
2837 1980 3143 2046 conﬁcitur,
3183 1979 3402 2037 Judaaos
3426 1983 3723 2055 utriusque

2132 2070 2259 2123 anni
2297 2071 2744 2125 ἀποκατάστασιν
2763 2070 2956 2126 diebus
2984 2070 3160 2126 40679
3179 2073 3361 2142 peritci
3380 2074 3718 2141 credidisse;

2133 2159 2495 2230 Epiphanium
2523 2178 2652 2216 vero
2685 2162 2914 2217 biduum
2951 2164 3125 2219 solum
3159 2165 3442 2220 amborum
3472 2169 3717 2224 siderum

2133 2250 2414 2320 pariandis
2444 2253 2750 2308 rationibus
2781 2253 2974 2309 deesse
3005 2254 3163 2309 velle.

2204 2341 2329 2398 llaec
2357 2353 2438 2398 est
2469 2345 2618 2414 priur
2649 2345 2812 2415 hujus
2840 2345 2972 2417 cycli
3007 2345 3216 2402 Judaici
3250 2348 3567 2418 descriptio,
3589 2365 3719 2419 qua:

2135 2432 2420 2502 Epiphanii
2467 2435 2647 2491 verbis
2695 2435 2970 2500 innititur,
3019 2438 3147 2491 dum
3200 2439 3275 2491 ait
3321 2437 3536 2494 Judaici
3585 2440 3720 2496 anni

2133 2526 2489 2594 quantitatem
2542 2527 2752 2580 dierum
2792 2543 2914 2582 esse
2962 2528 3101 2591 554,
3133 2529 3254 2582 hor.
3285 2528 3319 2583 8
3353 2531 3598 2599 praecise.
3632 2528 3719 2586 lla

2131 2617 2278 2670 enim
2313 2616 2367 2670 in
2409 2620 2568 2672 annis
2616 2633 2706 2671 xw
2752 2618 2900 2673 hora:
2935 2619 3181 2674 conﬁunt
3222 2620 3348 2684 112,
3374 2621 3490 2676 sive
3515 2622 3635 2677 dies
3655 2623 3720 2688 1,

2133 2706 2252 2761 hor.
2293 2709 2379 2761 16.
2409 2708 2485 2762 Ex
2523 2725 2631 2779 quo
2658 2725 2873 2764 summa
2915 2710 3124 2764 dierum
3161 2718 3274 2766 toto
3309 2712 3460 2782 cyclo
3489 2727 3724 2768 consur-

2132 2798 2210 2868 git
2242 2798 2399 2865 5108,
2434 2799 2552 2854 hor.
2577 2801 2808 2857 LAddit
2843 2803 3036 2857 deinde
3062 2819 3096 2857 v
3122 2817 3246 2858 esse
3282 2818 3495 2858 menses
3525 2805 3722 2859 embo-

2132 2889 2312 2946 limos.
2331 2891 2466 2946 Tum
2509 2893 2672 2949 horas
2707 2894 2918 2949 detrahi
2947 2895 3084 2950 duas
3111 2895 3178 2950 de
3207 2895 3338 2951 solis
3368 2911 3558 2953 cursu.
3581 2897 3718 2962 Quae

2133 2985 2473 3042 subobscura
2497 2996 2659 3052 sunt;
2691 2987 2786 3042 sed
2836 2996 3115 3056 utcunque
3168 2987 3251 3043 sic
3289 2987 3551 3057 explicari
3588 3005 3722 3059 pos-

2135 3085 2281 3132 sunt.
2320 3076 2554 3133 Causam
2588 3076 2763 3146 aﬂ'ert,
2795 3093 2897 3132 cur
2934 3093 2998 3133 ex
3028 3080 3190 3134 annis
3223 3095 3314 3134 xiv
3342 3080 3555 3152 cyclum
3583 3096 3722 3136 con-

2133 3167 2420 3222 ﬂaverint:
2455 3167 2601 3239 quod
2641 3169 2901 3224 nimirum
2935 3169 3118 3224 lunam
3158 3170 3263 3225 hoc
3293 3170 3348 3224 in
3384 3170 3596 3226 minore
3618 3187 3720 3244 cy-

2133 3258 2216 3314 clo
2250 3259 2488 3314 nondum
2513 3275 2637 3314 cum
2664 3259 2778 3316 sole
2803 3261 3094 3316 conciliare
3125 3261 3414 3328 voluerint,
3471 3264 3567 3318 sed
3595 3265 3719 3319 dics

2134 3351 2436 3421 superﬂuos
2457 3351 2696 3421 quinque
2721 3367 2842 3405 cum
2863 3352 3012 3407 boris
3037 3352 3068 3408 8
3100 3353 3448 3408 reservarint.
3469 3354 3543 3409 ha
3568 3356 3716 3409 enim

2135 3446 2213 3511 tit,
2247 3451 2307 3498 ut
2329 3443 2375 3498 si
2409 3459 2475 3498 ex
2512 3459 2658 3498 anno
2693 3441 2911 3498 Iuliano
2933 3443 3147 3499 decimo
3176 3455 3376 3515 quarto
3409 3446 3528 3502 dies
3562 3446 3719 3502 aufe-

2134 3551 2224 3590 ras
2257 3551 2287 3588 v
2318 3535 2436 3589 hor.
2469 3535 2533 3598 8,
2579 3534 2852 3602 supersint
2895 3534 3022 3598 560,
3064 3535 3245 3590 minus
3294 3535 3441 3590 boris
3474 3535 3712 3592 duabus.

2132 3625 2264 3678 Nam
2309 3626 2353 3680 si
2399 3641 2465 3679 ex
2505 3625 2696 3678 diebus
2722 3625 2893 3688 5108,
2933 3624 3051 3678 hor.
3086 3624 3141 3688 ι,
3183 3623 3430 3681 Julianos
3472 3642 3567 3680 xm
3597 3629 3715 3682 exi-

2134 3731 2273 3777 mas,
2324 3716 2438 3770 sive
2481 3716 2597 3770 dies
2640 3715 2818 3781 4748,
2855 3715 2972 3769 hor.
3023 3717 3088 3773 6.
3130 3717 3409 3771 restabunt
3451 3719 3566 3772 dies
3609 3719 3715 3771 SL9

2135 3809 2282 3860 hora:
2311 3806 2402 3859 εξ.
2442 3803 2596 3860 Unde
2639 3805 2960 3875 corrigenda
2993 3804 3282 3875 Epiphanii
3310 3809 3499 3870 verba,
3533 3817 3589 3862 et
3638 3809 3709 3862 ita

2131 3895 2410 3966 dirigenda
2453 3903 2581 3950 sunt
2615 3914 2628 3949 :
2664 3895 2764 3948 Διὰ
2794 3896 2854 3948 τὸ
2891 3896 3244 3968 ἀφαιρεῖσθαι
3287 3897 3396 3951 ἀπὸ
3427 3897 3524 3950 τοῦ
3555 3899 3710 3970 ἡλιαο

2132 3988 2230 4043 κοῦ
2255 3989 2454 4060 δρόμου
2476 3988 2584 4041 τῶν
2612 3987 2718 4053 τξε¹
2738 3987 2958 4058 ἡμερῶν
2985 3989 3145 4042 πέντε
3177 3990 3418 4061 ἡμέρας,
3443 3992 3542 4044 καὶ
3583 3995 3708 4062 pinv

2130 4078 2300 4150 t'bpav'
2327 4078 2766 4150 προστιθεμένων
2785 4077 2893 4148 γὰρ
2920 4079 3028 4130 τῶν
3057 4078 3234 4149 ὡρῶν,
3263 4079 3450 4134 λοιπὸν
3473 4083 3708 4150 γίνονται

2129 4170 2435 4240 τξ’ἡμέραι
2467 4169 2617 4241 παρὰ
2657 4168 2806 4240 ὤραν
2858 4169 3004 4239 μίαν.
3042 4170 3111 4223 At
3149 4173 3202 4224 in
3239 4170 3346 4225 ﬁne
3391 4175 3605 4228 numeri
3637 4175 3706 4228 ila

2132 4261 2264 4331 leg.:
2289 4261 2497 4323 Οἵτινες
2527 4258 2735 4328 ὤφελον
2769 4254 2907 4312 εἶναι
2934 4258 3076 4312 κατὰ
3114 4259 3212 4330 τὴν
3237 4259 3525 4330 ἁκρίόειαν
3553 4262 3708 4333 τριά-

2130 4368 2292 4406 κοντα
2327 4354 2515 4422 μῆνες,
2543 4351 2636 4404 καὶ
2663 4351 2834 4404 εἴκοσι
2863 4349 3007 4403 ὀκτὼ
3031 4350 3253 4420 ἡμέραι.
3285 4350 3412 4408 Vult
3443 4353 3591 4407 enim
3613 4353 3707 4407 Ju-

448 4469 568 4523 dies
625 4470 678 4529 5,
716 4470 832 4521 hor.
865 4467 918 4521 7.
957 4465 1099 4520 Sane
1131 4465 1333 4520 Judmis
1369 4465 1420 4518 in
1458 4464 1562 4518 hoc
1594 4477 1860 4517 annorum
1912 4463 2020 4517 cir-

2133 4446 2276 4501 dmos
2315 4446 2367 4499 in
2395 4459 2568 4498 annos
2607 4443 2675 4497 81
2706 4458 2923 4498 menses
2963 4443 3318 4499 interealasse
3347 4445 3408 4499 51
3433 4486 3448 4510 ,
3482 4461 3606 4501 cum
3637 4447 3704 4502 50

445 4557 596 4610 cuitu
645 4571 770 4609 cum
806 4555 1080 4608 lunarium
1122 4553 1528 4607 neorneniarnm
1579 4552 2020 4604 ἀποκατάστασιν

448 4647 598 4713 ﬁeri;
633 4655 745 4699 tum
780 4647 947 4700 sulem
977 4661 1098 4700 cum
1130 4645 1256 4698 luna
1283 4645 1433 4714 paria
1468 4643 1662 4706 facere,
1697 4657 2019 4713 persuasum

445 4752 569 4792 esse
597 4737 855 4806 oportuit.
882 4735 1319 4804 Alioquinullam
1348 4736 1482 4805 cyrli
1510 4735 1674 4802 hujus
1707 4733 2020 4788 instituendi

443 4843 671 4884 causam
700 4826 1036 4880 habuissent.
1064 4825 1244 4891 Quare
1276 4835 1384 4878 tam
1408 4825 1459 4877 in
1488 4826 1684 4879 solaris
1705 4825 1831 4877 anni
1856 4840 2019 4893 quam

446 4919 659 4974 lunaris
689 4916 852 4971 modo
903 4914 1208 4968 deﬁniendo
1263 4915 1550 4968 aberrasse
1587 4929 1812 4969 necesse
1839 4924 1923 4968 est
1954 4914 2022 4968 ab

449 5013 737 5079 utriusque
793 5006 1133 5070 rationibus;
1193 5013 1247 5058 et
1287 5007 1531 5058 lunarem
1559 5005 1776 5074 quidem
1808 5005 2018 5059 dierum

446 5102 572 5160 554.
606 5101 864 5155 horarum
897 5098 929 5151 8
963 5095 1188 5167 praecise
1210 5095 1591 5161 constituisse;
1629 5096 1858 5150 solarem
1890 5110 2022 5149 vero

447 5193 573 5257 565,
616 5193 737 5246 hor.
767 5189 821 5253 5,
853 5174 1125 5254 minus-3%
1164 5188 1277 5243 sive
1303 5175 1355 5258 ζ,
1391 5202 1585 5256 nempe
1638 5188 1844 5241 diertnn
1891 5187 2017 5253 565,

445 5289 566 5344 hor.
604 5285 655 5352 5,
679 5287 760 5340 51¹
779 5279 814 5353 ³,*
832 5286 936 5350 vel,
963 5283 1087 5351 565,
1105 5285 1196 5345 51,
1227 5285 1305 5337 1⁶ῖ¹
1401 5283 1556 5350 Quod
1579 5283 1814 5340 fortasse
1831 5300 2018 5339 verum

443 5389 548 5434 est.
582 5375 718 5430 Nam
753 5376 896 5445 quod
927 5376 992 5429 ad
1022 5377 1189 5430 solem
1216 5384 1443 5445 spectat,
1477 5391 1602 5430 eum
1635 5375 1817 5428 minus
1853 5389 2017 5444 quam

444 5473 480 5525 6
527 5471 692 5526 horas
743 5470 1066 5540 appendices
1119 5470 1185 5523 ad
1227 5470 1335 5524 565
1383 5469 1498 5523 dies
1550 5466 1855 5520 addendum
1900 5478 2021 5519 esse

447 5561 670 5624 scirent,
719 5560 764 5614 si
805 5561 1048 5614 lunarem
1081 5574 1285 5614 annum
1338 5558 1565 5629 prmcise
1611 5557 1822 5611 dierum
1882 5555 2017 5623 554,

449 5650 569 5703 hor.
599 5651 632 5704 8
667 5651 924 5716 facerent,
956 5667 1076 5706 eam
1105 5652 1204 5706 soli
1251 5651 1610 5719 quantitatem
1647 5649 1890 5702 tribuere
1922 5662 2017 5717 po-

448 5748 690 5809 tuerunt,
718 5759 838 5812 qua:
873 5758 1016 5800 anno
1051 5743 1382 5814 septenario,
1427 5743 1478 5798 id
1528 5753 1610 5798 est
1639 5724 1901 5806 8i,~lunae
1937 5755 2017 5795 ra-

2124 4539 2391 4593 duntaxat
2431 4553 2554 4592 cum
2602 4536 2673 4590 ‘28
2715 4537 2908 4591 diebus
2954 4536 3259 4605 computari
3305 4537 3576 4603 debeant;
3605 4539 3702 4592 hoc

2125 4640 2210 4686 est
2239 4632 2470 4702 syzygiaa
2504 4629 2664 4694 1059,
2691 4629 2880 4684 etdies
2921 4628 3011 4683 28.
3055 4629 3131 4682 lla
3166 4630 3392 4684 biduum
3425 4631 3580 4685 abest
3601 4629 3702 4706 .Ju-

2125 4721 2312 4777 daicus
2353 4722 2536 4792 cyclus
2567 4737 2596 4776 a
2636 4721 2908 4776 solaribus
2962 4721 3122 4777 annis
3175 4723 3468 4793 84;quem
3513 4733 3568 4778 et
3613 4740 3703 4795 cy-

2123 4811 2267 4865 clum
2292 4812 2536 4866 lunarem
2571 4810 2771 4883 ἀκριϐῆ
2804 4819 2958 4881 putat
2978 4810 3335 4881 Epiphanius.

2190 4902 2458 4972 Sequitur
2507 4903 2902 4972 interpretandi
2942 4903 3080 4972 cycli
3136 4904 3276 4957 ratio
3327 4903 3520 4967 altera,
3554 4913 3613 4958 ut
3648 4914 3700 4960 et

2125 4995 2635 5049 tessaradecaeteris
2687 4994 2806 5049 dies
2859 4995 3056 5048 haheat
3112 4994 3290 5059 5108,
3351 4994 3480 5050 hor.
3524 4999 3702 5062 12,et

2123 5083 2842 5153 ogdoecontatcssaraeteris
2899 5085 3015 5139 dies
3064 5087 3291 5155 praecise
3331 5087 3500 5142 40681
3535 5090 3702 5160 ;qui-

2123 5175 2226 5229 bus
2251 5176 2590 5230 vertentibus
2630 5176 2757 5229 luna
2803 5174 3022 5230 Judaira
3071 5193 3195 5231 cum
3247 5178 3362 5233 sole
3416 5181 3604 5235 redeat
3646 5181 3699 5234 in

2123 5270 2490 5335 cotieordiam,
2524 5269 2618 5324 sed
2656 5285 2687 5322 a
2736 5268 2932 5323 mediis
2972 5269 3115 5323 luna:
3150 5270 3391 5325 motibus
3422 5271 3590 5326 biduo
3627 5273 3700 5326 ci-

2121 5363 2298 5418 viliter
2327 5364 2558 5418 aberret.
2587 5360 2742 5427 Quod
2773 5370 2881 5414 tam
2923 5360 2977 5413 in
3012 5359 3242 5427 minore,
3283 5378 3448 5431 quam
3497 5363 3701 5434 majore

2121 5455 2274 5526 cyclo
2300 5453 2584 5523 τεχνικῶς,
2626 5463 2720 5507 aut
2749 5451 2986 5508 civiliter
3021 5451 3136 5507 ﬁeri
3171 5453 3274 5507 hoc
3308 5455 3473 5510 modo
3499 5466 3696 5524 potest.

2123 5550 2654 5610 Tessaradecaeteris
2691 5553 2871 5616 habet,
2906 5559 2962 5605 ut
2999 5551 3202 5606 dictum
3230 5559 3343 5613 est,
3379 5552 3496 5607 dies
3535 5552 3696 5609 5108.

2122 5641 2241 5695 hor.
2289 5642 2356 5695 12
2377 5683 2391 5707 ,
2422 5643 2547 5697 anni
2586 5643 2808 5698 lunares
2845 5641 3124 5711 simplices
3170 5642 3290 5698 dies
3319 5642 3458 5702 554,
3489 5645 3608 5698 hor.
3640 5642 3694 5699 8.

2121 5737 2202 5792 54'
2241 5728 2290 5809 ᾖ
2326 5741 2540 5814 syzygia
2573 5758 2700 5799 vero
2742 5743 2830 5809 29,
2867 5742 2953 5808 12,
3002 5739 3085 5796 41⁸
3270 5737 3390 5796 Jam
3436 5739 3496 5796 in
3527 5746 3701 5796 tessa‘
