3994 6222
252 425 363 487 969
1173 422 1264 478 DE
1298 422 1484 479 ANNO
1522 423 1613 479 ΕΤ
1653 421 1767 477 DIE
1809 421 2161 480 DOMINICE
2201 419 2587 479 PASSIONIS.
3417 424 3523 479 910

1526 543 1743 600 TESSA
1754 544 2136 600 RADECAET.
2162 543 2226 598 V.

401 627 552 693 'Annt
702 706 707 707 ί
779 635 929 707 Cycli
963 633 1164 707 Nicagni
1311 637 1435 693 Dies
1520 653 1694 692 anno.-
1921 636 2218 691 Neomenia
2427 633 2619 707 Neom.
2835 635 3081 701 Qualitas
3316 636 3441 693 Dies

376 708 593 765 Periodi
679 704 842 762 Solis
1090 705 1256 763 Lunae
1433 723 1553 761 rum
1980 706 2147 763 Nisan
2455 704 2592 760 feria
2881 708 3010 761 anni
3268 708 3480 763 collecti

466 800 536 857 57
645 798 741 853 XV
1038 797 1125 853 VII
1460 802 1553 855 ὑπ.
1597 800 1703 854 585
1774 800 1856 855 XV

1953 800 2001 857 i‘I.
2429 798 2471 850 C
2652 798 2689 852 2
2796 794 2952 853 Emb.
2992 798 3054 853 P.
3357 800 3466 857 585

467 871 537 929 58
645 867 765 923 XVI
1034 865 1149 923 VIII
1597 870 1703 925 554
1774 870 1841 925 IV

1959 909 1972 922 .
2439 868 2480 921 Β
2657 869 2694 923 2
3360 872 3464 928 759

322 943 367 997 Β
467 942 539 1001 59
646 936 791 992 XVII
1030 937 1103 991 IX
1595 940 1700 994 554
1772 936 1937 994 XXIII
1959 938 2036 993 Μ.
2390 938 2507 995 AG
2650 939 2684 992 6
3325 941 3466 997 1095
3538 980 3545 987 .

466 1013 537 1068 60
645 1006 815 1062 XVIII
1033 1007 1080 1060 X
1460 1010 1555 1065 ὑπ.
1597 1009 1700 1065 584
1772 1010 1856 1063 XII

1953 1051 1962 1064 .
2431 1010 2472 1064 F
2649 1011 2685 1065 5
2795 1007 2951 1065 Emb.
2986 1010 3049 1064 C.
3324 1012 3461 1065 1477

468 1084 531 1138 61
646 1078 771 1134 XIX
1030 1076 1103 1132 XI
1595 1080 1701 1135 554
1772 1080 1856 1134 XX

2001 1078 2137 1136 Mar.
2425 1078 2468 1132 Ε
2645 1079 2681 1134 2
3327 1082 3459 1137 1851

468 1155 540 1209 62
648 1149 747 1203 XX
1031 1147 1125 1203 XII
1598 1150 1704 1203 554
1772 1150 1856 1204 XX

1960 1190 1974 1203 .
2423 1149 2465 1201 D
2644 1151 2680 1202 6
2968 1164 2969 1167 ‘
3322 1152 3465 1207 2185

322 1220 373 1279 Β
470 1225 541 1280 65
645 1217 769 1273 xxr
1035 1217 1153 1274 xm
1452 1221 1549 1275 ὑπ.
1590 1219 1856 1287 585V"

1953 1218 1992 1273 l.
2062 1286 2067 1287 ν
2384 1218 2425 1273 C
2456 1219 2498 1273 Β
2642 1221 2676 1273 5
2788 1219 2946 1277 Emb.
2976 1218 3039 1275 P.
3324 1222 3467 1275 2570

468 1296 539 1350 61
644 1288 789 1344 XXII
1032 1287 1153 1343 XIV
1596 1289 1700 1345 554
1734 1286 1739 1287 ί
1772 1290 1856 1344 XX

1953 1288 1991 1344 II
2021 1286 2093 1345 Μ.
2421 1292 2465 1344 Α
2645 1291 2679 1344 5
3324 1291 3467 1347 2924

426 1365 539 1421 νϐ5
644 1357 814 1415 XXIII
1031 1359 1127 1415 XV
1595 1360 1703 1416 585
1772 1360 1856 1413 XV

1954 1359 2024 1413 Μ.
2414 1360 2461 1414 G
2641 1362 2672 1413 7
2780 1359 2934 1417 Emb.
2971 1360 3033 1415 C.
3323 1362 3463 1417 5507

470 1437 540 1491 66
646 1428 818 1483 XXIV
1030 1430 1152 1484 XVI
1456 1431 1551 1485 ὑπ.
1594 1429 1699 1486 555
1775 1430 1839 1483 IV

1953 1451 1978 1485 ι.
2421 1430 2460 1484 F
2640 1429 2674 1483 5
3324 1433 3468 1488 5062

322 1508 369 1561 Β
470 1506 539 1560 67
646 1500 795 1556 XXV
1030 1500 1170 1555 XVII
1592 1500 1698 1556 554
1767 1497 1938 1554 XXIV
2001 1499 2070 1555 M.
2372 1497 2491 1553 ΕΙ)
2637 1501 2670 1555 5
3325 1503 3467 1558 4016

469 1575 539 1630 68
648 1570 815 1627 XXVI
1031 1569 1202 1625 XVIII
1592 1571 1698 1625 584
1767 1570 1887 1624 XIII
1938 1569 2011 1624 M.
2411 1569 2453 1623 C
2643 1572 2675 1624 7
2782 1571 2938 1627 Emb.
2973 1571 3036 1625 P.
3324 1572 3466 1627 4400

469 1646 539 1701 69
646 1641 839 1698 XXVII
1028 1640 1153 1697 XIX
1458 1642 1556 1695 ὑπ.
1593 1640 1698 1696 555
1773 1640 1856 1693 IA

2419 1640 2464 1692 B
2640 1640 2675 1692 6
3324 1644 3390 1696 47
3398 1644 3467 1696 55

470 1716 539 1771 70
645 1711 863 1771 XXVIII
1033 1712 1055 1767 I
1596 1711 1703 1767 554
1771 1710 1917 1765 XXII
1948 1710 2084 1765 Mar.
2419 1710 2465 1763 A
2642 1710 2675 1763 4
3323 1713 3465 1768 5109

2938 1803 3285 1862 (ῖοῐιίαιιηιιιι-
3326 1807 3442 1861 dies
3476 1808 3532 1862 in

1534 1870 1852 1928 TESSARA

1953 1872 2149 1929 CAET.
2190 1871 2277 1927 VI.
3001 1871 3045 1924 v
3078 1870 3259 1945 Cyclis
3279 1876 3479 1932 25541.

329 1974 370 2026 Β
475 1968 675 2022 711
1044 1967 1089 2022 II
1609 1966 1832 2023 585X

2359 1966 2403 2022 G
2432 1966 2474 2021 F
2636 1968 2660 2020 1
2779 1966 2937 2022 Emb.
2979 1966 3043 2023 Ο.
3360 1971 3467 2025 585

476 2039 550 2093 72
653 2038 698 2091 II
1044 2037 1115 2092 III
1372 2082 1375 2087 ί
1472 2039 1714 2093 ὑπ.555
1784 2037 1856 2090 X}

1961 2037 2002 2091 II
2040 2037 2106 2091 Μ.
2395 2036 2438 2089 E
2637 2037 2671 2090 6
3362 2042 3466 2096 758

477 2109 548 2162 75
656 2109 725 2163 III
1043 2106 1116 2160 IV
1609 2108 1713 2163 584
1783 2107 1952 2161 XVIII
1987 2107 2057 2161 M.
2396 2106 2440 2159 Ι)
2636 2108 2670 2160 4
2781 2104 3037 2161 Emb.P.
3325 2110 3467 2165 1122

477 2179 548 2232 7t
653 2177 721 2232 Iv
1046 2177 1090 2246 v
1608 2178 1713 2233 554
1792 2176 1851 2229 Vl

1953 2195 1986 2230 ι.
2394 2177 2436 2231 C
2636 2179 2671 2229 5
3325 2179 3467 2236 1476

335 2252 377 2305 Β
477 2249 550 2303 75
657 2247 702 2299 V
1047 2245 1112 2298 VI
1471 2248 1565 2301 ὑπ.
1608 2248 1714 2302 555
1784 2246 1856 2301 Χ)

1960 2247 2031 2301 Μ.
2354 2247 2396 2300 Β
2431 2248 2476 2301 Α
2635 2246 2667 2298 7
3325 2250 3461 2306 1851

476 2318 547 2371 76
659 2317 724 2372 VI
1046 2314 1138 2369 VII
1608 2318 1715 2371 585
1784 2317 1856 2369 X‘

1953 2316 1986 2371 I.
2393 2316 2438 2369 G
2638 2316 2672 2369 5
2776 2316 2935 2372 Emb.
2962 2316 3023 2371 C.
3325 2320 3470 2375 2214

477 2388 544 2440 77
655 2387 746 2441 VII
1046 2384 1162 2438 VIII
1609 2386 1715 2441 554
1787 2386 1826 2438 II

1953 2428 1961 2438 .
2397 2386 2439 2440 F
2629 2388 2669 2442 5
3324 2389 3465 2443 2568

476 2459 547 2513 78
657 2461 771 2515 VIII
1047 2455 1116 2510 IX
1472 2456 1568 2510 ὑπ.
1610 2456 1712 2511 555
1784 2456 1856 2510 X}

1961 2456 2033 2511 M.
2399 2455 2440 2508 Ε
2636 2458 2668 2508 7
3160 2474 3163 2477 ‘
3323 2461 3467 2515 2925

336 2531 379 2584 Β
477 2529 547 2584 79
656 2527 725 2595 IX
1045 2525 1093 2580 X
1608 2525 1715 2580 584
1784 2527 1960 2583 XIM.
2352 2526 2470 2582 DC
2634 2528 2669 2583 5
2778 2524 3030 2582 Emb.P.
3320 2531 3535 2595 5507(a)

478 2600 549 2673 3‘.)
657 2594 725 2673 ξς-
1044 2595 1139 2673 29!.
1479 2669 1494 2673 _
1607 2597 1715 2673 §§é
1784 2596 2034 2673 529‘s.“-
2394 2598 2437 2673 Β
2637 2598 2671 2673 1
3314 2594 3533 2673 5661(0)

479 2668 541 2721 ει
657 2667 725 2722 XI
1044 2663 1158 2735 xu,
1471 2669 1567 2724 ὑπ.
1607 2668 1713 2723 555
1784 2667 1853 2722 x1

1953 2667 2007 2723 ll.
2396 2669 2441 2721 A
2640 2669 2704 2735 1,
3323 2672 3465 2726 4016

441 2739 551 2812 ’δὲ
656 2738 768 2812 XII-
1044 2734 1164 2812 ἓξὲἱῖ
1604 2738 1711 2812 ἓξὲξ
1781 2738 2027 2812 ἔξέἕμ-
2362 2738 2476 2812 __G_.
2640 2734 2699 2812 δέ
2785 2737 3040 2795 Emb-C-
3320 2741 3536 2812 4599(6)

336 2809 380 2863 B
476 2810 547 2864 85
656 2808 771 2861 XIII
1044 2804 1164 2859 XIV
1601 2809 1708 2862 554
1780 2809 1856 2862 Xl

1978 2808 2051 2862 M.
2362 2808 2401 2863 F
2438 2806 2479 2861 E
2642 2811 2678 2864 4
3324 2812 3469 2867 4755

482 2879 553 2935 84
660 2877 779 2933 XIV
1042 2876 1138 2933 XV
1465 2880 1705 2937 01:.555
1775 2879 1856 2933 XI

1958 2919 1971 2934 .
2404 2880 2444 2932 D
2647 2882 2670 2931 1
3325 2882 3467 2937 5108

2943 2974 3448 3062 σρῑιξειηιευειῑὲςξ
3478 2977 3534 3033 in

2977 3045 3045 3100 v1
3067 3045 3244 3117 Cyclis
3272 3047 3466 3102 50649.

338 3164 397 3218 In
433 3162 536 3218 hoc
579 3161 730 3233 cyclo
758 3160 1035 3217 embolimi
1076 3170 1205 3217 sunt
1245 3177 1376 3216 xxx.
1428 3160 1499 3215 At
1533 3161 1719 3232 cyclus
1749 3159 1844 3213 dc-
1873 3162 1919 3219 Α
1946 3173 2069 3214 rum
2114 3160 2168 3213 in
2217 3174 2540 3231 unaquaque
2587 3160 3139 3216 tessaradecaeteride
3204 3159 3295 3217 ille
3343 3175 3535 3215 nume-

264 3255 405 3311 sinit
437 3254 489 3308 in
524 3269 577 3308 tv
607 3253 785 3307 Martii
815 3271 829 3309 :
868 3253 940 3309 ita
973 3262 1033 3308 ut
1085 3255 1461 3325 ogdoecontat.
1496 3267 1534 3305 ιι
1568 3250 1794 3320 incipiat
1817 3265 1848 3305 a

262 3363 301 3399 ν
344 3345 548 3400 Martii.
591 3343 854 3403 Ascendit
894 3344 1061 3414 igitur
1117 3343 1400 3399 neomenia
1441 3343 1511 3397 52
1548 3342 1741 3398 diebus
1782 3341 1851 3396 ab

265 3435 481 3504 epocha
526 3431 741 3487 Iuliana
787 3433 947 3502 primi
999 3434 1170 3504 cycli,
1229 3449 1351 3502 qum
1393 3440 1478 3488 est
1525 3447 1575 3486 vi
1623 3432 1847 3502 Aprilis.

268 3528 454 3593 Quare
517 3525 677 3580 debet
732 3524 1044 3579 intercalari
1091 3527 1295 3580 mensis
1349 3524 1695 3586 tricenarius,
1740 3538 1851 3593 quo

268 3616 563 3671 neomenia
609 3615 1020 3670 submovebitur
1052 3614 1105 3668 in
1140 3630 1192 3669 tv
1237 3615 1370 3685 Apr.
1400 3625 1453 3671 et
1482 3616 1648 3670 biduo
1677 3631 1706 3670 a
1740 3617 1853 3685 pri-

269 3725 365 3765 sca
418 3707 628 3779 epocha
681 3707 919 3762 recedet.
969 3706 1125 3773 Quod
1176 3716 1293 3762 erat
1339 3706 1849 3763 demonstrandum.

272 3802 381 3856 Sed
420 3800 759 3870 Epiphanius
805 3800 881 3853 ait
922 3814 1167 3854 mensem
1202 3799 1355 3853 illum
1400 3798 1603 3853 emboI.
1648 3797 1855 3853 tricesi-

271 3909 427 3948 mum
462 3892 702 3961 primum
743 3890 943 3960 conjici
978 3891 1031 3944 in
1080 3905 1289 3945 annum
1324 3889 1415 3945 85.
1452 3887 1640 3959 Itaque
1674 3904 1853 3943 annus

270 3986 488 4055 primus
516 3984 653 4054 cycli
695 3982 923 4039 secundi
959 3982 1121 4037 inibit
1150 4000 1183 4037 Χ
1212 3981 1414 4037 Martii.
1458 3978 1562 4037 Ubi
1595 3987 1651 4036 et
1678 3978 1852 4036 Judaei

270 4077 485 4148 cyclum
513 4075 767 4145 ﬁgebant,
804 4074 931 4143 quia
958 4073 1180 4129 citimus
1209 4064 1431 4128 illorum
1465 4073 1731 4127 terminus
1764 4070 1854 4126 tri-

271 4168 383 4221 duo
413 4165 692 4221 Nicaanum
730 4162 1024 4216 antecedit.

343 4256 613 4310 Caeterum
640 4253 913 4308 Victorius
937 4255 1248 4323 Aquitanus
1280 4253 1334 4308 in
1370 4253 1558 4307 eadem
1594 4252 1684 4307 illa
1707 4252 1854 4307 Prae-

274 4348 502 4419 I'atione,
538 4347 675 4417 cycli
711 4361 909 4399 Lxxmv
959 4360 1230 4399 annorum
1269 4344 1540 4409 meminit,
1589 4355 1850 4413 tanquam

273 4457 301 4493 a
348 4439 630 4493 nonnullis
675 4437 740 4491 ad
788 4435 1054 4491 Paschale
1100 4436 1375 4506 negotium
1425 4436 1848 4491 accommodati.

1950 3266 2046 3306 rus
2080 3262 2182 3317 est,
2212 3267 2372 3321 quem
2401 3252 2809 3319 constituimus,
2849 3251 3012 3318 5108,
3044 3252 3130 3307 vel
3159 3251 3324 3316 5109,
3358 3253 3532 3307 semel

1952 3359 2081 3398 vero
2104 3343 2239 3399 5l07
2266 3361 2279 3409 ;
2309 3345 2453 3399 civili
2486 3345 2539 3400 id
2572 3346 2783 3399 ratione
2809 3345 3138 3414 postulante.
3171 3343 3311 3399 Tum
3341 3361 3532 3416 περιτ-

1950 3433 2042 3486 ταὶ
2092 3432 2294 3504 ἡμέραι
2340 3433 2505 3489 tertio
2560 3448 2779 3504 quoque
2834 3448 3010 3499 anno;
3064 3434 3344 3494 embolimi
3404 3451 3534 3490 vero

1952 3542 2169 3582 menses
2198 3525 2429 3590 ἐναλλάξ
2472 3526 2653 3595 pleni,
2691 3526 2956 3596 cavique,
3005 3536 3057 3580 ct
3099 3527 3152 3580 in
3184 3527 3536 3598 singulis-cy-

1952 3618 2052 3672 rlis
2081 3633 2145 3683 v;
2201 3618 2254 3671 in
2300 3618 2905 3685 tessaradecaeteribus,
2945 3618 3222 3672 embolimi
3257 3634 3385 3674 xxx.
3422 3618 3536 3674 lino

1952 3726 2082 3765 vero
2114 3727 2266 3765 xui.
2312 3710 2446 3766 Nam
2480 3711 2700 3767 totidem
2745 3711 2999 3781 imputari
3046 3711 3279 3776 debent;
3322 3720 3382 3767 ut
3424 3712 3535 3766 sint

1952 3801 2068 3854 dies
2100 3800 2155 3855 in
2198 3800 2822 3871 ogdoecontatessaraet.
2865 3801 3062 3857 50679.
3092 3802 3162 3855 At
3193 3800 3533 3871 Epiphanius

1953 3891 2204 3945 ultimum
2237 3893 2655 3949 embolimorum
2691 3895 2755 3948 ad
2800 3893 3018 3947 initium
3058 3892 3191 3963 cycli
3221 3895 3531 3963 sequentis,

1952 3985 2066 4038 sive
2106 3999 2311 4038 annum
2342 3984 2413 4039 85
2456 3986 2651 4057 rejicit.
2709 3984 2863 4040 Unde
2908 3986 3058 4055 prior
3104 3983 3292 4055 cyclus
3337 3984 3532 4039 diebus

1954 4082 2177 4129 constat
2198 4072 2376 4129 50649
2401 4094 2414 4141 ;
2450 4076 2725 4131 secundus
2750 4076 2949 4141 50709,
2978 4075 3309 4144 habebitque
3336 4075 3530 4129 embo-

1951 4166 2112 4221 limos
2148 4166 2256 4228 52;
2322 4167 2527 4236 alioqui
2576 4168 2803 4222 nimium
2850 4168 2919 4222 ah
2976 4168 3182 4235 epocha
3234 4168 3534 4222 neomenia!

1952 4259 2290 4321 recederent.
2331 4259 2571 4326 Quarum
2610 4259 2829 4330 quidem
2873 4260 3285 4316 neomeniarum
3321 4261 3534 4331 προέμ-

1952 4367 2180 4418 πτωσιν,
2219 4359 2274 4407 et
2304 4351 2600 4421 μετάϐασιν
2632 4353 2712 4415 εἰς
2737 4351 2804 4405 τὰ
2835 4350 3227 4422 προηγούμενα
3254 4351 3308 4407 in
3339 4352 3528 4406 eodem

1955 4439 2354 4506 Diagrammate
2392 4450 2551 4510 potes
2598 4440 2817 4495 intueri.
2866 4438 3001 4493 Nam
3058 4449 3182 4508 post
3228 4439 3533 4508 quamlibet

278 4531 350 4586 Ut
379 4537 639 4599 appareat
672 4545 783 4582 non
814 4526 1033 4582 Judaeos
1059 4528 1259 4594 solum,
1289 4527 1383 4583 sed
1422 4536 1477 4582 et
1504 4528 1853 4583 Christianos
1887 4518 1927 4573 Β
1957 4532 2581 4597 tessaradecaeteridem,
2613 4548 2645 4585 v
2675 4531 2815 4585 dieb.
2873 4540 2930 4586 et
2975 4531 3123 4586 horis
3169 4530 3202 4585 8
3246 4534 3529 4585 neomenia

274 4622 547 4695 ejusmOdi
581 4636 848 4685 annorum
896 4620 1027 4674 orbe
1076 4634 1207 4673 usos
1233 4618 1528 4687 a'iquando
1560 4617 1754 4675 fuisse.
1790 4618 1856 4673 Et

274 4726 405 4771 ante
445 4713 747 4768 Victorium
786 4711 1026 4783 Cyrillus
1066 4711 1118 4763 in
1162 4708 1523 4774 Prwfatione,
1572 4726 1737 4780 quam
1786 4711 1852 4765 ad

271 4807 487 4880 cyclum
514 4821 675 4860 suum
706 4803 897 4867 edidit,
916 4818 1039 4872 quae
1070 4802 1123 4855 in
1152 4802 1344 4857 eodem
1370 4803 1560 4857 codice
1580 4804 1853 4866 exstabat,

273 4894 625 4967 reprehendit
653 4894 811 4956 illos,
849 4893 942 4963 qui
978 4908 1180 4946 Lxxnv
1222 4906 1493 4948 annorum
1540 4894 1854 4963 pasclialem

271 4990 487 5063 cyclum
532 4986 909 5049 instituet-unt,
960 4985 1075 5039 sive
1111 4994 1316 5055 septem
1351 4987 1851 5055 quatuordecenni-

270 5092 468 5138 tatum.
494 5082 573 5133 Ita
596 5079 741 5133 enim
768 5076 998 5133 Latinus
1030 5074 1300 5146 interpres
1328 5079 1617 5131 convertit.

274 5194 593 5251 Declaratur
612 5191 877 5246 Judaiws
904 5192 994 5244 ille
1016 5189 1216 5272 caelus,
1238 5188 1452 5258 ejusque
1479 5192 1847 5257 opportunitas

932 5270 1189 5329 aperitur.

344 5352 469 5407 Fuit
502 5352 638 5416 lucc,
675 5352 754 5406 vel
798 5366 919 5406 esse
962 5350 1156 5421 potuit,
1187 5349 1362 5405 civilis
1388 5349 1675 5418 utriusque
1710 5350 1848 5420 cycli

270 5445 607 5516 dispositio:
661 5445 714 5497 in
766 5458 874 5513 qua
926 5444 992 5497 ad
1051 5441 1312 5496 amussim
1364 5442 1643 5497 observata
1703 5442 1847 5497 vides

270 5537 478 5603 omnia,
509 5551 631 5606 qua:
654 5534 815 5604 paulo
844 5542 969 5586 ante
997 5530 1266 5600 disputata
1301 5539 1444 5585 sunt.
1476 5528 1611 5584 Nam
1643 5540 1698 5586 et
1732 5531 1848 5587 die-

1953 4620 2120 4676 Nisan
2169 4622 2399 4691 primam
2452 4623 2717 4691 epocliam
2776 4621 3082 4676 antevertit.
3141 4620 3211 4675 Ut
3258 4622 3304 4676 si
3358 4622 3534 4691 primo

1960 4726 2108 4767 anno
2136 4712 2273 4783 cycli
2314 4712 2602 4766 neomenia
2633 4710 2799 4767 Nisan
2831 4712 2963 4781 Apr.
3001 4726 3051 4766 vt
3083 4710 3370 4780 contigerit
3400 4712 3532 4763 hora

1955 4805 2148 4859 merid.
2174 4805 2381 4859 esactis
2415 4820 2505 4859 xw
2537 4804 2715 4859 annis.
2744 4803 2810 4858 ad
2843 4802 2961 4858 Kal.
2997 4803 3132 4874 Apr.
3164 4803 3530 4873 regredietur;

1953 4904 2009 4949 et
2038 4896 2093 4950 in
2119 4897 2310 4951 horam
2345 4912 2398 4950 tv
2420 4907 2541 4966 post
2567 4896 2799 4951 mediam
2829 4906 3041 4951 noctem
3071 4895 3268 4949 incidet
3296 4895 3349 4947 in
3376 4893 3440 4945 A.
3468 4891 3530 4945 D.

1958 4985 2076 5042 Kal.
2110 4986 2243 5058 Apr.
2276 4997 2440 5058 atque
2477 4989 2547 5043 ita
2575 4988 2832 5058 deinceps
2875 4987 3158 5043 neomenia
3199 4984 3425 5039 Iudaica
3464 4986 3533 5035 ab

1955 5080 2161 5149 epocha
2214 5081 2372 5149 primi
2415 5081 2653 5147 mensis,
2683 5089 2738 5134 et
2778 5080 2942 5134 solari
2980 5077 3192 5145 longius
3240 5073 3528 5139 abscedet,

1956 5169 2134 5225 donec
2166 5171 2414 5224 volvente
2444 5170 2652 5240 majore
2696 5171 2881 5241 cyclo,
2928 5184 3053 5222 cum
3082 5166 3196 5235 jam
3231 5180 3379 5218 χχχιι
3412 5162 3532 5217 die-

1956 5260 2060 5316 bus
2087 5269 2357 5316 retroacta
2392 5261 2572 5327 fuerit,
2598 5261 3007 5316 iutercalatione
3044 5258 3188 5327 pleni
3231 5254 3439 5310 mensis
3464 5254 3533 5308 ad

1954 5353 2242 5422 pristinam
2285 5354 2548 5423 cpocham
2588 5362 2839 5408 revocata
2883 5351 3046 5405 biduo
3091 5349 3358 5403 duntaxat
3387 5348 3529 5400 anti-

1958 5441 2177 5513 cipabit.

2029 5533 2245 5603 Epocha
2294 5535 2593 5591 neomenia:
2644 5532 2813 5588 Nisan
2866 5532 2919 5586 in
2972 5531 3124 5603 cyclo
3168 5526 3389 5581 Nlcmno
3432 5541 3526 5580 vin

365 5693 421 5755 α)
460 5694 648 5747 Annus
698 5687 1071 5759 BaptismiAex
1106 5684 1433 5759 Epiphanio
1462 5686 1529 5759 Δἰιι
1576 5704 1669 5759 vui
1718 5686 1979 5744 Novemb.

368 5754 423 5833 It)
462 5762 561 5818 Hic
604 5770 689 5816 est
732 5754 906 5833 annuli
967 5754 1225 5833 Baptismi
1273 5754 1569 5833 secundum
1625 5756 1851 5815 Latinos
1882 5778 1933 5815 γι
1959 5760 2084 5815 Jan.

366 5826 417 5904 ι)
459 5833 559 5890 llic
592 5841 677 5888 est
712 5846 841 5885 ann.
872 5828 1153 5883 Passionis
1179 5843 1243 5880 ex
1272 5826 1537 5898 Epipltan.

608 5926 888 5987 Parnm.
930 5922 1048 5980 (in.
1101 5918 1288 5980 XLII.

3123 5906 3195 5965 31
