3994 6222
527 416 632 474 971

1622 411 1662 466 Α
1677 411 1846 466 ΙΨΕΝ
1857 411 1970 468 υΙΧ
2007 411 2105 466 DIS

2211 411 2642 470 RTATIONUM.
3665 421 3756 479 97!

535 539 618 586 est
646 528 850 598 Aprilis
871 542 922 580 vr
945 542 960 592 ;
985 526 1137 598 cyclo
1163 541 1294 582 vero
1317 542 1414 582 xm
1441 537 1524 582 est
1549 527 1725 584 Martii
1755 543 1942 596 xn,eo
1963 528 2107 594 quod
2139 532 2183 588 Α
2213 527 2420 596 aliquot
2461 529 2748 586 neomenia
2790 527 2958 586 Nisan
2991 531 3054 586 ad
3091 547 3120 584 ν
3175 531 3346 586 Martii
3381 533 3596 588 redacta
3639 533 3758 590 ion-t

531 622 732 676 Christi
781 621 1008 686 saeculo,
1057 619 1208 691 cyelo
1242 635 1340 674 xm
1391 621 1673 676 ncomenia
1704 623 1756 676 in
1787 623 1936 676 illum
1967 621 2110 676 diem

533 713 845 766 incurrebat
875 727 886 762 :
931 727 962 765 a
995 727 1104 780 quo
1135 711 1238 766 sub
1287 709 1486 766 Nicaani
1527 713 1748 766 concilii
1783 725 1994 781 tempus
2041 711 2108 765 ad

533 819 588 856 ιιι
615 803 852 857 transiit.
911 801 1016 856 Sed
1063 803 1116 856 in
1163 801 1390 858 Judaico
1415 803 1566 873 cyclo
1593 803 1764 872 prima
1801 803 2108 860 tcssaradc—

531 907 668 954 eaet.
715 898 1052 952 neomeniam
1086 897 1303 953 exhibet
1335 897 1387 952 in
1433 913 1533 962 xu,
1569 899 1804 952 secunda
1841 899 1894 952 in
1935 915 2022 960 ιιι,
2055 905 2111 952 et

531 991 604 1046 ita
641 991 892 1060 deinceps
947 1007 1122 1060 usque
1167 993 1232 1044 ad
1288 1007 1378 1056 Ix;
1410 1001 1464 1047 et
1524 1001 1742 1061 propter
1781 992 2107 1048 incidentem

533 1083 836 1137 ltisextilem
877 1083 1018 1136 diem
1054 1083 1118 1136 ad
1157 1099 1252 1137 vm
1293 1085 1456 1137 etiam
1493 1085 1742 1138 recurrit.
1774 1074 1933 1140 Anno
1987 1085 2110 1152 qui-

531 1175 652 1228 dem
687 1172 902 1227 Iuliano
936 1173 1001 1226 76
1037 1169 1204 1228 Nisan
1255 1173 1430 1228 Martii
1465 1192 1518 1230 ιιι
1549 1174 1682 1229 feria
1716 1191 1768 1228 vt
1809 1176 2106 1230 convenie-

529 1265 651 1330 bat,
684 1263 828 1333 quod
860 1262 925 1317 ad
951 1262 1234 1334 Epiphanii
1270 1265 1617 1330 sententiam,
1648 1273 1926 1333 totamque
1959 1265 2105 1320 illam

531 1356 598 1410 de
627 1355 906 1410 Passionis
931 1370 1076 1408 anno
1112 1369 1174 1410 ac
1205 1355 1293 1411 die
1339 1357 1694 1425 quaestionem
1727 1356 2105 1425 explicandam

532 1446 992 1515 opportunissime
1030 1445 1244 1502 cecidit.
1291 1445 1434 1512 Quin
1475 1456 1528 1500 et
1557 1446 1786 1502 alterum
1827 1447 2105 1508 laterculi,

530 1557 594 1594 ac
623 1539 830 1594 Judaici
863 1539 1006 1593 illius
1039 1539 1177 1610 cycli
1211 1536 1450 1594 fructum
1501 1549 1667 1608 atque
1709 1553 1868 1592 usum
1914 1538 2106 1604 paucis

529 1631 789 1700 aperiam.
819 1628 969 1683 Scito
996 1629 1160 1700 igitur
1183 1628 1518 1698 probabilem
1543 1644 1608 1682 cx
1633 1643 1698 1682 eo
1715 1641 1940 1682 causam
1959 1628 2105 1690 elici,

527 1737 624 1774 cur
675 1720 986 1775 Judaeorum
1031 1718 1196 1774 Nisan
1248 1719 1318 1773 ab
1365 1718 1568 1788 epocha
1619 1717 1824 1782 veteri,
1878 1719 1984 1772 hoc
2023 1727 2108 1772 est

531 1816 897 1884 aequinoctio,
943 1815 1238 1884 itidemque
1269 1813 1586 1868 Latinorum
1638 1813 1846 1884 primus
1903 1813 2107 1869 mensis

2213 619 2548 690 deprehensa
2566 661 2582 686 ,
2613 623 2750 692 cycli
2779 623 2930 686 labe,
2957 625 3202 678 animum
3248 624 3314 678 ad
3343 625 3758 679 emendationem

2211 711 2542 783 adjecerint,
2589 721 2646 768 et
2691 714 2800 768 alio
2839 713 2975 784 cycli
3011 729 3206 783 genere
3255 715 3580 780 constituto,
3617 715 3758 784 hujus

2211 803 2424 858 initium
2480 805 2536 858 in
2587 805 2781 859 eodem
2835 805 2928 858 illo
2989 821 3134 859 anno
3198 805 3458 868 fixeriut,
3509 806 3602 873 qui
3653 821 3758 860 eam

2211 891 2979 962 ogdoecontatessaraeteridis
3041 893 3322 961 sequentis
3403 891 3650 961 primus,
3707 909 3760 946 ac

2209 978 2436 1047 proinde
2477 977 2850 1033 embolimteus
2909 993 3031 1033 esse
3077 979 3333 1044 deberet;
3381 979 3532 1034 hunc
3575 979 3758 1048 ipsum,

2211 1073 2398 1132 utpote
2427 1064 2564 1134 cycli
2595 1066 2829 1120 recentis
2863 1065 3111 1128 initium,
3151 1079 3502 1119 communem
3535 1063 3756 1118 fecerint.

2211 1149 2286 1204 Ita
2321 1152 2568 1221 contigit,
2599 1161 2658 1205 ιιι
2682 1151 2936 1219 deinceps
2961 1151 3146 1206 citima
3177 1153 3466 1206 neomenia
3511 1151 3568 1206 in
3609 1151 3761 1205 Martii

2211 1259 2263 1308 v,
2293 1259 2383 1297 xlv
2415 1243 2544 1296 luna
2573 1242 2749 1296 Martii
2779 1259 2912 1296 xvtu
2947 1245 3278 1300 constiterit.

2213 1352 2542 1423 Epiphanius
2573 1355 2638 1408 ab
2671 1357 2848 1425 inepta
2881 1356 3140 1427 Scaligeri
3187 1358 3588 1427 reprehensione
3617 1362 3762 1416 vindi-

2909 1439 3080 1482 catur.

2281 1515 2568 1572 Postremo
2597 1518 2664 1572 de
2689 1520 2788 1574 hoc
2807 1517 3123 1575 Judatorum
3147 1521 3300 1592 cyclo
3333 1521 3622 1591 disputans
3651 1523 3761 1578 Sca-

2213 1609 2344 1680 liger
2383 1611 2473 1664 lib.
2509 1627 2546 1666 ιι
2583 1609 2660 1664 De
2702 1611 2932 1678 emend.,
2959 1628 3014 1682 p.
3063 1613 3164 1667 146
3199 1631 3214 1667 :
3291 1613 3641 1684 Epiphaniunt
3683 1630 3762 1668 no-

2211 1713 2404 1767 strum,
2433 1715 2490 1758 ut
2526 1717 2572 1760 et
2625 1722 2802 1759 omnes
2835 1715 3030 1759 ueteres
3067 1707 3350 1775 scriptores
3395 1707 3498 1760 hac
3545 1709 3600 1760 in
3637 1721 3763 1774 parte

2213 1795 2368 1866 (haec
2422 1796 2562 1850 enim
2613 1797 2758 1852 illius
2813 1797 2974 1852 verba
3031 1797 3218 1866 sunt),
3258 1797 3588 1867 negligentia
3633 1800 3762 1868 culpa

533 1873 895 1962 ali-erraverit:
945 1907 1103 1972 Quod
1144 1873 1287 1960 enim
1339 1921 1424 1960 xlv
1475 1873 1654 1962 Nisan-
1695 1907 1750 1961 in
1797 1907 2105 1976 :equinoetii

2211 1886 2436 1942 liberare
2461 1905 2514 1944 se
2540 1901 2694 1960 negat
2725 1905 2896 1960 posse.
2923 1889 3027 1946 Sed
3055 1909 3158 1946 non
3188 1895 3399 1958 melior,
3451 1893 3642 1962 inquit,
3677 1905 3759 1947 tes-

529 1999 672 2052 dicm
724 1999 900 2068 ipsum
971 1999 1100 2052 olim
1153 1996 1444 2060 inciderit,
1502 1998 1700 2052 docent
1753 1997 2107 2052 vetustissimi

531 2089 844 2146 Judzcorum
881 2091 1126 2162 magistri
1158 2109 1171 2146 :
1205 2092 1256 2145 in
1279 2091 1473 2161 primis
1511 2091 1838 2162 Agathobuli
1879 2091 2008 2144 duo.
2046 2089 2112 2145 Et

531 2180 879 2234 Aristobulus
909 2181 1100 2235 horum
1127 2181 1449 2252 discipulus,
1481 2181 1572 2251 qui
1608 2197 1749 2236 tinus
1783 2197 1812 2235 e
1837 2180 1976 2235 LXX
2014 2179 2112 2235 Se-

529 2271 775 2324 l'liOl‘ibUs
808 2269 908 2326 fuit
931 2313 945 2336 ,
979 2273 1118 2340 apud
1156 2271 1474 2326 Anatolium
1507 2273 1558 2328 in
1593 2271 1926 2344 fragmento,
1960 2273 2106 2343 quod

528 2361 728 2416 Euseb.
756 2361 888 2414 citat
935 2361 970 2414 ι.
1001 2377 1076 2416 vn
1119 2359 1286 2426 IIist.,
1340 2377 1390 2416 c.
1421 2363 1512 2416 27.
1546 2363 1818 2418 'Asserunt
1853 2363 1997 2417 enim
2043 2360 2111 2414 τὰ

537 2449 861 2522 διαϐατήρια
879 2450 1028 2505 θύειν
1047 2451 1156 2504 δεῖν
1188 2450 1304 2522 μετ’
1337 2451 1622 2524 ἰσημερίαν
1643 2451 1866 2523 ἐαρινὴν
1893 2449 2112 2522 μεσοῦν-

527 2557 617 2604 τος
639 2541 731 2596 τοῦ
773 2539 990 2612 πρώτου
1044 2541 1230 2612 μηνός.
1273 2541 1420 2598 Idem
1461 2553 1517 2598 et
1560 2541 1796 2599 Musaeus
1826 2554 1979 2598 vetus
2006 2541 2109 2596 Ju-

529 2639 768 2688 dmorum
796 2637 1030 2704 scriptor
1065 2636 1274 2691 docuit.
1321 2635 1424 2690 Sed
1463 2645 1516 2690 et
1551 2634 1706 2690 Philo
1755 2636 1850 2690 lib.
1894 2634 1972 2689 De
2001 2636 2112 2689 vita

529 2724 696 2778 Musis
733 2741 750 2778 :
781 2725 890 2796 Τὴν
943 2726 1118 2797 ἀρχὴν
1143 2727 1242 2792 τῆς
1287 2721 1510 2796 ἐαρινῆς
1555 2727 1842 2796 ἰσημερίας
1891 2724 2108 2797 πρῶτον

528 2815 834 2884 ἀναγράφει
877 2816 1021 2886 μῆνα.
1065 2815 1326 2886 Μωῦσῆς.
1363 2816 1716 2887 Astipulatur
1753 2824 1808 2871 et
1837 2815 2108 2886 Josephus

531 2909 566 2962 Ι.
605 2907 867 2978 ιιι-θήῃ..
895 2924 944 2962 c.
983 2909 1049 2962 10
1083 2923 1096 2959 :
1127 2907 1218 2978 Τῷ
1242 2907 1298 2961 δὲ
1325 2907 1457 2978 μηνὶ
1487 2907 1564 2978 τῷ
1594 2905 1863 2976 Ξανθικῷ,
1887 2907 1946 2971 ὃς
1971 2908 2106 2960 Νισ-

533 3001 632 3054 σὰν
661 3000 790 3070 παρ’
817 3002 950 3071 ἡμῖν
982 3000 1247 3064 καλεῖται,
1289 3001 1381 3053 καὶ
1416 2997 1518 3052 ’τοῦ
1554 2999 1708 3064 ἔτους
1749 3000 1896 3052 ἐστὶν
1925 2999 2068 3071 ἀρχὴ
2093 3039 2110 3063 ,

531 3091 1098 3164 τεσσαρεσκαιδεκάτη
1167 3091 1308 3144 κατὰ
1381 3090 1608 3163 σελήνην
1685 3092 1742 3145 ὲν
1801 3090 1956 3163 Κριῷ
2011 3090 2107 3146 τοῦ

2213 1985 2702 2038 saracwdecaeteris
2731 2024 2746 2046 ,
2787 1999 2946 2052 quam
2977 2001 3078 2038 non
3105 1985 3273 2038 solum
3311 1995 3364 2038 ut
3401 1985 3616 2054 probam
3637 1997 3684 2038 et
3705 1986 3762 2038 lc-

2211 2072 2448 2142 gitimam
2485 2073 2702 2126 adducit
2731 2075 2868 2128 idem
2907 2075 3236 2146 Epiphanius
3264 2118 3278 2142 ,
3309 2079 3400 2130 sed
3441 2075 3652 2132 Judwos
3677 2095 3760 2130 uou

2211 2161 2378 2214 aliam
2413 2164 2673 2218 rationem
2721 2166 2776 2218 in
2827 2182 2966 2220 anno
3014 2167 3194 2220 lunari
3238 2169 3384 2237 sequi
3439 2169 3580 2232 ruit,
3629 2185 3760 2238 quam

2213 2251 2360 2306 illius
2392 2255 2712 2326 methodum.
2745 2255 2882 2310 Tum
2911 2257 3197 2329 Epiphanii
3237 2259 3424 2314 verbis
3455 2260 3644 2324 allatis,
3669 2261 3759 2329 pri-

2215 2359 2364 2398 mum
2400 2345 2528 2398 illud
2577 2348 2958 2416 reprehendit,
2999 2351 3146 2419 quod
3185 2349 3437 2414 dixerat;
3473 2349 3526 2404 in
3555 2361 3654 2405 tres
3681 2365 3762 2403 an-

2215 2452 2314 2492 nos
2365 2439 2506 2492 diem
2545 2453 2711 2492 unum
2751 2456 2816 2494 ex
2856 2441 3009 2496 horis
3053 2441 3086 2496 8
3139 2441 3374 2496 residuis
3411 2441 3678 2511 imputari.
3705 2443 3760 2494 At

2215 2531 2412 2600 falsum
2439 2532 2562 2596 erit,
2595 2532 2770 2604 inquit
2797 2575 2810 2598 ,
2861 2550 3026 2588 artant
3057 2543 3262 2586 tantum
3291 2535 3434 2588 diem
3479 2545 3590 2604 post
3627 2534 3762 2586 trien-

2212 2623 2362 2677 nium
2391 2639 2723 2691 accrescere,
2759 2641 2878 2678 cum
2923 2625 3294 2696 relinquantur
3336 2637 3462 2696 post
3509 2627 3761 2680 triennium

2213 2715 2323 2768 dies
2354 2715 2481 2780 duo,
2509 2715 2653 2770 horta
2691 2715 2778 2780 18,
2809 2727 3134 2786 quantarum
3159 2717 3252 2780 2-1,
3281 2725 3358 2772 est
3399 2727 3586 2782 totum,
3611 2726 3692 2770 aut
3717 2717 3760 2779 9,

2211 2817 2530 2879 quantamm
2587 2809 2676 2862 12.
2765 2810 2969 2866 Deinde
3019 2811 3164 2881 quod
3215 2811 3380 2867 armis
3439 2829 3526 2866 xlv
3575 2812 3758 2883 cyclum

2213 2901 2529 2968 definierat,
2562 2901 2667 2958 hoc
2713 2903 2876 2958 modo
2911 2903 3209 2974 redarguit.
3265 2901 3444 2975 Negat
3477 2905 3616 2960 enim
3651 2919 3760 2974 pra:-

2214 2991 2384 3046 cisam
2439 2992 2602 3046 ullam
2654 2995 2918 3048 rationem
2973 2995 3087 3050 fieri
3143 3011 3329 3066 posse.
3390 2996 3536 3050 Nam
3585 2995 3760 3050 Iuliani

2214 3081 2342 3136 anni
2371 3083 2484 3136 dies
2535 3081 2790 3153 colligunt
2821 3085 2960 3139 5H5
2986 3128 2999 3150 ,
3026 3085 3187 3139 horas
3237 3087 3342 3152 i2;
3395 3089 3524 3142 anni
3580 3087 3760 3141 latraret

527 3182 678 3253 ἡλίου
743 3181 1105 3244 καθεστῶτος.
1189 3179 1358 3252 Igitur
1420 3179 1734 3236 Judteorum
1796 3197 1886 3235 xrv
1937 3179 2104 3237 Nisan

2219 3171 2430 3228 totidem
2476 3171 2742 3241 simplices
2763 3214 2776 3236 ,
2810 3173 2987 3231 4956:
3022 3175 3326 3244 diﬁc-rentia
3361 3178 3478 3230 dies
3517 3175 3645 3241 157,
3691 3175 3757 3230 12.

531 3275 584 3328 in
611 3273 996 3344 :equinoctimn
1029 3273 1340 3327 incurrebat
1380 3273 1576 3341 priscis
1605 3273 1712 3328 illis
1741 3273 2102 3342 temporibus,

527 3375 582 3419 ct
608 3381 672 3418 ex
712 3363 874 3419 Musis
909 3366 1179 3419 instituto.
1214 3363 1280 3417 At
1309 3373 1494 3433 postea
1527 3365 1873 3434 przcscriptos
1905 3365 2105 3420 limites

527 3455 936 3524 transgrediens
968 3455 1360 3522 aequinoctium
1392 3455 1584 3509 diebus
1618 3455 1826 3523 aliquot
1855 3463 2106 3510 anteces-

529 3549 618 3600 sit.
654 3545 948 3600 Testantur
977 3546 1080 3599 hoc
1111 3546 1484 3600 vetustissima
1519 3545 1954 3600 Christianorum
1987 3560 2103 3601 mo-

529 3637 804 3702 nimenta;
832 3650 954 3705 qua:
988 3633 1300 3690 Jutlzeorurn
1327 3634 1536 3691 Pascha
1559 3637 1942 3705 mquinoctium
1969 3653 2106 3707 prae-

529 3733 775 3788 rertcre,
827 3733 880 3778 et
923 3725 976 3778 in
1021 3740 1098 3778 xu
1153 3739 1340 3780 mense
1375 3727 1642 3780 celebrari
1710 3742 2103 3798 nonnunquam

529 3817 845 3871 admonent.
898 3817 1120 3871 Conone
1159 3831 1209 3871 vt
1268 3817 1456 3886 Apost.
1495 3818 1532 3870 ι.
1573 3829 1625 3872 I:
1659 3817 1726 3872 Εἴ
1762 3837 1848 3882 τις
1883 3819 2106 3872 ἐπίσκο-

527 3907 706 3978 πος,ἢ
739 3907 1125 3979 πρεσϐύτερος,
1161 3909 1196 3979 ἦ
1225 3907 1471 3974 διάκονθς
1509 3911 1608 3982 τὴν
1641 3909 1802 3979 ἁγίαν
1855 3910 1948 3963 τοῦ
1989 3911 2106 3965 Πὰο

457 4041 460 4044 ι
527 4017 632 4070 σχα
677 3999 892 4072 ἡμέραν
925 3998 1031 4070 πρὸ
1061 4001 1160 4071 τῆς
1195 4001 1418 4072 ἐαρινῆς
1449 4003 1740 4074 ἰσημερίας
1785 4003 1925 4074 μετὰ
1974 4004 2106 4056 'lou-

523 4089 690 4143 δαίων
714 4089 1022 4163 ἐπιτελέσῃ,
1055 4090 1444 4164 καθαιρείσθω.
1480 4091 1654 4159 Quem
1682 4093 1749 4147 ad
1783 4093 1964 4148 locum
1999 4109 2104 4148 nu-

525 4190 680 4248 gatur
705 4179 992 4236 Balsamon
1021 4199 1183 4238 :cum
1209 4193 1368 4254 negat
1389 4184 1610 4256 ἐαρινὴν
1639 4184 1929 4256 ἰσημερίαν
1955 4193 2106 4240 certo

525 4273 911 4328 die-committi
931 4313 946 4340 ,
975 4273 1088 4327 ἀλλ’
1117 4276 1207 4328 ὅτε
1231 4275 1368 4348 τύχῃ
1399 4291 1464 4331 ex
1501 4277 1636 4332 satis
1665 4277 1914 4346 lunaique
1943 4291 2104 4332 revo-

525 4359 847 4424 lutionibus,
879 4362 1022 4430 quod
1070 4370 1152 4416 est
1175 4363 1404 4432 puerile.
1455 4363 1534 4416 Ad
1565 4363 1680 4418 haec
1706 4363 2106 4419 Constantinus

525 4450 578 4504 in
611 4451 836 4520 epistola
857 4491 871 4517 ,
905 4467 1068 4520 quam
1107 4452 1174 4506 ad
1203 4451 1475 4508 Ecclesias
1507 4465 1631 4522 post
1661 4451 1942 4509 Nicanum
1969 4469 2100 4510 con-

2217 3260 2292 3316 De
2332 3263 2518 3331 quibus
2565 3263 2958 3316 iutercalantur
3002 3265 3143 3334 pieui
3191 3281 3396 3320 menses
3427 3283 3480 3332 γ,
3526 3275 3758 3320 remanent

2213 3353 2324 3408 dies
2355 3355 2408 3418 7,
2441 3355 2526 3408 12.
2555 3353 2680 3408 Jam
2703 3355 2736 3409 8
2763 3355 2906 3410 [torre
2932 3359 3288 3426 quaterdecies
3319 3361 3644 3412 constituunt
3669 3359 3760 3411 dies

2213 3447 2268 3509 4,
2299 3447 2386 3500 16.
2424 3445 2555 3512 Qute
2582 3464 2790 3502 summa
2823 3449 2889 3502 de
2917 3449 3100 3504 diebus
3137 3449 3189 3512 7.
3223 3449 3311 3518 12,
3344 3452 3586 3506 detracta
3625 3451 3760 3505 relin-

2213 3537 2324 3607 quit
2353 3537 2706 3606 diﬂ‘erentiam
2736 3555 2867 3593 certe
2893 3541 3321 3604 tessaradecaet.,
3345 3551 3402 3596 et
3425 3541 3577 3612 falsa:
3601 3543 3698 3595 dies
3717 3539 3759 3604 2,

2219 3629 2303 3682 1‘2.
2353 3627 2476 3684 llaec
2507 3628 2766 3700 Scaliger.
2807 3629 2862 3684 In
2894 3647 3002 3700 qua
3037 3631 3254 3701 quidem
3283 3631 3576 3703 Epiphanii
3607 3649 3760 3703 repre-

2215 3718 2479 3774 hensione
2521 3733 2792 3773 summam
2853 3718 3070 3790 praefert
3111 3721 3458 3777 obtrectandi
3515 3721 3758 3776 libidinem

2213 3827 2338 3866 cum
2377 3811 2492 3880 pari
2523 3811 2604 3864 vel
2641 3810 2882 3878 inscitia,
2915 3812 2998 3866 vel
3045 3811 3347 3884 ἀπροσεξεᾳ
3389 3813 3717 3883 conjunctam
3747 3829 3758 3863 :

2215 3917 2339 3958 nam
2383 3904 2732 3958 ctimmerito
2777 3901 3142 3972 Epipltanium
3203 3915 3468 3972 accnsat;
3506 3905 3594 3976 qui
3622 3918 3758 3974 quam

2213 4009 2241 4048 a
2282 3993 2483 4050 Inda-is
2532 4003 2756 4050 noverat
2805 3995 3085 4050 observari
3138 4005 3452 4067 temporum
3502 3999 3757 4058 rationem,

2213 4102 2332 4142 eam
2359 4087 2768 4141 commentariis
2817 4088 2932 4142 suis
2959 4087 3231 4157 exposuit.
3272 4086 3328 4142 In
3359 4105 3474 4158 quo
3503 4088 3629 4143 nihil
3669 4087 3760 4156 ipse

2214 4185 2421 4246 peccat.
2455 4173 2640 4246 Neque
2681 4191 2810 4232 vero
2843 4178 3054 4248 cyclum
3101 4177 3248 4233 hunc
3271 4219 3286 4244 ,
3355 4187 3416 4232 ut
3449 4179 3662 4246 probum
3707 4191 3758 4230 ac

2215 4266 2548 4338 legitimum,
2583 4269 2855 4334 ohlrusit,
2899 4267 3042 4338 quod
3107 4269 3480 4326 calumniatur
3527 4269 3755 4339 Scaliger.

2215 4357 2328 4411 lmo
2353 4371 2384 4412 e
2405 4360 2682 4412 contrario
2729 4361 2988 4415 vitiosum
3023 4361 3196 4417 fuisse
3229 4379 3336 4417 non
3367 4363 3600 4420 obscure
3623 4360 3759 4434 signi-

2215 4449 2362 4515 ﬁcat,
2387 4463 2514 4504 cum
2541 4449 2706 4505 biduo
2754 4465 2784 4505 a
2823 4452 3480 4514 emiestibusmcomeniis
3508 4455 3758 4508 aberrasse

525 4535 710 4588 cilium
757 4538 996 4606 scripsit,
1039 4539 1180 4607 apud
1236 4537 1433 4594 Euseb.
1461 4539 1498 4596 l.
1554 4555 1612 4594 ιιι
1663 4539 1737 4595 De
1767 4543 1874 4596 vita
1897 4539 2103 4606 Coust.,
2141 4555 2187 4612 ι)
2215 4541 2394 4605 docet,
2423 4549 2482 4593 ut
2508 4541 2727 4596 abunde
2757 4543 3094 4598 declaratum
3133 4553 3236 4599 cst.

525 4621 742 4677 ludat-os
775 4625 962 4678 eodem
987 4642 1130 4680 anno
1157 4626 1353 4696 duplex
1385 4625 1593 4682 Pascha
1617 4628 1912 4683 celebrare.
1945 4627 2100 4694 Quod

529 4711 782 4764 vidrlicet
805 4713 958 4782 cyclo
985 4729 1076 4766 ιιι
1102 4723 1156 4766 ct
1182 4728 1272 4766 vm
1299 4711 1534 4769 Nicaanis
1559 4723 1684 4768 ante
1713 4715 2102 4783 aequinoctium

529 4800 739 4858 Pascha
770 4802 984 4857 illorum
1017 4801 1296 4857 incideret.
1333 4803 1488 4871 Quod
1511 4813 1566 4859 et
1591 4805 1682 4858 alii
1715 4805 1962 4875 plerique
1993 4816 2102 4860 tam

527 4895 900 4950 Occidentales
941 4909 1104 4963 quam
1133 4894 1435 4950 Orientales
1467 4897 1661 4950 imitati
1693 4897 1932 4950 citimam
1973 4913 2104 4952 neo-

526 4989 762 5044 tutmiam
795 4987 971 5042 Martii
1005 5007 1033 5042 v
1064 4991 1321 5050 ﬁxerunt,
1353 5005 1444 5043 xrv
1477 5003 1605 5042 vero
1637 4987 1814 5044 Martii
1851 5005 2005 5056 sum,
2045 4999 2104 5045 ut

525 5091 710 5150 postea
741 5080 972 5136 dicetur.
1003 5081 1266 5150 Equidem
1299 5080 1503 5137 Judaeis
1549 5097 1654 5136 non
1685 5082 1926 5138 arbitror
1953 5095 2102 5138 certo

521 5173 752 5228 consilio
799 5175 1113 5243 :equinoctii
1157 5173 1301 5228 diem
1329 5211 1345 5236 ,
1389 5189 1550 5244 quem
1595 5188 1662 5228 ex
1715 5176 2104 5230 astronomicis

521 5266 724 5321 tabulis
753 5267 1082 5337 investigare
1115 5279 1366 5337 possent,
1395 5275 1504 5322 tam
1533 5268 1821 5339 insigniter
1851 5279 2104 5327 antever-

520 5360 656 5414 tissc
675 5399 690 5424 ,
719 5361 812 5414 sed
859 5359 1298 5430 imprudentibus
1323 5375 1388 5414 ex
1425 5363 1670 5432 corrupti
1701 5363 1938 5432 alicujus
1963 5364 2100 5436 cycli

523 5451 780 5506 methodo
815 5453 1071 5519 paulatim
1092 5453 1283 5508 vitium
1315 5453 1458 5508 istud
1481 5453 1746 5509 oblatum.
1771 5454 2122 5526 Cujusmodi

529 5543 812 5597 Inelltodtls
867 5560 919 5596 ιη
991 5547 1278 5614 superiore
1339 5547 1598 5602 laterculo
1651 5547 1788 5602 satis
1837 5557 2099 5617 apparet;

524 5645 650 5683 nam
677 5635 884 5687 exactis
931 5651 1132 5688 Lxxxrv
1171 5639 1329 5692 annis
1359 5639 1643 5694 ncomenia
1672 5637 1998 5709 Nisan,qnat
2033 5641 2100 5695 ab

521 5713 722 5778 Aprilis
753 5731 806 5768 νι
843 5729 1113 5785 coeperat,
1155 5725 1207 5775 in
1263 5723 1435 5778 Martii
1481 5742 1512 5780 v
1573 5727 1858 5795 reperitur.
1892 5725 2103 5792 Quam-

525 5803 712 5856 obrem
757 5809 1002 5864 accidere
1046 5813 1175 5866 illud
1230 5817 1436 5883 potuit,
1483 5829 1540 5872 ut
1579 5835 1699 5872 eum
1747 5829 1863 5889 post
1924 5837 2098 5878 annos

2279 4631 2396 4685 Jam
2431 4633 2560 4686 illud
2592 4633 2842 4698 inscititc,
2883 4645 2937 4690 et
2977 4637 3197 4706 quidem
3255 4639 3483 4692 minime
3529 4635 3755 4706 vulgaris,

2205 4723 2349 4790 quod
2381 4722 2741 4793 Epiphaniam
2799 4743 2866 4781 ne
2921 4727 3184 4783 intellexit
3226 4729 3470 4800 quidem.
3521 4727 3643 4795 Quae
3689 4731 3758 4779 est

2205 4817 2349 4866 enim
2403 4815 2504 4869 ista
2541 4816 2936 4884 reprehensio:
2991 4835 3099 4873 non
3149 4835 3312 4890 pOSse
3343 4835 3408 4875 ex
3463 4821 3608 4874 horis
3635 4827 3752 4876 octo,

2207 4921 2328 4975 qua:
2354 4921 2518 4976 supra
2567 4907 2672 4963 554
2715 4910 2828 4965 dies
2865 4911 3092 4982 singulis
3123 4913 3285 4968 annis
3313 4919 3682 4975 accensentur,
3710 4906 3753 4960 in

2209 5005 2320 5053 tres
2367 5013 2540 5054 annos
2595 5000 2738 5054 diem
2785 5003 3001 5071 conﬁci,
3051 5021 3174 5059 cum
3227 5004 3606 5076 relinquantur
3655 5009 3758 5073 post

2208 5089 2500 5144 triennium
2534 5091 2652 5146 dies
2674 5093 2728 5158 ἓ,
2767 5093 2888 5149 hor.
2927 5095 3034 5150 182
3059 5095 3141 5149 Αιι
3169 5105 3295 5151 octo
3321 5106 3402 5152 ter
3431 5095 3755 5166 multiplicata

2206 5179 2278 5233 24
2311 5196 2418 5235 non
2449 5181 2731 5238 eﬂiciunt?
2763 5186 2930 5255 Atqui
2967 5186 3072 5242 hoc
3115 5191 3294 5243 solum
3343 5190 3516 5244 voluit
3549 5186 3756 5256 Epipha-

2207 5271 2368 5327 nius:
2413 5274 2584 5329 tribus
2623 5276 2784 5330 annis
2810 5277 3096 5333 lunaribus
3125 5278 3268 5334 diem
3315 5289 3633 5350 competere.
3667 5272 3754 5328 Sed

2209 5363 2344 5418 mira
2367 5365 2482 5422 haec
2505 5367 2859 5424 hallucinatio
2881 5370 3143 5444 Scaligeri
3171 5391 3185 5442 ;
3215 5374 3360 5444 quod
3391 5373 3672 5429 triennium
3695 5367 3754 5420 lu-

2209 5469 2340 5509 nare
2369 5472 2492 5510 cum
2525 5455 2744 5514 Iuliano
2789 5463 3100 5531 comparari
3130 5463 3380 5518 credidit.
3421 5461 3554 5517 Nam
3599 5459 3753 5514 triete-

2209 5546 2287 5600 ris
2311 5543 2527 5602 Juliana
2573 5549 2693 5604 dies
2725 5550 2886 5607 habet
2919 5553 3075 5618 1095,
3109 5555 3196 5620 18,
3247 5556 3464 5611 lunares
3491 5553 3614 5610 anni
3659 5561 3752 5604 tres

2208 5639 2502 5708 simplices,
2531 5641 2689 5706 1062,
2718 5643 2920 5700 additis
2951 5656 3030 5700 ter
3059 5657 3183 5702 octo
3215 5648 3366 5703 horis
3387 5689 3401 5711 ,
3441 5657 3496 5702 et
3547 5646 3754 5700 interca-

2209 5729 2306 5783 lari
2341 5730 2505 5800 pleno
2539 5747 2752 5799 mense,
2780 5735 2920 5790 ﬁunt
2947 5737 3106 5802 1095,
3152 5741 3244 5808 qui
3275 5739 3576 5796 deJuliano
3601 5735 3751 5791 trien—

2209 5824 2298 5878 nio
2325 5823 2577 5890 detracti,
2611 5827 2926 5900 relinquunt
2953 5833 3070 5889 dies
3101 5833 3155 5904 9.,
3183 5833 3268 5889 18.
3309 5833 3408 5890 Sed
3437 5833 3538 5890 hoc
3564 5829 3624 5886 ad
3641 5825 3748 5897 Ερίο
