3994 6222
290 415 360 469 73
1174 414 1263 472 DE
1299 414 1485 472 ANNO
1523 416 1608 472 ET
1652 417 1759 474 DIE
1797 418 2148 477 DOMINICE
2187 421 2566 478 PASSIONIS.

3391 414 3495 469 974

254 523 445 595 phanii
470 531 745 589 mentem,
791 535 845 581 et
879 524 1193 581 institutum
1239 527 1374 581 nihil
1402 528 1635 596 pertinet
1664 544 1676 579 :
1720 544 1827 582 non
1860 537 1903 590 Α
1932 534 2094 602 Atqui
2125 534 2422 588 neomenize
2453 532 2656 588 Christi
2686 541 2930 600 tempore
2967 529 3175 584 tardius
3205 529 3491 601 continge-

254 618 403 671 enim
457 615 593 670 duas
626 615 767 669 inter
819 630 879 669 se
916 616 1220 670 trieterides
1277 626 1583 685 comparat;
1625 617 1718 671 sed
1763 618 1829 671 de

256 707 435 761 lunari
468 708 733 761 duntaxat
776 706 1012 761 triennio
1044 707 1307 775 loquitur.
1371 706 1573 760 Caetera
1605 723 1727 777 qua:
1763 707 1829 761 de

255 799 390 854 solis
419 799 658 867 ὑπεροχῇ
678 797 921 866 quinque
953 796 1065 851 fere
1086 797 1295 851 dierum
1327 797 1532 866 objicit,
1557 812 1678 865 quas
1696 812 1829 865 prae-

255 892 427 944 cisam
489 890 751 942 rationem
818 897 872 942 et
919 888 1364 942 ἀπηκατὰστασιν
1417 889 1826 943 neomeniarum

255 982 617 1050 prohibeant,
662 979 820 1033 facile
855 995 922 1033 ex
964 979 1031 1031 iis
1066 993 1187 1046 qua:
1244 987 1401 1031 antea
1435 976 1823 1039 disseruimus,

258 1082 489 1143 possunt
533 1071 725 1127 refelli.
766 1069 883 1124 Non
918 1071 1063 1125 enim
1100 1069 1311 1139 cyclum
1353 1070 1621 1123 duntaxat
1658 1084 1829 1121 anno-

255 1181 376 1217 rum
422 1163 807 1231 “usurpasse
842 1160 1061 1217 Iudaeos
1110 1170 1296 1215 censet
1334 1158 1708 1229 Epiphanius;
1734 1167 1830 1212 aut

254 1258 309 1310 in
339 1272 405 1311 eo
454 1256 735 1325 praecisum
789 1256 1075 1324 utriusque
1132 1253 1327 1308 sideris
1384 1253 1826 1306 conciliationem

252 1349 369 1401 fieri
395 1366 408 1413 ;
439 1348 533 1402 sed
586 1347 637 1400 id
667 1347 734 1400 84
768 1347 986 1400 demum
1022 1347 1182 1400 annis
1217 1346 1447 1399 evolutis
1486 1345 1719 1399 obtineri
1760 1359 1826 1396 ex

252 1440 567 1495 Judtcorutn
602 1440 859 1508 opinione
907 1440 1114 1494 docuit.
1164 1441 1232 1493 At
1288 1440 1344 1492 in
1373 1436 1828 1492 tessaradecaetc—

253 1534 391 1599 ride,
425 1533 701 1586 lunarium
744 1532 1005 1586 .luntaxat
1049 1532 1393 1602 syzygiarutn
1445 1527 1828 1583 ἀποκατάστα-

254 1642 340 1678 σιν
394 1623 793 1694 repraaseutari,
856 1625 1145 1678 reservatis
1202 1622 1393 1676 diebus
1430 1638 1483 1684 v,
1533 1636 1656 1689 quae
1701 1626 1831 1672 sunt

251 1702 459 1782 epactae
478 1714 721 1774 lunares,
745 1713 797 1766 itt
834 1728 1035 1767 annum
1072 1712 1141 1766 84
1167 1721 1482 1774 exeuntem,
1521 1711 1603 1763 vel
1636 1711 1827 1762 ineun-

252 1814 360 1859 tem
398 1804 488 1858 85.
524 1806 654 1869 Qua
682 1804 866 1857 omnia
898 1804 1232 1873 perpendere
1264 1803 1384 1869 ejus
1416 1804 1695 1861 intererat,
1733 1798 1827 1868 qui

1932 626 2103 681 bant:
2143 637 2268 695 puta
2293 626 2629 679 novilunium
2677 624 2829 694 cyclo
2863 638 2982 685 xui,
3008 623 3288 677 accidebat
3315 622 3493 676 Martii

1929 730 2029 778 xu,
2085 716 2268 785 plenil.
2321 731 2444 769 xxv.
2488 713 2621 768 Nam
2665 712 2882 767 Juliano
2916 714 3033 782 ipso
3079 712 3167 777 76,
3206 722 3262 767 ut
3294 712 3496 767 Paulus

1929 806 2274 877 Forosempr.
2302 809 2576 872 observat,
2608 806 2961 860 commissum
2998 805 3157 858 estin
3191 804 3495 859 meridiano

1930 897 2419 969 Hierosolymitano
2446 897 2621 951 Martii
2642 912 2716 961 χι,
2748 896 2813 950 l9
2840 897 2941 959 51',
2975 893 3089 959 li",
3114 896 3216 949 hoc
3241 904 3323 949 cst
3350 895 3494 949 Mar-

1927 989 1987 1043 tii
2019 1004 2129 1054 xu;
2170 988 2526 1057 plenilunium
2564 986 2739 1041 Martii
2777 1003 2927 1052 xxvi,
2964 986 3047 1049 14,
3086 986 3188 1049 ιδ’,
3233 986 3362 1048 id",
3393 986 3498 1039 hoc

1928 1089 2013 1135 est
2032 1080 2209 1134 Martii
2240 1097 2410 1134 xxvu.
2449 1080 2549 1134 Sed
2577 1080 2791 1148 pulitiee
2814 1078 2989 1132 Martii
3018 1094 3167 1141 xxvi,
3218 1078 3343 1148 quia
3372 1094 3498 1132 neo-

1931 1170 2109 1223 tncuia
2134 1168 2309 1222 Martii
2346 1186 2438 1222 xu.
2479 1168 2676 1223 Verum
2708 1170 3068 1239 προηγήσεως
3115 1167 3322 1220 lunaris
3352 1167 3497 1219 nulla

1929 1268 2043 1313 tum
2090 1259 2321 1323 mentio;
2360 1274 2528 1327 quare
2578 1274 2683 1313 non
2734 1259 3076 1321 dubitabant,
3127 1257 3260 1327 quin
3295 1256 3498 1311 Christi

1931 1358 2171 1418 tempore
2201 1390 2216 1413 ,
2252 1351 2500 1402 eumdem
2552 1350 2701 1402 illum
2734 1349 2898 1403 situm
2945 1349 3297 1414 habuissent,
3348 1349 3498 1419 quia

1928 1440 2147 1494 Nicmuo
2177 1440 2410 1493 concilio
2435 1442 2764 1496 constitutus
2796 1441 2990 1496 fuerat.
3032 1440 3146 1496 lloc
3179 1441 3342 1511 igitur
3370 1440 3498 1509 Epi-

1930 1534 2187 1601 phanium
2244 1529 2455 1595 fefellit;
2488 1531 2635 1600 quod
2674 1540 2728 1584 et
2755 1530 3057 1601 plenilunii,
3092 1542 3145 1585 et
3187 1530 3496 1599 aequinoctii

1928 1622 2014 1675 die
2036 1619 2239 1674 Ch’risti
2282 1620 2735 1674 resurrectionem
2776 1620 3041 1675 accidisse
3075 1621 3339 1674 crederet.
3380 1618 3495 1684 Qua

1930 1711 2323 1781 προλήψειίιιιιι
2357 1711 2619 1775 imbutus,
2653 1711 2894 1764 animum
2929 1711 3126 1779 adjecit
3152 1710 3217 1763 ad
3256 1711 3499 1779 aequino-

1929 1804 2021 1858 ctii
2046 1804 2185 1857 diem
2218 1821 2230 1856 :
2260 1801 2405 1872 quod
2433 1818 2555 1855 cum
2585 1812 2790 1857 veteres
2817 1817 3029 1865 omnes,
3057 1802 3150 1871 qtti
3179 1799 3497 1855 Diocletiani

254 1902 352 1948 aut
384 1892 609 1948 alterius
648 1908 886 1947 errorem
918 1908 1149 1962 arguere
1180 1892 1338 1946 vellet
1364 1931 1378 1953 ,
1425 1900 1519 1945 aut
1546 1890 1826 1946 cxistima-
1858 1885 1898 1939 B
1928 1908 2090 1946 ret-am
2114 1892 2332 1961 paulum
2360 1901 2787 1958 antecesserant,
2820 1902 2875 1945 ct
2907 1892 3192 1945 Anatolius
3216 1892 3269 1945 in
3307 1890 3499 1960 primis

253 1986 388 2041 tioui
416 2001 528 2041 sum
553 1987 859 2041 consulere.

350 2119 668 2189 Explicatur
692 2136 719 2175 ε
749 2120 1107 2189 superioribus
1144 2117 1430 2187 Epiphanii
1461 2116 1723 2169 doctrina.

327 2253 601 2308 Hactenus
651 2249 962 2306 Judarorum
1021 2249 1335 2305 reconditus
1394 2249 1483 2302 ille
1527 2247 1713 2317 cyclus
1763 2261 1829 2299 ex

252 2344 545 2416 Epiphauii
596 2344 864 2399 sententia
918 2342 1228 2398 declaratus
1289 2349 1391 2406 est,
1444 2340 1536 2394 sed
1590 2338 1828 2393 nondum

253 2456 422 2510 opera
448 2438 598 2493 omni
652 2436 894 2492 defuncti
920 2450 1132 2490 sumus.
1166 2432 1469 2487 Plurimum
1502 2429 1645 2485 enim
1677 2430 1743 2484 iis
1776 2429 1828 2482 in

253 2533 456 2598 verbis,
483 2532 575 2601 qui
611 2530 745 2601 cycli
793 2529 1192 2584 enarrationem
1225 2524 1587 2587 antecedunt,
1632 2524 1831 2576 obscu-

255 2627 454 2688 ritatis,
483 2639 547 2678 ac
576 2622 836 2678 molestia:
856 2628 1122 2690 superest,
1152 2632 1270 2689 qua:
1305 2615 1641 2683 diligentiam
1672 2630 1702 2667 a
1731 2628 1830 2667 no-

252 2718 363 2781 bis,
392 2715 703 2786 patientiam
729 2729 757 2767 a
789 2714 991 2767 lectore
1025 2717 1356 2764 mereantur.
1384 2705 1490 2761 Sed
1523 2721 1586 2760 ea
1612 2719 1831 2776 quoque

252 2810 500 2881 ejusdem
535 2805 834 2862 doctissimi
859 2801 1227 2858 mathematici
1243 2798 1506 2856 beneﬂcio
1536 2797 1828 2861 illustrata,

252 2901 633 2970 eXplicataque
661 2906 787 2952 sunt
823 2910 838 2948 :
876 2895 1035 2963 cujus
1059 2892 1278 2963 quidem
1315 2890 1382 2945 de
1413 2890 1518 2944 hoc
1553 2889 1673 2943 loco
1698 2902 1833 2942 con-

248 2992 520 3062 jecturam
571 2988 834 3043 nonnulla
865 2994 1050 3041 nostra
1077 2982 1391 3040 accessione
1440 2981 1829 3050 locupletatam

255 3082 446 3154 paucis
480 3081 740 3150 aperiam.

325 3173 738 3241 {Equinoctium
769 3185 993 3225 Veritum
1023 3167 1260 3223 medium
1286 3164 1415 3221 Julii
1445 3165 1675 3220 Caesaris
1714 3178 1830 3218 εει-ο

255 3268 310 3322 iit
341 3267 412 3321 ‘25
439 3265 615 3318 Martii
652 3261 1010 3317 conveniebat
1036 3276 1047 3311 :
1091 3274 1201 3330 quo
1223 3257 1310 3311 die
1341 3256 1619 3311 Christum
1646 3269 1831 3309 resur-

256 3357 488 3420 rexisse,
516 3352 806 3409 concilium
830 3348 1165 3405 Cwsariense
1196 3346 1298 3400 sub
1324 3344 1545 3398 Victore
1573 3340 1831 3411 pontifice

257 3448 588 3502 celebratum
644 3458 789 3497 anno
844 3439 1045 3496 Christi
1088 3436 1188 3492 198
1237 3436 1601 3491 decreverat:
1672 3431 1831 3500 cujus

259 3540 625 3612 fragmentum
649 3537 790 3606 apud
827 3534 1045 3597 Bedam,
1073 3533 1170 3587 lib.
1195 3532 1267 3585 De
1289 3532 1482 3600 wquin.
1516 3541 1684 3582 verno
1706 3567 1719 3585 .
1752 3526 1834 3580 sic

256 3652 317 3690 se
356 3635 546 3687 habet:
581 3630 783 3685 Passus
810 3644 1031 3697 namque
1069 3626 1323 3680 Dominus
1347 3624 1410 3677 ab
1440 3617 1823 3685 xtKarl.Apr..

255 3745 363 3799 qua
395 3735 541 3779 nocte
569 3741 600 3777 a
638 3720 844 3776 Iudaeis
877 3719 1102 3772 traditus
1136 3726 1213 3771 est
1237 3758 1252 3782 ,
1291 3728 1340 3769 et
1383 3731 1415 3767 α
1445 3727 1522 3767 vtt
1558 3710 1692 3781 (sed
1736 3722 1829 3760 vttt

255 3798 702 3877 rescribendum,
746 3810 1023 3881 quomodo
1076 3807 1127 3861 in
1182 3804 1566 3875 antiquissimo
1614 3803 1673 3852 Ρ.
1716 3798 1835 3852 Sir—

259 3908 448 3965 ntoudi
481 3906 667 3962 codice
700 3904 1021 3972 reperimus.
1049 3900 1104 3952 lu
1131 3914 1239 3967 quo
1265 3906 1522 3966 praeterea
1565 3893 1694 3947 illud
1732 3891 1832 3943 oh-

257 4002 635 4059 servavitnus:
679 3997 1041 4067 fragmentum
1088 3994 1243 4057 illud,
1296 3992 1439 4062 quod
1467 3990 1533 4044 ad
1582 3988 1738 4042 Beda:
1769 3988 1834 4039 li-

256 4096 462 4150 bellum
494 4092 559 4145 de
590 4089 919 4161 aequinoctio
957 4096 1267 4140 attexurum
1300 4093 1404 4148 est,
1450 4097 1573 4137 eum
1613 4081 1715 4141 hac
1748 4081 1834 4133 in-

257 4188 560 4257 scriptione
604 4198 617 4234 :
682 4182 757 4236 De
804 4179 1137 4235 ordinatione
1179 4177 1435 4246 feriarum
1501 4170 1834 4242 paschalium

256 4295 352 4348 per
388 4272 763 4341 Theophilum;
813 4268 1039 4324 alterius
1084 4266 1323 4321 auctoris
1381 4261 1543 4316 titulo
1587 4268 1832 4314 notatum

256 4383 422 4423 esse:
474 4363 732 4417 nimirum
776 4362 920 4415 isto:
960 4358 1154 4426 Incipit
1197 4353 1419 4425 epistola
1481 4351 1720 4419 Philippi
1770 4351 1835 4403 de

232 4458 493 4525 ,Pascha)
540 4454 672 4509 Kal.
748 4452 1054 4507 resurrexit.
1096 4447 1367 4513 Quomodo
1416 4461 1537 4515 ergo
1586 4453 1688 4498 tres
1722 4443 1833 4497 dies

1930 1985 1982 2038 in
2014 1999 2121 2037 xxtt
2174 1982 2352 2037 Martii
2388 1983 2890 2051 deprehendissent,
2949 1982 3168 2037 tametsi
3218 1980 3499 2036 Niemnum

1931 2083 2116 2143 postea
2145 2089 2236 2128 xxt
2266 2074 2407 2128 diem
2435 2073 2755 2143 pratlixisset
2778 2114 2791 2139 ,
2821 2073 3180 2128 nihilominus
3219 2072 3501 2127 existima-

1928 2166 2007 2219 vit
2038 2166 2315 2220 Christum
2352 2165 2530 2220 Martii
2589 2182 2698 2219 xxu
2736 2166 3141 2230 resurrexissc;
3183 2173 3237 2220 et
3280 2166 3500 2235 quidem

1928 2256 2398 2325 pleuilunio,quod
2454 2256 2684 2325 ipsemet
2734 2256 2936 2310 diserte
2966 2256 3260 2324 significat,
3292 2270 3417 2309 cum
3447 2254 3500 2308 in

1930 2363 1983 2401 ιι
2009 2345 2126 2402 Kal.
2162 2349 2292 2417 Apr.
2321 2346 2678 2417 plenilunium
2730 2362 2854 2400 cum
2894 2348 3221 2416 acquinoctio
3267 2347 3497 2402 confert.

1929 2439 2115 2510 Neque
2143 2456 2271 2495 vero
2320 2440 2519 2495 mirum
2548 2448 2633 2496 est
2661 2441 2727 2495 de
2761 2440 3074 2509 requinoCIii
3112 2440 3502 2510 anticipatione

1930 2534 2065 2587 nihil
2089 2532 2392 2603 Epiphanio
2416 2544 2528 2587 tum
2563 2533 2615 2585 in
2647 2541 2878 2586 mentem
2903 2534 3151 2599 veniSse;
3181 2547 3305 2587 cum
3329 2547 3502 2601 neque

1931 2626 2138 2694 aliquot
2164 2634 2350 2694 postea
2368 2624 2582 2680 saeculis
2604 2635 2983 2694 computorum
3006 2623 3500 2679 ecclesiasticorum

1931 2734 2039 2774 non
2065 2719 2329 2788 ignobiles
2355 2718 2649 2787 scriptores
2683 2718 2980 2787 quidquam
3016 2717 3282 2786 ejusmodi
3316 2717 3501 2787 suspi-

1931 2808 2044 2862 cari
2066 2808 2358 2877 potuerint.
2390 2806 2459 2861 Ut
2492 2808 2544 2861 in
2585 2807 2774 2876 primis
2803 2805 2945 2861 Beda
2979 2822 2994 2861 :
3022 2806 3178 2877 cujus
3220 2814 3415 2861 aestum
3440 2822 3503 2860 ac

1932 2897 2351 2955 sollicitudinem
2398 2914 2523 2952 cum
2576 2898 2697 2952 aliis
2732 2897 2785 2950 in
2814 2897 2968 2962 locis,
3008 2907 3122 2951 tum
3161 2896 3212 2950 in
3265 2912 3385 2966 cap.
3432 2897 3504 2950 45

1930 2990 2050 3044 libri
2090 2988 2167 3042 De
2195 2998 2389 3041 natura
2422 3004 2617 3055 rerum,
2649 2988 3026 3057 intelligimus.
3052 2986 3195 3052 Quin
3226 2995 3280 3041 et
3313 2993 3501 3040 nostra

1930 3082 2093 3137 etiam
2128 3090 2285 3136 aetate
2328 3081 2648 3151 chronologi
2702 3080 2924 3151 quidam
2975 3094 3082 3133 non
3124 3077 3499 3132 animadversa

1930 3174 2377 3245 azquinoctiorum
2405 3174 2731 3245 προηγήσει,
2749 3188 2873 3228 cum
2897 3172 3209 3242 aequinoctii
3234 3170 3387 3225 verni
3414 3170 3502 3224 die

1931 3266 2211 3321 conditum
2236 3265 2551 3320 universum
2575 3273 2851 3327 censeant,
2881 3263 3058 3318 Martii
3088 3279 3175 3317 χχι
3213 3262 3498 3316 definiunt.

1934 3355 2258 3411 Simillitnus
2290 3356 2453 3423 igitur
2477 3354 2766 3425 Epiphanii
2791 3354 2960 3409 fuisse
2980 3354 3185 3407 videtur
3226 3368 3374 3406 error
3392 3397 3406 3422 ,
3426 3366 3501 3420 ιιι,

1933 3464 2056 3504 cum
2088 3450 2415 3520 :equinoctio
2450 3449 2570 3518 ipso
2599 3463 2662 3502 ac
2687 3447 2987 3517 plenilunio
3008 3445 3377 3499 resurrexisse
3403 3444 3505 3498 Do-

1934 3543 2140 3595 minum
2176 3551 2421 3613 putaret,
2452 3557 2563 3595 χχιι
2589 3540 2640 3595 id
2666 3539 2845 3594 Martii
2875 3538 3171 3608 contigisse
3203 3537 3501 3607 scripserit.

1934 3628 2001 3683 Et
2030 3631 2288 3698 quoniam
2318 3628 2605 3685 Judaicum
2639 3630 2853 3701 cyclum
2885 3627 3052 3683 biduo
3092 3629 3340 3683 caelestes
3370 3642 3503 3682 neo-

1933 3719 2144 3774 menias
2168 3734 2560 3787 nonnunquam
2580 3728 2916 3773 antevertere
2932 3717 3166 3783 videbat,
3198 3716 3361 3785 idque
3384 3716 3504 3785 ipso

1934 3811 2203 3880 passionis
2258 3825 2399 3866 anno
2428 3809 2628 3864 factum
2649 3849 2664 3875 ,
2706 3809 2897 3863 vitium
2947 3807 3099 3872 illud,
3132 3822 3196 3861 ac
3227 3807 3504 3877 popularis

1934 3899 2242 3955 Neomeniat
2268 3900 2717 3955 retrocessioncm
2758 3914 2881 3954 cum
2935 3898 3028 3952 illo
3072 3898 3190 3967 ipso
3216 3896 3303 3951 die
3328 3895 3503 3951 Martii

1936 4009 2047 4046 xxtt
2078 3993 2328 4047 contulit.
2368 3991 2505 4046 Cum
2540 3991 2702 4061 igitur
2732 3990 2861 4044 luna
2890 4006 2959 4044 xv
3002 3989 3055 4043 in
3093 3986 3502 4058 aequinoctium,

1936 4083 2040 4138 hoc
2076 4093 2180 4148 est,
2211 4092 2269 4137 ut
2302 4082 2439 4137 falso
2491 4081 2741 4148 credidit,
2802 4077 2980 4136 Martii
3011 4096 3125 4135 xxtt
3176 4079 3502 4144 incurrerit,

1935 4189 2110 4244 eoque
2157 4175 2246 4230 die
2290 4174 2540 4229 Christus
2599 4174 2992 4237 resurrexcrit,
3042 4187 3259 4242 passum
3291 4182 3506 4241 oportet

1936 4260 2115 4315 Martii
2148 4261 2374 4323 xx,luna
2408 4278 2505 4316 χιιι
2556 4260 2770 4318 Nicaena
2794 4281 2807 4329 ;
2835 4263 2991 4333 legali
3023 4272 3203 4317 autem
3231 4278 3387 4317 caena
3413 4262 3505 4318 de-

1938 4353 2205 4420 functum,
2225 4368 2288 4408 ac
2316 4354 2767 4422 comprehensum
2792 4369 2880 4407 χιχ
2911 4353 3088 4408 Martii
3111 4353 3175 4407 ad
3201 4368 3503 4423 vesperam,

1937 4454 2169 4499 exeunte
2198 4445 2322 4499 luna
2353 4443 2569 4499 Nicaana
2604 4461 2703 4508 xu,
2736 4444 2954 4500 ineunte
3002 4461 3120 4499 xttt.
3155 4444 3319 4514 Atqui
3349 4460 3505 4499 creua

255 4550 653 4605 excluduntur?
710 4546 879 4615 Igitur
919 4559 986 4597 ex
1032 4540 1248 4597 concilii
1304 4538 1572 4593 sententia
1608 4575 1622 4601 ,
1674 4534 1834 4588 Chri-
1868 4562 1908 4615 ο
1938 4532 2209 4602 paschalis
2231 4532 2359 4586 luna
2382 4548 2471 4585 xtv
2491 4531 2557 4585 ad
2576 4547 2854 4599 vesperam
2879 4531 3115 4601 legitime
3138 4532 3197 4585 fit
3222 4550 3234 4586 :
3257 4532 3508 4587 Christus

257 4655 379 4700 stus
410 4656 605 4711 passus
630 4646 716 4693 est
745 4634 921 4689 Martii
953 4641 1191 4693 xxtu,et
1225 4646 1327 4683 xxv
1380 4627 1699 4683 resurrexit.
1726 4626 1830 4691 Qui

256 4741 377 4794 dies
398 4754 522 4793 cum
540 4735 774 4790 Caesaris
800 4742 1042 4800 tempore
1062 4725 1567 4796 aequinoctiiutedii,
1603 4738 1668 4777 ac
1694 4721 1832 4791 poli-

257 4832 351 4887 tici
387 4829 544 4883 sedes
570 4826 798 4885 fuisset,
828 4823 986 4891 vulgo
1010 4832 1332 4890 persuasum
1362 4823 1517 4877 erat,
1552 4813 1832 4868 Christum

254 4925 314 4979 in
353 4917 683 4988 aequinoctio
730 4912 1117 4969 resurrexisse.
1157 4906 1477 4963 Necessario
1530 4905 1618 4960 hic
1658 4920 1835 4958 annus

255 5027 382 5068 esse
406 5006 836 5065 debctJulianus
866 5005 958 5070 76,
994 5018 1115 5057 terte
1158 4999 1499 5069 Dionysianat
1530 4997 1590 5050 5|
1616 5038 1629 5061 ,
1683 4997 1836 5067 cyclo

258 5108 404 5159 luna!
438 5118 555 5164 xttt,
610 5099 741 5154 solis
786 5114 884 5157 xu,
918 5095 1091 5149 littera
1123 5092 1276 5146 Dom.
1323 5089 1386 5143 G.
1417 5089 1646 5144 Constat
1687 5086 1832 5139 enim

260 5196 543 5253 Christum
576 5191 709 5245 feria
735 5206 766 5243 v
790 5188 857 5241 ad
888 5200 1167 5256 vesperam
1189 5182 1644 5250 comprehensum
1672 5218 1687 5241 ,
1711 5193 1835 5247 pas-

258 5302 383 5343 sum
414 5300 489 5349 vr,
522 5292 577 5337 et
619 5281 899 5337 Dominica
941 5276 1323 5333 rcsurrexisse.
1376 5272 1447 5326 At
1501 5286 1681 5325 annus
1722 5270 1832 5332 ille,

258 5394 423 5447 quem
456 5376 591 5438 dixi,
620 5374 785 5428 ferias
828 5372 965 5425 istas
1005 5366 1282 5436 praefinitis
1316 5380 1346 5418 a
1372 5361 1606 5417 concilio
1643 5361 1835 5414 diebus

258 5472 499 5527 exhibet.
532 5468 627 5523 Est
650 5467 814 5536 igitur
835 5463 1085 5517 Julianus
1111 5459 1198 5522 76,
1226 5458 1444 5512 Tiberio
1474 5473 1506 5508 γ
1534 5464 1588 5509 et
1637 5452 1837 5522 Sejano

257 5578 428 5627 coss.,
456 5559 766 5632 cycloluntc
786 5571 902 5608 xtu.
933 5554 1197 5607 Caeterum
1223 5564 1346 5604 cum
1379 5547 1564 5617 cyclus
1586 5542 1837 5599 Niczenus

257 5670 357 5708 χιιι
388 5631 728 5706 novilunium
757 5643 1010 5714 paschale.
1038 5640 1393 5695 constitueret
1423 5634 1599 5689 Martii
1636 5649 1687 5686 xt
1720 5631 1847 5701 ple-.

259 5744 532 5799 uilunium
572 5755 699 5803 xxv,
728 5754 794 5791 ex
819 5733 1034 5791 concilii
1070 5730 1395 5786 auctoritate
1423 5726 1698 5797 plerisque
1722 5737 1838 5793 per-

255 5852 483 5893 suasum
510 5834 632 5897 fuit,
667 5832 941 5885 Christum
967 5824 1265 5899 plenilunio
1300 5825 1418 5895 ipso
1448 5820 1834 5878 resurrexisso.

1938 4640 2067 4679 vero
2098 4625 2336 4694 legitimo
2392 4625 2579 4693 utique
2630 4632 2873 4691 tempore
2905 4623 3216 4678 celebravit.
3272 4622 3509 4679 Proinde

1937 4734 2012 4772 xu
2045 4717 2261 4773 Nic-aena
2306 4716 2509 4773 ludatis
2535 4718 2587 4771 iu
2633 4718 2725 4772 illo
2757 4718 2954 4772 vitioso
2976 4718 3128 4789 cyclo
3152 4733 3242 4771 xrv
3269 4733 3389 4772 esse
3417 4718 3510 4771 dc—

1928 4810 2084 4879 .buit,
2131 4819 2185 4864 et
2243 4810 2526 4879 sequenti,
2573 4809 2676 4865 hoc
2709 4818 2791 4864 est
2837 4826 2902 4863 xx
2958 4808 3158 4874 Martii,
3199 4810 3326 4862 luna
3389 4823 3503 4861 xv:

1935 4901 2179 4969 adeoque
2200 4898 2486 4955 Neomenia
2522 4899 2743 4956 Judaica
2782 4900 2959 4956 Martii
3006 4917 3058 4953 γι
3107 4899 3381 4958 convenit,
3412 4895 3506 4948 Ni-

1937 5009 2083 5048 caena
2115 5009 2243 5047 vero
2266 5008 2382 5048 vttl.
2410 4991 2564 5047 Unde
2590 5007 2934 5063 consequens
2967 5002 3049 5047 est
3076 5008 3104 5046 a
3146 4990 3459 5045 cmlestibus
3490 5026 3504 5051 ,

1937 5098 2003 5146 ac
2053 5082 2283 5138 Nicazuis
2336 5082 2591 5137 Judaicas
2646 5082 2972 5138 Neomenias
3003 5083 3168 5137 biduo
3198 5081 3504 5135 deerrasse.

1936 5173 2037 5228 Per
2073 5175 2212 5228 idem
2243 5184 2456 5242 tempus
2481 5173 2649 5230 Judtei
2674 5184 2877 5231 certam
2914 5175 2986 5229 ob
3023 5188 3267 5234 causam,
3307 5172 3373 5225 dc
3398 5185 3506 5239 qua

1934 5266 2098 5334 paulo
2128 5278 2251 5335 post
2277 5277 2485 5336 agetur,
2511 5267 2719 5323 Pascha
2748 5270 2801 5323 in
2837 5274 3149 5335 sequentem
3190 5281 3220 5318 a
3268 5263 3507 5331 legitimo

1936 5362 2101 5424 diem,
2137 5362 2237 5417 hoc
2268 5373 2352 5418 est
2377 5364 2429 5417 in
2463 5363 2781 5428 Sabbatum,
2814 5349 2935 5415 'sirc
2983 5376 3073 5413 χχι
3112 5357 3287 5411 Martii
3326 5365 3508 5409 trans-

1936 5454 2201 5518 tulerunt,
2236 5470 2334 5509 nec
2360 5456 2546 5509 eodem
2572 5468 2683 5522 quo
2708 5454 2959 5508 Christus
3004 5449 3093 5504 die
3140 5449 3507 5504 celebrarunt.

1938 5544 2035 5599 llic
2055 5546 2199 5599 cnim
2225 5541 2337 5620 ὲν
2369 5547 2477 5599 ἔδει
2501 5546 2649 5598 Θύειν
2680 5544 2886 5616 ἡμέρᾳ,
2914 5543 3017 5596 hoc
3041 5549 3123 5597 est
3161 5557 3250 5594 xrv
3274 5540 3401 5592 luna
3427 5537 3508 5592 ei‘

1938 5638 2029 5692 vili
2061 5654 2125 5693 ac
2147 5638 2364 5708 politica
2395 5636 2709 5697 celebravit,
2742 5649 2850 5689 non
2878 5633 3065 5701 utique
3087 5629 3320 5695 cmlesti,
3344 5636 3506 5698 atque

1936 5745 2003 5784 ex
2048 5731 2251 5795 medio,
2304 5741 2357 5785 et
2390 5729 2760 5785 astronomico
2810 5726 3048 5782 siderant
3100 5721 3389 5779 ratiocinio
3412 5721 3505 5775 dc-

1936 5835 2206 5893 prompta,
2266 5824 2332 5879 dc
2379 5839 2484 5893 qua
2517 5821 2649 5875 nihil
2682 5838 2712 5875 a
2763 5819 3069 5890 lcgislatore
3103 5814 3498 5888 prrescriptum.
