3994 6222
497 420 607 475 975

1624 415 1969 470 APPENIIIX
2006 412 2636 472 DISSERTA'I'IONUM.

3644 417 3736 473 976

499 537 567 590 At
596 535 767 591 Judaei
803 548 867 586 xv
895 531 1023 585 luna
1054 536 1316 599 sequente
1341 545 1430 583 xvr
1475 529 1682 585 Pascha
1726 539 2072 600 peregerunt.
2107 535 2152 590 Α
2180 529 2286 592 clo,
2323 541 2447 598 quae
2469 537 2587 582 erat
2615 525 2834 581 Nieana
2873 539 2985 591 xu,
3021 523 3234 580 Christi
3276 539 3404 578 vero
3452 529 3649 583 saeculo
3675 548 3742 603 ιιι,

496 627 683 694 Neque
717 637 845 676 veto
873 621 1024 675 solus
1053 621 1106 675 id
1134 620 1389 676 Christus
1421 620 1618 677 fecisse
1641 622 1876 684 videtur,
1907 631 1968 676 ιιι
1998 623 2076 676 le-

496 717 746 784 gitimum
795 722 1031 781 tempus,
1080 721 1135 768 et
1164 728 1194 767 a
1246 713 1358 768 Deo
1405 715 1790 777 constitutum,
1838 713 2076 770 inventis

499 808 784 861 hominum
835 806 1159 872 anteferret;
1193 805 1288 860 sed
1315 805 1405 859 alii
1445 805 1690 876 plerique
1739 805 1898 875 patrii
1926 806 2077 860 insti-

496 899 599 954 tuti
635 899 942 954 tenaciores
975 914 1037 953 ac
1067 898 1204 953 ritus
1234 917 1245 952 :
1296 899 1438 953 unde
1478 899 1727 970 θόρυῦος,
1768 911 1823 954 et
1856 909 2075 969 pertur-

499 991 648 1046 batio
675 991 728 1044 in
752 989 1066 1044 celebritate
1095 989 1209 1058 ipsa
1236 987 1517 1044 Paschatis
1539 997 1751 1043 exorta.
1771 987 1888 1042 Non
1911 989 2075 1043 aliam

499 1081 808 1152 Epiphanii,
857 1098 980 1137 eum
1033 1081 1148 1136 haec
1197 1081 1483 1145 scriberet,
1522 1092 1757 1137 mentem
1813 1097 1936 1138 esse
1977 1083 2075 1137 de-

498 1175 702 1238 buisse,
740 1174 896 1230 facile
956 1175 1130 1245 ipsius
1179 1175 1343 1230 verba
1389 1175 1784 1230 demonstrant.
1832 1175 1901 1230 At
1930 1176 2074 1230 enim

499 1267 688 1322 multis
745 1267 921 1323 modis
975 1267 1340 1322 hallucinatur
1397 1266 1754 1336 Epiphanius.
1830 1267 2075 1321 Primum

497 1359 643 1413 enim
679 1358 997 1414 neomenias
1038 1356 1290 1412 Nieaanas
1341 1359 1497 1417 lixas.
1544 1372 1609 1412 ac
1642 1369 1930 1428 perpetuas
1956 1373 2078 1414 esse

498 1449 689 1503 credit.
729 1448 932 1502 Deinde
984 1447 1395 1517 aequinoctium,
1429 1448 1573 1517 quod
1618 1462 1684 1501 ex
1723 1448 1976 1504 Anatolio
2025 1456 2080 1502 et

499 1537 888 1592 vetustioribus
940 1535 1211 1606 Egyptiis
1262 1535 1316 1590 in
1367 1549 1476 1588 xxu
1517 1534 1696 1589 Martii
1751 1533 2075 1598 collocabat,

497 1629 688 1684 eodem
722 1628 810 1683 die
835 1627 1040 1682 Christi
1073 1628 1238 1682 etiam
1265 1635 1511 1695 tempore
1549 1625 1908 1680 commissum
1933 1626 2080 1680 arbi-

499 1733 693 1777 tratur.
725 1720 846 1787 Quo
878 1736 942 1776 ex
977 1735 1163 1775 errore
1200 1719 1403 1774 factum
1436 1727 1552 1783 est,
1600 1727 1659 1773 ut
1690 1734 1812 1788 quas
1855 1719 1910 1772 in
1943 1734 2076 1772 xxtu

500 1815 698 1879 Martii,
757 1816 860 1869 hoc
903 1823 988 1868 est
1023 1813 1239 1867 tertium
1290 1822 1416 1864 ante
1469 1811 1860 1881 aequinoctium
1909 1811 2075 1877 diem,

497 1916 868 1975 competerent
892 1944 906 1967 ,
952 1919 1014 1960 ea
1048 1904 1113 1959 ad
1141 1902 1316 1958 Martii
1346 1919 1414 1958 xx
1447 1903 1808 1958 transtulerit.
1841 1903 2078 1960 Proinde

498 1993 682 2047 lunam
707 1994 851 2048 illam
887 2002 1044 2048 vocat
1067 1994 1336 2049 decimam
1359 1993 1607 2063 quintam
1657 1993 1712 2047 in
1737 1991 1956 2050 Nicteno
1985 2010 2079 2065 cy-

2177 620 2356 675 Martii
2389 636 2498 674 xxu
2529 639 2542 683 -,
2575 629 2630 673 et
2658 619 3009 673 characteres
3033 617 3270 682 dierum,
3300 616 3416 672 sive
3447 617 3612 675 ferias
3631 635 3745 676 con.

2178 715 2403 768 turbat:
2433 715 2634 784 quippe
2660 711 2841 766 Martii
2881 725 2974 776 xx,
3020 727 3132 783 quo
3156 727 3379 783 passum
3422 710 3742 771 Salvatorem

2177 807 2394 870 asserit,
2428 803 2560 859 feria
2586 815 2700 859 tum
2735 813 2853 858 erat
2884 803 3079 870 tertia;
3118 813 3174 858 at
3214 819 3350 868 xxtt,
3384 803 3521 861 feria
3568 823 3616 862 ν.
3649 807 3745 864 Sed

2180 899 2293 951 haec
2323 897 2505 951 minus
2535 905 2664 951 tunc
2710 882 3094 951 animadvertit
3124 895 3480 966 Epiphanius,
3508 898 3559 952 id
3589 915 3744 954 unum

2177 987 2447 1057 cogitans,
2476 987 2942 1058 quemadmodum
2960 987 3109 1041 bidui
3139 987 3315 1041 labem
3343 988 3490 1042 illam
3519 990 3744 1059 explica-

2177 1088 2277 1134 ret.
2307 1078 2451 1134 Sane
2490 1080 2633 1134 luna:
2661 1080 2778 1134 ista:
2808 1076 3062 1144 Nicaeum,
3087 1093 3226 1149 quas
3261 1079 3327 1132 ad
3387 1095 3590 1134 annum
3628 1096 3743 1150 pas-

2179 1169 2350 1224 sionis
2412 1168 2754 1240 Epiphanius
2802 1170 3204 1232 accommodat,
3239 1171 3393 1240 cyclo
3431 1184 3522 1223 xvt
3572 1184 3745 1224 conve-

2180 1261 2358 1323 niunt,
2416 1276 2523 1314 non
2585 1276 2706 1324 xttt,
2760 1261 2864 1315 hoc
2911 1269 2995 1314 est
3043 1275 3188 1314 anno
3219 1260 3426 1317 Christi
3458 1263 3553 1316 54.
3595 1262 3746 1318 Feri'e

2177 1367 2308 1406 vero
2340 1352 2493 1424 cycla
2543 1351 2770 1409 Nicamo
2798 1353 2962 1410 solari
2989 1369 3081 1420 xv,
3138 1355 3243 1410 hoc
3267 1364 3352 1410 est
3379 1371 3528 1409 anno
3561 1355 3745 1412 Christi

2179 1445 2268 1500 55.
2305 1443 2458 1512 Quos
2508 1448 2714 1518 cyclos,
2771 1455 2935 1518 atque
2985 1461 3164 1503 annos
3226 1449 3459 1504 invicem
3507 1448 3745 1505 confusos

2179 1538 2418 1592 alienum
2448 1539 2501 1592 in
2537 1553 2740 1594 annum
2774 1539 3016 1595 intrusit.
3045 1538 3202 1606 Quod
3231 1541 3375 1594 enim
3405 1555 3536 1595 xxxt
3563 1556 3744 1596 annum

2179 1645 2302 1685 terte
2332 1629 2677 1700 Dionysianae
2723 1631 2964 1700 passioni
3004 1631 3291 1694 dicaverit,
3322 1645 3389 1684 ex
3426 1645 3577 1686 coss.
3626 1632 3748 1687 serie

2181 1721 2342 1791 paulo
2390 1729 2518 1776 ante
2569 1721 2912 1777 declaratum
2968 1731 3072 1776 est.
3138 1722 3320 1789 Atque
3371 1729 3432 1776 ut
3476 1721 3746 1792 Epiphanii

2183 1827 2357 1876 mens,
2386 1821 2439 1867 et
2467 1813 2583 1868 haec
2615 1823 2799 1868 nostra
2827 1810 3128 1882 disputatio
3161 1811 3334 1882 magis
3357 1812 3641 1882 perspicua
3668 1811 3745 1876 sit,

2183 1903 2459 1975 cyclorum
2495 1902 2866 1974 feriarumque
2925 1902 3392 1973 perturbationem
3417 1903 3525 1959 hoc
3555 1903 3604 1957 in
3639 1903 3751 1956 Dia-

2185 2007 2487 2066 grammate
2511 2012 2833 2067 proponam.
3605 1981 3610 1984 ’

694 2167 1116 2210 ιΑτΕιιουιυΜ
1152 2166 1456 2208 ιυΝΑιιυΜ
1490 2166 1564 2208 AC
1609 2165 1967 2220 FEBIAIIUM,
2007 2168 2083 2209 ΤΑ

2186 2169 2470 2212 VEBABUM
2507 2170 2683 2222 QUAM
2723 2169 3132 2226 VITIOSAEUM,
3175 2173 3298 2215 AUT
3334 2171 3570 2212 FALSA-

1579 2246 1738 2301 RUM,
1772 2245 1944 2290 ANNO
1985 2247 2318 2292 ΒΟΜΙΝΙΟΛΕ
2354 2249 2696 2294 ΡΑεθιοιιιε.

1200 2346 1354 2400 Luna
1384 2342 1478 2400 Ni-
1553 2345 1709 2402 Luna
1738 2344 1837 2399 Ni-
1909 2345 2064 2401 Luna
2091 2345 2188 2400 .Iu-
2261 2347 2415 2402 Luna
2446 2347 2543 2403 .lu-
2751 2347 2899 2404 Luna
3404 2349 3575 2402 Fer-ire

690 2419 807 2474 Kal.
946 2417 1124 2490 Martii
1200 2431 1350 2472 caena
1394 2430 1482 2472 ve-
1555 2416 1840 2490 caenaEpi-
1912 2418 2066 2472 daica
2096 2433 2190 2474 ve-
2263 2420 2419 2474 daica
2456 2435 2543 2474 re-
2644 2434 2711 2475 ex
2729 2421 2923 2475 vitiosa
2998 2420 3169 2475 Feriae
3188 2435 3279 2474 ve-
3336 2418 3603 2490 Epiphan.

954 2489 1092 2544 dies.
1313 2502 1394 2542 ra.
1595 2487 1804 2557 phauii.
2018 2502 2098 2543 ra.
2267 2491 2384 2560 ipsa
2463 2490 2547 2544 vi-
2660 2490 2901 2560 Epiphan
2923 2530 2934 2543 .
3105 2506 3198 2545 ne.
3384 2487 3396 2490 ⁷
3419 2487 3591 2546 falsae.

2287 2562 2448 2614 tiosa.
2699 2571 2896 2614 mente.

710 2654 774 2707 Iti
922 2649 1061 2706 XVII
1347 2649 1378 2702 7
1628 2651 1699 2706 I0
2055 2649 2090 2703 6
2409 2652 2442 2706 9
2763 2652 2831 2707 12
3118 2653 3149 2704 ‘7
3509 2652 3544 2706 5

707 2723 777 2776 I5
921 2719 1084 2775 XVIII
1342 2722 1375 2773 8
1629 2721 1686 2774 II
2053 2721 2083 2773 Ἰ

2368 2723 2437 2776 1ο
2767 2724 2833 2778 15
3121 2726 3144 2777 1
3512 2725 3548 2777 4

711 2792 780 2846 14
924 2791 1042 2846 XIX
1340 2793 1374 2845 9
1627 2792 1696 2844 12
2051 2793 2083 2846 8

2371 2793 2432 2845 11
2765 2795 2832 2849 14
3115 2796 3151 2848 2
3513 2795 3548 2846 5

709 2863 779 2917 15
919 2860 1016 2916 XX
1310 2860 1380 2916 IO
1628 2863 1697 2915 15
2052 2863 2086 2917 9
2374 2861 2444 2917 12
2768 2867 2830 2919 15
3114 2867 3148 2920 5
3513 2867 3546 2916 6

711 2933 779 2987 12
924 2931 1048 2986 XXI
1313 2933 1371 2984 11
1630 2931 1697 2984 14
2020 2933 2083 2986 10

2375 2931 2444 2986 15
3120 2937 3152 2986 4
3515 2937 3545 2987 7

712 3003 772 3057 II
927 3001 1068 3057 XXII
1309 3001 1378 3054 12
1630 3002 1700 3056 15
2019 3003 2082 3056 11

2376 3003 2446 3058 II
3096 2999 3154 3051 -5
3516 3006 3541 3058 1

743 3077 778 3128 0
925 3071 1093 3128 XXIII
1314 3074 1381 3128 15
2023 3072 2083 3127 12

2379 3076 2448 3127 I5
3119 3079 3150 3128 ti

745 3146 778 3198 9
928 3141 1096 3197 XXIV
1313 3145 1380 3196 1-1
2025 3144 2094 3197 15
2379 3143 2447 3200 I6
3121 3148 3150 3200 Ἰ

746 3216 780 3268 8
928 3214 1069 3269 XXV
1313 3213 1381 3270 I5
2021 3213 2083 3266 14

3115 3218 3139 3270 1

748 3286 779 3337 7
923 3283 1091 3339 XXVI
2021 3284 2090 3337 15

513 3441 691 3496 Habes
724 3441 776 3494 in
813 3443 915 3496 hac
947 3441 1133 3496 tabula
1182 3441 1436 3495 lunarutn
1484 3455 1549 3495 ac
1596 3438 1860 3494 feriarum
1905 3439 2089 3510 dispo-
2117 3445 2159 3504 C
2196 3456 2293 3495 xtt.
2352 3441 2661 3496 Cclebravit
2716 3457 2882 3513 porro
2949 3442 3201 3499 Christus
3258 3444 3504 3513 typieum
3566 3439 3750 3494 Pascha

502 3535 700 3598 situtn;
733 3531 1042 3601 cujusmodi
1081 3547 1227 3586 anno
1259 3533 1352 3586 illo
1386 3529 1605 3585 Iuliano
1647 3528 1716 3584 76
1752 3539 1862 3584 tam
1898 3545 2086 3584 revera

503 3623 625 3690 fuit,
656 3637 820 3692 quam
850 3631 908 3676 et
935 3638 1003 3676 ex
1037 3620 1242 3676 Nicaeni
1273 3621 1494 3676 concilii
1531 3621 1786 3676 instituto
1827 3630 1883 3675 et
1914 3636 1982 3676 ex
2008 3621 2090 3675 vi-

503 3717 645 3772 tioso
671 3715 986 3771 Iudaeorum
1031 3716 1206 3788 cyclo,
1257 3726 1314 3771 et
1362 3729 1639 3786 pom-emo
1681 3730 1747 3770 ex
1799 3714 2087 3786 Epiphanii

502 3821 665 3862 sensu
697 3821 818 3862 esse
859 3805 1053 3875 potuit.

502 3921 790 3992 Colligitur
843 3937 870 3974 e
900 3920 1289 3992 isuperioribus
1325 3917 1636 3992 Epiphanii
1675 3917 1738 3971 de
1787 3931 1905 3970 vero
1946 3931 2085 3969 antro

887 3991 1164 4045 Passionis
1198 4006 1261 4044 ac
1296 3991 1381 4044 die
1415 3990 1694 4044 sententia.

578 4085 837 4154 Superest
875 4092 934 4137 ut
977 4083 1043 4136 ad
1077 4097 1204 4138 eum
1241 4096 1401 4136 usum
1431 4080 1727 4150 finemque,
1757 4082 1918 4150 cujus
1959 4093 2086 4149 gra-

504 4178 577 4233 tia
632 4177 910 4248 disputata
959 4185 1107 4241 sunt,
1162 4175 1446 4244 superiora
1493 4173 1682 4228 omnia
1738 4182 2084 4229 revocentur.

504 4272 602 4325 Est
630 4279 813 4324 autem
846 4268 892 4323 is
934 4267 1305 4338 potissimum,
1359 4276 1422 4321 ut
1454 4281 1644 4321 verum
1678 4280 1746 4320 ex
1798 4263 2088 4334 Epiphanii

503 4361 828 4416 auctoritate
872 4360 1154 4416 Passionis
1203 4369 1420 4428 tempus
1452 4357 1750 4426 aliquando
1789 4365 2084 4411 statuatur.

507 4457 565 4509 Si
615 4456 739 4524 quis
785 4454 951 4523 igitur
997 4453 1336 4507 aberrantem
1382 4448 1718 4504 sanctissimi
1766 4448 1944 4504 Patris
1970 4449 2089 4518 opi-

506 4546 725 4600 nionem
756 4544 984 4598 inviam
1017 4544 1279 4598 reducere
1309 4542 1457 4605 velit,
1503 4549 1559 4596 et
1594 4541 1681 4596 his
1711 4539 1950 4595 tenebris
1990 4541 2091 4594 ob-

505 4638 728 4692 ductam
773 4635 1053 4689 veritatem
1094 4635 1146 4688 in
1174 4634 1352 4689 lucem
1387 4634 1693 4695 extrahere,
1729 4632 1832 4687 hoc
1867 4648 1899 4686 e
1929 4647 2090 4702 supe-

505 4731 649 4785 riorc
687 4738 876 4783 nostra
904 4727 971 4782 de
1001 4725 1228 4781 .lndaico
1253 4725 1406 4797 cyclo
1433 4723 1816 4780 dissertatione
1855 4721 1929 4776 ita
1957 4737 2088 4777 con-

2192 3533 2369 3588 Martii
2404 3551 2514 3589 xxtt
2545 3536 2609 3588 ad
2644 3549 2949 3604 vesperam,
2999 3541 3234 3590 exeunte
3279 3549 3370 3588 xtv
3420 3531 3666 3597 Iudaica,
3705 3545 3749 3585 et

2191 3625 2412 3682 ineunte
2441 3642 2530 3692 xv,
2581 3628 2638 3680 ὲν
2751 3625 2859 3680 ἔδει
2889 3626 3060 3681 θύειν.
3136 3625 3419 3688 ΡΙιιιτὶεωί,
3475 3639 3753 3694 eorumque

2189 3725 2486 3773 sectatores
2519 3716 2723 3772 Pascha
2755 3729 3080 3790 peregerunt
3123 3717 3302 3772 Martii
3335 3734 3476 3772 xxttt
3505 3759 3520 3782 ,
3550 3718 3664 3771 luna
3694 3729 3751 3768 xv

2188 3817 2441 3874 exeunte,
2492 3809 2714 3863 ineunte
2743 3825 2854 3862 xvr.
2916 3807 3034 3864 Non
3080 3809 3226 3864 aliud
3291 3807 3606 3876 scripturus
3649 3813 3752 3860 erat

2189 3899 2548 3970 Epiphanius,
2580 3901 2625 3956 si
2673 3910 2767 3956 aut
2809 3901 3119 3972 aequinoctii
3152 3903 3463 3973 προήγησιν
3503 3899 3741 3970 agnovis-

2189 4001 2291 4057 set,
2324 4001 2417 4047 aut
2441 3991 2513 4047 de
2539 3993 2704 4048 solari
2742 3995 2915 4067 cyclo,
2957 4008 3023 4050 ac
3057 3993 3208 4049 feriis
3236 3994 3321 4048 vel
3356 3993 3632 4047 tantillmn
3671 4005 3751 4044 ce-

2190 4085 2435 4156 gitasset.
2486 4082 2593 4139 Sed
2650 4085 2739 4140 ille
2791 4086 3195 4157 qualiscunque
3226 4085 3450 4140 tandem
3481 4093 3563 4139 est
3593 4095 3748 4142 error,

2188 4177 2450 4244 praeclaro
2486 4193 2551 4232 ac
2609 4177 2875 4249 singulari
2920 4178 3041 4248 ejus
3083 4178 3348 4234 doctrinae
3393 4177 3577 4233 fructu
3616 4189 3750 4230 com-

2189 4274 2472 4337 pensatur,
2528 4281 2635 4338 qua
2700 4282 2800 4322 nos
2842 4267 2972 4321 anni
3026 4264 3238 4321 Iudaici
3299 4264 3747 4335 perturbatione

2191 4373 2334 4412 unus
2363 4357 2564 4412 docuit.
2602 4355 2718 4423 Qua
2754 4372 2813 4412 re
2849 4358 3012 4426 longe
3045 4356 3334 4411 Intervallo
3365 4355 3751 4410 animadversa.

2190 4448 2424 4503 summis
2452 4447 2738 4514 molestiis,
2783 4456 2839 4501 et
2878 4445 3348 4502 iuextricabilibus
3397 4443 3747 4498 dillienltatum

2190 4540 2401 4609 laqueis
2442 4538 2681 4608 expediti
2726 4548 3128 4609 sumus,atque
3179 4539 3286 4593 hoc
3314 4537 3538 4591 demum
3580 4532 3751 4589 didici-

2193 4644 2350 4684 mus;
2399 4643 2586 4682 verum
2615 4625 2915 4682 Dominicze
2944 4627 3219 4697 passionis
3262 4641 3470 4680 annum
3513 4626 3750 4680 hactenus

2191 4721 2395 4776 frustra
2434 4735 2529 4790 per
2555 4721 2954 4775 astronomicos
2985 4720 3212 4784 abacos,
3252 4726 3309 4774 et
3334 4718 3590 4774 emlestes
3625 4713 3750 4768 side-

507 4830 790 4894 sequetur.
821 4819 1094 4886 Quoniam
1125 4816 1267 4887 apud
1290 4826 1498 4871 veteres
1529 4813 1749 4870 Iudaeos
1787 4829 1879 4868 xtv
1918 4812 2087 4868 Nisan
2122 4803 2166 4859 Ι)
2199 4828 2318 4867 rum
2349 4823 2535 4868 motus
2560 4812 2871 4882 indagatum
2919 4811 3090 4866 fuisse
3119 4829 3135 4866 :
3186 4810 3338 4881 quod
3381 4819 3499 4864 tum
3537 4807 3749 4875 denique

505 4916 560 4970 in
602 4911 985 4984 aequinoctium
1021 4909 1281 4971 cadebat,
1312 4905 1459 4977 quod
1500 4904 1707 4960 Christi
1747 4904 1948 4960 saeculo
1978 4919 2088 4959 xxv

503 5009 681 5064 Martii
718 5003 1014 5067 πολιτικῶς
1061 5000 1380 5073 quadrabat,
1418 4999 1605 5054 citima
1659 4997 1944 5053 neomenia
1995 4997 2088 5052 Ni-

503 5118 604 5158 san
632 5099 886 5156 convenit
927 5094 1105 5152 Martii
1136 5109 1247 5160 xu;
1273 5107 1436 5164 quem
1467 5091 1521 5146 in
1555 5090 1696 5146 diem
1729 5091 1832 5146 sub
1871 5090 2086 5145 initium

508 5186 1307 5265 ogdoecontatessaraeteridos
1347 5185 1598 5241 incurrit.
1631 5183 1832 5239 Verum
1883 5183 1952 5239 ob
1995 5199 2090 5256 cy-

503 5289 576 5345 cli
606 5287 928 5358 pravitatem
959 5280 1246 5339 neomenia
1280 5278 1486 5334 sensim
1515 5277 1581 5333 ad
1609 5293 1663 5332 tx
1692 5275 1872 5331 Martii
1901 5291 2092 5347 perve-

505 5384 624 5447 nit;
675 5379 887 5436 decima
933 5386 1130 5446 quarta
1165 5388 1294 5428 vero
1334 5372 1462 5427 luna
1512 5369 1578 5424 ad
1614 5369 1791 5423 Martii
1838 5383 1950 5422 χιιι
1985 5383 1999 5421 :
2037 5367 2089 5421 id

507 5471 653 5544 quod
679 5487 825 5527 anno
854 5471 990 5541 cycli
1023 5484 1208 5524 Lxxxu
1237 5465 1534 5536 contigisse
1558 5461 1884 5518 Laterculus
1909 5460 2088 5515 docet.

511 5567 641 5618 Erat
684 5576 865 5620 autem
915 5563 962 5618 is
991 5577 1171 5617 annus
1226 5575 1295 5615 ex
1349 5553 1634 5628 bypothesi
1689 5551 1940 5607 Julianus
1986 5549 2090 5618 76;

2197 4920 2383 4960 verum
2428 4903 2588 4969 foret,
2619 4905 2663 4959 si
2694 4902 2866 4959 Judaei
2917 4903 3130 4967 lunaris
3175 4913 3232 4958 et
3265 4902 3463 4958 solaris
3507 4899 3634 4956 anni
3677 4911 3750 4950 ra-

2197 5005 2309 5052 tam
2351 5011 2418 5050 ac
2463 5004 2800 5051 constantem
2833 4997 3098 5050 rationem
3140 4995 3460 5050 tenuissent.
3499 4991 3602 5047 Sed
3640 5003 3748 5045 cum
3821 5059 3823 5063 ι

2195 5091 2265 5145 ab
2291 5105 2354 5145 ea
2383 5089 2644 5160 majorem
2681 5089 2734 5144 in
2756 5088 2977 5143 modum
3004 5087 3342 5148 deflexerint,
3375 5098 3434 5141 ut
3460 5086 3617 5156 paulo
3645 5087 3752 5152 pest

2197 5181 2422 5252 copiose
2454 5180 2843 5247 declarabitur,
2895 5179 3025 5246 alia,
3075 5179 3120 5234 si
3171 5181 3437 5245 sapimus,
3470 5173 3748 5233 insistendt

2195 5272 2282 5328 via
2307 5281 2410 5339 est,
2444 5280 2507 5327 ut
2546 5271 2880 5326 auctoritate
2913 5273 3084 5341 magis
3135 5269 3463 5338 scriptorum
3504 5275 3748 5326 veterum,

2195 5381 2260 5422 ac
2306 5379 2602 5430 consensu,
2648 5379 2814 5434 quam
2867 5372 3125 5418 accurata
3183 5362 3488 5417 cmlestium
3522 5366 3747 5414 metuunt

2194 5457 2558 5528 descriptione
2586 5457 2847 5512 nitamur.

2264 5550 2333 5604 At
2365 5565 2490 5603 vero
2526 5548 2623 5603 fuit
2661 5550 2751 5603 illa
2785 5548 3022 5604 maxime
3057 5546 3370 5603 communis
3399 5543 3748 5614 antiquiorum

508 5655 765 5724 idemque
813 5655 1090 5710 Passionis
1138 5667 1338 5706 annus.
1399 5649 1669 5716 Quocirca
1730 5659 1927 5716 passus
1988 5643 2094 5698 erit
2190 5643 2418 5713 opinio:
2468 5640 2751 5697 Christum
2788 5641 2992 5696 Tiberii
3030 5655 3176 5695 anno
3217 5655 3390 5706 xvrn,
3436 5636 3648 5720 Juliano
3692 5629 3749 5682 76

507 5743 764 5799 Christus
796 5745 972 5797 Martii
1019 5759 1152 5796 xxtu
1182 5781 1195 5804 ,
1249 5742 1382 5795 feria
1427 5756 1511 5806 vr,
1548 5739 1678 5791 luna
1725 5734 1953 5790 JudaiCa
1999 5748 2089 5799 xv,

507 5831 734 5895 Manna
762 5849 858 5886 xut
882 5872 896 5894 ,
929 5849 1051 5901 qiue
1093 5833 1281 5886 eadem
1313 5831 1513 5898 media,
1547 5845 1643 5887 seu
1689 5827 1929 5886 scelestis
1975 5835 2094 5882 erat

2190 5748 2412 5805 passum
2441 5748 2599 5799 esse;
2630 5733 2775 5804 quod
2823 5728 3159 5803 Epiphanius
3189 5716 3602 5800 amplexusest,
3639 5736 3747 5779 cum

2190 5840 2393 5879 annum
2425 5824 2577 5878 illum
2611 5825 2934 5896 designavit,
2985 5838 3094 5894 quo
3127 5821 3384 5879 Tiberius
3415 5838 3488 5886 vt,
3530 5829 3583 5874 et
3611 5815 3749 5885 Seja-
