3994 6222
289 390 392 446 977

1213 405 1299 460 DE
1337 406 1525 462 ANNO
1564 407 1652 462 ET
1687 410 1797 463 DIE
1832 409 2185 466 DOMINICIE
2223 411 2599 470 PASSIONIS.

3449 420 3554 478 978

290 523 566 606 {Itis-(1655.
604 509 845 606 fuerunt,
899 515 1051 586 cyclo
1092 516 1232 572 luna:
1269 536 1398 584 xm,
1429 521 1561 576 solis
1607 540 1680 578 xu
1710 542 1723 580 :
1767 526 1872 580 etsi
1903 532 1949 588 Α
1977 527 2054 580 illi
2088 527 2369 598 sullragati
2399 540 2546 597 sunt,
2575 529 2668 600 qui
2699 545 2826 584 xvni
2855 529 3055 586 Tiberii
3081 547 3224 586 anno
3261 535 3557 606 contigisse

296 597 567 655 Vinicium
614 611 670 657 et
715 603 1026 676 Longinum
1068 624 1351 678 perperam
1412 615 1670 681 ascribat,
1725 618 1869 687 quod

295 703 398 756 par
436 707 607 746 unum
637 708 782 750 coss.
840 697 894 750 in
935 698 1046 754 duo
1101 701 1435 759 distraxerit.
1469 703 1564 760 Est
1594 716 1772 762 autem
1823 709 1871 764 is

295 795 476 839 annus
508 785 711 856 olymp.
751 788 876 854 9.02,
929 796 1199 850 secundus
1226 796 1436 863 exiens,
1475 813 1590 868 per.
1642 797 1872 855 Juliante

288 873 454 928 4744.
513 875 830 946 Cujusmodi
890 897 1158 938 annorum
1238 901 1439 940 nexum
1501 890 1871 944 certissimum

289 979 436 1027 esse,
467 966 738 1023 rationum
762 974 1008 1027 onmium
1049 989 1321 1031 momenta
1349 978 1693 1046 persuadent.
1719 978 1873 1044 Quod

289 1065 474 1110 autem
504 1056 706 1114 Tiberii
743 1077 848 1115 xm
875 1075 1129 1131 exeunte,
1175 1065 1397 1123 Juliano
1429 1069 1627 1125 76ihoc
1655 1080 1744 1124 est
1777 1087 1873 1142 cy-

287 1147 382 1201 clo
412 1164 508 1202 xm
539 1165 736 1218 passus
787 1155 879 1215 sit.
909 1157 1344 1213 demonstratum
1395 1169 1480 1216 est
1524 1177 1552 1216 a
1581 1163 1872 1233 plerisque.

292 1235 429 1303 Nos,
463 1242 727 1309 quoniam
753 1244 825 1299 ita
857 1261 1079 1304 necesse
1098 1257 1207 1314 est,
1241 1265 1457 1304 summa
1491 1251 1874 1320 probationum

292 1329 473 1398 capita
500 1331 813 1391 lihahimus.

365 1420 624 1478 Omnium
659 1428 834 1496 primo
873 1438 1030 1486 vetus
1078 1431 1168 1486 illa
1211 1433 1430 1490 traditio
1451 1443 1558 1501 est,
1612 1450 1774 1503 quam
1821 1435 1876 1488 in

295 1511 621 1571 (ἔπιθι-ἱειιεί
644 1520 878 1576 concilio
909 1532 1132 1578 secutos
1163 1538 1284 1579 esse
1297 1523 1486 1582 Patres
1513 1526 1876 1596 fragmentum

299 1602 434 1658 illud
472 1605 697 1672 indicat,
737 1611 886 1679 quod
930 1611 1071 1667 Beda
1106 1615 1398 1684 descripsit
1429 1633 1442 1668 :
1509 1616 1596 1670 ubi
1629 1617 1879 1670 Christus

291 1707 364 1747 ea
385 1707 546 1749 nocte
577 1698 1042 1760 traditusdicitur.
1071 1719 1195 1772 quae
1234 1706 1480 1775 sequitur
1504 1721 1556 1760 xi
1575 1705 1693 1759 Kal.
1713 1706 1878 1775 Apr.;

296 1801 499 1853 passus
521 1804 650 1846 vero
677 1807 708 1844 ιι
727 1791 844 1845 Kal.
871 1796 1195 1864 Apr-.,atquc
1215 1812 1308 1851 Vltl
1338 1795 1453 1852 Kal.
1488 1798 1878 1852 rosuri-exisse.

1981 627 2226 672 narrant.
2258 616 2395 672 Nam
2425 617 2630 674 Tiberii
2680 635 2853 675 annos
2905 619 3154 688 Judaico,
3187 622 3270 676 vel
3295 624 3556 678 ecclesia-

1981 709 2120 763 Stico
2160 725 2312 765 more
2344 711 2412 765 ab
2443 710 2795 766 antecedente
2839 709 3003 765 Nisan
3055 721 3364 767 numerant.
3393 713 3553 783 Atqui

1981 815 2126 856 anno
2152 800 2369 858 Juliano
2401 801 2491 867 '16,
2528 801 2811 857 desinente
2829 803 3039 857 decimo
3066 803 3296 872 septimo
3328 801 3552 870 Tiberii,

1980 914 2114 952 xvm
2141 898 2280 953 iniit.
2309 898 2450 965 Quin
2475 899 2637 953 etiam
2667 899 3000 968 Apollinaris
3050 897 3390 954 Laodicenus
3413 900 3554 968 apud

1983 988 2720 1062 liierooymum.Comment.
2752 990 2818 1045 ad
2851 1005 2971 1059 cap.
3011 1006 3062 1043 ix
3093 989 3250 1051 Dan.,
3278 1005 3402 1044 cum
3437 998 3560 1059 post

1982 1097 2184 1135 annum
2213 1081 2491 1138 Passionis
2518 1081 2810 1136 Dominicaz
2857 1097 2952 1135 sex
2983 1080 3184 1135 Tiberii
3214 1096 3388 1136 annos
3421 1095 3557 1134 enu-

1983 1183 2179 1236 merat,
2215 1175 2446 1228 omnino
2503 1189 2727 1242 passum
2783 1174 3089 1228 arbitratur
3142 1182 3376 1227 exeunte
3424 1186 3554 1225 xvlt.

1983 1267 2266 1322 Accedunt
2297 1275 2350 1321 ct
2380 1276 2652 1321 certorum
2700 1267 2980 1321 intervalla
3020 1277 3349 1335 temporum,
3381 1278 3503 1333 quae
3528 1278 3558 1316 a

1987 1358 2246 1412 Pas-sione
2277 1366 2683 1424 computantur.
2712 1356 2784 1412 Ut
2825 1371 2947 1412 cum
2979 1355 3215 1410 Jacobns
3247 1354 3426 1408 minor
3453 1368 3561 1406 xxx

1985 1462 2159 1502 annos
2211 1445 2602 1516 Hierosolymis
2630 1445 2932 1516 praefuisse,
2965 1457 3018 1499 et
3045 1443 3277 1500 Neronis
3299 1459 3445 1499 anno
3479 1459 3564 1498 se~

1985 1540 2156 1610 ptimo
2190 1539 2294 1592 sub
2329 1539 2640 1607 paschalem
2681 1538 3049 1593 celebritatem
3094 1535 3412 1590 interfectus
3439 1548 3562 1588 esse

1986 1629 2185 1682 dicitur
2205 1629 2274 1682 ab
2300 1627 2630 1699 Hieronymo
2659 1629 2752 1682 lib.
2785 1628 2856 1682 De
2885 1629 3065 1696 script.
3090 1627 3445 1703 eccles.,qu0(l
3466 1624 3564 1678 .Iu-

1988 1721 2136 1774 liano
2161 1720 2262 1776 106
2294 1720 2564 1790 congruit.
2595 1721 2766 1791 igitur
2806 1735 2946 1774 anno
2993 1720 3058 1773 '76
3094 1718 3309 1774 Juliano
3335 1733 3567 1788 praeesse

1989 1812 2171 1883 carpit.
2199 1812 2330 1866 ltem
2364 1810 2567 1867 Paulus
2609 1812 2889 1881 apostolus
2926 1811 3068 1879 apud
3094 1811 3345 1865 eumdem
3374 1808 3567 1862 Hiero--

299 1874 473 1945 Igitur
502 1879 738 1934 litteram
767 1880 1034 1938 Doniinic.
1073 1883 1244 1940 fuisse
1277 1885 1321 1941 G
1351 1903 1574 1942 necesse
1601 1899 1704 1948 est,
1733 1887 1884 1958 ryclo

2009 1917 2212 1974 iymum
2262 1916 2410 1956 anno
2465 1917 2568 1955 xxv
2612 1912 2736 1972 post
2780 1899 3095 1956 Passionem
3130 1901 3368 1962 Domini,
3400 1899 3571 1954 Nero-

297 1971 438 2024 solis
480 1987 594 2036 xu;
645 1988 808 2041 quem
883 1992 1061 2030 annus
1110 1976 1359 2034 Julianus
1392 1979 1463 2034 '76
1515 1980 1751 2033 exhibet.
1783 1978 1890 2034 Sed

299 2064 450 2132 quod
489 2063 752 2120 Dt'kcl’ltlti
784 2080 967 2122 noster
987 2071 1127 2125 hanc
1150 2070 1371 2125 Patrum
1407 2073 1722 2142 opinionem
1749 2073 1888 2126 sedis

301 2151 615 2217 apostolica:
651 2153 1095 2222 declarationem,
1139 2175 1204 2213 ac
1239 2159 1377 2214 velut
1419 2159 1676 2214 Ecclesia;
1707 2160 1892 2228 deﬁni-

307 2244 505 2297 tionem
554 2246 815 2316 appellat,
869 2247 1039 2304 nihilo
1074 2249 1129 2305 id
1157 2251 1343 2306 verius
1389 2260 1493 2316 est,
1528 2266 1692 2321 quam
1745 2251 1892 2321 quod

305 2333 500 2392 eadem
549 2335 602 2389 in
663 2338 872 2408 synodo
917 2340 1126 2395 dictum
1183 2351 1290 2409 est,
1337 2341 1730 2411 aequinoctium
1787 2357 1894 2394 xxv

307 2426 488 2482 Martii
520 2431 812 2495 committi,
845 2447 992 2486 anno
1039 2432 1244 2489 Christi
1277 2433 1411 2500 198;
1443 2442 1518 2500 et,
1548 2432 1693 2504 quod
1737 2433 1898 2503 longe

306 2519 604 2575 absurdius
640 2530 746 2588 est,
788 2522 978 2578 eodem
1012 2523 1106 2580 illo
1152 2525 1241 2579 die
1268 2525 1430 2581 initio
1478 2524 1686 2579 conditi
1742 2523 1896 2579 orbis

309 2614 561 2670 haesisse.
614 2612 816 2669 Notum
853 2615 1002 2670 enim
1047 2629 1132 2671 est
1181 2619 1420 2672 rationes
1468 2618 1636 2687 ipsas,
1667 2631 1790 2687 quae
1837 2617 1893 2671 in

308 2707 563 2762 conciliis
618 2706 944 2770 atl‘eruntur,
993 2723 1171 2777 neque
1227 2723 1386 2764 veras
1435 2723 1561 2764 esse
1609 2716 1893 2778 perpetuo,

311 2813 490 2868 neque
523 2798 664 2852 inter
696 2799 823 2852 ﬁdei
860 2799 1080 2854 decreta
1107 2800 1341 2856 censeri.
1385 2799 1558 2857 l'labet
1582 2810 1761 2855 tanien
1794 2815 1896 2853 au—

313 2888 542 2943 ctoritas
581 2887 672 2941 illa
707 2901 1055 2944 communem
1106 2888 1176 2942 de
1217 2889 1491 2958 passionis
1534 2889 1896 2944 resurrectio-

317 2979 516 3049 nisque
533 2978 626 3033 die
673 2979 835 3035 ﬁdem
877 2980 1380 3036 vetustissimorum
1411 2989 1718 3049 temporum
1754 2995 1768 3032 :
1829 2977 1898 3032 ad

311 3087 479 3140 quam
519 3079 579 3124 et
619 3069 710 3124 illa
755 3069 1102 3141 adiungenda
1159 3071 1474 3126 testimonia
1518 3079 1666 3136 sunt,
1699 3070 1898 3140 quibus

315 3164 500 3233 passio
530 3163 744 3218 Domini
777 3165 830 3218 in
860 3170 925 3220 Α.
973 3165 1040 3221 D.
1075 3181 1109 3219 x
1147 3163 1269 3219 Kal.
1307 3165 1466 3235 Apr.,
1499 3165 1604 3221 hoc
1633 3173 1719 3219 est
1761 3178 1897 3219 xxnt

315 3257 528 3323 Martii;
588 3257 922 3313 resurrectio
969 3273 1100 3313 vero
1147 3258 1202 3312 in
1254 3274 1351 3312 vui
1408 3257 1530 3314 Kal.
1578 3256 1896 3327 conjicitur;

315 3365 484 3419 quam
514 3348 718 3408 Graecis
746 3349 940 3404 tribuit
963 3348 1169 3404 Paulus
1219 3347 1664 3418 For-osempron.,
1687 3355 1742 3402 et
1796 3345 1902 3400 La-

315 3442 561 3499 ctantius
620 3451 845 3498 secutus
896 3449 984 3497 est
1034 3441 1129 3496 lib.
1173 3457 1246 3506 iv,
1277 3457 1400 3512 cap.
1451 3443 1520 3496 10
1571 3441 1678 3497 Ubi
1704 3441 1904 3496 asserit

320 3550 472 3590 anno
498 3550 566 3590 xv
595 3533 822 3597 Tiberii,
859 3533 1106 3588 Geminis
1131 3533 1350 3590 duobus
1379 3543 1682 3596 coss,,ante
1701 3533 1844 3587 diem
1871 3548 1903 3586 x

320 3627 443 3680 Kal.
470 3629 603 3696 Apr.
651 3627 933 3681 Christum
964 3623 1120 3680 cruci
1170 3627 1412 3680 allixum.
1449 3625 1552 3680 Sed
1580 3642 1678 3694 pro
1715 3641 1742 3678 ιε
1780 3622 1898 3678 Kal.

319 3720 544 3789 quidam
561 3719 778 3774 codices
803 3734 876 3772 vit
903 3718 1123 3774 habent.

398 3810 601 3865 Paulus
629 3826 761 3865 vero
793 3809 1146 3879 Forosempr.
1177 3818 1304 3864 ante
1335 3810 1482 3863 diem
1510 3809 1776 3864 decimam
1803 3808 1909 3862 Ka-

323 3906 611 3960 lemlarnm
665 3904 804 3957 idem
855 3919 976 3958 esse
1023 3911 1208 3972 ptttat,
1238 3901 1388 3972 quod
1431 3917 1484 3956 st
1519 3900 1730 3966 Kal.,et
1754 3900 1908 3954 Pauli

320 3995 623 4068 juriscous.
659 3994 837 4050 verbis
873 3993 1072 4059 utitur,
1103 3994 1198 4063 qui
1242 3996 1319 4050 ait
1359 4009 1373 4046 :
1414 3992 1549 4045 Ante
1571 3992 1710 4044 diem
1736 4007 1765 4043 x
1796 3988 1910 4042 Ka-

325 4089 626 4152 lendarum,
659 4098 708 4139 ct
749 4095 865 4156 post
897 4086 1039 4138 diem
1081 4099 1113 4137 χ
1139 4081 1370 4136 Kalend.
1398 4098 1542 4152 neque
1564 4095 1783 4151 utroque
1803 4098 1913 4136 ser-

328 4197 481 4236 mone
505 4197 557 4233 xI
583 4180 695 4233 dies
717 4177 1034 4247 signiﬁcari.
1063 4173 1260 4228 Verum
1296 4174 1558 4227 ineiidosa
1581 4172 1742 4228 lectio
1763 4171 1913 4229 Pau-

328 4276 446 4329 lum
495 4269 1112 4340 Forosempronienscm
1144 4267 1195 4320 in
1224 4280 1469 4320 errorem
1511 4265 1743 4319 induxit.
1772 4263 1914 4318 Nam

329 4367 368 4421 Ι.
402 4365 527 4427 152.
566 4363 596 4434 §
631 4363 654 4416 ί
695 4361 768 4414 De
798 4359 935 4414 verb.
977 4357 1160 4429 signif.
1206 4356 1637 4428 iurisconsultus
1678 4356 1748 4409 ita
1787 4370 1915 4425 pro-

332 4457 554 4513 nuntiat
581 4474 595 4510 :
622 4456 686 4509 Α.
715 4452 782 4506 D.
809 4469 838 4506 x
861 4450 988 4505 Kal.
1015 4461 1130 4519 post
1153 4450 1295 4502 diem
1323 4465 1354 4503 x
1399 4447 1529 4502 Kal.
1570 4456 1755 4501 neutro
1809 4463 1919 4500 ser-

1993 1994 2076 2048 nis
2099 1993 2387 2051 n.vinctus
2423 1991 2652 2047 Romam
2683 1995 2921 2048 mittitur
2951 2013 2964 2048 :
2991 1993 3082 2048 ubi
3115 2002 3168 2047 et
3216 1990 3446 2046 Neronis.
3474 2007 3572 2044 au-

1997 2101 2067 2141 no
2093 2100 2202 2148 xiv,
2237 2095 2355 2150 post
2373 2084 2690 2140 Passionem
2714 2101 2924 2149 xxxv",
2953 2086 3134 2154 capite
3159 2092 3443 2138 truncatus
3466 2080 3570 2143 est,

1996 2173 2261 2240 Capitone
2283 2181 2336 2226 et
2360 2171 2503 2226 Rufo
2526 2188 2694 2236 coss.,
2715 2171 2932 2226 Juliano
2956 2172 3073 2226 "‘2.
3098 2171 3329 2224 Neronis
3359 2169 3572 2222 initium

1995 2265 2221 2330 contigit
2258 2273 2378 2335 post
2411 2275 2644 2320 mortem
2692 2263 2904 2317 Claudii
2937 2305 2951 2328 ,
2981 2261 3200 2317 Juliano
3232 2263 3322 2322 99,
3363 2272 3481 2329 post
3515 2275 3574 2312 ιιι

1997 2353 2076 2408 Id.
2129 2352 2320 2408 Octob.
2355 2353 2495 2423 Ergo
2550 2369 2728 2408 annus
2757 2369 2846 2406 xiv
2876 2353 3043 2422 cmpit
3093 2355 3163 2406 ab
3193 2350 3414 2406 Octobri
3445 2351 3575 2404 anni

1994 2443 2192 2500 Juliaui
2234 2447 2356 2500 “2.
2389 2446 2497 2500 Sed
2529 2444 2896 2516 Hieronymus
2939 2444 3227 2499 manifeste
3254 2458 3429 2497 annos
3477 2457 3577 2494 cx-

1997 2539 2210 2591 ortlitur
2258 2537 2327 2592 ab
2358 2539 2698 2591 antecedenti
2753 2535 3037 2591 Paschate.
3071 2534 3330 2602 Adeoque
3365 2548 3428 2586 ex
3457 2531 3578 2600 ejus

1997 2627 2286 2682 ratiocinio
2332 2625 2584 2681 Passieni
2615 2625 2826 2680 Domini
2863 2641 3041 2680 annus
3067 2624 3334 2678 astruitur
3379 2622 3466 2676 76.
3501 2620 3579 2674 lla

1997 2717 2214 2782 Petrus,
2238 2719 2431 2774 eodem
2457 2716 2790 2788 Hieronymo
2809 2726 2966 2783 teste,
2999 2732 3144 2770 anno
3178 2732 3213 2769 ιι
3235 2714 3444 2770 Claudii
3473 2711 3582 2767 Ro-

1999 2825 2146 2864 mam
2182 2809 2420 2873 advenit,
2467 2809 2556 2862 ubi
2581 2825 2686 2862 xxv
2733 2822 2906 2862 annos
2948 2806 3203 2862 Ecclesiae
3233 2804 3470 2875 praefuit,
3529 2813 3583 2858 et

1999 2919 2184 2956 xxxvii
2201 2910 2326 2972 post
2343 2900 2662 2956 Passionem
2691 2915 2859 2964 anno,
2887 2897 3124 2954 Neronis
3141 2912 3388 2964 xtv,cum
3413 2896 3582 2949 Paulo

2003 3007 2227 3051 necatus
2259 3003 2364 3049 est.
2405 2992 2651 3062 Denique
2699 2991 3193 3062 Hierosolymitana
3219 2989 3400 3044 clades
3435 2988 3582 3043 acci-

2001 3085 2082 3140 dit
2117 3099 2262 3138 anuo
2317 3101 2385 3138 xi.
2434 3093 2554 3150 post
2588 3082 2929 3148 Passionem,
2963 3091 3023 3136 ιιι
3075 3091 3285 3135 veteres
3338 3079 3584 3148 plerique

2003 3183 2298 3239 testantur,
2357 3171 2742 3244 Hieronymus,
2773 3171 3042 3226 Eusebius
3076 3171 3112 3224 l.
3149 3185 3206 3224 ιιι
3247 3168 3418 3233 llist.,
3449 3185 3500 3221 r.
3524 3171 3584 3234 8,

2001 3277 2055 3322 et
2075 3268 2170 3321 lib.
2209 3282 2260 3320 γι
2297 3265 2374 3319 De
2403 3265 2740 3332 demonsl.,c.
2776 3263 2862 3326 i6,
2885 3260 3336 3332 Clirysostomus,
3363 3276 3430 3314 ac
3458 3259 3586 3313 reli-

2003 3357 2118 3428 qui.
2151 3356 2350 3411 Eversa
2392 3364 2523 3412 sunt
2553 3364 2733 3409 autem
2758 3353 3131 3424 Hierosolyma
3168 3368 3314 3407 anno
3345 3351 3588 3406 secundo

2007 3448 2351 3518 Vespasiani,
2388 3446 2607 3501 Juliauo
2662 3462 2808 3500 anno
2862 3446 2984 3510 115,
3034 3445 3264 3515 proinde
3313 3458 3458 3498 anno
3521 3440 3591 3496 76

2004 3539 2208 3594 Christi
2249 3537 2443 3594 Passio
2472 3536 2743 3607 congruit.
2780 3536 2988 3590 Caetera
3026 3549 3094 3588 ex
3141 3532 3358 3589 Dekerii
3403 3539 3458 3588 et
3483 3531 3592 3588 Kc-

2009 3631 2138 3702 plcri
2173 3628 2593 3684 Commentariis
2627 3630 2914 3696 repetenda
2944 3635 3092 3680 sunt.

2080 3725 2146 3779 At
2189 3738 2450 3794 urgemur
2479 3719 2793 3791 Plilcgontis
2820 3719 2873 3772 in
2911 3718 3122 3788 primis,
3151 3727 3201 3772 et
3231 3715 3410 3770 Thalli
3441 3718 3594 3771 testi-

2013 3818 2219 3879 monio,
2266 3815 2358 3884 qui
2409 3829 2554 3868 anno
2603 3827 2654 3866 Iv
2702 3810 2906 3881 olymp.
2958 3808 3065 3862 262
3094 3807 3408 3863 horribilem
3460 3807 3592 3860 solis

2011 3903 2240 3971 eclipsin
2284 3901 2552 3956 accidisse
2607 3907 2936 3963 memorant,
2986 3898 3088 3952 hoc
3120 3907 3203 3951 est
3228 3895 3449 3950 Juliano
3477 3894 3546 3949 78
3577 3915 3590 3949 :

2013 4011 2178 4066 quam
2229 3994 2376 4048 illam
2434 3995 2606 4062 ipsam
2639 4007 2782 4056 esse,
2811 4007 2934 4061 quzc
2988 3991 3091 4046 sub
3136 3989 3353 4043 Domini
3404 4004 3594 4043 necem

2014 4088 2264 4158 contigit,
2299 4087 2510 4156 antiqui
2555 4084 2744 4140 Patres
2798 4084 3248 4153 interpretantur,
3278 4081 3592 4147 Africanus,

2015 4177 2403 4248 Hieronymus,
2433 4175 2720 4241 Eusebius,
2752 4183 2807 4229 et
2838 4175 2949 4229 alii.
2999 4173 3112 4229 Hoc
3155 4181 3478 4243 argumento
3513 4172 3597 4224 in-

2018 4281 2165 4327 stant
2203 4270 2278 4324 illi
2319 4269 2591 4340 praacipue
2637 4268 2730 4337 qui
2781 4267 2933 4336 plura
2969 4282 3134 4336 quam
3177 4265 3278 4320 tria
3330 4263 3598 4318 Paschala

2021 4365 2312 4419 Dominum
2343 4364 2590 4432 exegisse
2635 4359 2994 4422 contendunt,
3025 4373 3202 4427 neque
3231 4358 3365 4413 satis
3392 4356 3602 4425 puden-

2020 4459 2090 4513 tis
2113 4470 2234 4511 esse
2267 4454 2508 4508 hominis
2535 4452 2870 4513 existimant,
2899 4460 3063 4503 tantm
3087 4447 3433 4502 auctoritatis
3463 4461 3602 4517 prte-

333 4567 487 4606 mone
511 4565 564 4603 tu
595 4548 707 4602 dies
734 4546 1124 4617 signiﬁcantur.
1153 4541 1316 4598 Certe
1346 4542 1411 4595 A.
1449 4541 1510 4596 I).
1545 4557 1577 4593 x
1611 4539 1730 4594 Kal.
1775 4539 1916 4593 idem
1949 4565 1999 4626 ι)
2020 4545 2229 4617 judicio
2284 4558 2348 4598 ac
2401 4551 2504 4613 tot,
2545 4541 2873 4610 scriptorum
2913 4539 3265 4594 consensioni
3312 4537 3596 4607 refragari.

333 4650 420 4697 est
449 4639 594 4712 quod
627 4656 654 4692 x
675 4636 818 4704 Kal,
847 4634 1311 4707 quemadmodum
1342 4642 1468 4687 ante
1500 4630 1620 4689 Kal.
1642 4631 1920 4701 proximas

343 4735 487 4789 idem
513 4739 600 4786 est
629 4729 775 4799 quod
799 4726 920 4781 Kal.
956 4724 1240 4796 proximis,
1273 4724 1310 4779 Ι.
1353 4722 1423 4777 56
1455 4722 1482 4791 §
1511 4723 1616 4787 Qui
1645 4725 1724 4775 ita
1754 4723 1922 4790 stipu-

337 4824 510 4896 latur,
541 4820 606 4877 ί).
639 4822 707 4876 de
755 4819 918 4873 Verb.
952 4817 1076 4872 Obl.
1136 4813 1474 4869 Subauditur
1499 4813 1644 4867 enim
1680 4811 1921 4881 aliquid;

2028 4635 2132 4691 Sed
2165 4634 2296 4688 illud
2329 4633 2597 4701 inprimis
2643 4631 2768 4686 volo
2818 4629 2951 4684 mihi
3001 4630 3385 4700 respondeant,
3435 4642 3602 4682 eosne

2027 4735 2238 4797 putent,
2255 4741 2286 4779 a
2309 4723 2508 4794 quibus
2538 4721 2854 4790 Phlegontis
2877 4719 3249 4778 testimonium
3272 4719 3606 4784 didicerunt,

2029 4820 2380 4890 l’hlegontem
2428 4817 2606 4886 ipsum
2639 4814 2858 4886 legisse.
2909 4812 3065 4880 Quod
3092 4813 3182 4866 ubi
3217 4809 3453 4866 confessi
3484 4808 3603 4863 fue-

341 4927 403 4972 ut
426 4917 500 4972 sit
533 4916 744 4985 integra
794 4913 999 4968 locutio
1021 4951 1036 4976 ,
1086 4918 1209 4963 ante
1251 4909 1392 4962 diem
1423 4905 1748 4960 absolutum.
1787 4903 1926 4958 Hinc

340 5019 428 5065 est
471 5009 617 5078 quo-.l
657 5006 954 5061 Gallicana:
984 5001 1698 5060 Ecclesimllesurrectionis
1723 4999 1923 5054 festum

345 5103 399 5156 in
434 5115 542 5154 xxv
603 5098 782 5152 Martii
812 5097 1125 5160 deﬁxerint,
1162 5105 1222 5150 ut
1252 5104 1445 5150 auctor
1481 5102 1566 5149 est
1601 5092 1742 5147 Beda
1777 5106 1790 5142 :
1833 5089 1927 5159 qui

342 5202 400 5248 ct
430 5193 546 5261 ipse
579 5191 674 5245 lib.
709 5190 784 5243 De
815 5199 971 5258 temp.
997 5197 1262 5257 rut.,cap.
1293 5188 1384 5253 67,
1409 5185 1624 5241 decimo
1654 5183 1774 5237 Kal.
1801 5198 1928 5252 pas-

345 5302 468 5341 sum
504 5285 782 5340 existimat
816 5283 1127 5347 Christum,
1179 5282 1281 5336 etsi
1310 5296 1432 5350 cap.
1475 5280 1566 5345 47,
1595 5279 1648 5332 id
1679 5294 1771 5332 vm
1806 5275 1924 5331 Kal.

348 5382 555 5437 factum
584 5387 879 5435 asseveret.
909 5375 1070 5430 Plura
1104 5375 1246 5444 apud
1289 5373 1576 5428 Dckerium
1612 5369 1780 5424 videri
1805 5385 1931 5439 pos-

349 5483 498 5530 sunt.
536 5471 750 5539 Quibus
788 5468 1119 5523 testimoniis
1161 5467 1414 5526 ellicitur,
1468 5464 1687 5518 Juliano
1713 5463 1782 5517 76
1806 5477 1930 5532 pas-

349 5582 474 5622 sum
491 5581 614 5621 esse
641 5563 950 5626 Dominum,
980 5560 1158 5615 Martii
1193 5575 1349 5614 χχιιι.
1379 5559 1554 5628 Atque
1579 5556 1935 5625 haecinsuper

352 5659 598 5714 Africani
642 5655 999 5711 vetustissimi
1048 5651 1284 5723 theologi
1321 5650 1592 5707 sententia
1642 5647 1774 5712 fuit;
1839 5646 1934 5717 qui

353 5765 580 5824 passum
612 5749 784 5803 voluit
807 5747 1087 5803 Christum
1119 5759 1264 5799 anno
1300 5745 1322 5798 l
1363 5743 1566 5814 olymp.
1603 5739 1729 5806 262,
1763 5750 1822 5794 ut
1851 5755 1935 5793 re-

333 5851 464 5903 ἰω-ι
481 5842 748 5901 Eusebius
773 5840 852 5911 (in
878 5838 1076 5897 Chron.
1101 5836 1286 5894 στωεο
1302 5851 1356 5906 p.
1385 5836 1496 5906 63).
1530 5833 1632 5889 Cui
1663 5844 1718 5887 et
1745 5833 1936 5887 Patres

2028 4910 2169 4973 rint,
2205 4917 2316 4962 tum
2348 4907 2482 4978 quid
2514 4920 2696 4961 causa:
2733 4911 2807 4958 sit
2826 4903 3128 4974 explicent,
3156 4917 3254 4953 cur
3294 4900 3478 4954 iident,
3508 4896 3603 4965 qui

2031 5003 2211 5058 solare
2235 5000 2557 5069 deliquium,
2591 4997 2734 5068 quod
2762 5012 2793 5051 a
2808 4994 3102 5065 Phlegontc
3117 4993 3608 5061 commemoratur,

2030 5094 2161 5148 illud
2202 5107 2326 5147 esse
2380 5100 2650 5152 statuunt,
2703 5088 2849 5158 quod
2901 5087 3005 5140 sub
3041 5081 3243 5136 Clll‘isll
3283 5078 3606 5136 Passionem

2031 5185 2279 5253 contigit,
2311 5180 2561 5238 Passieni
2584 5191 2764 5234 tamen
2791 5177 2893 5245 ipsi
2918 5182 3026 5230 no‘n
3054 5182 3307 5242 quartum
3342 5167 3610 5239 olympia-

2031 5278 2118 5332 dis
2167 5290 2369 5330 annum
2436 5273 2530 5328 εγά
2575 5270 2899 5335 secundum,
2950 5265 3239 5322 tertiumve
3277 5258 3607 5331 pt'arliniant.

2035 5368 2324 5423 Africanus
2345 5365 2492 5420 enim
2523 5363 2665 5433 apud
2695 5360 3083 5429 Hieronymum
3120 5353 3174 5408 in
3205 5360 3440 5422 caput”;
3473 5347 3608 5401 Dan.

2035 5469 2089 5514 et
2112 5460 2164 5513 in
2189 5455 2409 5512 Eusebii
2444 5453 2786 5524 fragmentis,
2816 5464 2938 5518 pag.
2964 5448 3053 5511 65,
3078 5446 3354 5500 Christum
3386 5453 3611 5511 passum

2036 5552 2274 5606 asseruit
2323 5561 2470 5602 anno
2493 5541 2735 5599 secundo
2795 5541 3000 5611 olymp.
3047 5537 3188 5601 202,
3223 5533 3494 5590 Eusebius
3563 5538 3620 5582 et

2039 5639 2406 5710 Hieronymus
2460 5649 2604 5688 anno
2669 5631 2853 5686 tertio.
2900 5629 3042 5696 Quid
3092 5636 3276 5681 autem
3323 5621 3621 5678 absurdius

2037 5746 2143 5799 cst,
2170 5748 2334 5804 quam
2377 5727 2691 5798 Pltlegontis
2715 5725 2978 5780 adversus
3012 5720 3240 5792 gentiles
3274 5717 3618 5773 auctoritate,

2039 5839 2202 5899 atque
2229 5823 2418 5896 eclipsi
2434 5823 2526 5880 illa
2559 5821 2691 5878 solis
2727 5826 2990 5884 utentem,
3029 5829 3195 5886 quam
3225 5813 3273 5867 is
3297 5816 3496 5878 quarto
3521 5818 3620 5859 an—
