3994 6222
511 421 606 476 979

1606 406 1957 468 APPENDIX
1998 403 2628 466 DISSERTATIONUM.

3644 406 3743 463 98b

506 550 577 590 no
616 530 911 599 contigisse
936 529 1172 593 dixerat,
1208 543 1316 582 non
1363 528 1538 583 eidem
1580 541 1725 580 anno
1760 523 2081 579 Passionem
2111 527 2158 583 Α
2187 539 2334 578 anno
2365 523 2457 578 illo
2488 524 2558 578 54
2595 524 2747 594 cyclo
2800 522 2942 577 lunae
2988 537 3102 587 xvi,
3139 521 3272 577 solis
3316 537 3380 575 xv
3413 520 3743 576 novilunium

503 621 784 678 tribucre?
815 619 1182 686 Quamobrem
1207 634 1273 672 ne
1323 617 1456 672 tanti
1508 616 1769 685 stuporis,
1811 623 1975 682 atque
2000 611 2086 665 in-

503 713 696 776 scitiae,
750 711 860 765 imo
909 710 1381 780 praevaricationis
1429 707 1740 778 gravissimi
1775 706 1852 758 illi
1892 703 2086 757 Patres

501 810 827 872 arguantur,
875 817 941 857 eo
984 803 1202 856 demum
1271 799 1584 856 necessario
1640 796 1978 861 redigimur,
2025 802 2086 846 ιιι

505 893 818 963 Pltlegontis
871 895 1243 949 testimonium
1277 892 1410 947 illud
1463 892 1656 944 vitiose
1707 890 1774 943 ab
1821 885 2082 949 librariis,

503 997 598 1042 aut
644 986 976 1058 Hieronymo
1011 987 1129 1056 ipso
1186 987 1436 1040 dicamus
1471 986 1524 1037 in
1558 979 1846 1037 Chronicis
1865 992 2087 1047 expres-

505 1094 650 1132 sum.
679 1077 823 1132 Sane
855 1094 909 1130 tn
954 1076 1145 1132 Graeco
1193 1076 1414 1131 Eusebii
1459 1074 1741 1137 Chronico,
1788 1085 1911 1139 pag.
1963 1063 2082 1129 H8.

505 1169 578 1223 ita
631 1167 893 1238 scriptum
965 1178 1098 1222 est:
1166 1166 1256 1236 Τῷ
1307 1167 1361 1219 δὲ
1419 1164 1528 1218 ἔτει
1583 1164 1683 1232 τῆς
1735 1160 1813 1230 σβ¹
1887 1157 2084 1226 Ὀλυμ-

506 1261 710 1322 πιὰδος·
746 1269 805 1314 ιιι
834 1268 1092 1328 appareat
1119 1258 1371 1311 extritam
1406 1255 1575 1310 fuisse
1629 1250 1962 1307 numeralem
1989 1264 2086 1301 no—

508 1363 641 1417 tam,
689 1366 786 1420 pro
835 1365 942 1420 qua
991 1358 1320 1419 anagnostes
1390 1343 1711 1414 Hieronymi
1779 1339 1843 1406 δ’,
1899 1340 1950 1392 id
2002 1348 2086 1393 est

505 1452 760 1511 quarttnn
818 1456 1023 1494 annum
1075 1423 1285 1509 legerit,
1330 1453 1454 1492 cum
1493 1445 1638 1491 esset
1670 1431 1984 1501 cunjunctio
2004 1429 2082 1482 δέ.

503 1534 572 1585 At
601 1531 858 1601 Keplerus
876 1531 930 1584 in
949 1529 1157 1599 Eclogis
1181 1527 1528 1598 Phlegontem
1560 1522 1870 1592 suspicatur
1893 1521 1958 1574 de
1977 1520 2083 1572 alia

506 1622 641 1676 solis
671 1621 858 1692 eclipsi
889 1621 1153 1684 locutum,
1200 1634 1323 1688 qua:
1353 1631 1498 1670 anno
1540 1615 1714 1685 primo
1753 1612 1957 1682 olymp.
1977 1609 2085 1663 20?.

505 1714 756 1784 contigit,
806 1712 942 1769 Nov.
999 1727 1149 1777 xxiv,
1201 1725 1346 1764 anno
1392 1707 1611 1762 Juliano
1643 1705 1730 1771 74,
1773 1717 2002 1774 quasque
2028 1702 2081 1754 in

505 1807 657 1870 Asia,
686 1806 770 1860 vel
806 1806 962 1877 Syria
1002 1805 1185 1860 totalis
1215 1804 1338 1868 fuit,
1368 1803 1502 1856 hora
1531 1815 1659 1865 una,
1687 1810 1849 1867 atque
1909 1795 2080 1850 altera

2187 634 2378 674 verum
2413 620 2604 674 incidit
2638 620 2692 673 in
2718 618 2895 673 Martii
2925 634 3001 684 ιιι,
3035 617 3188 673 horis
3218 633 3247 667 ν
3271 631 3394 674 cum
3421 616 3615 670 triente
3642 615 3747 670 fere

2186 725 2216 763 a
2252 710 2429 764 media
2482 719 2660 773 nocte,
2711 719 2839 764 octo
2874 710 3094 764 circiter
3142 709 3293 764 horis
3350 715 3474 776 post
3521 705 3742 760 mediam

2183 799 2648 867 conjunctionem,
2681 814 2804 868 qua:
2828 814 3008 854 veram
3035 797 3348 868 antecessit,
3371 796 3426 849 in
3455 793 3748 848 meridiano

2183 886 2701 959 Hierosolymitano.
2737 887 2920 954 Quare
2971 888 3166 942 falsum
3219 894 3305 941 est
3345 884 3504 941 tertio
3537 883 3746 938 demum

2182 981 2291 1043 die,
2315 983 2417 1036 hoc
2436 990 2520 1036 est
2547 998 2622 1037 xu
2648 981 2849 1045 Martii,
2881 981 3222 1037 neomeniam
3252 993 3372 1034 esse
3394 976 3650 1032 deﬁxam.

2251 1072 2372 1127 Col.
2398 1072 2502 1126 955
2535 1072 2596 1127 C.
2621 1072 2849 1142 Πάσχει
2869 1071 2937 1125 δὲ
2951 1073 3019 1126 ἐν
3033 1071 3107 1140 τῇ
3121 1070 3234 1140 πρὸ
3244 1069 3587 1136 δεκατριῶν.
3605 1065 3748 1122 Nulia

2188 1161 2405 1233 Sibylla:
2428 1161 2577 1229 folia,
2604 1178 2778 1232 neque
2809 1161 3068 1233 Sphingis
3107 1161 3394 1229 amigmata
3416 1174 3544 1213 cum
3565 1173 3747 1212 eorum

2185 1270 2309 1324 qua:
2328 1263 2631 1324 sequuntur
2653 1254 2988 1309 obscuritate
3003 1252 3237 1308 conferri
3255 1260 3485 1322 possunt
3504 1269 3518 1305 :
3555 1265 3676 1320 qua:
3689 1265 3750 1305 ne

2184 1346 2272 1399 ille
2309 1345 2528 1415 quidem
2576 1344 2985 1399 eruditissimus
3013 1344 3433 1398 mathematicus
3468 1353 3749 1398 assecutus

2183 1446 2292 1502 est,
2318 1437 2411 1507 qui
2437 1438 2581 1492 hunc
2601 1437 2812 1508 cycium
2843 1436 3197 1491 solertissime
3218 1435 3534 1490 declaravit.
3559 1437 3618 1490 In
3657 1434 3751 1503 pri-

2183 1527 2288 1582 mis
2310 1527 2454 1580 enim
2479 1525 2698 1582 Iudaeos
2724 1527 2800 1580 ait
2828 1525 3148 1597 ὑπερϐάσει,
3175 1526 3278 1580 hoc
3291 1535 3375 1580 est
3403 1525 3752 1580 translatione

2184 1617 2394 1672 Pascha
2413 1618 2788 1684 submovisse;
2815 1617 3093 1672 Christum
3121 1631 3250 1671 vero
3279 1631 3501 1686 passum
3519 1615 3650 1669 luna
3670 1630 3751 1668 xtv

2185 1709 2474 1777 νυκτερινῇ
2493 1706 2653 1777 μέσῃ.
2674 1707 2884 1775 Optime
2903 1705 3360 1776 Kepleruslunam
3379 1706 3469 1760 hic
3480 1702 3753 1759 Nicaenam

2186 1798 2456 1866 intelligit.
2503 1797 2706 1854 Passus
2745 1805 2826 1852 est
2871 1807 3082 1862 autem,
3117 1805 3174 1850 ιιι
3200 1798 3370 1851 credit
3397 1796 3751 1867 Epiphanius,

506 1905 632 1950 ante
661 1870 959 1950 meridiem.
987 1893 1140 1960 Quod
1163 1909 1286 1948 cum
1335 1892 1646 1955 Africanus,
1673 1898 1727 1942 et
1751 1888 1840 1941 alii
1869 1887 1933 1938 ad
1959 1900 2079 1939 eam
2113 1870 2154 1924 Β
2189 1905 2287 1942 xm
2321 1889 2438 1944 Kal.
2471 1891 2624 1960 Apr.,
2655 1891 2708 1944 id
2734 1898 2819 1945 est
2847 1889 3024 1944 Martii
3049 1907 3140 1944 xx.
3172 1890 3334 1960 Atqui
3367 1890 3498 1944 luna
3527 1898 3645 1943 tum
3669 1887 3754 1942 Ni—

505 1986 906 2056 Olympiadem,
943 2001 1052 2056 qua
1104 1999 1296 2055 passus
1345 1991 1429 2038 est
1468 1981 1753 2042 Dominus,
1789 1979 2081 2034 convenire

505 2087 806 2138 cernerent.
837 2078 979 2132 idem
1011 2077 1142 2132 illud
1174 2075 1473 2144 deliquium
1509 2073 1641 2128 solis
1676 2087 1797 2126 esse
1825 2071 1924 2125 sibi
1961 2085 2083 2139 per-

505 2177 824 2234 suaserunt,
855 2169 1020 2237 quod,
1051 2167 1273 2222 Christo
1303 2164 1565 2235 patiente,
1611 2171 1804 2233 praeter
1825 2169 2078 2214 naturatn

503 2262 779 2317 evenerat;
809 2260 1096 2316 Postremo
1131 2274 1255 2313 cum
1287 2257 1546 2312 obductio
1572 2256 1661 2310 illa
1685 2255 1825 2309 lucis
1855 2261 2081 2306 natura-

501 2352 570 2407 lis
603 2368 708 2406 ιιοιι
750 2351 938 2417 fuerit,
965 2364 1144 2420 neque
1167 2365 1234 2404 ex
1272 2347 1675 2402 mathematicis
1698 2345 1897 2399 tabulis
1926 2344 2080 2398 inda-

502 2443 616 2511 gari
644 2443 899 2512 potuerit,
933 2458 1040 2495 non
1072 2440 1291 2494 aliunde
1323 2439 1583 2508 Phlegon,
1617 2437 1662 2492 si
1695 2437 1815 2505 ejus
1842 2434 2078 2488 mentio-

501 2553 623 2589 nent
661 2537 859 2606 attigit,
894 2551 1061 2605 quam
1113 2550 1179 2590 ex
1219 2535 1451 2590 aliorum
1494 2532 1876 2588 testilicatione
1929 2530 2075 2584 illam

500 2628 808 2694 comperit:
847 2627 899 2678 in
931 2642 1040 2694 quo
1074 2625 1232 2680 facile
1258 2626 1414 2680 locus
1449 2623 1624 2678 errori
1659 2606 1784 2686 fuit,
1828 2629 1885 2676 ut
1942 2621 2079 2675 alter

502 2734 600 2787 pro
636 2720 808 2771 altero
861 2734 1040 2772 annus
1092 2718 1162 2772 ab
1211 2733 1278 2772 eo
1329 2716 1780 2773 substitueretur.
1816 2715 1975 2768 Aliud
2009 2729 2076 2768 ex

499 2807 743 2879 Dionysii
780 2809 1117 2879 Areopagitae
1151 2808 1378 2864 historia
1403 2809 1542 2863 solet
1574 2807 1761 2876 objici.
1797 2806 1897 2860 ilic
1930 2805 2072 2860 enim

500 2899 659 2968 epist.
706 2915 780 2953 vu
832 2901 900 2952 ad
938 2898 1294 2970 Polycarpum
1331 2915 1611 2969 exponens
1641 2915 1762 2969 qua:
1802 2899 1919 2968 ipso
1947 2896 2078 2952 Pas-

501 2991 674 3045 sionis
707 3002 952 3060 tempore
984 3007 1110 3046 cum
1139 2992 1516 3061 Apollophane
1548 2989 1814 3061 Heliopoli
1843 2989 2073 3051 viderat,

499 3083 856 3151 plenilunium
887 3093 1017 3138 tunc
1061 3082 1232 3138 fuisse
1272 3084 1563 3154 signiﬁcat.
1606 3080 1740 3136 Nam
1783 3090 1904 3152 post
1941 3080 2076 3134 ecli-

497 3175 645 3245 psin,
679 3175 774 3228 καὶ
805 3175 902 3245 τὴν
929 3174 1347 3246 ὲπιπρόσϐησιν,
1377 3176 1456 3238 εἰς
1485 3175 1544 3227 τὸ
1576 3174 1670 3228 τοῦ
1705 3174 1854 3245 ἡλίου
1883 3173 2080 3243 διάμε-

495 3285 625 3340 τρον
646 3267 1326 3337 ἀντικαταστῆναι,1ιιιιειιιι
1362 3267 1582 3330 asserit,
1615 3266 1719 3321 hoc
1744 3277 1826 3320 est
1852 3266 1905 3318 in
1945 3280 2070 3318 eum

497 3358 621 3413 caeli
678 3358 862 3414 locum
913 3372 1249 3424 pervenisse,
1280 3357 1375 3427 qui
1409 3373 1440 3412 e
1478 3356 1745 3412 diametro
1791 3356 1959 3411 solem
1992 3371 2078 3409 re-

495 3448 753 3518 spiceret.
775 3447 878 3504 Sed
910 3462 973 3504 ex
1016 3448 1122 3503 illis
1160 3447 1404 3520 Dionysii
1431 3448 1610 3503 verbis
1631 3447 1766 3501 nihil
1799 3448 1866 3503 de
1904 3447 2078 3517 pleni-

496 3537 652 3592 iunio
698 3538 1003 3608 colligitur;
1057 3547 1116 3594 ut
1172 3540 1318 3596 enim
1386 3540 1571 3594 lunam
1619 3548 1750 3593 tunc
1796 3538 2076 3609 ἀμφίκυρ-

493 3643 586 3680 τον
619 3627 788 3683 fuisse
824 3630 1036 3697 demus,
1060 3647 1184 3686 cum
1216 3648 1277 3686 ea
1319 3637 1442 3702 post
1465 3629 1861 3700 ἐπιπρόσθησιν
1898 3629 2077 3699 pristi-

495 3733 628 3772 num
660 3719 727 3772 ad
755 3717 934 3772 locum
984 3721 1382 3790 regrederetur,
1413 3735 1510 3792 per
1537 3733 1655 3772 eam
1689 3719 1811 3774 cmli
1838 3719 2073 3789 plagam,

495 3826 619 3881 quas
651 3810 753 3866 soli
787 3827 853 3866 ex
871 3811 1101 3866 adverso
1134 3823 1255 3867 erat
1282 3810 1552 3882 opposita,
1587 3810 1873 3864 transiisse
1896 3809 2074 3864 solum

494 3905 720 3968 dicitur,
762 3919 868 3958 non
899 3909 952 3958 in
990 3919 1054 3958 ea
1081 3904 1419 3961 constitisse.
1445 3903 1575 3960 Plus
1604 3903 1749 3959 etaim
1787 3901 2075 3956 dimidiato

497 3998 632 4055 orbe
674 3998 964 4068 percurrit,
1009 3997 1279 4064 Quocirca
1310 3998 1446 4052 nihil
1478 3999 1726 4068 estquod
1760 3994 2073 4068 Epipbanii,

493 4091 739 4162 adeoque
779 4091 1058 4147 communi
1109 4091 1462 4160 antiquorum
1509 4089 1732 4148 Patrum
1788 4098 2074 4146 sentcntiae

493 4183 562 4238 de
594 4185 754 4238 vero‘
775 4183 1056 4240 Passionis
1090 4199 1237 4238 anno
1271 4186 1546 4255 negotium
1594 4184 1854 4240 facessat.
1915 4182 2072 4239 Nunc

491 4277 734 4330 aui-toris
787 4276 950 4330 verba
1004 4276 1321 4347 singillatim
1355 4277 1765 4347 expendemus;
1807 4278 1852 4332 si
1893 4277 2068 4345 prius,

491 4369 637 4437 quod
692 4370 1082 4439 prOpemodum
1111 4371 1408 4436 exciderat,
1466 4369 1681 4427 Onufrii
1718 4387 1785 4426 ex
1832 4371 2070 4426 Gaurion

492 4461 818 4515 sententiam
883 4461 950 4516 de
1002 4462 1207 4518 Christi
1261 4460 1527 4517 Passione
1585 4463 1918 4518 refellamus.
1971 4462 2071 4518 ilic

2184 1997 2355 2046 cazna,
2397 1983 2587 2038 eodem
2617 1981 2922 2052 Epiphanio
2951 1992 3197 2042 auctore.
3238 1982 3337 2037 fuit
3371 1999 3494 2049 xm,
3533 1983 3644 2037 sub
3673 1997 3754 2036 ve-

2182 2089 2400 2143 speram
2441 2083 2621 2129 autem
2654 2075 2818 2144 rwpit
2851 2089 2962 2138 xiv,
2998 2089 3122 2128 cum
3162 2073 3214 2128 in
3245 2075 3400 2144 cyclo
3421 2073 3658 2128 Judaico
3680 2072 3754 2126 vi-

2181 2169 2322 2223 tioso
2348 2178 2496 2223 esset
2532 2184 2622 2232 xv,
2657 2179 2917 2238 sequente
2947 2183 3062 2222 xvr.
3091 2168 3194 2223 Sed
3217 2167 3337 2220 καθ’
3365 2167 3673 2237 ὑπέρϐασιν
3694 2166 3754 2219 ab

2183 2256 2378 2311 iisdem
2423 2271 2510 2310 xtv
2551 2254 2695 2310 facta
2734 2265 2837 2319 est,
2872 2271 2995 2311 cum
3028 2256 3082 2310 in
3115 2271 3235 2311 eam
3267 2254 3479 2310 Pascha
3511 2254 3753 2324 traiecis-

2182 2355 2323 2404 sent.
2355 2347 2556 2404 Verum
2598 2349 2666 2404 de
2709 2349 2811 2404 hac
2855 2349 3157 2418 posteriore
3185 2349 3356 2417 accipi
3391 2363 3499 2402 non
3530 2357 3752 2417 potest:

2181 2441 2308 2510 quia
2339 2442 2659 2514 νυκτερινήν
2682 2441 2830 2497 illam
2863 2449 3036 2496 vocat.
3055 2439 3259 2496 ludatis
3285 2455 3414 2495 vero
3439 2449 3568 2510 post
3601 2439 3753 2510 μετά-

2182 2533 2338 2586 ϐασιν
2361 2549 2449 2587 xiv
2473 2534 2634 2589 desiit
2657 2535 2708 2588 in
2735 2551 2833 2589 xv:
2855 2536 3082 2606 ideoque
3114 2536 3216 2589 fuit
3237 2532 3474 2606 ἡμερινὴ
3504 2551 3596 2589 xv.
3623 2534 3754 2588 Fieri

2181 2633 2381 2692 potest,
2413 2633 2472 2678 ut
2492 2626 2928 2681 emendationem
2953 2628 3043 2681 hic
3072 2628 3226 2682 locus
3252 2627 3454 2696 potius,
3478 2642 3650 2696 quam
3676 2627 3753 2679 in-

2181 2716 2622 2783 terpretationem
2652 2717 2928 2785 requirat:
2956 2718 3350 2788 legendumque
3369 2717 3474 2781 sit;
3504 2733 3753 2787 τρισκαι-

2178 2805 2377 2875 δεκάτη
2402 2806 2634 2878 ἡμερινὴ
2667 2808 2828 2878 μέση·
2874 2809 2975 2864 hoc
2994 2818 3078 2863 est
3107 2811 3229 2862 luna
3256 2823 3376 2868 χιιι,
3400 2824 3524 2877 quae
3548 2809 3619 2862 ab
3640 2818 3753 2862 ortu

2139 2940 2144 2942 -
2181 2899 2313 2954 solis
2345 2900 2552 2969 incipit,
2588 2900 2822 2966 labente,
2860 2901 2970 2955 imo
3004 2900 3312 2970 μεσαζούσῃ
3345 2900 3450 2954 sub
3476 2899 3753 2954 meridiem

2178 2991 2430 3047 videlicet
2479 2991 2607 3057 diei,
2656 3007 2766 3061 quo
2808 2992 3039 3047 civiliter
3092 3008 3189 3045 χιιι
3233 2992 3360 3045 luna
3410 2999 3752 3044 numeratur.

2178 3082 2333 3148 Quod
2370 3083 2475 3138 nisi
2500 3084 2574 3138 ita
2599 3093 2704 3148 est,
2736 3083 2872 3137 nihil
2911 3085 3150 3138 occurrit
3188 3083 3388 3151 aptius,
3417 3096 3591 3151 quam
3616 3081 3754 3151 quod

2184 3173 2413 3242 Keplero
2453 3173 2677 3242 placuit,
2719 3173 2985 3229 decimam
3032 3183 3276 3243 quartam
3319 3172 3626 3236 Nicaeuam,
3669 3188 3753 3225 vo-

2181 3265 2298 3318 cari
2339 3281 2472 3332 xtu;
2513 3265 2658 3334 quod
2701 3265 2752 3318 in
2804 3281 2923 3320 eam
2958 3275 3172 3320 noctem
3202 3265 3436 3326 desinat,
3467 3281 3495 3317 ει
3529 3280 3642 3334 qua
3673 3279 3755 3317 xtv

2179 3355 2396 3408 initium
2428 3355 2672 3424 accepit:
2703 3357 3162 3425 quemadmodum
3186 3355 3305 3410 dies
3333 3356 3670 3424 Azymornm
3693 3353 3755 3406 ab

2177 3447 2528 3516 cvangelistis
2560 3447 2859 3502 Parasceve
2901 3449 3014 3517 ipsa
3051 3445 3358 3511 Pascbatis,
3400 3446 3514 3501 sive
3549 3446 3754 3500 decima

2178 3548 2372 3606 quarta
2415 3539 2620 3594 mensis
2655 3539 2960 3610 appellatur
2986 3539 3128 3592 κατὰ
3158 3537 3448 3609 πρόληψιν.
3501 3536 3612 3592 Sed
3646 3545 3753 3588 ttnn

2182 3629 2322 3700 μέση
2357 3646 2484 3696 vox,
2516 3631 2559 3685 si
2590 3631 2868 3686 meridiem
2896 3630 3184 3701 signiticet,
3216 3645 3410 3698 parum
3432 3637 3560 3696 apte
3579 3629 3754 3682 cohae-

2179 3721 2335 3776 rebit.
2371 3721 2486 3776 Non
2519 3722 2662 3776 enim
2699 3730 2782 3776 est
2818 3719 3105 3793 νυκτερινὴ
3147 3719 3310 3790 μέση,
3361 3735 3483 3789 qua:
3538 3717 3754 3772 nonnisi

2178 3823 2302 3884 p0st
2331 3830 2610 3884 vesperam
2639 3814 2824 3884 coepit.
2873 3814 2977 3868 Sed
3022 3829 3200 3884 neque
3230 3812 3440 3867 medios
3474 3811 3544 3865 ad
3578 3821 3756 3865 motus

2177 3910 2577 3964 astronomicos
2619 3924 2738 3962 mea
2789 3908 3058 3963 sententia
3108 3906 3350 3977 respexit
3391 3905 3753 3976 Epiphanius.

2177 4001 2540 4068 Quamobrem
2567 4002 2627 4054 τὸ
2658 4001 2796 4073 μέση
2823 4000 3012 4056 abesse
3039 4016 3134 4070 per
3157 4016 3243 4056 me
3268 3999 3488 4070 quidem
3521 4007 3720 4068 potest.

2248 4092 2385 4146 ibid.
2414 4094 2759 4161 Προέλαϐον
2789 4093 2919 4164 γὰρ,
2957 4094 3055 4148 καὶ
3076 4093 3322 4163 ἔφαγον.
3343 4092 3444 4148 Hic
3469 4094 3563 4147 ille
3585 4093 3754 4147 nodus

2173 4197 2255 4242 est
2276 4186 2666 4258 propemodum
2683 4185 3095 4248 inextricabilis,
3111 4201 3272 4254 quem
3290 4185 3654 4240 acutissimus
3671 4183 3755 4237 ille

2174 4279 2594 4335 mathematicus
2637 4293 2748 4334 non
2779 4277 3050 4334 dissolvit.
3095 4276 3186 4332 Sic
3229 4277 3375 4331 enim
3425 4277 3754 4345 interpreta-

2173 4381 2261 4426 tur
2294 4393 2307 4427 :
2339 4373 2593 4428 Christus
2627 4388 2750 4426 cum
2786 4370 2990 4427 Iudaeis
3016 4369 3345 4441 quibusdam
3377 4367 3595 4423 Pascha
3625 4367 3755 4422 obiit

2174 4464 2300 4517 luna
2337 4462 2563 4518 Judaica
2598 4464 2794 4518 vitiosa
2835 4480 2925 4517 xtv
2960 4472 3213 4526 exeunte,
3248 4460 3472 4518 Nicaeua
3505 4477 3608 4523 xu,
3653 4461 3754 4513 hoc

489 4549 635 4605 enim
677 4567 800 4605 cum
835 4569 980 4610 anno
1009 4569 1131 4610 aera:
1158 4553 1509 4626 Dionysianze
1541 4555 1610 4609 54
1630 4556 1781 4610 illam
1807 4557 2071 4611 accidis-e
2105 4572 2147 4629 [ι
2181 4564 2264 4608 est
2290 4569 2378 4608 x1v
2410 4553 2530 4610 Kal.
2572 4555 2728 4624 Apr.,
2760 4554 2932 4624 pridie
2974 4555 3095 4624 ejus
3135 4554 3240 4609 diei
3277 4569 3387 4623 quo
3415 4568 3619 4623 passus
3648 4559 3752 4606 est.

490 4643 794 4705 continuet,
826 4644 1004 4700 Martii
1036 4663 1184 4711 xxvr,
1209 4649 1336 4702 luna
1368 4665 1524 4715 xvm,
1559 4665 1680 4718 quae
1715 4651 2070 4704 antecedente

2172 4648 2348 4700 Biduo
2399 4647 2568 4716 igitur
2599 4646 2875 4702 Nicamam
2918 4648 3102 4708 lunam
3153 4647 3496 4716 anticipavit.
3545 4645 3753 4700 Idcirco

491 4748 717 4803 vespera
745 4733 858 4804 jam
908 4737 1163 4794 inchoata
1199 4738 1398 4805 fuerat,
1439 4741 1657 4796 Judaeos
1695 4744 1893 4797 asserit
1936 4759 2066 4797 neo-

2178 4740 2495 4811 προὲλαὸον,
2529 4743 2704 4809 inquit
2729 4741 3086 4812 Epiphanius,
3118 4741 3212 4794 mi
3233 4740 3436 4810 ἔφαγον
3468 4739 3531 4793 τὸ
3558 4739 3753 4807 Πάσχα

488 4825 726 4880 ntcniatn
759 4842 916 4881 nona
951 4829 1098 4882 coitu
1130 4830 1502 4895 luntinarium,
1542 4833 1633 4888 sed
1670 4849 1700 4886 a
1735 4833 2068 4888 corniculata

487 4917 662 4988 eﬁigie
690 4919 949 4988 empisse,
999 4921 1104 4975 hoc
1125 4930 1210 4976 est
1232 4923 1391 4978 tertio
1422 4923 1510 4977 die
1534 4933 1657 4992 post
1687 4925 2026 4978 noviluniutn
2051 4943 2063 4956 ·

485 5009 633 5081 quod
669 5027 720 5064 ιιι
753 5013 842 5066 die
874 5010 1054 5066 Martii
1087 5012 1232 5068 circa
1265 5014 1396 5069 solis
1422 5029 1678 5070 occasum
1710 5020 2064 5073 commissum

485 5113 590 5158 est.
647 5103 803 5158 Unde
857 5105 1035 5159 civilis
1087 5121 1276 5160 eorum
1328 5109 1611 5162 ncomenia
1663 5109 1771 5162 ἀπὸ
1822 5111 1919 5182 τῆς
1959 5113 2066 5180 φά-

487 5209 626 5258 σεως
659 5194 782 5249 iniit
815 5195 989 5250 Martii
1030 5212 1125 5250 xu.
1161 5197 1327 5266 Igitur
1366 5198 1575 5254 decima
1617 5200 1806 5271 quinta
1839 5201 2067 5257 incurrit

483 5288 538 5342 in
568 5303 691 5342 xxvt
718 5285 916 5342 Martii.
947 5288 1070 5344 liazc
1103 5288 1388 5346 Onufrius.
1425 5289 1556 5357 Quae
1583 5309 1706 5347 cum
1738 5309 1802 5349 ex
1837 5293 2063 5350 Jttdaica

482 5378 730 5433 doctrina
759 5377 1010 5433 hausisse
1050 5395 1109 5434 se
1138 5380 1476 5450 proﬁteatur,
1511 5383 1743 5436 multmn
1775 5393 1956 5439 tamen
1993 5386 2063 5439 ab

481 5486 544 5525 ea
569 5469 902 5540 discrepant.
928 5469 1114 5542 Neque
1146 5475 1292 5528 enim
1335 5477 1622 5530 neontenia
1659 5493 1784 5530 cum
1815 5479 1924 5530 ἀπὸ
1961 5479 2060 5550 τῆς

481 5563 696 5627 φάσεως
731 5565 1172 5632 constitueretur,
1198 5569 1374 5623 triduo
1400 5570 1469 5623 ab
1492 5586 1617 5625 vero
1647 5571 1791 5625 coitu
1819 5589 2058 5642 unquam

481 5649 676 5715 abluit,
711 5655 804 5708 sed
851 5672 960 5710 uno
985 5657 1050 5710 ad
1107 5673 1375 5715 summam
1413 5663 1500 5717 die
1529 5673 1650 5732 post
1703 5664 1853 5718 illum
1884 5665 2060 5720 civilis

482 5744 767 5796 neomenia
793 5747 1103 5801 denuntiari
1155 5753 1383 5814 solebat,
1415 5762 1474 5807 ut
1524 5770 1588 5808 cx
1623 5755 1687 5808 Ii.
1725 5756 1874 5812 Mose
1925 5773 2060 5811 con-

487 5835 609 5884 stat.
646 5829 722 5885 De
740 5848 850 5900 quo
884 5837 1004 5892 vide
1036 5837 1286 5896 Glossam
1320 5859 1440 5913 cap.
1483 5846 1507 5897 1
1565 5847 1859 5902 Kiddusch.
1893 5849 2056 5919 Atqui

2170 4833 2337 4885 biduo
2366 4843 2490 4887 ante
2517 4833 2815 4902 legitimum
2842 4842 3078 4901 tempus,
3111 4831 3256 4901 quod
3273 4839 3393 4885 erat.
3415 4845 3506 4884 xw
3533 4828 3754 4884 Nicaena

2171 4923 2370 4978 cadens
2400 4924 2452 4978 in
2481 4939 2560 4979 xu
2594 4923 2710 4978 Kal.
2734 4922 2902 4988 Quasi
2927 4925 3038 4978 haec
3060 4924 3246 4989 verba,
3269 4921 3596 4994 προέλαϐον,
3624 4931 3752 4983 etc.,

2169 5029 2277 5068 non
2329 5014 2395 5068 de
2433 5013 2636 5070 Judaeis
2678 5014 2933 5068 omnibus
2978 5012 3296 5082 accipienda
3341 5012 3485 5076 sint,
3539 5012 3638 5067 sed
3690 5012 3755 5064 de
3822 5003 3830 5013 ’

2167 5107 2384 5162 Christo
2411 5117 2466 5162 et
2494 5107 2777 5178 apostolis,
2811 5122 2876 5160 ac
2907 5107 2950 5160 si
2999 5106 3091 5174 qui
3123 5116 3250 5160 sunt
3281 5105 3398 5170 alii,
3439 5103 3533 5173 qui
3578 5103 3754 5173 majo-

2169 5213 2287 5252 rum
2324 5199 2463 5253 ritus
2491 5199 2920 5253 observaverint.
2956 5195 3090 5250 Nam
3121 5195 3266 5266 quod
3299 5195 3365 5250 ad
3411 5192 3638 5248 Iudaeos
3671 5208 3754 5245 rc-

2167 5289 2349 5361 liquos
2375 5291 2587 5357 attinet,
2617 5289 2828 5345 Pascha
2859 5303 3016 5343 suum
3050 5289 3102 5342 in
3133 5295 3408 5356 posterum
3440 5285 3608 5346 diem,
3649 5285 3750 5336 hoc

2164 5395 2246 5439 est
2272 5401 2366 5438 χιιι
2396 5383 2666 5454 Kai.,quo
2705 5398 2901 5452 passus
2931 5391 3012 5437 est
3042 5381 3319 5443 Christus,
3349 5379 3470 5433 καθ’
3501 5378 3750 5450 ὑπέρϐα-

2167 5496 2249 5532 σιν
2292 5480 2647 5548 trajecerunt.
2694 5478 2849 5533 Unde
2883 5494 2988 5531 non
3021 5477 3208 5541 biduo,
3259 5484 3320 5529 ut
3358 5475 3472 5538 alii,
3503 5474 3598 5527 sed
3639 5485 3750 5524 uno

2166 5582 2377 5626 tantum
2406 5573 2494 5627 die
2522 5571 2799 5627 Nicaenam
2845 5587 2934 5626 xtv
2979 5570 3435 5638 anticipaverunt,
3475 5565 3621 5635 quia‘
3646 5561 3749 5617 Ju-

2162 5663 2319 5718 daiea
2351 5662 2546 5716 vitiosa
2591 5679 2678 5727 xv,
2729 5659 2942 5715 Nicama
2994 5674 3091 5712 χιιι
3143 5658 3507 5712 celebrarunt.
3560 5651 3751 5719 Quare

2163 5755 2384 5826 scripsit
2433 5754 2791 5825 Epiphanius,
2853 5749 3311 5823 ὑπερϐεδηκότων
3367 5748 3545 5803 αὐτῶν
3615 5747 3750 5816 μίαν

2163 5847 2395 5917 ἡμέραν·
2429 5848 2574 5918 quod
2605 5857 2658 5904 ct
2699 5847 2898 5916 reperit
2929 5861 3080 5900 num.
3114 5844 3202 5899 27.
3244 5844 3445 5900 Verum
3479 5842 3632 5913 quod
3662 5855 3750 5895 se-
