3994 6222
286 297 390 355 981

1214 300 1301 354 DE
1340 301 1529 358 ANNO
1566 301 1654 357 ET
1694 303 1807 357 DIE
1865 300 2217 385 DOMINICA‘J
2257 297 2634 357 PASSIONIS.

3451 292 3555 351 98‘}

288 415 513 484 quitur,
548 414 682 472 feria
717 418 872 472 tertia
907 416 1115 474 Pascha
1139 422 1462 489 comedisse,
1491 425 1634 493 quod
1667 424 1802 480 feria
1833 441 1865 478 ν
1895 437 1942 490 Α
1971 424 2078 479 hoc
2108 435 2294 478 tamen
2327 422 2639 492 signiﬁcare
2689 417 2923 482 videtur,
2971 414 3196 470 Judaeos
3243 412 3556 476 nonnullos,

291 507 498 563 factum
523 509 784 578 oportuit,
817 509 871 564 in
903 526 1067 580 quam
1104 529 1191 566 xw
1223 513 1351 568 luna
1391 514 1659 586 (Iudaica,
1699 526 1754 571 et
1792 518 1873 572 vi.

291 599 456 669 tiosa)
484 611 836 662 convenerat.
872 617 1067 672 parum
1103 605 1204 660 sibi
1239 615 1495 662 constare
1531 619 1716 664 censet
1745 607 1872 678 Epi-

291 691 595 760 phanium;
631 692 724 763 qui
757 693 978 764 quidem
1010 695 1144 751 feria
1174 697 1328 753 tertia
1360 698 1635 754 Christum
1662 699 1870 756 Pascha

291 780 570 850 peregisse
592 783 738 847 velit,
763 799 886 839 cum
911 785 1038 840 luna
1061 786 1113 838 in
1140 802 1229 839 xw
1250 788 1582 855 praestiterit.
1612 787 1707 844 Est
1724 790 1869 844 enim

291 880 484 925 contra
515 868 794 942 Evangelii
827 874 1010 938 ﬁdem,
1057 874 1335 930 Christum
1377 876 1512 932 feria
1558 894 1618 932 ιιι
1666 876 1870 934 Pascha

292 962 619 1019 celebrasse.
667 963 956 1036 Propterea
1001 968 1074 1021 ita
1117 969 1506 1038 corrigendum
1541 971 1868 1026 existimat:

292 1052 572 1110 Christum
603 1055 653 1111 id
684 1057 859 1126 egisse
884 1059 1015 1113 feria
1042 1075 1092 1126 ν,
1127 1062 1271 1130 quod
1301 1063 1601 1131 oportuerit
1637 1079 1732 1118 vn.
1761 1065 1872 1132 Ego

291 1161 425 1202 vero
457 1163 583 1202 cum
625 1149 869 1204 nondum
909 1153 1219 1220 suspicarer
1253 1152 1617 1224 Epiphanium
1648 1158 1756 1210 alio
1789 1158 1873 1211 die

293 1235 572 1293 Christum
605 1239 763 1304 velle,
795 1255 959 1309 quam
995 1241 1128 1297 feria
1163 1259 1196 1296 v
1223 1240 1433 1298 Pascha
1456 1259 1616 1300 suum
1645 1246 1870 1312 obiisse,

293 1330 414 1384 haec
450 1346 572 1400 quae
597 1331 663 1387 de
693 1346 778 1398 ιιι,
809 1348 860 1386 w
896 1333 1219 1404 ezeterisque
1257 1334 1410 1392 feriis
1446 1337 1640 1406 injicit,
1673 1339 1871 1392 simili-

294 1421 504 1477 tudinis
529 1438 695 1478 causa
723 1434 980 1493 usurpata
1013 1425 1374 1483 credideram.
1415 1427 1552 1484 Nam
1584 1431 1711 1500 quia
1742 1432 1870 1486 luna

292 1513 518 1571 Judaica
553 1531 661 1580 xw,
693 1514 911 1570 Nieaena
940 1532 1070 1572 vero
1100 1534 1175 1572 xu
1214 1519 1601 1586 celebraverat,
1652 1532 1711 1577 ut
1751 1537 1870 1576 eam

294 1605 432 1677 cyeli
479 1607 798 1676 pravitatem
829 1608 1004 1663 oculis
1030 1608 1346 1678 subjiceret,
1386 1610 1535 1666 hunc
1561 1613 1616 1666 in
1652 1614 1872 1668 modum

295 1697 577 1753 declarare
615 1698 892 1754 voluisse:
921 1699 1141 1768 perinde
1176 1700 1321 1756 istud
1361 1716 1502 1767 esse,
1539 1717 1604 1757 ae
1630 1703 1675 1758 si
1703 1704 1874 1774 linga-

297 1804 424 1844 mus
459 1787 749 1845 Iudaicum
785 1791 998 1862 eyclum
1029 1792 1142 1846 vrtii
1176 1793 1311 1847 nihil
1341 1793 1621 1860 habuisse,
1657 1809 1877 1850 revera-
1910 1787 1952 1843 Β
1983 1797 2086 1852 hoe
2134 1794 2298 1851 modo
2346 1791 2729 1848 constituenda
2771 1808 2785 1842 :

296 1895 407 1948 que
427 1879 610 1934 lunam
641 1897 733 1935 xw
769 1880 1045 1938 Nicaenam
1074 1883 1128 1937 in
1161 1882 1340 1937 Martii
1376 1900 1469 1938 xix
1505 1885 1784 1951 incidisse,
1812 1901 1877 1941 ac

297 1979 416 2025 tum
443 1972 742 2040 cogitemus
772 1971 1050 2028 Christum
1081 1973 1250 2028 biduo
1275 1974 1422 2029 illam
1450 1985 1876 2032 antevertentem

298 2075 390 2114 xvi
417 2059 536 2114 Kal.
569 2060 685 2116 sive
700 2060 878 2116 Martii
909 2079 1021 2118 xvu
1055 2062 1260 2118 Pascha
1280 2064 1604 2129 comedisse,
1633 2065 1766 2121 feria
1791 2081 1875 2130 ιιι,

297 2150 446 2220 quod
477 2150 612 2206 feria
638 2168 689 2216 ν,
727 2151 833 2206 hoc
860 2161 944 2207 est
969 2153 1148 2207 Martii
1181 2168 1293 2217 xtx,
1325 2154 1438 2207 ﬁeri
1469 2155 1712 2210 decebat.
1743 2153 1877 2208 Tam

299 2255 430 2310 ergo
457 2240 650 2295 vitiose
674 2242 862 2310 eyelus
885 2242 974 2296 ille
1004 2239 1266 2296 Judaicus
1297 2241 1664 2296 deeirnonono
1699 2241 1878 2298 Martii

301 2330 484 2384 lunam
526 2347 615 2386 xw
649 2331 898 2387 exhibuit
927 2350 942 2387 :
971 2342 1194 2402 tamque
1217 2332 1499 2388 abnormis
1529 2349 1558 2386 a
1587 2348 1716 2388 vero
1739 2334 1881 2388 lunae

300 2423 592 2477 ratiocinio
634 2422 735 2478 fuit
777 2424 866 2478 illa
896 2440 928 2478 v
961 2424 1094 2479 feria
1141 2423 1318 2478 Martii
1363 2440 1476 2488 xtx,
1525 2440 1690 2494 quam
1723 2427 1881 2480 tertia

299 2531 424 2570 cum
455 2516 646 2584 quinta
668 2524 1018 2585 comparata;
1052 2516 1100 2570 si
1130 2515 1246 2570 haec
1271 2515 1385 2584 ipsa
1415 2514 1634 2570 Nicaana
1667 2516 1878 2572 fuisset.

299 2607 546 2676 Denique
587 2615 698 2662 tota
742 2609 856 2663 haec
895 2608 1184 2677 Epiphanii
1219 2607 1520 2676 disputatio
1559 2606 1879 2680 ὑποθετικὴ,

297 2708 356 2752 et
383 2697 543 2766 λόγου
574 2699 735 2770 χάριν
775 2709 1053 2769 assumpta
1101 2699 1232 2754 mihi
1271 2699 1577 2754 videbatur.
1611 2697 1755 2754 Sane
1785 2715 1882 2754 ne-

301 2790 417 2857 gari
452 2803 557 2842 non
593 2797 792 2857 potest,
827 2803 994 2858 quam
1043 2789 1089 2842 si
1121 2787 1256 2842 fet-ia
1301 2804 1332 2842 v
1373 2788 1681 2844 celebrasse
1723 2789 1883 2844 Chri-

301 2889 449 2932 Stum
485 2878 904 2944 existimaverit,
930 2878 1293 2948 probabiliter
1325 2877 1430 2934 ista
1455 2879 1727 2934 dicantur.

378 2989 577 3045 Verum
622 2992 751 3047 dum
795 2993 911 3048 haec
953 2993 1217 3049 attentius
1256 3001 1597 3063 perscrutor,
1641 2991 1884 3063 comperi

301 3083 467 3138 aliam
493 3085 825 3140 sanctissimi
858 3085 1036 3141 Patris
1057 3085 1368 3156 Opinionem
1397 3084 1587 3150 fuisse,
1617 3094 1672 3140 et
1688 3084 1878 3139 falsam

304 3176 452 3230 illam
487 3175 729 3246 quidem,
773 3177 867 3231 sed
899 3177 969 3232 ab
997 3193 1064 3233 eo
1095 3188 1278 3232 tamen
1322 3177 1615 3248 aliquoties
1644 3177 1886 3232 inculca-

305 3276 416 3320 tam
442 3281 456 3319 :
496 3267 755 3320 nimirum
787 3265 1006 3323 Judaeos
1039 3268 1330 3339 plerosque
1361 3283 1487 3324 eum
1523 3266 1745 3324 Christo
1776 3266 1882 3322 Pa-

303 3357 441 3412 scha
467 3373 628 3411 suum
656 3359 863 3414 obiisse
893 3373 1000 3413 non
1032 3358 1170 3414 feria
1199 3374 1253 3424 v,
1281 3359 1394 3414 sive
1419 3357 1592 3428 pridie
1611 3358 1730 3428 ejus
1753 3358 1882 3425 diei,

303 3465 417 3520 quo
450 3464 646 3518 passus
669 3458 774 3514 est,
815 3449 910 3505 sed
949 3447 1084 3504 feria
1115 3449 1294 3505 tertia.
1324 3448 1480 3515 Quod
1506 3448 1685 3518 ipsum
1707 3448 1884 3503 diser-

306 3541 535 3596 tissimis
558 3540 742 3594 verbis
770 3541 932 3595 docet
960 3541 1013 3594 in
1040 3541 1189 3594 calce
1221 3539 1449 3593 Panarit'
1481 3538 1669 3609 hujus,
1695 3537 1748 3592 in
1781 3537 1854 3591 Ex
1878 3567 1888 3576 -

307 3633 580 3704 positione
633 3633 778 3698 ﬁdei,
806 3649 958 3689 num.
1001 3632 1093 3696 2'2,
1144 3633 1236 3687 ubi
1275 3633 1342 3688 de
1388 3631 1643 3687 Ecclesiae
1692 3631 1888 3685 ritilms

308 3740 476 3795 agens
497 3724 748 3779 meminit
770 3726 909 3778 inter
930 3731 1127 3779 caetera
1155 3723 1350 3795 jejunii
1375 3733 1605 3794 quarta,
1635 3737 1701 3777 ac
1723 3734 1889 3778 sextae

311 3815 482 3883 feriae,
518 3818 677 3886 cujus
722 3816 954 3871 instituti
999 3832 1224 3871 causam
1270 3817 1491 3887 aperit:
1560 3814 1890 3886 Ἐπειδήπερ

309 3907 700 3979 ἐπιφωσκούσῃ
747 3907 962 3981 τετράδι
1005 3907 1313 3979 συνελήφθη
1358 3909 1386 3960 ὁ
1431 3906 1656 3978 Κύριος,
1687 3906 1784 3959 καὶ
1811 3904 1890 3976 τῷ

313 3998 679 4070 προσαϐὁάτῳ
733 3997 1077 4069 ἐσταυρώθη.
1132 3999 1398 4063 Quoniam
1447 3999 1657 4052 ineunte
1696 4005 1892 4066 quarta

312 4093 452 4163 feria
483 4092 884 4162 comprehensus
931 4102 1009 4146 est
1061 4091 1338 4156 Dominus,
1373 4101 1422 4146 et
1462 4091 1600 4160 feria
1646 4107 1678 4144 v
1719 4091 1893 4144 cruci—

313 4186 476 4249 ﬁxus.
514 4185 634 4250 Quo
666 4185 842 4253 posito
879 4199 1222 4253 consequens
1259 4192 1361 4247 est,
1397 4173 1676 4239 Christum
1705 4197 1769 4237 ea
1797 4197 1894 4237 no-

314 4289 420 4342 cte,
453 4294 574 4348 quae
602 4277 790 4333 feriam
829 4293 888 4332 ιιι
921 4277 1189 4348 sequitur,
1221 4286 1274 4331 et
1303 4274 1530 4330 Judaice
1557 4274 1776 4330 feriaa'w
1801 4274 1896 4329 tri-

316 4372 522 4436 buitur,
560 4385 777 4440 captum
810 4385 952 4436 esse,
987 4385 1111 4425 cum
1152 4368 1315 4439 paulo
1355 4378 1481 4424 ante
1511 4366 1719 4423 Pascha
1756 4367 1896 4422 celes

1975 517 2227 572 videlicet
2257 515 2586 574 Pharisaeos,
2645 526 2710 566 ac
2756 509 2997 574 Scribas,
3033 522 3380 563 communem
3414 506 3558 559 hunc

1974 623 2218 663 errorem
2265 607 2558 662 emendare
2603 600 3124 673 cupientes,l‘ascha
3171 613 3332 653 suum
3383 597 3436 651 in
3489 611 3555 649 xx

1975 699 2152 755 Martii
2185 700 2327 754 diem
2359 697 2661 760 distulisse,
2707 708 2817 763 quo
2869 707 3066 764 passus
3117 700 3202 745 est
3255 688 3551 744 Christus:

1974 806 2087 862 quo
2120 791 2381 845 nimirum
2415 787 2640 860 propius
2681 785 2748 839 ad
2787 783 3172 854 aequinoctium
3213 780 3554 845 accederent,

1974 886 2059 940 vel
2090 884 2252 940 etiam
2283 883 2505 939 caeleste
2533 878 2918 951 plenilunium.
2951 874 3086 930 Nam
3119 875 3222 928 hoc
3251 874 3414 927 verba
3439 873 3554 942 ipsa

1974 978 2138 1032 tacite
2181 975 2564 1030 demonstrant
2595 992 2608 1027 :
2643 971 2752 1026 Καὶ
2797 967 3056 1040 ἰσημερίαι
3090 967 3194 1037 πρὸ
3219 965 3412 1019 ἕνδεκα
3441 967 3558 1019 Κα-

1973 1067 2178 1120 λανδῶν
2226 1065 2570 1138 Ἀπριλλίων,
2615 1064 2683 1117 δι’
2724 1062 2792 1133 ἥν
2846 1057 3209 1129 πλανηθέντες
3252 1055 3556 1127 ὑπέρϐατον
3616 1110 3618 1113 ,

1979 1159 2106 1229 μίαν
2141 1157 2352 1229 ἡμέραν
2394 1156 2679 1228 ἐποίησαν.
2727 1152 2870 1221 Ergo
2900 1149 2988 1203 διὰ
3027 1148 3126 1220 τὴν
3167 1148 3472 1219 ἰσημερίαν,
3503 1155 3558 1201 et

1975 1247 2208 1303 fortasse
2241 1255 2459 1317 propter
2483 1243 2886 1338 lunam“etiam,
2917 1257 2984 1296 ne
3006 1248 3290 1307 tantopere
3315 1238 3382 1290 ab
3408 1247 3558 1290 utro-

1974 1357 2080 1411 que
2112 1341 2444 1403 recederent,
2474 1339 2615 1391 tliem
2669 1329 3016 1390 diﬁ'uderant.
3048 1331 3267 1386 Poterat
3295 1329 3440 1383 enim
3475 1329 3558 1381 vel

1975 1433 2092 1502 ipse
2141 1430 2337 1486 sideris
2394 1439 2646 1499 aspectus
2694 1427 2814 1482 vitii
2866 1425 2990 1480 illos
3036 1424 3361 1485 admonere;
3411 1418 3558 1489 quod

1975 1524 2167 1580 saltem
2207 1522 2560 1578 minuendmn
2593 1535 2713 1576 esse
2743 1520 3127 1574 decreverunt.

2045 1615 2182 1670 Cum
2230 1615 2346 1669 haec
2379 1612 2718 1683 Epiphanius
2765 1608 3051 1664 manifeste
3095 1605 3316 1669 sentiat,
3363 1609 3555 1656 caetera

1976 1721 2098 1777 quae
2137 1706 2207 1761 ab
2249 1720 2316 1760 eo
2355 1705 2611 1759 dicuntur
2655 1701 2842 1757 eodem
2892 1697 3172 1768 dirigenda
3215 1705 3363 1758 sunt,
3397 1705 3558 1761 atque

2839 1788 3092 1844 Christus
3139 1785 3309 1855 legale
3348 1782 3557 1837 Pascha

1981 1888 2269 1946 celebravit
2303 1901 2427 1942 cum
2453 1885 2735 1955 plerisque
2761 1879 2966 1935 Judaeis
2995 1894 3082 1933 xvr
3123 1876 3240 1931 Kal.
3267 1875 3562 1944 Apr.,l'eria

1985 1998 2068 2043 III,
2098 1981 2228 2035 luna
2261 1977 2490 2033 Judaica
2530 1977 2724 2030 vitiosa
2767 1989 2870 2038 xtt,
2895 1988 3019 2027 cum
3065 1969 3195 2023 feria
3229 1983 3260 2016 v
3298 1968 3423 2020 luna
3471 1981 3558 2018 xw

1982 2073 2176 2127 vitiosa
2213 2069 2398 2141 perﬁci
2431 2067 2700 2124 debuerit.
2734 2065 2908 2118 Biduo
2955 2063 3121 2134 igitur
3155 2059 3462 2114 antevertit.
3493 2059 3560 2110 At

1981 2161 2270 2224 Pharisazi,
2298 2158 2586 2228 Judaeique
2612 2156 2704 2211 alii
2737 2155 2866 2209 luna
2903 2153 3126 2208 Judaica
3156 2165 3224 2204 xv
3257 2148 3433 2202 Martii
3468 2162 3559 2207 xx,

1981 2268 2092 2324 quo
2130 2253 2233 2307 die.
2260 2265 2454 2322 passus
2491 2259 2576 2304 est
2619 2247 2892 2311 Christus,
2935 2244 3056 2297 καθ’
3109 2241 3412 2310 ὑπέρϐασιν
3455 2237 3559 2292 diei

1984 2347 2148 2401 unius
2178 2360 2207 2398 a
2234 2344 2361 2398 luna
2394 2356 2482 2394 xw
2515 2340 2580 2394 ad
2611 2355 2700 2393 xv.
2740 2337 2818 2391 Ex
2850 2337 2920 2391 iis
2950 2334 3116 2389 falsos
3137 2347 3234 2387 eos
3266 2345 3388 2385 esse
3427 2344 3560 2383 con-

1984 2446 2117 2503 stat,
2165 2435 2260 2506 qui
2303 2431 2611 2503 Epiphanio
2657 2430 2972 2486 Graecorum
3016 2423 3342 2481 sententiam
3391 2421 3561 2475 ascri-

1987 2528 2155 2592 bunt;
2194 2525 2342 2596 quod
2380 2522 2634 2578 Christus
2675 2519 2884 2574 Pascha
2931 2519 3057 2571 luna
3108 2527 3206 2568 χιιι
3250 2511 3559 2570 celebrat-it,

1984 2629 2111 2676 ante
2136 2617 2376 2682 Iudaeos,
2416 2615 2510 2686 qui
2545 2614 2595 2668 id
2621 2610 2881 2684 postridie
2905 2607 3230 2680 peregerint.
3264 2602 3382 2658 Non
3415 2603 3559 2656 enim

1985 2725 2082 2764 xm
2105 2709 2259 2771 luna,
2291 2705 2386 2761 sed
2411 2721 2488 2759 xu
2517 2703 2798 2756 Christum
2834 2699 2888 2754 id
2915 2702 3092 2768 egisse
3127 2701 3338 2757 censet,
3364 2701 3558 2762 quate-

1987 2816 2092 2858 nus
2119 2801 2251 2856 feria
2282 2813 2343 2852 ιιι
2378 2796 2674 2864 contigisse
2701 2801 2872 2863 putat.
2907 2788 3063 2856 Quod
3095 2786 3141 2841 si
3169 2801 3235 2840 ex
3261 2782 3559 2842 communi,

1984 2891 2402 2959 certiss—intaque
2432 2886 2702 2942 sententia
2727 2883 2860 2939 feria
2889 2897 2924 2935 v
2955 2880 3263 2935 celebrasse
3282 2876 3561 2930 Christum

1985 2982 2286 3035 arbitratus
2322 2985 2488 3041 esset,
2530 2989 2637 3028 non
2684 2974 2788 3028 alia
2834 2971 2985 3034 luna,
3029 2983 3194 3038 quam
3225 2979 3347 3034 qua:
3383 2979 3449 3016 ex
3483 2963 3562 3014 vi.-

1986 3073 2128 3127 tioso
2167 3070 2320 3141 cyelo
2364 3083 2455 3122 xw
2505 3064 2665 3129 foret,
2706 3062 2909 3117 factum
2965 3065 3251 3113 assereret.
3302 3053 3455 3108 Unde
3493 3067 3558 3104 ex

1985 3140 2320 3230 castigatiori
2344 3155 2630 3228 Epiphanii
2651 3151 2862 3224 judicio
2883 3147 3250 3204 definiendum
3274 3152 3376 3204 est,
3403 3140 3561 3196 Citri-

1987 3264 2128 3309 stum
2163 3251 2297 3306 feria
2325 3266 2380 3314 v,
2412 3249 2541 3303 luna
2573 3262 2664 3300 xw
2690 3258 2817 3300 eum
2843 3239 3120 3296 nonnullis
3143 3235 3372 3296 Judaeis,
3404 3241 3562 3287 crete-

1985 3361 2078 3401 ros
2117 3359 2244 3400 vero
2275 3358 2400 3399 cum
2424 3338 2738 3400 Pharisaais,
2764 3335 2896 3389 feria
2917 3349 2967 3388 vi
3003 3330 3211 3386 Pascha
3237 3326 3559 3383 comedisse.

1986 3439 2103 3505 Qua
2145 3453 2210 3491 ex
2262 3432 2551 3505 Epiphanii
2591 3430 2850 3500 opinione
2892 3428 3000 3479 duo
3043 3424 3393 3492 colliguntur,
3444 3433 3565 3488 qua:

1965 3543 2110 3583 .eum
2141 3526 2207 3580 de
2242 3523 2522 3578 Passionis
2561 3535 2704 3574 anno
2745 3515 3026 3587 quaeritur,
3071 3511 3336 3567 acerrime
3379 3508 3565 3576 dispu-

1988 3617 2090 3672 tari
2132 3613 2309 3670 solent
2343 3630 2358 3666 :
2392 3611 2625 3666 alterum
2670 3606 2987 3662 Iudaeorum
3023 3602 3300 3673 principes
3332 3615 3440 3652 non
3475 3613 3568 3652 eo-

1988 3710 2109 3763 dem
2137 3722 2264 3762 cum
2289 3704 2510 3760 Christo
2531 3701 2618 3757 die
2641 3698 2878 3770 legitimo
2895 3696 3018 3766 agni
3038 3694 3199 3763 epulo
3221 3691 3564 3762 perfunctos;

1991 3801 2222 3854 alterum
2250 3810 2375 3851 cum
2408 3794 2529 3849 sine
2565 3788 2992 3846 commutatione
3033 3785 3215 3852 aliqua
3259 3793 3564 3850 temporum

1993 3906 2055 3944 ae
2096 3889 2358 3943 festorum
2403 3885 2453 3938 id
2503 3881 2753 3938 accidere
2796 3894 2905 3932 non
2947 3875 3206 3947 potuerit,
3253 3871 3566 3926 translatio-

1991 3997 2113 4036 nem
2163 3980 2399 4047 aliquam
2443 3975 2551 4030 illis
2581 3971 2924 4040 temporibus
2958 3966 3254 4022 exstitisse.
3281 3963 3462 4027 Quare
3501 3959 3567 4014 ad

1995 4073 2137 4125 hanc
2156 4066 2444 4139 Epiphanii
2473 4063 2904 4134 disputationem
2931 4058 3310 4114 illustrandam
3345 4053 3566 4110 totidem

1996 4161 2102 4216 illa:
2128 4157 2458 4229 quaestiones
2487 4154 2674 4224 paucis
2697 4152 2802 4206 hoc
2842 4151 2961 4205 loco
2989 4146 3352 4218 disceptanda:
3382 4152 3531 4198 sunt.

2001 4271 2191 4326 Utrum
2214 4268 2389 4324 Judwi
2413 4265 2763 4320 translatione
2796 4263 3060 4332 festorum
3076 4259 3204 4314 olim
3238 4259 3320 4311 usi
3348 4257 3566 4326 fuerint.

2066 4361 2123 4415 la
2153 4359 2438 4414 recentiori
2461 4355 2774 4410 Judaeorum
2806 4359 3066 4421 computo
3106 4348 3484 4418 scrupulosus,
3517 4355 3568 4398 et

319 4465 552 4519 brasset.
586 4439 849 4519 Audierat
876 4463 1080 4532 itaque,
1111 4470 1167 4516 et
1201 4478 1233 4517 a
1268 4461 1570 4531 majoribus
1611 4472 1890 4530 acceperat
1928 4477 1967 4529 ο
1999 4453 2196 4507 anxius
2229 4449 2451 4519 quidam
2495 4457 2576 4500 est
2616 4445 2828 4500 dierum
2865 4443 3110 4498 delectus
3140 4441 3207 4494 ad
3255 4439 3570 4493 ncomenias

317 4555 678 4626 Epiphanius,
730 4555 868 4610 duas
915 4553 1035 4608 illas
1085 4552 1252 4608 ferias
1290 4551 1587 4608 Dominica:
1631 4551 1891 4608 Passieni

319 4649 623 4705 recolenda:
645 4651 976 4719 praestitutas
999 4645 1191 4711 fuisse,
1215 4661 1276 4701 ac
1293 4646 1504 4716 jejunio
1525 4654 1893 4701 consecratas.

319 4743 456 4798 Cum
503 4752 682 4796 autem
730 4751 880 4797 certo
907 4748 1207 4805 constaret,
1259 4739 1392 4794 feria
1426 4755 1478 4793 vr
1512 4740 1567 4793 in
1596 4754 1758 4794 cruce
1785 4737 1899 4792 suf-

323 4835 490 4888 fixum
521 4849 663 4901 esse,
689 4833 836 4887 nulla
868 4832 1142 4902 passionis
1169 4831 1289 4900 ejus
1314 4838 1518 4885 restare
1547 4830 1662 4885 visa
1687 4839 1771 4885 est
1793 4829 1897 4884 alia

323 4938 469 4994 pars,
502 4938 667 4992 quam
703 4921 1142 4992 comprehensio,
1171 4930 1225 4975 et
1259 4919 1519 4989 alligatio.
1557 4919 1789 4974 Proinde
1820 4917 1901 4973 fe-

324 5014 404 5067 ria
436 5029 489 5066 w
527 5020 813 5082 appetente
845 5020 1003 5081 captu
1031 5027 1061 5062 ιι
1105 5019 1270 5079 atque
1299 5008 1540 5063 vinetum
1570 5023 1691 5063 esse
1725 5006 1903 5061 Domi-

327 5119 458 5157 num
489 5102 738 5156 credidit.
773 5100 959 5170 Neque
1002 5115 1132 5155 vero
1169 5099 1277 5152 alio
1311 5107 1574 5168 tempore,
1599 5113 1761 5166 quam
1791 5112 1902 5166 quo

280 5259 284 5264 η
325 5193 498 5250 Judaei
525 5194 790 5264 plerique,
819 5193 1094 5247 celebrare
1125 5191 1314 5246 voluit.
1345 5190 1511 5261 Igitur
1539 5190 1704 5244 etiam
1727 5188 1903 5243 Judati

328 5285 461 5340 feria
513 5285 671 5340 tertia
731 5293 1077 5354 peregerunt.
1133 5282 1361 5347 Vitiose,
1394 5282 1517 5350 quis
1551 5280 1745 5351 negat?
1800 5281 1904 5336 Sed

326 5373 475 5444 quod
505 5372 742 5427 maxima
775 5387 900 5441 pars
924 5386 990 5426 co
1027 5372 1116 5426 die
1141 5370 1347 5426 Pascha
1379 5369 1707 5432 comederet,
1742 5370 1906 5423 biduo

327 5481 451 5519 eum
488 5463 593 5518 illis
631 5462 969 5532 anticipavit.
1005 5461 1134 5516 Erat
1157 5463 1304 5515 enim
1353 5460 1484 5514 feria
1517 5476 1544 5511 ν
1590 5459 1765 5514 Martii
1816 5479 1905 5515 xix

327 5554 736 5617 celebramlum,
765 5568 892 5608 cum
923 5554 978 5607 in
1010 5553 1154 5607 hunc
1181 5552 1322 5607 diem
1353 5567 1440 5605 xw
1467 5549 1690 5606 Judaica
1715 5552 1906 5606 vitiosa

328 5655 700 5702 concurreret.
725 5645 838 5700 Cur
863 5656 1044 5700 autem
1078 5644 1213 5699 adeo
1249 5659 1591 5715 praepropere
1617 5643 1791 5699 Judaei
1819 5647 1905 5700 ιδιί

335 5737 543 5795 Pascha
595 5737 960 5805 eomedercnt,
1014 5751 1237 5792 causam
1291 5736 1470 5791 attulit
1528 5737 1752 5791 mulam.
1803 5737 1906 5792 Sed

2000 4542 2260 4614 ﬁgendas.
2301 4539 2372 4593 De
2399 4553 2505 4607 quo
2532 4535 2698 4589 multa
2732 4535 2784 4587 in
2811 4532 3192 4587 Thalmudicis
3230 4535 3570 4586 commenta-

1998 4637 2112 4688 riis.
2148 4630 2403 4684 Tractalu
2437 4631 2498 4681 de
2528 4628 2654 4679 anni
2689 4627 2881 4694 capite,
2911 4632 2966 4680 et
2995 4624 3048 4676 in
3073 4632 3220 4676 tomo
3266 4623 3443 4691 primo
3475 4619 3572 4674 Jad

2001 4727 2063 4779 ιι.
2090 4721 2259 4784 Mose,
2293 4719 2471 4774 'l‘ract.
2502 4715 2776 4771 Kiddusch
2805 4713 3172 4770 hukhodcsch:
3206 4728 3414 4768 necnon
3445 4711 3573 4765 etin

1999 4823 2146 4874 ωιτν
2175 4822 2316 4878 ἾἸΞἩ
2349 4810 2416 4864 Β.
2444 4808 2685 4873 lsachar,
2719 4808 2824 4862 ben
2863 4805 3196 4864 Mordechai,
3239 4805 3472 4872 aliisque
3514 4801 3576 4854 li-

2002 4911 2115 4966 bris
2143 4926 2156 4961 :
2194 4908 2248 4961 in
2280 4905 2482 4976 quibus
2513 4903 2739 4958 inﬁnita:
2773 4900 2992 4971 regulae,
3021 4913 3086 4952 ac
3119 4896 3402 4951 cautiones
3439 4909 3574 4962 pra:-

2001 5003 2215 5072 scriptae
2241 5008 2388 5055 sunt.
2427 4995 2666 5051 Duorum
2699 5008 2825 5048 vero
2877 4990 3169 5052 mensium,
3200 4985 3341 5040 Tisri
3380 4999 3445 5038 ac
3478 4981 3575 5035 Ni-

2003 5113 2122 5161 san,
2158 5094 2210 5147 in
2231 5092 2421 5163 primis
2463 5088 2761 5144 neomeniae
2793 5085 2862 5138 ab
2893 5083 2998 5137 illis
3028 5081 3409 5160 observantur,
3438 5089 3573 5143 qua-

2003 5204 2124 5242 runt
2155 5183 2656 5240 transferendarum
2677 5192 2843 5232 causa
2867 5175 3063 5244 duplex
3087 5170 3286 5224 ibidem
3309 5169 3533 5222 affertur
3559 5184 3572 5220 :

2005 5279 2294 5342 naturalis,
2331 5285 2424 5330 aut
2452 5273 2643 5329 civilis.
2678 5268 2891 5323 Etenim
2926 5279 3053 5321 cum
3080 5274 3245 5331 supra
3277 5259 3441 5313 ferias
3477 5274 3575 5312 cx-

2007 5381 2290 5428 eurreutes
2321 5366 2564 5421 minutiae
2611 5361 2678 5416 ad
2716 5363 2880 5414 horas
2927 5357 2994 5411 18
3024 5354 3369 5425 perveniunt,
3410 5362 3457 5405 cl
3492 5353 3573 5405 lu-

2007 5463 2158 5518 naris
2186 5457 2466 5530 ψηφισμός
2512 5452 2792 5508 meridiem
2831 5447 2938 5502 diei
2985 5446 3323 5514 insequentis
3365 5441 3579 5510 attingit

2012 5557 2156 5625 (nam
2205 5550 2378 5605 Judaei
2412 5547 2557 5600 diem
2605 5544 2674 5598 ab
2709 5541 2866 5596 initio
2917 5537 3092 5593 noctis
3135 5537 3512 5606 auSpicantur,
3551 5549 3578 5585 ιι

2011 5660 2120 5716 quo
2153 5644 2219 5697 18
2253 5642 2401 5696 hora:
2435 5643 2760 5706 computatur
2790 5631 2896 5685 diei
2933 5629 3109 5686 civilis
3149 5627 3429 5697 sequentis
3463 5640 3579 5679 tne-

2015 5738 2204 5794 ridictn
2237 5725 2659 5801 assequuntur);
2689 5734 2798 5779 tum
2830 5724 2880 5776 in
2923 5723 3147 5776 alteram
3181 5717 3371 5772 feriant
3409 5725 3572 5770 natu-
