3994 6222
455 262 560 319 983

1553 262 1902 324 APPENDIX
1939 263 2586 327 DISSERTATIONUM.

3605 267 3708 328 98!

457 381 592 435 ralis
647 381 948 437 neomenia!
994 381 1284 438 translatio
1333 381 1446 438 fieri
1482 384 1706 443 dicitur.
1748 388 1854 445 Sed
1900 406 2024 446 cum
2053 399 2102 454 Α
2130 391 2334 463 sephus
2373 390 2643 446 decimam
2689 398 2940 459 quartam
2986 387 3154 444 Nisau
3201 385 3526 443 convenisse
3565 389 3713 443 dicat

458 472 881 542 opportunitatis
926 472 1161 542 alicujus
1205 475 1382 545 gratia
1423 476 1541 532 dies
1571 477 1917 547 diffunditur,
1951 482 2032 536 ci-

455 565 562 620 vile
609 566 711 619 hoc
751 573 921 620 totum
959 577 1070 632 est,
1113 575 1168 621 et
1211 567 1280 622 ab
1322 568 1604 623 hominum
1646 571 1924 628 voluntate
1978 581 2032 627 et

457 655 795 711 institutione
827 657 1109 726 dependet.
1143 656 1220 712 Ex
1257 658 1362 712 huc
1395 657 1545 714 fonte
1583 660 1842 716 feriarum
1875 661 2020 731 apud

454 741 672 800 Iudaeos
711 753 840 800 sunt
863 754 990 800 nata
1011 746 1280 812 divortia;
1313 763 1436 802 nam
1463 748 1582 802 aliae
1603 749 1842 815 rejiculte
1863 760 2026 816 sunt;

455 837 577 893 aliae
625 839 838 907 probae,
881 853 946 894 ac
988 839 1265 910 legitimae.
1311 837 1577 908 Rejicula,
1624 856 1746 910 qua:
1787 823 1918 900 510.13
1961 841 2030 895 ab

457 927 566 983 illis
606 928 825 994 dicitur,
861 937 946 984 est
989 929 1184 999 triplex
1212 945 1334 998 qua:
1378 930 1432 984 in
1476 928 1620 986 Tisri
1661 931 1898 1002 τεχνικῷ
1926 931 2030 986 hoc

456 1021 719 1076 vocabulo
752 1021 1062 1077 continetur
1084 1029 1208 1080 τ’·τδι
1244 1022 1384 1076 Adu.
1419 1020 1606 1092 Itaque
1630 1019 1770 1078 Tisri
1802 1037 2028 1076 nemne-

456 1109 547 1164 nia
587 1127 868 1181 nunquam
903 1111 1093 1181 incipit
1125 1127 1156 1166 a
1192 1111 1325 1166 feria
1357 1129 1396 1171 ι.
1440 1129 1493 1167 tv
1524 1113 1607 1166 vel
1660 1129 1736 1168 vt.
1769 1112 1826 1167 lu
1861 1111 2028 1168 Nisau

457 1216 587 1257 vero
624 1212 708 1257 est
735 1209 857 1262 τ’·τι
896 1202 1052 1257 Badu
1081 1219 1099 1257 :
1131 1204 1507 1274 signiﬁcatque
1541 1205 1883 1259 neomeniam
1931 1203 2027 1258 Ni-

456 1309 556 1349 san
587 1310 865 1364 nunquam
903 1296 956 1352 in
983 1295 1171 1351 feriam
1217 1297 1413 1353 cadere
1452 1313 1514 1359 ιι.
1575 1314 1625 1352 tv
1665 1298 1747 1352 vel
1783 1313 1854 1352 vt.
1884 1295 2031 1352 Reli-

457 1400 580 1454 qua:
602 1397 837 1456 quatuor
856 1386 1003 1443 feria:
1029 1397 1233 1474 mytnp
1253 1388 1548 1444 Kebihhoth
1575 1390 1859 1453 dicuntur;
1882 1388 2028 1460 quod

457 1477 511 1530 in
536 1476 604 1532 iis
633 1476 892 1550 figantur,
922 1479 1370 1551 retineanturque
1405 1483 1720 1537 neomeniae.
1742 1481 2029 1553 Negligen-

455 1567 647 1623 darum
686 1585 852 1640 porro
880 1570 1142 1626 feriarum
1177 1574 1362 1627 cautio
1394 1575 1519 1629 inde
1559 1573 1886 1643 proﬂuxisse
1926 1589 2030 1644 pu-

455 1665 624 1724 tatur,
655 1672 802 1729 quoa
826 1661 937 1716 duo
965 1659 1228 1726 Sabbata,
1253 1664 1368 1718 sive
1398 1662 1534 1718 festa
1569 1663 1624 1717 in
1661 1661 1805 1718 Tisri
1831 1663 2026 1732 praeci-

454 1764 560 1818 pue
580 1751 842 1806 continua
857 1767 978 1808 esse
1009 1753 1237 1818 nollent,
1260 1754 1406 1823 quod
1430 1754 1477 1808 is
1503 1754 1708 1810 mensis
1738 1731 1881 1810 totus
1911 1753 2022 1809 fere
2059 1731 2099 1786 Β

454 1841 895 1898 solemnitatibus
919 1853 1258 1914 occupatur:
1294 1861 1418 1900 nam
1449 1846 1493 1900 si
1529 1845 1671 1901 Tisri
1707 1846 1760 1900 in
1795 1845 2022 1900 feriatur

457 1933 682 1998 incidat,
707 1934 919 1990 decima
941 1935 1130 2004 quinta
1153 1937 1242 1991 die
1269 1939 1376 1992 erit
1404 1936 1759 2009 Scenopegia,
1776 1937 2026 2007 proxime

453 2031 580 2092 post
616 2020 917 2079 Sahbatum
945 2040 960 2090 ;
989 2026 1035 2080 si
1067 2026 1119 2079 in
1147 2041 1221 2089 tv,
1245 2027 1458 2081 decima
1487 2027 1624 2093 dies,
1664 2043 1788 2098 qua:
1826 2025 2024 2082 festum

453 2121 540 2170 est
573 2113 886 2184 Kippurim,
915 2118 970 2172 in
1001 2133 1055 2172 vt
1077 2117 1268 2173 feriam
1307 2119 1548 2175 incurret
1575 2137 1590 2185 ;
1617 2120 1664 2175 si
1702 2120 1755 2174 in
1791 2136 1841 2173 vn
1869 2118 2026 2174 deni-

455 2219 562 2274 que
583 2207 864 2274 ceciderit,
883 2207 1222 2280 Scenopegia
1247 2226 1299 2266 vr
1321 2211 1453 2266 feria
1475 2212 1720 2282 proxime
1741 2220 1868 2266 ante
1891 2209 2030 2266 Sab-

453 2296 644 2352 batum
691 2299 989 2370 continget.
1038 2299 1097 2354 ln
1143 2299 1313 2357 Nisau
1353 2303 1456 2357 alia
1510 2317 1678 2358 causa
1715 2310 1822 2366 est,
1859 2316 2026 2370 quam

452 2388 687 2443 duorum
725 2388 1092 2445 Sabhatorum
1124 2392 1503 2460 continuatio;
1535 2409 1661 2448 nam
1701 2402 1756 2448 et
1779 2407 1842 2448 ea
1875 2391 2028 2447 devi-

455 2480 558 2535 tari
590 2479 762 2536 nihilo
793 2483 971 2552 magis
1013 2484 1236 2553 poterit,
1266 2493 1326 2539 ut
1351 2500 1475 2540 cum
1524 2485 1813 2540 neomenia
1857 2482 2025 2538 Nisau

453 2573 646 2642 incipit
676 2587 706 2627 a
741 2571 875 2628 feria
911 2589 948 2639 I,
985 2589 1107 2644 quae
1150 2575 1388 2645 legitima
1424 2585 1540 2640 est;
1582 2576 1795 2631 decima
1827 2583 2024 2646 quarta

453 2663 543 2718 die
578 2662 874 2719 Sabbatum
903 2675 1005 2728 est,
1032 2675 1086 2719 et
1114 2667 1378 2734 sequenti.
1397 2667 1643 2722 solemne
1669 2667 2023 2738 Azymorum.

453 2754 659 2809 Cretera
706 2771 830 2811 cum
877 2755 1022 2825 apud
1057 2754 1335 2820 Hebraeos,
1367 2766 1479 2812 tum
1523 2772 1590 2814 ex
1634 2757 1847 2812 Latinis
1883 2755 2027 2827 apud

452 2845 680 2901 Paulum
704 2846 1126 2918 Forosempron.
1165 2849 1263 2903 lib.
1293 2865 1413 2914 vttt,
1439 2865 1556 2919 par.
1591 2865 1651 2915 ll,
1688 2849 2025 2904 Munsterum

453 2940 507 2994 iu
547 2940 797 3003 Kalend.,
835 2956 1047 2996 necnon
1075 2950 1128 2996 et
1179 2939 1379 3012 Scalig.
1408 2958 1447 2996 ιι
1473 2951 1527 2996 ει
1567 2956 1644 2997 vit
1696 2940 1770 2996 De
1816 2941 2023 2995 etnend.

451 3043 610 3103 temp.
639 3033 743 3103 legi
777 3041 1052 3102 poterunt,
1084 3034 1286 3104 quibus
1314 3038 1506 3090 merito
1537 3033 1980 3105 supersedemus.

524 3125 680 3182 Nunc
731 3127 861 3182 illud
905 3128 959 3181 in
1004 3126 1444 3197 disquisitionem
1490 3135 1744 3194 vocatur,
1790 3125 2028 3182 fueritne

453 3217 650 3286 priscis
704 3227 966 3287 usurpata
1018 3217 1354 3285 temporibus
1399 3217 1612 3272 dierum
1655 3231 1723 3272 ac
1765 3215 2027 3272 feriarum

453 3310 546 3364 illa
571 3308 852 3365 distinctio
878 3328 894 3364 :
919 3310 1056 3364 adeo
1094 3319 1156 3364 ut
1193 3323 1303 3379 quo
1347 3323 1492 3364 anno
1521 3323 1720 3378 passus
1752 3318 1837 3364 est
1867 3308 2031 3364 Chri-

451 3413 594 3467 stus,
617 3399 791 3456 Judazi
814 3417 880 3456 ex
915 3404 1229 3472 praescripta
1269 3402 1504 3457 formula
1539 3401 1750 3456 Pascha
1782 3411 2028 3458 transtu-

452 3493 640 3549 lerint.
673 3492 1134 3562 Antiquissimum
1171 3495 1318 3549 hunc
1341 3509 1550 3548 murem
1598 3493 1765 3547 fuisse
1810 3502 1865 3547 et
1905 3501 2031 3547 ante

454 3584 865 3640 Seleucidarum
901 3593 1144 3655 tempora
1175 3595 1474 3656 receptum,
1506 3583 2028 3653 defenditScaliger,

450 3686 508 3732 et
536 3692 634 3732 cur
665 3677 718 3731 id
759 3676 814 3730 in
851 3675 996 3732 Tisri
1039 3678 1342 3747 praesertim
1387 3678 1740 3733 observatum
1775 3677 1866 3740 sit,
1898 3691 2031 3730 cau-

452 3783 570 3825 sam
599 3783 722 3823 esse
767 3777 940 3838 putat,
965 3769 1232 3839 quoniam
1263 3784 1406 3840 aegre
1453 3777 1638 3824 coctos
1675 3769 1830 3823 cibos
1859 3767 2028 3823 biduo

451 3875 672 3916 servare
711 3869 935 3930 possent
977 3861 1032 3914 iu
1077 3861 1187 3915 illis
1220 3859 1557 3931 regionibus,
1596 3875 1721 3930 qum
1763 3868 2031 3914 autumno

451 3953 878 4009 ferventissime:
905 3969 1028 4009 esse
1059 3953 1260 4009 solent.
1298 3953 1432 4020 Qum
1458 3953 1601 4007 ratio
1643 3953 1806 4008 tacite
1849 3951 1902 4006 id
1939 3967 2033 4008 su-

451 4044 571 4110 mit,
607 4042 752 4114 quod
785 4043 894 4098 alio
932 4044 1054 4099 loco
1096 4043 1395 4099 refutatum
1438 4051 1554 4104 est;
1597 4044 1762 4099 nullis
1802 4043 2031 4097 omnino

452 4135 607 4191 festis
634 4136 825 4192 diebus
849 4137 1057 4192 cibaria
1091 4152 1326 4207 coquere
1357 4136 1564 4193 Judteis
1587 4136 1669 4192 fas
1691 4135 1882 4193 fuisse.
1916 4135 2032 4191 [loc

451 4245 584 4285 vero
611 4229 678 4284 de
709 4231 842 4286 solis
868 4229 1124 4286 Sabbatis
1149 4241 1266 4293 aut,
1292 4232 1335 4286 si
1361 4230 1522 4296 forte,
1548 4229 1834 4301 Kippurim
1863 4231 2032 4285 etiam

451 4317 540 4372 die
570 4329 898 4388 prmeeptum
942 4322 997 4374 in
1037 4320 1153 4390 lege
1191 4321 1360 4375 veteri
1391 4321 1892 4377 demonstravimus
1926 4339 1938 4375 :
1976 4321 2030 4374 in

2135 497 2260 538 cum
2301 497 2390 536 xtv
2421 481 2629 535 mensis
2658 479 2885 535 Juliani.
2918 477 3048 534 Erat
3073 494 3254 534 annus
3284 479 3496 548 primus
3523 493 3578 532 vt
3619 494 3715 548 pe-

2132 573 2271 628 riodi
2310 582 2698 628 contractuum
2732 590 2747 627 :
2780 571 2925 626 Tisri
2956 587 3007 624 vt
3061 569 3397 641 Sept.,feria
3439 587 3515 634 tv,
3554 571 3714 641 cyclo

2131 663 2267 718 solis
2298 677 2435 717 xxtt.
2462 661 2753 716 Translata
2791 661 2973 730 itaque
3009 674 3294 714 neomenia
3332 660 3386 713 in
3421 674 3452 712 v
3474 658 3662 713 feriam
3694 677 3709 711 :

2131 763 2185 809 et
2207 763 2492 824 propterea
2514 751 2682 806 Nisau
2710 768 2741 806 a
2767 767 2840 805 vtt
2871 750 2924 804 in
2952 765 2992 816 I,
3016 765 3126 820 qua
3152 748 3273 804 Kal.
3298 750 3400 820 Ap.
3431 750 3710 814 convenit,

2131 845 2285 917 cyclo
2321 845 2455 900 solis
2485 858 2647 908 xxut,
2674 842 2963 897 traductus
2995 851 3099 897 est.

2204 933 2399 990 Verum
2431 935 2483 988 in
2516 942 2747 1005 utraque
2780 933 3246 989 demonstratione
3276 933 3360 987 sui
3401 930 3603 986 similis
3627 941 3716 985 est

2133 1025 2392 1097 Scaliger,
2437 1035 2491 1082 et
2525 1025 2591 1081 ad
2623 1025 2676 1080 id
2735 1025 2878 1094 quod
2911 1024 3137 1079 dubium
3166 1031 3253 1077 est
3294 1021 3711 1092 approbandum

2129 1121 2292 1175 dubia
2332 1120 2506 1190 magis
2531 1119 2710 1183 all'ert,
2735 1127 2790 1172 et
2820 1117 3048 1171 incerta.
3096 1115 3231 1181 Quis
3268 1115 3414 1168 enim
3452 1114 3555 1168 hoc
3597 1114 3715 1182 pri-

2129 1227 2278 1266 mum
2303 1211 2379 1266 illi
2407 1209 2760 1272 concesserit,
2797 1223 3004 1262 annum
3051 1221 3174 1262 esse
3217 1203 3497 1260 Passionis
3527 1204 3708 1264 illum.

2127 1316 2290 1371 quem
2352 1301 2464 1370 ipse
2526 1300 2751 1363 statuit,
2819 1297 3102 1353 Iulianum
3160 1295 3256 1359 78,
3327 1310 3450 1349 tene
3487 1292 3715 1363 Diony-

2127 1391 2296 1447 sianae
2327 1390 2434 1445 53?
2462 1389 2603 1456 Quid
2645 1389 2692 1444 si
2741 1396 2993 1458 przeterca
3051 1401 3118 1439 ne
3152 1383 3550 1439 Alexandream
3583 1381 3712 1450 qui-

2128 1483 2252 1538 dem
2283 1483 2441 1538 istam
2468 1481 2750 1552 periodum
2795 1477 2968 1533 Judzei
3013 1491 3253 1547 unquam
3288 1472 3523 1544 amplexi
3554 1470 3711 1526 sint?

2129 1576 2182 1630 id
2213 1575 2356 1645 quod
2386 1583 2543 1628 antea
2581 1572 2686 1627 ἀίει
2708 1571 2964 1626 nssimus.
2995 1569 3175 1634 Quare
3203 1565 3289 1620 vel
3308 1564 3582 1621 levissima
3616 1561 3713 1616 in-

2131 1666 2403 1722 liciatione
2447 1663 2840 1718 demonstratio
2910 1659 3282 1731 Scaligeriana
3342 1655 3709 1721 convellitur,

2129 1776 2291 1829 neque
2312 1758 2525 1828 proﬁcit
2549 1755 2739 1810 hilum.
2762 1753 2949 1824 Neque
2974 1767 3105 1808 vero
3134 1749 3382 1815 solidior,
3412 1763 3478 1804 ae
3495 1747 3714 1802 firmior

2128 1862 2212 1905 est
2251 1849 2444 1910 altera,
2489 1862 2590 1902 nec
2621 1847 2804 1901 minus
2837 1844 3014 1911 falsis,
3043 1851 3098 1899 et
3126 1841 3376 1897 obscuris
3412 1838 3713 1911 postulatis

2128 1940 2398 1995 innititur.
2431 1935 2568 1991 Nam
2599 1937 2746 2006 quod
2775 1934 3069 2004 Josephum
3109 1933 3186 1987 ait
3219 1947 3309 1986 xw
3346 1928 3515 1985 Nisau
3577 1942 3711 1982 cum

2127 2028 2330 2098 Aprilis
2367 2043 2456 2082 xw
2488 2041 2635 2082 anno
2683 2025 2882 2080 excidii
2923 2023 3140 2078 Iudaici
3175 2022 3531 2092 conjungere,
3562 2033 3714 2073 nun-

2127 2135 2292 2189 quam
2331 2120 2383 2174 id
2412 2118 2686 2188 Jom-phus
2713 2118 2850 2172 dixit
2887 2135 2900 2170 :
2948 2117 3043 2171 sed
3073 2117 3406 2187 Azymorum
3441 2114 3584 2168 diem
3611 2125 3713 2165 xix

2131 2211 2387 2266 Xunthici
2415 2210 2622 2265 mensis
2671 2210 2938 2264 acci-tisse
2998 2209 3157 2263 docet
3215 2207 3314 2262 lib.
3363 2221 3396 2258 v
3445 2205 3519 2259 De
3565 2219 3710 2268 επ..

2129 2321 2180 2361 c.
2233 2305 2293 2357 Η
2343 2320 2357 2358 :
2395 2303 2504 2356 Καὶ
2550 2301 2651 2371 τῆς
2707 2301 2815 2353 τῶν
2862 2299 3113 2369 Ἀζύμων
3147 2298 3414 2365 ἐνστάσης
3467 2294 3712 2365 ἡμέρας,

2127 2391 2697 2464 τεσσαρεσκαιδεκάτῃ
2731 2388 3002 2442 Ξανθικοῦ
3055 2389 3242 2458 μηνὸς.
3284 2389 3341 2439 ἐν
3457 2383 3714 2438 δοκοῦσιν

2141 2483 2387 2539 Ἰουδαῖοι
2411 2483 2504 2536 τὸν
2523 2480 2738 2552 πρῶτον
2755 2479 3137 2549 ἀπαλλαγῆναι
3162 2477 3353 2548 καιρὸν
3369 2473 3711 2542 Αἰγυπτίων.

2130 2575 2459 2631 Xanthicum
2492 2573 2596 2629 hoc
2627 2573 2748 2626 loco
2772 2570 3052 2626 lulianum
3076 2570 3317 2640 Aprilem
3346 2583 3472 2623 esse
3501 2565 3716 2620 divinat

2132 2669 2378 2739 Scaliger
2413 2686 2425 2720 :
2473 2666 2631 2736 quasi
2670 2673 2930 2735 perpetuo
2966 2663 3343 2719 Macedonicas
3387 2660 3509 2714 illas
3552 2673 3714 2712 men-

2131 2762 2273 2816 sium
2336 2759 2728 2830 appellationes
2775 2750 3019 2812 Julianis
3074 2756 3358 2812 mensibus
3403 2752 3709 2808 indiderit:

2131 2850 2276 2920 quod
2305 2859 2389 2904 est
2417 2848 2798 2902 falsissimum.
2822 2844 2960 2900 Nam
2992 2844 3304 2900 Xanthieus
3321 2855 3711 2914 saepenumero

2133 2941 2273 2995 idem
2316 2950 2400 2994 est
2444 2955 2510 2993 ac
2551 2937 2741 3004 Nisau,
2791 2948 2849 2992 ut
2885 2937 2979 2991 lib.
3023 2953 3081 2990 ιιι
3137 2935 3312 3006 0rig.,
3365 2951 3415 2990 c.
3468 2933 3532 2986 l0
3567 2950 3580 2986 :
3611 2931 3708 3000 Τῷ

2131 3033 2189 3087 δὲ
2243 3033 2373 3104 μηνὶ
2423 3031 2500 3102 τῷ
2543 3028 2814 3101 Ξανθικῷ,
2853 3028 2912 3091 ὃς
2952 3029 3162 3080 Νισσὰν
3197 3025 3326 3097 παρ’
3357 3027 3488 3096 ἡμῖν
3529 3024 3718 3078 καλεῖ-

2133 3149 2256 3194 ται,
2317 3129 2411 3182 καὶ
2455 3126 2550 3180 τοῦ
2609 3125 2764 3189 ἔτους
2817 3125 2965 3178 ἐστὶν
3015 3124 3191 3195 ἀρχὴ,
3260 3120 3713 3192 τεσσαρεσκαιδε-

2133 3221 2274 3293 κάτῃ
2319 3218 2461 3272 κατὰ
2500 3217 2752 3288 σελήνην,
2795 3217 2853 3268 ὲν
2905 3213 3043 3287 κριῷ
3085 3213 3180 3268 τοῦ
3228 3213 3380 3284 ἡλίου
3431 3210 3708 3266 καθεστῶο

2130 3331 2244 3378 τος,
2283 3309 2640 3369 etc..Pascha
2672 3308 2934 3364 celebrari
2963 3307 3156 3363 scribit
3191 3325 3204 3361 :
3233 3307 3377 3377 quod
3399 3315 3528 3362 etc.
3563 3305 3617 3368 9.
3647 3305 3718 3360 de

2131 3418 2322 3458 mense
2354 3401 2587 3456 dixerat.

2203 3492 2647 3549 Translationum
2679 3499 3002 3547 vetuSIatem
3031 3492 3229 3546 asserit
3255 3500 3310 3544 et
3337 3489 3542 3544 Paulus
3570 3488 3713 3543 Slid-

2131 3584 2507 3654 delburgensis
2543 3583 2638 3638 lib.
2671 3598 2768 3637 vttt
2803 3583 2975 3653 partis
3019 3598 3080 3648 ιι,
3116 3599 3181 3638 ex
3221 3597 3396 3652 eaque
3435 3580 3717 3636 Passionis

2133 3679 2347 3735 Domini
2407 3688 2621 3749 tempus
2675 3677 2948 3747 explorat.
3001 3676 3108 3730 Sed
3173 3675 3227 3730 in
3287 3673 3586 3728 Annalibus
3645 3672 3716 3726 ad

2132 3791 2185 3830 a.
2220 3776 2313 3841 34,
2345 3789 2400 3829 ιι.
2441 3773 2534 3834 54,
2558 3775 2823 3828 acerrime
2848 3785 2972 3825 cum
2996 3770 3063 3823 iis
3091 3769 3468 3838 expostulatur
3493 3766 3586 3835 qui
3614 3781 3716 3819 no-

2132 3881 2254 3922 vam
2295 3864 2365 3920 de
2415 3864 2680 3918 translato
2724 3860 2990 3916 Pascliate
3043 3859 3096 3914 in
3143 3857 3442 3912 Ecclesiam
3493 3855 3584 3910 Dei
3629 3855 3716 3907 in-

2133 3964 2397 4013 vexerunt
2421 3955 2734 4025 opinionem
2756 3993 2770 4016 ,
2807 3967 2932 4007 cum
2965 3950 3018 4004 id
3048 3948 3195 4004 Deus
3220 3947 3547 4020 gravissime
3576 3961 3715 4015 pm-

2133 4050 2356 4120 ceperit,
2391 4063 2459 4103 ne
2501 4046 2608 4102 alia
2647 4046 2756 4109 die,
2793 4059 2956 4113 quam
3000 4057 3090 4096 xw
3137 4041 3265 4095 luna
3314 4039 3382 4094 ad
3429 4053 3713 4108 vesperam

2135 4158 2351 4200 sacrum
2397 4139 2606 4195 Pascha
2658 4136 3046 4192 celebraretur.
3091 4131 3242 4188 Unde
3279 4133 3374 4203 qui
3430 4141 3713 4202 propterea

2134 4231 2276 4302 quod
2331 4227 2837 4288 immundiesscnt,
2881 4240 2970 4278 xw
3009 4223 3096 4279 die
3135 4223 3291 4292 primi
3337 4221 3545 4276 mensis
3588 4235 3715 4291 per-

2134 4336 2295 4393 agere
2333 4319 2679 4389 nequissent,
2728 4332 2836 4372 non
2869 4316 2922 4369 in
2951 4324 3295 4386 sequentem,
3326 4325 3422 4368 aut
3467 4313 3711 4377 tertium,

453 4409 682 4478 reliquis
705 4410 1046 4464 solemnibus
1077 4410 1334 4464 servilem
1369 4425 1594 4479 operam
1636 4411 1904 4465 duntaxat
1933 4423 2031 4462 ex-
2064 4417 2108 4474 ι)
2134 4418 2458 4481 quartuuwe
2479 4407 2644 4473 diem,
2671 4406 2766 4462 sed
2806 4406 2859 4460 in
2893 4421 2982 4459 xw
3015 4405 3200 4459 lunam
3241 4405 3451 4458 mensis
3485 4402 3711 4458 secundi

453 4507 700 4567 coptam;
731 4508 786 4553 at
822 4516 944 4570 quae
988 4502 1056 4556 ad
1104 4502 1304 4557 victum
1349 4504 1586 4557 attinent
1631 4501 1779 4556 licite
1823 4516 2034 4571 praepa-

455 4603 626 4643 rasse.
653 4588 756 4643 Sed
790 4591 1150 4649 nihilominus
1175 4594 1592 4649 translationem
1613 4594 2030 4651 characterismi

454 4675 599 4732 Tisri
627 4677 730 4732 sub
765 4676 1063 4734 Seleucidis
1105 4681 1451 4736 observatam
1483 4682 1683 4750 probat
1714 4681 1808 4734 lib.
1839 4695 1900 4744 ιι,
1939 4681 2031 4735 ubi

455 4769 526 4825 de
569 4769 797 4840 periodo
831 4769 1148 4826 Iudaeorum
1187 4774 1530 4827 Alexandrea
1573 4773 1816 4837 disserit,
1864 4772 2033 4842 idque

453 4865 665 4936 aliquot
683 4863 950 4934 exemplis
972 4865 1273 4920 conﬁrmat.
1315 4866 1470 4920 Velut
1498 4866 1640 4935 quod
1673 4881 1818 4920 anno
1843 4865 2032 4921 Domi-

453 4958 594 5012 nicze
641 4955 924 5012 Passionis
959 4957 1140 5021 Tisri,
1177 4973 1301 5012 cum
1343 4959 1395 5013 in
1437 4973 1566 5012 xxtv
1605 4955 1935 5026 Sept.,feria
1983 4973 2034 5011 tv

457 5047 776 5111 incidisset,
818 5047 872 5100 in
912 5047 1160 5117 quintam
1210 5047 1538 5102 translatum
1587 5056 1704 5113 est;
1752 5059 2033 5117 propterea

453 5139 600 5210 quod
630 5136 797 5194 Nisau
845 5137 899 5192 in
932 5137 1254 5202 Sabbatum,
1279 5137 1383 5193 hoc
1413 5149 1494 5194 est
1537 5156 1568 5194 a
1608 5155 1659 5192 vi
1699 5137 1831 5192 feria
1863 5139 1916 5192 in
1957 5153 2032 5192 vtt

455 5228 762 5284 transierit.
806 5225 940 5282 Nam
979 5236 1102 5282 erat
1141 5242 1320 5283 annus
1363 5227 1739 5284 Alexandreus
1789 5229 1930 5295 544,
1981 5238 2036 5284 et

453 5315 685 5387 proinde
717 5331 786 5369 xt.
825 5316 1033 5385 periodi
1067 5333 1117 5370 ν.
1170 5315 1263 5371 Sic
1310 5333 1456 5372 anno
1502 5318 1708 5373 Christi
1752 5335 1856 5373 Lxx
1891 5318 2034 5374 Nco-

455 5407 635 5462 menia
666 5404 834 5462 Nisau
867 5422 991 5461 cum
1023 5422 1091 5462 ex
1114 5407 1458 5463 Alexandreo
1485 5409 1637 5479 cyclo
1659 5409 1712 5462 in
1739 5407 1932 5464 feriam
1957 5425 2031 5463 \'ll

455 5499 796 5562 conveniret.
829 5498 882 5552 in
916 5513 930 5551 ι
968 5501 1234 5554 translata
1265 5510 1365 5555 est.
1407 5502 1549 5571 Ergo
1573 5510 1628 5556 ct
1665 5499 1804 5557 Tisri
1842 5517 1870 5555 a
1897 5500 2032 5557 feria

459 5603 511 5639 tv
555 5590 608 5642 in
654 5606 707 5654 v,
745 5604 891 5643 anno
927 5591 1272 5645 embolimazo
1307 5590 1596 5647 defective.
1642 5591 1798 5658 Quod
1847 5602 2030 5648 autem

461 5674 627 5730 Nisau
661 5679 794 5732 feria
825 5680 1000 5748 prima
1037 5682 1262 5750 coeperit
1294 5698 1359 5737 cx
1389 5699 1456 5738 eo
1486 5685 1725 5754 colligit,
1763 5685 1908 5754 quod
1933 5683 2033 5740 Jo-

2139 4503 2324 4572 rejecti
2374 4509 2523 4565 sunt,
2566 4499 2711 4570 quod
2755 4508 2811 4554 et
2855 4498 3099 4553 Ezechiae
3138 4499 3282 4568 regis
3333 4497 3586 4567 exemplo
3616 4495 3713 4550 de-

2138 4601 2406 4648 monstrat
2445 4590 2490 4646 ll
2536 4590 2715 4646 Paral.
2761 4606 2885 4660 cap.
2929 4605 3058 4644 xxx.
3092 4588 3256 4660 Atqui
3291 4589 3395 4642 hoc
3426 4602 3711 4658 argumen-

2137 4697 2250 4740 tum
2277 4694 2466 4740 contra
2497 4682 2760 4739 festorum
2819 4681 3229 4736 translationem
3267 4679 3382 4734 leve
3421 4678 3710 4733 admodum

2138 4777 2372 4832 videtur.
2415 4774 2678 4839 Primum,
2725 4774 2856 4843 quia
2892 4788 3164 4843 nusquam
3200 4772 3254 4826 in
3289 4771 3465 4826 sacris
3493 4769 3712 4824 Litteris

2136 4876 2464 4940 praeceptum
2495 4874 2598 4932 est,
2634 4874 2694 4918 ut
2732 4865 2863 4918 luna
2891 4879 2981 4918 xtv
3013 4861 3222 4918 Pascha
3267 4861 3591 4923 celebretur,
3622 4875 3713 4914 ne-

2134 4977 2240 5032 que
2270 4961 2414 5015 lunre
2447 4959 2650 5013 mentio
2684 4957 2762 5023 fit,
2792 4957 2886 5012 sed
2919 4956 3146 5010 decima!
3170 4963 3380 5024 quarta:
3417 4953 3527 5009 diei
3553 4951 3711 5023 primi

2135 5051 2360 5106 mensis.
2392 5051 2473 5104 An
2505 5063 2634 5104 vero
2658 5048 2843 5102 lunam
2879 5062 2965 5101 xtv
2990 5047 3072 5102 sic
3097 5045 3447 5100 observatam
3473 5059 3594 5100 esse
3616 5060 3712 5112 pu-

2135 5141 2268 5196 tabit
2303 5140 2522 5209 aliquis,
2554 5147 2615 5193 ut
2646 5139 2780 5201 veri,
2803 5140 2887 5194 vel
2918 5137 3082 5193 medii
3108 5136 3300 5192 saltem
3333 5135 3529 5192 sideris
3550 5135 3710 5205 hujus

2135 5242 2316 5288 motus
2343 5230 2663 5300 explorandi
2702 5228 2942 5284 fuerint?
2971 5225 3089 5282 Non
3133 5227 3279 5281 enim
3322 5227 3428 5281 hoc.
3457 5227 3513 5280 in
3545 5226 3708 5289 civili,

2133 5333 2188 5380 et
2215 5321 2469 5393 aequabili
2502 5336 2604 5375 usu
2631 5320 2878 5389 praestari
2907 5319 3105 5389 potuit.
3133 5315 3250 5372 Hoc
3276 5325 3458 5372 autem
3482 5327 3707 5382 remoto,

2134 5414 2270 5468 nihil
2318 5412 2569 5482 superior
2608 5411 2710 5464 ista
2751 5409 3097 5464 ratiocinatio
3136 5408 3344 5480 colligit
3383 5426 3396 5461 :
3445 5423 3572 5462 nam
3619 5407 3708 5476 qui

2137 5504 2428 5559 translatas
2464 5516 2583 5557 esse
2621 5501 2786 5558 ferias
2833 5500 3153 5568 defendunt,
3191 5517 3298 5555 non
3344 5499 3396 5553 id
3432 5506 3705 5563 asserunt,

2133 5595 2240 5648 alio
2259 5593 2366 5660 die,
2396 5609 2558 5662 quam
2585 5609 2676 5647 xtv
2705 5593 2774 5647 ad
2807 5607 3092 5663 vesperam
3122 5591 3325 5647 Pascha
3347 5590 3706 5656 celebratum;

2135 5685 2227 5742 sed
2267 5686 2611 5742 neomeniam
2656 5686 2852 5756 ipsam,
2885 5701 2917 5741 a
2941 5701 3049 5756 qua
3084 5702 3176 5742 xtv
3217 5685 3337 5742 dies
3365 5695 3702 5748 numeratur,
