  <div class='ocr_page' id='page_1' title='image "/cluster/home/n/w/nwhite01/storage/ocr_20150623/42/mdp.39015052824052/522.png"; bbox 0 0 3994 6222; ppageno 0'>
   <div class='ocr_carea' id='block_1_1' title="bbox 272 321 382 380">
    <p class='ocr_par' dir='ltr' id='par_1_1' title="bbox 272 321 382 380">
     <span class='ocr_line' id='line_1_1' title="bbox 272 321 382 380; baseline -0.036 0"><span class='ocrx_word' id='word_1_1' title='bbox 272 321 382 380; x_wconf 81' lang='lat'><strong>985</strong></span> 
     </span>
    </p>
   </div>
   <div class='ocr_carea' id='block_1_2' title="bbox 1197 327 2628 398">
    <p class='ocr_par' dir='ltr' id='par_1_2' title="bbox 1197 327 2628 398">
     <span class='ocr_line' id='line_1_2' title="bbox 1197 327 2628 398; baseline 0.008 -16"><span class='ocrx_word' id='word_1_2' title='bbox 1197 327 1287 384; x_wconf 86' lang='lat' dir='ltr'><strong>DE</strong></span> <span class='ocrx_word' id='word_1_3' title='bbox 1325 329 1515 388; x_wconf 74' lang='lat' dir='ltr'><strong>ANNO</strong></span> <span class='ocrx_word' id='word_1_4' title='bbox 1573 332 1661 387; x_wconf 83' lang='lat' dir='ltr'><strong>ET</strong></span> <span class='ocrx_word' id='word_1_5' title='bbox 1701 333 1812 390; x_wconf 82' lang='lat' dir='ltr'><strong>DIE</strong></span> <span class='ocrx_word' id='word_1_6' title='bbox 1857 336 2210 398; x_wconf 60' lang='lat' dir='ltr'><strong>DODIINICIE</strong></span> <span class='ocrx_word' id='word_1_7' title='bbox 2251 337 2628 396; x_wconf 73' lang='lat' dir='ltr'><strong>PASSIONIS.</strong></span> 
     </span>
    </p>
   </div>
   <div class='ocr_carea' id='block_1_3' title="bbox 3442 344 3549 402">
    <p class='ocr_par' dir='ltr' id='par_1_3' title="bbox 3442 344 3549 402">
     <span class='ocr_line' id='line_1_3' title="bbox 3442 344 3549 402; baseline -0.047 0"><span class='ocrx_word' id='word_1_8' title='bbox 3442 344 3549 402; x_wconf 76' lang='lat'><strong>986</strong></span> 
     </span>
    </p>
   </div>
   <div class='ocr_carea' id='block_1_4' title="bbox 274 439 3547 525">
    <p class='ocr_par' dir='ltr' id='par_1_4' title="bbox 274 439 3547 525">
     <span class='ocr_line' id='line_1_4' title="bbox 274 439 3547 525; baseline 0.007 -33"><span class='ocrx_word' id='word_1_9' title='bbox 274 439 509 495; x_wconf 82' lang='lat' dir='ltr'><strong>alterum</strong></span> <span class='ocrx_word' id='word_1_10' title='bbox 549 440 603 495; x_wconf 91' lang='lat' dir='ltr'><strong>in</strong></span> <span class='ocrx_word' id='word_1_11' title='bbox 637 441 786 498; x_wconf 86' lang='lat' dir='ltr'><strong>diem</strong></span> <span class='ocrx_word' id='word_1_12' title='bbox 835 445 1118 516; x_wconf 85' lang='lat' dir='ltr'><strong>trajectam</strong></span> <span class='ocrx_word' id='word_1_13' title='bbox 1164 449 1506 505; x_wconf 82' lang='lat' dir='ltr'><strong>existimant.</strong></span> <span class='ocrx_word' id='word_1_14' title='bbox 1564 451 1676 508; x_wconf 86' lang='lat' dir='ltr'><strong>Hoc</strong></span> <span class='ocrx_word' id='word_1_15' title='bbox 1718 469 1850 508; x_wconf 88' lang='lat' dir='ltr'><strong>vero</strong></span> <span class='ocrx_word' id='word_1_16' title='bbox 1884 463 1926 517; x_wconf 80' lang='grc' dir='ltr'><strong>Λ</strong></span> <span class='ocrx_word' id='word_1_17' title='bbox 1957 465 2097 510; x_wconf 87' lang='lat' dir='ltr'><strong>sent.</strong></span> <span class='ocrx_word' id='word_1_18' title='bbox 2155 455 2322 510; x_wconf 85' lang='lat' dir='ltr'><strong>Erant</strong></span> <span class='ocrx_word' id='word_1_19' title='bbox 2373 457 2408 510; x_wconf 88' lang='lat' dir='ltr'><strong>ii</strong></span> <span class='ocrx_word' id='word_1_20' title='bbox 2458 456 2668 524; x_wconf 82' lang='lat' dir='ltr'><strong>Nisan,</strong></span> <span class='ocrx_word' id='word_1_21' title='bbox 2733 457 2836 524; x_wconf 80' lang='lat' dir='ltr'><strong>Ab,</strong></span> <span class='ocrx_word' id='word_1_22' title='bbox 2889 457 3032 523; x_wconf 88' lang='lat' dir='ltr'><strong>Elul,</strong></span> <span class='ocrx_word' id='word_1_23' title='bbox 3087 459 3254 522; x_wconf 83' lang='lat' dir='ltr'><strong>Tisri,</strong></span> <span class='ocrx_word' id='word_1_24' title='bbox 3313 460 3547 525; x_wconf 83' lang='lat' dir='ltr'><strong>Casscu,</strong></span> 
     </span>
    </p>
   </div>
   <div class='ocr_carea' id='block_1_5' title="bbox 277 534 1862 612">
    <p class='ocr_par' dir='ltr' id='par_1_5' title="bbox 277 534 1862 612">
     <span class='ocr_line' id='line_1_5' title="bbox 277 534 1862 612; baseline 0.011 -29"><span class='ocrx_word' id='word_1_25' title='bbox 277 540 510 601; x_wconf 76' lang='lat' dir='ltr'><strong>negant,</strong></span> <span class='ocrx_word' id='word_1_26' title='bbox 556 548 783 590; x_wconf 89' lang='lat' dir='ltr'><strong>necesse</strong></span> <span class='ocrx_word' id='word_1_27' title='bbox 826 534 1030 603; x_wconf 88' lang='lat' dir='ltr'><strong>fuisse,</strong></span> <span class='ocrx_word' id='word_1_28' title='bbox 1077 547 1137 593; x_wconf 85' lang='grc' dir='ltr'><strong>ιιι</strong></span> <span class='ocrx_word' id='word_1_29' title='bbox 1178 539 1417 596; x_wconf 93' lang='lat' dir='ltr'><strong>instante</strong></span> <span class='ocrx_word' id='word_1_30' title='bbox 1463 544 1581 612; x_wconf 90' lang='lat' dir='ltr'><strong>ipso</strong></span> <span class='ocrx_word' id='word_1_31' title='bbox 1621 545 1862 601; x_wconf 60' lang='lat' dir='ltr'><strong>caelestis</strong></span> 
     </span>
    </p>
   </div>
   <div class='ocr_carea' id='block_1_6' title="bbox 279 617 1860 706">
    <p class='ocr_par' dir='ltr' id='par_1_6' title="bbox 279 617 1860 706">
     <span class='ocr_line' id='line_1_6' title="bbox 279 617 1860 706; baseline 0.013 -37"><span class='ocrx_word' id='word_1_32' title='bbox 279 617 561 686; x_wconf 87' lang='lat' dir='ltr'><strong>plenilunii</strong></span> <span class='ocrx_word' id='word_1_33' title='bbox 601 621 691 676; x_wconf 87' lang='lat' dir='ltr'><strong>die</strong></span> <span class='ocrx_word' id='word_1_34' title='bbox 729 621 1001 680; x_wconf 76' lang='lat' dir='ltr'><strong>festivitas</strong></span> <span class='ocrx_word' id='word_1_35' title='bbox 1042 628 1296 696; x_wconf 90' lang='lat' dir='ltr'><strong>iniretur,</strong></span> <span class='ocrx_word' id='word_1_36' title='bbox 1335 647 1458 686; x_wconf 89' lang='lat' dir='ltr'><strong>cum</strong></span> <span class='ocrx_word' id='word_1_37' title='bbox 1493 633 1576 688; x_wconf 86' lang='lat' dir='ltr'><strong>vel</strong></span> <span class='ocrx_word' id='word_1_38' title='bbox 1615 651 1681 688; x_wconf 82' lang='lat' dir='ltr'><strong>ex</strong></span> <span class='ocrx_word' id='word_1_39' title='bbox 1724 638 1860 706; x_wconf 83' lang='lat' dir='ltr'><strong>cyeli</strong></span> 
     </span>
    </p>
   </div>
   <div class='ocr_carea' id='block_1_7' title="bbox 280 708 1862 791">
    <p class='ocr_par' dir='ltr' id='par_1_7' title="bbox 280 708 1862 791">
     <span class='ocr_line' id='line_1_7' title="bbox 280 708 1862 791; baseline 0.013 -30"><span class='ocrx_word' id='word_1_40' title='bbox 280 708 488 764; x_wconf 72' lang='lat' dir='ltr'><strong>lunaris</strong></span> <span class='ocrx_word' id='word_1_41' title='bbox 520 712 675 778; x_wconf 89' lang='lat' dir='ltr'><strong>vitio,</strong></span> <span class='ocrx_word' id='word_1_42' title='bbox 706 715 788 769; x_wconf 85' lang='lat' dir='ltr'><strong>vel</strong></span> <span class='ocrx_word' id='word_1_43' title='bbox 826 731 892 770; x_wconf 83' lang='lat' dir='ltr'><strong>ex</strong></span> <span class='ocrx_word' id='word_1_44' title='bbox 921 719 1140 787; x_wconf 81' lang='grc' dir='ltr'><strong>φάσεως</strong></span> <span class='ocrx_word' id='word_1_45' title='bbox 1176 721 1580 791; x_wconf 84' lang='lat' dir='ltr'><strong>observatione,</strong></span> <span class='ocrx_word' id='word_1_46' title='bbox 1624 742 1710 779; x_wconf 73' lang='lat' dir='ltr'><strong>xiv</strong></span> <span class='ocrx_word' id='word_1_47' title='bbox 1743 728 1862 782; x_wconf 88' lang='lat' dir='ltr'><strong>dies</strong></span> 
     </span>
    </p>
   </div>
   <div class='ocr_carea' id='block_1_8' title="bbox 281 802 1492 883">
    <p class='ocr_par' dir='ltr' id='par_1_8' title="bbox 281 802 1492 883">
     <span class='ocr_line' id='line_1_8' title="bbox 281 802 1492 883; baseline 0.012 -30"><span class='ocrx_word' id='word_1_48' title='bbox 281 802 509 870; x_wconf 84' lang='lat' dir='ltr'><strong>mensis,</strong></span> <span class='ocrx_word' id='word_1_49' title='bbox 541 804 665 859; x_wconf 88' lang='lat' dir='ltr'><strong>luna</strong></span> <span class='ocrx_word' id='word_1_50' title='bbox 703 822 792 876; x_wconf 78' lang='lat' dir='ltr'><strong>xv,</strong></span> <span class='ocrx_word' id='word_1_51' title='bbox 838 818 933 864; x_wconf 85' lang='lat' dir='ltr'><strong>aut</strong></span> <span class='ocrx_word' id='word_1_52' title='bbox 961 827 1051 864; x_wconf 80' lang='lat' dir='ltr'><strong>xvi</strong></span> <span class='ocrx_word' id='word_1_53' title='bbox 1080 827 1201 870; x_wconf 88' lang='lat' dir='ltr'><strong>esse</strong></span> <span class='ocrx_word' id='word_1_54' title='bbox 1233 817 1492 883; x_wconf 89' lang='lat' dir='ltr'><strong>potuerit.</strong></span> 
     </span>
    </p>
   </div>
   <div class='ocr_carea' id='block_1_9' title="bbox 354 893 1863 975">
    <p class='ocr_par' dir='ltr' id='par_1_9' title="bbox 354 893 1863 975">
     <span class='ocr_line' id='line_1_9' title="bbox 354 893 1863 975; baseline 0.012 -29"><span class='ocrx_word' id='word_1_55' title='bbox 354 893 477 949; x_wconf 63' lang='lat' dir='ltr'><strong>Ilaec</strong></span> <span class='ocrx_word' id='word_1_56' title='bbox 509 895 740 951; x_wconf 82' lang='lat' dir='ltr'><strong>dixerim</strong></span> <span class='ocrx_word' id='word_1_57' title='bbox 777 915 886 954; x_wconf 91' lang='lat' dir='ltr'><strong>non</strong></span> <span class='ocrx_word' id='word_1_58' title='bbox 924 909 983 955; x_wconf 89' lang='lat' dir='ltr'><strong>ut</strong></span> <span class='ocrx_word' id='word_1_59' title='bbox 1007 903 1153 958; x_wconf 88' lang='lat' dir='ltr'><strong>illico</strong></span> <span class='ocrx_word' id='word_1_60' title='bbox 1185 906 1458 975; x_wconf 80' lang='lat' dir='ltr'><strong>politieani</strong></span> <span class='ocrx_word' id='word_1_61' title='bbox 1501 908 1645 962; x_wconf 89' lang='lat' dir='ltr'><strong>illam</strong></span> <span class='ocrx_word' id='word_1_62' title='bbox 1675 925 1863 963; x_wconf 85' lang='lat' dir='ltr'><strong>recen-</strong></span> 
     </span>
    </p>
   </div>
   <div class='ocr_carea' id='block_1_10' title="bbox 279 985 1856 1066">
    <p class='ocr_par' dir='ltr' id='par_1_10' title="bbox 279 985 1856 1066">
     <span class='ocr_line' id='line_1_10' title="bbox 279 985 1856 1066; baseline 0.01 -28"><span class='ocrx_word' id='word_1_63' title='bbox 279 985 436 1042; x_wconf 87' lang='lat' dir='ltr'><strong>tioris</strong></span> <span class='ocrx_word' id='word_1_64' title='bbox 467 990 708 1058; x_wconf 91' lang='lat' dir='ltr'><strong>computi</strong></span> <span class='ocrx_word' id='word_1_65' title='bbox 740 993 1152 1049; x_wconf 82' lang='lat' dir='ltr'><strong>translationem</strong></span> <span class='ocrx_word' id='word_1_66' title='bbox 1181 998 1321 1066; x_wconf 76' lang='lat' dir='ltr'><strong>apud</strong></span> <span class='ocrx_word' id='word_1_67' title='bbox 1365 997 1584 1054; x_wconf 70' lang='lat' dir='ltr'><strong>Judzeos</strong></span> <span class='ocrx_word' id='word_1_68' title='bbox 1624 1010 1856 1066; x_wconf 87' lang='lat' dir='ltr'><strong>veteres,</strong></span> 
     </span>
    </p>
   </div>
   <div class='ocr_carea' id='block_1_11' title="bbox 277 1078 1857 1158">
    <p class='ocr_par' dir='ltr' id='par_1_11' title="bbox 277 1078 1857 1158">
     <span class='ocr_line' id='line_1_11' title="bbox 277 1078 1857 1158; baseline 0.011 -28"><span class='ocrx_word' id='word_1_69' title='bbox 277 1078 526 1146; x_wconf 76' lang='lat' dir='ltr'><strong>adeoque</strong></span> <span class='ocrx_word' id='word_1_70' title='bbox 565 1079 766 1134; x_wconf 85' lang='lat' dir='ltr'><strong>Christi</strong></span> <span class='ocrx_word' id='word_1_71' title='bbox 799 1091 1042 1153; x_wconf 89' lang='lat' dir='ltr'><strong>tempore</strong></span> <span class='ocrx_word' id='word_1_72' title='bbox 1074 1099 1392 1158; x_wconf 85' lang='lat' dir='ltr'><strong>usurpatam</strong></span> <span class='ocrx_word' id='word_1_73' title='bbox 1424 1107 1546 1146; x_wconf 85' lang='lat' dir='ltr'><strong>esse</strong></span> <span class='ocrx_word' id='word_1_74' title='bbox 1577 1093 1857 1148; x_wconf 87' lang='lat' dir='ltr'><strong>deliniam.</strong></span> 
     </span>
    </p>
   </div>
   <div class='ocr_carea' id='block_1_12' title="bbox 279 1165 1862 1250">
    <p class='ocr_par' dir='ltr' id='par_1_12' title="bbox 279 1165 1862 1250">
     <span class='ocr_line' id='line_1_12' title="bbox 279 1165 1862 1250; baseline 0.015 -31"><span class='ocrx_word' id='word_1_75' title='bbox 279 1165 395 1222; x_wconf 89' lang='lat' dir='ltr'><strong>lloc</strong></span> <span class='ocrx_word' id='word_1_76' title='bbox 425 1170 569 1224; x_wconf 89' lang='lat' dir='ltr'><strong>enim</strong></span> <span class='ocrx_word' id='word_1_77' title='bbox 590 1172 674 1225; x_wconf 91' lang='lat' dir='ltr'><strong>vel</strong></span> <span class='ocrx_word' id='word_1_78' title='bbox 699 1171 870 1228; x_wconf 65' lang='lat' dir='ltr'><strong>Judaei</strong></span> <span class='ocrx_word' id='word_1_79' title='bbox 902 1175 1004 1244; x_wconf 85' lang='lat' dir='ltr'><strong>ipsi</strong></span> <span class='ocrx_word' id='word_1_80' title='bbox 1035 1191 1256 1248; x_wconf 83' lang='lat' dir='ltr'><strong>negant.</strong></span> <span class='ocrx_word' id='word_1_81' title='bbox 1295 1182 1575 1250; x_wconf 89' lang='lat' dir='ltr'><strong>Siquidem</strong></span> <span class='ocrx_word' id='word_1_82' title='bbox 1615 1184 1680 1240; x_wconf 71' lang='grc' dir='ltr'><strong>Β.</strong></span> <span class='ocrx_word' id='word_1_83' title='bbox 1712 1184 1862 1241; x_wconf 84' lang='lat' dir='ltr'><strong>Mose</strong></span> 
     </span>
    </p>
   </div>
   <div class='ocr_carea' id='block_1_13' title="bbox 279 1259 1858 1348">
    <p class='ocr_par' dir='ltr' id='par_1_13' title="bbox 279 1259 1858 1348">
     <span class='ocr_line' id='line_1_13' title="bbox 279 1259 1858 1348; baseline 0.016 -34"><span class='ocrx_word' id='word_1_84' title='bbox 279 1259 382 1314; x_wconf 87' lang='lat' dir='ltr'><strong>ben</strong></span> <span class='ocrx_word' id='word_1_85' title='bbox 441 1260 680 1318; x_wconf 77' lang='lat' dir='ltr'><strong>Maimon</strong></span> <span class='ocrx_word' id='word_1_86' title='bbox 735 1280 855 1335; x_wconf 85' lang='lat' dir='ltr'><strong>cap.</strong></span> <span class='ocrx_word' id='word_1_87' title='bbox 907 1267 936 1319; x_wconf 87' lang='lat'><strong>7</strong></span> <span class='ocrx_word' id='word_1_88' title='bbox 1001 1268 1280 1327; x_wconf 83' lang='lat' dir='ltr'><strong>Kiddusch</strong></span> <span class='ocrx_word' id='word_1_89' title='bbox 1330 1273 1698 1346; x_wconf 85' lang='lat' dir='ltr'><strong>hakbodesch,</strong></span> <span class='ocrx_word' id='word_1_90' title='bbox 1742 1276 1769 1348; x_wconf 85' lang='lat'><strong>§</strong></span> <span class='ocrx_word' id='word_1_91' title='bbox 1826 1277 1858 1330; x_wconf 89' lang='lat'><strong>7</strong></span> 
     </span>
    </p>
   </div>
   <div class='ocr_carea' id='block_1_14' title="bbox 277 1351 1861 1437">
    <p class='ocr_par' dir='ltr' id='par_1_14' title="bbox 277 1351 1861 1437">
     <span class='ocr_line' id='line_1_14' title="bbox 277 1351 1861 1437; baseline 0.012 -33"><span class='ocrx_word' id='word_1_92' title='bbox 277 1362 332 1404; x_wconf 88' lang='lat' dir='ltr'><strong>ct</strong></span> <span class='ocrx_word' id='word_1_93' title='bbox 368 1351 422 1413; x_wconf 87' lang='lat'><strong>8,</strong></span> <span class='ocrx_word' id='word_1_94' title='bbox 460 1353 808 1422; x_wconf 71' lang='lat' dir='ltr'><strong>rejectionem</strong></span> <span class='ocrx_word' id='word_1_95' title='bbox 856 1357 1120 1415; x_wconf 89' lang='lat' dir='ltr'><strong>feriarum</strong></span> <span class='ocrx_word' id='word_1_96' title='bbox 1164 1373 1346 1418; x_wconf 89' lang='lat' dir='ltr'><strong>natam</strong></span> <span class='ocrx_word' id='word_1_97' title='bbox 1397 1379 1462 1419; x_wconf 83' lang='lat' dir='ltr'><strong>ex</strong></span> <span class='ocrx_word' id='word_1_98' title='bbox 1509 1380 1575 1419; x_wconf 88' lang='lat' dir='ltr'><strong>eo</strong></span> <span class='ocrx_word' id='word_1_99' title='bbox 1619 1377 1861 1437; x_wconf 89' lang='lat' dir='ltr'><strong>tempore</strong></span> 
     </span>
    </p>
   </div>
   <div class='ocr_carea' id='block_1_15' title="bbox 276 1449 1860 1528">
    <p class='ocr_par' dir='ltr' id='par_1_15' title="bbox 276 1449 1860 1528">
     <span class='ocr_line' id='line_1_15' title="bbox 276 1449 1860 1528; baseline 0.013 -33"><span class='ocrx_word' id='word_1_100' title='bbox 276 1458 401 1496; x_wconf 88' lang='lat' dir='ltr'><strong>esse</strong></span> <span class='ocrx_word' id='word_1_101' title='bbox 449 1455 620 1512; x_wconf 89' lang='lat' dir='ltr'><strong>putat,</strong></span> <span class='ocrx_word' id='word_1_102' title='bbox 664 1463 774 1516; x_wconf 89' lang='lat' dir='ltr'><strong>quo</strong></span> <span class='ocrx_word' id='word_1_103' title='bbox 827 1449 893 1502; x_wconf 89' lang='lat' dir='ltr'><strong>ad</strong></span> <span class='ocrx_word' id='word_1_104' title='bbox 942 1453 1153 1508; x_wconf 90' lang='lat' dir='ltr'><strong>medios</strong></span> <span class='ocrx_word' id='word_1_105' title='bbox 1199 1464 1400 1519; x_wconf 88' lang='lat' dir='ltr'><strong>motus,</strong></span> <span class='ocrx_word' id='word_1_106' title='bbox 1450 1457 1594 1513; x_wconf 90' lang='lat' dir='ltr'><strong>veris</strong></span> <span class='ocrx_word' id='word_1_107' title='bbox 1633 1468 1860 1528; x_wconf 81' lang='lat' dir='ltr'><strong>pra-ter-</strong></span> 
     </span>
    </p>
   </div>
   <div class='ocr_carea' id='block_1_16' title="bbox 279 1533 1858 1617">
    <p class='ocr_par' dir='ltr' id='par_1_16' title="bbox 279 1533 1858 1617">
     <span class='ocr_line' id='line_1_16' title="bbox 279 1533 1858 1617; baseline 0.017 -34"><span class='ocrx_word' id='word_1_108' title='bbox 279 1533 483 1594; x_wconf 85' lang='lat' dir='ltr'><strong>inissis,</strong></span> <span class='ocrx_word' id='word_1_109' title='bbox 513 1549 828 1617; x_wconf 72' lang='lat' dir='ltr'><strong>computum</strong></span> <span class='ocrx_word' id='word_1_110' title='bbox 872 1555 1033 1594; x_wconf 91' lang='lat' dir='ltr'><strong>suum</strong></span> <span class='ocrx_word' id='word_1_111' title='bbox 1081 1543 1317 1614; x_wconf 75' lang='lat' dir='ltr'><strong>dirigere</strong></span> <span class='ocrx_word' id='word_1_112' title='bbox 1356 1559 1670 1617; x_wconf 80' lang='lat' dir='ltr'><strong>cmperunt:</strong></span> <span class='ocrx_word' id='word_1_113' title='bbox 1697 1557 1858 1609; x_wconf 63' lang='lat' dir='ltr'><strong>lJZD‘I</strong></span> 
     </span>
    </p>
   </div>
   <div class='ocr_carea' id='block_1_17' title="bbox 274 1613 1862 1727">
    <p class='ocr_par' dir='ltr' id='par_1_17' title="bbox 274 1613 1862 1727">
     <span class='ocr_line' id='line_1_17' title="bbox 274 1613 1862 1727; baseline 0.006 -41"><span class='ocrx_word' id='word_1_114' title='bbox 274 1631 540 1727; x_wconf 37' lang='lat' dir='ltr'><strong>3112mm:</strong></span> <span class='ocrx_word' id='word_1_115' title='bbox 575 1613 667 1686; x_wconf 66' lang='lat' dir='ltr'><strong>v55</strong></span> <span class='ocrx_word' id='word_1_116' title='bbox 702 1637 829 1727; x_wconf 49' lang='grc' dir='ltr'><strong>γ’χικ</strong></span> <span class='ocrx_word' id='word_1_117' title='bbox 875 1642 1011 1692; x_wconf 60' lang='grc' dir='ltr'>τιεί</span> <span class='ocrx_word' id='word_1_118' title='bbox 1050 1645 1117 1694; x_wconf 77' lang='lat' dir='ltr'><strong>m</strong></span> <span class='ocrx_word' id='word_1_119' title='bbox 1159 1645 1371 1724; x_wconf 55' lang='lat' dir='ltr'><strong>imm:</strong></span> <span class='ocrx_word' id='word_1_120' title='bbox 1417 1613 1603 1727; x_wconf 60' lang='lat' dir='ltr'><strong>pun-ip</strong></span> <span class='ocrx_word' id='word_1_121' title='bbox 1652 1650 1738 1727; x_wconf 62' lang='lat' dir='ltr'><strong>ps:</strong></span> <span class='ocrx_word' id='word_1_122' title='bbox 1773 1653 1862 1701; x_wconf 73' lang='lat' dir='ltr'><strong>re:</strong></span> 
     </span>
    </p>
   </div>
   <div class='ocr_carea' id='block_1_18' title="bbox 277 1701 1860 1814">
    <p class='ocr_par' dir='ltr' id='par_1_18' title="bbox 277 1701 1860 1814">
     <span class='ocr_line' id='line_1_18' title="bbox 277 1701 1860 1814; baseline 0.013 -41"><span class='ocrx_word' id='word_1_123' title='bbox 277 1701 350 1774; x_wconf 62' lang='lat' dir='ltr'><strong>s5</strong></span> <span class='ocrx_word' id='word_1_124' title='bbox 385 1725 616 1780; x_wconf 62' lang='lat' dir='ltr'><strong>tamen</strong></span> <span class='ocrx_word' id='word_1_125' title='bbox 665 1707 873 1781; x_wconf 48' lang='lat' dir='ltr'><strong>unum</strong></span> <span class='ocrx_word' id='word_1_126' title='bbox 921 1735 1137 1814; x_wconf 64' lang='lat' dir='ltr'><strong>mm</strong></span> <span class='ocrx_word' id='word_1_127' title='bbox 1165 1701 1328 1787; x_wconf 63' lang='grc' dir='ltr'><strong>’τι-τετυ</strong></span> <span class='ocrx_word' id='word_1_128' title='bbox 1380 1701 1579 1814; x_wconf 59' lang='grc' dir='ltr'><strong>γίιεινρς</strong></span> <span class='ocrx_word' id='word_1_129' title='bbox 1623 1701 1723 1792; x_wconf 51' lang='grc' dir='ltr'>ηιμ-ι</span> <span class='ocrx_word' id='word_1_130' title='bbox 1757 1744 1860 1792; x_wconf 81' lang='lat' dir='ltr'><strong>rrm</strong></span> 
     </span>
    </p>
   </div>
   <div class='ocr_carea' id='block_1_19' title="bbox 277 1800 1860 1904">
    <p class='ocr_par' dir='ltr' id='par_1_19' title="bbox 277 1800 1860 1904">
     <span class='ocr_line' id='line_1_19' title="bbox 277 1800 1860 1904; baseline 0.011 -39"><span class='ocrx_word' id='word_1_131' title='bbox 277 1813 390 1867; x_wconf 68' lang='lat' dir='ltr'><strong>iam</strong></span> <span class='ocrx_word' id='word_1_132' title='bbox 425 1818 604 1898; x_wconf 70' lang='lat' dir='ltr'><strong>mtup</strong></span> <span class='ocrx_word' id='word_1_133' title='bbox 631 1821 718 1872; x_wconf 75' lang='grc' dir='ltr'><strong>ειν</strong></span> <span class='ocrx_word' id='word_1_134' title='bbox 739 1800 1029 1898; x_wconf 59' lang='grc' dir='ltr'><strong>ἰω-συειὸ</strong></span> <span class='ocrx_word' id='word_1_135' title='bbox 1051 1827 1282 1904; x_wconf 63' lang='grc' dir='ltr'><strong>ζων-πιπτει</strong></span> <span class='ocrx_word' id='word_1_136' title='bbox 1309 1800 1412 1878; x_wconf 71' lang='lat' dir='ltr'><strong>m5</strong></span> <span class='ocrx_word' id='word_1_137' title='bbox 1437 1800 1629 1880; x_wconf 64' lang='grc' dir='ltr'><strong>νηὲικπ</strong></span> <span class='ocrx_word' id='word_1_138' title='bbox 1667 1832 1860 1904; x_wconf 74' lang='lat' dir='ltr'><strong>mpm</strong></span> 
     </span>
    </p>
   </div>
   <div class='ocr_carea' id='block_1_20' title="bbox 282 1883 1859 1987">
    <p class='ocr_par' dir='ltr' id='par_1_20' title="bbox 282 1883 1859 1987">
     <span class='ocr_line' id='line_1_20' title="bbox 282 1883 1859 1987; baseline 0.006 -33"><span class='ocrx_word' id='word_1_139' title='bbox 282 1911 298 1926; x_wconf 79' lang='grc' dir='ltr'><strong><em>ο</em></strong></span> <span class='ocrx_word' id='word_1_140' title='bbox 337 1905 532 1958; x_wconf 63' lang='lat' dir='ltr'><strong>manu</strong></span> <span class='ocrx_word' id='word_1_141' title='bbox 568 1883 715 1987; x_wconf 72' lang='lat' dir='ltr'><strong>&#39;vup</strong></span> <span class='ocrx_word' id='word_1_142' title='bbox 764 1883 900 1961; x_wconf 67' lang='lat' dir='ltr'><strong>Diui</strong></span> <span class='ocrx_word' id='word_1_143' title='bbox 928 1883 1086 1968; x_wconf 56' lang='grc' dir='ltr'><strong>νυεὸ</strong></span> <span class='ocrx_word' id='word_1_144' title='bbox 1125 1913 1211 1964; x_wconf 71' lang='lat' dir='ltr'><strong>ri:</strong></span> <span class='ocrx_word' id='word_1_145' title='bbox 1241 1907 1607 1974; x_wconf 61' lang='lat' dir='ltr'><strong>mmmam</strong></span> <span class='ocrx_word' id='word_1_146' title='bbox 1640 1911 1702 1964; x_wconf 87' lang='lat' dir='ltr'><strong>ob</strong></span> <span class='ocrx_word' id='word_1_147' title='bbox 1732 1883 1859 1965; x_wconf 71' lang='grc' dir='ltr'>ἓαιι-</span> 
     </span>
    </p>
   </div>
   <div class='ocr_carea' id='block_1_21' title="bbox 277 1989 1857 2058">
    <p class='ocr_par' dir='ltr' id='par_1_21' title="bbox 277 1989 1857 2058">
     <span class='ocr_line' id='line_1_21' title="bbox 277 1989 1857 2058; baseline 0.009 -18"><span class='ocrx_word' id='word_1_148' title='bbox 277 2003 393 2040; x_wconf 88' lang='lat' dir='ltr'><strong>sam</strong></span> <span class='ocrx_word' id='word_1_149' title='bbox 431 1989 484 2042; x_wconf 90' lang='lat' dir='ltr'><strong>in</strong></span> <span class='ocrx_word' id='word_1_150' title='bbox 527 1990 625 2043; x_wconf 82' lang='lat' dir='ltr'><strong>hoc</strong></span> <span class='ocrx_word' id='word_1_151' title='bbox 657 2002 904 2058; x_wconf 90' lang='lat' dir='ltr'><strong>computo</strong></span> <span class='ocrx_word' id='word_1_152' title='bbox 951 1996 1290 2050; x_wconf 88' lang='lat' dir='ltr'><strong>neomeniam</strong></span> <span class='ocrx_word' id='word_1_153' title='bbox 1345 2015 1446 2051; x_wconf 89' lang='lat' dir='ltr'><strong>non</strong></span> <span class='ocrx_word' id='word_1_154' title='bbox 1500 1999 1761 2054; x_wconf 86' lang='lat' dir='ltr'><strong>collocant</strong></span> <span class='ocrx_word' id='word_1_155' title='bbox 1803 2003 1857 2056; x_wconf 84' lang='lat' dir='ltr'><strong>in</strong></span> 
     </span>
    </p>
   </div>
   <div class='ocr_carea' id='block_1_22' title="bbox 277 2077 1856 2158">
    <p class='ocr_par' dir='ltr' id='par_1_22' title="bbox 277 2077 1856 2158">
     <span class='ocr_line' id='line_1_22' title="bbox 277 2077 1856 2158; baseline 0.011 -30"><span class='ocrx_word' id='word_1_156' title='bbox 277 2077 414 2143; x_wconf 81' lang='lat' dir='ltr'><strong>feria</strong></span> <span class='ocrx_word' id='word_1_157' title='bbox 445 2094 484 2144; x_wconf 88' lang='grc' dir='ltr'>ι,</span> <span class='ocrx_word' id='word_1_158' title='bbox 531 2095 582 2132; x_wconf 86' lang='lat' dir='ltr'><strong>iv</strong></span> <span class='ocrx_word' id='word_1_159' title='bbox 617 2090 666 2133; x_wconf 90' lang='lat' dir='ltr'><strong>et</strong></span> <span class='ocrx_word' id='word_1_160' title='bbox 705 2098 758 2135; x_wconf 89' lang='lat' dir='ltr'><strong>vi</strong></span> <span class='ocrx_word' id='word_1_161' title='bbox 791 2084 1008 2153; x_wconf 86' lang='lat' dir='ltr'><strong>(nempe</strong></span> <span class='ocrx_word' id='word_1_162' title='bbox 1047 2084 1098 2138; x_wconf 91' lang='lat' dir='ltr'><strong>in</strong></span> <span class='ocrx_word' id='word_1_163' title='bbox 1135 2085 1350 2157; x_wconf 82' lang='lat' dir='ltr'><strong>Tisri)?</strong></span> <span class='ocrx_word' id='word_1_164' title='bbox 1386 2089 1463 2142; x_wconf 86' lang='lat' dir='ltr'><strong>0b</strong></span> <span class='ocrx_word' id='word_1_165' title='bbox 1503 2090 1557 2142; x_wconf 98' lang='lat' dir='ltr'><strong>id</strong></span> <span class='ocrx_word' id='word_1_166' title='bbox 1595 2092 1856 2158; x_wconf 76' lang='lat' dir='ltr'><strong>videlicet,</strong></span> 
     </span>
    </p>
   </div>
   <div class='ocr_carea' id='block_1_23' title="bbox 284 2171 1860 2241">
    <p class='ocr_par' dir='ltr' id='par_1_23' title="bbox 284 2171 1860 2241">
     <span class='ocr_line' id='line_1_23' title="bbox 284 2171 1860 2241; baseline 0.011 -21"><span class='ocrx_word' id='word_1_167' title='bbox 284 2171 428 2238; x_wconf 90' lang='lat' dir='ltr'><strong>quod</strong></span> <span class='ocrx_word' id='word_1_168' title='bbox 485 2183 767 2241; x_wconf 84' lang='lat' dir='ltr'><strong>computus</strong></span> <span class='ocrx_word' id='word_1_169' title='bbox 823 2176 922 2228; x_wconf 89' lang='lat' dir='ltr'><strong>iste</strong></span> <span class='ocrx_word' id='word_1_170' title='bbox 984 2183 1421 2231; x_wconf 80' lang='lat' dir='ltr'><strong>aeronimodatus</strong></span> <span class='ocrx_word' id='word_1_171' title='bbox 1465 2193 1540 2234; x_wconf 88' lang='lat' dir='ltr'><strong>est</strong></span> <span class='ocrx_word' id='word_1_172' title='bbox 1597 2183 1667 2234; x_wconf 84' lang='lat' dir='ltr'><strong>ad</strong></span> <span class='ocrx_word' id='word_1_173' title='bbox 1734 2200 1860 2236; x_wconf 84' lang='lat' dir='ltr'><strong>con-</strong></span> 
     </span>
    </p>
   </div>
   <div class='ocr_carea' id='block_1_24' title="bbox 273 2263 1859 2330">
    <p class='ocr_par' dir='ltr' id='par_1_24' title="bbox 273 2263 1859 2330">
     <span class='ocr_line' id='line_1_24' title="bbox 273 2263 1859 2330; baseline 0.009 -14"><span class='ocrx_word' id='word_1_174' title='bbox 273 2263 572 2330; x_wconf 80' lang='lat' dir='ltr'><strong>junctiones</strong></span> <span class='ocrx_word' id='word_1_175' title='bbox 616 2268 743 2321; x_wconf 86' lang='lat' dir='ltr'><strong>solis</strong></span> <span class='ocrx_word' id='word_1_176' title='bbox 772 2285 834 2321; x_wconf 89' lang='lat' dir='ltr'><strong>ac</strong></span> <span class='ocrx_word' id='word_1_177' title='bbox 864 2269 1028 2328; x_wconf 74' lang='lat' dir='ltr'><strong>(ante.</strong></span> <span class='ocrx_word' id='word_1_178' title='bbox 1074 2272 1366 2324; x_wconf 84' lang='lat' dir='ltr'><strong>secundum</strong></span> <span class='ocrx_word' id='word_1_179' title='bbox 1399 2276 1629 2328; x_wconf 78' lang='lat' dir='ltr'><strong>medium</strong></span> <span class='ocrx_word' id='word_1_180' title='bbox 1660 2288 1859 2330; x_wconf 87' lang='lat' dir='ltr'><strong>motum</strong></span> 
     </span>
    </p>
   </div>
   <div class='ocr_carea' id='block_1_25' title="bbox 277 2357 1859 2424">
    <p class='ocr_par' dir='ltr' id='par_1_25' title="bbox 277 2357 1859 2424">
     <span class='ocr_line' id='line_1_25' title="bbox 277 2357 1859 2424; baseline 0.008 -16"><span class='ocrx_word' id='word_1_181' title='bbox 277 2357 494 2411; x_wconf 85' lang='lat' dir='ltr'><strong>illorum</strong></span> <span class='ocrx_word' id='word_1_182' title='bbox 520 2359 782 2424; x_wconf 75' lang='lat' dir='ltr'><strong>siderum,</strong></span> <span class='ocrx_word' id='word_1_183' title='bbox 819 2379 922 2415; x_wconf 89' lang='lat' dir='ltr'><strong>non</strong></span> <span class='ocrx_word' id='word_1_184' title='bbox 960 2362 1145 2416; x_wconf 84' lang='lat' dir='ltr'><strong>habita</strong></span> <span class='ocrx_word' id='word_1_185' title='bbox 1180 2365 1385 2416; x_wconf 90' lang='lat' dir='ltr'><strong>ratione</strong></span> <span class='ocrx_word' id='word_1_186' title='bbox 1421 2367 1526 2419; x_wconf 86' lang='lat' dir='ltr'><strong>veri</strong></span> <span class='ocrx_word' id='word_1_187' title='bbox 1557 2369 1859 2421; x_wconf 83' lang='lat' dir='ltr'><strong>earumdem</strong></span> 
     </span>
    </p>
   </div>
   <div class='ocr_carea' id='block_1_26' title="bbox 277 2448 1857 2526">
    <p class='ocr_par' dir='ltr' id='par_1_26' title="bbox 277 2448 1857 2526">
     <span class='ocr_line' id='line_1_26' title="bbox 277 2448 1857 2526; baseline 0.008 -25"><span class='ocrx_word' id='word_1_188' title='bbox 277 2448 401 2514; x_wconf 87' lang='lat' dir='ltr'><strong>loci,</strong></span> <span class='ocrx_word' id='word_1_189' title='bbox 449 2454 588 2522; x_wconf 86' lang='lat' dir='ltr'><strong>quod</strong></span> <span class='ocrx_word' id='word_1_190' title='bbox 621 2453 740 2519; x_wconf 86' lang='lat' dir='ltr'><strong>jam</strong></span> <span class='ocrx_word' id='word_1_191' title='bbox 788 2455 1137 2508; x_wconf 77' lang='lat' dir='ltr'><strong>ostendimus.</strong></span> <span class='ocrx_word' id='word_1_192' title='bbox 1199 2457 1484 2526; x_wconf 80' lang='lat' dir='ltr'><strong>Propterea</strong></span> <span class='ocrx_word' id='word_1_193' title='bbox 1527 2459 1640 2511; x_wconf 88' lang='lat' dir='ltr'><strong>dies</strong></span> <span class='ocrx_word' id='word_1_194' title='bbox 1692 2470 1857 2515; x_wconf 86' lang='lat' dir='ltr'><strong>certos</strong></span> 
     </span>
    </p>
   </div>
   <div class='ocr_carea' id='block_1_27' title="bbox 277 2543 1857 2618">
    <p class='ocr_par' dir='ltr' id='par_1_27' title="bbox 277 2543 1857 2618">
     <span class='ocr_line' id='line_1_27' title="bbox 277 2543 1857 2618; baseline 0.007 -25"><span class='ocrx_word' id='word_1_195' title='bbox 277 2543 664 2610; x_wconf 63' lang='lat' dir='ltr'><strong>prae/inierunt,</strong></span> <span class='ocrx_word' id='word_1_196' title='bbox 702 2547 896 2615; x_wconf 84' lang='lat' dir='ltr'><strong>quibus</strong></span> <span class='ocrx_word' id='word_1_197' title='bbox 935 2549 1235 2600; x_wconf 86' lang='lat' dir='ltr'><strong>neomenias</strong></span> <span class='ocrx_word' id='word_1_198' title='bbox 1271 2548 1580 2618; x_wconf 79' lang='lat' dir='ltr'><strong>deﬁgerent,</strong></span> <span class='ocrx_word' id='word_1_199' title='bbox 1626 2561 1674 2602; x_wconf 79' lang='lat' dir='ltr'><strong>et</strong></span> <span class='ocrx_word' id='word_1_200' title='bbox 1720 2552 1857 2604; x_wconf 86' lang='lat' dir='ltr'><strong>alios</strong></span> 
     </span>
    </p>
   </div>
   <div class='ocr_carea' id='block_1_28' title="bbox 279 2635 1858 2711">
    <p class='ocr_par' dir='ltr' id='par_1_28' title="bbox 279 2635 1858 2711">
     <span class='ocr_line' id='line_1_28' title="bbox 279 2635 1858 2711; baseline 0.007 -27"><span class='ocrx_word' id='word_1_201' title='bbox 279 2635 546 2702; x_wconf 86' lang='lat' dir='ltr'><strong>rejiculos,</strong></span> <span class='ocrx_word' id='word_1_202' title='bbox 581 2646 636 2688; x_wconf 90' lang='lat' dir='ltr'><strong>ut</strong></span> <span class='ocrx_word' id='word_1_203' title='bbox 663 2639 964 2711; x_wconf 11' lang='lat' dir='ltr'><strong>eaqratione</strong></span> <span class='ocrx_word' id='word_1_204' title='bbox 1001 2654 1174 2691; x_wconf 84' lang='lat' dir='ltr'><strong>veram</strong></span> <span class='ocrx_word' id='word_1_205' title='bbox 1204 2639 1629 2707; x_wconf 86' lang='lat' dir='ltr'><strong>conjunctionem</strong></span> <span class='ocrx_word' id='word_1_206' title='bbox 1653 2643 1858 2711; x_wconf 78' lang='lat' dir='ltr'><strong>assequi</strong></span> 
     </span>
    </p>
   </div>
   <div class='ocr_carea' id='block_1_29' title="bbox 275 2708 1858 2804">
    <p class='ocr_par' dir='ltr' id='par_1_29' title="bbox 275 2708 1858 2804">
     <span class='ocr_line' id='line_1_29' title="bbox 275 2708 1858 2804; baseline 0.006 -27"><span class='ocrx_word' id='word_1_207' title='bbox 275 2735 507 2794; x_wconf 82' lang='lat' dir='ltr'><strong>possent.</strong></span> <span class='ocrx_word' id='word_1_208' title='bbox 543 2708 911 2792; x_wconf 71' lang='lat' dir='ltr'><strong>Quamobrem</strong></span> <span class='ocrx_word' id='word_1_209' title='bbox 944 2745 1068 2782; x_wconf 86' lang='lat' dir='ltr'><strong>cum</strong></span> <span class='ocrx_word' id='word_1_210' title='bbox 1097 2745 1162 2783; x_wconf 80' lang='lat' dir='ltr'><strong>ex</strong></span> <span class='ocrx_word' id='word_1_211' title='bbox 1194 2724 1580 2787; x_wconf 77' lang='lat' dir='ltr'><strong>observatione</strong></span> <span class='ocrx_word' id='word_1_212' title='bbox 1617 2736 1717 2804; x_wconf 81' lang='grc' dir='ltr'><strong>τῆς</strong></span> <span class='ocrx_word' id='word_1_213' title='bbox 1757 2734 1858 2803; x_wconf 72' lang='grc' dir='ltr'><strong>φά-</strong></span> 
     </span>
    </p>
   </div>
   <div class='ocr_carea' id='block_1_30' title="bbox 277 2819 1856 2892">
    <p class='ocr_par' dir='ltr' id='par_1_30' title="bbox 277 2819 1856 2892">
     <span class='ocr_line' id='line_1_30' title="bbox 277 2819 1856 2892; baseline 0.006 -24"><span class='ocrx_word' id='word_1_214' title='bbox 277 2833 439 2880; x_wconf 80' lang='grc' dir='ltr'>σεως,</span> <span class='ocrx_word' id='word_1_215' title='bbox 472 2827 528 2871; x_wconf 88' lang='lat' dir='ltr'><strong>et</strong></span> <span class='ocrx_word' id='word_1_216' title='bbox 561 2819 673 2872; x_wconf 90' lang='lat' dir='ltr'><strong>veri</strong></span> <span class='ocrx_word' id='word_1_217' title='bbox 705 2829 888 2874; x_wconf 90' lang='lat' dir='ltr'><strong>motus</strong></span> <span class='ocrx_word' id='word_1_218' title='bbox 919 2821 1223 2876; x_wconf 87' lang='lat' dir='ltr'><strong>ratiociniis</strong></span> <span class='ocrx_word' id='word_1_219' title='bbox 1259 2831 1384 2877; x_wconf 85' lang='lat' dir='ltr'><strong>ante</strong></span> <span class='ocrx_word' id='word_1_220' title='bbox 1411 2831 1464 2877; x_wconf 88' lang='lat' dir='ltr'><strong>et</strong></span> <span class='ocrx_word' id='word_1_221' title='bbox 1499 2833 1626 2892; x_wconf 89' lang='lat' dir='ltr'><strong>post</strong></span> <span class='ocrx_word' id='word_1_222' title='bbox 1656 2825 1856 2878; x_wconf 69' lang='lat' dir='ltr'><strong>Christi</strong></span> 
     </span>
    </p>
   </div>
   <div class='ocr_carea' id='block_1_31' title="bbox 277 2911 1860 2982">
    <p class='ocr_par' dir='ltr' id='par_1_31' title="bbox 277 2911 1860 2982">
     <span class='ocr_line' id='line_1_31' title="bbox 277 2911 1860 2982; baseline 0.006 -21"><span class='ocrx_word' id='word_1_223' title='bbox 277 2911 590 2978; x_wconf 79' lang='lat' dir='ltr'><strong>passionem</strong></span> <span class='ocrx_word' id='word_1_224' title='bbox 621 2911 826 2980; x_wconf 83' lang='lat' dir='ltr'><strong>aliquot</strong></span> <span class='ocrx_word' id='word_1_225' title='bbox 864 2914 1024 2968; x_wconf 88' lang='lat' dir='ltr'><strong>annis</strong></span> <span class='ocrx_word' id='word_1_226' title='bbox 1085 2914 1406 2969; x_wconf 88' lang='lat' dir='ltr'><strong>neomenias</strong></span> <span class='ocrx_word' id='word_1_227' title='bbox 1445 2915 1760 2982; x_wconf 73' lang='lat' dir='ltr'><strong>indixerint,</strong></span> <span class='ocrx_word' id='word_1_228' title='bbox 1803 2926 1860 2971; x_wconf 89' lang='grc' dir='ltr'><strong>ιιι</strong></span> 
     </span>
    </p>
   </div>
   <div class='ocr_carea' id='block_1_32' title="bbox 278 2987 1856 3078">
    <p class='ocr_par' dir='ltr' id='par_1_32' title="bbox 278 2987 1856 3078">
     <span class='ocr_line' id='line_1_32' title="bbox 278 2987 1856 3078; baseline 0.005 -24"><span class='ocrx_word' id='word_1_229' title='bbox 278 3001 422 3054; x_wconf 89' lang='lat' dir='ltr'><strong>idem</strong></span> <span class='ocrx_word' id='word_1_230' title='bbox 463 3013 653 3057; x_wconf 89' lang='lat' dir='ltr'><strong>auctor</strong></span> <span class='ocrx_word' id='word_1_231' title='bbox 673 3013 759 3059; x_wconf 84' lang='lat' dir='ltr'><strong>est</strong></span> <span class='ocrx_word' id='word_1_232' title='bbox 790 2987 990 3066; x_wconf 77' lang='lat' dir='ltr'><strong>Moses,</strong></span> <span class='ocrx_word' id='word_1_233' title='bbox 1029 3019 1374 3074; x_wconf 86' lang='lat' dir='ltr'><strong>consequens</strong></span> <span class='ocrx_word' id='word_1_234' title='bbox 1410 3015 1494 3062; x_wconf 87' lang='lat' dir='ltr'><strong>est</strong></span> <span class='ocrx_word' id='word_1_235' title='bbox 1529 3007 1623 3062; x_wconf 85' lang='lat' dir='ltr'><strong>diu</strong></span> <span class='ocrx_word' id='word_1_236' title='bbox 1666 3017 1856 3078; x_wconf 88' lang='lat' dir='ltr'><strong>postea</strong></span> 
     </span>
    </p>
   </div>
   <div class='ocr_carea' id='block_1_33' title="bbox 277 3095 1320 3162">
    <p class='ocr_par' dir='ltr' id='par_1_33' title="bbox 277 3095 1320 3162">
     <span class='ocr_line' id='line_1_33' title="bbox 277 3095 1320 3162; baseline 0.007 -17"><span class='ocrx_word' id='word_1_237' title='bbox 277 3095 720 3162; x_wconf 63' lang='lat' dir='ltr'><strong>superstitionem</strong></span> <span class='ocrx_word' id='word_1_238' title='bbox 755 3095 902 3149; x_wconf 88' lang='lat' dir='ltr'><strong>illam</strong></span> <span class='ocrx_word' id='word_1_239' title='bbox 936 3095 1320 3152; x_wconf 81' lang='lat' dir='ltr'><strong>introductam.</strong></span> 
     </span>
    </p>
   </div>
   <div class='ocr_carea' id='block_1_34' title="bbox 356 3183 1854 3261">
    <p class='ocr_par' dir='ltr' id='par_1_34' title="bbox 356 3183 1854 3261">
     <span class='ocr_line' id='line_1_34' title="bbox 356 3183 1854 3261; baseline 0.006 -26"><span class='ocrx_word' id='word_1_240' title='bbox 356 3183 552 3240; x_wconf 87' lang='lat' dir='ltr'><strong>Verum</strong></span> <span class='ocrx_word' id='word_1_241' title='bbox 587 3186 713 3255; x_wconf 87' lang='lat' dir='ltr'><strong>quia</strong></span> <span class='ocrx_word' id='word_1_242' title='bbox 749 3202 810 3242; x_wconf 82' lang='lat' dir='ltr'><strong>ex</strong></span> <span class='ocrx_word' id='word_1_243' title='bbox 855 3186 1168 3256; x_wconf 82' lang='lat' dir='ltr'><strong>Epiphanii,</strong></span> <span class='ocrx_word' id='word_1_244' title='bbox 1205 3188 1545 3259; x_wconf 87' lang='lat' dir='ltr'><strong>aliorumque</strong></span> <span class='ocrx_word' id='word_1_245' title='bbox 1591 3191 1854 3261; x_wconf 79' lang='lat' dir='ltr'><strong>gravissi-</strong></span> 
     </span>
    </p>
   </div>
   <div class='ocr_carea' id='block_1_35' title="bbox 278 3276 1856 3352">
    <p class='ocr_par' dir='ltr' id='par_1_35' title="bbox 278 3276 1856 3352">
     <span class='ocr_line' id='line_1_35' title="bbox 278 3276 1856 3352; baseline 0.007 -24"><span class='ocrx_word' id='word_1_246' title='bbox 278 3290 494 3330; x_wconf 83' lang='lat' dir='ltr'><strong>morum</strong></span> <span class='ocrx_word' id='word_1_247' title='bbox 529 3276 904 3346; x_wconf 78' lang='lat' dir='ltr'><strong>theologorum</strong></span> <span class='ocrx_word' id='word_1_248' title='bbox 936 3279 1224 3344; x_wconf 87' lang='lat' dir='ltr'><strong>sententia,</strong></span> <span class='ocrx_word' id='word_1_249' title='bbox 1258 3279 1512 3336; x_wconf 79' lang='lat' dir='ltr'><strong>Christus</strong></span> <span class='ocrx_word' id='word_1_250' title='bbox 1537 3283 1713 3351; x_wconf 90' lang='lat' dir='ltr'><strong>pridie</strong></span> <span class='ocrx_word' id='word_1_251' title='bbox 1737 3283 1856 3352; x_wconf 87' lang='lat' dir='ltr'><strong>ejus</strong></span> 
     </span>
    </p>
   </div>
   <div class='ocr_carea' id='block_1_36' title="bbox 275 3367 1856 3441">
    <p class='ocr_par' dir='ltr' id='par_1_36' title="bbox 275 3367 1856 3441">
     <span class='ocr_line' id='line_1_36' title="bbox 275 3367 1856 3441; baseline 0.005 -21"><span class='ocrx_word' id='word_1_252' title='bbox 275 3367 406 3427; x_wconf 86' lang='lat' dir='ltr'><strong>diei.</strong></span> <span class='ocrx_word' id='word_1_253' title='bbox 463 3383 573 3437; x_wconf 90' lang='lat' dir='ltr'><strong>quo</strong></span> <span class='ocrx_word' id='word_1_254' title='bbox 613 3368 816 3422; x_wconf 62' lang='lat' dir='ltr'><strong>Scriba:</strong></span> <span class='ocrx_word' id='word_1_255' title='bbox 852 3377 907 3422; x_wconf 87' lang='lat' dir='ltr'><strong>et</strong></span> <span class='ocrx_word' id='word_1_256' title='bbox 939 3367 1200 3425; x_wconf 59' lang='lat' dir='ltr'><strong>Pharisaei</strong></span> <span class='ocrx_word' id='word_1_257' title='bbox 1240 3369 1450 3427; x_wconf 86' lang='lat' dir='ltr'><strong>Pascha</strong></span> <span class='ocrx_word' id='word_1_258' title='bbox 1483 3374 1856 3441; x_wconf 86' lang='lat' dir='ltr'><strong>celebrarunt,</strong></span> 
     </span>
    </p>
   </div>
   <div class='ocr_carea' id='block_1_37' title="bbox 279 3456 1856 3520">
    <p class='ocr_par' dir='ltr' id='par_1_37' title="bbox 279 3456 1856 3520">
     <span class='ocr_line' id='line_1_37' title="bbox 279 3456 1856 3520; baseline 0.006 -10"><span class='ocrx_word' id='word_1_259' title='bbox 279 3457 474 3511; x_wconf 87' lang='lat' dir='ltr'><strong>ultimo</strong></span> <span class='ocrx_word' id='word_1_260' title='bbox 496 3456 779 3520; x_wconf 85' lang='lat' dir='ltr'><strong>Paschate,</strong></span> <span class='ocrx_word' id='word_1_261' title='bbox 807 3475 871 3514; x_wconf 87' lang='lat' dir='ltr'><strong>ac</strong></span> <span class='ocrx_word' id='word_1_262' title='bbox 892 3461 1228 3515; x_wconf 88' lang='lat' dir='ltr'><strong>solemnibus</strong></span> <span class='ocrx_word' id='word_1_263' title='bbox 1261 3463 1602 3518; x_wconf 67' lang='lat' dir='ltr'><strong>caeremoniis</strong></span> <span class='ocrx_word' id='word_1_264' title='bbox 1634 3463 1856 3520; x_wconf 84' lang='lat' dir='ltr'><strong>functus</strong></span> 
     </span>
    </p>
   </div>
   <div class='ocr_carea' id='block_1_38' title="bbox 275 3549 1859 3626">
    <p class='ocr_par' dir='ltr' id='par_1_38' title="bbox 275 3549 1859 3626">
     <span class='ocr_line' id='line_1_38' title="bbox 275 3549 1859 3626; baseline 0.006 -24"><span class='ocrx_word' id='word_1_265' title='bbox 275 3555 396 3612; x_wconf 82' lang='lat' dir='ltr'><strong>est;</strong></span> <span class='ocrx_word' id='word_1_266' title='bbox 441 3549 672 3602; x_wconf 87' lang='lat' dir='ltr'><strong>ineunda</strong></span> <span class='ocrx_word' id='word_1_267' title='bbox 713 3551 1012 3618; x_wconf 86' lang='lat' dir='ltr'><strong>probabilis</strong></span> <span class='ocrx_word' id='word_1_268' title='bbox 1062 3552 1244 3622; x_wconf 89' lang='lat' dir='ltr'><strong>aliqua</strong></span> <span class='ocrx_word' id='word_1_269' title='bbox 1299 3555 1440 3608; x_wconf 85' lang='lat' dir='ltr'><strong>ratio</strong></span> <span class='ocrx_word' id='word_1_270' title='bbox 1485 3567 1588 3619; x_wconf 86' lang='lat' dir='ltr'><strong>est,</strong></span> <span class='ocrx_word' id='word_1_271' title='bbox 1641 3569 1859 3626; x_wconf 80' lang='lat' dir='ltr'><strong>propter</strong></span> 
     </span>
    </p>
   </div>
   <div class='ocr_carea' id='block_1_39' title="bbox 275 3641 1856 3719">
    <p class='ocr_par' dir='ltr' id='par_1_39' title="bbox 275 3641 1856 3719">
     <span class='ocr_line' id='line_1_39' title="bbox 275 3641 1856 3719; baseline 0.008 -27"><span class='ocrx_word' id='word_1_272' title='bbox 275 3656 444 3709; x_wconf 81' lang='lat' dir='ltr'><strong>quam</strong></span> <span class='ocrx_word' id='word_1_273' title='bbox 493 3641 665 3696; x_wconf 65' lang='lat' dir='ltr'><strong>Judaei</strong></span> <span class='ocrx_word' id='word_1_274' title='bbox 714 3643 921 3698; x_wconf 82' lang='lat' dir='ltr'><strong>Pascha</strong></span> <span class='ocrx_word' id='word_1_275' title='bbox 958 3659 986 3696; x_wconf 91' lang='lat' dir='ltr'><strong>a</strong></span> <span class='ocrx_word' id='word_1_276' title='bbox 1025 3644 1267 3712; x_wconf 70' lang='lat' dir='ltr'><strong>legitimo</strong></span> <span class='ocrx_word' id='word_1_277' title='bbox 1316 3647 1406 3702; x_wconf 92' lang='lat' dir='ltr'><strong>die</strong></span> <span class='ocrx_word' id='word_1_278' title='bbox 1441 3649 1494 3702; x_wconf 88' lang='lat' dir='ltr'><strong>in</strong></span> <span class='ocrx_word' id='word_1_279' title='bbox 1537 3659 1856 3719; x_wconf 85' lang='lat' dir='ltr'><strong>sequentem</strong></span> 
     </span>
    </p>
   </div>
   <div class='ocr_carea' id='block_1_40' title="bbox 279 3732 1856 3805">
    <p class='ocr_par' dir='ltr' id='par_1_40' title="bbox 279 3732 1856 3805">
     <span class='ocr_line' id='line_1_40' title="bbox 279 3732 1856 3805; baseline 0.006 -21"><span class='ocrx_word' id='word_1_280' title='bbox 279 3732 626 3787; x_wconf 79' lang='lat' dir='ltr'><strong>contulerint.</strong></span> <span class='ocrx_word' id='word_1_281' title='bbox 667 3732 761 3788; x_wconf 87' lang='lat' dir='ltr'><strong>Est</strong></span> <span class='ocrx_word' id='word_1_282' title='bbox 791 3749 855 3786; x_wconf 88' lang='lat' dir='ltr'><strong>ea</strong></span> <span class='ocrx_word' id='word_1_283' title='bbox 895 3749 1044 3800; x_wconf 92' lang='lat' dir='ltr'><strong>vero,</strong></span> <span class='ocrx_word' id='word_1_284' title='bbox 1075 3738 1178 3790; x_wconf 78' lang='lat' dir='ltr'><strong>nisi</strong></span> <span class='ocrx_word' id='word_1_285' title='bbox 1211 3737 1392 3804; x_wconf 89' lang='lat' dir='ltr'><strong>fallor,</strong></span> <span class='ocrx_word' id='word_1_286' title='bbox 1425 3739 1568 3794; x_wconf 90' lang='lat' dir='ltr'><strong>haud</strong></span> <span class='ocrx_word' id='word_1_287' title='bbox 1597 3742 1856 3805; x_wconf 87' lang='lat' dir='ltr'><strong>absurda,</strong></span> 
     </span>
    </p>
   </div>
   <div class='ocr_carea' id='block_1_41' title="bbox 275 3823 1856 3902">
    <p class='ocr_par' dir='ltr' id='par_1_41' title="bbox 275 3823 1856 3902">
     <span class='ocr_line' id='line_1_41' title="bbox 275 3823 1856 3902; baseline 0.006 -25"><span class='ocrx_word' id='word_1_288' title='bbox 275 3823 439 3892; x_wconf 83' lang='lat' dir='ltr'><strong>cujus</strong></span> <span class='ocrx_word' id='word_1_289' title='bbox 477 3840 546 3878; x_wconf 80' lang='lat' dir='ltr'><strong>ex</strong></span> <span class='ocrx_word' id='word_1_290' title='bbox 589 3826 948 3880; x_wconf 87' lang='lat' dir='ltr'><strong>rabbinorum</strong></span> <span class='ocrx_word' id='word_1_291' title='bbox 998 3832 1412 3887; x_wconf 87' lang='lat' dir='ltr'><strong>commentariis</strong></span> <span class='ocrx_word' id='word_1_292' title='bbox 1479 3832 1856 3902; x_wconf 81' lang='lat' dir='ltr'><strong>conjecturam</strong></span> 
     </span>
    </p>
   </div>
   <div class='ocr_carea' id='block_1_42' title="bbox 277 3916 546 3984">
    <p class='ocr_par' dir='ltr' id='par_1_42' title="bbox 277 3916 546 3984">
     <span class='ocr_line' id='line_1_42' title="bbox 277 3916 546 3984; baseline 0.007 -15"><span class='ocrx_word' id='word_1_293' title='bbox 277 3916 396 3984; x_wconf 85' lang='lat' dir='ltr'><strong>cepi</strong></span> <span class='ocrx_word' id='word_1_294' title='bbox 407 3931 546 3971; x_wconf 88' lang='lat' dir='ltr'><strong>mus.</strong></span> 
     </span>
    </p>
   </div>
   <div class='ocr_carea' id='block_1_43' title="bbox 353 4006 1859 4084">
    <p class='ocr_par' dir='ltr' id='par_1_43' title="bbox 353 4006 1859 4084">
     <span class='ocr_line' id='line_1_43' title="bbox 353 4006 1859 4084; baseline 0.005 -23"><span class='ocrx_word' id='word_1_295' title='bbox 353 4006 615 4063; x_wconf 82' lang='lat' dir='ltr'><strong>Scribant</strong></span> <span class='ocrx_word' id='word_1_296' title='bbox 649 4010 747 4074; x_wconf 90' lang='lat' dir='ltr'><strong>illi,</strong></span> <span class='ocrx_word' id='word_1_297' title='bbox 791 4011 1044 4084; x_wconf 86' lang='lat' dir='ltr'><strong>interque</strong></span> <span class='ocrx_word' id='word_1_298' title='bbox 1075 4024 1302 4069; x_wconf 60' lang='lat' dir='ltr'><strong>caeteros</strong></span> <span class='ocrx_word' id='word_1_299' title='bbox 1343 4012 1407 4067; x_wconf 77' lang='lat' dir='ltr'><strong>R.</strong></span> <span class='ocrx_word' id='word_1_300' title='bbox 1452 4012 1632 4069; x_wconf 84' lang='lat' dir='ltr'><strong>Moses</strong></span> <span class='ocrx_word' id='word_1_301' title='bbox 1673 4015 1725 4068; x_wconf 94' lang='lat' dir='ltr'><strong>in</strong></span> <span class='ocrx_word' id='word_1_302' title='bbox 1768 4015 1859 4068; x_wconf 92' lang='lat' dir='ltr'><strong>illo</strong></span> 
     </span>
    </p>
   </div>
   <div class='ocr_carea' id='block_1_44' title="bbox 281 4103 1856 4173">
    <p class='ocr_par' dir='ltr' id='par_1_44' title="bbox 281 4103 1856 4173">
     <span class='ocr_line' id='line_1_44' title="bbox 281 4103 1856 4173; baseline 0.004 -21"><span class='ocrx_word' id='word_1_303' title='bbox 281 4108 538 4163; x_wconf 68' lang='lat' dir='ltr'><strong>tractatu,</strong></span> <span class='ocrx_word' id='word_1_304' title='bbox 575 4117 741 4170; x_wconf 84' lang='lat' dir='ltr'><strong>quem</strong></span> <span class='ocrx_word' id='word_1_305' title='bbox 801 4120 942 4173; x_wconf 69' lang='lat' dir='ltr'><strong>saepe</strong></span> <span class='ocrx_word' id='word_1_306' title='bbox 987 4105 1319 4170; x_wconf 84' lang='lat' dir='ltr'><strong>memoravi,</strong></span> <span class='ocrx_word' id='word_1_307' title='bbox 1365 4103 1649 4158; x_wconf 75' lang='lat' dir='ltr'><strong>differendi</strong></span> <span class='ocrx_word' id='word_1_308' title='bbox 1696 4105 1856 4173; x_wconf 89' lang='lat' dir='ltr'><strong>primi</strong></span> 
     </span>
    </p>
   </div>
   <div class='ocr_carea' id='block_1_45' title="bbox 279 4190 1860 4252">
    <p class='ocr_par' dir='ltr' id='par_1_45' title="bbox 279 4190 1860 4252">
     <span class='ocr_line' id='line_1_45' title="bbox 279 4190 1860 4252; baseline 0.001 -8"><span class='ocrx_word' id='word_1_309' title='bbox 279 4191 507 4252; x_wconf 79' lang='lat' dir='ltr'><strong>inensis,</strong></span> <span class='ocrx_word' id='word_1_310' title='bbox 533 4206 597 4244; x_wconf 87' lang='lat' dir='ltr'><strong>ac</strong></span> <span class='ocrx_word' id='word_1_311' title='bbox 625 4190 914 4247; x_wconf 84' lang='lat' dir='ltr'><strong>Pasehatis</strong></span> <span class='ocrx_word' id='word_1_312' title='bbox 965 4209 1162 4249; x_wconf 85' lang='lat' dir='ltr'><strong>causas</strong></span> <span class='ocrx_word' id='word_1_313' title='bbox 1209 4195 1337 4246; x_wconf 81' lang='lat' dir='ltr'><strong>oliui</strong></span> <span class='ocrx_word' id='word_1_314' title='bbox 1384 4194 1662 4248; x_wconf 78' lang='lat' dir='ltr'><strong>exstitisse</strong></span> <span class='ocrx_word' id='word_1_315' title='bbox 1705 4209 1860 4248; x_wconf 90' lang='lat' dir='ltr'><strong>com-</strong></span> 
     </span>
    </p>
   </div>
   <div class='ocr_carea' id='block_1_46' title="bbox 277 4281 1860 4355">
    <p class='ocr_par' dir='ltr' id='par_1_46' title="bbox 277 4281 1860 4355">
     <span class='ocr_line' id='line_1_46' title="bbox 277 4281 1860 4355; baseline 0.003 -22"><span class='ocrx_word' id='word_1_316' title='bbox 277 4281 486 4351; x_wconf 84' lang='lat' dir='ltr'><strong>plures,</strong></span> <span class='ocrx_word' id='word_1_317' title='bbox 534 4298 675 4352; x_wconf 83' lang='lat' dir='ltr'><strong>quas</strong></span> <span class='ocrx_word' id='word_1_318' title='bbox 714 4293 872 4339; x_wconf 85' lang='lat' dir='ltr'><strong>antea</strong></span> <span class='ocrx_word' id='word_1_319' title='bbox 909 4284 1334 4355; x_wconf 82' lang='lat' dir='ltr'><strong>perstrinximus</strong></span> <span class='ocrx_word' id='word_1_320' title='bbox 1369 4303 1382 4338; x_wconf 88' lang='lat'><strong>:</strong></span> <span class='ocrx_word' id='word_1_321' title='bbox 1417 4293 1477 4338; x_wconf 89' lang='grc' dir='ltr'><strong>ιιι</strong></span> <span class='ocrx_word' id='word_1_322' title='bbox 1511 4300 1634 4338; x_wconf 90' lang='lat' dir='ltr'><strong>cum</strong></span> <span class='ocrx_word' id='word_1_323' title='bbox 1677 4285 1860 4354; x_wconf 83' lang='lat' dir='ltr'><strong>fruges</strong></span> 
     </span>
    </p>
   </div>
   <div class='ocr_carea' id='block_1_47' title="bbox 280 4374 1856 4442">
    <p class='ocr_par' dir='ltr' id='par_1_47' title="bbox 280 4374 1856 4442">
     <span class='ocr_line' id='line_1_47' title="bbox 280 4374 1856 4442; baseline 0.003 -17"><span class='ocrx_word' id='word_1_324' title='bbox 280 4374 609 4429; x_wconf 87' lang='lat' dir='ltr'><strong>arborumve</strong></span> <span class='ocrx_word' id='word_1_325' title='bbox 668 4374 879 4431; x_wconf 88' lang='lat' dir='ltr'><strong>fructus</strong></span> <span class='ocrx_word' id='word_1_326' title='bbox 937 4377 1177 4432; x_wconf 88' lang='lat' dir='ltr'><strong>nondum</strong></span> <span class='ocrx_word' id='word_1_327' title='bbox 1243 4378 1440 4431; x_wconf 85' lang='lat' dir='ltr'><strong>maturi</strong></span> <span class='ocrx_word' id='word_1_328' title='bbox 1505 4377 1856 4442; x_wconf 81' lang='lat' dir='ltr'><strong>viderentur;</strong></span> 
     </span>
    </p>
   </div>
   <div class='ocr_carea' id='block_1_48' title="bbox 1963 546 3552 620">
    <p class='ocr_par' dir='ltr' id='par_1_48' title="bbox 1963 546 3552 620">
     <span class='ocr_line' id='line_1_48' title="bbox 1963 546 3552 620; baseline 0.006 -22"><span class='ocrx_word' id='word_1_329' title='bbox 1963 546 2112 601; x_wconf 75' lang='lat' dir='ltr'><strong>Adar</strong></span> <span class='ocrx_word' id='word_1_330' title='bbox 2146 566 2159 602; x_wconf 91' lang='lat'><strong>:</strong></span> <span class='ocrx_word' id='word_1_331' title='bbox 2188 549 2257 603; x_wconf 88' lang='lat' dir='ltr'><strong>de</strong></span> <span class='ocrx_word' id='word_1_332' title='bbox 2284 549 2486 618; x_wconf 88' lang='lat' dir='ltr'><strong>quibus</strong></span> <span class='ocrx_word' id='word_1_333' title='bbox 2531 566 2654 620; x_wconf 87' lang='lat' dir='ltr'><strong>cap.</strong></span> <span class='ocrx_word' id='word_1_334' title='bbox 2685 551 2718 606; x_wconf 79' lang='grc'>5</span> <span class='ocrx_word' id='word_1_335' title='bbox 2747 551 2922 605; x_wconf 84' lang='lat' dir='ltr'><strong>Moses</strong></span> <span class='ocrx_word' id='word_1_336' title='bbox 2961 551 3200 605; x_wconf 80' lang='lat' dir='ltr'><strong>disserit.</strong></span> <span class='ocrx_word' id='word_1_337' title='bbox 3239 550 3332 605; x_wconf 89' lang='lat' dir='ltr'><strong>His</strong></span> <span class='ocrx_word' id='word_1_338' title='bbox 3370 560 3552 607; x_wconf 81' lang='lat' dir='ltr'><strong>stante</strong></span> 
     </span>
    </p>
   </div>
   <div class='ocr_carea' id='block_1_49' title="bbox 1965 641 3544 713">
    <p class='ocr_par' dir='ltr' id='par_1_49' title="bbox 1965 641 3544 713">
     <span class='ocr_line' id='line_1_49' title="bbox 1965 641 3544 713; baseline 0.001 -19"><span class='ocrx_word' id='word_1_339' title='bbox 1965 641 2164 710; x_wconf 86' lang='lat' dir='ltr'><strong>templo</strong></span> <span class='ocrx_word' id='word_1_340' title='bbox 2217 652 2434 711; x_wconf 91' lang='lat' dir='ltr'><strong>propter</strong></span> <span class='ocrx_word' id='word_1_341' title='bbox 2493 642 2700 698; x_wconf 81' lang='lat' dir='ltr'><strong>Pascha</strong></span> <span class='ocrx_word' id='word_1_342' title='bbox 2755 644 2974 709; x_wconf 89' lang='lat' dir='ltr'><strong>minus,</strong></span> <span class='ocrx_word' id='word_1_343' title='bbox 3045 643 3152 713; x_wconf 85' lang='lat' dir='ltr'><strong>ljar</strong></span> <span class='ocrx_word' id='word_1_344' title='bbox 3216 651 3544 698; x_wconf 84' lang='lat' dir='ltr'><strong>accesserat.</strong></span> 
     </span>
    </p>
   </div>
   <div class='ocr_carea' id='block_1_50' title="bbox 1965 732 3543 805">
    <p class='ocr_par' dir='ltr' id='par_1_50' title="bbox 1965 732 3543 805">
     <span class='ocr_line' id='line_1_50' title="bbox 1965 732 3543 805; baseline 0.003 -20"><span class='ocrx_word' id='word_1_345' title='bbox 1965 732 2130 802; x_wconf 82' lang='lat' dir='ltr'><strong>Igitur</strong></span> <span class='ocrx_word' id='word_1_346' title='bbox 2167 743 2524 805; x_wconf 83' lang='lat' dir='ltr'><strong>posteaquam</strong></span> <span class='ocrx_word' id='word_1_347' title='bbox 2577 736 2801 801; x_wconf 90' lang='lat' dir='ltr'><strong>auditis,</strong></span> <span class='ocrx_word' id='word_1_348' title='bbox 2839 736 3262 805; x_wconf 84' lang='lat' dir='ltr'><strong>approbatisque</strong></span> <span class='ocrx_word' id='word_1_349' title='bbox 3293 735 3543 800; x_wconf 84' lang='lat' dir='ltr'><strong>testibus,</strong></span> 
     </span>
    </p>
   </div>
   <div class='ocr_carea' id='block_1_51' title="bbox 1963 827 3546 894">
    <p class='ocr_par' dir='ltr' id='par_1_51' title="bbox 1963 827 3546 894">
     <span class='ocr_line' id='line_1_51' title="bbox 1963 827 3546 894; baseline 0.003 -16"><span class='ocrx_word' id='word_1_350' title='bbox 1963 827 2054 894; x_wconf 90' lang='lat' dir='ltr'><strong>qui</strong></span> <span class='ocrx_word' id='word_1_351' title='bbox 2086 842 2143 880; x_wconf 85' lang='lat' dir='ltr'><strong>se</strong></span> <span class='ocrx_word' id='word_1_352' title='bbox 2177 837 2488 882; x_wconf 88' lang='lat' dir='ltr'><strong>nascentem</strong></span> <span class='ocrx_word' id='word_1_353' title='bbox 2514 829 2700 883; x_wconf 83' lang='lat' dir='ltr'><strong>lunam</strong></span> <span class='ocrx_word' id='word_1_354' title='bbox 2728 829 2929 883; x_wconf 88' lang='lat' dir='ltr'><strong>vidisse</strong></span> <span class='ocrx_word' id='word_1_355' title='bbox 2961 828 3390 893; x_wconf 90' lang='lat' dir='ltr'><strong>conlirmabant,</strong></span> <span class='ocrx_word' id='word_1_356' title='bbox 3416 840 3546 882; x_wconf 88' lang='lat' dir='ltr'><strong>neo-</strong></span> 
     </span>
    </p>
   </div>
   <div class='ocr_carea' id='block_1_52' title="bbox 1964 919 3544 989">
    <p class='ocr_par' dir='ltr' id='par_1_52' title="bbox 1964 919 3544 989">
     <span class='ocr_line' id='line_1_52' title="bbox 1964 919 3544 989; baseline 0 -18"><span class='ocrx_word' id='word_1_357' title='bbox 1964 920 2142 973; x_wconf 88' lang='lat' dir='ltr'><strong>menia</strong></span> <span class='ocrx_word' id='word_1_358' title='bbox 2171 921 2506 976; x_wconf 80' lang='lat' dir='ltr'><strong>sanctificata</strong></span> <span class='ocrx_word' id='word_1_359' title='bbox 2536 920 2732 985; x_wconf 83' lang='lat' dir='ltr'><strong>fuerat,</strong></span> <span class='ocrx_word' id='word_1_360' title='bbox 2762 921 2815 975; x_wconf 94' lang='lat' dir='ltr'><strong>in</strong></span> <span class='ocrx_word' id='word_1_361' title='bbox 2841 919 2986 974; x_wconf 88' lang='lat' dir='ltr'><strong>Tisri</strong></span> <span class='ocrx_word' id='word_1_362' title='bbox 3015 936 3078 974; x_wconf 90' lang='lat' dir='ltr'><strong>ac</strong></span> <span class='ocrx_word' id='word_1_363' title='bbox 3107 919 3274 976; x_wconf 85' lang='lat' dir='ltr'><strong>Nisan</strong></span> <span class='ocrx_word' id='word_1_364' title='bbox 3306 961 3321 983; x_wconf 93' lang='lat'><strong>,</strong></span> <span class='ocrx_word' id='word_1_365' title='bbox 3367 920 3544 989; x_wconf 90' lang='lat' dir='ltr'><strong>primo</strong></span> 
     </span>
    </p>
   </div>
   <div class='ocr_carea' id='block_1_53' title="bbox 1963 1009 3546 1084">
    <p class='ocr_par' dir='ltr' id='par_1_53' title="bbox 1963 1009 3546 1084">
     <span class='ocr_line' id='line_1_53' title="bbox 1963 1009 3546 1084; baseline 0.001 -20"><span class='ocrx_word' id='word_1_366' title='bbox 1963 1009 2082 1078; x_wconf 88' lang='lat' dir='ltr'><strong>ipso</strong></span> <span class='ocrx_word' id='word_1_367' title='bbox 2107 1011 2194 1066; x_wconf 89' lang='lat' dir='ltr'><strong>die</strong></span> <span class='ocrx_word' id='word_1_368' title='bbox 2219 1021 2341 1080; x_wconf 92' lang='lat' dir='ltr'><strong>post</strong></span> <span class='ocrx_word' id='word_1_369' title='bbox 2367 1013 2498 1067; x_wconf 87' lang='lat' dir='ltr'><strong>solis</strong></span> <span class='ocrx_word' id='word_1_370' title='bbox 2540 1023 2720 1066; x_wconf 90' lang='lat' dir='ltr'><strong>ortum</strong></span> <span class='ocrx_word' id='word_1_371' title='bbox 2753 1013 2958 1084; x_wconf 81' lang='lat' dir='ltr'><strong>egressi</strong></span> <span class='ocrx_word' id='word_1_372' title='bbox 2998 1013 3195 1078; x_wconf 89' lang='lat' dir='ltr'><strong>nuntii,</strong></span> <span class='ocrx_word' id='word_1_373' title='bbox 3219 1021 3271 1066; x_wconf 90' lang='lat' dir='ltr'><strong>et</strong></span> <span class='ocrx_word' id='word_1_374' title='bbox 3298 1011 3546 1066; x_wconf 68' lang='lat' dir='ltr'><strong>Paliesti-</strong></span> 
     </span>
    </p>
   </div>
   <div class='ocr_carea' id='block_1_54' title="bbox 1964 1105 3542 1176">
    <p class='ocr_par' dir='ltr' id='par_1_54' title="bbox 1964 1105 3542 1176">
     <span class='ocr_line' id='line_1_54' title="bbox 1964 1105 3542 1176; baseline 0.003 -21"><span class='ocrx_word' id='word_1_375' title='bbox 1964 1118 2091 1156; x_wconf 91' lang='lat' dir='ltr'><strong>nam</strong></span> <span class='ocrx_word' id='word_1_376' title='bbox 2129 1105 2413 1172; x_wconf 89' lang='lat' dir='ltr'><strong>obeuntes,</strong></span> <span class='ocrx_word' id='word_1_377' title='bbox 2445 1105 2664 1176; x_wconf 78' lang='lat' dir='ltr'><strong>longius</strong></span> <span class='ocrx_word' id='word_1_378' title='bbox 2689 1107 3076 1170; x_wconf 79' lang='lat' dir='ltr'><strong>excurrebant,</strong></span> <span class='ocrx_word' id='word_1_379' title='bbox 3111 1120 3175 1159; x_wconf 87' lang='lat' dir='ltr'><strong>ac</strong></span> <span class='ocrx_word' id='word_1_380' title='bbox 3198 1105 3542 1159; x_wconf 79' lang='lat' dir='ltr'><strong>neomeniam</strong></span> 
     </span>
    </p>
   </div>
   <div class='ocr_carea' id='block_1_55' title="bbox 1963 1192 3545 1266">
    <p class='ocr_par' dir='ltr' id='par_1_55' title="bbox 1963 1192 3545 1266">
     <span class='ocr_line' id='line_1_55' title="bbox 1963 1192 3545 1266; baseline 0.003 -20"><span class='ocrx_word' id='word_1_381' title='bbox 1963 1192 2295 1249; x_wconf 81' lang='lat' dir='ltr'><strong>indirebant.</strong></span> <span class='ocrx_word' id='word_1_382' title='bbox 2347 1195 2405 1250; x_wconf 80' lang='lat' dir='ltr'><strong>in</strong></span> <span class='ocrx_word' id='word_1_383' title='bbox 2463 1197 2824 1253; x_wconf 89' lang='lat' dir='ltr'><strong>vicinioribns</strong></span> <span class='ocrx_word' id='word_1_384' title='bbox 2887 1197 3136 1266; x_wconf 77' lang='lat' dir='ltr'><strong>oppidis,</strong></span> <span class='ocrx_word' id='word_1_385' title='bbox 3190 1213 3300 1262; x_wconf 87' lang='lat' dir='ltr'><strong>quo</strong></span> <span class='ocrx_word' id='word_1_386' title='bbox 3366 1196 3545 1251; x_wconf 86' lang='lat' dir='ltr'><strong>nuntii</strong></span> 
     </span>
    </p>
   </div>
   <div class='ocr_carea' id='block_1_56' title="bbox 1961 1287 3548 1358">
    <p class='ocr_par' dir='ltr' id='par_1_56' title="bbox 1961 1287 3548 1358">
     <span class='ocr_line' id='line_1_56' title="bbox 1961 1287 3548 1358; baseline 0.002 -19"><span class='ocrx_word' id='word_1_387' title='bbox 1961 1287 2126 1340; x_wconf 90' lang='lat' dir='ltr'><strong>citius</strong></span> <span class='ocrx_word' id='word_1_388' title='bbox 2157 1289 2493 1356; x_wconf 89' lang='lat' dir='ltr'><strong>aspirabant,</strong></span> <span class='ocrx_word' id='word_1_389' title='bbox 2521 1307 2628 1344; x_wconf 89' lang='lat' dir='ltr'><strong>uno</strong></span> <span class='ocrx_word' id='word_1_390' title='bbox 2648 1299 2860 1344; x_wconf 89' lang='lat' dir='ltr'><strong>tantum</strong></span> <span class='ocrx_word' id='word_1_391' title='bbox 2893 1291 2980 1344; x_wconf 91' lang='lat' dir='ltr'><strong>die</strong></span> <span class='ocrx_word' id='word_1_392' title='bbox 3007 1307 3021 1353; x_wconf 92' lang='lat'><strong>;</strong></span> <span class='ocrx_word' id='word_1_393' title='bbox 3059 1289 3112 1343; x_wconf 90' lang='lat' dir='ltr'><strong>in</strong></span> <span class='ocrx_word' id='word_1_394' title='bbox 3145 1288 3548 1358; x_wconf 84' lang='lat' dir='ltr'><strong>longinquiori-</strong></span> 
     </span>
    </p>
   </div>
   <div class='ocr_carea' id='block_1_57' title="bbox 1965 1377 3544 1452">
    <p class='ocr_par' dir='ltr' id='par_1_57' title="bbox 1965 1377 3544 1452">
     <span class='ocr_line' id='line_1_57' title="bbox 1965 1377 3544 1452; baseline 0.001 -21"><span class='ocrx_word' id='word_1_395' title='bbox 1965 1377 2069 1434; x_wconf 89' lang='lat' dir='ltr'><strong>hus</strong></span> <span class='ocrx_word' id='word_1_396' title='bbox 2101 1379 2268 1433; x_wconf 89' lang='lat' dir='ltr'><strong>biduo</strong></span> <span class='ocrx_word' id='word_1_397' title='bbox 2308 1381 2632 1436; x_wconf 86' lang='lat' dir='ltr'><strong>neomenias</strong></span> <span class='ocrx_word' id='word_1_398' title='bbox 2658 1383 2912 1452; x_wconf 75' lang='lat' dir='ltr'><strong>agebant,</strong></span> <span class='ocrx_word' id='word_1_399' title='bbox 2945 1382 3092 1450; x_wconf 90' lang='lat' dir='ltr'><strong>quod</strong></span> <span class='ocrx_word' id='word_1_400' title='bbox 3121 1381 3310 1435; x_wconf 90' lang='lat' dir='ltr'><strong>incerti</strong></span> <span class='ocrx_word' id='word_1_401' title='bbox 3339 1388 3544 1441; x_wconf 83' lang='lat' dir='ltr'><strong>essent,</strong></span> 
     </span>
    </p>
   </div>
   <div class='ocr_carea' id='block_1_58' title="bbox 1961 1469 3548 1542">
    <p class='ocr_par' dir='ltr' id='par_1_58' title="bbox 1961 1469 3548 1542">
     <span class='ocr_line' id='line_1_58' title="bbox 1961 1469 3548 1542; baseline 0.003 -22"><span class='ocrx_word' id='word_1_402' title='bbox 1961 1483 2122 1536; x_wconf 87' lang='lat' dir='ltr'><strong>quem</strong></span> <span class='ocrx_word' id='word_1_403' title='bbox 2169 1469 2310 1523; x_wconf 79' lang='lat' dir='ltr'><strong>diem</strong></span> <span class='ocrx_word' id='word_1_404' title='bbox 2359 1470 2687 1542; x_wconf 81' lang='lat' dir='ltr'><strong>Synedrium</strong></span> <span class='ocrx_word' id='word_1_405' title='bbox 2745 1473 3089 1542; x_wconf 70' lang='lat' dir='ltr'><strong>przelixisset.</strong></span> <span class='ocrx_word' id='word_1_406' title='bbox 3135 1470 3210 1526; x_wconf 91' lang='lat' dir='ltr'><strong>De</strong></span> <span class='ocrx_word' id='word_1_407' title='bbox 3260 1487 3371 1542; x_wconf 91' lang='lat' dir='ltr'><strong>quo</strong></span> <span class='ocrx_word' id='word_1_408' title='bbox 3425 1471 3548 1524; x_wconf 88' lang='lat' dir='ltr'><strong>vide</strong></span> 
     </span>
    </p>
   </div>
   <div class='ocr_carea' id='block_1_59' title="bbox 1962 1559 3546 1636">
    <p class='ocr_par' dir='ltr' id='par_1_59' title="bbox 1962 1559 3546 1636">
     <span class='ocr_line' id='line_1_59' title="bbox 1962 1559 3546 1636; baseline 0.001 -23"><span class='ocrx_word' id='word_1_409' title='bbox 1962 1576 2082 1628; x_wconf 87' lang='lat' dir='ltr'><strong>cap.</strong></span> <span class='ocrx_word' id='word_1_410' title='bbox 2113 1559 2146 1614; x_wconf 81' lang='lat'><strong>5</strong></span> <span class='ocrx_word' id='word_1_411' title='bbox 2177 1560 2464 1618; x_wconf 89' lang='lat' dir='ltr'><strong>Tractatus</strong></span> <span class='ocrx_word' id='word_1_412' title='bbox 2492 1563 2557 1620; x_wconf 70' lang='grc' dir='ltr'><strong>Ιῖ.</strong></span> <span class='ocrx_word' id='word_1_413' title='bbox 2593 1563 2956 1620; x_wconf 73' lang='lat' dir='ltr'><strong>Maimonidze.</strong></span> <span class='ocrx_word' id='word_1_414' title='bbox 3013 1568 3192 1636; x_wconf 89' lang='lat' dir='ltr'><strong>Atque</strong></span> <span class='ocrx_word' id='word_1_415' title='bbox 3219 1565 3322 1620; x_wconf 89' lang='lat' dir='ltr'><strong>hoc</strong></span> <span class='ocrx_word' id='word_1_416' title='bbox 3354 1563 3546 1617; x_wconf 88' lang='lat' dir='ltr'><strong>hodie-</strong></span> 
     </span>
    </p>
   </div>
   <div class='ocr_carea' id='block_1_60' title="bbox 1962 1650 3550 1726">
    <p class='ocr_par' dir='ltr' id='par_1_60' title="bbox 1962 1650 3550 1726">
     <span class='ocr_line' id='line_1_60' title="bbox 1962 1650 3550 1726; baseline -0.004 -23"><span class='ocrx_word' id='word_1_417' title='bbox 1962 1667 2069 1720; x_wconf 88' lang='lat' dir='ltr'><strong>que</strong></span> <span class='ocrx_word' id='word_1_418' title='bbox 2093 1650 2262 1707; x_wconf 65' lang='lat' dir='ltr'><strong>Judaei</strong></span> <span class='ocrx_word' id='word_1_419' title='bbox 2309 1655 2366 1706; x_wconf 83' lang='grc' dir='ltr'>ἐν</span> <span class='ocrx_word' id='word_1_420' title='bbox 2405 1657 2472 1725; x_wconf 81' lang='grc' dir='ltr'><strong>τῇ</strong></span> <span class='ocrx_word' id='word_1_421' title='bbox 2506 1655 2778 1726; x_wconf 79' lang='grc' dir='ltr'><strong>διασπορᾷ</strong></span> <span class='ocrx_word' id='word_1_422' title='bbox 2812 1658 3069 1718; x_wconf 84' lang='lat' dir='ltr'><strong>retinent.</strong></span> <span class='ocrx_word' id='word_1_423' title='bbox 3102 1666 3157 1711; x_wconf 85' lang='lat' dir='ltr'><strong>et</strong></span> <span class='ocrx_word' id='word_1_424' title='bbox 3193 1656 3292 1720; x_wconf 80' lang='grc' dir='ltr'><strong>τὰς</strong></span> <span class='ocrx_word' id='word_1_425' title='bbox 3331 1657 3550 1726; x_wconf 79' lang='grc' dir='ltr'><strong>ἱερομη.</strong></span> 
     </span>
    </p>
   </div>
   <div class='ocr_carea' id='block_1_61' title="bbox 1962 1743 3546 1818">
    <p class='ocr_par' dir='ltr' id='par_1_61' title="bbox 1962 1743 3546 1818">
     <span class='ocr_line' id='line_1_61' title="bbox 1962 1743 3546 1818; baseline 0.003 -23"><span class='ocrx_word' id='word_1_426' title='bbox 1962 1743 2084 1803; x_wconf 79' lang='grc' dir='ltr'><strong>νίας</strong></span> <span class='ocrx_word' id='word_1_427' title='bbox 2122 1743 2286 1798; x_wconf 90' lang='lat' dir='ltr'><strong>biduo</strong></span> <span class='ocrx_word' id='word_1_428' title='bbox 2329 1747 2628 1811; x_wconf 86' lang='lat' dir='ltr'><strong>celebrant,</strong></span> <span class='ocrx_word' id='word_1_429' title='bbox 2681 1749 2782 1802; x_wconf 91' lang='lat' dir='ltr'><strong>hoc</strong></span> <span class='ocrx_word' id='word_1_430' title='bbox 2823 1756 2905 1801; x_wconf 86' lang='lat' dir='ltr'><strong>est</strong></span> <span class='ocrx_word' id='word_1_431' title='bbox 2943 1749 3042 1818; x_wconf 85' lang='grc' dir='ltr'><strong>τὴν</strong></span> <span class='ocrx_word' id='word_1_432' title='bbox 3091 1747 3377 1818; x_wconf 80' lang='grc' dir='ltr'><strong>τριακάδα,</strong></span> <span class='ocrx_word' id='word_1_433' title='bbox 3430 1748 3546 1800; x_wconf 88' lang='lat' dir='ltr'><strong>sive</strong></span> 
     </span>
    </p>
   </div>
   <div class='ocr_carea' id='block_1_62' title="bbox 1894 1799 3546 1908">
    <p class='ocr_par' dir='ltr' id='par_1_62' title="bbox 1894 1799 3546 1908">
     <span class='ocr_line' id='line_1_62' title="bbox 1894 1799 3546 1908; baseline 0.004 -23"><span class='ocrx_word' id='word_1_434' title='bbox 1894 1799 1933 1854; x_wconf 72' lang='grc' dir='ltr'><strong>Β</strong></span> <span class='ocrx_word' id='word_1_435' title='bbox 1965 1799 2092 1903; x_wconf 47' lang='grc' dir='ltr'><strong>ἔνηζθ</strong></span> <span class='ocrx_word' id='word_1_436' title='bbox 2174 1835 2267 1888; x_wconf 76' lang='grc' dir='ltr'><strong>καὶ</strong></span> <span class='ocrx_word' id='word_1_437' title='bbox 2306 1835 2467 1904; x_wconf 84' lang='grc' dir='ltr'>νέαν,</span> <span class='ocrx_word' id='word_1_438' title='bbox 2519 1799 3149 1908; x_wconf 17' lang='lat' dir='ltr'><strong>acﬁvoupnvlavqilnde</strong></span> <span class='ocrx_word' id='word_1_439' title='bbox 3190 1799 3546 1892; x_wconf 12' lang='lat' dir='ltr'><strong>abilloratio</strong></span> 
     </span>
    </p>
   </div>
   <div class='ocr_carea' id='block_1_63' title="bbox 1961 1925 2208 1981">
    <p class='ocr_par' dir='ltr' id='par_1_63' title="bbox 1961 1925 2208 1981">
     <span class='ocr_line' id='line_1_63' title="bbox 1961 1925 2208 1981; baseline 0.008 -2"><span class='ocrx_word' id='word_1_440' title='bbox 1961 1925 2166 1980; x_wconf 85' lang='lat' dir='ltr'><strong>dietum</strong></span> <span class='ocrx_word' id='word_1_441' title='bbox 2194 1945 2208 1981; x_wconf 90' lang='lat'><strong>:</strong></span> 
     </span>
    </p>
   </div>
   <div class='ocr_carea' id='block_1_64' title="bbox 2149 2061 2906 2120">
    <p class='ocr_par' dir='ltr' id='par_1_64' title="bbox 2149 2061 2906 2120">
     <span class='ocr_line' id='line_1_64' title="bbox 2149 2061 2906 2120; baseline 0.004 -5"><span class='ocrx_word' id='word_1_442' title='bbox 2149 2061 2324 2116; x_wconf 76' lang='lat' dir='ltr'><strong>Hodie</strong></span> <span class='ocrx_word' id='word_1_443' title='bbox 2351 2064 2619 2118; x_wconf 78' lang='lat' dir='ltr'><strong>tricesima</strong></span> <span class='ocrx_word' id='word_1_444' title='bbox 2651 2062 2906 2120; x_wconf 82' lang='lat' dir='ltr'><strong>Sabbata.</strong></span> 
     </span>
    </p>
   </div>
   <div class='ocr_carea' id='block_1_65' title="bbox 2034 2193 3544 2269">
    <p class='ocr_par' dir='ltr' id='par_1_65' title="bbox 2034 2193 3544 2269">
     <span class='ocr_line' id='line_1_65' title="bbox 2034 2193 3544 2269; baseline 0.005 -22"><span class='ocrx_word' id='word_1_445' title='bbox 2034 2193 2106 2248; x_wconf 91' lang='lat' dir='ltr'><strong>Ut</strong></span> <span class='ocrx_word' id='word_1_446' title='bbox 2137 2205 2316 2250; x_wconf 88' lang='lat' dir='ltr'><strong>autem</strong></span> <span class='ocrx_word' id='word_1_447' title='bbox 2351 2196 2658 2252; x_wconf 89' lang='lat' dir='ltr'><strong>evidentius</strong></span> <span class='ocrx_word' id='word_1_448' title='bbox 2698 2205 2952 2260; x_wconf 87' lang='lat' dir='ltr'><strong>constet,</strong></span> <span class='ocrx_word' id='word_1_449' title='bbox 2991 2213 3155 2269; x_wconf 91' lang='lat' dir='ltr'><strong>quam</strong></span> <span class='ocrx_word' id='word_1_450' title='bbox 3200 2198 3544 2263; x_wconf 71' lang='lat' dir='ltr'><strong>inconstans,</strong></span> 
     </span>
    </p>
   </div>
   <div class='ocr_carea' id='block_1_66' title="bbox 1960 2287 3548 2355">
    <p class='ocr_par' dir='ltr' id='par_1_66' title="bbox 1960 2287 3548 2355">
     <span class='ocr_line' id='line_1_66' title="bbox 1960 2287 3548 2355; baseline 0.003 -15"><span class='ocrx_word' id='word_1_451' title='bbox 1960 2295 2017 2340; x_wconf 89' lang='lat' dir='ltr'><strong>et</strong></span> <span class='ocrx_word' id='word_1_452' title='bbox 2055 2287 2338 2342; x_wconf 89' lang='lat' dir='ltr'><strong>mutabilis</strong></span> <span class='ocrx_word' id='word_1_453' title='bbox 2388 2297 2534 2344; x_wconf 85' lang='lat' dir='ltr'><strong>esset</strong></span> <span class='ocrx_word' id='word_1_454' title='bbox 2594 2291 3006 2343; x_wconf 84' lang='lat' dir='ltr'><strong>neomeniarnni</strong></span> <span class='ocrx_word' id='word_1_455' title='bbox 3060 2291 3347 2355; x_wconf 74' lang='lat' dir='ltr'><strong>definitio,</strong></span> <span class='ocrx_word' id='word_1_456' title='bbox 3393 2292 3548 2346; x_wconf 80' lang='lat' dir='ltr'><strong>lucu-</strong></span> 
     </span>
    </p>
   </div>
   <div class='ocr_carea' id='block_1_67' title="bbox 1964 2380 3546 2450">
    <p class='ocr_par' dir='ltr' id='par_1_67' title="bbox 1964 2380 3546 2450">
     <span class='ocr_line' id='line_1_67' title="bbox 1964 2380 3546 2450; baseline 0.004 -18"><span class='ocrx_word' id='word_1_457' title='bbox 1964 2381 2142 2436; x_wconf 87' lang='lat' dir='ltr'><strong>lentus</strong></span> <span class='ocrx_word' id='word_1_458' title='bbox 2221 2380 2444 2450; x_wconf 89' lang='lat' dir='ltr'><strong>quidam</strong></span> <span class='ocrx_word' id='word_1_459' title='bbox 2505 2381 2660 2436; x_wconf 89' lang='lat' dir='ltr'><strong>locus</strong></span> <span class='ocrx_word' id='word_1_460' title='bbox 2719 2392 2802 2436; x_wconf 89' lang='lat' dir='ltr'><strong>est</strong></span> <span class='ocrx_word' id='word_1_461' title='bbox 2861 2382 2917 2434; x_wconf 90' lang='lat' dir='ltr'><strong>in</strong></span> <span class='ocrx_word' id='word_1_462' title='bbox 2979 2397 3099 2450; x_wconf 89' lang='lat' dir='ltr'><strong>cap.</strong></span> <span class='ocrx_word' id='word_1_463' title='bbox 3163 2381 3198 2434; x_wconf 78' lang='lat'><strong>3</strong></span> <span class='ocrx_word' id='word_1_464' title='bbox 3253 2381 3546 2438; x_wconf 83' lang='lat' dir='ltr'><strong>Tractatus</strong></span> 
     </span>
    </p>
   </div>
   <div class='ocr_carea' id='block_1_68' title="bbox 1961 2472 3544 2543">
    <p class='ocr_par' dir='ltr' id='par_1_68' title="bbox 1961 2472 3544 2543">
     <span class='ocr_line' id='line_1_68' title="bbox 1961 2472 3544 2543; baseline 0.001 -17"><span class='ocrx_word' id='word_1_465' title='bbox 1961 2472 2260 2543; x_wconf 82' lang='lat' dir='ltr'><strong>ejusdem,§</strong></span> <span class='ocrx_word' id='word_1_466' title='bbox 2286 2473 2352 2526; x_wconf 77' lang='lat' dir='ltr'><strong>l5</strong></span> <span class='ocrx_word' id='word_1_467' title='bbox 2377 2480 2431 2526; x_wconf 91' lang='lat' dir='ltr'><strong>et</strong></span> <span class='ocrx_word' id='word_1_468' title='bbox 2464 2473 2724 2543; x_wconf 84' lang='lat' dir='ltr'><strong>l6,quem</strong></span> <span class='ocrx_word' id='word_1_469' title='bbox 2759 2473 2846 2527; x_wconf 92' lang='lat' dir='ltr'><strong>hic</strong></span> <span class='ocrx_word' id='word_1_470' title='bbox 2888 2474 3115 2527; x_wconf 89' lang='lat' dir='ltr'><strong>totidem</strong></span> <span class='ocrx_word' id='word_1_471' title='bbox 3147 2473 3328 2527; x_wconf 88' lang='lat' dir='ltr'><strong>verbis</strong></span> <span class='ocrx_word' id='word_1_472' title='bbox 3366 2473 3544 2527; x_wconf 81' lang='lat' dir='ltr'><strong>ascri-</strong></span> 
     </span>
    </p>
   </div>
   <div class='ocr_carea' id='block_1_69' title="bbox 1963 2562 3544 2634">
    <p class='ocr_par' dir='ltr' id='par_1_69' title="bbox 1963 2562 3544 2634">
     <span class='ocr_line' id='line_1_69' title="bbox 1963 2562 3544 2634; baseline 0.001 -15"><span class='ocrx_word' id='word_1_473' title='bbox 1963 2566 2108 2620; x_wconf 88' lang='lat' dir='ltr'><strong>bam.</strong></span> <span class='ocrx_word' id='word_1_474' title='bbox 2167 2562 2313 2617; x_wconf 79' lang='lat' dir='ltr'><strong>Nihil</strong></span> <span class='ocrx_word' id='word_1_475' title='bbox 2368 2565 2513 2619; x_wconf 88' lang='lat' dir='ltr'><strong>enim</strong></span> <span class='ocrx_word' id='word_1_476' title='bbox 2569 2565 2635 2618; x_wconf 87' lang='lat' dir='ltr'><strong>ad</strong></span> <span class='ocrx_word' id='word_1_477' title='bbox 2698 2565 3072 2634; x_wconf 82' lang='lat' dir='ltr'><strong>conjecturam</strong></span> <span class='ocrx_word' id='word_1_478' title='bbox 3131 2575 3377 2618; x_wconf 89' lang='lat' dir='ltr'><strong>nostram</strong></span> <span class='ocrx_word' id='word_1_479' title='bbox 3435 2566 3544 2620; x_wconf 87' lang='lat' dir='ltr'><strong>dici</strong></span> 
     </span>
    </p>
   </div>
   <div class='ocr_carea' id='block_1_70' title="bbox 1962 2640 3543 2742">
    <p class='ocr_par' dir='ltr' id='par_1_70' title="bbox 1962 2640 3543 2742">
     <span class='ocr_line' id='line_1_70' title="bbox 1962 2640 3543 2742; baseline 0.004 -32"><span class='ocrx_word' id='word_1_480' title='bbox 1962 2665 2139 2728; x_wconf 77' lang='grc' dir='ltr'>ροιιιει</span> <span class='ocrx_word' id='word_1_481' title='bbox 2196 2658 2400 2726; x_wconf 78' lang='lat' dir='ltr'><strong>aptius.</strong></span> <span class='ocrx_word' id='word_1_482' title='bbox 2451 2666 2552 2715; x_wconf 60' lang='lat' dir='ltr'><strong>is:</strong></span> <span class='ocrx_word' id='word_1_483' title='bbox 2601 2640 2695 2714; x_wconf 60' lang='lat' dir='ltr'><strong>n51</strong></span> <span class='ocrx_word' id='word_1_484' title='bbox 2731 2641 2778 2714; x_wconf 68' lang='grc' dir='ltr'><strong>ἐ)</strong></span> <span class='ocrx_word' id='word_1_485' title='bbox 2816 2666 2930 2714; x_wconf 71' lang='grc' dir='ltr'><strong>ειν</strong></span> <span class='ocrx_word' id='word_1_486' title='bbox 2969 2641 3034 2714; x_wconf 74' lang='lat'><strong>‘7:</strong></span> <span class='ocrx_word' id='word_1_487' title='bbox 3066 2665 3255 2715; x_wconf 62' lang='lat' dir='ltr'><strong>manu:</strong></span> <span class='ocrx_word' id='word_1_488' title='bbox 3286 2666 3366 2742; x_wconf 63' lang='grc' dir='ltr'><strong>τη</strong></span> <span class='ocrx_word' id='word_1_489' title='bbox 3403 2667 3543 2716; x_wconf 64' lang='lat' dir='ltr'><strong>TV:</strong></span> 
     </span>
    </p>
   </div>
   <div class='ocr_carea' id='block_1_71' title="bbox 1959 2755 3550 2833">
    <p class='ocr_par' dir='ltr' id='par_1_71' title="bbox 1959 2755 3550 2833">
     <span class='ocr_line' id='line_1_71' title="bbox 1959 2755 3550 2833; baseline -0.001 -25"><span class='ocrx_word' id='word_1_490' title='bbox 1959 2759 2182 2808; x_wconf 62' lang='lat' dir='ltr'><strong>12‘le</strong></span> <span class='ocrx_word' id='word_1_491' title='bbox 2237 2759 2341 2808; x_wconf 69' lang='grc' dir='ltr'><strong>ΊῺ)</strong></span> <span class='ocrx_word' id='word_1_492' title='bbox 2383 2757 2571 2808; x_wconf 64' lang='lat' dir='ltr'><strong>mm</strong></span> <span class='ocrx_word' id='word_1_493' title='bbox 2616 2761 2698 2806; x_wconf 59' lang='lat' dir='ltr'><strong>PR</strong></span> <span class='ocrx_word' id='word_1_494' title='bbox 2744 2759 2902 2811; x_wconf 58' lang='grc' dir='ltr'><strong>ΤἿΞἙἾ</strong></span> <span class='ocrx_word' id='word_1_495' title='bbox 2937 2757 3096 2833; x_wconf 55' lang='lat' dir='ltr'><strong>&quot;F733</strong></span> <span class='ocrx_word' id='word_1_496' title='bbox 3126 2755 3370 2806; x_wconf 59' lang='lat' dir='ltr'><strong>173’in</strong></span> <span class='ocrx_word' id='word_1_497' title='bbox 3407 2757 3550 2813; x_wconf 54' lang='lat' dir='ltr'><strong>Di&#39;i‘l</strong></span> 
     </span>
    </p>
   </div>
   <div class='ocr_carea' id='block_1_72' title="bbox 1959 2845 3550 2926">
    <p class='ocr_par' dir='ltr' id='par_1_72' title="bbox 1959 2845 3550 2926">
     <span class='ocr_line' id='line_1_72' title="bbox 1959 2845 3550 2926; baseline 0.001 -28"><span class='ocrx_word' id='word_1_498' title='bbox 1959 2849 2137 2926; x_wconf 62' lang='grc' dir='ltr'><strong>τινπη]</strong></span> <span class='ocrx_word' id='word_1_499' title='bbox 2175 2847 2383 2926; x_wconf 57' lang='grc' dir='ltr'>ΒῬἺΠἽ</span> <span class='ocrx_word' id='word_1_500' title='bbox 2422 2849 2577 2926; x_wconf 48' lang='lat'><strong>0.719.</strong></span> <span class='ocrx_word' id='word_1_501' title='bbox 2597 2849 2699 2926; x_wconf 51' lang='lat' dir='ltr'><strong>tu:</strong></span> <span class='ocrx_word' id='word_1_502' title='bbox 2735 2848 2873 2896; x_wconf 70' lang='lat' dir='ltr'><strong>D’D’</strong></span> <span class='ocrx_word' id='word_1_503' title='bbox 2911 2845 2962 2895; x_wconf 63' lang='grc' dir='ltr'><strong>ἐἳ</strong></span> <span class='ocrx_word' id='word_1_504' title='bbox 2999 2848 3062 2895; x_wconf 65' lang='grc' dir='ltr'>ΊΝ</span> <span class='ocrx_word' id='word_1_505' title='bbox 3101 2845 3148 2894; x_wconf 75' lang='grc' dir='ltr'><strong>’Ἴ</strong></span> <span class='ocrx_word' id='word_1_506' title='bbox 3183 2848 3326 2896; x_wconf 72' lang='lat' dir='ltr'><strong>‘ll&#39;lN&#39;l</strong></span> <span class='ocrx_word' id='word_1_507' title='bbox 3361 2850 3426 2896; x_wconf 73' lang='grc' dir='ltr'><strong>τη</strong></span> <span class='ocrx_word' id='word_1_508' title='bbox 3456 2846 3550 2899; x_wconf 66' lang='lat'><strong>&#39;51</strong></span> 
     </span>
    </p>
   </div>
   <div class='ocr_carea' id='block_1_73' title="bbox 1958 2910 3547 2987">
    <p class='ocr_par' dir='ltr' id='par_1_73' title="bbox 1958 2910 3547 2987">
     <span class='ocr_line' id='line_1_73' title="bbox 1958 2910 3547 2987; baseline -0.002 -2"><span class='ocrx_word' id='word_1_509' title='bbox 1958 2937 2061 2987; x_wconf 56' lang='grc' dir='ltr'><strong>ηδτ.</strong></span> <span class='ocrx_word' id='word_1_510' title='bbox 2093 2910 2269 2986; x_wconf 65' lang='grc' dir='ltr'><strong>πίνεκῆ</strong></span> <span class='ocrx_word' id='word_1_511' title='bbox 2307 2912 2533 2986; x_wconf 44' lang='lat' dir='ltr'><strong>mimae</strong></span> <span class='ocrx_word' id='word_1_512' title='bbox 2566 2910 2654 2985; x_wconf 58' lang='lat'><strong>515</strong></span> <span class='ocrx_word' id='word_1_513' title='bbox 2693 2936 2848 2984; x_wconf 65' lang='lat' dir='ltr'><strong>mare</strong></span> <span class='ocrx_word' id='word_1_514' title='bbox 2871 2937 3034 2984; x_wconf 68' lang='lat' dir='ltr'><strong>um:</strong></span> <span class='ocrx_word' id='word_1_515' title='bbox 3051 2935 3236 2984; x_wconf 64' lang='lat' dir='ltr'><strong>mina</strong></span> <span class='ocrx_word' id='word_1_516' title='bbox 3271 2937 3353 2983; x_wconf 64' lang='lat' dir='ltr'><strong>ns</strong></span> <span class='ocrx_word' id='word_1_517' title='bbox 3387 2934 3547 2982; x_wconf 48' lang='lat' dir='ltr'><strong>usus:</strong></span> 
     </span>
    </p>
   </div>
   <div class='ocr_carea' id='block_1_74' title="bbox 1960 3002 3547 3105">
    <p class='ocr_par' dir='ltr' id='par_1_74' title="bbox 1960 3002 3547 3105">
     <span class='ocr_line' id='line_1_74' title="bbox 1960 3002 3547 3105; baseline -0.001 -27"><span class='ocrx_word' id='word_1_518' title='bbox 1960 3029 2253 3078; x_wconf 60' lang='lat' dir='ltr'><strong>nisi-ium</strong></span> <span class='ocrx_word' id='word_1_519' title='bbox 2305 3004 2424 3078; x_wconf 59' lang='grc' dir='ltr'>ιιι-ιλ</span> <span class='ocrx_word' id='word_1_520' title='bbox 2480 3027 2611 3077; x_wconf 67' lang='lat' dir='ltr'><strong>mm</strong></span> <span class='ocrx_word' id='word_1_521' title='bbox 2660 3002 2842 3105; x_wconf 42' lang='lat' dir='ltr'><strong>prius:</strong></span> <span class='ocrx_word' id='word_1_522' title='bbox 2891 3027 3125 3105; x_wconf 58' lang='lat' dir='ltr'><strong>pisum:</strong></span> <span class='ocrx_word' id='word_1_523' title='bbox 3168 3028 3354 3105; x_wconf 63' lang='lat' dir='ltr'><strong>imm</strong></span> <span class='ocrx_word' id='word_1_524' title='bbox 3405 3028 3547 3101; x_wconf 57' lang='lat' dir='ltr'><strong>qua:</strong></span> 
     </span>
    </p>
   </div>
   <div class='ocr_carea' id='block_1_75' title="bbox 1883 3094 3546 3199">
    <p class='ocr_par' dir='ltr' id='par_1_75' title="bbox 1883 3094 3546 3199">
     <span class='ocr_line' id='line_1_75' title="bbox 1883 3094 3546 3199; baseline -0.002 -28"><span class='ocrx_word' id='word_1_525' title='bbox 1883 3133 1924 3190; x_wconf 73' lang='grc' dir='ltr'>ο</span> <span class='ocrx_word' id='word_1_526' title='bbox 1957 3119 2221 3199; x_wconf 57' lang='lat' dir='ltr'><strong>pp-rpfnm</strong></span> <span class='ocrx_word' id='word_1_527' title='bbox 2267 3121 2504 3198; x_wconf 65' lang='lat' dir='ltr'><strong>mpm:</strong></span> <span class='ocrx_word' id='word_1_528' title='bbox 2552 3096 2729 3174; x_wconf 57' lang='lat' dir='ltr'><strong>tim-‘71:</strong></span> <span class='ocrx_word' id='word_1_529' title='bbox 2776 3094 3049 3199; x_wconf 50' lang='lat' dir='ltr'><strong>primum</strong></span> <span class='ocrx_word' id='word_1_530' title='bbox 3105 3094 3338 3199; x_wconf 47' lang='lat' dir='ltr'><strong>mbae:</strong></span> <span class='ocrx_word' id='word_1_531' title='bbox 3395 3094 3546 3168; x_wconf 57' lang='lat' dir='ltr'><strong>n&#39;n’u</strong></span> 
     </span>
    </p>
   </div>
   <div class='ocr_carea' id='block_1_76' title="bbox 1959 3184 3546 3287">
    <p class='ocr_par' dir='ltr' id='par_1_76' title="bbox 1959 3184 3546 3287">
     <span class='ocr_line' id='line_1_76' title="bbox 1959 3184 3546 3287; baseline -0.003 -28"><span class='ocrx_word' id='word_1_532' title='bbox 1959 3184 2088 3261; x_wconf 55' lang='lat' dir='ltr'><strong>ssi</strong></span> <span class='ocrx_word' id='word_1_533' title='bbox 2108 3185 2264 3259; x_wconf 65' lang='lat' dir='ltr'><strong>Sum</strong></span> <span class='ocrx_word' id='word_1_534' title='bbox 2300 3184 2365 3258; x_wconf 69' lang='lat' dir='ltr'><strong>ra</strong></span> <span class='ocrx_word' id='word_1_535' title='bbox 2398 3210 2546 3260; x_wconf 68' lang='lat' dir='ltr'><strong>iit-nn</strong></span> <span class='ocrx_word' id='word_1_536' title='bbox 2583 3208 2748 3287; x_wconf 64' lang='lat' dir='ltr'><strong>ia&#39;rpt</strong></span> <span class='ocrx_word' id='word_1_537' title='bbox 2785 3184 2908 3260; x_wconf 50' lang='lat' dir='ltr'><strong>ten;</strong></span> <span class='ocrx_word' id='word_1_538' title='bbox 2938 3200 3024 3258; x_wconf 62' lang='grc' dir='ltr'>ἡ</span> <span class='ocrx_word' id='word_1_539' title='bbox 3059 3185 3337 3286; x_wconf 63' lang='grc' dir='ltr'><strong>ῖτὸπιπιιττειι</strong></span> <span class='ocrx_word' id='word_1_540' title='bbox 3374 3209 3546 3261; x_wconf 68' lang='lat' dir='ltr'><strong>ire-:1</strong></span> 
     </span>
    </p>
   </div>
   <div class='ocr_carea' id='block_1_77' title="bbox 1957 3297 3546 3356">
    <p class='ocr_par' dir='ltr' id='par_1_77' title="bbox 1957 3297 3546 3356">
     <span class='ocr_line' id='line_1_77' title="bbox 1957 3297 3546 3356; baseline -0.001 -5"><span class='ocrx_word' id='word_1_541' title='bbox 1957 3301 2154 3351; x_wconf 68' lang='lat' dir='ltr'><strong>nam:</strong></span> <span class='ocrx_word' id='word_1_542' title='bbox 2187 3297 2414 3350; x_wconf 47' lang='lat' dir='ltr'><strong>mm”</strong></span> <span class='ocrx_word' id='word_1_543' title='bbox 2429 3301 2646 3354; x_wconf 68' lang='lat' dir='ltr'><strong>Dm</strong></span> <span class='ocrx_word' id='word_1_544' title='bbox 2665 3301 2842 3354; x_wconf 64' lang='lat' dir='ltr'><strong>D’T’Ji‘l</strong></span> <span class='ocrx_word' id='word_1_545' title='bbox 2868 3301 3011 3354; x_wconf 70' lang='lat' dir='ltr'><strong>nm</strong></span> <span class='ocrx_word' id='word_1_546' title='bbox 3040 3301 3150 3350; x_wconf 57' lang='lat' dir='ltr'><strong>D81</strong></span> <span class='ocrx_word' id='word_1_547' title='bbox 3173 3307 3184 3347; x_wconf 83' lang='lat'>:</span> <span class='ocrx_word' id='word_1_548' title='bbox 3206 3301 3395 3356; x_wconf 61' lang='grc' dir='ltr'>ἰζπῖἲέ</span> <span class='ocrx_word' id='word_1_549' title='bbox 3421 3301 3546 3350; x_wconf 64' lang='grc' dir='ltr'><strong>Ἰτὲω</strong></span> 
     </span>
    </p>
   </div>
   <div class='ocr_carea' id='block_1_78' title="bbox 1955 3390 3546 3468">
    <p class='ocr_par' dir='ltr' id='par_1_78' title="bbox 1955 3390 3546 3468">
     <span class='ocr_line' id='line_1_78' title="bbox 1955 3390 3546 3468; baseline -0.017 -15"><span class='ocrx_word' id='word_1_550' title='bbox 1955 3393 2130 3446; x_wconf 61' lang='lat' dir='ltr'><strong>nm?!</strong></span> <span class='ocrx_word' id='word_1_551' title='bbox 2189 3392 2396 3468; x_wconf 62' lang='grc' dir='ltr'>ππρτμπ</span> <span class='ocrx_word' id='word_1_552' title='bbox 2446 3390 2650 3441; x_wconf 63' lang='lat' dir='ltr'><strong>unum</strong></span> <span class='ocrx_word' id='word_1_553' title='bbox 2713 3391 2896 3445; x_wconf 69' lang='grc' dir='ltr'>ωνιτπι</span> <span class='ocrx_word' id='word_1_554' title='bbox 2950 3391 3136 3441; x_wconf 63' lang='lat' dir='ltr'><strong>unum</strong></span> <span class='ocrx_word' id='word_1_555' title='bbox 3185 3391 3363 3446; x_wconf 62' lang='lat' dir='ltr'><strong>civ-rm</strong></span> <span class='ocrx_word' id='word_1_556' title='bbox 3423 3391 3546 3442; x_wconf 60' lang='grc' dir='ltr'><strong>»τη</strong></span> 
     </span>
    </p>
   </div>
   <div class='ocr_carea' id='block_1_79' title="bbox 1956 3457 3544 3560">
    <p class='ocr_par' dir='ltr' id='par_1_79' title="bbox 1956 3457 3544 3560">
     <span class='ocr_line' id='line_1_79' title="bbox 1956 3457 3544 3560; baseline -0.001 -28"><span class='ocrx_word' id='word_1_557' title='bbox 1956 3484 2141 3560; x_wconf 48' lang='grc' dir='ltr'>ιιι-τιτι</span> <span class='ocrx_word' id='word_1_558' title='bbox 2203 3457 2365 3532; x_wconf 65' lang='lat' dir='ltr'><strong>ms</strong></span> <span class='ocrx_word' id='word_1_559' title='bbox 2415 3480 2584 3560; x_wconf 62' lang='lat' dir='ltr'><strong>pungi</strong></span> <span class='ocrx_word' id='word_1_560' title='bbox 2645 3482 2888 3560; x_wconf 42' lang='grc' dir='ltr'><strong>ειν-ππ.</strong></span> <span class='ocrx_word' id='word_1_561' title='bbox 2932 3482 3059 3532; x_wconf 53' lang='grc' dir='ltr'><strong>’.ητις</strong></span> <span class='ocrx_word' id='word_1_562' title='bbox 3106 3481 3330 3560; x_wconf 53' lang='lat' dir='ltr'><strong>rem:</strong></span> <span class='ocrx_word' id='word_1_563' title='bbox 3384 3481 3544 3530; x_wconf 56' lang='lat' dir='ltr'><strong>vim:</strong></span> 
     </span>
    </p>
   </div>
   <div class='ocr_carea' id='block_1_80' title="bbox 1957 3543 3542 3632">
    <p class='ocr_par' dir='ltr' id='par_1_80' title="bbox 1957 3543 3542 3632">
     <span class='ocr_line' id='line_1_80' title="bbox 1957 3543 3542 3632; baseline -0.003 -8"><span class='ocrx_word' id='word_1_564' title='bbox 1957 3543 2107 3624; x_wconf 60' lang='lat'><strong>1515:</strong></span> <span class='ocrx_word' id='word_1_565' title='bbox 2135 3572 2279 3625; x_wconf 53' lang='lat' dir='ltr'><strong>min</strong></span> <span class='ocrx_word' id='word_1_566' title='bbox 2312 3543 2480 3622; x_wconf 60' lang='lat' dir='ltr'><strong>ris-in</strong></span> <span class='ocrx_word' id='word_1_567' title='bbox 2533 3548 2688 3624; x_wconf 62' lang='lat' dir='ltr'><strong>Sum</strong></span> <span class='ocrx_word' id='word_1_568' title='bbox 2736 3547 2962 3624; x_wconf 66' lang='lat' dir='ltr'><strong>num&#39;w</strong></span> <span class='ocrx_word' id='word_1_569' title='bbox 3027 3543 3188 3622; x_wconf 61' lang='lat' dir='ltr'><strong>cria.</strong></span> <span class='ocrx_word' id='word_1_570' title='bbox 3244 3543 3542 3632; x_wconf 68' lang='lat' dir='ltr'><strong>&#39;Postquam</strong></span> 
     </span>
    </p>
   </div>
   <div class='ocr_carea' id='block_1_81' title="bbox 1961 3656 3544 3726">
    <p class='ocr_par' dir='ltr' id='par_1_81' title="bbox 1961 3656 3544 3726">
     <span class='ocr_line' id='line_1_81' title="bbox 1961 3656 3544 3726; baseline -0.001 -17"><span class='ocrx_word' id='word_1_571' title='bbox 1961 3657 2281 3726; x_wconf 82' lang='lat' dir='ltr'><strong>Synedrium</strong></span> <span class='ocrx_word' id='word_1_572' title='bbox 2334 3665 2442 3708; x_wconf 91' lang='lat' dir='ltr'><strong>toto</strong></span> <span class='ocrx_word' id='word_1_573' title='bbox 2493 3656 2578 3709; x_wconf 88' lang='lat' dir='ltr'><strong>die</strong></span> <span class='ocrx_word' id='word_1_574' title='bbox 2613 3657 2875 3709; x_wconf 87' lang='lat' dir='ltr'><strong>tricesimo</strong></span> <span class='ocrx_word' id='word_1_575' title='bbox 2903 3656 3168 3719; x_wconf 79' lang='lat' dir='ltr'><strong>consedit;</strong></span> <span class='ocrx_word' id='word_1_576' title='bbox 3209 3672 3368 3724; x_wconf 84' lang='lat' dir='ltr'><strong>neque</strong></span> <span class='ocrx_word' id='word_1_577' title='bbox 3400 3657 3544 3708; x_wconf 88' lang='lat' dir='ltr'><strong>testis</strong></span> 
     </span>
    </p>
   </div>
   <div class='ocr_carea' id='block_1_82' title="bbox 1960 3746 3543 3817">
    <p class='ocr_par' dir='ltr' id='par_1_82' title="bbox 1960 3746 3543 3817">
     <span class='ocr_line' id='line_1_82' title="bbox 1960 3746 3543 3817; baseline -0.001 -17"><span class='ocrx_word' id='word_1_578' title='bbox 1960 3747 2102 3800; x_wconf 82' lang='lat' dir='ltr'><strong>ullus</strong></span> <span class='ocrx_word' id='word_1_579' title='bbox 2139 3747 2372 3810; x_wconf 84' lang='lat' dir='ltr'><strong>advenit,</strong></span> <span class='ocrx_word' id='word_1_580' title='bbox 2402 3763 2606 3800; x_wconf 84' lang='lat' dir='ltr'><strong>summa</strong></span> <span class='ocrx_word' id='word_1_581' title='bbox 2650 3746 2886 3801; x_wconf 82' lang='lat' dir='ltr'><strong>dilucqu</strong></span> <span class='ocrx_word' id='word_1_582' title='bbox 2931 3755 3179 3817; x_wconf 85' lang='lat' dir='ltr'><strong>surgunt,</strong></span> <span class='ocrx_word' id='word_1_583' title='bbox 3223 3759 3270 3799; x_wconf 87' lang='lat' dir='ltr'><strong>et</strong></span> <span class='ocrx_word' id='word_1_584' title='bbox 3316 3762 3543 3798; x_wconf 86' lang='lat' dir='ltr'><strong>mensem</strong></span> 
     </span>
    </p>
   </div>
   <div class='ocr_carea' id='block_1_83' title="bbox 1959 3836 3536 3908">
    <p class='ocr_par' dir='ltr' id='par_1_83' title="bbox 1959 3836 3536 3908">
     <span class='ocr_line' id='line_1_83' title="bbox 1959 3836 3536 3908; baseline -0.001 -17"><span class='ocrx_word' id='word_1_585' title='bbox 1959 3838 2316 3902; x_wconf 87' lang='lat' dir='ltr'><strong>intercalant;</strong></span> <span class='ocrx_word' id='word_1_586' title='bbox 2347 3837 2792 3908; x_wconf 84' lang='lat' dir='ltr'><strong>quemadmodum</strong></span> <span class='ocrx_word' id='word_1_587' title='bbox 2824 3839 2879 3891; x_wconf 90' lang='lat' dir='ltr'><strong>in</strong></span> <span class='ocrx_word' id='word_1_588' title='bbox 2912 3839 3008 3890; x_wconf 82' lang='lat' dir='ltr'><strong>hoc</strong></span> <span class='ocrx_word' id='word_1_589' title='bbox 3040 3837 3214 3906; x_wconf 80' lang='lat' dir='ltr'><strong>capite</strong></span> <span class='ocrx_word' id='word_1_590' title='bbox 3241 3836 3536 3889; x_wconf 76' lang='lat' dir='ltr'><strong>declaravi-</strong></span> 
     </span>
    </p>
   </div>
   <div class='ocr_carea' id='block_1_84' title="bbox 1961 3929 3544 3999">
    <p class='ocr_par' dir='ltr' id='par_1_84' title="bbox 1961 3929 3544 3999">
     <span class='ocr_line' id='line_1_84' title="bbox 1961 3929 3544 3999; baseline 0 -17"><span class='ocrx_word' id='word_1_591' title='bbox 1961 3946 2096 3982; x_wconf 83' lang='lat' dir='ltr'><strong>nius.</strong></span> <span class='ocrx_word' id='word_1_592' title='bbox 2149 3931 2303 3994; x_wconf 78' lang='lat' dir='ltr'><strong>Quod</strong></span> <span class='ocrx_word' id='word_1_593' title='bbox 2343 3931 2390 3983; x_wconf 88' lang='lat' dir='ltr'><strong>si</strong></span> <span class='ocrx_word' id='word_1_594' title='bbox 2434 3939 2552 3998; x_wconf 84' lang='lat' dir='ltr'><strong>post</strong></span> <span class='ocrx_word' id='word_1_595' title='bbox 2584 3939 2833 3999; x_wconf 89' lang='lat' dir='ltr'><strong>quartum</strong></span> <span class='ocrx_word' id='word_1_596' title='bbox 2899 3930 3201 3999; x_wconf 84' lang='lat' dir='ltr'><strong>quintunwe</strong></span> <span class='ocrx_word' id='word_1_597' title='bbox 3244 3929 3380 3982; x_wconf 87' lang='lat' dir='ltr'><strong>diem</strong></span> <span class='ocrx_word' id='word_1_598' title='bbox 3427 3929 3544 3982; x_wconf 88' lang='lat' dir='ltr'><strong>lon-</strong></span> 
     </span>
    </p>
   </div>
   <div class='ocr_carea' id='block_1_85' title="bbox 1961 4021 3544 4092">
    <p class='ocr_par' dir='ltr' id='par_1_85' title="bbox 1961 4021 3544 4092">
     <span class='ocr_line' id='line_1_85' title="bbox 1961 4021 3544 4092; baseline -0.001 -18"><span class='ocrx_word' id='word_1_599' title='bbox 1961 4023 2138 4092; x_wconf 84' lang='lat' dir='ltr'><strong>ginqui</strong></span> <span class='ocrx_word' id='word_1_600' title='bbox 2167 4031 2318 4075; x_wconf 87' lang='lat' dir='ltr'><strong>testes</strong></span> <span class='ocrx_word' id='word_1_601' title='bbox 2348 4023 2622 4084; x_wconf 84' lang='lat' dir='ltr'><strong>accedant,</strong></span> <span class='ocrx_word' id='word_1_602' title='bbox 2657 4039 2720 4074; x_wconf 91' lang='lat' dir='ltr'><strong>ac</strong></span> <span class='ocrx_word' id='word_1_603' title='bbox 2748 4038 2802 4074; x_wconf 90' lang='lat' dir='ltr'><strong>se</strong></span> <span class='ocrx_word' id='word_1_604' title='bbox 2835 4021 3016 4074; x_wconf 90' lang='lat' dir='ltr'><strong>lunam</strong></span> <span class='ocrx_word' id='word_1_605' title='bbox 3050 4036 3145 4074; x_wconf 86' lang='lat' dir='ltr'><strong>suo</strong></span> <span class='ocrx_word' id='word_1_606' title='bbox 3172 4031 3396 4090; x_wconf 86' lang='lat' dir='ltr'><strong>tempore</strong></span> <span class='ocrx_word' id='word_1_607' title='bbox 3420 4035 3544 4090; x_wconf 87' lang='lat' dir='ltr'><strong>pro-</strong></span> 
     </span>
    </p>
   </div>
   <div class='ocr_carea' id='block_1_86' title="bbox 1961 4112 3544 4183">
    <p class='ocr_par' dir='ltr' id='par_1_86' title="bbox 1961 4112 3544 4183">
     <span class='ocr_line' id='line_1_86' title="bbox 1961 4112 3544 4183; baseline -0.001 -16"><span class='ocrx_word' id='word_1_608' title='bbox 1961 4115 2194 4183; x_wconf 80' lang='lat' dir='ltr'><strong>spexisse</strong></span> <span class='ocrx_word' id='word_1_609' title='bbox 2243 4118 2578 4181; x_wconf 78' lang='lat' dir='ltr'><strong>confirment,</strong></span> <span class='ocrx_word' id='word_1_610' title='bbox 2621 4112 2718 4165; x_wconf 82' lang='lat' dir='ltr'><strong>hoc</strong></span> <span class='ocrx_word' id='word_1_611' title='bbox 2755 4123 2833 4165; x_wconf 86' lang='lat' dir='ltr'><strong>est</strong></span> <span class='ocrx_word' id='word_1_612' title='bbox 2881 4113 3150 4165; x_wconf 88' lang='lat' dir='ltr'><strong>tricesima</strong></span> <span class='ocrx_word' id='word_1_613' title='bbox 3201 4120 3384 4176; x_wconf 86' lang='lat' dir='ltr'><strong>nocte;</strong></span> <span class='ocrx_word' id='word_1_614' title='bbox 3436 4112 3544 4165; x_wconf 85' lang='lat' dir='ltr'><strong>imo</strong></span> 
     </span>
    </p>
   </div>
   <div class='ocr_carea' id='block_1_87' title="bbox 1961 4201 3543 4270">
    <p class='ocr_par' dir='ltr' id='par_1_87' title="bbox 1961 4201 3543 4270">
     <span class='ocr_line' id='line_1_87' title="bbox 1961 4201 3543 4270; baseline -0.001 -14"><span class='ocrx_word' id='word_1_615' title='bbox 1961 4219 2079 4256; x_wconf 76' lang='lat' dir='ltr'><strong>vero</strong></span> <span class='ocrx_word' id='word_1_616' title='bbox 2121 4203 2335 4256; x_wconf 85' lang='lat' dir='ltr'><strong>etiamsi</strong></span> <span class='ocrx_word' id='word_1_617' title='bbox 2382 4201 2477 4254; x_wconf 85' lang='lat' dir='ltr'><strong>sub</strong></span> <span class='ocrx_word' id='word_1_618' title='bbox 2520 4203 2679 4269; x_wconf 81' lang='lat' dir='ltr'><strong>ﬁnem</strong></span> <span class='ocrx_word' id='word_1_619' title='bbox 2721 4201 2916 4255; x_wconf 85' lang='lat' dir='ltr'><strong>mensis</strong></span> <span class='ocrx_word' id='word_1_620' title='bbox 2965 4201 3270 4266; x_wconf 86' lang='lat' dir='ltr'><strong>adveniant,</strong></span> <span class='ocrx_word' id='word_1_621' title='bbox 3312 4203 3543 4270; x_wconf 85' lang='lat' dir='ltr'><strong>primum</strong></span> 
     </span>
    </p>
   </div>
   <div class='ocr_carea' id='block_1_88' title="bbox 1961 4289 3548 4362">
    <p class='ocr_par' dir='ltr' id='par_1_88' title="bbox 1961 4289 3548 4362">
     <span class='ocr_line' id='line_1_88' title="bbox 1961 4289 3548 4362; baseline -0.001 -18"><span class='ocrx_word' id='word_1_622' title='bbox 1961 4291 2169 4362; x_wconf 84' lang='lat' dir='ltr'><strong>quidem</strong></span> <span class='ocrx_word' id='word_1_623' title='bbox 2202 4306 2448 4360; x_wconf 86' lang='lat' dir='ltr'><strong>magnum</strong></span> <span class='ocrx_word' id='word_1_624' title='bbox 2487 4289 2594 4342; x_wconf 80' lang='lat' dir='ltr'><strong>illis</strong></span> <span class='ocrx_word' id='word_1_625' title='bbox 2639 4299 2890 4343; x_wconf 81' lang='lat' dir='ltr'><strong>terrorem</strong></span> <span class='ocrx_word' id='word_1_626' title='bbox 2927 4289 3206 4359; x_wconf 81' lang='lat' dir='ltr'><strong>objiciunt,</strong></span> <span class='ocrx_word' id='word_1_627' title='bbox 3236 4301 3282 4345; x_wconf 85' lang='lat' dir='ltr'><strong>et</strong></span> <span class='ocrx_word' id='word_1_628' title='bbox 3316 4293 3548 4345; x_wconf 88' lang='lat' dir='ltr'><strong>interro-</strong></span> 
     </span>
    </p>
   </div>
   <div class='ocr_carea' id='block_1_89' title="bbox 1962 4383 3546 4454">
    <p class='ocr_par' dir='ltr' id='par_1_89' title="bbox 1962 4383 3546 4454">
     <span class='ocr_line' id='line_1_89' title="bbox 1962 4383 3546 4454; baseline 0 -18"><span class='ocrx_word' id='word_1_629' title='bbox 1962 4383 2266 4454; x_wconf 82' lang='lat' dir='ltr'><strong>gationibus</strong></span> <span class='ocrx_word' id='word_1_630' title='bbox 2300 4384 2588 4447; x_wconf 83' lang='lat' dir='ltr'><strong>lacessunt,</strong></span> <span class='ocrx_word' id='word_1_631' title='bbox 2616 4399 2679 4435; x_wconf 85' lang='lat' dir='ltr'><strong>ac</strong></span> <span class='ocrx_word' id='word_1_632' title='bbox 2714 4383 2976 4435; x_wconf 83' lang='lat' dir='ltr'><strong>morosius</strong></span> <span class='ocrx_word' id='word_1_633' title='bbox 3013 4383 3389 4454; x_wconf 83' lang='lat' dir='ltr'><strong>interrogando</strong></span> <span class='ocrx_word' id='word_1_634' title='bbox 3416 4383 3546 4452; x_wconf 79' lang='lat' dir='ltr'><strong>futi-</strong></span> 
     </span>
    </p>
   </div>
   <div class='ocr_carea' id='block_1_90' title="bbox 278 4470 3541 4546">
    <p class='ocr_par' dir='ltr' id='par_1_90' title="bbox 278 4470 3541 4546">
     <span class='ocr_line' id='line_1_90' title="bbox 278 4470 3541 4546; baseline 0.002 -24"><span class='ocrx_word' id='word_1_635' title='bbox 278 4470 324 4523; x_wconf 85' lang='lat' dir='ltr'><strong>si</strong></span> <span class='ocrx_word' id='word_1_636' title='bbox 366 4471 653 4542; x_wconf 86' lang='lat' dir='ltr'><strong>interrupti</strong></span> <span class='ocrx_word' id='word_1_637' title='bbox 689 4483 883 4542; x_wconf 89' lang='lat' dir='ltr'><strong>pontes</strong></span> <span class='ocrx_word' id='word_1_638' title='bbox 929 4484 1130 4535; x_wconf 82' lang='lat' dir='ltr'><strong>essent,</strong></span> <span class='ocrx_word' id='word_1_639' title='bbox 1189 4473 1507 4528; x_wconf 85' lang='lat' dir='ltr'><strong>fornacesvc</strong></span> <span class='ocrx_word' id='word_1_640' title='bbox 1547 4473 1761 4537; x_wconf 79' lang='lat' dir='ltr'><strong>dirutze,</strong></span> <span class='ocrx_word' id='word_1_641' title='bbox 1793 4489 1858 4528; x_wconf 86' lang='lat' dir='ltr'><strong>ac</strong></span> <span class='ocrx_word' id='word_1_642' title='bbox 1890 4487 1932 4541; x_wconf 79' lang='grc' dir='ltr'>ο</span> <span class='ocrx_word' id='word_1_643' title='bbox 1962 4486 2122 4546; x_wconf 83' lang='lat' dir='ltr'><strong>gant;</strong></span> <span class='ocrx_word' id='word_1_644' title='bbox 2159 4485 2207 4529; x_wconf 92' lang='lat' dir='ltr'><strong>et</strong></span> <span class='ocrx_word' id='word_1_645' title='bbox 2253 4473 2470 4528; x_wconf 88' lang='lat' dir='ltr'><strong>illorum</strong></span> <span class='ocrx_word' id='word_1_646' title='bbox 2512 4475 2871 4528; x_wconf 87' lang='lat' dir='ltr'><strong>testimonium</strong></span> <span class='ocrx_word' id='word_1_647' title='bbox 2917 4475 3281 4544; x_wconf 84' lang='lat' dir='ltr'><strong>scrupulosius</strong></span> <span class='ocrx_word' id='word_1_648' title='bbox 3331 4477 3541 4529; x_wconf 69' lang='lat' dir='ltr'><strong>exami-</strong></span> 
     </span>
    </p>
   </div>
   <div class='ocr_carea' id='block_1_91' title="bbox 281 4560 1859 4633">
    <p class='ocr_par' dir='ltr' id='par_1_91' title="bbox 281 4560 1859 4633">
     <span class='ocr_line' id='line_1_91' title="bbox 281 4560 1859 4633; baseline 0.003 -20"><span class='ocrx_word' id='word_1_649' title='bbox 281 4560 486 4626; x_wconf 78' lang='lat' dir='ltr'><strong>reliqua</strong></span> <span class='ocrx_word' id='word_1_650' title='bbox 536 4561 586 4614; x_wconf 97' lang='lat' dir='ltr'><strong>id</strong></span> <span class='ocrx_word' id='word_1_651' title='bbox 634 4577 836 4631; x_wconf 78' lang='lat' dir='ltr'><strong>genus,</strong></span> <span class='ocrx_word' id='word_1_652' title='bbox 887 4579 1010 4632; x_wconf 72' lang='lat' dir='ltr'><strong>qua:</strong></span> <span class='ocrx_word' id='word_1_653' title='bbox 1061 4563 1466 4618; x_wconf 89' lang='lat' dir='ltr'><strong>solemnitatem</strong></span> <span class='ocrx_word' id='word_1_654' title='bbox 1514 4562 1859 4633; x_wconf 88' lang='lat' dir='ltr'><strong>impedirent.</strong></span> 
     </span>
    </p>
   </div>
   <div class='ocr_carea' id='block_1_92' title="bbox 279 4651 1856 4740">
    <p class='ocr_par' dir='ltr' id='par_1_92' title="bbox 279 4651 1856 4740">
     <span class='ocr_line' id='line_1_92' title="bbox 279 4651 1856 4740; baseline 0.001 -34"><span class='ocrx_word' id='word_1_655' title='bbox 279 4651 358 4706; x_wconf 86' lang='lat' dir='ltr'><strong>De</strong></span> <span class='ocrx_word' id='word_1_656' title='bbox 382 4653 583 4722; x_wconf 90' lang='lat' dir='ltr'><strong>quibus</strong></span> <span class='ocrx_word' id='word_1_657' title='bbox 610 4668 906 4708; x_wconf 85' lang='lat' dir='ltr'><strong>consessus</strong></span> <span class='ocrx_word' id='word_1_658' title='bbox 931 4655 1102 4716; x_wconf 88' lang='lat' dir='ltr'><strong>illius,</strong></span> <span class='ocrx_word' id='word_1_659' title='bbox 1136 4670 1295 4724; x_wconf 86' lang='lat' dir='ltr'><strong>quem</strong></span> <span class='ocrx_word' id='word_1_660' title='bbox 1320 4662 1399 4740; x_wconf 62' lang='lat' dir='ltr'><strong>Tn</strong></span> <span class='ocrx_word' id='word_1_661' title='bbox 1425 4664 1530 4713; x_wconf 61' lang='lat' dir='ltr'><strong>nt:</strong></span> <span class='ocrx_word' id='word_1_662' title='bbox 1552 4656 1856 4718; x_wconf 88' lang='lat' dir='ltr'><strong>nominant,</strong></span> 
     </span>
    </p>
   </div>
   <div class='ocr_carea' id='block_1_93' title="bbox 278 4745 1860 4815">
    <p class='ocr_par' dir='ltr' id='par_1_93' title="bbox 278 4745 1860 4815">
     <span class='ocr_line' id='line_1_93' title="bbox 278 4745 1860 4815; baseline 0.002 -17"><span class='ocrx_word' id='word_1_663' title='bbox 278 4746 556 4799; x_wconf 74' lang='lat' dir='ltr'><strong>decretum</strong></span> <span class='ocrx_word' id='word_1_664' title='bbox 575 4747 1151 4815; x_wconf 79' lang='lat' dir='ltr'><strong>eratexspcctandnm.</strong></span> <span class='ocrx_word' id='word_1_665' title='bbox 1174 4745 1253 4800; x_wconf 88' lang='lat' dir='ltr'><strong>Ita</strong></span> <span class='ocrx_word' id='word_1_666' title='bbox 1270 4746 1448 4808; x_wconf 78' lang='lat' dir='ltr'><strong>fiebat,</strong></span> <span class='ocrx_word' id='word_1_667' title='bbox 1473 4756 1531 4800; x_wconf 90' lang='lat' dir='ltr'><strong>ut</strong></span> <span class='ocrx_word' id='word_1_668' title='bbox 1550 4748 1756 4800; x_wconf 86' lang='lat' dir='ltr'><strong>incerta</strong></span> <span class='ocrx_word' id='word_1_669' title='bbox 1773 4762 1860 4801; x_wconf 88' lang='lat' dir='ltr'><strong>res</strong></span> 
     </span>
    </p>
   </div>
   <div class='ocr_carea' id='block_1_94' title="bbox 283 4837 1861 4909">
    <p class='ocr_par' dir='ltr' id='par_1_94' title="bbox 283 4837 1861 4909">
     <span class='ocr_line' id='line_1_94' title="bbox 283 4837 1861 4909; baseline 0.001 -18"><span class='ocrx_word' id='word_1_670' title='bbox 283 4837 577 4891; x_wconf 82' lang='lat' dir='ltr'><strong>admodum</strong></span> <span class='ocrx_word' id='word_1_671' title='bbox 599 4847 743 4893; x_wconf 79' lang='lat' dir='ltr'><strong>esset</strong></span> <span class='ocrx_word' id='word_1_672' title='bbox 759 4840 918 4907; x_wconf 87' lang='lat' dir='ltr'><strong>primi</strong></span> <span class='ocrx_word' id='word_1_673' title='bbox 937 4839 1162 4898; x_wconf 90' lang='lat' dir='ltr'><strong>mensis.</strong></span> <span class='ocrx_word' id='word_1_674' title='bbox 1179 4855 1241 4893; x_wconf 89' lang='lat' dir='ltr'><strong>ac</strong></span> <span class='ocrx_word' id='word_1_675' title='bbox 1266 4839 1545 4892; x_wconf 82' lang='lat' dir='ltr'><strong>Paschalis</strong></span> <span class='ocrx_word' id='word_1_676' title='bbox 1560 4849 1792 4909; x_wconf 89' lang='lat' dir='ltr'><strong>tempus,</strong></span> <span class='ocrx_word' id='word_1_677' title='bbox 1807 4847 1861 4894; x_wconf 90' lang='lat' dir='ltr'><strong>et</strong></span> 
     </span>
    </p>
   </div>
   <div class='ocr_carea' id='block_1_95' title="bbox 281 4929 1862 5002">
    <p class='ocr_par' dir='ltr' id='par_1_95' title="bbox 281 4929 1862 5002">
     <span class='ocr_line' id='line_1_95' title="bbox 281 4929 1862 5002; baseline 0.001 -18"><span class='ocrx_word' id='word_1_678' title='bbox 281 4929 336 4984; x_wconf 87' lang='lat' dir='ltr'><strong>in</strong></span> <span class='ocrx_word' id='word_1_679' title='bbox 357 4930 574 4985; x_wconf 89' lang='lat' dir='ltr'><strong>illorum</strong></span> <span class='ocrx_word' id='word_1_680' title='bbox 596 4931 859 4985; x_wconf 89' lang='lat' dir='ltr'><strong>arbitratu</strong></span> <span class='ocrx_word' id='word_1_681' title='bbox 879 4932 1055 5001; x_wconf 85' lang='lat' dir='ltr'><strong>posita</strong></span> <span class='ocrx_word' id='word_1_682' title='bbox 1080 4949 1094 4985; x_wconf 89' lang='lat'><strong>:</strong></span> <span class='ocrx_word' id='word_1_683' title='bbox 1119 4933 1578 5001; x_wconf 86' lang='lat' dir='ltr'><strong>quemadmodum</strong></span> <span class='ocrx_word' id='word_1_684' title='bbox 1598 4933 1738 5002; x_wconf 91' lang='lat' dir='ltr'><strong>apud</strong></span> <span class='ocrx_word' id='word_1_685' title='bbox 1756 4932 1862 4986; x_wconf 79' lang='lat' dir='ltr'><strong>Ro-</strong></span> 
     </span>
    </p>
   </div>
   <div class='ocr_carea' id='block_1_96' title="bbox 281 5023 1860 5090">
    <p class='ocr_par' dir='ltr' id='par_1_96' title="bbox 281 5023 1860 5090">
     <span class='ocr_line' id='line_1_96' title="bbox 281 5023 1860 5090; baseline 0.002 -15"><span class='ocrx_word' id='word_1_686' title='bbox 281 5036 478 5075; x_wconf 87' lang='lat' dir='ltr'><strong>manos</strong></span> <span class='ocrx_word' id='word_1_687' title='bbox 496 5038 559 5074; x_wconf 80' lang='lat' dir='ltr'><strong>ex</strong></span> <span class='ocrx_word' id='word_1_688' title='bbox 579 5023 896 5090; x_wconf 76' lang='lat' dir='ltr'><strong>pontificum</strong></span> <span class='ocrx_word' id='word_1_689' title='bbox 922 5023 1145 5077; x_wconf 85' lang='lat' dir='ltr'><strong>libidine</strong></span> <span class='ocrx_word' id='word_1_690' title='bbox 1165 5024 1435 5088; x_wconf 90' lang='lat' dir='ltr'><strong>contrahi,</strong></span> <span class='ocrx_word' id='word_1_691' title='bbox 1459 5036 1552 5077; x_wconf 85' lang='lat' dir='ltr'><strong>aut</strong></span> <span class='ocrx_word' id='word_1_692' title='bbox 1571 5025 1860 5078; x_wconf 76' lang='lat' dir='ltr'><strong>intereala-</strong></span> 
     </span>
    </p>
   </div>
   <div class='ocr_carea' id='block_1_97' title="bbox 279 5112 1861 5183">
    <p class='ocr_par' dir='ltr' id='par_1_97' title="bbox 279 5112 1861 5183">
     <span class='ocr_line' id='line_1_97' title="bbox 279 5112 1861 5183; baseline 0.002 -16"><span class='ocrx_word' id='word_1_693' title='bbox 279 5112 432 5167; x_wconf 82' lang='lat' dir='ltr'><strong>tione</strong></span> <span class='ocrx_word' id='word_1_694' title='bbox 461 5114 689 5182; x_wconf 81' lang='lat' dir='ltr'><strong>proferri</strong></span> <span class='ocrx_word' id='word_1_695' title='bbox 733 5130 1004 5169; x_wconf 84' lang='lat' dir='ltr'><strong>annorum</strong></span> <span class='ocrx_word' id='word_1_696' title='bbox 1055 5115 1230 5183; x_wconf 87' lang='lat' dir='ltr'><strong>spatia</strong></span> <span class='ocrx_word' id='word_1_697' title='bbox 1267 5116 1535 5169; x_wconf 88' lang='lat' dir='ltr'><strong>solebant.</strong></span> <span class='ocrx_word' id='word_1_698' title='bbox 1585 5116 1767 5182; x_wconf 84' lang='lat' dir='ltr'><strong>Quare</strong></span> <span class='ocrx_word' id='word_1_699' title='bbox 1802 5127 1861 5170; x_wconf 92' lang='lat' dir='ltr'><strong>ut</strong></span> 
     </span>
    </p>
   </div>
   <div class='ocr_carea' id='block_1_98' title="bbox 281 5202 1862 5273">
    <p class='ocr_par' dir='ltr' id='par_1_98' title="bbox 281 5202 1862 5273">
     <span class='ocr_line' id='line_1_98' title="bbox 281 5202 1862 5273; baseline 0.001 -17"><span class='ocrx_word' id='word_1_700' title='bbox 281 5202 445 5258; x_wconf 89' lang='lat' dir='ltr'><strong>iidem</strong></span> <span class='ocrx_word' id='word_1_701' title='bbox 490 5203 576 5255; x_wconf 85' lang='lat' dir='ltr'><strong>isti</strong></span> <span class='ocrx_word' id='word_1_702' title='bbox 601 5203 884 5272; x_wconf 70' lang='lat' dir='ltr'><strong>pontiﬁces</strong></span> <span class='ocrx_word' id='word_1_703' title='bbox 927 5204 1206 5258; x_wconf 88' lang='lat' dir='ltr'><strong>mensibus</strong></span> <span class='ocrx_word' id='word_1_704' title='bbox 1241 5204 1470 5273; x_wconf 73' lang='lat' dir='ltr'><strong>singulis</strong></span> <span class='ocrx_word' id='word_1_705' title='bbox 1507 5203 1720 5268; x_wconf 88' lang='lat' dir='ltr'><strong>Kalare,</strong></span> <span class='ocrx_word' id='word_1_706' title='bbox 1757 5205 1862 5258; x_wconf 85' lang='lat' dir='ltr'><strong>hoc</strong></span> 
     </span>
    </p>
   </div>
   <div class='ocr_carea' id='block_1_99' title="bbox 279 5293 1862 5364">
    <p class='ocr_par' dir='ltr' id='par_1_99' title="bbox 279 5293 1862 5364">
     <span class='ocr_line' id='line_1_99' title="bbox 279 5293 1862 5364; baseline -0.001 -14"><span class='ocrx_word' id='word_1_707' title='bbox 279 5304 364 5350; x_wconf 83' lang='lat' dir='ltr'><strong>est</strong></span> <span class='ocrx_word' id='word_1_708' title='bbox 404 5293 677 5349; x_wconf 82' lang='lat' dir='ltr'><strong>Kalendas</strong></span> <span class='ocrx_word' id='word_1_709' title='bbox 711 5294 1036 5349; x_wconf 87' lang='lat' dir='ltr'><strong>denuntiare</strong></span> <span class='ocrx_word' id='word_1_710' title='bbox 1061 5296 1345 5350; x_wconf 86' lang='lat' dir='ltr'><strong>solebant:</strong></span> <span class='ocrx_word' id='word_1_711' title='bbox 1371 5295 1450 5350; x_wconf 89' lang='lat' dir='ltr'><strong>sic</strong></span> <span class='ocrx_word' id='word_1_712' title='bbox 1473 5295 1614 5364; x_wconf 87' lang='lat' dir='ltr'><strong>apud</strong></span> <span class='ocrx_word' id='word_1_713' title='bbox 1643 5293 1862 5349; x_wconf 68' lang='lat' dir='ltr'><strong>Iudaeos</strong></span> 
     </span>
    </p>
   </div>
   <div class='ocr_carea' id='block_1_100' title="bbox 281 5385 1856 5458">
    <p class='ocr_par' dir='ltr' id='par_1_100' title="bbox 281 5385 1856 5458">
     <span class='ocr_line' id='line_1_100' title="bbox 281 5385 1856 5458; baseline -0.003 -17"><span class='ocrx_word' id='word_1_714' title='bbox 281 5385 633 5458; x_wconf 77' lang='lat' dir='ltr'><strong>Synedriutn,</strong></span> <span class='ocrx_word' id='word_1_715' title='bbox 667 5387 814 5455; x_wconf 85' lang='lat' dir='ltr'><strong>quod</strong></span> <span class='ocrx_word' id='word_1_716' title='bbox 855 5386 1178 5441; x_wconf 86' lang='lat' dir='ltr'><strong>ordinandis</strong></span> <span class='ocrx_word' id='word_1_717' title='bbox 1217 5385 1558 5456; x_wconf 86' lang='lat' dir='ltr'><strong>temporibus</strong></span> <span class='ocrx_word' id='word_1_718' title='bbox 1605 5393 1856 5455; x_wconf 62' lang='lat' dir='ltr'><strong>priet-rat,</strong></span> 
     </span>
    </p>
   </div>
   <div class='ocr_carea' id='block_1_101' title="bbox 279 5477 1859 5546">
    <p class='ocr_par' dir='ltr' id='par_1_101' title="bbox 279 5477 1859 5546">
     <span class='ocr_line' id='line_1_101' title="bbox 279 5477 1859 5546; baseline -0.001 -13"><span class='ocrx_word' id='word_1_719' title='bbox 279 5489 555 5533; x_wconf 88' lang='lat' dir='ltr'><strong>certorum</strong></span> <span class='ocrx_word' id='word_1_720' title='bbox 608 5478 878 5531; x_wconf 87' lang='lat' dir='ltr'><strong>mensium</strong></span> <span class='ocrx_word' id='word_1_721' title='bbox 921 5478 1239 5532; x_wconf 86' lang='lat' dir='ltr'><strong>neomeuias</strong></span> <span class='ocrx_word' id='word_1_722' title='bbox 1285 5493 1378 5546; x_wconf 87' lang='lat' dir='ltr'><strong>per</strong></span> <span class='ocrx_word' id='word_1_723' title='bbox 1435 5477 1679 5543; x_wconf 84' lang='lat' dir='ltr'><strong>nuntios,</strong></span> <span class='ocrx_word' id='word_1_724' title='bbox 1721 5492 1859 5546; x_wconf 86' lang='lat' dir='ltr'><strong>quos</strong></span> 
     </span>
    </p>
   </div>
   <div class='ocr_carea' id='block_1_102' title="bbox 285 5550 1856 5632">
    <p class='ocr_par' dir='ltr' id='par_1_102' title="bbox 285 5550 1856 5632">
     <span class='ocr_line' id='line_1_102' title="bbox 285 5550 1856 5632; baseline -0.004 -6"><span class='ocrx_word' id='word_1_725' title='bbox 285 5550 501 5631; x_wconf 55' lang='lat' dir='ltr'><strong>minim</strong></span> <span class='ocrx_word' id='word_1_726' title='bbox 570 5568 857 5632; x_wconf 85' lang='lat' dir='ltr'><strong>vocabant,</strong></span> <span class='ocrx_word' id='word_1_727' title='bbox 925 5567 1165 5621; x_wconf 86' lang='lat' dir='ltr'><strong>indicere</strong></span> <span class='ocrx_word' id='word_1_728' title='bbox 1235 5577 1612 5630; x_wconf 76' lang='lat' dir='ltr'><strong>consueverat,</strong></span> <span class='ocrx_word' id='word_1_729' title='bbox 1667 5581 1856 5620; x_wconf 89' lang='lat' dir='ltr'><strong>eorum</strong></span> 
     </span>
    </p>
   </div>
   <div class='ocr_carea' id='block_1_103' title="bbox 283 5658 1859 5728">
    <p class='ocr_par' dir='ltr' id='par_1_103' title="bbox 283 5658 1859 5728">
     <span class='ocr_line' id='line_1_103' title="bbox 283 5658 1859 5728; baseline 0 -16"><span class='ocrx_word' id='word_1_730' title='bbox 283 5660 536 5715; x_wconf 85' lang='lat' dir='ltr'><strong>videlicet</strong></span> <span class='ocrx_word' id='word_1_731' title='bbox 575 5659 872 5721; x_wconf 82' lang='lat' dir='ltr'><strong>mensium,</strong></span> <span class='ocrx_word' id='word_1_732' title='bbox 911 5658 1114 5728; x_wconf 87' lang='lat' dir='ltr'><strong>quibus</strong></span> <span class='ocrx_word' id='word_1_733' title='bbox 1144 5659 1408 5714; x_wconf 80' lang='lat' dir='ltr'><strong>solemnia</strong></span> <span class='ocrx_word' id='word_1_734' title='bbox 1441 5660 1688 5727; x_wconf 68' lang='lat' dir='ltr'><strong>quaedam</strong></span> <span class='ocrx_word' id='word_1_735' title='bbox 1721 5658 1859 5713; x_wconf 86' lang='lat' dir='ltr'><strong>festa</strong></span> 
     </span>
    </p>
   </div>
   <div class='ocr_carea' id='block_1_104' title="bbox 281 5747 1858 5822">
    <p class='ocr_par' dir='ltr' id='par_1_104' title="bbox 281 5747 1858 5822">
     <span class='ocr_line' id='line_1_104' title="bbox 281 5747 1858 5822; baseline -0.001 -17"><span class='ocrx_word' id='word_1_736' title='bbox 281 5752 702 5822; x_wconf 73' lang='lat' dir='ltr'><strong>peragebantur,</strong></span> <span class='ocrx_word' id='word_1_737' title='bbox 732 5765 964 5821; x_wconf 89' lang='lat' dir='ltr'><strong>quorum</strong></span> <span class='ocrx_word' id='word_1_738' title='bbox 994 5759 1238 5820; x_wconf 82' lang='lat' dir='ltr'><strong>tempora</strong></span> <span class='ocrx_word' id='word_1_739' title='bbox 1268 5748 1478 5804; x_wconf 84' lang='lat' dir='ltr'><strong>dillieile</strong></span> <span class='ocrx_word' id='word_1_740' title='bbox 1509 5747 1706 5818; x_wconf 84' lang='lat' dir='ltr'><strong>conjici</strong></span> <span class='ocrx_word' id='word_1_741' title='bbox 1732 5764 1858 5818; x_wconf 86' lang='lat' dir='ltr'><strong>pos-</strong></span> 
     </span>
    </p>
   </div>
   <div class='ocr_carea' id='block_1_105' title="bbox 1965 4567 3547 4636">
    <p class='ocr_par' dir='ltr' id='par_1_105' title="bbox 1965 4567 3547 4636">
     <span class='ocr_line' id='line_1_105' title="bbox 1965 4567 3547 4636; baseline 0.001 -16"><span class='ocrx_word' id='word_1_742' title='bbox 1965 4577 2115 4633; x_wconf 90' lang='lat' dir='ltr'><strong>nant,</strong></span> <span class='ocrx_word' id='word_1_743' title='bbox 2154 4576 2309 4635; x_wconf 84' lang='lat' dir='ltr'><strong>atque</strong></span> <span class='ocrx_word' id='word_1_744' title='bbox 2343 4567 2399 4620; x_wconf 86' lang='lat' dir='ltr'><strong>in</strong></span> <span class='ocrx_word' id='word_1_745' title='bbox 2445 4583 2622 4621; x_wconf 79' lang='lat' dir='ltr'><strong>omnes</strong></span> <span class='ocrx_word' id='word_1_746' title='bbox 2655 4584 2710 4620; x_wconf 89' lang='lat' dir='ltr'><strong>se</strong></span> <span class='ocrx_word' id='word_1_747' title='bbox 2737 4578 2914 4635; x_wconf 87' lang='lat' dir='ltr'><strong>partes</strong></span> <span class='ocrx_word' id='word_1_748' title='bbox 2946 4579 3172 4627; x_wconf 80' lang='lat' dir='ltr'><strong>versant.</strong></span> <span class='ocrx_word' id='word_1_749' title='bbox 3207 4584 3309 4636; x_wconf 83' lang='lat' dir='ltr'><strong>qua</strong></span> <span class='ocrx_word' id='word_1_750' title='bbox 3354 4585 3547 4623; x_wconf 81' lang='lat' dir='ltr'><strong>novam</strong></span> 
     </span>
    </p>
   </div>
   <div class='ocr_carea' id='block_1_106' title="bbox 1962 4659 3544 4731">
    <p class='ocr_par' dir='ltr' id='par_1_106' title="bbox 1962 4659 3544 4731">
     <span class='ocr_line' id='line_1_106' title="bbox 1962 4659 3544 4731; baseline 0.003 -21"><span class='ocrx_word' id='word_1_751' title='bbox 1962 4659 2116 4712; x_wconf 82' lang='lat' dir='ltr'><strong>illaut</strong></span> <span class='ocrx_word' id='word_1_752' title='bbox 2171 4660 2647 4728; x_wconf 77' lang='lat' dir='ltr'><strong>sanctiﬁcationem</strong></span> <span class='ocrx_word' id='word_1_753' title='bbox 2686 4659 2984 4726; x_wconf 83' lang='lat' dir='ltr'><strong>declinent,</strong></span> <span class='ocrx_word' id='word_1_754' title='bbox 3065 4670 3344 4731; x_wconf 85' lang='lat' dir='ltr'><strong>postquam</strong></span> <span class='ocrx_word' id='word_1_755' title='bbox 3385 4661 3544 4715; x_wconf 83' lang='lat' dir='ltr'><strong>semel</strong></span> 
     </span>
    </p>
   </div>
   <div class='ocr_carea' id='block_1_107' title="bbox 1962 4751 3548 4808">
    <p class='ocr_par' dir='ltr' id='par_1_107' title="bbox 1962 4751 3548 4808">
     <span class='ocr_line' id='line_1_107' title="bbox 1962 4751 3548 4808; baseline 0.001 0"><span class='ocrx_word' id='word_1_756' title='bbox 1962 4751 2339 4808; x_wconf 83' lang='lat' dir='ltr'><strong>intercalatum</strong></span> <span class='ocrx_word' id='word_1_757' title='bbox 2381 4762 2480 4806; x_wconf 85' lang='lat' dir='ltr'><strong>est.</strong></span> <span class='ocrx_word' id='word_1_758' title='bbox 2527 4751 2717 4805; x_wconf 77' lang='lat' dir='ltr'><strong>Verum</strong></span> <span class='ocrx_word' id='word_1_759' title='bbox 2757 4754 2804 4805; x_wconf 91' lang='lat' dir='ltr'><strong>si</strong></span> <span class='ocrx_word' id='word_1_760' title='bbox 2841 4761 2994 4807; x_wconf 84' lang='lat' dir='ltr'><strong>testes</strong></span> <span class='ocrx_word' id='word_1_761' title='bbox 3038 4754 3122 4807; x_wconf 92' lang='lat' dir='ltr'><strong>illi</strong></span> <span class='ocrx_word' id='word_1_762' title='bbox 3155 4755 3210 4807; x_wconf 90' lang='lat' dir='ltr'><strong>in</strong></span> <span class='ocrx_word' id='word_1_763' title='bbox 3245 4754 3548 4808; x_wconf 73' lang='lat' dir='ltr'><strong>testimonio</strong></span> 
     </span>
    </p>
   </div>
   <div class='ocr_carea' id='block_1_108' title="bbox 1962 4842 3541 4913">
    <p class='ocr_par' dir='ltr' id='par_1_108' title="bbox 1962 4842 3541 4913">
     <span class='ocr_line' id='line_1_108' title="bbox 1962 4842 3541 4913; baseline -0.004 -13"><span class='ocrx_word' id='word_1_764' title='bbox 1962 4863 2058 4901; x_wconf 91' lang='lat' dir='ltr'><strong>suo</strong></span> <span class='ocrx_word' id='word_1_765' title='bbox 2089 4853 2387 4899; x_wconf 89' lang='lat' dir='ltr'><strong>constantes</strong></span> <span class='ocrx_word' id='word_1_766' title='bbox 2434 4842 2656 4912; x_wconf 78' lang='lat' dir='ltr'><strong>fuerint,</strong></span> <span class='ocrx_word' id='word_1_767' title='bbox 2690 4843 2847 4913; x_wconf 87' lang='lat' dir='ltr'><strong>idque</strong></span> <span class='ocrx_word' id='word_1_768' title='bbox 2878 4861 3054 4898; x_wconf 79' lang='lat' dir='ltr'><strong>rerum</strong></span> <span class='ocrx_word' id='word_1_769' title='bbox 3102 4845 3314 4896; x_wconf 88' lang='lat' dir='ltr'><strong>omnino</strong></span> <span class='ocrx_word' id='word_1_770' title='bbox 3353 4843 3541 4912; x_wconf 81' lang='lat' dir='ltr'><strong>depre-</strong></span> 
     </span>
    </p>
   </div>
   <div class='ocr_carea' id='block_1_109' title="bbox 1961 4935 3545 5006">
    <p class='ocr_par' dir='ltr' id='par_1_109' title="bbox 1961 4935 3545 5006">
     <span class='ocr_line' id='line_1_109' title="bbox 1961 4935 3545 5006; baseline -0.004 -16"><span class='ocrx_word' id='word_1_771' title='bbox 1961 4939 2178 4992; x_wconf 83' lang='lat' dir='ltr'><strong>hensum</strong></span> <span class='ocrx_word' id='word_1_772' title='bbox 2210 4937 2408 5006; x_wconf 82' lang='lat' dir='ltr'><strong>fuerit;</strong></span> <span class='ocrx_word' id='word_1_773' title='bbox 2448 4937 2537 4990; x_wconf 87' lang='lat' dir='ltr'><strong>sed</strong></span> <span class='ocrx_word' id='word_1_774' title='bbox 2581 4947 2629 4990; x_wconf 91' lang='lat' dir='ltr'><strong>et</strong></span> <span class='ocrx_word' id='word_1_775' title='bbox 2667 4937 2766 5004; x_wconf 79' lang='lat' dir='ltr'><strong>ipsi</strong></span> <span class='ocrx_word' id='word_1_776' title='bbox 2814 4945 2966 4990; x_wconf 88' lang='lat' dir='ltr'><strong>testes</strong></span> <span class='ocrx_word' id='word_1_777' title='bbox 3008 4936 3121 4990; x_wconf 88' lang='lat' dir='ltr'><strong>noti</strong></span> <span class='ocrx_word' id='word_1_778' title='bbox 3155 4953 3216 4988; x_wconf 91' lang='lat' dir='ltr'><strong>ac</strong></span> <span class='ocrx_word' id='word_1_779' title='bbox 3260 4935 3545 5003; x_wconf 73' lang='lat' dir='ltr'><strong>prudentes</strong></span> 
     </span>
    </p>
   </div>
   <div class='ocr_carea' id='block_1_110' title="bbox 1961 5023 3542 5097">
    <p class='ocr_par' dir='ltr' id='par_1_110' title="bbox 1961 5023 3542 5097">
     <span class='ocr_line' id='line_1_110' title="bbox 1961 5023 3542 5097; baseline -0.004 -16"><span class='ocrx_word' id='word_1_780' title='bbox 1961 5031 2102 5092; x_wconf 86' lang='lat' dir='ltr'><strong>sint;</strong></span> <span class='ocrx_word' id='word_1_781' title='bbox 2138 5044 2200 5080; x_wconf 86' lang='lat' dir='ltr'><strong>ac</strong></span> <span class='ocrx_word' id='word_1_782' title='bbox 2226 5028 2449 5097; x_wconf 83' lang='lat' dir='ltr'><strong>denique</strong></span> <span class='ocrx_word' id='word_1_783' title='bbox 2474 5029 2598 5090; x_wconf 89' lang='lat' dir='ltr'><strong>rite,</strong></span> <span class='ocrx_word' id='word_1_784' title='bbox 2637 5038 2684 5081; x_wconf 91' lang='lat' dir='ltr'><strong>et</strong></span> <span class='ocrx_word' id='word_1_785' title='bbox 2718 5037 2775 5080; x_wconf 89' lang='lat' dir='ltr'><strong>ut</strong></span> <span class='ocrx_word' id='word_1_786' title='bbox 2805 5044 2905 5095; x_wconf 88' lang='lat' dir='ltr'><strong>par</strong></span> <span class='ocrx_word' id='word_1_787' title='bbox 2939 5037 3014 5080; x_wconf 88' lang='lat' dir='ltr'><strong>est</strong></span> <span class='ocrx_word' id='word_1_788' title='bbox 3057 5027 3388 5093; x_wconf 73' lang='lat' dir='ltr'><strong>exploratum</strong></span> <span class='ocrx_word' id='word_1_789' title='bbox 3419 5023 3542 5075; x_wconf 81' lang='lat' dir='ltr'><strong>illo-</strong></span> 
     </span>
    </p>
   </div>
   <div class='ocr_carea' id='block_1_111' title="bbox 1962 5113 3539 5183">
    <p class='ocr_par' dir='ltr' id='par_1_111' title="bbox 1962 5113 3539 5183">
     <span class='ocr_line' id='line_1_111' title="bbox 1962 5113 3539 5183; baseline -0.003 -16"><span class='ocrx_word' id='word_1_790' title='bbox 1962 5131 2081 5167; x_wconf 88' lang='lat' dir='ltr'><strong>rum</strong></span> <span class='ocrx_word' id='word_1_791' title='bbox 2113 5114 2473 5167; x_wconf 84' lang='lat' dir='ltr'><strong>testimonium</strong></span> <span class='ocrx_word' id='word_1_792' title='bbox 2506 5115 2688 5182; x_wconf 76' lang='lat' dir='ltr'><strong>fuerit,</strong></span> <span class='ocrx_word' id='word_1_793' title='bbox 2721 5114 2785 5168; x_wconf 84' lang='lat' dir='ltr'><strong>de</strong></span> <span class='ocrx_word' id='word_1_794' title='bbox 2828 5115 3031 5183; x_wconf 86' lang='lat' dir='ltr'><strong>integro</strong></span> <span class='ocrx_word' id='word_1_795' title='bbox 3072 5113 3394 5166; x_wconf 76' lang='lat' dir='ltr'><strong>neonirniam</strong></span> <span class='ocrx_word' id='word_1_796' title='bbox 3446 5113 3539 5164; x_wconf 84' lang='lat' dir='ltr'><strong>de-</strong></span> 
     </span>
    </p>
   </div>
   <div class='ocr_carea' id='block_1_112' title="bbox 1962 5201 3542 5274">
    <p class='ocr_par' dir='ltr' id='par_1_112' title="bbox 1962 5201 3542 5274">
     <span class='ocr_line' id='line_1_112' title="bbox 1962 5201 3542 5274; baseline -0.003 -15"><span class='ocrx_word' id='word_1_797' title='bbox 1962 5206 2180 5274; x_wconf 78' lang='lat' dir='ltr'><strong>finiunt,</strong></span> <span class='ocrx_word' id='word_1_798' title='bbox 2210 5221 2272 5256; x_wconf 88' lang='lat' dir='ltr'><strong>ac</strong></span> <span class='ocrx_word' id='word_1_799' title='bbox 2305 5221 2533 5258; x_wconf 75' lang='lat' dir='ltr'><strong>mensem</strong></span> <span class='ocrx_word' id='word_1_800' title='bbox 2580 5205 2733 5258; x_wconf 87' lang='lat' dir='ltr'><strong>illum</strong></span> <span class='ocrx_word' id='word_1_801' title='bbox 2770 5214 3116 5264; x_wconf 70' lang='lat' dir='ltr'><strong>retexente:,a</strong></span> <span class='ocrx_word' id='word_1_802' title='bbox 3161 5201 3425 5254; x_wconf 84' lang='lat' dir='ltr'><strong>tricesimo</strong></span> <span class='ocrx_word' id='word_1_803' title='bbox 3455 5203 3542 5254; x_wconf 84' lang='lat' dir='ltr'><strong>die</strong></span> 
     </span>
    </p>
   </div>
   <div class='ocr_carea' id='block_1_113' title="bbox 1961 5293 3532 5366">
    <p class='ocr_par' dir='ltr' id='par_1_113' title="bbox 1961 5293 3532 5366">
     <span class='ocr_line' id='line_1_113' title="bbox 1961 5293 3532 5366; baseline -0.004 -16"><span class='ocrx_word' id='word_1_804' title='bbox 1961 5296 2246 5366; x_wconf 82' lang='lat' dir='ltr'><strong>superioris</strong></span> <span class='ocrx_word' id='word_1_805' title='bbox 2277 5306 2586 5364; x_wconf 85' lang='lat' dir='ltr'><strong>computare</strong></span> <span class='ocrx_word' id='word_1_806' title='bbox 2632 5297 2742 5348; x_wconf 88' lang='lat' dir='ltr'><strong>dies</strong></span> <span class='ocrx_word' id='word_1_807' title='bbox 2785 5293 2932 5346; x_wconf 89' lang='lat' dir='ltr'><strong>iltius</strong></span> <span class='ocrx_word' id='word_1_808' title='bbox 2974 5293 3270 5361; x_wconf 74' lang='lat' dir='ltr'><strong>incipiunt:</strong></span> <span class='ocrx_word' id='word_1_809' title='bbox 3298 5293 3532 5362; x_wconf 85' lang='lat' dir='ltr'><strong>quando-</strong></span> 
     </span>
    </p>
   </div>
   <div class='ocr_carea' id='block_1_114' title="bbox 1961 5383 3538 5459">
    <p class='ocr_par' dir='ltr' id='par_1_114' title="bbox 1961 5383 3538 5459">
     <span class='ocr_line' id='line_1_114' title="bbox 1961 5383 3538 5459; baseline -0.003 -17"><span class='ocrx_word' id='word_1_810' title='bbox 1961 5390 2170 5459; x_wconf 84' lang='lat' dir='ltr'><strong>quidem</strong></span> <span class='ocrx_word' id='word_1_811' title='bbox 2199 5405 2297 5440; x_wconf 88' lang='lat' dir='ltr'><strong>sua</strong></span> <span class='ocrx_word' id='word_1_812' title='bbox 2327 5390 2381 5440; x_wconf 90' lang='lat' dir='ltr'><strong>in</strong></span> <span class='ocrx_word' id='word_1_813' title='bbox 2413 5397 2562 5440; x_wconf 85' lang='lat' dir='ltr'><strong>nocte</strong></span> <span class='ocrx_word' id='word_1_814' title='bbox 2590 5389 2718 5438; x_wconf 88' lang='lat' dir='ltr'><strong>luna</strong></span> <span class='ocrx_word' id='word_1_815' title='bbox 2754 5397 3032 5453; x_wconf 83' lang='lat' dir='ltr'><strong>conspecta</strong></span> <span class='ocrx_word' id='word_1_816' title='bbox 3058 5394 3156 5438; x_wconf 83' lang='lat' dir='ltr'><strong>est.</strong></span> <span class='ocrx_word' id='word_1_817' title='bbox 3189 5383 3538 5438; x_wconf 76' lang='lat' dir='ltr'><strong>Manifestum</strong></span> 
     </span>
    </p>
   </div>
   <div class='ocr_carea' id='block_1_115' title="bbox 1961 5472 3540 5541">
    <p class='ocr_par' dir='ltr' id='par_1_115' title="bbox 1961 5472 3540 5541">
     <span class='ocr_line' id='line_1_115' title="bbox 1961 5472 3540 5541; baseline -0.003 -12"><span class='ocrx_word' id='word_1_818' title='bbox 1961 5482 2045 5529; x_wconf 84' lang='lat' dir='ltr'><strong>est</strong></span> <span class='ocrx_word' id='word_1_819' title='bbox 2066 5491 2131 5528; x_wconf 75' lang='lat' dir='ltr'><strong>ex</strong></span> <span class='ocrx_word' id='word_1_820' title='bbox 2156 5475 2296 5539; x_wconf 92' lang='lat' dir='ltr'><strong>loco,</strong></span> <span class='ocrx_word' id='word_1_821' title='bbox 2325 5473 2534 5528; x_wconf 82' lang='lat' dir='ltr'><strong>Christi</strong></span> <span class='ocrx_word' id='word_1_822' title='bbox 2561 5472 2773 5525; x_wconf 88' lang='lat' dir='ltr'><strong>Domini</strong></span> <span class='ocrx_word' id='word_1_823' title='bbox 2807 5481 3049 5541; x_wconf 89' lang='lat' dir='ltr'><strong>tempore</strong></span> <span class='ocrx_word' id='word_1_824' title='bbox 3091 5472 3407 5527; x_wconf 87' lang='lat' dir='ltr'><strong>neomenias</strong></span> <span class='ocrx_word' id='word_1_825' title='bbox 3429 5486 3540 5525; x_wconf 89' lang='lat' dir='ltr'><strong>non</strong></span> 
     </span>
    </p>
   </div>
   <div class='ocr_carea' id='block_1_116' title="bbox 1963 5561 3535 5630">
    <p class='ocr_par' dir='ltr' id='par_1_116' title="bbox 1963 5561 3535 5630">
     <span class='ocr_line' id='line_1_116' title="bbox 1963 5561 3535 5630; baseline 0.001 -13"><span class='ocrx_word' id='word_1_826' title='bbox 1963 5573 2071 5618; x_wconf 91' lang='lat' dir='ltr'><strong>tam</strong></span> <span class='ocrx_word' id='word_1_827' title='bbox 2105 5574 2253 5619; x_wconf 90' lang='lat' dir='ltr'><strong>certo</strong></span> <span class='ocrx_word' id='word_1_828' title='bbox 2282 5563 2602 5617; x_wconf 76' lang='lat' dir='ltr'><strong>constitutas</strong></span> <span class='ocrx_word' id='word_1_829' title='bbox 2627 5561 2820 5626; x_wconf 88' lang='lat' dir='ltr'><strong>fuisse,</strong></span> <span class='ocrx_word' id='word_1_830' title='bbox 2859 5574 2914 5616; x_wconf 92' lang='lat' dir='ltr'><strong>ut</strong></span> <span class='ocrx_word' id='word_1_831' title='bbox 2950 5579 3056 5615; x_wconf 89' lang='lat' dir='ltr'><strong>non</strong></span> <span class='ocrx_word' id='word_1_832' title='bbox 3086 5563 3168 5617; x_wconf 89' lang='lat' dir='ltr'><strong>vel</strong></span> <span class='ocrx_word' id='word_1_833' title='bbox 3198 5563 3392 5618; x_wconf 73' lang='lat' dir='ltr'><strong>aﬂ‘ccto</strong></span> <span class='ocrx_word' id='word_1_834' title='bbox 3421 5563 3535 5630; x_wconf 84' lang='lat' dir='ltr'><strong>jam</strong></span> 
     </span>
    </p>
   </div>
   <div class='ocr_carea' id='block_1_117' title="bbox 1962 5653 3539 5719">
    <p class='ocr_par' dir='ltr' id='par_1_117' title="bbox 1962 5653 3539 5719">
     <span class='ocr_line' id='line_1_117' title="bbox 1962 5653 3539 5719; baseline 0 -11"><span class='ocrx_word' id='word_1_835' title='bbox 1962 5671 2149 5711; x_wconf 90' lang='lat' dir='ltr'><strong>mense</strong></span> <span class='ocrx_word' id='word_1_836' title='bbox 2173 5665 2437 5716; x_wconf 81' lang='lat' dir='ltr'><strong>retexere,</strong></span> <span class='ocrx_word' id='word_1_837' title='bbox 2465 5669 2528 5708; x_wconf 88' lang='lat' dir='ltr'><strong>ac</strong></span> <span class='ocrx_word' id='word_1_838' title='bbox 2568 5663 2864 5708; x_wconf 84' lang='lat' dir='ltr'><strong>retractare</strong></span> <span class='ocrx_word' id='word_1_839' title='bbox 2900 5653 3109 5708; x_wconf 85' lang='lat' dir='ltr'><strong>licitum</strong></span> <span class='ocrx_word' id='word_1_840' title='bbox 3153 5664 3332 5719; x_wconf 80' lang='lat' dir='ltr'><strong>esset,</strong></span> <span class='ocrx_word' id='word_1_841' title='bbox 3370 5654 3539 5708; x_wconf 87' lang='lat' dir='ltr'><strong>adeo-</strong></span> 
     </span>
    </p>
   </div>
   <div class='ocr_carea' id='block_1_118' title="bbox 1961 5745 3544 5818">
    <p class='ocr_par' dir='ltr' id='par_1_118' title="bbox 1961 5745 3544 5818">
     <span class='ocr_line' id='line_1_118' title="bbox 1961 5745 3544 5818; baseline 0.001 -17"><span class='ocrx_word' id='word_1_842' title='bbox 1961 5762 2070 5818; x_wconf 90' lang='lat' dir='ltr'><strong>que</strong></span> <span class='ocrx_word' id='word_1_843' title='bbox 2113 5746 2487 5802; x_wconf 86' lang='lat' dir='ltr'><strong>solemnitatcs</strong></span> <span class='ocrx_word' id='word_1_844' title='bbox 2531 5746 2703 5816; x_wconf 83' lang='lat' dir='ltr'><strong>ipsas,</strong></span> <span class='ocrx_word' id='word_1_845' title='bbox 2736 5761 2859 5817; x_wconf 71' lang='lat' dir='ltr'><strong>quze</strong></span> <span class='ocrx_word' id='word_1_846' title='bbox 2900 5761 2931 5801; x_wconf 88' lang='lat' dir='ltr'><strong>a</strong></span> <span class='ocrx_word' id='word_1_847' title='bbox 2968 5745 3178 5802; x_wconf 85' lang='lat' dir='ltr'><strong>mensis</strong></span> <span class='ocrx_word' id='word_1_848' title='bbox 3201 5747 3378 5818; x_wconf 82' lang='lat' dir='ltr'><strong>capite</strong></span> <span class='ocrx_word' id='word_1_849' title='bbox 3407 5762 3544 5815; x_wconf 79' lang='lat' dir='ltr'><strong>pcn-</strong></span> 
     </span>
    </p>
   </div>
  </div>
