3994 6222
451 339 555 397 987

1543 331 1889 390 APPENDIX
1928 329 2556 390 DISSERTATIONUM.

3618 337 3725 393 988

453 457 667 517 derent,
702 452 754 505 in
796 451 935 505 alios
975 448 1093 504 dics
1141 447 1418 503 incidisse.
1459 447 1641 519 Quare
1677 464 1800 503 eum
1851 455 2025 501 totum
2062 452 2107 508 Α
2134 450 2385 504 ctoritatc
2413 451 2682 515 nituntur,
2717 447 2976 511 Matthzei,
3004 448 3167 504 Marci
3223 465 3287 504 ac
3325 449 3504 505 Lucra.
3550 451 3710 516 Quo-

457 546 562 600 hoc
590 543 868 613 negotium
922 555 1207 610 perperam
1232 555 1263 594 a
1294 540 1674 618 stolidissimis
1704 541 2038 611 magistrati-

456 637 578 698 bus,
605 644 659 689 et
685 641 876 688 contra
897 631 1167 702 majorum
1193 631 1332 686 ritus
1359 631 1859 693 administraretur,
1888 646 2040 700 gras-

455 737 612 782 sante
645 725 1055 795 superstitione,
1089 724 1639 793 corruptissimisque
1678 723 2035 794 temporibus,

453 816 749 870 verisimile
784 826 868 871 est
907 815 1123 885 aliquos
1167 824 1432 884 repertos,
1471 815 1564 885 qui
1605 815 1745 870 hanc
1785 831 2041 870 caeremo-

454 909 710 970 niarum,
757 909 1074 977 rituumque
1115 907 1616 977 perturbationem,
1663 919 1935 976 quatenus
1981 910 2034 962 in

456 997 591 1068 ipsis
631 1006 782 1060 erat,
829 998 1122 1052 emendare
1170 997 1476 1063 studerent,
1523 1007 1577 1052 et
1617 1014 1738 1067 qua:
1785 999 2034 1068 privatim

455 1090 609 1141 obire
641 1096 893 1157 poterant
927 1103 1084 1142 sacra
1132 1088 1392 1158 legitimis
1443 1089 1780 1158 temporibus
1817 1091 2039 1158 perlice-

454 1189 594 1234 rent.
629 1179 951 1249 Cujusmodi
993 1180 1269 1248 paschalis
1312 1180 1434 1250 agni
1485 1196 1642 1235 caena
1679 1179 1780 1236 fuit
1825 1198 2034 1251 :quam

455 1287 600 1325 anno
626 1287 740 1326 suae
771 1270 1048 1326 Passionis
1079 1271 1331 1326 Christus
1373 1288 1498 1326 cum
1552 1273 1837 1342 apostolis,
1871 1285 2036 1344 atque

455 1363 579 1416 aliis
605 1364 769 1417 etiam
806 1363 1040 1418 fortasse
1059 1362 1259 1418 Judteis
1288 1364 1486 1434 pridie,
1505 1380 1668 1434 quam
1692 1365 1872 1420 caeteri
1901 1381 2037 1436 pra:-

458 1459 679 1518 postere
727 1451 778 1504 id
829 1450 1092 1518 facerent,
1133 1468 1400 1522 usurpare
1453 1454 1666 1507 maluit.
1704 1453 1890 1524 Neque
1934 1456 2036 1511 hoc

455 1540 642 1602 unius,
684 1541 979 1595 alteriusve
1022 1542 1128 1595 diei
1163 1543 1460 1596 discrimen
1509 1543 1885 1599 admirabilius
1915 1561 2036 1600 esse

453 1629 637 1695 debet,
673 1646 838 1700 quam
867 1631 1010 1699 quod
1037 1631 1368 1686 Christianis
1403 1631 1536 1700 ipsis
1573 1647 1680 1684 non
1720 1633 1882 1687 modo
1911 1644 2037 1690 ante

457 1715 691 1775 Victoris
735 1736 886 1790 papa:
921 1721 1223 1787 decretum,
1266 1731 1361 1775 aut
1389 1720 1668 1778 Nicamum
1703 1724 2031 1788 concilium;

2147 557 2266 595 rum
2315 541 2524 610 prinms
2576 557 2694 610 cap.
2754 558 2901 606 xxvi,
2934 541 2966 595 5
3002 561 3014 595 :
3065 543 3142 612 Τῇ
3185 537 3246 594 δὲ
3281 541 3491 615 πρώτῃ,
3523 543 3721 611 inquit,

2143 631 2252 684 τῶν
2293 631 2542 702 Ἀζὺμων
2579 631 2882 702 προσῆλθον
2909 632 2956 684 οἱ
2977 631 3238 702 μαθηταὶ,
3273 632 3452 684 Prima
3483 633 3568 684 die
3597 648 3732 699 azy-

2144 741 2347 776 morum
2378 734 2704 777 accesserunt
2730 723 3018 792 discipuli;
3050 723 3265 777 Marcus
3298 740 3424 777 vero
3455 739 3578 792 cap.
3617 740 3729 787 xlv,

2147 815 2214 866 12
2235 833 2246 868 :
2270 815 2378 867 Καὶ
2401 817 2465 886 τῇ
2491 812 2679 885 πρώτῃ
2700 813 2883 883 ἡμέρᾳ
2909 812 3017 866 τῶν
3055 812 3324 883 Ἀζύμων,
3348 815 3435 865 ὅτε
3458 813 3519 866 τὸ
3537 814 3733 882 Πάσχα

2145 902 2322 965 ἔθυον,
2359 902 2545 956 l’rinta
2569 903 2654 956 die
2686 917 3030 970 azymorum,
3065 903 3274 970 quando
3304 902 3516 955 Pascha
3556 905 3731 955 sarri-

2143 996 2374 1062 [irabnnt
2394 1009 2412 1057 ;
2435 994 2667 1063 denique
2685 992 2862 1047 Lucas
2891 1008 3010 1062 cap.
3043 1009 3133 1057 xx,
3161 993 3193 1042 7
3220 1010 3234 1046 :
3263 988 3433 1044 ἹΙλΘε
3462 991 3518 1044 δὲ
3541 993 3733 1061 ἡμέρα.

2142 1087 2250 1138 τῶν
2287 1085 2409 1151 Ἀζύ
2419 1103 2555 1156 μων,
2586 1088 2643 1138 ὲν
2734 1085 2841 1137 ἔδει
2869 1083 3089 1137 θύεσθαι
3121 1083 3182 1136 τὸ
3211 1085 3422 1154 Πάσχα,
3447 1083 3595 1137 Venit
3613 1085 3731 1138 dies

2142 1193 2474 1247 azymorum,
2502 1179 2559 1229 in
2587 1193 2690 1246 qua
2726 1177 2998 1245 oportebat
3043 1176 3321 1228 immolare
3349 1174 3579 1229 Pascha.
3610 1175 3730 1228 Ma-

2142 1268 2338 1323 nifeste
2379 1268 2607 1338 primam
2645 1269 2975 1338 Azymurum
3002 1267 3293 1336 appellant,
3324 1283 3448 1336 qum
3480 1282 3510 1320 a
3538 1283 3731 1336 vespe-

2142 1375 2201 1414 ra
2223 1359 2369 1414 feriae
2393 1376 2422 1412 v
2449 1360 2630 1428 etepit,
2661 1375 2767 1428 qua
2803 1359 2891 1412 die
2921 1355 3128 1412 Pascha
3173 1360 3239 1412 de
3271 1375 3426 1413 more
3478 1359 3547 1411 ab
3593 1373 3732 1426 apo-

2142 1451 2299 1506 stolis
2349 1459 2750 1520 przeparatum,
2803 1461 2853 1505 et
2906 1449 3288 1518 patrifamilias
3341 1450 3728 1504 denuntiatum

2141 1544 2375 1597 videtur.

2211 1633 2314 1686 Alii
2342 1649 2490 1694 vero,
2516 1631 2607 1701 qui
2634 1648 2758 1686 cum
2791 1630 3122 1701 Epiphanio,
3159 1633 3484 1698 cauet-isque
3511 1634 3698 1701 gravis
3721 1664 3730 1673 -

2143 1725 2295 1781 simis
2344 1725 2704 1792 scriptoribus
2761 1733 2960 1790 negant
2993 1723 3182 1776 eodem
3224 1722 3310 1776 die
3346 1721 3556 1776 Pascha
3581 1728 3731 1777 cele-

453 1825 641 1864 verurn
685 1811 848 1864 etiam
884 1812 1096 1882 aliquot
1137 1822 1322 1882 postea
1371 1814 1589 1870 saeculis
1633 1817 1851 1883 accidit,
1883 1826 1942 1872 ut
1976 1819 2030 1872 in
2063 1811 2105 1865 Β
2134 1818 2372 1880 bratum,
2418 1815 2649 1870 Joannis
2712 1815 3087 1869 testimonium
3149 1812 3470 1883 proferunt;
3523 1816 3616 1884 qui
3674 1815 3728 1867 id

455 1901 875 1971 religiosissima
915 1902 1202 1958 Paschalis
1232 1905 1544 1961 celebritate
1572 1923 1683 1962 uno
1715 1909 2034 1980 plerumque

455 2007 666 2055 mense,
702 2007 1096 2064 nonnunquam
1127 1995 1320 2051 diebus
1350 2012 1446 2059 vn,
1485 2012 1516 2052 a
1568 2013 1624 2052 se
1656 1998 1884 2055 invicem
1924 2001 2032 2055 dif-

456 2080 681 2135 ferrent.
720 2081 794 2137 De
825 2100 936 2152 quo
969 2086 1230 2140 nonnulla
1268 2087 1333 2141 ad
1369 2085 1657 2157 Nicephori
1692 2088 2031 2146 Breviarium

458 2176 512 2227 in
539 2174 860 2248 Προοεωρίᾳ
884 2178 1014 2232 olim
1044 2179 1444 2236 adnotavimus.
1476 2181 1576 2236 Ubi
1606 2200 1714 2238 non
1744 2185 1918 2239 solum
1950 2186 2034 2239 in-

454 2277 535 2320 tcr
570 2269 874 2334 luereticos,
907 2269 1019 2323 sive
1047 2269 1575 2335 Quartadecimanos
1615 2283 1667 2328 et
1701 2276 2029 2342 catholicos,

452 2357 545 2410 sed
574 2357 714 2410 inter
743 2359 1082 2415 orthodoxos
1112 2360 1260 2429 ipsos
1291 2360 1551 2433 ﬂagrasse
1575 2364 1888 2421 istiusmodi
1921 2367 2034 2424 dis-

452 2447 591 2501 sidia
627 2449 851 2518 planum
889 2448 1143 2505 fecimus.

456 2561 646 2616 Utrum
679 2563 923 2619 Christus
953 2565 1133 2619 eodem
1159 2582 1260 2633 quo
1289 2563 1472 2620 Juda’i
1493 2569 1670 2622 caueri
1699 2569 1783 2623 die
1817 2567 2033 2624 Pascha

1099 2635 1398 2691 celebrarit.

521 2722 806 2777 Celebrem
833 2740 927 2793 per
961 2741 1081 2781 sese
1119 2728 1480 2795 qumstionem
1523 2729 1875 2800 insigniorem
1912 2733 2032 2787 red-

452 2813 588 2868 didit
624 2814 940 2871 Graecorum
973 2815 1406 2889 Latinorumque
1445 2823 1816 2876 contraversia
1858 2841 2031 2878 :nam

453 2904 553 2971 illi,
589 2915 648 2959 ιιι
679 2922 792 2960 suae
825 2907 892 2962 de
927 2906 1256 2965 fermentato
1284 2926 1425 2980 pane
1469 2914 1755 2967 sententia:
1791 2915 2032 2984 patroci-

454 3007 675 3062 nentur,
702 2998 981 3053 Christum
1013 2999 1308 3055 Dominum
1339 3018 1446 3057 non
1489 3004 1618 3058 luna
1654 3021 1764 3070 xlv,
1796 3008 1888 3062 sed
1909 3025 2030 3076 xm,

451 3087 663 3144 Pascha
689 3092 871 3162 egisse
902 3094 1347 3162 pertinacissime
1375 3095 1700 3162 defendunt,
1728 3117 1852 3154 cum
1887 3117 2030 3156 non-

449 3181 580 3236 dqu
619 3181 792 3238 Judaei
844 3186 1054 3257 azymis
1103 3197 1410 3243 uterentur.
1459 3189 1658 3244 Contra
1711 3191 1914 3260 Latini,
1961 3209 2031 3250 ne

453 3271 558 3326 hoc
588 3272 694 3328 sibi
736 3279 803 3328 de
834 3275 1053 3330 Domini
1084 3280 1335 3348 exemplo
1369 3282 1683 3349 praesidium
1715 3285 2031 3354 extorqueri

453 3361 720 3424 sinerent,
765 3374 1039 3434 negarunt
1081 3367 1210 3432 alio,
1261 3384 1427 3437 quam
1463 3387 1572 3438 quo
1614 3369 1785 3426 Judaei
1825 3376 2029 3441 caeteri,

451 3452 558 3515 die,
594 3453 894 3522 legitimum
924 3472 1124 3524 agnum
1157 3461 1481 3526 comedisse,
1520 3464 1624 3517 hoc
1667 3476 1752 3518 est
1784 3482 1873 3519 xtv
1904 3467 2032 3522 luna

454 3543 558 3597 sub
592 3559 892 3612 vesperam.
937 3546 1043 3601 Sed
1073 3549 1174 3602 ista
1204 3550 1466 3606 Graecula:
1499 3552 1648 3609 ftecis
1675 3557 1880 3626 Opinio,
1904 3574 2035 3627 qua-

455 3643 614 3688 tenus
639 3635 921 3692 Christum
961 3639 1079 3694 sine
1113 3643 1320 3712 azymis
1347 3645 1654 3701 celebrasse
1699 3646 1908 3704 Pascha
1932 3651 2030 3704 do-

452 3735 559 3787 cet,
587 3727 817 3782 inscitia:
841 3738 895 3783 et
914 3731 1273 3788 absurditatis
1294 3734 1457 3790 habet
1480 3737 1797 3806 plurimum.
1818 3739 2031 3796 Etenim

453 3839 788 3894 quocunque
837 3826 1054 3880 tandem
1100 3827 1188 3883 die
1248 3828 1456 3885 Pascha
1513 3832 1764 3889 Christus
1810 3835 2028 3901 ohierit,

453 3929 579 3968 cum
616 3932 721 3968 una
753 3926 807 3970 et
830 3917 1162 3988 Azymorum
1187 3919 1510 3976 solemnitas
1531 3921 1821 3978 delibanda
1843 3923 2028 3988 fuerit,

453 4021 563 4059 non
615 4006 791 4076 magis
841 4006 960 4062 sine
1005 4010 1214 4078 azymis
1260 4011 1456 4079 potuit,
1497 4028 1658 4082 quam
1709 4017 1827 4070 sine
1867 4031 2028 4086 agno,

453 4097 685 4152 solemni
737 4098 865 4153 huic
909 4099 1158 4168 religioni
1233 4101 1571 4159 satisfacere.
1625 4104 1860 4162 Proinde
1921 4124 2032 4162 non

455 4185 779 4240 fermentato
820 4203 954 4242 ttsus
987 4198 1092 4252 cst,
1127 4205 1194 4243 ne
1243 4191 1438 4259 legem,
1483 4193 1642 4264 cujus
1673 4205 1868 4250 auctor
1893 4205 2030 4263 erat,

452 4275 792 4347 infringeret.
829 4278 936 4333 Sed
985 4295 1161 4349 neque
1203 4297 1386 4336 verum
1433 4296 1538 4350 est,
1571 4286 1716 4354 quod
1747 4286 1942 4351 Graeci,
1981 4300 2034 4344 et

452 4366 592 4420 inter
616 4379 842 4425 exteros
889 4372 1191 4435 Cedreuus,
1232 4388 1296 4427 ac
1343 4373 1684 4446 Nicephorus
1729 4379 2028 4445 affirmant,

2136 1917 2337 1978 aperte,
2373 1923 2436 1962 ac
2467 1908 2600 1962 citra
2641 1907 2899 1976 ambages
2942 1906 3214 1973 signiliCat
3248 1921 3260 1954 :
3311 1905 3548 1973 primutn
3597 1921 3726 1974 ettp.

2135 1999 2295 2064 xttt,l
2325 2015 2339 2052 :
2369 1997 2482 2067 Πρὸ
2520 1997 2618 2067 τῆς
2640 1995 2833 2066 ἑορτῆς
2856 1994 2948 2047 τοῦ
2976 1994 3187 2064 Πάσχα,
3216 1995 3406 2048 scribit
3438 1995 3726 2048 Christum

2133 2091 2390 2159 paschale
2432 2103 2531 2144 suo
2565 2087 2882 2142 defunctum
2914 2127 2928 2149 ,
2980 2088 3030 2140 id
3076 2097 3160 2140 est
3193 2089 3328 2140 Ante
3375 2086 3570 2154 festum
3613 2086 3727 2138 Pa-

2133 2183 2289 2236 scha'.
2327 2180 2456 2235 Item
2487 2196 2608 2250 cap.
2647 2197 2807 2243 xvm,
2836 2179 2928 2240 ‘28,
2957 2177 3176 2232 Judmos
3206 2179 3283 2231 ait
3337 2179 3458 2248 ipso
3499 2179 3588 2232 die
3623 2193 3730 2246 pa-

2133 2251 2382 2328 rascevcs
2411 2270 2614 2340 ingredi
2637 2269 2868 2323 noluisse
2890 2269 3230 2338 prwtorium,
3279 2283 3341 2320 ne
3381 2269 3728 2320 contamina-

2144 2371 2346 2424 rentur,
2379 2361 2470 2415 sed
2491 2373 2545 2412 ut
2569 2359 2892 2412 conuerterent
2933 2358 3156 2411 Pascha.
3196 2358 3277 2410 Ad
3302 2357 3416 2410 haec
3445 2372 3565 2424 cap.
3607 2373 3729 2421 xix,

2136 2455 2220 2510 14:
2256 2455 2386 2508 Erat
2405 2463 2582 2508 autem
2601 2467 2882 2522 parauere
2917 2449 3156 2512 Paschw,
3187 2450 3318 2502 hora
3361 2450 3518 2518 quasi
3551 2463 3729 2502 sexta.

2132 2546 2338 2602 Caetera
2389 2545 2470 2599 vel
2533 2543 2868 2607 testimonia,
2921 2542 3005 2596 vel
3055 2549 3385 2610 argumenta
3438 2551 3724 2608 prictcreo.

2136 2642 2276 2696 Sunt
2305 2641 2448 2696 enim
2478 2640 2580 2695 ista
2624 2640 2922 2710 praecipua.

2201 2731 2322 2788 Jam
2360 2733 2412 2786 in
2450 2740 2602 2787 tanto
2663 2731 2984 2800 cpiuiouum
3026 2729 3528 2798 auctoritalmnque
3583 2742 3724 2781 con-

2133 2824 2302 2887 flictu,
2321 2823 2373 2877 iu
2397 2837 2463 2878 eo
2488 2821 2834 2892 potissimum
2854 2820 3313 2890 acquiesceudum
3335 2820 3546 2887 judico,
3573 2823 3725 2889 quod

2135 2915 2202 2969 iis
2246 2912 2578 2969 testimoniis
2623 2912 2961 2981 approbatur
2989 2951 3002 2974 ,
3057 2926 3178 2980 qua:
3209 2910 3264 2963 in
3299 2910 3529 2963 alteram
3580 2909 3727 2962 trahi

2134 3005 2456 3061 sententiam
2492 3012 2790 3072 nequeant,
2836 3018 2961 3057 cum
3023 3011 3240 3066 cratera,
3292 3017 3415 3069 qua:
3442 3000 3725 3054 contraria

2135 3097 2406 3161 videntur,
2446 3093 2724 3150 conciliari
2758 3094 3130 3162 explicarique
3192 3092 3426 3161 possint.
3473 3091 3542 3144 At
3573 3091 3729 3161 ejus-

2140 3189 2285 3244 modi
2319 3191 2400 3242 cSt
2428 3187 2696 3256 posterior
2729 3185 2841 3251 illa,
2895 3199 3060 3254 quam
3113 3182 3454 3254 Epiphanius
3502 3194 3730 3238 secutus

2134 3288 2236 3344 est,
2262 3279 2529 3334 sententia
2555 3296 2570 3332 :
2601 3277 2688 3332 cui
2715 3293 2820 3332 non
2857 3276 3042 3346 pauci,
3095 3276 3369 3345 iidemque
3396 3275 3728 3329 auctoritate

2134 3382 2186 3426 et
2213 3372 2518 3427 eruditione
2559 3371 2831 3441 principes
2859 3369 3141 3439 suﬂragati
3175 3377 3343 3424 sunt:
3379 3368 3728 3437 maximeque

2135 3462 2338 3518 Paulus
2366 3461 2691 3533 Burgensis;
2727 3459 2931 3516 Paulus
2976 3459 3554 3530 Forosemproniensis
3607 3463 3726 3528 epi-

2135 3569 2367 3622 sc0pus;
2398 3552 2639 3608 Joannes
2660 3551 2915 3616 Lucidus,
2942 3552 3230 3616 Onufrius,
3255 3550 3572 3614 Jauseuius,
3594 3551 3727 3605 Mal-

2135 3646 2370 3700 douatus
2407 3654 2610 3709 noster,
2659 3650 2713 3697 et
2741 3642 2854 3696 alii.
2891 3642 3215 3712 Quanquam
3257 3655 3310 3697 et
3341 3642 3400 3709 ii,
3431 3652 3486 3696 et
3526 3659 3724 3697 omnes

2137 3737 2267 3799 fere,
2295 3737 2387 3806 qui
2437 3737 2699 3790 hactenus
2745 3734 2884 3788 hanc
2930 3734 3247 3803 opinionem
3280 3735 3518 3805 amplexi
3568 3746 3720 3796 sunt,

2134 3831 2200 3884 ad
2233 3821 2512 3899 vulgatam
2538 3827 2684 3882 illam
2712 3826 2974 3882 festorum
3011 3829 3448 3893 translationem,
3474 3841 3528 3884 et
3558 3829 3723 3882 feria-

2136 3935 2256 3972 rutn
2289 3919 2554 3972 delectum
2578 3914 2870 3984 confugere
2892 3917 3090 3984 solent,
3133 3919 3570 3987 existimantque
3609 3918 3719 3986 pri-

2135 4027 2285 4065 mum
2317 4025 2636 4081 azynorum
2665 4009 2809 4064 diem
2859 4025 3140 4078 nunquam
3176 4026 3207 4064 a
3238 4009 3442 4064 Judazis
3496 4010 3631 4064 feria
3666 4025 3718 4061 vr

2134 4100 2488 4156 celebratum.
2519 4099 2721 4156 Verum
2752 4099 2994 4154 nondum
3042 4098 3188 4154 istud
3224 4097 3428 4152 Christi
3465 4106 3714 4166 tempore

2135 4194 2488 4248 coustitutmn
2521 4192 2710 4258 fuisse,
2735 4193 2932 4248 docent
2965 4191 3186 4262 ipsimet
3215 4187 3453 4244 Hebraei.
3483 4189 3563 4243 Ac
3586 4203 3717 4257 pro-

2137 4286 2276 4340 fecto
2307 4287 2352 4340 si
2387 4286 2825 4355 rejiciendarum,
2859 4285 3417 4352 asciscendarumque
3453 4281 3716 4336 feriarum

2135 4377 2406 4432 ordinaria
2438 4365 2627 4432 finisset
2655 4377 2743 4430 illa
2775 4377 2936 4442 ratio,
2973 4386 3137 4446 atque
3166 4374 3235 4429 ab
3270 4375 3542 4428 universis
3567 4390 3719 4427 rece-

453 4456 731 4513 Christum
759 4462 846 4515 die
867 4465 1070 4518 mensis
1094 4482 1212 4532 xui,
1241 4484 1346 4521 non
1386 4483 1475 4521 xtv
1499 4469 1806 4538 paschalem
1830 4473 2032 4527 obiissc
2069 4475 2107 4528 Ι)
2139 4480 2248 4540 pta,
2277 4487 2451 4540 neque
2473 4470 2728 4525 Christus
2755 4469 3038 4530 Dominus.
3064 4485 3166 4525 nec
3183 4470 3274 4524 ulli
3299 4469 3712 4524 omninoJudzei

453 4563 716 4605 cmnam:
767 4569 942 4624 neque
984 4558 1034 4610 id
1085 4557 1424 4628 Epiphanius
1487 4561 1686 4628 sentit;
1745 4572 1803 4616 ιιι
1846 4567 2025 4635 magni

453 4640 675 4708 quidam
707 4644 809 4696 viri
845 4648 1216 4704 crediderunt.
1245 4649 1360 4704 lmo
1405 4668 1532 4706 vero
1565 4654 1726 4706 etiam
1766 4665 1894 4709 ante
1929 4673 2025 4709 xm

453 4734 640 4789 lunam
673 4736 852 4806 egisse
895 4738 1103 4795 Pascha
1139 4745 1351 4807 statuit,
1391 4745 1493 4799 hoc
1531 4755 1617 4800 est
1657 4757 1887 4803 exeunte
1927 4747 2027 4804 Ju-

453 4827 609 4882 daica
639 4827 768 4882 luna
806 4845 906 4892 χιι,
948 4829 1162 4887 Merena
1197 4850 1325 4887 vero
1363 4852 1437 4899 xt,
1472 4847 1531 4890 ut
1569 4853 1670 4891 suo
1701 4838 1820 4892 loco
1849 4839 2029 4894 decla-

452 4926 632 4973 ratum
663 4929 765 4974 est.
803 4919 907 4975 Sed
947 4922 1254 4979 obscuritas
1299 4927 1404 4981 loci
1445 4927 1595 4994 facit,
1637 4939 1696 4982 ut
1727 4929 1792 4982 iis
1833 4947 2028 4986 conce-

451 5011 626 5064 demla
670 5013 824 5065 venia
870 5015 964 5078 sit,
1025 5015 1120 5084 qui
1170 5014 1309 5071 falso
1360 5017 1648 5088 Epiphanii
1703 5023 2023 5076 sententiam

452 5103 790 5172 interpretati
815 5116 964 5162 sunt.
1001 5107 1202 5164 Verum
1237 5113 1440 5166 omissa
1475 5111 1849 5169 Crteeulorum
1889 5132 2026 5170 con--

450 5197 740 5262 troxersia,
776 5214 898 5266 qua:
929 5199 1262 5255 difﬁcultatis
1313 5201 1474 5256 habet
1521 5203 1677 5270 nihil,
1725 5205 1779 5259 in
1815 5207 2024 5278 reliqua

446 5286 595 5340 utnni
649 5291 953 5356 quaestione
1010 5295 1294 5348 tractanda
1345 5310 1412 5349 eo
1469 5295 1746 5353 breviores
1794 5301 2022 5367 erimus,

447 5379 590 5447 quod
621 5381 863 5450 plerique
892 5384 1008 5439 suis
1038 5385 1186 5440 illam
1221 5387 1442 5456 scriptis
1477 5389 1764 5458 diligenter
1789 5393 2026 5460 explica-

449 5477 593 5520 runt.
631 5469 998 5534 Quamobrem
1032 5476 1319 5546 utriusque
1360 5478 1532 5546 partis
1563 5479 1804 5534 rationes
1833 5482 2021 5550 paucis

446 5556 779 5613 mstimanda:
802 5571 950 5616 sunt.

518 5646 621 5716 Qui
651 5650 837 5704 eadem
869 5653 975 5718 die,
1007 5671 1115 5724 qua
1157 5657 1334 5713 Judaei
1375 5660 1579 5723 caueri,
1614 5660 1818 5714 l‘aseha
1875 5665 2020 5718 cele-

452 5734 638 5789 brasse
668 5737 951 5794 Christum
971 5746 1194 5812 volunt,
1225 5751 1678 5815 evangelistarum
1717 5756 1877 5808 trium
1917 5774 2016 5808 au-

2139 4563 2479 4625 ueomcnias,
2538 4561 2814 4631 festosque
2855 4562 2974 4616 dies
3032 4563 3229 4623 aliter,
3265 4577 3430 4630 quam
3461 4577 3525 4614 ex
3581 4562 3713 4631 legis

2138 4655 2294 4710 istius
2329 4653 2642 4723 praescripto
2683 4653 3070 4707 cclcbrasseut.
3101 4651 3220 4706 Non
3256 4654 3402 4707 enim
3450 4669 3710 4722 pra-ceps,

2138 4763 2235 4800 nec
2259 4746 2488 4815 abrupta
2523 4745 2624 4799 fuit
2647 4746 2904 4799 feriarum
2936 4745 3026 4799 illa
3051 4746 3302 4806 mutatio,
3331 4745 3426 4799 sed
3449 4745 3561 4813 jam
3597 4755 3710 4796 ιιιιιι

2137 4837 2188 4889 in
2226 4836 2344 4904 ipso
2375 4835 2501 4889 anui
2550 4834 2725 4903 capite
2751 4835 3022 4903 provideri
3093 4849 3158 4888 ac
3185 4833 3457 4902 designari
3481 4847 3712 4886 consuc-

2134 4937 2302 4981 verat.
2327 4927 2482 4980 Velut
2512 4943 2654 4979 anno
2685 4925 2957 4994 passionis
2980 4926 3182 4980 factum
3215 4940 3335 4979 esse
3361 4939 3425 4976 ex
3454 4923 3712 4992 opinione

2139 5018 2398 5087 Scaligcri
2431 5035 2594 5088 supra
2621 5018 2863 5072 diximus
2903 5035 2916 5071 :
2967 5017 3018 5069 iu
3043 5033 3154 5086 quo
3189 5032 3313 5070 cum
3341 5013 3482 5068 Tisri
3518 5031 3546 5068 a
3576 5015 3707 5066 ferta

2134 5128 2186 5166 tv
2214 5113 2266 5165 in
2297 5127 2326 5164 v
2362 5111 2695 5174 transiissct,
2729 5125 3072 5178 consequens
3100 5107 3223 5173 fuit,
3251 5117 3382 5161 utet
3406 5106 3570 5160 Nisan
3603 5123 3631 5158 a
3657 5121 3706 5159 vt

2144 5205 2561 5264 submoveretur
2609 5205 2660 5256 in
2692 5216 2786 5255 vtt.
2821 5199 2934 5255 Hoc
2961 5201 3121 5268 igitur
3156 5201 3200 5254 si
3228 5201 3449 5270 vulgare
3484 5216 3547 5254 ac
3586 5215 3707 5268 per-

2135 5306 2355 5364 petuum
2388 5306 2557 5358 esset,
2586 5308 2746 5348 nemo
2770 5311 2799 5346 a
2827 5294 3107 5346 communi
3133 5293 3528 5346 consuetudine
3561 5307 3707 5346 recc-

2132 5390 2300 5443 deret.
2335 5387 2603 5454 Quocirca
2633 5385 3122 5440 extraordinariam
3157 5387 3473 5454 quamdam,
3505 5395 3559 5438 et
3595 5387 3705 5439 sin-

2135 5479 2375 5548 gularem
2415 5478 2877 5547 perturbationem
2921 5477 3199 5531 exstitisse
3252 5477 3548 5531 verisimile
3602 5486 3703 5539 est,

2147 5588 2252 5641 tua:
2285 5587 2351 5624 eo
2399 5573 2662 5624 duntaxat
2709 5585 2896 5624 mense
2947 5570 3258 5639 contigerit,
3307 5586 3420 5638 quo
3450 5569 3703 5624 Christus

2132 5682 2328 5734 passus
2353 5674 2438 5718 est
2469 5683 2482 5718 :
2510 5664 2646 5718 adeo
2675 5675 2733 5718 ut
2775 5680 2880 5717 non
2914 5662 3028 5732 ipsc
3056 5663 3234 5717 solum
3265 5677 3391 5717 cum
3423 5663 3699 5731 apostolis,

2130 5759 2220 5813 sed
2250 5767 2301 5811 rt
2327 5757 2418 5811 alii
2442 5755 2659 5811 diverso
2687 5773 2718 5810 a
2747 5755 2956 5811 caeteris
2981 5755 3068 5811 dic
3093 5755 3443 5810 celebrarint.
3479 5752 3614 5808 Nam
3647 5761 3700 5807 et
