3994 6222
318 381 424 441 989

1248 381 1333 437 DE
1373 381 1560 438 ANNO
1603 381 1691 436 ET
1732 383 1844 437 DIE
1886 381 2239 438 DOMINICAE
2285 381 2659 440 PASSIONIS.

3473 389 3579 445 990

317 503 451 559 Illud
483 501 772 573 Epiphanii
803 504 966 559 verba
997 503 1112 575 ipsa
1144 504 1444 571 declarant,
1481 521 1606 559 cum
1643 504 1889 575 θόρυϐον,
1925 513 1967 567 Α
1996 506 2345 575 evangelistis
2398 513 2589 560 contra
2647 503 2787 556 hanc
2837 501 3149 569 opinionem
3203 501 3575 570 adducuntur,

315 607 382 648 ac
407 592 804 648 dissensionem
862 593 919 647 in
973 595 1221 649 obeunda
1280 595 1594 649 celebritate
1635 594 1893 650 incidisse

314 683 643 753 significant.

385 773 541 830 Hunc
575 775 631 829 in
679 775 902 831 modum
949 777 1218 845 explicata
1260 793 1289 831 a
1323 779 1482 836 nobis
1546 797 1611 837 ac
1668 779 1888 837 defensa

313 866 621 921 communis
654 867 743 920 illa
787 868 1053 922 sententia
1091 869 1260 923 multo
1296 886 1458 938 quam
1491 871 1656 926 altera
1694 874 1891 940 proba-

311 958 478 1012 bilior
526 958 662 1012 mihi
693 959 928 1025 videtur,
958 975 1083 1014 cum
1132 969 1238 1014 tam
1271 962 1472 1016 diserta
1523 978 1889 1032 expressaque

307 1047 536 1105 Joannis
582 1052 892 1106 testimonia
931 1051 1075 1114 sint,
1129 1053 1273 1106 nulla
1325 1067 1382 1107 ut
1416 1054 1687 1107 cavillatio
1716 1054 1888 1123 possit

306 1138 548 1194 eludere.
580 1137 734 1206 Quod
782 1142 924 1194 enim
955 1141 1095 1194 diem
1123 1142 1315 1211 festum
1372 1141 1590 1198 Pascha:
1619 1159 1714 1211 pro
1742 1144 1885 1196 civili

307 1230 430 1300 ipso
461 1231 547 1285 die
570 1272 584 1296 ,
621 1247 683 1284 ac
716 1230 808 1284 τοῦ
843 1231 1188 1303 νυχθημὲρου
1230 1231 1518 1302 posteriori
1558 1239 1712 1302 parte
1740 1231 1882 1286 sumi

304 1319 528 1388 quidam
563 1323 900 1386 existimant,
936 1338 1060 1392 qua:
1081 1339 1110 1376 a
1140 1324 1388 1392 sequenti
1419 1331 1553 1393 ortu
1579 1303 1885 1378 solidiud-

303 1423 456 1482 peret
484 1432 497 1467 :
531 1411 583 1466 id
613 1413 703 1467 alii
731 1414 924 1468 merito
957 1414 1262 1484 repudiant.
1311 1412 1504 1482 Neque
1545 1414 1691 1468 enim
1723 1428 1881 1467 com-

303 1504 500 1560 modus
532 1505 619 1558 hic
672 1521 868 1560 sensus
907 1506 1122 1560 videtur
1151 1523 1163 1556 :
1192 1505 1328 1560 Ante
1372 1499 1564 1574 festum
1601 1504 1880 1558 Paschalis

301 1595 546 1650 Christus
577 1595 790 1650 Pascha
821 1597 1145 1651 celebravit:
1177 1598 1318 1667 quod
1344 1613 1408 1652 ex
1430 1598 1532 1652 ista
1568 1597 1878 1666 reSponsio-

299 1702 372 1741 ne
403 1687 670 1757 sequitur.
716 1687 934 1742 Falsum
977 1699 1030 1742 et
1058 1689 1188 1741 illud
1220 1701 1324 1753 est,
1359 1689 1505 1758 quod
1540 1689 1606 1742 de
1638 1689 1878 1742 secundo

296 1775 530 1835 Joannis
563 1781 878 1835 testimonio
908 1779 1110 1835 dicitur
1142 1799 1154 1834 :
1189 1779 1518 1834 Mandncarc
1551 1780 1780 1847 Pascha,
1811 1781 1877 1835 de

2002 596 2152 649 nul'o
2183 596 2399 663 negotio
2433 595 2819 648 conciliantur.
2855 591 3091 644 Primam
3125 592 3268 645 enim
3303 594 3388 647 illi-
3429 595 3574 650 d—ictn

1999 689 2330 758 Azymorum
2369 695 2568 741 vocant
2608 700 2725 738 eam
2761 683 2986 747 scilicet,
3015 684 3172 751 cujus
3209 684 3261 736 in
3293 700 3573 752 vesperam

1998 777 2221 833 Paschae
2255 778 2548 832 celebritas
2575 817 2588 840 ,
2620 787 2672 829 et
2704 775 3035 845 Azymorum
3066 773 3278 827 initium
3325 775 3574 830 incurre-

1996 879 2098 932 ret,
2129 870 2318 934 utique
2347 885 2413 923 ex
2443 869 2578 936 lege,
2620 865 2998 932 maiorumque
3036 863 3388 932 praescripto:
3425 864 3570 930 quod

1995 962 2436 1014 auimadvertens
2480 957 2656 1011 Lucas
2700 954 2994 1025 prudenter
3041 952 3265 1021 adjecit,
3298 946 3417 1025 ὲνῇ
3463 952 3572 1004 ἔδει

1995 1051 2238 1116 θύεσθαι,
2269 1051 2426 1120 quasi
2467 1049 2689 1104 Scribas
2721 1063 2787 1104 ac
2825 1047 3131 1101 Pharisams
3163 1047 3380 1114 oblique
3422 1056 3573 1100 nota-

1994 1152 2096 1210 ret,
2133 1144 2225 1213 qui
2258 1145 2314 1196 ὲν
2348 1138 2380 1215 ᾗ
2417 1142 2519 1194 οὐκ
2539 1141 2645 1193 ἔδει
2673 1139 3136 1194 sacriﬁcaverant.
3161 1137 3566 1205 Adjuvatcom—

1993 1248 2214 1287 munem
2250 1232 2392 1286 hanc
2442 1231 2950 1300 interpretationem
3003 1227 3321 1296 conjectura
3355 1227 3445 1280 illa
3475 1240 3572 1280 no-

1991 1332 2126 1385 stra,
2184 1339 2350 1392 quam
2415 1331 2574 1376 antea
2634 1321 3060 1390 proposuimus:
3112 1317 3380 1386 ejusmodi
3441 1325 3569 1370 tunc

1990 1414 2158 1468 fuisse
2189 1414 2558 1468 celebritatem
2597 1412 2908 1474 Pasehatis,
2951 1419 3010 1464 ut
3065 1424 3190 1463 cum
3241 1416 3568 1477 praepostere

1988 1517 2053 1556 ac
2087 1502 2399 1571 perturbate
2441 1518 2471 1556 a
2505 1500 2741 1556 concilio
2772 1499 3154 1554 denuntiatum
3184 1505 3350 1562 esset,
3402 1505 3566 1564 atque

1987 1593 2149 1648 etiam
2183 1593 2258 1646 illi
2289 1592 2526 1646 fortasse
2546 1592 2906 1661 praastitutam
2942 1590 3310 1651 neomeniam,
3334 1587 3562 1642 Pascha-

1988 1685 2165 1752 tisque
2199 1683 2342 1737 diem
2383 1681 2772 1744 retexuissent,
2807 1680 3052 1749 plerique
3086 1694 3209 1732 cum
3257 1677 3480 1732 Christo
3509 1686 3563 1728 et

1985 1773 2248 1852 apostolis
2291 1773 2431 1826 diem
2466 1772 2618 1824 illum
2641 1770 3040 1824 observandum
3091 1768 3422 1837 putaverint,
3451 1781 3562 1835 quo

296 1886 628 1942 quocunque
669 1871 1014 1927 victimarum
1047 1876 1303 1942 usurpari
1355 1888 1552 1944 genere
1575 1915 1590 1939 ,
1631 1887 1749 1942 qua:
1783 1887 1876 1942 per
1908 1871 1948 1924 Β
1980 1867 2152 1935 prius,
2184 1863 2480 1932 etquidem
2507 1861 2750 1931 legitimo
2781 1869 3025 1928 tempore
3057 1857 3234 1912 fuerat
3269 1858 3556 1921 indictum,

297 1971 556 2032 septenos
581 1962 698 2018 dies
722 1963 1096 2017 immolantur.
1137 1963 1295 2029 Quod
1334 1978 1399 2017 ex
1434 1961 1726 2018 Deuteron.
1761 1979 1872 2028 xvi,

295 2053 354 2117 3,
386 2063 441 2108 et
475 2052 515 2106 ll
548 2051 810 2123 Paralip.,
855 2067 975 2122 cap.
1024 2069 1128 2107 χχχ
1218 2069 1282 2107 ac
1342 2053 1875 2122 xxxv,comprobare

296 2143 513 2198 nititur.
532 2141 726 2199 Nullus
751 2153 834 2199 est
855 2143 1000 2197 enim
1021 2143 1318 2213 Scriptura:
1340 2143 1512 2208 locus,
1531 2143 1618 2197 ubi
1643 2141 1878 2196 Pascha-

296 2236 389 2300 tis,
418 2235 532 2290 sive
581 2234 756 2291 Pliase
802 2235 1066 2290 vocabulo
1119 2235 1438 2290 holocausta
1491 2250 1554 2289 ac
1606 2233 1872 2289 sacriliria

294 2337 490 2382 caetera
553 2327 959 2398 signiﬁcentur,
1016 2334 1075 2380 ut
1107 2327 1177 2379 sit
1239 2326 1376 2380 idem
1421 2325 1748 2388 sacrificare,
1793 2324 1874 2377 vel

294 2421 630 2474 manducare
663 2417 860 2484 Phase,
899 2419 1044 2488 quod
1105 2435 1198 2473 cas
1230 2417 1515 2472 immolare
1555 2433 1617 2471 ac
1647 2417 1876 2469 mandu-

293 2528 420 2567 Care
452 2513 723 2578 victimas,
748 2528 870 2581 qua:
899 2529 992 2581 per
1021 2523 1277 2580 septenos
1310 2525 1626 2582 azymorum
1659 2509 1774 2562 dies
1818 2509 1869 2561 in

293 2605 496 2673 templo
530 2604 926 2657 maelabantur.
977 2603 1054 2656 Ac
1105 2601 1509 2656 Denteronomii
1544 2600 1760 2671 quidem
1793 2599 1872 2654 lo-

291 2708 392 2747 cus
420 2693 491 2746 ita
517 2692 904 2761 concipiendas
945 2702 1028 2747 est
1058 2708 1070 2744 :
1114 2691 1525 2762 Immolabisque
1565 2691 1733 2744 Phase
1763 2690 1872 2743 Do-

289 2786 435 2838 mino
488 2784 592 2838 ι)ρο
627 2793 752 2838 tuo:
785 2800 924 2848 oves,
976 2793 1023 2837 et
1073 2785 1241 2838 boves.
1270 2782 1435 2846 LXX,
1460 2782 1562 2835 Καὶ
1600 2781 1783 2846 θύσεις
1809 2782 1870 2835 τὸ

289 2877 486 2946 Πάσχα
507 2876 695 2948 Κυρίῳ
725 2875 804 2947 τῷ
836 2875 953 2946 Θεῷ
981 2893 1096 2939 σου,
1124 2876 1366 2946 πρόϐατα
1397 2874 1489 2927 καὶ
1520 2874 1664 2944 βόας.
1709 2873 1872 2930 Jubet

290 2968 555 3022 nimirum
587 2979 778 3036 praater
808 2967 1019 3022 Pascha
1054 2969 1216 3022 etiam
1251 2968 1388 3022 alias
1415 2967 1687 3022 immolari
1711 2968 1868 3022 victi-

292 3075 412 3112 mas
441 3077 454 3126 ;
482 3075 588 3113 non
613 3070 794 3115 autem
818 3077 911 3115 eas
941 3059 1193 3114 victimas
1223 3059 1457 3129 appellat
1497 3058 1691 3112 Phase.
1747 3057 1866 3112 Jam

289 3151 446 3217 illud,
478 3152 619 3220 quod
653 3151 693 3205 Il
726 3150 929 3218 Paral.,
951 3168 999 3206 c.
1050 3152 1490 3222 xxxv,scriptum
1550 3149 1821 3210 afﬁrmant
1850 3168 1863 3216 ;

288 3244 429 3308 quod
455 3259 527 3296 vn
555 3243 736 3296 diebus
767 3243 1018 3312 agebatur
1045 3241 1237 3304 Phase,
1273 3252 1319 3294 et
1344 3241 1867 3295 comedebaturPha-

288 3350 365 3412 se,
389 3335 532 3390 unde
561 3334 870 3403 acceperint
908 3333 1115 3387 nescio.
1149 3332 1428 3402 Nusquam
1459 3321 1620 3387 enim
1653 3335 1703 3386 id
1735 3334 1867 3401 legi-

286 3435 399 3479 tur.
432 3424 573 3490 Quin
611 3425 792 3494 potius
819 3424 1029 3479 Pascha
1062 3425 1273 3478 caeteris
1311 3424 1380 3494 ab
1423 3422 1709 3477 sacrificiis
1753 3440 1868 3478 ma-

287 3517 486 3572 nifeste
519 3517 881 3583 disci-ruitur,
925 3533 1046 3586 cap.
1079 3533 1210 3581 xxx,
1238 3532 1382 3570 com.
1417 3514 1500 3577 lii,
1533 3527 1585 3569 et
1617 3531 1664 3570 c.
1701 3533 1863 3584 xxxv,

285 3624 430 3666 com.
471 3610 536 3663 16
557 3619 611 3663 et
646 3609 730 3663 l7.

360 3702 641 3757 Postremo
687 3700 1044 3756 Parascevem
1101 3700 1325 3754 Pasclne
1356 3700 1599 3755 inaudita
1631 3703 1862 3772 quadam

285 3795 545 3864 loquendi
586 3794 801 3848 ratione
853 3793 1054 3848 dictam
1108 3793 1297 3846 volunt
1340 3792 1696 3848 Parascevetn
1729 3793 1864 3848 Sab-

287 3889 423 3951 hati,
459 3903 580 3956 qua:
607 3887 797 3940 eadem
822 3895 875 3939 et
896 3884 1122 3949 Pascha,
1158 3885 1274 3939 sive
1300 3885 1475 3953 prima
1506 3885 1623 3940 dics
1643 3901 1864 3956 azymo-

289 3997 410 4034 rum
440 3989 604 4033 esset.
626 3977 816 4048 Neque
837 3977 982 4030 enim
1000 3975 1286 4030 Paschalis
1314 3976 1478 4029 ullam
1508 3974 1862 4031 Parascevem

285 4071 458 4126 fuisse
500 4081 749 4131 censent;
791 4069 1048 4138 quoniam
1084 4067 1230 4120 nulla
1281 4067 1453 4136 pridie
1482 4067 1754 4121 illiusdiei
1787 4068 1865 4122 ci-

283 4162 436 4217 baria
471 4161 822 4228 parabantur,
849 4175 972 4213 cum
1007 4158 1060 4211 id
1105 4158 1224 4228 ipso
1287 4156 1424 4211 festo
1451 4158 1638 4212 liceret
1682 4173 1858 4227 agere.

283 4251 487 4307 Verum
522 4251 646 4320 quis
674 4259 776 4316 est,
802 4251 896 4319 qui
927 4249 1266 4304 tolerabilem
1299 4251 1440 4303 hanc
1466 4249 1720 4319 loquendi
1759 4249 1864 4303 for-

283 4360 428 4400 n-am
464 4352 613 4412 putet
666 4357 807 4408 esse,
845 4351 902 4395 ut
935 4340 1241 4396 Parasceve
1275 4339 1560 4396 Paschalis
1595 4343 1667 4396 sit
1697 4340 1862 4396 Para-

282 4452 442 4491 sctave
477 4434 721 4496 Sabbati,
752 4434 805 4487 in
857 4449 1020 4503 quam
1052 4433 1304 4487 inciderit
1343 4432 1595 4488 Pascha?
1621 4431 1857 4488 Nimium

1979 1972 2158 2028 neque
2211 1971 2407 2010 vanam
2462 1954 2610 2008 illam
2674 1952 3060 2022 magistrorum
3114 1949 3558 2005 retractationem

1978 2049 2310 2105 curaverint.
2357 2047 2432 2101 Ex
2476 2062 2586 2118 quo
2618 2045 2822 2100 factum
2859 2045 2928 2098 sit
2959 2085 2973 2108 ,
3009 2051 3067 2096 ut
3102 2041 3337 2111 apostoli
3373 2049 3560 2110 parata

1983 2142 2126 2211 apud
2155 2141 2306 2193 illum
2335 2139 2605 2207 hospitem
2638 2135 2825 2190 omnia
2861 2133 3188 2203 repererint.

2045 2231 2161 2285 Col.
2181 2231 2286 2285 935
2303 2229 2367 2284 D.
2391 2226 2878 2296 Συλλαμϐάνετιιι
2895 2224 2962 2278 δὲ
2986 2223 3058 2291 τῇ
3083 2223 3270 2291 τρίτῃ.
3295 2221 3414 2276 Jam
3439 2221 3555 2275 haec

1976 2320 2156 2376 facilia
2209 2329 2355 2382 sunt,
2417 2317 2688 2372 intellecta
2719 2315 2883 2370 semel
2931 2311 3219 2383 Epiphanii
3266 2313 3552 2367 sententia.

1975 2414 2296 2482 Quanquam
2322 2409 2670 2464 librariorum
2694 2407 2852 2476 culpa
2873 2407 3121 2474 quaedam
3146 2418 3274 2458 sunt
3295 2414 3554 2468 concepta

1975 2520 2291 2576 perperam;
2318 2517 2440 2572 quae
2461 2501 2858 2570 Diagrammate
2873 2496 3190 2565 corrigenda
3209 2504 3357 2548 sunt.
3381 2493 3552 2548 Cane-

1976 2613 2097 2650 rum
2122 2595 2391 2667 ὴμερινὴν
2443 2608 2562 2646 eam
2609 2591 2794 2644 lunam
2827 2595 3006 2652 vocat,
3061 2603 3182 2656 quae
3219 2586 3450 2640 civiliter
3480 2591 3550 2644 ab

1976 2697 2096 2743 ortu
2125 2688 2257 2742 solis
2289 2685 2356 2738 ad
2399 2698 2652 2737 occasum
2696 2680 3040 2748 perducitur;
3075 2678 3391 2746 νυκτερινὴν
3421 2691 3551 2731 vero

1982 2794 2103 2848 quae
2151 2785 2365 2830 noctem
2403 2780 2648 2837 occupat.
2683 2769 2802 2836 Qua
2832 2785 2898 2824 ex
2944 2767 3326 2822 observatione
3358 2780 3552 2819 corru-

1973 2879 2075 2938 pta:
2105 2865 2351 2922 lectionis
2385 2864 2575 2917 vitium
2617 2878 2714 2931 per
2743 2875 2863 2914 sese
2903 2858 3169 2928 proditur.
3225 2855 3416 2911 Scribo
3448 2856 3550 2925 igi-

1972 2969 2062 3014 tur
2084 3000 2097 3024 ,
2137 2966 2361 3012 auctore
2402 2953 2672 3023 Keplcro:
2725 2951 2958 3020 Πέμπτη
2985 2948 3423 3022 ,τρισκαιδεκάτῃ
3453 2966 3550 3002 νυ-

1971 3033 2215 3120 κτερινὴ,
2239 3044 2476 3117 ἡμερινὴ
2502 3045 2558 3096 δὲ
2602 3043 2902 3110 δωδεκάτη.
2935 3040 3088 3106 Quod
3134 3040 3324 3107 utique
3359 3054 3549 3092 neces-

1970 3141 2175 3196 sarium
2206 3151 2311 3200 est,
2342 3137 2386 3192 si
2421 3136 2619 3206 τετράς
2670 3134 2853 3198 fuerit,
2888 3131 3163 3201 δωδεκάτη
3221 3131 3544 3201 νυκτερινὴ,

1970 3247 2093 3286 nam
2129 3231 2210 3284 hae
2238 3229 2339 3284 sibi
2384 3228 2614 3281 invicem
2663 3224 2982 3286 succedunt,
3034 3232 3231 3290 utqua:
3257 3223 3544 3292 νυκτερινὴ

1969 3323 2156 3385 fuerit,
2191 3322 2283 3374 fiat
2319 3319 2570 3391 ἡμερινή.
2600 3315 2794 3370 Notntn
2822 3315 2965 3368 enim
2999 3322 3084 3368 est
3129 3311 3348 3368 Judaeos
3387 3328 3415 3365 a
3450 3330 3548 3365 ηει-

1968 3423 2052 3470 cte
2085 3415 2226 3469 diem
2248 3411 2538 3481 auspicari.
2561 3410 2796 3465 Deinde:
2836 3407 3221 3478 Προσάΰϐατον
3248 3424 3549 3478 τεσσαρεσ-

1970 3505 2269 3574 καιδεκάτη
2291 3502 2577 3574 νυκτερινὴ
2618 3501 2726 3572 πρὸ
2753 3499 3050 3570 δεκατριῶν
3079 3499 3216 3552 Καλ.
3269 3498 3405 3552 Nam
3455 3515 3548 3553 su-

1966 3598 2149 3669 perior
2194 3597 2311 3664 dies
2355 3595 2463 3666 πρὸ
2510 3594 2923 3663 δεκατεσσάρων
2973 3592 3088 3662 jam
3149 3591 3357 3646 habuit.
3412 3589 3544 3646 Item

1966 3689 2241 3743 Σάϐϐατον
2270 3685 2725 3754 πεντεκαιδεκάτη
2745 3685 3053 3756 νυκτερινὴ.
3075 3681 3209 3737 Nam
3234 3683 3300 3737 de
3328 3681 3546 3737 Nicasna

1967 3779 2093 3835 luna
2122 3779 2378 3850 loquitur,
2404 3793 2510 3830 non
2547 3777 2612 3832 de
2634 3775 2880 3830 Judaica.
2918 3773 3050 3839 Qua:
3082 3774 3266 3828 omnia
3287 3788 3352 3826 ex
3389 3787 3545 3843 supe-

1966 3872 2096 3929 riori
2127 3873 2390 3927 laterculo
2422 3870 2710 3940 repetenda
2747 3877 2897 3923 sunt.

2035 3983 2648 4053 1ὺίά.Ἐπιε;ώσκουσα
2663 3981 2946 4052 Κυριακή.
2967 3982 3069 4048 Qui
3087 3982 3230 4035 hunc
3252 3979 3542 4050 Epiphanii

1964 4079 2144 4132 locum
2177 4077 2469 4146 percurrit,
2500 4077 2786 4146 diligenter
2815 4077 2865 4130 id
2891 4075 3322 4129 animadvertere
3349 4073 3539 4136 debet;

1964 4165 2106 4235 quod
2135 4165 2405 4235 superiori
2440 4164 2828 4218 dissertatione
2876 4163 3099 4231 copiose
3130 4161 3388 4216 traditum
3417 4171 3498 4215 est
3523 4180 3537 4227 ;

1965 4257 2102 4312 falsa
2129 4258 2243 4312 haec
2267 4272 2409 4320 esse,
2435 4272 2557 4325 quze
2588 4256 2655 4310 de
2683 4256 2810 4309 luna
2859 4256 3117 4309 dicuntur
3163 4254 3370 4315 ornnia,
3395 4260 3449 4306 et
3475 4269 3539 4306 ex

1964 4348 2252 4418 Epiphanii
2283 4346 2709 4402 hallucinatione
2727 4345 2965 4415 profecta
2993 4364 3007 4412 ;
3034 4346 3126 4416 qui
3147 4345 3538 4415 aequinoctium

1967 4455 1997 4494 a
2026 4456 2128 4494 xxv
2185 4437 2365 4492 Martii
2398 4438 2463 4492 ad
2495 4454 2608 4491 χχιι
2638 4454 2652 4501 ;
2682 4437 3040 4506 plenilunium
3071 4453 3199 4491 vero
3249 4436 3316 4489 ab
3347 4437 3534 4491 eadem

281 4529 387 4582 hoc
416 4526 710 4581 absurdum
743 4532 844 4579 est.
874 4523 980 4578 Sed
1014 4532 1068 4578 et
1097 4524 1226 4578 illud
1263 4525 1642 4589 falsissimum,
1670 4526 1859 4594 prinne
1892 4543 1934 4597 ι)
1965 4547 2069 4584 xxv
2095 4531 2182 4584 die
2203 4546 2267 4584 ex
2300 4527 2517 4583 Nica‘na
2559 4527 2815 4592 formula,
2852 4529 2932 4605 vel
2961 4529 3142 4598 potius
3169 4544 3201 4582 a
3239 4544 3364 4582 xxvi
3415 4544 3538 4598 per-

278 4618 386 4674 diei
420 4618 770 4689 Azymorum,
807 4625 1241 4684 czrterorumqne
1286 4615 1549 4671 festorum
1599 4616 1859 4672 Pal-asce-

278 4725 399 4764 νιιιιι
435 4709 635 4762 nullam
664 4707 854 4769 fuisse,
890 4707 1035 4776 quod
1060 4723 1124 4760 ex
1150 4705 1502 4762 Hebraeorum
1545 4710 1764 4779 seriptis
1789 4711 1858 4765 ab

277 4802 403 4857 aliis
437 4801 729 4854 refutatum
761 4809 864 4864 est,
899 4809 956 4852 ut
989 4803 1130 4853 ineo
1155 4802 1480 4854 commorari
1505 4803 1639 4855 nihil
1666 4803 1736 4856 sit
1764 4819 1858 4856 ne-

276 4909 454 4948 cessc.
491 4891 588 4945 Est
611 4889 742 4944 illud
775 4889 994 4959 quidem
1024 4898 1167 4943 recte
1199 4889 1252 4942 in
1286 4888 1579 4944 Annalibus
1607 4893 1858 4948 observa-

278 4997 416 5049 tum,
450 4984 596 5037 nulla
619 4982 919 5036 Parasceve
945 4982 1012 5035 ad
1045 4983 1198 5036 cibos
1225 4984 1276 5034 ir.
1302 4983 1497 5037 festum
1520 4985 1660 5039 diem
1693 5003 1858 5056 appa-

275 5079 478 5133 randos
507 5093 644 5147 opus
677 5077 866 5142 fuisse,
902 5075 1047 5145 quod
1075 5075 1127 5127 in
1159 5075 1290 5129 solis
1335 5075 1588 5130 Sabbatis
1619 5093 1854 5148 coquere

275 5170 431 5224 cibos
487 5167 833 5222 interdictum
875 5175 1042 5230 esset,
1076 5166 1263 5220 liceret
1295 5165 1346 5218 in
1383 5167 1627 5232 caeteris,
1661 5169 1714 5221 in
1743 5185 1854 5238 quo

276 5259 569 5328 plerosque
595 5259 742 5312 viros
791 5257 1034 5312 eruditos
1073 5257 1435 5311 hallucinatos
1481 5274 1602 5313 esse
1639 5261 1854 5314 monui-

274 5365 420 5403 mus.
451 5347 554 5403 Sed
584 5359 778 5417 praeter
819 5349 1022 5402 cibaria
1055 5357 1269 5404 constat
1303 5349 1407 5402 alia
1440 5350 1686 5418 quaedam
1715 5367 1853 5420 pra:-

273 5439 453 5511 parari
503 5439 854 5510 oportuisse,
907 5455 1030 5509 quae
1063 5449 1158 5494 aut
1205 5441 1410 5509 absque
1460 5442 1642 5495 servili
1687 5456 1852 5511 Opere

271 5529 522 5602 praestari
554 5545 660 5583 non
691 5538 933 5598 possent,
955 5540 1048 5583 aut
1078 5529 1144 5584 ad
1183 5531 1355 5600 ipsius
1396 5531 1516 5585 festi
1565 5533 1850 5589 celebrita-

269 5635 379 5680 tem
413 5622 703 5677 iucundam
748 5623 1012 5676 anteverti
1055 5623 1330 5677 deberent.
1396 5625 1663 5690 Quocirca
1715 5627 1848 5681 nihil

266 5723 378 5778 est,
416 5714 561 5784 quod
589 5715 853 5771 adversus
883 5723 990 5770 tam
1025 5715 1326 5771 evidentem
1363 5715 1590 5772 Joannis
1616 5721 1848 5776 auctori-

267 5818 432 5864 tatem
477 5808 646 5878 possit
699 5808 892 5879 excipi.
936 5807 1005 5863 At
1063 5825 1190 5864 vero
1235 5828 1357 5881 qnte
1384 5828 1447 5867 ex
1494 5814 1615 5867 aliis
1667 5814 1842 5870 tribus

1960 4623 2085 4676 inde
2116 4624 2181 4676 ad
2208 4637 2320 4675 xm
2351 4621 2706 4676 transtulerit.
2744 4621 2864 4687 Quo
2889 4622 3086 4691 posito,
3119 4622 3394 4693 cyclorum
3419 4637 3537 4676 om-

1960 4715 2110 4768 nium
2141 4730 2204 4768 ac
2232 4713 2492 4767 feriarum
2519 4713 2784 4767 rationem
2823 4713 3147 4782 permiscuit
3179 4728 3191 4764 :
3235 4729 3358 4782 qua:
3397 4730 3536 4783 quo—

1957 4823 2082 4861 nam
2123 4815 2283 4876 pacto
2314 4805 2514 4874 corrigi
2541 4813 2794 4870 possent,
2829 4814 2883 4859 et
2933 4805 2984 4859 in
3036 4806 3178 4858 viam
3233 4806 3303 4859 ab
3350 4820 3536 4859 errore

1956 4898 2172 4963 deduci,
2197 4913 2362 4966 supra
2396 4897 2816 4952 declaravimus.
2853 4895 3021 4966 Igitur
3070 4913 3135 4952 ex
3168 4906 3246 4951 tot
3282 4912 3532 4951 errorum

1956 4989 2291 5061 argumentis
2317 4998 2441 5042 nata
2477 4998 2562 5042 est
2586 4988 2780 5043 vitiosa
2829 4989 2918 5042 illa
2973 4987 3106 5042 feria
3145 5003 3288 5040 altltO
3313 4985 3532 5039 Iuliano

1958 5081 2047 5146 76,
2081 5081 2184 5134 hoc
2206 5088 2282 5133 cst
2315 5077 2594 5134 Dominica
2627 5078 2805 5133 Martii
2831 5095 2968 5140 χχιι,
2995 5094 3118 5133 cum
3152 5093 3340 5130 revera
3387 5090 3532 5130 esset

1954 5173 2090 5226 feria
2125 5187 2177 5227 ν.
2206 5169 2626 5241 Ἐπιφώσκουσα
2653 5187 2782 5240 ergo
2828 5171 3082 5240 Κυριακὴ
3128 5169 3310 5221 lunam
3342 5167 3531 5221 habuit

1956 5280 2020 5318 xv
2068 5263 2346 5316 diurnam.
2400 5261 2500 5317 llic
2555 5260 2942 5330 ἐπιφώσκουσα
3002 5259 3217 5328 proprie
3268 5259 3523 5311 sumitur.

1954 5355 2163 5425 Quippe
2200 5371 2311 5408 χχιι
2339 5355 2426 5409 die
2443 5355 2510 5408 ab
2529 5366 2650 5406 ortu
2676 5354 2809 5407 solis
2838 5352 3004 5421 coepit
3032 5369 3097 5405 xv
3129 5350 3358 5404 diurna:
3386 5350 3527 5402 unde

1954 5449 2186 5519 ήμερινὴ
2237 5464 2332 5516 pro
2390 5449 2674 5515 νυκτερινὴ
2733 5445 3136 5498 substituimus.
3190 5440 3444 5510 Alioquin
3491 5441 3523 5510 ὴ

1953 5539 2205 5610 Κυριακὴ
2234 5555 2300 5592 xv
2325 5538 2606 5608 νυκτερινὴ
2641 5536 2746 5590 dici
2773 5544 2968 5606 potest,
2994 5535 3039 5590 si
3071 5535 3190 5602 ejus
3209 5532 3421 5587 initium
3456 5533 3525 5586 ab

1952 5630 2303 5683 antecedente
2358 5640 2515 5682 nocte
2562 5634 2863 5694 reputatur.
2926 5623 3113 5694 Neque
3162 5640 3266 5678 vox
3310 5625 3514 5694 ὲπιφιῖιο

1953 5736 2159 5773 σκουσα
2192 5719 2486 5788 quidquam
2525 5717 2746 5781 obstat;
2785 5732 2904 5786 qua:
2945 5731 3184 5785 persaepe
3247 5714 3312 5768 de
3339 5715 3523 5771 illucc—

1950 5821 2136 5870 scente
2168 5813 2276 5877 die,
2307 5827 2698 5880 nonnunquam
2737 5819 2790 5865 et
2812 5809 2878 5864 de
2919 5808 3025 5863 diei
3063 5806 3292 5863 Judatco
3322 5811 3519 5878 princi-
