3994 6222
417 367 512 425 991

1522 359 1874 416 API’ENIHX
1912 357 2550 416 DISSERTATIUNUM.

3587 363 3698 418 992

421 485 530 550 pio,
561 481 674 535 sive
699 487 860 536 nocte
888 477 1239 534 antecedente
1263 478 1692 550 soletusurpari.
1719 478 1834 533 Non
1857 477 2000 546 quod
2033 486 2075 542 Α
2106 476 2461 532 Alexandrini
2521 475 2819 546 scriptores
2860 491 2938 530 xu
2975 474 3120 540 Kal.,
3151 477 3253 534 hoc
3281 489 3366 532 est
3393 493 3480 530 ut
3513 477 3696 533 Martii

423 571 511 622 lux
537 569 717 637 aliqua
763 569 879 624 sive
931 569 1095 634 limae,
1127 567 1240 623 sive
1287 569 1567 623 stellarum
1599 571 1792 624 saltem
1817 569 2004 624 oriens

424 669 694 729 utcunque
750 660 894 716 diem
944 661 1279 731 auspicetur,
1341 662 1485 731 quod
1543 661 1900 717 Casaubonus
1949 662 2004 717 in

426 749 657 805 Evercit.
703 751 789 815 16,
823 768 976 806 num.
1011 755 1290 824 15,verum
1319 755 1616 820 existimat,
1651 763 1708 808 ut
1740 769 1864 808 cum
1896 753 2006 808 Lu-

423 857 520 896 cas
553 843 628 896 ait
659 859 781 914 cap.
833 861 990 908 χχιιι,
1025 845 1094 900 54
1125 863 1138 898 :
1205 848 1319 902 Καὶ
1357 848 1634 901 Σάϐϐα-ιον
1693 847 2005 916 ὲπέφωσκε,

425 935 506 989 sic
529 935 904 1006 accipiendum
932 938 1024 1002 sit,
1057 947 1115 991 ut
1167 939 1210 992 si
1259 939 1506 1000 dixisset,
1527 939 1636 992 Καὶ
1685 940 2008 1008 ἐπέφωσκεν

427 1028 462 1096 ἠ
493 1028 690 1100 σελήνη
713 1032 746 1100 ἡ
777 1029 988 1098 ἄγουσα
1019 1031 1080 1082 τὸ
1107 1030 1406 1086 Σάϐϐατον.
1443 1029 1568 1086 Haec
1603 1031 1748 1086 enim
1789 1042 2012 1086 senten-

427 1118 502 1172 tia
527 1119 870 1174 subabsurda
891 1129 946 1174 et
965 1136 1366 1190 supervacanea
1392 1123 1631 1178 videtur.
1655 1123 1852 1178 Verum
1885 1123 2014 1178 sim-

431 1209 663 1278 pliciter,
695 1223 750 1266 et
787 1211 938 1266 nullo
971 1213 1080 1266 alio
1110 1213 1769 1283 ειιὶιειιόίιοίεπιφὼσκειν
1801 1223 1886 1270 est
1918 1231 2013 1284 ap-

431 1309 625 1368 petere,
651 1300 735 1354 vel
756 1301 1239 1368 inire,_adventare.
1271 1302 1383 1360 Hoc
1415 1315 1596 1360 autem
1619 1321 1684 1360 ex
1719 1319 1786 1360 eo
1821 1315 2010 1362 natum

434 1394 693 1460 arbitror,
713 1395 860 1464 quod
892 1411 1016 1451 cum
1049 1395 1246 1465 prima,
1283 1411 1346 1451 ac
1377 1407 1588 1452 natura:
1627 1398 1866 1453 maxime
1881 1414 2015 1453 con-

435 1493 694 1546 sentaue‘a
716 1485 822 1540 diei
863 1487 1150 1556 appellatio
1173 1488 1350 1543 lucem
1371 1487 1660 1558 signiticet,
1691 1497 2016 1560 tempusque

435 1577 504 1630 ab
530 1585 655 1631 ortu
691 1578 825 1634 solis
854 1578 920 1633 ad
944 1593 1203 1633 occasum
1227 1596 1241 1644 ;
1275 1579 1532 1648 pleraque
1553 1588 1738 1648 postea
1765 1579 2014 1635 nationes

435 1669 606 1725 variis
648 1679 954 1740 temporum
985 1672 1156 1726 initiis
1187 1672 1505 1726 constitutis
1539 1673 1683 1726 diem
1739 1673 2017 1727 nihilomi-

437 1778 542 1817 nus
556 1763 916 1834 appellarunt,
940 1764 1176 1833 spatium
1203 1763 1335 1818 illud
1365 1764 1644 1834 temporis,
1674 1765 1820 1834 quod
1856 1766 1926 1821 ab
1950 1781 2017 1820 eo

2105 569 2494 638 aequinoctium
2521 567 2760 622 fixerunt
2779 609 2793 632 ,
2831 577 2892 622 ut
2917 567 3059 622 inter
3093 568 3230 623 alios
3257 567 3539 622 Proterius
3564 569 3698 620 Ale-

2109 661 2409 716 xandrinus
2473 658 2612 729 apud
2665 659 2868 714 Bedam
2901 660 2995 714 lib.
3057 660 3136 714 De
3179 662 3434 730 wquinac.
3469 661 3698 723 vernali,

2107 753 2204 824 qui
2256 761 2340 808 est
2373 762 2521 808 tomo
2556 751 2642 805 Ill.
2687 749 2760 814 Is,
2787 751 3034 820 inquam,
3069 767 3175 805 xxv
3207 750 3578 815 Phamenoth,
3603 751 3702 820 qui

2109 853 2192 900 est
2223 860 2298 899 xu
2333 843 2455 898 Kal.
2491 843 2648 914 Apr.,
2685 842 3076 912 aequinoctium
3138 843 3460 904 collocavit.
3495 843 3704 896 Leonis

2109 953 2264 1007 papas
2305 937 2663 1006 temporibus.
2697 933 2886 1004 Itaque
2917 935 3254 1006 μνημονικὸν
3277 945 3362 990 εει
3391 934 3708 1004 ἁμάρτημα

2109 1028 2472 1084 eruditissimi
2509 1025 2748 1096 Kepleri,
2767 1027 2896 1081 dum
2927 1027 2982 1081 in
3001 1025 3374 1098 Eclogis,pag.
3405 1026 3528 1086 193,
3561 1025 3704 1080 Pro-

2113 1123 2310 1176 terium
2336 1122 2413 1176 ait
2433 1122 2583 1177 circa
2615 1122 2834 1175 initium
2871 1121 3201 1176 Diocletiani
3226 1120 3620 1190 aequinoctium
3647 1136 3705 1172 xl

2115 1213 2232 1268 Kal.
2264 1213 2566 1276 detiniisse;
2590 1213 2686 1268 sed
2711 1213 2966 1269 Anatolio
2998 1213 3051 1268 id
3083 1213 3358 1276 ccnvenit,
3387 1211 3548 1277 cujus
3577 1213 3710 1266 illu-

2115 1317 2226 1361 Stre
2289 1304 2650 1375 fragmentum
2697 1305 2962 1360 describit
2995 1303 3266 1360 Eusebius
3295 1304 3391 1358 lib.
3445 1319 3546 1368 vn,
3577 1319 3706 1372 cap.

2115 1396 2282 1464 26,ex
2308 1397 2554 1463 ejusdem
2575 1395 2936 1452 Paschalibus
2955 1397 3283 1460 canonibus,
3309 1395 3458 1464 quod
3485 1403 3541 1449 et
3557 1393 3708 1447 Beda

2115 1495 2511 1544 commemorat
2561 1487 2654 1542 lib.
2707 1487 2788 1542 De
2825 1489 3139 1559 wquinoctio
3168 1502 3188 1540 :
3236 1487 3328 1542 ubi
3355 1493 3411 1540 et
3461 1486 3709 1540 Anatolii

2117 1581 2283 1636 verba
2338 1595 2404 1635 ex
2479 1579 2936 1650 depravatissima
3016 1579 3197 1632 Rufini
3257 1578 3712 1648 interpretatione

2115 1687 2400 1743 perperam
2426 1682 2646 1742 accepta
2680 1673 2916 1726 alienam
2945 1671 3001 1726 in
3027 1669 3350 1726 sententiam
3388 1669 3704 1738 detorquet.

2115 1761 2301 1830 Quare
2345 1777 2472 1817 cum
2523 1778 2590 1817 ex
2623 1778 2689 1818 eo
2719 1761 2958 1816 Anatolii
3006 1762 3224 1816 decreto
3251 1802 3265 1824 ,
3317 1767 3580 1828 tanquam
3635 1774 3710 1812 ex

437 1866 662 1924 puncto,
689 1857 835 1925 quod
865 1856 968 1912 sibi
997 1865 1322 1920 statuerant,
1351 1855 1418 1910 ad
1455 1856 1596 1911 idem
1631 1870 1892 1928 punctum
1926 1874 2018 1913 re-
2049 1845 2091 1901 Β
2123 1857 2274 1913 fonte
2296 1855 2584 1927 Epiphanii
2606 1856 2854 1912 doctrina
2881 1853 3221 1924 proﬂuxerit,
3245 1852 3402 1908 nobis
3429 1853 3706 1921 integrum

439 1945 696 2000 volvitur.
725 1945 906 2012 Quare
933 1955 993 2001 ut
1025 1947 1076 2000 in
1109 1948 1371 2017 primaria
1403 1947 1512 2011 illa,
1555 1964 1620 2004 ac
1649 1949 1885 2004 naturali
1909 1951 2018 2006 diei

441 2037 666 2090 notione
697 2038 1032 2106 ὲπιφώσκειν
1057 2039 1274 2108 proprie
1301 2039 1418 2094 dies
1453 2039 1652 2094 dicitur
1678 2080 1693 2104 ,
1725 2039 1870 2108 quod
1899 2041 2019 2106 ejus

443 2125 600 2178 initio
631 2125 708 2178 sol
744 2126 939 2190 oritur,
991 2139 1052 2180 ut
1084 2135 1138 2181 et
1171 2126 1376 2202 ἡμέρα,
1421 2127 1528 2180 ἀπὸ
1585 2128 1682 2198 τῆς
1738 2127 1902 2198 ἠοῦς,
1945 2129 2020 2184 ita

443 2215 724 2271 translatis
766 2217 834 2272 ad
873 2217 1112 2288 reliquas
1147 2217 1354 2273 formas
1389 2219 1496 2272 diei
1535 2219 2019 2290 appellationibus,

443 2307 585 2361 idem
607 2307 710 2362 hoc
742 2317 1065 2378 usurpatum
1098 2310 1237 2363 initii
1267 2310 1592 2365 vocabulum
1622 2319 1708 2366 est
1741 2329 1753 2365 :
1782 2311 1886 2366 etsi
1917 2311 2020 2364 mi-

443 2417 548 2456 nus
577 2417 742 2470 quam
775 2401 888 2456 illic
919 2403 1157 2472 proprie.
1197 2399 1324 2456 Sive
1361 2401 1526 2470 igitur
1554 2419 1584 2456 a
1621 2402 1798 2457 media
1833 2412 2019 2468 nocte,

444 2497 559 2551 sive
594 2511 622 2548 a
663 2495 912 2562 mrridie,
949 2498 1063 2550 sive
1095 2498 1164 2550 ab
1193 2496 1350 2550 initio
1376 2495 1574 2559 noctis,
1607 2495 1713 2549 diei
1749 2503 2026 2564 repetatur

442 2587 750 2650 exordium,
780 2585 1118 2656 ὲπιφώσκειν
1145 2587 1346 2657 ubique
1373 2587 1511 2650 dies,
1538 2586 1642 2640 hoc
1670 2597 1754 2640 est
1777 2586 2026 2640 inchoari

444 2685 500 2728 et
524 2676 660 2729 inire
685 2677 1005 2745 simpliciter
1035 2679 1267 2731 dicetur.
1305 2675 1780 2742 Quemadmodum
1819 2691 2026 2746 νουμη-

445 2767 566 2829 νίας
599 2782 700 2820 ιοκ
750 2784 873 2822 cum
911 2777 1224 2822 nascentem
1259 2768 1440 2821 lunam
1479 2767 1694 2836 proprie
1735 2767 2023 2839 signiticet,

446 2859 514 2912 ad
542 2859 724 2912 omnia
780 2862 1053 2914 mensium
1086 2861 1264 2924 initia,
1291 2861 1458 2915 etiam
1499 2860 1724 2913 minime
1750 2859 2026 2914 lunarium

451 2949 796 3015 transfertur,
827 2963 953 3021 puta
986 2953 1402 3006 tricenariorum
1461 2960 1516 3006 ct
1546 2951 2022 3024 Egyptiacorum.

450 3039 604 3096 Unde
629 3043 732 3096 alia
767 3051 848 3097 cst
874 3043 1140 3114 νουμηνία
1182 3043 1320 3097 κατὰ
1355 3045 1619 3116 σελήνην,
1659 3047 1764 3100 aiia
1788 3046 1849 3099 οὐ
1885 3044 2028 3099 κατὰ

450 3132 700 3205 σελήνην.
732 3131 847 3190 Hoc
875 3150 975 3204 ego
1007 3151 1169 3190 sensu
1195 3135 1272 3206 τῷ
1297 3136 1633 3206 ὲπιφώσκειν
1667 3139 2026 3210 evangelistas

451 3226 774 3296 simpliciter
789 3243 920 3282 usos
941 3227 1198 3293 arbitror,
1227 3237 1288 3280 ut
1307 3243 1435 3282 cum
1464 3227 1654 3282 Matth.
1675 3244 1796 3298 cap.
1833 3243 2027 3296 xxvm,

453 3317 506 3380 1,
533 3317 604 3372 ita
639 3319 879 3388 loquitur
912 3337 925 3373 :
979 3318 1106 3388 Ὀψὲ
1129 3319 1186 3372 δὲ
1216 3317 1324 3372 τῶν
1371 3319 1690 3385 Σαϐϐάτων,
1734 3322 1800 3391 τῇ
1825 3322 2034 3389 ἐπιφω-

455 3413 753 3484 σκούσῃεῑς
771 3413 900 3484 μίαν
913 3413 1021 3466 τῶν
1045 3415 1358 3469 Σαϐϐἀτων.
1377 3415 1480 3470 Ubi
1515 3415 1658 3468 nulla
1681 3423 2030 3485 argumenta--

469 3503 620 3556 tione
641 3517 780 3572 opus
805 3511 888 3558 est
913 3513 971 3557 ut
991 3503 1070 3557 vel
1089 3504 1205 3559 dies
1235 3505 1352 3574 ipsa
1379 3521 1409 3558 a
1439 3513 1599 3558 nocte
1628 3503 1893 3573 incipiens
1919 3512 2034 3556 tum

455 3593 698 3654 demum,
732 3609 854 3647 cum
891 3595 973 3648 sol
1009 3593 1552 3663 ονὶιιιι·,ἒπιφώσκειν
1576 3595 1831 3662 dicatur;
1867 3595 1950 3650 vel
1979 3603 2038 3650 ut

457 3685 584 3741 luna
615 3695 708 3740 aut
742 3685 920 3741 sidera
942 3687 1360 3741 subandiantur.
1393 3685 1528 3740 Nam
1562 3688 1650 3741 hic
1681 3701 1803 3742 meo
1829 3687 2037 3757 judicio

459 3793 658 3834 sensus
714 3787 834 3834 est:
893 3777 1160 3834 confectis
1197 3779 1474 3846 Sabbatis,
1525 3779 1640 3834 sive
1695 3778 2036 3833 hebdomada

460 3877 706 3939 peracta,
739 3869 826 3924 die
855 3870 1125 3938 sequenti,
1150 3884 1271 3939 quae
1300 3869 1471 3922 inibat.
1507 3884 1630 3923 cum
1663 3867 1795 3923 feria
1829 3870 2036 3938 prima;

460 3961 606 4032 quod
635 3961 878 4030 apertius
902 3960 1062 4016 Luca:
1089 3976 1208 4031 cap.
1238 3977 1392 4024 ut”,
1430 3959 1517 4023 54,
1547 3961 1890 4016 declaratur:
1929 3960 2041 4012 Καὶ

467 4054 651 4126 ἡμέρα
673 4049 741 4124 ἦν
770 4053 1117 4126 παρασκευὴ,
1151 4053 1245 4107 καὶ
1277 4053 1553 4106 Σάϐϐατω
1573 4054 1884 4122 ὲπέφωσκε.
1939 4051 2041 4106 Ubi

463 4147 689 4202 verbum
745 4146 1032 4216 ἐπέφωσκε
1095 4147 1299 4200 nullam
1337 4147 1513 4200 lucem
1576 4147 1882 4215 signilieat,
1945 4145 2040 4200 sed

463 4237 702 4293 initium.
733 4238 804 4293 At
833 4240 970 4309 apud
1003 4237 1368 4308 Epiphaniam
1417 4240 1471 4292 in
1514 4236 1852 4308 Expositione
1875 4238 2000 4308 ﬁdei
2025 4279 2040 4304 ,

463 4345 614 4384 num.
631 4329 724 4394 2‘2,
749 4331 892 4386 circa
919 4329 1249 4402 gallicinium
1277 4331 1378 4402 τῆς
1395 4333 1680 4403 Κυριακῆς
1701 4329 2044 4400 ἐπιφωσκού-

465 4437 566 4492 cm;
604 4423 738 4476 solvi
791 4423 1045 4492 paschale
1083 4423 1350 4493 jejunium
1387 4425 1607 4488 dicitur,
1651 4428 1756 4477 hoc
1803 4436 1888 4477 εει
1923 4433 2046 4492 post

2119 1959 2230 1998 non
2263 1954 2367 2008 est,
2403 1953 2514 1999 tam
2539 1944 2810 2000 illustrem
2839 1941 3274 2013 diSputationt-m
3307 1941 3534 1996 silentio
3573 1957 3716 2011 pra:-

2123 2035 2449 2092 termittere.

2391 2189 2634 2246 Anatolii
2667 2191 2894 2261 insignis
2919 2190 3068 2244 locus
3105 2191 3440 2261 expenditur.

2201 2323 2350 2379 Vixit
2377 2323 2668 2380 Anatolius
2709 2323 3035 2380 Diocletiani
3082 2323 3196 2380 fere
3222 2335 3487 2394 tempore,
3518 2338 3722 2394 genere

2127 2415 2554 2478 Alexandrinus,
2579 2415 2674 2486 qui
2701 2431 2826 2469 cum
2855 2415 2922 2469 ad
2948 2415 3218 2486 synodum
3251 2415 3562 2469 Antiochiae
3584 2429 3722 2468 con-

2129 2519 2210 2564 tra
2238 2509 2468 2562 Paulum
2521 2505 2945 2561 Samosatenum
2995 2507 3258 2573 habitam,
3295 2505 3566 2560 Laodicea
3615 2506 3722 2560 iter

2131 2602 2392 2666 haberet,
2427 2601 2712 2670 cpiscopus
2763 2615 2792 2654 ιι
2833 2599 3158 2656 Laodicenis
3208 2600 3414 2654 electus
3453 2608 3556 2653 est.
3591 2597 3724 2653 Flo-

2131 2693 2241 2748 ruit
2296 2693 2462 2763 igitur
2516 2692 2619 2748 sub
2657 2692 2942 2746 Aureliani
2974 2708 3039 2748 ac
3087 2691 3411 2746 Diocletiani
3445 2701 3720 2760 tempora,

2131 2784 2214 2836 vir
2244 2784 2296 2842 in
2343 2783 2534 2852 primis
2581 2783 2875 2848 eruditus,
2932 2794 2987 2838 et
3043 2782 3449 2838 mathematicis
3507 2781 3726 2838 artibus

2132 2875 2405 2931 excultus.

2205 2969 2309 3040 Qui
2336 2971 2478 3024 inter
2506 2977 2718 3023 czetcra
2746 2982 2986 3024 canones
3020 2965 3321 3022 Paschales
3345 2965 3620 3030 condidit;
3655 2979 3724 3018 ex

2133 3065 2335 3133 quibus
2361 3064 2474 3118 lucc
2499 3061 2765 3116 Eusebius
2817 3059 3080 3130 excripsit
3111 3078 3126 3115 :
3164 3059 3320 3132 Ἔχει
3341 3058 3524 3113 τοίνυν
3555 3061 3614 3110 ὲν
3645 3057 3728 3127 τῷ

2057 3191 2100 3248 c
2137 3156 2338 3228 πρώτῳ
2367 3153 2477 3208 ἔτει
2500 3153 2600 3224 τὴν
2628 3152 2933 3224 νουμηνίαν
2965 3151 3061 3204 τοῦ
3107 3151 3328 3224 πρώτου
3364 3151 3568 3222 μηνός·
3599 3151 3728 3220 ἥτις

2138 3248 2357 3318 ἁπάσης
2397 3245 2546 3298 ἐστὶν
2582 3245 2682 3316 τῆς
2719 3242 3398 3316 ὲννεακαιδεκαετηρίδος,
3445 3241 3551 3312 τῆς
3599 3243 3728 3296 κατ’

2136 3337 2465 3408 Αἰγυπτίους
2521 3337 2618 3408 μὲν
2661 3335 2925 3407 Φαμενὼθ
2981 3337 3114 3408 ἕκτῃ
3186 3338 3284 3390 καὶ
3333 3335 3534 3401 εἰκάδι,
3578 3336 3728 3388 γειτᾶ

2137 3431 2196 3485 δὲ
2241 3429 2368 3494 τοὺς
2425 3427 2755 3483 Μακεδόνων
2817 3428 2994 3500 μῆνας
3051 3427 3294 3499 Δύστρου
3344 3426 3580 3498 δευτέρᾳ
3629 3427 3730 3480 καὶ

2138 3523 2348 3586 εἰκάδι,
2401 3521 2478 3585 ὡς
2539 3520 2584 3573 δ’
2637 3521 2702 3574 ἂν
2749 3519 2955 3574 εἴποιεν
3016 3520 3310 3590 Ῥωμαῖοι,
3364 3520 3473 3590 πρὸ
3529 3521 3730 3574 ἕνδεκα.

2139 3611 2432 3668 Καλανδῶν
2477 3611 2820 3682 Ἀπριλλίων.
2871 3610 3206 3684 Εὑρίσκεται
3235 3611 3292 3666 δὲ
3320 3613 3348 3665 ὁ
3375 3612 3532 3682 ἥλιος
3565 3613 3624 3664 ἐν
3659 3614 3728 3682 τῇ

2141 3703 2476 3777 προκειμένῃ
2500 3701 2760 3773 Φαμενὼθ
2799 3703 2934 3776 ἕκτῃ
2971 3702 3068 3755 καὶ
3095 3702 3295 3766 εἰκάδι,
3323 3703 3383 3756 οὗ
3411 3703 3578 3776 μόνον
3605 3705 3730 3755 ἐπι-

2141 3797 2242 3859 ϐὰς
2280 3793 2374 3848 τοῦ
2419 3793 2637 3867 πρώτου
2685 3795 2996 3868 τμήματος,
3031 3793 3147 3848 ἀλλ’
3188 3795 3291 3868 ἤδη
3323 3795 3420 3848 καὶ
3453 3793 3730 3866 τετάρτην

2141 3888 2356 3960 ἡμέραν
2389 3890 2448 3940 ἐν
2479 3886 2628 3958 αὑτῷ
2651 3887 3131 3960 διαπορευόμενος.
3165 3887 3337 3940 Τοῦτο
3364 3886 3422 3942 δὲ
3444 3886 3507 3939 τὸ
3530 3887 3730 3958 τμῆμα

2143 3979 2360 4052 πρῶτον
2383 3979 2878 4051 δωδεκατημόριον,
2906 3980 2999 4032 καὶ
3037 3979 3376 4052 ἰσημερινὸν,
3413 3979 3511 4033 καὶ
3541 3979 3730 4050 μηνῶν

2144 4069 2338 4144 ᾀρχὴν,
2375 4072 2470 4125 καὶ
2498 4069 2738 4142 κεφαλὴν
2766 4071 2860 4124 τοῦ
2891 4071 3112 4136 κύκλου,
3153 4071 3249 4123 καὶ
3277 4069 3474 4140 ἄφεσιν
3497 4070 3593 4124 τοῦ
3619 4071 3730 4124 τῶν

2145 4162 2434 4236 πλανητῶν
2455 4163 2657 4235 δρόμου
2701 4162 2887 4216 καλεῖν
2910 4161 3135 4216 εἰώθασι
3153 4177 3168 4191 ·
3201 4163 3264 4216 τὸ
3290 4162 3346 4216 δὲ
3378 4162 3486 4234 πρὸ
3507 4162 3726 4229 τούτου,

2149 4255 2338 4326 μηνῶν
2379 4255 2626 4324 ἔσχατον,
2662 4255 2757 4310 καὶ
2790 4255 2988 4326 τμῆμα
3029 4255 3352 4318 δωδέκατον,
3401 4255 3500 4308 καὶ
3543 4255 3724 4307 salso-

2145 4347 2292 4398 ταῖον
2325 4345 2794 4417 δωδεκατημόριον
2813 4387 2827 4410 ,
2859 4347 2952 4400 καὶ
2987 4347 3138 4410 τέλος
3164 4349 3264 4418 τῆς
3294 4345 3403 4399 τῶν
3439 4345 3728 4416 πλανητῶν

2146 4437 2380 4490 ὲπιόδου.
2418 4437 2506 4490 Διὸ
2538 4439 2633 4490 καὶ
2672 4439 2797 4501 τοὺς
2827 4441 2884 4492 ἐν
2915 4437 3062 4509 αὐτῷ
3090 4437 3407 4508 τιθεμένους
3445 4437 3538 4490 τὸν
3573 4437 3728 4507 πρῶ-

467 4515 699 4568 mediam
735 4525 969 4582 noctem,
1007 4532 1036 4570 a
1075 4533 1182 4585 qua
1217 4517 1360 4571 dicm
1396 4516 1694 4571 Christiani
1757 4517 2028 4572 inchoant.

2144 4543 2236 4580 τον
2269 4529 2433 4598 μῆνα,
2480 4527 2575 4579 καὶ
2608 4527 2706 4596 τὴν
2752 4528 3349 4598 τεσσαρεσκαιδεκάτην
3389 4526 3483 4580 τοῦ
3536 4527 3728 4595 Πάσχα

465 4603 596 4660 Item
627 4607 790 4675 paulo
817 4618 938 4676 post
977 4611 1168 4664 scribit
1195 4610 1491 4666 nonnullos
1543 4611 1880 4665 liebdomada
1912 4627 2042 4666 san-

465 4705 553 4751 cta
584 4697 807 4767 vigilare
860 4699 960 4769 τὴν
1019 4700 1158 4769 μετὰ
1205 4700 1304 4771 τὴν
1335 4702 1592 4772 πέμπτην
1623 4701 2042 4770 ὲπιφώσκουσαν

464 4787 547 4850 εἰς
571 4787 632 4840 τὸ
657 4787 1054 4858 προσάϐϐατον.
1090 4789 1190 4844 Ubi
1221 4789 1554 4858 ὲπιφώσκειν
1583 4791 1799 4846 videtur
1823 4795 2044 4862 proprie

465 4881 790 4950 sumpsisse,
823 4881 976 4951 quasi
1008 4897 1114 4936 nox
1145 4883 1405 4952 postridie
1437 4883 1700 4950 lucescat,
1739 4886 1844 4941 hoc
1877 4896 1960 4940 est
1990 4888 2043 4941 in

468 4971 644 5026 lucem
682 4971 920 5026 desinat.
951 4968 1176 5027 Noctem
1210 4973 1354 5026 enim
1413 4973 1684 5046 intelligit.
1717 4991 1840 5045 qua:
1877 4975 2044 5031 Para-

465 5077 676 5117 seevem
707 5063 978 5131 praecedit.

535 5154 656 5210 Col.
679 5155 783 5210 954
804 5155 989 5210 D.Kai
1015 5156 1108 5211 ὅτι
1143 5154 1482 5220 ἀνάστασις
1511 5156 1608 5210 καὶ
1636 5157 1930 5227 ἰσημερία.
1967 5157 2044 5212 En

467 5246 672 5301 erroris
709 5255 1112 5318 argumentum.
1157 5247 1434 5304 Christum
1470 5250 1636 5311 enim,
1679 5266 1838 5319 quem
1877 5251 2048 5319 tequi-

469 5341 653 5394 noctio
671 5341 786 5409 ipso
801 5341 1170 5397 resurrexisse
1185 5341 1480 5405 didicerat,
1495 5342 1595 5398 hoc
1615 5353 1700 5399 est
1723 5361 1824 5398 xxv
1844 5343 2046 5410 Martii,

467 5447 535 5487 eo
555 5433 641 5488 die
661 5437 1032 5490 resurrexisse
1059 5435 1307 5504 credidit,
1325 5453 1434 5507 quo
1453 5435 1768 5491 Diocletiani
1800 5447 2046 5506 tempore

469 5525 856 5593 aequinoctium
915 5527 1138 5596 incidit;
1193 5545 1317 5583 nam
1349 5545 1414 5583 ex
1445 5529 1714 5591 Anatolio,
1749 5539 1809 5582 ut
1831 5529 2046 5596 opinor,

473 5628 528 5674 et
559 5620 940 5678 Alexandrinis
991 5623 1266 5678 veteribus
1309 5623 1694 5694 aequinoctium
1723 5621 1900 5676 Martii
1936 5637 2048 5676 xm

477 5715 687 5772 statuit.
714 5728 838 5767 cum
862 5713 1142 5769 Nicatnum
1190 5716 1399 5784 aliquot
1419 5717 1576 5770 annis
1603 5725 1788 5785 postea
1818 5717 1870 5768 in
1901 5714 2048 5769 vice-

477 5795 674 5852 simum
723 5813 960 5866 primum
1011 5803 1273 5858 intulerit.
1335 5803 1487 5860 Unde
1535 5808 1626 5876 qui
1660 5815 2048 5863 successerunt

2144 4619 2263 4671 κατ’
2295 4617 2463 4690 αὐτὴν
2488 4613 2866 4689 λαμϐἁνοντας
2909 4617 2969 4669 οὐ
3013 4618 3248 4690 μικρῶς,
3289 4619 3400 4671 οὐδ’
3429 4617 3508 4681 ὼς
3541 4617 3730 4687 ἔτυχεν

2145 4711 2481 4782 ἁμαρτάνειν
2509 4710 2714 4782 φαμέν.
2741 4707 2868 4764 Hazc
2895 4725 2994 4763 nos
3027 4709 3216 4762 Latine
3245 4709 3316 4763 ita
3346 4709 3682 4764 reddidimus
3709 4726 3724 4760 :

2147 4802 2318 4856 liabet
2349 4819 2504 4858 varro
2534 4803 2590 4856 in
2617 4819 2754 4855 anno
2781 4802 2952 4870 primo
2977 4801 3165 4854 mensis
3181 4801 3341 4868 primi
3361 4801 3721 4864 neomeniam;

2146 4911 2262 4964 qua:
2283 4895 2442 4948 totius
2477 4891 3000 4948 enneadrcaeteridos
3031 4891 3242 4944 initium
3265 4900 3372 4956 est,
3401 4889 3726 4944 Phamenotlt

2146 4986 2432 5040 secundum
2499 4985 2780 5056 ngyptios
2851 4999 3013 5046 κλιί,
3075 4979 3364 5034 secundum
3409 4979 3724 5034 Macedones

2147 5075 2330 5146 Dystri
2385 5092 2516 5139 tum,
2547 5085 2600 5127 ut
2637 5086 2812 5127 autem
2839 5073 3233 5126 Romanomore
3259 5071 3472 5139 loquar,
3507 5087 3562 5126 ιιι
3593 5069 3719 5125 Kal.

2148 5167 2278 5235 Apr.
2312 5167 2427 5231 Quo
2453 5165 2773 5236 quidemeae
2795 5180 2922 5218 xxvn
2955 5162 3305 5224 Phamenoth,
3329 5163 3410 5216 sol
3431 5180 3536 5216 non
3575 5164 3726 5216 modo

2149 5259 2375 5326 primum
2399 5257 2638 5327 signiferi
2675 5231 2996 5327 R’gmeutum
3017 5255 3276 5323 ingressus
3319 5253 3609 5321 reperitur,
3639 5253 3727 5305 scd

2149 5351 2306 5403 etiam
2345 5360 2592 5418 quartum
2617 5347 2734 5415 jam
2766 5349 2821 5400 in
2851 5345 2945 5399 illo
2990 5347 3130 5399 diem
3175 5346 3518 5413 percurrisse.
3565 5349 3728 5414 Atque

2150 5439 2245 5492 Iwc
2293 5439 2524 5506 primum
2575 5445 2896 5506 segmentum
2953 5435 3435 5500 dodccatemorion,
3473 5446 3524 5487 et
3574 5433 3729 5504 tequi-

2154 5531 2396 5595 noctiale,
2430 5539 2478 5583 et
2505 5529 2758 5582 mensium
2799 5525 3172 5596 primordium,
3209 5542 3271 5578 ac
3307 5528 3439 5594 rycli
3469 5535 3651 5594 caput.
3677 5537 3724 5576 ct

2153 5620 2410 5692 quosdam
2447 5619 2584 5672 velut
2629 5620 2962 5691 planetarum
2995 5619 3249 5670 circuitus
3281 5632 3518 5669 carceres
3551 5627 3730 5682 appet-

2153 5714 2266 5766 lare
2297 5711 2487 5766 solent.
2541 5709 2892 5774 Quamobrem
2927 5711 3015 5778 qui
3045 5711 3098 5761 in
3136 5724 3195 5761 eo
3233 5709 3466 5778 primum
3507 5723 3727 5760 metuens

2157 5805 2508 5870 constituunt,
2549 5812 2598 5856 et
2650 5803 2701 5856 in
2741 5816 2800 5856 eo
2845 5802 3108 5854 decimam
3147 5807 3395 5853 auertant
3433 5801 3726 5854 vastitatem
