3994 6222
266 412 374 467 995

1191 416 1280 471 DE
1317 415 1506 472 ANNO
1549 417 1637 471 ΕΤ
1677 418 1785 471 DIE
1825 419 2180 478 ltOMlNlC/E
2217 425 2597 486 PASSIONIS.

3430 437 3536 496 9M.

268 537 554 596 usurpant,
594 545 682 583 eos
717 546 822 584 non
865 531 1200 586 mediocriter
1241 534 1491 588 aberrare
1537 536 1849 590 statuimus.
1885 539 1929 593 A
1956 543 2099 605 poris
2126 552 2386 597 momento
2416 545 2516 598 illa
2549 555 2742 616 quarta
2773 562 2901 616 pars
2936 547 3064 610 diei,
3100 563 3218 618 qua:
3257 552 3538 605 annuatim

264 621 408 676 Cum
436 622 604 692 igitur
629 624 1018 692 aequinoctium
1062 624 1244 680 Martii
1287 643 1402 680 xxii
1441 626 1677 693 ﬁxisset,
1719 643 1850 696 per-

266 715 468 768 mirum
497 714 600 770 hoc
635 715 911 786 plerisque
945 718 1122 772 visum
1151 728 1255 777 est.
1296 719 1392 788 qui
1427 728 1482 774 et
1514 721 1849 777 recentiores

265 807 670 863 Alexandrinos
695 810 1012 879 scriptorcs,
1046 820 1119 872 et,
1162 813 1304 880 quod
1351 823 1511 882 caput
1536 821 1638 876 est,
1667 811 1846 867 Nicae-

267 915 395 954 nam
432 901 705 969 synodum
741 902 1007 957 vicesimo
1053 903 1231 972 primo
1275 903 1452 958 Martii
1494 904 1847 959 constituisse

267 993 652 1046 meminerant.
687 992 805 1058 Qua
829 993 896 1047 de
928 1009 985 1047 re
1028 993 1170 1048 Beda
1198 993 1490 1048 consultus
1517 1008 1846 1063 magnOpere

263 1093 495 1148 :estuat;
536 1093 591 1138 et
638 1100 666 1138 a
704 1083 902 1138 Ruﬁno
951 1095 1241 1156 corrupta,
1299 1086 1374 1139 uti
1419 1084 1563 1150 dixi,
1611 1086 1844 1139 Anatolii

262 1178 427 1230 verba
455 1176 756 1246 proferens,
801 1179 1039 1232 alienum
1081 1179 1148 1233 iis
1191 1194 1409 1233 sensum
1446 1180 1842 1233 accommodat.

265 1267 496 1322 Rulluus
520 1268 665 1321 enim
710 1268 782 1320 ita
821 1269 1002 1337 priora
1039 1268 1273 1323 reddidit
1313 1286 1326 1322 :
1363 1267 1458 1320 Est
1486 1284 1611 1337 ergo
1642 1269 1697 1320 in
1732 1269 1844 1336 pri-

261 1375 350 1412 mo
387 1374 526 1412 anno
552 1359 767 1412 initium
797 1361 956 1427 primi
996 1360 1208 1423 mensis,
1241 1359 1453 1430 quando
1483 1371 1558 1413 est
1589 1359 1763 1412 decem
1793 1367 1842 1412 et

262 1467 443 1505 novem
475 1467 734 1505 annorum
758 1452 990 1514 initium,
1012 1452 1296 1506 secundum
1326 1451 1612 1522 lEgyptios
1633 1451 1844 1522 quidem

260 1542 595 1597 Phamenoth
627 1558 793 1610 XXVI;
833 1544 1120 1598 secundum
1151 1545 1411 1596 Romanos
1443 1559 1560 1596 vero
1602 1559 1652 1596 xu
1710 1540 1839 1594 Kal.

262 1642 398 1706 Apr.
441 1636 503 1689 lu
523 1653 626 1706 qua
653 1637 738 1689 die
766 1635 1032 1690 inuenitur
1055 1635 1135 1689 sol
1155 1651 1257 1688 non
1287 1636 1452 1688 solum
1479 1636 1842 1689 conscendisse

259 1738 490 1806 primam
526 1744 750 1802 portent,
788 1749 965 1787 verum
994 1733 1154 1786 etiam
1175 1742 1421 1802 quartam
1439 1732 1558 1801 jam
1580 1733 1635 1785 in
1656 1733 1840 1786 eadem

257 1827 345 1881 die
371 1825 582 1889 habere,
615 1824 670 1877 id
697 1833 774 1878 est
803 1823 858 1877 in
890 1823 1066 1892 prima
1091 1838 1154 1877 ea:
1185 1839 1261 1876 xtl
1293 1824 1554 1893 partibus,
1583 1831 1686 1878 etc.
1708 1822 1839 1890 Quae

258 1917 404 1972 Beda
428 1916 508 1972 sic
545 1915 746 1986 accipit
784 1913 1308 1986 quuinoctiumoh
1333 1915 1632 1970 bissextum
1666 1916 1839 1970 inter-
1872 1896 1915 1950 Β

258 2010 390 2064 dum
423 2007 480 2062 in
512 2023 586 2063 xu
622 2005 1048 2072 Kal.,interdum
1072 2007 1124 2061 in
1167 2022 1218 2061 xl
1253 2006 1508 2061 incurrit.
1541 2005 1678 2061 Nam
1713 2022 1838 2062 cum

257 2099 513 2154 Julianus
546 2112 725 2153 annus
759 2095 1142 2166 Egyptiacum
1179 2105 1234 2152 et
1275 2098 1575 2166 simplicem
1609 2097 1759 2152 horis
1786 2112 1836 2151 vt

259 2199 504 2260 superet.
549 2189 861 2258 aequinoctii
898 2187 1284 2258 μετέμπτωσις
1321 2187 1378 2240 lit
1411 2187 1463 2240 in
1501 2201 1646 2240 anno
1683 2201 1838 2242 com-

259 2281 437 2338 muni.
489 2280 670 2348 Quare
725 2279 797 2335 sit
832 2278 1220 2349 aequinoctium
1275 2293 1421 2332 anno
1451 2279 1567 2347 ipso
1626 2278 1838 2334 bissex-

261 2374 341 2430 tili
371 2387 466 2428 xxi
506 2371 708 2436 Martii,
747 2387 914 2427 mane
965 2385 1110 2426 anno
1145 2371 1321 2442 primo
1360 2378 1484 2440 post
1535 2370 1835 2425 bissextum

259 2465 467 2523 incidet
492 2466 547 2521 in
576 2465 860 2522 meridiem
901 2483 914 2521 :
954 2479 1099 2520 anno
1125 2479 1161 2518 ιι
1191 2475 1314 2535 post
1333 2465 1632 2519 bissextum
1657 2464 1713 2518 in
1741 2477 1838 2519 oc-

256 2573 449 2616 casum
505 2557 610 2615 dlei
669 2571 799 2623 xxi,
863 2571 1009 2612 anno
1061 2573 1122 2611 ιιι
1171 2557 1228 2612 in
1298 2557 1533 2612 mediam
1585 2566 1834 2620 noctem;

257 2665 409 2707 anno
443 2667 495 2705 tv
527 2666 623 2721 per
650 2650 1122 2705 intercalationcm
1159 2664 1188 2703 a
1220 2663 1332 2702 xxii
1367 2648 1562 2703 iterum
1593 2647 1646 2702 in
1676 2663 1764 2701 xxi
1785 2655 1840 2703 et

258 2743 592 2797 matutinum
628 2749 844 2811 tempus
878 2741 1112 2796 recedet.
1154 2740 1291 2794 Cum
1332 2740 1498 2810 igitur
1538 2740 1592 2793 in
1643 2754 1835 2809 vespe-

258 2850 401 2900 ram,
441 2833 526 2888 vel
568 2833 800 2888 mediam
848 2840 1066 2890 noctem
1110 2831 1321 2896 incidit,
1368 2829 1433 2884 ad
1469 2845 1522 2884 xl
1567 2829 1686 2884 Kal.
1715 2845 1839 2900 per-

259 2923 424 2988 tinet;
451 2939 515 2976 eo
531 2923 677 2993 quod
708 2937 814 2976 nox
841 2922 959 2992 ipsa
984 2920 1428 2976 Christianorum
1454 2920 1561 2974 ritu
1588 2922 1836 2990 sequenti

258 3015 410 3070 feriae
447 3015 724 3069 tribuitur.
765 3014 900 3068 Cum
942 3024 1122 3067 autem
1170 3013 1236 3065 ad
1287 3011 1563 3067 meridiem
1599 3011 1683 3065 vel
1721 3027 1836 3066 ma-

257 3107 498 3163 tutinum
533 3115 747 3177 tempus
784 3105 1052 3176 pervenit,
1077 3102 1256 3160 Martii
1292 3119 1405 3170 xxi,
1433 3104 1548 3160 sive
1572 3119 1650 3158 xu
1706 3103 1833 3157 Kal.

257 3201 387 3269 Apr.
434 3206 740 3266 arrogatur.
797 3196 967 3262 Unde,
1014 3196 1213 3266 inquit,
1271 3195 1505 3251 consulte
1553 3196 1836 3251 Anatolius

257 3280 363 3343 non
387 3298 526 3344 vetat
551 3289 606 3342 in
641 3304 716 3351 χι,
749 3292 842 3343 sed
868 3298 989 3343 ante
1019 3305 1075 3342 ιι
1105 3286 1234 3342 Kal.
1297 3289 1425 3358 Apr.
1462 3288 1672 3342 Pasclta
1715 3288 1839 3341 cele-

256 3381 423 3434 brari.
455 3379 576 3434 Non
603 3381 741 3434 enim
769 3383 940 3443 prima
983 3382 1124 3435 sedis
1162 3381 1546 3451 wquinoctialis
1579 3391 1836 3449 tempora,

256 3470 350 3522 sed
378 3469 569 3523 ultima
607 3471 834 3540 signavit
878 3486 895 3525 :
939 3472 1038 3524 hoc
1083 3482 1159 3525 est
1199 3488 1282 3537 ea,
1329 3488 1362 3525 a
1400 3471 1587 3541 quibus
1617 3470 1838 3526 Pascha:

256 3560 660 3614 celebrationem
696 3562 924 3628 incipere
961 3576 1111 3630 posse
1159 3571 1394 3616 noverat.
1441 3563 1575 3616 Cum
1618 3564 1755 3616 enim
1799 3578 1836 3616 ll

257 3653 336 3706 uel
354 3667 410 3705 ιιι
439 3668 577 3706 ιιηηο
599 3663 713 3722 post
743 3653 1032 3707 bissextum
1064 3653 1287 3709 Pascha:
1309 3653 1420 3708 dies
1455 3653 1758 3709 Dominicus
1782 3657 1838 3708 in

255 3761 311 3801 ιι
346 3743 476 3799 Kal.
509 3745 636 3815 Apr.
674 3748 987 3812 occurrerit,
1019 3757 1226 3801 constat
1252 3748 1524 3813 nimirum,
1548 3749 1687 3818 quod
1717 3765 1837 3801 cum

254 3839 572 3906 (equinoctio
595 3838 820 3894 Pascha:
841 3840 951 3894 dies
977 3840 1296 3894 inchoatur:
1328 3840 1482 3908 cujus
1511 3839 1838 3893 caeremoniae

255 3942 434 4004 partes
469 3933 800 3987 celebrantur
823 3935 994 4003 prima
1011 3944 1189 3998 nocte;
1213 3949 1330 3986 cum
1346 3932 1527 3987 eadem
1549 3931 1833 3995 mediante,

256 4027 336 4079 uel
363 4025 639 4078 inchoante
662 4025 971 4094 perﬁciatur
998 4024 1390 4095 wquinoctium.
1431 4021 1562 4076 Tant
1592 4039 1708 4076 vero
1737 4024 1837 4076 rite

259 4118 469 4172 Pascha
496 4117 801 4188 peragitur;
854 4119 978 4186 quia
1010 4115 1432 4181 resurrectionis,
1457 4130 1572 4184 qua:
1597 4114 1834 4168 diluculo

257 4212 405 4281 facta
431 4221 528 4276 est,
559 4211 826 4280 praecipua
870 4225 992 4278 pars
1031 4217 1145 4278 post
1187 4208 1560 4278 a'quinoctium
1602 4208 1836 4262 celebra-

257 4315 365 4356 tur.
395 4301 520 4358 llaec
561 4302 672 4357 fere
705 4301 845 4356 Beda
870 4301 966 4355 lib.
1002 4301 1072 4354 De
1112 4301 1307 4371 a'qu-in.
1343 4299 1444 4366 Qui
1479 4299 1560 4355 sic
1591 4299 1833 4355 Anatolii

256 4397 423 4452 verba
449 4395 690 4450 declarat
719 4413 733 4450 :
767 4393 904 4449 Cum
938 4393 1048 4448 duo
1071 4394 1180 4450 sint
1209 4395 1540 4465 aequinoctio
1581 4394 1834 4450 attributi

255 4492 397 4556 dies,
429 4490 743 4544 Anatolium
782 4488 849 4542 de
876 4487 1182 4558 posteriore
1212 4488 1391 4558 loqui:
1445 4489 1499 4542 in
1541 4502 1652 4558 quo
1686 4487 1834 4544 scili-

1958 646 2253 686 accrescere
2293 633 2448 699 solet,
2504 638 2791 691 secundum
2854 651 3101 692 naturam
3145 642 3379 709 perfecta
3423 659 3536 698 esse

1956 723 2308 793 dignoscitur.
2365 726 2547 793 Quare
2589 729 2674 783 sol
2722 746 2846 785 cum
2887 731 3279 802 aequinoctium
3328 734 3531 806 attigit.

1950 813 2062 882 jam
2112 815 2217 869 diei
2275 819 2632 886 quadrantem
2693 820 2945 876 absolvit.
2992 821 3160 888 Quasi
3206 823 3352 880 dicat
3399 825 3535 880 :Ab

1953 906 2278 971 aequinoctio
2315 923 2424 962 uno
2452 926 2624 964 verno
2653 912 2719 966 ad
2755 914 3010 977 alterum,
3041 916 3158 971 dies
3188 917 3533 975 intercedunt

1954 995 2107 1050 solidi
2143 1011 2366 1066 cccuv,
2413 1009 2468 1054 et
2505 1001 2652 1057 horae
2697 1019 2770 1057 νι.
2821 1006 3024 1060 Verum
3068 1017 3126 1062 ut
3169 1019 3432 1080 quantum
3462 1012 3532 1065 ab

1951 1085 2188 1140 Anatolii
2233 1103 2397 1143 sensu
2453 1091 2743 1157 deerrat-it,
2798 1096 3091 1166 intelligas,
3140 1097 3373 1169 insignis
3418 1102 3532 1169 pri-

1953 1193 2102 1231 mum
2138 1179 2228 1234 ille
2262 1181 2417 1236 locus
2453 1198 2482 1236 a
2520 1185 2680 1239 nobis
2718 1187 3101 1256 explanandus
3134 1199 3236 1243 est.

2019 1268 2218 1324 Cei‘iset
2269 1272 2434 1342 igitur
2481 1275 2772 1330 Anatolius
2823 1294 3067 1333 mensem
3124 1280 3361 1349 primum
3396 1281 3527 1335 anni

1952 1360 2112 1428 primi
2151 1362 2316 1419 totius
2356 1367 2490 1435 cycli
2526 1368 3044 1425 decemnovennalis
3087 1372 3389 1443 νουμηνίαν
3428 1373 3530 1426 ha-

1951 1449 2078 1503 bere
2117 1450 2170 1504 in
2218 1469 2342 1506 xxvi
2395 1453 2756 1522 Phamenoth,
2810 1461 2925 1516 sive
2972 1460 3151 1516 Martii
3187 1479 3322 1528 χχιι,
3358 1463 3442 1518 vel
3472 1479 3528 1518 xl

1949 1537 2068 1595 Kal.
2107 1542 2263 1612 Apr.,
2305 1561 2414 1614 qua
2449 1547 2534 1601 die
2565 1550 2644 1602 sol
2682 1552 2916 1620 primum
2943 1540 3153 1607 zodiaci
3188 1565 3527 1625 segmentum

1949 1635 2235 1701 percurrit.
2263 1634 2422 1700 Quod
2469 1651 2838 1707 segmentum,
2862 1643 3097 1710 primum
3141 1641 3527 1712 δωδεκατημό-

1952 1739 2084 1793 ριον,
2126 1735 2181 1780 ct
2232 1727 2576 1798 ἰσημερινὸν,
2622 1739 2676 1784 et
2714 1733 3040 1802 principium
3080 1735 3387 1801 mensium,
3432 1735 3531 1788 ad-

1946 1829 2120 1885 eoque
2171 1819 2308 1888 eycli
2365 1821 2536 1876 totius
2600 1824 2871 1893 appellat,
2919 1834 2972 1879 et
3019 1825 3213 1893 ἄφεσιν
3267 1825 3364 1878 τοῦ
3416 1825 3528 1878 τῶν

1947 1905 2235 1978 πλανητῶν
2263 1909 2499 1982 δρόμου,
2536 1912 2640 1969 hoc
2671 1923 2777 1976 est,
2809 1917 2955 1968 velut
2998 1932 3246 1971 carceres
3289 1933 3354 1970 ex
3407 1917 3530 1985 qui-

1947 1998 2051 2052 bus
2091 2000 2438 2058 emittuntur.
2485 2002 2622 2058 Nam
2683 2006 3070 2061 absolutionem
3135 2007 3365 2062 llulinus
3419 2024 3525 2061 non

1947 2101 2091 2148 recte
2120 2093 2508 2164 interpretatus
2538 2108 2647 2160 est,
2682 2098 2790 2152 nisi
2823 2097 3030 2153 absolvi
3054 2098 3240 2153 stellas
3265 2099 3338 2154 sit
3361 2098 3525 2156 idem.

1945 2184 2089 2254 quod
2110 2185 2306 2240 emitti.
2335 2186 2660 2256 Quanquam
2706 2189 2916 2259 epocha
2958 2189 3070 2254 illa,
3109 2191 3224 2245 sive
3262 2199 3525 2260 punctum

1946 2279 2510 2349 requinoctialcddem
2547 2281 2827 2350 sequentis
2856 2297 3054 2337 cursus
3085 2282 3300 2337 inititnn
3331 2291 3435 2342 est.
3473 2293 3528 2336 et

1945 2370 2319 2425 antecedentis
2349 2371 2617 2425 terminus
2649 2388 2664 2424 :
2701 2373 2848 2426 unde
2881 2373 3236 2426 vehementer
3265 2387 3364 2428 eos
3414 2372 3530 2428 hal-

1948 2463 2176 2518 lucinari
2235 2462 2434 2528 docet,
2501 2463 2595 2534 qui
2676 2464 2731 2517 in
2801 2465 3078 2518 anteriore
3139 2474 3527 2536 postremoque

1945 2565 2224 2625 segmento
2287 2570 2530 2610 mensem
2603 2554 2877 2625 primum,
2939 2563 2992 2610 et
3059 2571 3149 2610 xlv
3210 2557 3522 2626 paschalem

1944 2647 2304 2701 constituunt.
2348 2643 2536 2701 Grieca
2576 2645 2722 2700 enim
2754 2648 2821 2700 ad
2854 2646 3001 2701 hunc
3041 2661 3263 2702 sensum
3301 2661 3525 2701 accom-

1945 2739 2214 2793 modanda
2265 2754 2386 2793 esse
2430 2738 2604 2794 series
2657 2741 2774 2810 ipsa
2825 2739 3094 2795 orationis
3148 2739 3396 2794 indicat:
3436 2740 3528 2793 Διὸ

1945 2832 2039 2886 καὶ
2063 2832 2190 2895 τοὺς
2215 2833 2273 2884 ὲν
2295 2831 2445 2903 αὐτῷ
2468 2831 2788 2903 τιθεμένους
2819 2832 2910 2886 τὸν
2945 2831 3160 2902 πρῶτον
3195 2833 3361 2904 μῆνα.
3394 2833 3528 2888 Pro-

1947 2937 2142 2978 nomen
2173 2922 2324 2994 αὐτῷ
2350 2924 2416 2977 ad
2439 2923 2748 2977 τελευταῖον
2773 2923 3268 2996 δωδεκατημόριον,
3295 2933 3348 2979 et
3372 2925 3527 2988 τέλος

1943 3015 2042 3084 τῆς
2092 3015 2200 3068 τῶν
2260 3014 2545 3087 πλανητῶν
2603 3015 2853 3087 περιόδου
2907 3016 3161 3086 pertinet.
3213 3014 3322 3072 Nec
3379 3025 3526 3070 recte

1945 3105 2164 3174 quidam
2213 3107 2508 3160 emendant
2561 3105 2668 3177 πρὸ
2715 3103 2905 3160 αὐτοῦ.
2961 3104 3097 3160 Nam
3141 3106 3209 3162 de
3245 3115 3526 3174 postremo

1948 3208 2226 3268 segmento
2258 3200 2520 3268 loquitor.
2560 3198 2747 3268 Pergit
2780 3199 2976 3254 deinde
3009 3213 3025 3252 :
3061 3199 3174 3253 Καὶ
3202 3199 3301 3270 τὴν
3334 3199 3390 3253 ιδ’
3428 3199 3525 3253 τοῦ

1941 3291 2133 3362 Πάσχα
2172 3292 2293 3346 κατ’
2323 3291 2495 3360 αὐτὴν
2536 3291 2919 3362 λαμῦάνοντας
2945 3291 3008 3344 οὐ
3041 3291 3278 3363 μικρῶς,
3306 3291 3415 3346 οὐδ’
3447 3292 3525 3356 ὡς

1939 3382 2129 3453 ἔτυχεν
2179 3384 2517 3454 ἁμαρτάνειν
2566 3383 2768 3454 φαμέν.
2827 3383 2932 3438 Pro
2986 3383 3113 3437 κατ’
3169 3383 3343 3453 αὑτήν
3397 3400 3522 3439 οιιι-

1938 3474 2072 3528 nino
2121 3472 2240 3526 κατ’
2293 3473 2426 3527 αὑτό
2490 3473 2779 3543 legendum
2836 3473 3063 3530 allirmo.
3092 3472 3239 3528 Nihil
3265 3477 3410 3530 enim
3441 3486 3524 3531 cst

1939 3582 2049 3638 quo
2126 3565 2416 3621 commode
2493 3583 2794 3636 pronomen
2870 3567 3004 3621 illud
3093 3566 3382 3622 referatur.
3452 3571 3524 3622 At

1937 3659 2187 3730 proxime
2231 3658 2463 3717 dixerat,
2520 3658 2646 3721 τοὺς
2685 3659 2742 3710 ὲν
2794 3656 2941 3728 αὒτῷ
2983 3657 3322 3728 τιθεμένους,
3369 3658 3522 3713 vide—

1939 3751 2063 3805 licet
2093 3751 2382 3820 τελευταίῳ
2417 3752 2689 3822 τμήματι.
2731 3749 2886 3815 Quod
2939 3751 2984 3804 si
3033 3751 3158 3819 quis
3195 3751 3260 3803 ad
3295 3766 3358 3804 ea
3400 3766 3523 3818 qua:

1939 3845 2230 3898 remotiora
2271 3853 2420 3909 sunt,
2453 3853 2581 3914 puta
2621 3843 2806 3914 μηνῶν
2837 3844 3032 3915 ἀρχήν,
3069 3853 3122 3897 et
3159 3843 3423 3913 κεφαλήν,
3469 3853 3524 3896 et

1937 3935 2132 4004 ἄφεσιν
2187 3937 2459 4006 pertinere
2508 3936 2849 4001 contendat;
2904 3935 3247 3989 cmltrarium
3297 3934 3518 4002 quidem

1937 4027 2078 4098 ejus,
2124 4027 2270 4096 quod
2325 4043 2654 4097 pugnamus,
2707 4026 2966 4097 quodque
3023 4026 3337 4081 Anatolium
3393 4041 3522 4080 sen-

1938 4119 2079 4174 sisse
2116 4119 2392 4181 volumus,
2423 4133 2487 4172 ex
2530 4133 2592 4172 ea
2621 4118 2875 4173 oratione
2920 4129 3201 4186 sequetur.
3248 4113 3516 4170 Nimirum

1938 4226 2045 4265 non
2097 4210 2261 4265 licere
2324 4225 2415 4263 xw
2487 4210 2798 4279 paschalem
2859 4209 3038 4278 primo
3095 4208 3187 4263 illo
3231 4209 3351 4272 die,
3410 4225 3519 4278 quo

1937 4301 2320 4371 :equinoctium
2351 4299 2663 4362 conﬁcitur,
2717 4300 2810 4354 sed
2864 4299 2919 4354 in
2960 4300 3230 4369 superiori
3264 4289 3520 4357 tmemate

1937 4392 2201 4463 deligere;
2256 4390 2486 4459 ideoque
2525 4388 2734 4444 Pascha
2771 4406 2884 4444 χχιι
2921 4390 3007 4444 die
3036 4391 3299 4445 celebrari
3331 4406 3514 4463 posse.

1940 4481 1999 4538 Si
2016 4482 2163 4537 enim
2189 4479 2344 4536 nefas
2366 4490 2450 4535 est
2477 4480 2600 4533 κατ’
2629 4481 2802 4553 αὐτὴν
2822 4479 2920 4552 τὴν
2947 4480 3159 4552 ἡμέραν
3180 4484 3516 4552 aequinoctii,

255 4593 346 4639 cet
371 4591 528 4636 nocte
557 4581 671 4648 illa,
697 4596 818 4651 quae
848 4596 938 4634 xx:
961 4578 1138 4634 Martii
1171 4579 1313 4634 diem
1356 4578 1627 4649 sequitur,
1663 4577 1833 4648 aequi-
1862 4585 1908 4641 ι)
1938 4589 2029 4628 xw
2068 4573 2376 4644 paschalem
2424 4588 2657 4643 ponere,
2707 4572 2832 4627 licet
2893 4573 3058 4641 igitur
3105 4575 3351 4642 proximo
3392 4585 3519 4630 ante

256 4675 501 4730 noctium
534 4671 819 4741 contingit.
857 4669 968 4723 lmo
1012 4685 1142 4723 vero
1173 4670 1240 4724 de
1273 4669 1580 4739 vespertino
1614 4667 1833 4738 potissi-

258 4779 412 4819 mum
448 4763 777 4833 aequinoctio
818 4761 1102 4830 intelligit;
1147 4761 1294 4830 quod
1347 4758 1638 4813 Anatolius
1690 4759 1836 4813 dicat

256 4855 644 4912 celebrandum
680 4853 888 4909 Pascha
912 4894 928 4920 ,
969 4851 1188 4921 quando
1222 4851 1347 4904 luna
1385 4851 1485 4904 soli
1529 4850 1777 4919 opposita
1805 4865 1836 4903 e

259 4950 483 5019 regione
509 4945 956 5016 deprehenditur,
1010 4944 1091 4998 sic
1137 4951 1197 4996 ut
1237 4943 1475 4996 vernalis
1521 4937 1833 5010 aequinoctii

259 5046 470 5108 partem
507 5035 588 5089 sol
632 5035 910 5098 obtineat;
953 5033 1082 5087 luna
1114 5047 1244 5086 vero
1283 5031 1616 5086 autumnalis
1646 5049 1658 5084 :
1689 5029 1832 5095 Quid

260 5146 406 5200 ergo,
436 5127 631 5198 inquit,
670 5125 993 5188 mirandum,
1042 5127 1085 5178 si
1129 5125 1182 5176 in
1215 5141 1268 5178 xl
1319 5122 1440 5178 Kal.
1478 5126 1674 5193 cequin.
1715 5123 1837 5193 ﬁeri

259 5221 424 5282 dicat,
459 5234 578 5270 cum
623 5215 685 5270 de
739 5216 836 5269 illa
880 5216 1020 5286 loqui
1054 5232 1107 5268 se
1156 5217 1288 5269 liora
1327 5214 1582 5277 declaret,
1623 5215 1835 5282 quando

261 5310 532 5366 occidente
578 5308 647 5361 ad
687 5324 953 5377 uesperam
989 5307 1096 5360 sole
1136 5307 1264 5360 luna
1301 5323 1326 5360 e
1364 5307 1634 5359 contrario
1679 5322 1834 5359 suum

261 5402 464 5457 attollit
488 5397 980 5466 exortunt?Pergit
1013 5397 1230 5459 deinde,
1270 5407 1324 5451 et
1360 5397 1504 5466 quod
1548 5397 1836 5451 Anatolius

265 5494 567 5562 scripserat
603 5509 616 5544 :
649 5491 706 5543 in
732 5506 786 5543 xi
822 5488 947 5544 Kal.
981 5491 1111 5558 Apr.
1148 5489 1312 5543 solem
1341 5505 1440 5541 non
1488 5497 1695 5541 tantum
1727 5489 1838 5558 pri-

262 5600 406 5638 mam
446 5593 650 5652 partem
687 5579 782 5633 τοῦ
817 5579 1290 5650 δωδεκατημορίου
1333 5579 1715 5643 conscendisse,
1749 5595 1835 5631 ve-

262 5690 380 5726 rum
425 5673 583 5726 etiam
617 5677 867 5740 quartam
906 5667 1026 5737 jam
1065 5669 1119 5720 in
1161 5668 1348 5721 eodem-
1376 5669 1459 5721 die
1498 5669 1718 5732 habere;
1758 5671 1838 5727 sic

261 5764 517 5833 exponit:
549 5761 690 5826 Quia
709 5761 912 5830 quoties
945 5759 1314 5827 reﬁttinoctiale
1346 5771 1546 5829 tempus
1566 5761 1728 5829 juxta
1754 5780 1837 5816 ra-

264 5858 457 5911 tionem
485 5853 765 5924 praefatam
788 5854 908 5908 inxl
939 5849 1064 5905 Kal.
1097 5851 1304 5920 incidit,
1330 5853 1479 5906 toties
1504 5854 1556 5906 in
1575 5853 1688 5924 ipso
1714 5863 1836 5908 tem-

1875 5600 1906 5614 -Ι

1871 5650 1909 5670 V‘

1940 4665 2090 4719 illam
2137 4665 2244 4732 die,
2282 4673 2342 4719 ut
2387 4665 2634 4720 citimum
2679 4663 2891 4719 Pascha
2936 4680 3046 4718 xxii
3083 4663 3262 4720 Martii
3312 4668 3519 4722 consti-

1941 4767 2144 4826 tuatur,
2197 4757 2342 4827 quod
2397 4765 2452 4812 et
2497 4773 2687 4812 verum
2737 4766 2822 4813 est
2876 4767 3000 4828 post
3049 4755 3254 4811 Nicanii
3300 4759 3516 4814 concilii

1941 4858 2184 4920 tempora
2206 4849 2412 4903 licitum
2439 4866 2578 4905 esse.
2626 4850 2823 4905 Verum
2847 4850 2952 4906 hoc
2979 4851 3292 4906 Anatolium
3321 4852 3513 4906 existi-

1940 4956 2138 5002 masse,
2165 4949 2258 4995 aut
2281 4942 2481 4995 adeam
2505 4952 2738 4997 mentem
2767 4943 2911 4998 illius
2933 4943 3122 4998 referri
3144 4945 3305 4997 verba
3330 4959 3512 5013 posse,

1941 5031 1993 5085 id
2023 5045 2152 5085 vero
2191 5041 2504 5086 constanter
2533 5047 2689 5103 nego.
2725 5031 2779 5086 In
2816 5033 3007 5101 primis
3038 5035 3183 5087 enim
3215 5035 3514 5090 absurdum

1939 5133 2042 5188 est,
2098 5140 2398 5193 pronomen
2455 5125 2626 5196 αὐτήν
2679 5141 2802 5178 cum
2856 5126 2924 5181 iis
2977 5126 3340 5194 conjungere,
3394 5140 3516 5195 qua:

1943 5225 2094 5271 tanto
2125 5225 2250 5270 ante
2281 5218 2548 5272 orationis
2583 5218 2866 5271 intervallo
2911 5217 3085 5286 posita
3127 5225 3274 5271 sunt.
3310 5215 3516 5271 Deinde

1939 5308 2136 5363 refellit
2180 5323 2274 5363 eos
2317 5308 2623 5375 Anatolius,
2674 5310 2765 5378 qni
2805 5317 2930 5362 ante
2972 5307 3206 5376 primum
3263 5322 3517 5378 segmen-

1942 5409 2078 5466 tum,
2109 5409 2161 5454 et
2192 5402 2500 5471 aequinoctii
2526 5402 2668 5454 diem
2709 5401 2942 5470 primum
2974 5415 3218 5455 mensem
3266 5401 3515 5455 celebra-
3561 5391 3591 5462 ἓξ

1940 5490 2106 5557 bant;
2134 5492 2278 5560 quod
2320 5507 2428 5544 non
2470 5489 2792 5553 facerent,si
2840 5505 2933 5543 xlv
2972 5489 3280 5558 paschalem
3311 5489 3364 5542 in
3397 5489 3516 5558 ipso

1926 5579 2302 5651 ,azquinoctiali
2325 5580 2410 5634 dic
2444 5579 2769 5634 collocarent
2801 5598 2814 5633 :
2854 5579 2957 5632 hoe
2984 5579 3128 5633 enim
3161 5578 3321 5647 primi
3357 5592 3515 5632 men-

1940 5671 2014 5724 sis
2045 5671 2259 5726 initium
2294 5682 2396 5726 est.
2433 5670 2510 5723 Ad
2549 5671 2662 5725 lucc
2706 5687 2828 5740 qua:
2858 5686 2923 5725 ex
2959 5669 3272 5724 Judaeorum
3301 5669 3516 5738 placitis

1940 5765 2006 5819 ad
2033 5779 2184 5820 suam
2220 5765 2364 5818 illam
2404 5764 2741 5834 probandum
2789 5764 3116 5819 sententiam
3162 5760 3338 5825 allert,
3387 5761 3516 5814 nulo

1941 5855 2052 5909 lum
2095 5854 2378 5911 dubitamli
2414 5855 2592 5910 locum
2643 5856 2976 5925 relinquunt.
3013 5851 3341 5908 Slatuebant
3369 5851 3516 5907 enim
