3994 6222
465 409 572 466 935

1545 406 1894 466 APPENDIX
1939 407 2575 465 DlSSEBTATlONUM.

3611 401 3761 469 sas

463 527 706 582 seniores
745 523 852 586 illi,
907 531 1031 591 post
1075 522 1430 578 commissum
1481 523 1899 592 :equinoctium,
1963 522 2029 576 ad
2061 529 2106 584 Α
2135 524 2278 578 Beda
2317 525 2501 580 minus
2542 523 3042 592 animadvertisset,
3076 523 3214 581 falso
3247 522 3480 580 credidit
3511 523 3716 579 Anato-

461 630 766 683 vesperam,
815 629 924 682 quo
961 624 1202 684 tempore
1227 615 1352 669 luna
1385 616 1438 669 in
1491 615 1662 669 altero
1701 614 2032 682 aequinoctio

461 725 492 762 e
533 707 752 774 regione
812 706 982 760 solem
1035 705 1293 774 respicit,
1363 705 1461 776 τὴν
1506 705 1615 758 τῶν
1665 704 2034 775 διαϐατηρίων

461 797 676 865 ἑορτήν,
711 796 814 848 hoc
849 805 932 848 est
961 793 1170 848 Pascha
1201 793 1614 864 Judaicumeagi
1661 792 1878 846 debere.
1923 790 2034 845 lloc

460 893 641 934 autem
705 897 797 934 χιιι
857 882 981 935 luna
1046 881 1112 934 ad
1174 897 1454 950 vesperam
1539 881 1868 934 celebratum
1927 889 2032 932 est.

467 974 606 1042 Ergo
647 991 736 1027 xtv
781 975 832 1026 in
869 975 1044 1042 ipsum
1074 975 1456 1042 aequinoctium
1489 974 1683 1026 cadere
1715 971 1894 1034 debet,
1927 985 2046 1029 non

467 1063 770 1133 praecedere
821 1081 834 1118 :
883 1066 1008 1134 quia
1067 1064 1205 1134 μετὰ
1243 1064 1341 1135 τὴν
1395 1063 1704 1134 ἰσημερίαν,
1743 1073 1802 1115 ιιι
1837 1063 2036 1130 saepius

467 1153 680 1220 repetit,
711 1151 934 1206 iudaice
961 1152 1170 1208 Pascha
1201 1153 1564 1222 peragendum
1588 1161 1692 1206 est.

429 1265 434 1317 ς
531 1245 666 1296 Cum
689 1242 918 1312 igiturid
932 1244 1074 1312 quod
1095 1244 1306 1298 dixerat
1325 1259 1388 1297 ex
1409 1242 1724 1297 Judaeorum
1751 1243 2034 1297 doctorum

427 1323 432 1372 ἶ
463 1334 732 1387 sententia
778 1332 1082 1402 profectum
1117 1343 1367 1401 asserat;
1401 1333 1576 1388 Juthei
1612 1349 1777 1402 porro
1818 1347 1910 1386 xtv
1940 1347 2038 1386 ne-

423 1427 432 1494 ς
464 1433 590 1491 gent
629 1433 754 1476 ante
794 1425 1184 1492 aequinoctium
1233 1425 1396 1478 iudici
1451 1439 1612 1493 posse
1645 1423 2034 1478 :manil‘estum

463 1524 561 1580 est,
611 1515 924 1570 Anatolium
977 1516 1122 1570 nolle
1170 1530 1263 1568 xiv
1311 1525 1438 1568 ante
1489 1515 1666 1582 ipsum
1721 1514 2033 1582 aequinoctii

461 1605 604 1658 diem
638 1616 898 1660 statuere.
943 1605 1257 1660 Praesertim
1305 1621 1429 1659 cum
1475 1603 1792 1657 Christiana
1839 1619 1928 1657 xiv
1969 1619 2038 1657 ex

458 1697 825 1750 vetustissima
863 1695 1158 1750 traditione
1187 1699 1240 1748 in
1282 1694 1674 1762 :equinoctium
1701 1693 1899 1760 ipsum,
1927 1707 2036 1744 non

473 1795 602 1840 ante
641 1787 791 1840 hunc
829 1787 972 1840 diem
1009 1787 1251 1841 incidere
1293 1786 1504 1840 debeat.
1544 1783 1811 1849 Quocirca
1843 1781 2034 1837 vitiosa

459 1885 545 1930 est
580 1877 796 1945 vulgata
829 1877 920 1930 illa
956 1877 1116 1930 lectio
1155 1877 1272 1930 κατ’
1311 1876 1500 1944 αὑτήν,
1536 1882 1590 1928 et
1630 1874 1749 1926 κατ’
1783 1873 1914 1926 αὑτό
1949 1888 2032 1926 re-

463 1968 833 2022 scribendum.
877 1965 1034 2022 llunc
1065 1967 1308 2020 Anatolii
1348 1965 1528 2020 locum
1579 1964 1912 2020 novissimus
1943 1963 2028 2017 in-

463 2069 673 2128 terpres
708 2059 856 2127 (nam
892 2057 960 2112 de
1011 2056 1212 2112 Ruﬁno
1241 2057 1592 2126 postmodum
1635 2056 1882 2126 agemus)
1915 2069 2032 2109 ma-

463 2164 698 2219 gnOpere
734 2149 1070 2218 depravavit.
1115 2147 1208 2202 Sic
1254 2151 1399 2202 enim
1457 2147 1651 2202 vertit:
1695 2146 2031 2216 Quapropter

455 2241 546 2303 qui
574 2241 892 2309 principium
917 2241 1077 2308 primi
1108 2240 1302 2294 "tensis
1331 2240 1386 2292 in
1415 2237 1509 2292 illo
1538 2254 1666 2292 xxvr
1689 2239 1773 2292 die
1795 2237 2028 2291 Phame-

457 2331 582 2384 uotlt
621 2347 730 2385 esse
775 2340 987 2400 putant,
1041 2331 1109 2382 ad
1146 2345 1232 2382 xlv
1274 2330 1412 2382 diem
1461 2330 1702 2396 proxime
1741 2329 2029 2384 secundum

456 2423 632 2487 illum,
679 2423 870 2490 festum
907 2420 1192 2476 Paschalis
1237 2421 1608 2485 celebrandum
1645 2430 1910 2487 statuunt,
1940 2437 2028 2474 eos

455 2515 779 2566 vehementer
819 2529 1000 2567 errare
1039 2513 1288 2566 dicimus.
1323 2510 1542 2566 Putavit
1586 2511 1734 2582 αὑτῷ
1779 2511 1848 2566 ad
1899 2527 2030 2566 χχιί

457 2607 598 2659 diem
625 2605 918 2674 pertinere,
938 2619 1061 2658 cum
1085 2603 1152 2658 de
1179 2611 1456 2673 postremo
1475 2601 1722 2672 signiferi
1745 2612 2029 2674 segmento

459 2697 532 2750 sit
553 2695 952 2764 accipiendum.
972 2694 1338 2759 Quamobrem
1363 2709 1430 2748 ex
1452 2695 1742 2764 disputatis
1765 2695 2030 2750 hactenus

457 2796 700 2858 apparet,
746 2789 981 2857 primum
1025 2803 1266 2842 mensem
1299 2787 1616 2856 TrOpicum,
1651 2789 1766 2843 sive
1803 2787 2028 2860 Κριῶνα

457 2880 548 2934 hic
575 2880 644 2933 ab
681 2879 939 2932 Anatolio
977 2878 1225 2950 intelligi.
1263 2877 1450 2949 Neque
1483 2879 1632 2933 enim
1663 2880 1875 2935 lunaris
1908 2895 2029 2936 esse

454 2981 654 3042 potest,
692 2987 814 3026 cum
850 2972 904 3024 in
943 2971 1314 3024 Alexandrino
1345 2971 1497 3040 cyclo
1545 2969 1832 3026 ncomenia
1866 2969 2030 3040 primi

456 3065 662 3120 mensis
701 3063 852 3134 cyclo
885 3063 1063 3131 primo
1098 3071 1170 3117 s:t
1201 3061 1384 3115 Martii
1415 3077 1554 3116 xxm
1581 3079 1594 3115 :
1633 3077 1757 3116 nam
1797 3060 2030 3114 Alexan-

455 3158 598 3211 drini
629 3156 764 3226 cyeli
792 3171 969 3208 annus
1003 3155 1212 3223 primus
1243 3153 1552 3222 pascltalem
1587 3151 1932 3207 neomeniam
1961 3153 2028 3206 ab

2067 1866 2107 1924 Β

454 3252 558 3304 hoc
584 3221 679 3303 die
697 3248 904 3316 incipit,
941 3221 1258 3300 [attinet-uni
1289 3260 1417 3300 vero
1443 3255 1565 3314 post
1595 3243 2026 3298 Alexandrinum
2054 3221 2096 3278 ο

455 3347 730 3409 receptum
758 3340 964 3407 primus
991 3338 1178 3408 cyclus
1197 3337 1461 3405 iniitApr.
1485 3351 1558 3399 Iv,
1583 3336 1676 3406 qui
1695 3345 1779 3390 est
1801 3335 2030 3388 Alexan-

451 3432 646 3485 drinus
691 3430 876 3500 cyelus
908 3429 1152 3494 ultimus,
1187 3437 1246 3482 ut
1289 3428 1440 3492 alibi,
1483 3427 1593 3481 Deo
1627 3429 1810 3489 dante,
1847 3425 2027 3480 fusius

452 3521 788 3575 docebimus.
816 3521 951 3572 Cum
988 3520 1156 3589 igitur
1191 3521 1481 3574 ncomenia
1511 3519 1674 3587 primi
1711 3518 1918 3572 mensis
1946 3517 2026 3572 lu-

453 3612 604 3665 naris
645 3626 707 3664 ea
750 3611 853 3676 sit,
895 3626 1017 3680 qua:
1053 3619 1178 3680 post
1218 3610 1610 3680 aequinoctium
1651 3608 1898 3678 proxime
1941 3623 2026 3662 sc-

453 3704 660 3774 quitur,
700 3711 926 3771 apparet
959 3716 1060 3755 cur
1093 3701 1472 3765 Alexandrini,
1508 3709 1564 3754 et
1594 3715 1690 3755 eos
1727 3699 1899 3754 secuti
1929 3697 2026 3752 Ni-

455 3796 590 3850 (λωιιὶ
623 3795 810 3848 Patres
849 3793 1062 3866 cyclum
1091 3791 1314 3860 [Martii
1350 3808 1487 3846 χχιιι
1519 3791 1810 3846 statuerint
1839 3809 1851 3844 :
1879 3791 2024 3860 quod

453 3889 704 3946 videlicet
754 3889 1029 3953 Anatolii,
1077 3898 1514 3958 caeterorumque
1561 3887 1836 3957 paschalis
1884 3887 2022 3960 eycli

449 3982 792 4038 conditorum
823 3982 904 4035 vel
933 3991 1198 4051 tempore,
1225 3981 1310 4034 vel
1343 3979 1564 4034 decreto
1591 3979 1910 4048 aequinoctii
1947 3994 2027 4032 se-

448 4074 545 4129 des
575 4082 722 4130 esset
757 4073 934 4128 Martii
983 4088 1120 4129 χχιι.
1159 4070 1315 4128 Unde
1363 4071 1494 4126 licet
1529 4071 1916 4141 atquinoctium
1967 4069 2021 4123 in

449 4181 546 4220 χχι
572 4174 754 4235 postea
785 4165 1081 4227 transierit,
1104 4180 1204 4219 nec
1225 4164 1409 4219 citima
1434 4165 1722 4218 ncomenia
1745 4179 1857 4216 xxn
1880 4161 2022 4216 Mar-

450 4257 512 4311 tii
551 4256 864 4328 contigerit,
919 4256 1276 4312 nihilominus
1305 4257 1518 4326 cyclum
1571 4255 1804 4326 primum
1857 4254 2022 4309 veteri

449 4349 680 4403 statione
709 4364 815 4402 non
840 4349 1208 4403 dimoverunt.
1235 4347 1418 4414 Quare
1453 4346 1740 4402 ncomenia
1761 4346 2019 4412 lii-ianos,

447 4442 562 4496 sive
615 4441 822 4496 mensis
874 4441 1035 4512 primi
1089 4441 1290 4495 solaris
1342 4446 1428 4493 est
1481 4439 1704 4492 citimns
1755 4437 2024 4490 terminus

447 4532 745 4600 paschalis,
787 4515 901 4586 sive
933 4549 1043 4594 xtv,
1080 4548 1202 4600 qua:
1238 4547 1305 4588 ex
1333 4530 1568 4584 Anatolii
1605 4529 1742 4584 scito
1766 4529 2022 4584 convenit

447 4623 601 4692 eyelo
649 4639 732 4676 v:
787 4638 909 4676 nam
955 4624 1140 4694 cyclus
1187 4621 1722 4684 decemnovennalis,
1769 4621 1882 4674 sive
1929 4637 2023 4688 pa-

447 4713 672 4777 schalis,
724 4721 947 4768 auctore
991 4713 1156 4776 Beda,
1199 4715 1266 4768 ad
1313 4713 1597 4776 terminos,
1623 4712 1738 4766 sive
1779 4710 2020 4764 decimas

445 4815 674 4875 quartas
720 4807 940 4859 lunares
986 4807 1392 4876 investigandas
1449 4804 1896 4859 accommodatus
1939 4811 2022 4856 est

447 4899 522 4951 uti
549 4898 733 4968 cyclus
765 4897 974 4951 lunaris
1006 4897 1072 4950 ad
1103 4898 1404 4950 novilunia.
1435 4897 1666 4963 Ideoque
1693 4895 1888 4948 merito
1911 4893 2020 4962 pri-

445 5005 568 5046 mus
600 4989 872 5060 paschalis
912 4989 1112 5044 mensis
1161 5005 1188 5042 a
1235 4989 1408 5058 prima
1451 5003 1538 5040 xlv
1577 4986 1777 5054 coepit,
1814 4985 1914 5038 hoc
1938 4993 2020 5037 est

445 5085 514 5137 ab
557 5083 869 5152 aequinoctii
914 5081 1034 5148 die;
1061 5081 1206 5151 quod
1248 5079 1536 5134 Anatolius
1583 5078 1634 5130 in
1683 5076 1862 5129 Martii
1905 5091 2014 5128 xxu

445 5175 826 5228 constituerat.
857 5169 1095 5240 Indeque
1136 5179 1358 5224 constat
1397 5186 1504 5222 non
1551 5169 1602 5222 in
1637 5169 1888 5222 euntibus
1925 5183 2018 5237 pa-

445 5263 645 5318 schalis
687 5263 892 5318 mensis
930 5261 1126 5316 diebus
1157 5260 1365 5316 Pascha
1395 5260 1658 5314 celebrari
1697 5274 1894 5328 posse;
1921 5259 2014 5313 sed

443 5356 786 5409 ncomeniam
818 5355 936 5420 ejus
980 5355 1182 5424 excipi,
1215 5369 1336 5424 qua:
1361 5363 1464 5416 est,
1502 5353 1581 5406 uti
1623 5351 1760 5411 dixi,
1791 5365 1880 5402 xlv
1927 5365 2017 5420 ey-

441 5447 510 5500 cli
541 5463 591 5500 v.
616 5445 772 5511 Quod
807 5447 981 5514 ipsum
1011 5455 1064 5499 et
1087 5447 1376 5500 Anatolius
1415 5445 1638 5502 indicat.
1663 5457 1786 5494 cum
1814 5456 1908 5495 eos
1937 5456 2014 5493 rc-

442 5537 746 5605 prehemlit,
774 5537 864 5604 qui
895 5537 948 5590 in
975 5537 1242 5606 superiori
1264 5546 1566 5606 segmento,
1589 5531 1736 5602 quod
1761 5532 2011 5586 ultimum

441 5634 548 5687 est,
578 5628 812 5692 primum
867 5643 1133 5690 mensem,
1173 5638 1228 5682 et
1281 5644 1368 5681 xiv
1425 5628 1669 5679 lunarem
1721 5625 2010 5678 collocant.

442 5711 796 5782 Consequens
828 5717 972 5770 enim
1003 5727 1086 5772 est
1117 5719 1358 5772 decimas
1385 5727 1612 5785 quartas
1645 5717 1866 5770 lunares
1896 5732 2014 5770 om-

448 5817 546 5859 nes
565 5801 704 5856 intra
726 5807 886 5871 primi
915 5810 1122 5863 mensis
1143 5809 1406 5876 cperham
1427 5809 1690 5864 coerceri.
1711 5807 1864 5875 Quod
1890 5825 2008 5865 cum

2133 615 2266 668 lium
2293 630 2413 668 eam
2439 615 2600 684 primi
2659 615 2865 670 mensis
2896 617 3238 669 neomeniam
3263 614 3640 678 constituisse,
3659 615 3714 668 in

2135 719 2300 773 quam
2324 704 2570 758 citimum
2611 703 2820 758 Pascha
2865 707 3204 758 conveniret.
3245 703 3382 756 Nam
3425 703 3520 772 qui
3555 712 3720 770 negat

2134 809 2226 846 XIV
2259 795 2567 862 paschalem
2601 803 2726 848 ante
2753 795 2968 847 initium
3009 796 3168 864 primi
3205 795 3411 849 mensis
3445 795 3716 859 incidere,

2135 883 2299 952 idque
2339 885 2514 954 ipsum
2577 885 2784 940 mensis
2821 886 3038 940 initium
3077 901 3134 939 χι
3177 885 3298 941 Kal.
3341 887 3493 957 ligit.
3537 886 3718 939 mani-

2141 974 2278 1028 feste
2301 976 2553 1043 prohibet
2585 976 2704 1044 ipso
2731 976 2938 1030 mensis
2977 977 3134 1030 initio
3162 976 3373 1030 Pascha
3405 977 3668 1032 celebrari
3701 993 3718 1038 ;

2137 1066 2280 1133 quod
2325 1066 2368 1119 si
2413 1067 2523 1130 ﬁat,
2559 1067 2672 1136 jam
2729 1084 2819 1120 xtv
2871 1077 3024 1120 extra
3073 1069 3274 1136 prioris
3325 1069 3528 1124 mensis
3577 1068 3720 1122 ﬁnes

2137 1155 2322 1224 egredi
2355 1165 2410 1210 et
2439 1156 2490 1208 in
2525 1156 2774 1210 ultimum
2807 1157 2957 1220 rejici
2991 1171 3215 1212 necesse
3239 1157 3331 1212 sit.

2208 1243 2343 1298 Nam
2397 1247 2540 1314 quod
2587 1248 2917 1315 aequinoctio
2965 1247 3188 1302 biduum
3237 1247 3400 1300 tribui
3459 1257 3718 1315 oportere

2137 1345 2344 1400 narrat,
2393 1351 2568 1405 coque
2613 1339 2707 1406 qui
2753 1340 3022 1407 posterior
3057 1347 3142 1394 est
3189 1339 3280 1394 die
3317 1337 3524 1393 Pascha
3567 1339 3718 1392 cele-

2139 1427 2305 1492 brari,
2331 1430 2396 1483 de
2439 1446 2548 1498 quo
2583 1439 2637 1484 et
2682 1431 2992 1484 Anatolium
3037 1430 3186 1500 loqui
3219 1439 3390 1500 putat,
3429 1445 3616 1482 verum
3658 1430 3716 1483 id

2138 1521 2356 1588 quidem
2379 1530 2466 1575 est
2491 1521 2877 1590 aequinoctium
2899 1519 3279 1591 μετεμπτώσει
3307 1521 3358 1572 in
3390 1529 3714 1588 sequentem

2137 1611 2282 1664 diem
2313 1627 2602 1666 excurrere
2631 1627 2646 1665 :
2679 1617 2772 1667 sed
2809 1628 2876 1666 ex
2905 1614 3171 1666 ambobus
3197 1612 3414 1680 politiee
3447 1612 3512 1664 ad
3541 1611 3718 1680 arqui-

2139 1702 2306 1754 noctii
2341 1703 2560 1766 sedem,
2593 1703 2832 1771 annique
2879 1703 3160 1756 cardinem
3209 1701 3300 1756 ille
3343 1701 3620 1770 deligitur,
3653 1701 3716 1752 in

2139 1806 2250 1858 quo
2299 1794 2593 1860 praecipue,
2626 1803 2680 1847 et
2711 1789 2948 1847 maxima
2997 1792 3260 1860 temporis
3293 1801 3446 1861 parte
3489 1792 3716 1845 retineri

2135 1883 2378 1936 creditur
2411 1901 2425 1937 :
2463 1900 2570 1936 non
2603 1886 2648 1938 is
2697 1885 2750 1938 in
2779 1899 2940 1953 quem
2971 1883 3237 1952 evagandi
3275 1883 3495 1937 licentia
3529 1883 3722 1949 paula-

2133 1973 2230 2026 tim
2265 1974 2593 2042 eliunditur;
2630 1990 2730 2030 nec
2771 1974 2823 2027 in
2859 1989 2924 2027 eo
2971 1985 3148 2027 tamen
3195 1973 3402 2028 diutius
3435 1973 3714 2034 consistit,

2133 2080 2321 2120 verum
2375 2065 2792 2122 intercalatione
2817 2064 3052 2120 subinde
3085 2065 3229 2120 velut
3269 2063 3506 2134 quodam
3551 2061 3714 2116 freno

2133 2165 2419 2208 revocatur
2461 2173 2476 2208 :
2528 2155 2840 2224 cujusmodi
2887 2169 2954 2208 ex
3001 2154 3238 2207 Anatolii
3289 2153 3547 2222 opinione
3593 2168 3712 2206 χχιι

2131 2246 2312 2302 Martii
2340 2247 2618 2302 exstitisse
2660 2246 2802 2300 Beda
2839 2255 3046 2300 narrat.
3071 2244 3228 2312 Quod
3257 2259 3416 2300 secus
3439 2259 3498 2299 se
3522 2244 3712 2298 habet.

2131 2339 2346 2409 Alioqui
2393 2340 2438 2394 si
2489 2339 2809 2408 plerumque
2862 2339 2914 2391 in
2966 2354 3060 2392 χχι
3097 2337 3274 2390 Martii
3319 2338 3714 2407 aequinoctium

2130 2432 2528 2498 contineretur,
2563 2446 2630 2486 ac
2667 2431 2884 2484 normisi
2933 2430 3195 2496 secundo,
3251 2430 3333 2484 vel
3375 2430 3536 2482 tertio
3586 2439 3718 2497 post

2131 2524 2428 2580 bissextum
2447 2537 2590 2577 anno
2613 2522 2680 2576 ad
2699 2537 2812 2576 χχιι
2837 2523 3118 2578 accederet
3143 2539 3157 2574 :
3187 2522 3296 2576 imo
3319 2535 3542 2574 verone
3565 2529 3716 2575 utro-

2129 2632 2238 2686 que
2265 2616 2360 2670 illo
2389 2630 2534 2670 anno
2559 2615 2780 2684 quidem
2805 2615 2986 2670 civilis
3013 2613 3117 2668 diei
3155 2623 3334 2667 metas
3365 2612 3660 2680 attingeret
3695 2627 3710 2664 :

2131 2708 2236 2762 hoc
2265 2716 2348 2761 est
2369 2721 2476 2760 non
2511 2706 2648 2760 ultra
2681 2706 2914 2760 mediam
2946 2715 3158 2760 noctem
3191 2719 3242 2758 a.
3267 2704 3323 2758 d.
3350 2720 3402 2757 xt
3428 2703 3546 2758 Kal.
3571 2702 3709 2770 Apr.

2131 2813 2407 2868 nunquam
2443 2798 2730 2852 Anatolius
2747 2811 2860 2851 χχιι
2890 2796 3072 2866 potius
3125 2809 3288 2864 quam
3319 2809 3408 2847 χχι
3440 2792 3570 2846 anni
3591 2807 3713 2845 car-

2129 2890 2333 2952 dinem,
2364 2904 2428 2943 ac
2457 2889 2767 2958 paschalem
2799 2888 3091 2942 terminum
3116 2885 3469 2956 assignasset.
3501 2882 3708 2950 Quem-

2129 2981 2422 3040 admodum
2491 2979 2595 3032 hoc
2643 2988 2892 3048 tempore
2939 2986 3063 3046 post
3095 2976 3488 3048 Gregorianam
3517 2989 3713 3028 recen-

2131 3074 2364 3138 sionem,
2409 3071 2538 3126 licet
2579 3071 2964 3140 mquinoctium
3015 3068 3156 3122 κατὰ
3207 3066 3592 3138 μετὲμπτωσιν
3651 3065 3708 3118 in

2131 3162 2382 3232 atquabili
2419 3177 2562 3215 anno
2602 3161 2667 3214 ad
2701 3161 2934 3214 mediam
2993 3159 3104 3213 fere
3148 3168 3382 3221 noctem,
3423 3172 3547 3226 qua-
3582 3172 3708 3210 χχιι

2131 3254 2439 3316 antecedit,
2488 3252 2798 3322 perveniat;
2837 3251 3192 3306 nihilominus
3234 3252 3286 3302 in
3332 3266 3422 3302 xxt
3463 3248 3708 3302 deﬁxum

2129 3353 2246 3410 est;
2275 3345 2419 3413 quod
2455 3359 2578 3398 cum
2620 3343 2764 3396 diem
2805 3351 2918 3395 toto
2960 3340 3070 3394 fere
3093 3339 3316 3394 Juliano
3341 3339 3710 3408 quadriennio

2129 3435 2416 3503 percurrit.
2461 3433 2576 3488 Non
2615 3446 2696 3488 cst
2735 3435 2902 3502 igitur
2938 3432 3296 3486 dubitandum
3324 3469 3338 3492 ,
3380 3430 3513 3499 quin
3557 3431 3708 3483 Ana-

2129 3527 2296 3580 tolius
2337 3542 2389 3580 χι
2431 3525 2552 3580 Kal.
2587 3525 2722 3594 Apr.
2746 3524 3132 3594 arquinoctium
3165 3523 3327 3576 civile
3355 3521 3609 3576 statuerit
3635 3525 3704 3573 ad

2099 3631 2252 3684 ‘eum
2285 3618 2532 3680 modum,
2591 3631 2700 3685 quo
2743 3625 2868 3686 post
2897 3614 3177 3669 Nicaenum
3215 3613 3508 3668 concilium
3540 3614 3594 3666 in
3629 3629 3706 3666 χιι

2053 4567 2098 4623 Ι)

2129 3709 2358 3765 Kalend.
2412 3710 2734 3764 translatum
2771 3718 2854 3762 est
2899 3728 2912 3761 :
2957 3709 3092 3764 adeo
3124 3717 3181 3760 ut
3219 3707 3364 3761 nulla
3417 3721 3506 3760 xiv
3547 3706 3705 3772 luna,

2126 3817 2249 3870 qua:
2286 3809 2410 3855 ante
2453 3817 2502 3854 xI
2539 3799 2659 3856 Kal.
2701 3801 2992 3864 accideret,
3043 3799 3322 3869 paschalis
3385 3796 3700 3852 haberetur.

2125 3895 2184 3948 ld
2217 3893 2360 3948 enim
2389 3893 2627 3947 Anatolii
2659 3893 2822 3947 verba
2849 3892 3210 3946 disertissime
3247 3900 3538 3946 testantur.

2199 3985 2341 4040 Sane
2379 3985 2424 4040 si
2459 3985 2690 4039 mediam
2721 3983 2848 4036 anni
2891 3983 3088 4053 tropici
3119 3981 3350 4037 formam
3392 3981 3700 4052 sequimur,

2125 4077 2436 4150 cujusmodi
2473 4088 2554 4131 est
2612 4076 2975 4147 Alphonsina,
3015 4091 3136 4146 quae
3173 4075 3384 4132 caneris
3415 4075 3704 4142 anteponi-

2127 4177 2236 4229 tur,
2277 4165 2516 4220 Anatolii
2559 4176 2800 4234 tempore
2832 4163 3221 4235 mquinoctium
3268 4164 3556 4234 utriusque
3593 4163 3702 4216 diei

2127 4267 2330 4326 partem
2364 4273 2428 4310 ex
2465 4271 2622 4325 aequo
2657 4256 2762 4310 sibi
2803 4257 3134 4312 vindicabat.
3168 4255 3318 4310 Vixit
3344 4259 3490 4311 enim
3519 4257 3700 4311 medio

2124 4345 2238 4402 fere
2293 4345 2450 4400 tertio
2505 4353 2628 4414 post
2678 4355 2856 4399 ortum
2907 4345 3111 4400 Christi
3161 4346 3384 4402 sarculo.
3451 4345 3702 4417 Curaque

2125 4451 2269 4490 anno
2310 4436 2514 4491 Christi
2553 4434 2660 4488 200
2697 4436 3088 4506 aequinoctium
3130 4452 3354 4491 vernum
3409 4438 3698 4507 contigerit

2125 4525 2298 4580 Martii
2323 4541 2435 4590 χχι,
2467 4526 2616 4581 horis
2638 4526 2900 4594 7,l6',l5"
2921 4535 3041 4596 post
3070 4527 3372 4594 meridiem,
3394 4543 3540 4584 anno
3567 4545 3698 4583 vero

2125 4618 2228 4671 500
2259 4617 2434 4670 Martii
2470 4633 2560 4678 xx,
2604 4617 2754 4671 horis
2793 4620 2881 4680 15,
2913 4617 3124 4684 22',55"
3153 4637 3166 4672 :
3205 4620 3251 4674 si
3287 4635 3575 4675 excessum
3607 4623 3702 4678 Al-

2124 4710 2455 4778 phousinum
2496 4723 2561 4761 ex
2602 4724 2760 4778 aequo
2801 4710 3080 4779 partiaris,
3123 4711 3368 4766 invenies
3399 4728 3427 4766 ει
3470 4713 3700 4768 meridie

2123 4799 2293 4854 fet-tne
2339 4815 2430 4854 χχι
2477 4797 2653 4853 Martii
2692 4800 2760 4853 ad
2807 4800 3091 4854 meridiem
3143 4817 3256 4855 χχιι
3305 4804 3694 4872 aequinoctium

2123 4893 2264 4944 ultro
2304 4891 2546 4960 citroque
2579 4907 2934 4946 commeasse.
2967 4891 3072 4946 Sed
3113 4893 3401 4949 Anatolius
3447 4897 3697 4967 aequino-

2121 4983 2286 5036 ctiunt
2327 4983 2480 5046 illud,
2522 4985 2664 5052 quod
2705 4999 2735 5037 a
2779 4983 3080 5052 majoribus
3133 4995 3438 5056 acceperat,
3483 4988 3536 5040 in
3583 5003 3692 5040 χχιι

2121 5074 2364 5138 retinuit,
2397 5090 2520 5128 cum
2552 5073 2875 5129 Ptolemaeus
2918 5086 3030 5128 toto
3069 5085 3196 5130 ante
3231 5078 3430 5131 saaculo
3464 5093 3690 5131 vernum

2119 5165 2508 5234 aequinoctium
2557 5181 2668 5218 χχιι
2719 5164 2896 5219 Martii
2947 5167 3001 5219 in
3051 5167 3280 5221 meridie
3323 5168 3692 5228 observasset.

2119 5271 2263 5309 anno
2311 5255 2515 5310 Christi
2543 5257 2665 5322 140,
2709 5257 3017 5314 bissextili.
3061 5269 3116 5312 ut
3153 5257 3256 5312 hac
3292 5259 3504 5314 ratione
3553 5261 3694 5313 inter

2117 5349 2397 5402 meridiem
2428 5364 2540 5402 χχιι
2591 5361 2644 5403 ct
2670 5364 2806 5402 χχιιι
2839 5350 3279 5419 progrederetur.
3309 5351 3464 5416 Quod
3497 5353 3540 5405 si
3573 5351 3692 5405 Pto-

2117 5437 2334 5492 lemaici
2389 5447 2444 5492 et
2471 5436 2799 5508 l-lipparchei
2829 5440 2959 5493 anni
2991 5437 3248 5506 formam,
3287 5457 3408 5511 qua:
3449 5441 3555 5496 500
3592 5459 3690 5495 an-

2115 5528 2203 5584 nis
2241 5530 2384 5584 diem
2430 5545 2599 5582 unum
2641 5529 2882 5598 perimit,
2917 5529 3206 5584 Anatolius
3257 5533 3541 5602 amplexus
3586 5533 3684 5592 sit;

2114 5637 2238 5676 cum
2271 5623 2577 5692 προήγησις
2610 5621 2732 5691 plus
2760 5621 2942 5675 minus
2969 5636 3237 5675 annorum
3280 5631 3498 5676 centum
3526 5623 3688 5674 horas

2114 5729 2212 5768 χιιι
2269 5715 2524 5784 postulet,
2581 5714 2828 5769 invenies
2869 5711 3103 5767 Anatolii
3144 5728 3260 5768 aevo
3295 5715 3684 5784 :equinoctium

2115 5809 2169 5862 in
2209 5821 2356 5862 anno
2373 5807 2640 5862 bissextili
2670 5807 2966 5880 contigisse
2993 5817 3118 5872 octo
3147 5807 3366 5862 circiter
3391 5807 3542 5861 horis
3563 5813 3688 5860 ante
