3994 6222
230 393 340 449 997

1198 394 1286 450 DE
1325 394 1513 450 ANNO
1547 395 1635 451 ET
1679 393 1790 449 DIE
1829 393 2184 453 DOMINICIE
2221 399 2594 471 PASSIONIS.

3406 409 3510 465 993

234 498 518 565 ineridiem
546 512 652 567 diei
681 529 816 579 χχιι,
845 514 1184 585 proindeque
1219 516 1524 576 bellissime
1558 518 1709 572 hunc
1740 517 1821 586 ip-
1854 519 1897 572 A
1927 516 2116 572 Latina
2161 519 2345 574 Rutini
2396 523 2647 577 versione
2701 522 2966 578 celebrari
2998 532 3200 595 potest.
3231 526 3507 600 Scriptum

233 620 356 658 sum
383 606 525 658 diem
560 605 1125 676 cirilermrqulnoctio
1153 610 1550 677 prmstitutum.
1579 609 1820 664 Tametsi

236 695 352 747 lieri
386 706 586 764 potest,
623 705 682 749 nt
712 697 978 766 tropieam
1011 697 1157 752 illam
1188 699 1579 770 προέμπτωσιν
1606 701 1821 770 penitus

234 785 693 850 dissimulaverit,
733 798 789 841 ιιι
828 797 948 857 post
975 785 1254 842 Nicaenum
1289 790 1581 845 concilium
1615 791 1825 860 aliquot

235 877 457 948 saeculis
504 880 811 948 ignoratam
851 893 976 933 esse
1022 888 1274 942 constat;
1312 889 1365 934 et
1415 881 1485 936 ab
1528 882 1646 951 ipso
1683 882 1820 937 Beda

235 969 513 1038 prazcipue
541 989 555 1025 :
590 971 683 1040 qui
707 981 998 1041 propterea
1032 973 1220 1026 multis
1251 974 1430 1028 modis
1454 974 1822 1029 hallucinatus

235 1070 343 1120 est,
377 1074 502 1112 nam
545 1075 608 1112 ex
652 1061 842 1114 eadem
883 1061 1170 1132 hypothesi
1213 1061 1372 1117 Beda:
1412 1065 1614 1118 saeculo
1652 1065 1818 1135 aequi-

238 1151 483 1204 noctium
524 1151 740 1221 longius
772 1168 800 1205 a
829 1170 940 1206 xxn
972 1165 1294 1219 recesserat,
1338 1163 1392 1210 et
1423 1155 1488 1210 ad
1529 1172 1664 1210 xvm
1701 1173 1822 1226 per-

238 1247 484 1292 venerat.
513 1239 578 1293 Et
606 1248 784 1293 tamen
819 1242 884 1294 ad
945 1242 1349 1313 horologiorum
1379 1259 1826 1314 gnomonumque

238 1329 400 1383 tidem
434 1340 722 1398 provocat;
759 1340 818 1385 nt
857 1332 1246 1402 aequinoctium
1276 1333 1512 1390 Nicamis
1545 1336 1677 1405 ipsis
1702 1352 1826 1391 car-

237 1421 462 1476 dinibus
498 1423 755 1477 ascribat.

249 1534 483 1604 Insignis
539 1553 708 1600 error,
771 1538 878 1591 imo
921 1539 1133 1592 Itan'esis
1171 1539 1446 1594 Scotorum
1496 1542 1724 1595 maxime
1762 1557 1827 1595 ea:

316 1605 462 1675 falsa
509 1606 692 1676 Ruﬁni
757 1608 1184 1677 interpretatione
1230 1621 1356 1664 nuta
1411 1611 1738 1675 declaratur,
1775 1622 1825 1665 et

314 1677 596 1730 Anatolius
627 1695 658 1730 a
693 1679 958 1730 calumnia
986 1680 1258 1732 liberatur.

317 1789 516 1846 Verum
537 1805 594 1848 ut
617 1802 723 1847 tam
749 1793 1000 1848 absurdae
1026 1794 1493 1864 interpretationis
1515 1796 1829 1864 errorisque

239 1883 448 1938 fontem
503 1887 850 1954 aperiamus,
898 1887 1040 1942 scito
1081 1902 1186 1940 non
1231 1894 1338 1940 tam
1377 1902 1497 1940 eam
1533 1885 1692 1941 Beda:
1732 1887 1828 1940 ho-
1861 1861 1903 1915 Β

238 1976 408 2031 minis
437 1975 821 2040 eruditissimi,
852 1984 906 2030 et
936 1977 988 2029 in
1033 1991 1100 2029 eo
1140 1991 1338 2045 genere
1389 1978 1826 2033 exercitatissimi

240 2069 461 2137 culpam
494 2083 638 2130 esse,
665 2069 757 2138 qui
782 2067 1018 2121 Anatolii
1044 2067 1231 2122 Grzeea
1263 2083 1368 2120 non
1399 2068 1630 2131 viderat,
1657 2085 1822 2139 quam

226 2159 428 2213 ilulini
479 2160 781 2229 scriptoris,
869 2168 927 2212 ut
980 2174 1170 2213 omnes
1223 2168 1444 2221 norunt,
1477 2159 1843 2228 ineptissimi,

239 2252 336 2321 qui
381 2252 433 2304 in
477 2251 790 2306 mutilandis
818 2250 1291 2319 depravandisque
1322 2259 1564 2304 veterum
1608 2250 1828 2319 scriptis

239 2343 427 2413 potius
458 2358 622 2412 quam
683 2342 1106 2411 interpretandis
1140 2342 1340 2413 stylum
1366 2357 1525 2396 suum
1560 2342 1825 2395 exercuit.

243 2433 345 2488 llic
367 2435 512 2488 enim
539 2449 605 2488 ex
638 2433 878 2486 Anatolii
915 2432 1099 2486 verbis
1134 2433 1400 2486 nonnulla
1431 2431 1673 2498 sustulit,
1705 2448 1830 2501 qua:

245 2536 356 2580 tam
386 2524 545 2579 Beda:
578 2541 742 2595 quam
774 2524 899 2579 aliis
930 2523 1259 2592 qtiibusdam
1289 2523 1593 2592 turpissimi
1624 2523 1830 2578 erroris

241 2617 588 2672 occasionem
619 2615 906 2670 dederunt.
939 2615 1080 2670 Cum—
1109 2614 1556 2669 enimAnatolius
1588 2615 1829 2682 scripse-

242 2711 357 2765 rit:
388 2709 478 2762 Διδ
516 2709 609 2762 καὶ
648 2709 773 2772 τοὺς
818 2709 877 2762 ὲν
914 2707 1063 2779 αὐτῷ
1109 2706 1424 2777 τιθεμένους
1476 2705 1568 2758 τὸν
1615 2704 1831 2775 πρῶτον

246 2805 415 2874 μῆνα,
451 2803 545 2856 καὶ
575 2801 674 2872 τὴν
711 2800 1312 2871 τεσσαρεσκαιδεκάτην
1353 2797 1448 2851 τοῦ
1482 2797 1676 2868 Πάσχα
1709 2797 1828 2850 κατ’

237 2893 414 2964 αὐτὴν
439 2891 817 2962 λαμϐάνοντας
846 2891 904 2944 οὐ
942 2890 1176 2962 μικρῶς,
1204 2889 1311 2942 οὐδ’
1333 2889 1408 2952 ὡς
1431 2887 1619 2958 ἔτυχεν
1651 2887 1831 2958 ἁμαρ-

241 2986 425 3038 τὰνειν
450 2982 649 3054 φαμέν.
681 2981 792 3038 lloc
821 2993 904 3038 est
931 3002 942 3036 :
971 2984 1104 3037 Cum
1130 2991 1427 3052 postremus
1455 2980 1675 3042 mensis,
1701 2977 1831 3032 ulti-

245 3093 491 3146 mumque
526 3075 733 3129 zodiaci
786 3087 1107 3146 segmentum
1157 3075 1396 3143 proxime
1445 3076 1639 3144 τμῆμα
1687 3071 1831 3125 istud

248 3165 566 3236 ἰσημερινόν
606 3165 903 3230 antecedat,
935 3165 1256 3218 uehementer
1283 3162 1603 3216 hallucinari
1627 3177 1830 3214 necesse

244 3273 321 3313 est
356 3275 464 3322 eos,
494 3259 583 3326 qui
607 3257 836 3326 primum
865 3274 1113 3321 mensem,
1143 3264 1192 3310 et
1223 3271 1313 3309 xw
1347 3253 1626 3308 Paschalis
1659 3254 1712 3306 in
1738 3252 1828 3304 illo

246 3353 428 3420 utique
459 3361 719 3418 postremo
761 3357 1022 3418 segmento
1067 3347 1351 3400 collocant.
1402 3344 1535 3398 Nam
1581 3359 1678 3414 pro
1709 3345 1827 3395 κατ’

245 3444 442 3514 αὑτὴν,
480 3443 601 3496 κατ’
623 3442 754 3496 αὑτό
795 3443 1079 3512 legendum
1122 3455 1264 3501 esse,
1299 3453 1478 3504 nemo,
1520 3446 1578 3491 ut
1615 3437 1827 3506 opinor,

245 3535 526 3602 negaverit
557 3549 718 3587 :cnm
756 3534 888 3598 haec,
935 3533 1182 3601 inquam,
1232 3532 1397 3601 lmjus
1427 3531 1529 3584 loci
1563 3529 1828 3583 sententia

247 3626 341 3689 sit,
373 3623 604 3678 Rulinus
658 3625 732 3678 ita
765 3624 928 3678 vertit
957 3642 970 3676 :
1008 3623 1074 3676 Et
1097 3623 1213 3677 ideo
1246 3639 1346 3675 non
1381 3638 1567 3691 parum
1601 3621 1828 3674 dicimus

247 3718 550 3785 delinquere
576 3733 686 3781 eos,
713 3717 800 3785 qui
823 3726 944 3770 ante
973 3716 1190 3769 initium
1215 3716 1310 3769 hoc
1333 3716 1448 3768 novi
1469 3714 1596 3767 anni
1620 3711 1830 3766 Pascha

227 3819 438 3880 putant
473 3825 584 3863 esse
632 3807 1025 3862 celebrandum.
1073 3806 1176 3862 Ubi
1220 3807 1333 3862 haec
1381 3806 1541 3860 verba
1594 3805 1688 3857 καὶ
1730 3802 1830 3873 τὴν

243 3917 574 3972 τεσσαρεσκ.
603 3898 697 3954 τοῦ
732 3900 945 3972 Πάσχα,
983 3915 1050 3954 ac
1085 3915 1174 3952 xlv
1199 3897 1470 3967 paschalis
1499 3895 1828 3949 mentionem

246 4007 470 4047 omnem
519 3990 953 4061 ﬂagitiosissimo
1007 3987 1252 4044 sustulit.
1323 3986 1490 4054 Atqui
1544 3983 1829 4053 expunctis

246 4081 445 4152 paucis
490 4079 598 4134 illis
630 4079 863 4143 voculis,
913 4077 1046 4132 falsa
1092 4087 1140 4132 et
1171 4075 1411 4132 absurda
1447 4073 1735 4140 sententia,
1768 4089 1832 4127 ac

247 4189 359 4228 non
381 4171 543 4227 modo
562 4171 800 4226 Anatolii
837 4171 1077 4238 decreto,
1104 4170 1198 4226 sed
1226 4177 1279 4222 et
1300 4166 1573 4222 catholico
1590 4165 1830 4236 dogmati

246 4265 531 4321 contraria
556 4263 806 4334 sequitur
840 4281 853 4318 :
886 4261 1145 4316 nimirum
1165 4259 1373 4316 Pascha
1407 4259 1460 4312 in
1487 4256 1634 4313 civili
1664 4256 1834 4327 aequi-

249 4356 424 4412 noctii
471 4355 580 4419 die,
633 4355 883 4425 atquein
918 4355 1036 4424 ipso
1068 4354 1302 4408 termino
1345 4350 1606 4407 celebrari
1648 4365 1827 4419 posse.

249 4450 392 4516 Ouid
433 4457 518 4503 est
548 4449 672 4502 luna
709 4464 799 4502 xlv
831 4447 1139 4517 paschalis?
1170 4445 1246 4500 Ea
1271 4445 1549 4509 nimirum,
1590 4459 1710 4512 quae
1742 4451 1836 4496 aut

252 4544 309 4596 in
337 4541 657 4611 aequinoctii
681 4540 824 4594 diem
853 4541 1033 4609 ipsum
1062 4537 1280 4600 incidit,
1315 4545 1408 4589 aut
1436 4534 1681 4604 proxime
1711 4542 1833 4604 post
1866 4550 1909 4603 ι)

249 4634 455 4704 ipsum.
493 4631 652 4699 Quod
680 4628 986 4700 enimpost
1011 4627 1426 4697 aequinoctium,
1462 4642 1568 4680 non
1619 4630 1672 4679 in
1715 4626 1835 4695 ipso

249 4726 588 4798 aequinoctio
620 4725 988 4795 peragendum
1033 4736 1153 4776 esse
1197 4719 1407 4776 Pascha
1452 4729 1602 4790 putet
1628 4719 1836 4774 Anato-

250 4819 384 4882 lius,
441 4825 627 4886 apcrte
685 4812 870 4869 eodem
921 4814 974 4868 in
1023 4813 1142 4867 loco
1187 4813 1494 4882 proﬁtetur,
1557 4827 1681 4865 cum
1733 4809 1838 4862 hoc

252 4910 459 4980 ipsum,
497 4906 644 4977 quod
683 4907 750 4961 de
784 4905 1070 4962 Paschalis
1101 4903 1485 4986 observatione
1512 4903 1832 4972 scripserat,

250 5000 472 5056 Judaos
494 5008 646 5054 tanto
672 5007 798 5053 ante
829 4998 1215 5069 pronuntiasse
1240 4996 1392 5062 dicit,
1421 4995 1690 5058 videlicet,
1727 4993 1838 5046 δεῖν

250 5094 322 5147 τὰ
355 5093 694 5163 Διαϐατήρια
715 5090 860 5144 θύειν
885 5091 1080 5161 ἐπίσης
1102 5089 1349 5150 ἅπαντας
1376 5086 1514 5158 μετὰ
1543 5084 1835 5156 ἰσημερίαν

253 5185 502 5256 ἐαρινὴν,
541 5182 833 5254 μεσοῦντος
873 5181 966 5236 τοῦ
1006 5181 1223 5253 πρώτου
1273 5179 1462 5250 μηνός.
1515 5177 1682 5247 Igitur
1716 5185 1838 5246 post

257 5275 571 5348 ἰσημερίαν,
629 5290 737 5329 non
789 5275 844 5328 in
888 5273 1151 5346 ἰσημερίᾳ
1191 5271 1397 5326 Pascha
1449 5277 1559 5323 tam
1610 5267 1835 5335 Judaeis,

257 5386 426 5441 quam
459 5367 792 5424 Christianis
827 5365 1087 5430 incurrit;
1121 5364 1266 5434 quod
1290 5372 1344 5417 et
1379 5361 1613 5417 subinde
1648 5377 1838 5416 rursus

253 5463 518 5525 inculcat,
546 5459 644 5530 τὴν
674 5456 770 5511 τοῦ
810 5456 1002 5526 Πάσχα
1031 5455 1124 5507 καὶ
1150 5453 1260 5508 τῶν
1276 5452 1526 5524 Ἀζὺμων
1558 5451 1667 5505 δεῖν
1700 5451 1838 5504 πάνυ

254 5573 366 5619 τως
402 5556 520 5626 μετ’
571 5549 861 5622 ἰσημερίαν
910 5547 1159 5615 ἄγεσθαι.
1201 5546 1363 5616 Atqui
1413 5544 1511 5616 τὴν
1547 5543 1838 5616 ἰσημερίαν

258 5645 543 5701 Anatolius
576 5639 912 5696 Phamenoth
940 5653 1065 5694 xxvt
1096 5637 1210 5691 sive
1234 5653 1287 5691 ιιι
1321 5634 1442 5689 Kal.
1469 5636 1600 5704 Apr.
1629 5632 1840 5688 consti-

257 5737 386 5794 tuit.
419 5733 729 5799 ibiden'ique
759 5729 917 5800 primi
959 5727 1167 5782 mensis
1200 5727 1509 5799 exordium.
1541 5723 1711 5794 Negat
1740 5723 1842 5793 igi-

258 5839 350 5885 tur
376 5827 469 5883 itlo
501 5826 621 5890 ipso
649 5821 735 5876 die
768 5821 979 5880 Pascha
1024 5820 1126 5876 rite
1173 5817 1458 5875 celebrari.
1501 5816 1571 5871 At
1605 5831 1736 5873 vero
1768 5830 1834 5872 ex

1923 617 2008 661 est
2034 609 2177 661 enim
2195 650 2211 676 ,
2275 610 2523 664 aberrare
2539 611 2872 666 uehementer
2899 630 3006 680 eos,
3029 616 3120 684 qui
3142 624 3263 669 ante
3289 618 3386 672 hoc
3405 621 3505 674 ini-

1926 699 2056 750 tium
2104 701 2265 767 primi
2311 703 2504 755 mensis
2559 700 2767 756 Pascha
2825 704 3114 758 celebrant.
3157 704 3341 772 Quare
3388 709 3507 780 ipso

1926 788 2130 842 mensis
2165 790 2322 841 initio
2353 790 2512 854 licet;
2557 792 2658 844 hoc
2693 802 2873 844 autem
2913 802 2998 847 est
3033 810 3126 848 xw
3157 794 3284 850 luna
3317 811 3384 851 ex
3415 814 3508 853 su-

1924 879 2125 948 periori
2177 881 2514 944 deﬁnitione,
2575 898 2738 950 quam
2788 881 3064 937 Nicaenum
3098 887 3415 951 concilium,
3455 899 3510 942 et

1925 972 2189 1026 catholica
2227 975 2410 1028 omnis
2441 973 2683 1028 Ecclesia
2726 975 2923 1029 scivit:
2959 977 3092 1030 tanti
3128 978 3386 1032 nimirum
3422 992 3507 1033 est

1927 1076 2048 1113 cum
2093 1063 2302 1116 caeteris
2338 1063 2389 1115 in
2425 1064 2584 1117 rebus
2618 1074 2672 1118 et
2711 1064 2925 1128 ciliciis,
2979 1076 3092 1118 tum
3126 1066 3178 1119 in
3217 1070 3506 1136 scriptori-

1926 1152 2031 1205 bus
2068 1153 2490 1222 interpretandis
2526 1165 2785 1224 praastare
2825 1157 3024 1221 Iidem;
3068 1156 3214 1225 quod
3252 1173 3396 1227 smpe
3426 1159 3510 1211 in-

1927 1252 2137 1312 terpres
2173 1245 2276 1298 iste
2309 1247 2568 1316 neglexit.
2601 1247 2842 1300 Proinde
2877 1249 2959 1301 vel
2989 1263 3054 1302 eo
3083 1248 3304 1302 nomine
3330 1249 3505 1318 pessi-

1927 1349 2014 1387 me
2069 1335 2136 1388 de
2193 1336 2467 1400 Anatolio,
2517 1338 2692 1406 deque
2731 1338 3004 1392 catholico
3043 1339 3317 1408 dogmate,
3347 1349 3510 1409 atque

1927 1426 2076 1478 omni
2105 1427 2422 1495 posteritate
2447 1429 2682 1495 meruit;
2721 1430 2846 1483 dum
2877 1431 3288 1484 sanctissimum
3319 1433 3506 1485 erudi-

1927 1515 2312 1586 tissimumque
2337 1519 2548 1572 Patrem
2573 1521 2954 1575 absunlissimi
2981 1523 3249 1577 fautorem
3281 1523 3509 1593 dogma-

1929 1606 2021 1672 tis,
2073 1618 2236 1677 atque
2294 1610 2565 1666 h:ereseos
2595 1621 2872 1665 auctorem
2914 1614 3216 1668 constituit.
3245 1614 3399 1679 Quod
3442 1629 3509 1667 ne

1929 1697 2052 1765 quis
2088 1713 2116 1750 a
2153 1713 2238 1750 me
2273 1699 2597 1754 iracundius
2623 1717 2786 1768 quam
2817 1702 3000 1756 verius
3039 1702 3293 1758 aliirmari
3332 1711 3505 1773 putet,

1932 1790 2182 1844 consulat
2225 1806 2347 1862 quae
2387 1793 2451 1845 de
2498 1790 2787 1846 Scotorum
2847 1801 2901 1846 et
2945 1795 3509 1867 τεσσαρεσδεκατιτῶν

1933 1880 2381 1937 altercationibus
2435 1900 2463 1937 a
2511 1883 2654 1939 Beda
2697 1886 2752 1938 in
2792 1885 2992 1939 Eccles.
3030 1887 3155 1941 hist.
3193 1899 3506 1944 narrantur.

1933 1971 2009 2024 Ex
2041 1972 2240 2040 quibus
2283 1973 2566 2045 intelliget,
2599 1977 2693 2046 qui
2723 1977 2851 2032 huic
2895 1979 3063 2030 errori
3104 1980 3510 2047 patrocinaren-

1932 2069 2040 2126 tur,
2095 2063 2258 2116 uuius
2304 2065 2650 2133 potissimum
2709 2068 3036 2127 auctoritate
3068 2066 3236 2122 fretos
3275 2068 3511 2122 Anatolii

1931 2149 2244 2206 Christiano
2276 2154 2513 2222 degmati
2545 2155 2834 2208 restitisse.
2860 2155 3033 2220 Quam
3066 2158 3286 2226 quidem
3318 2170 3511 2212 aucto-

1932 2241 2147 2295 ritatem
2176 2258 2280 2295 non
2310 2259 2374 2296 ex
2409 2245 2545 2312 ipsis
2572 2247 2813 2299 Anatolii
2846 2247 3108 2312 fontibus,
3143 2250 3236 2303 sed
3261 2265 3326 2304 ex
3359 2250 3510 2303 lacu-

1931 2331 2018 2384 nis
2055 2330 2355 2387 Ruliniame
2413 2335 2877 2402 interpretationis
2912 2337 3226 2394 hauserant.

2005 2415 2305 2469 Luculenta
2332 2431 2464 2469 sane
2486 2416 2552 2470 de
2576 2415 2842 2471 Paschate
2865 2419 3237 2472 controversia
3265 2417 3356 2471 illa
3386 2414 3511 2477 fuit,

1929 2525 2092 2580 quam
2151 2509 2358 2578 ingenti
2394 2508 2706 2563 animorum
2747 2510 3102 2582 contentione
3137 2510 3298 2564 totis-s
3328 2508 3507 2576 agita-

1931 2608 2040 2654 tam
2073 2598 2250 2654 fuisse
2275 2600 2414 2668 apml
2451 2600 2654 2669 Anglos
2691 2615 2756 2656 ac
2789 2599 2984 2654 Scotos
3011 2611 3201 2654 auctor
3226 2607 3310 2654 est
3346 2597 3510 2651 Beda.

1929 2692 2034 2747 Sed
2069 2693 2121 2746 in
2152 2692 2460 2761 primislib.
2497 2707 2580 2756 ιιι,
2614 2707 2736 2761 cap.
2770 2691 2842 2745 25
2870 2691 3214 2748 nobilissima
3269 2690 3508 2746 Wilfridi

1931 2782 2233 2854 presbyteri
2283 2783 2560 2848 catholici,
2595 2794 2649 2837 et
2687 2785 2937 2840 Colmani
2972 2787 3213 2855 episcopi
3246 2784 3396 2841 Secti
3418 2803 3510 2840 eo-

1931 2889 2048 2927 ram
2085 2889 2208 2943 rege
2243 2875 2422 2928 habita
2457 2876 2680 2930 collatio
2728 2876 3080 2932 describitur.
3129 2877 3186 2930 ιιι
3233 2894 3336 2948 qua
3385 2894 3508 2932 cum

1934 2965 2037 3021 hoc
2071 2966 2248 3020 Seotis
2285 2967 2569 3022 Wilfridus
2608 2969 2890 3038 ohjiceret,
2931 2970 3076 3038 quod
3121 2979 3310 3024 contra
3338 2968 3509 3025 Nicae-

1934 3072 2062 3110 nmn
2095 3072 2381 3121 canonem,
2412 3065 2466 3111 et
2503 3057 2762 3113 [lninanze
2795 3058 3049 3115 Ecclesiae
3088 3062 3364 3115 decretum
3405 3060 3508 3114 Pa-

1937 3149 2066 3202 scha
2107 3163 2138 3202 a
2174 3150 2301 3203 luna
2337 3165 2429 3202 xiv
2475 3151 2539 3204 ad
2579 3167 2648 3204 xx
2683 3152 3024 3207 celebrarent
3106 3152 3404 3208 Colmanus
3436 3154 3508 3206 ita

1937 3240 2156 3294 demum
2190 3242 2430 3297 occurrit
2461 3261 2474 3298 :
2512 3237 2767 3313 Nunquid
2792 3243 3070 3298 Anatolius
3097 3245 3176 3298 vir
3199 3255 3436 3312 sanctus,
3461 3255 3510 3299 et

1937 3334 1992 3385 in
2025 3333 2253 3401 prn'fata
2291 3334 2517 3388 historia
2577 3334 2940 3389 ecclesiastica
2989 3335 3218 3389 multum
3260 3336 3510 3390 laudatus

1937 3424 2038 3495 legi
2070 3424 2144 3476 rel
2186 3425 2470 3494 Evangelia
2505 3427 2777 3478 contraria
2804 3427 3002 3494 sapuit,
3033 3427 3122 3495 qui
3176 3442 3208 3478 a
3239 3441 3327 3478 xlv
3356 3440 3510 3496 usque

1937 3521 2004 3569 ad
2043 3534 2108 3570 xx
2160 3514 2368 3570 Pascha
2409 3516 2778 3570 celebrandum
2821 3518 3074 3585 scripsit?
3113 3517 3218 3572 Sed
3261 3526 3316 3571 et
3359 3525 3512 3571 antea

1938 3623 2058 3678 cap.
2090 3613 2120 3661 5
2145 3609 2387 3678 ejusdem
2421 3609 2542 3662 lihri
2577 3611 2642 3662 de
2678 3609 2895 3663 AiJuno
2918 3610 3176 3678 episcopo
3207 3609 3277 3663 ab
3307 3607 3512 3663 Oswal-

1937 3701 2008 3755 do
2045 3718 2167 3771 rege
2200 3703 2251 3754 in
2282 3701 2530 3769 Angliam
2565 3717 2594 3755 e
2623 3702 2804 3755 Scotia
2845 3702 3108 3756 arcessito
3139 3702 3407 3765 scribens,
3442 3700 3515 3754 ait

1939 3789 2088 3842 illum
2132 3791 2336 3843 l'ascha
2373 3807 2515 3844 more
2543 3807 2653 3847 sua:
2687 3793 2855 3862 gentis
2886 3809 2918 3844 a
2947 3807 3034 3846 xtv
3067 3792 3193 3844 luna
3223 3792 3291 3844 ad
3330 3807 3399 3844 xx
3433 3807 3515 3844 ce-

1939 3881 2188 3945 lebrasse,
2223 3884 2360 3952 quod
2393 3884 2528 3936 idem
2560 3881 2840 3936 Scotorum
2869 3899 2930 3936 ac
2965 3881 3238 3935 Pictorum
3267 3882 3410 3934 natio
3433 3882 3515 3950 fa-

1940 3981 2094 4035 ceret,
2119 3972 2432 4024 existimans
2457 3989 2511 4024 se
2534 3974 2585 4025 in
2610 3974 2708 4026 hac
2735 3974 3066 4027 observantia
3089 3972 3259 4026 sancti
3279 3987 3340 4024 ac
3361 3971 3513 4024 laude

1939 4062 2084 4131 digni
2111 4061 2292 4116 Putris
2341 4063 2582 4117 Anatolii
2634 4064 2836 4133 scripta
2881 4073 3140 4117 secutum.
3179 4061 3360 4127 Vides,
3398 4065 3516 4131 opi-

1941 4169 2064 4216 nor,
2097 4153 2481 4208 schismaticos
2514 4153 2635 4207 illus
2663 4169 2856 4208 omnes
2899 4154 3232 4222 praacipnum
3276 4155 3515 4221 pervica-

1941 4245 2058 4309 ci;e,
2110 4245 2491 4314 Opinionisque
2544 4260 2656 4298 sua:
2695 4245 3004 4314 pra-sidinm
3042 4244 3094 4297 in
3130 4244 3364 4298 Anatolii
3412 4258 3514 4297 au-

1942 4341 2193 4391 ctoritate
2220 4337 2492 4406 posuisse,
2518 4353 2625 4390 non
2653 4337 2742 4391 illa
2769 4337 3012 4406 quidem,
3039 4345 3097 4389 ιιι
3123 4336 3256 4401 dixi,
3281 4351 3344 4390 ex
3371 4335 3516 4390 illius

1943 4431 2181 4500 scriptis,
2219 4445 2340 4499 qua:
2377 4444 2658 4498 nunquam
2697 4429 2962 4493 viderant,
3007 4429 3100 4483 sed
3138 4444 3204 4483 ex
3245 4427 3517 4483 Ecclesia-

1942 4523 2089 4575 sticw
2122 4522 2380 4584 historice,
2402 4521 2506 4575 hoc
2534 4529 2618 4575 est
2649 4536 2678 4573 a
2706 4520 2902 4574 llutino
2946 4521 3305 4588 interpolatae,
3331 4521 3435 4574 lide
3455 4535 3518 4575 ac

1943 4614 2257 4669 testimonio
2303 4615 2645 4684 deprompta.
2691 4611 2874 4666 Redeo
2927 4613 2992 4666 ad
3034 4613 3371 4675 Wilfridum,
3423 4611 3517 4682 qui

1938 4705 2250 4772 Anatolium
2292 4707 2364 4760 ita
2405 4717 2619 4776 purgat,
2673 4717 2732 4761 ut
2765 4706 2816 4760 in
2844 4721 3012 4760 causa
3053 4706 3234 4775 potius
3262 4704 3518 4775 praevari-

1939 4801 2049 4853 cari
2104 4799 2372 4853 videatur.
2423 4799 2581 4853 Certe
2637 4800 2778 4853 hanc
2824 4798 2901 4852 illi
2954 4798 3263 4866 opinionem
3307 4796 3515 4856 tribuit,

1939 4908 2102 4961 quam
2138 4908 2202 4946 ne
2225 4892 2516 4946 somniavit
2542 4891 2764 4962 quidem
2789 4906 3028 4960 unquam
3051 4906 3065 4955 ;
3094 4891 3203 4944 imo
3225 4904 3376 4953 vero,
3399 4903 3518 4957 quae

1941 4985 2144 5054 ipsum,
2180 4985 2324 5054 quod
2369 4983 2515 5038 Scoti
2565 4983 2903 5054 pugnabant,
2939 4979 3290 5050 oppugnabat
3333 4985 3516 5030 autem

1941 5077 2251 5142 Willridus,
2302 5075 2521 5138 elliciat,
2569 5075 2714 5143 quod
2764 5085 2851 5126 eSt
2904 5070 3144 5140 profecto
3197 5069 3514 5122 ridicuhnn.

1941 5170 2181 5235 Constat,
2237 5169 2432 5238 inquit,
2500 5165 2811 5221 Anatolium
2863 5165 3031 5216 uirum
3095 5160 3514 5224 sanctissimum,

1940 5263 2325 5322 doctissimum,
2360 5277 2422 5313 ac
2453 5260 2612 5312 laude
2633 5276 2744 5312 esse
2775 5256 3166 5327 dignissimum,
3207 5263 3312 5307 etc.
3349 5251 3469 5306 Mox
3502 5271 3516 5306 :

1942 5357 2044 5411 Ille
2067 5357 2142 5410 sic
2167 5356 2221 5408 in
2250 5352 2466 5406 Pascha:
2497 5350 2835 5404 Dominicum
2861 5364 2949 5402 xw
2972 5346 3153 5399 lunam
3175 5345 3516 5414 computavit,

1940 5461 1996 5504 ut
2029 5450 2163 5502 hanc
2192 5447 2373 5500 eadem
2406 5446 2520 5514 ipsa
2550 5443 2634 5495 die
2667 5458 2808 5494 more
2839 5439 3212 5509 ﬂfggptiorum
3246 5453 3311 5490 xv
3338 5437 3518 5489 lauant

1943 5542 2010 5595 ad
2041 5555 2304 5607 vesperam
2332 5553 2441 5590 esse
2467 5535 2742 5604 fateretur.
2780 5531 2869 5586 Sic
2897 5533 3037 5584 idem
3076 5547 3142 5584 xx
3173 5531 3311 5584 diem
3341 5527 3520 5582 Domi-

1943 5635 2059 5687 nico
2103 5631 2321 5686 Pascha:
2363 5626 2661 5688 annotavit,
2713 5633 2768 5678 ut
2815 5625 2971 5685 lmnc,
3026 5623 3293 5676 declinata
3340 5621 3521 5674 eadem

1943 5726 2047 5786 die,
2085 5739 2194 5778 esse
2226 5737 2313 5775 xxi
2363 5717 2616 5773 crederet.
2665 5715 2830 5785 Cujus
2881 5715 3119 5782 regulam
3164 5712 3521 5766 distinctionis

1945 5834 2034 5872 vos
2077 5817 2346 5886 ignorasse
2387 5811 2595 5881 probat,
2633 5808 2770 5879 quod
2799 5805 3082 5876 aliquoties
3118 5803 3326 5856 Pascha
3351 5802 3520 5855 mani-
