3994 6222
454 441 559 502 999

1566 429 1912 490 APPENDIX
1955 425 2594 487 ῡιεεειιΤΑτιοΝυΜ.

3575 436 3709 499 1000

456 556 734 626 festissima
764 563 887 608 autc
913 553 1286 624 plenilunium,
1324 550 1480 609 idest
1509 556 1562 608 in
1601 572 1699 608 xm
1723 555 1851 608 luna
1885 551 2022 621 fuci-
2055 554 2101 610 Α
2130 548 2386 606 Ecclesiae
2423 552 2694 610 terminus
2737 569 2982 623 unquam
3046 554 3324 624 paschalis
3381 553 3564 619 fuerit,
3614 571 3718 612 nec

456 649 545 704 tis.
579 645 721 716 Ergo
758 647 809 700 id
838 647 1126 701 Anatolius
1164 647 1367 712 sauxit’,
1402 647 1532 701 luna
1567 662 1653 701 xw
1687 646 1949 716 ήμερινῇ,
1976 652 2035 698 ιιι

457 738 694 808 loquitur
727 738 1083 808 Epiphanius,
1134 741 1422 810 νυκτερινῇ
1472 739 1529 792 δὲ
1571 735 2037 809 πεντεκαιδεκάτῃ

459 831 668 884 Pascha
698 830 799 884 rite
834 828 1042 899 perlici,
1081 828 1229 899 quod
1270 843 1483 883 merum
1519 839 1606 884 est
1658 828 1950 882 Scotorum
1985 835 2039 879 et

460 906 1078 987 Quartadeciinanorum
1103 921 1321 990 dogma,
1365 921 1584 981 borum,
1621 920 1869 989 inquam,
1899 918 2040 971 dun-

472 1010 642 1066 taxat,
667 1003 760 1073 qui
783 1006 884 1059 etsi
913 1005 1253 1061 Dominicum
1297 1007 1439 1060 diem
1487 1006 1788 1062 celebritati
1820 1004 2057 1074 praelini-

477 1105 617 1160 rent,
665 1111 775 1150 non
817 1097 1142 1152 dubitabant
1176 1108 1380 1159 tamen,
1425 1099 1639 1167 quoties
1681 1098 1962 1151 Dominica
2000 1097 2054 1150 in

473 1201 563 1239 xw
619 1187 899 1251 incideret,
949 1205 1015 1242 eu
1059 1190 1146 1243 die
1211 1188 1410 1243 festum
1463 1189 1718 1246 incidere.
1752 1185 1868 1242 Non
1902 1187 2052 1240 aliud

471 1276 713 1332 sensisse
743 1277 825 1331 vel
852 1277 1066 1342 Scotos,
1097 1279 1179 1332 vel
1210 1289 1437 1334 caeteros
1459 1278 1703 1346 ejusdem
1738 1276 1964 1332 luet-esis
1989 1291 2053 1330 ac

469 1367 728 1423 factionis
767 1370 1040 1432 homines,
1097 1371 1278 1425 notius
1312 1378 1416 1435 est,
1453 1386 1618 1440 quam
1650 1381 1705 1424 ut
1734 1387 1820 1424 res
1847 1369 2050 1440 proba-

472 1461 618 1515 tione
635 1469 808 1530 egeat.
829 1461 987 1516 Certe
1011 1461 1204 1516 Scotos
1229 1463 1377 1532 ipsos
1405 1480 1432 1517 a
1457 1479 1548 1518 xw
1576 1465 1705 1517 luna
1729 1463 1794 1516 ad
1818 1479 1888 1516 xx
1917 1460 2052 1515 Pas-

467 1555 570 1605 cha
598 1553 1072 1608 eelebrasseBeda
1101 1556 1343 1622 scripsit,
1379 1572 1502 1610 cum
1535 1555 1788 1611 catholici
1823 1571 1852 1609 a
1880 1570 1948 1608 xv
1979 1553 2047 1608 ad

468 1657 558 1694 xxt
585 1640 636 1694 id
660 1642 890 1712 egerint,
918 1651 978 1697 ut
1001 1645 1164 1699 unius
1187 1645 1293 1698 diei
1324 1645 1616 1700 discrimen
1649 1644 1832 1698 fuerit.
1862 1643 1929 1698 Ut
1949 1643 2051 1713 igi-

467 1741 556 1785 tur
583 1733 868 1789 catholicis
896 1751 965 1789 xv
991 1737 1264 1805 paschalis
1289 1753 1352 1791 ea
1391 1746 1494 1802 est,
1531 1753 1653 1806 quat
1703 1738 1756 1791 in
1785 1753 1869 1790 xv:
1902 1735 2051 1791 desi-

467 1825 564 1886 ttit,
587 1834 780 1894 estque
806 1829 1274 1900 πεντεκαιδεκάτη
1304 1831 1559 1902 ήμερινή,
1590 1831 1660 1885 ita
1690 1828 2050 1899 τεσσαρεσδε-

467 1915 712 1980 κατίταις
735 1932 825 1971 xw
843 1919 1066 1988 perinde
1085 1921 1340 1992 ήμερινὴ,
1369 1921 1668 1994 νυκτερινὴ
1690 1937 1818 1976 vero
1835 1938 1902 1975 xv
1926 1935 2049 1976 esse

467 2006 671 2061 debuit.

541 2099 676 2152 Nam
708 2102 752 2155 si
796 2115 892 2153 xm
950 2103 1184 2170 ήμερινῇ
1226 2100 1435 2154 Pascha
1481 2108 1900 2165 anteverterent,
1941 2115 2048 2154 non

473 2205 583 2243 uno
615 2190 726 2255 die,
761 2192 855 2245 sed
897 2191 1064 2244 biduo
1099 2206 1128 2244 a
1177 2190 1463 2245 catholicis
1507 2191 1810 2246 differrent.
1847 2189 2048 2246 Verum

471 2300 533 2338 ex
575 2285 640 2339 iis
669 2298 790 2354 quae
829 2286 1013 2338 statim
1065 2283 1206 2337 idem
1257 2281 1548 2338 Willridus
1589 2283 1799 2351 objicit,
1854 2281 2050 2352 conjici

474 2383 671 2443 potest,
703 2373 830 2444 quid
864 2383 958 2427 aut
1003 2373 1119 2442 ipse
1147 2371 1405 2435 senserit,
1441 2381 1536 2425 aut
1572 2372 2051 2427 seusisseAnato-

471 2470 604 2522 lium
635 2469 938 2529 existimet,
979 2482 1104 2521 cum
1156 2467 1235 2520 ait
1265 2465 1460 2522 Scotos
1493 2467 1811 2536 plerumqtte
1848 2465 2050 2522 Pascha

473 2561 602 2614 luna
665 2576 760 2614 xm
795 2571 920 2613 ante
968 2558 1326 2628 plenilunium
1382 2559 1706 2613 celebrasse.
1744 2558 1869 2612 Fuit
1907 2559 2050 2612 enim

477 2653 590 2706 hate
622 2651 931 2720 Theophili,
987 2649 1175 2719 Cyrilli
1231 2665 1295 2703 ac.
1342 2648 1499 2703 Beda:
1543 2650 1714 2718 ipsius
1747 2648 1882 2702 adeo
1930 2665 2054 2703 scn-

477 2743 642 2797 tentia
672 2758 686 2794 :
715 2744 898 2796 lunam
945 2755 1138 2795 novam
1195 2740 1398 2794 nullant
1442 2741 1570 2806 dici,
1623 2757 1738 2810 qua:
1785 2757 1884 2793 nun
1935 2751 2055 2792 ante

474 2850 720 2888 occasum
753 2834 880 2888 solis
907 2833 1229 2886 accendatur
1257 2847 1276 2885 :
1308 2832 1444 2886 adeo
1477 2841 1534 2886 ut
1572 2831 1615 2886 si
1647 2841 1768 2900 post
1799 2845 2054 2885 occasum

475 2928 742 2980 duntaxat
771 2925 902 2981 solis
929 2939 1159 2979 accensa
1192 2924 1282 2990 sit,
1317 2923 1421 2978 hoc
1463 2930 1549 2977 est
1583 2937 1704 2977 cum
1753 2921 1867 2977 sole
1923 2936 2056 2976 con-

474 3018 681 3088 juncta,
713 3016 933 3071 tametsi
955 3017 1026 3071 23
1051 3014 1202 3071 horis
1226 3024 1412 3086 postea
1442 3015 1664 3079 luxerit,
1690 3014 1859 3080 illam,
1889 3029 2052 3083 quam

475 3110 758 3166 occidente
786 3109 901 3164 sole
930 3109 1142 3173 habuit,
1184 3107 1600 3178 appellationem
1626 3111 1877 3162 retineat.
1914 3105 1982 3162 Ut
2009 3108 2054 3162 si

479 3201 717 3258 Sabbato
763 3210 886 3271 post
921 3217 1179 3256 occasum
1239 3201 1374 3256 solis
1435 3199 1751 3270 conjunctio
1788 3200 1898 3265 tiat,
1943 3216 2050 3254 non

477 3302 739 3364 sequente
769 3292 1186 3357 Dominica,sed
1213 3291 1344 3346 feria
1376 3307 1414 3345 ιι
1445 3291 1728 3345 neomenia
1769 3292 2053 3345 statuenda

478 3385 549 3440 sit
583 3405 596 3440 :
626 3385 770 3455 quod
815 3385 908 3439 lib.
945 3385 1019 3438 De
1053 3397 1273 3453 tempor.
1299 3394 1400 3437 rut.
1439 3399 1560 3453 cap.
1597 3383 1686 3449 M,
1720 3399 1748 3437 a
1783 3383 1920 3438 Beda
1947 3393 2057 3437 tra-

478 3479 650 3531 ditum
687 3483 771 3530 est
800 3491 865 3529 ex
883 3476 1249 3530 recentiorum
1280 3474 1776 3530 Alexandrinorum
1821 3475 2056 3545 placitis.

480 3565 558 3619 13.x
596 3581 661 3619 eo
693 3580 854 3635 porro
906 3567 1048 3636 quod
1085 3567 1370 3621 neomenia
1411 3583 1802 3636 nonnunquam
1848 3567 2059 3635 integro

479 3657 568 3711 die
617 3657 996 3720 submovetur,
1071 3672 1294 3712 necesse
1346 3666 1430 3712 est
1470 3669 1698 3713 caeteros
1747 3658 1890 3711 lunae
1941 3657 2059 3712 dies

480 3748 693 3802 tardius
755 3748 1092 3815 succedere;
1153 3757 1316 3818 atque
1381 3750 1452 3804 ita
1502 3753 1549 3804 si
1592 3749 1824 3819 exempli
1870 3737 2056 3814 causa,

483 3837 722 3892 Sahbato
782 3839 967 3893 statim
1023 3846 1148 3909 post
1208 3839 1342 3894 solis
1398 3855 1656 3895 occasum
1698 3841 2057 3910 plenilunium

480 3930 836 3982 commissum
889 3928 980 3993 sit,
1027 3928 1389 3998 appellabitur
1434 3930 1790 3986 nihilominus
1836 3941 1944 3985 tota
1969 3931 2059 3984 illa

478 4017 598 4075 dies
635 4035 724 4074 xw
748 4021 900 4084 luna,
958 4036 1066 4075 non
1121 4021 1516 4091 plenilunium:
1553 4023 1696 4078 unde
1723 4033 1776 4078 et
1819 4024 2062 4077 anterior

479 4112 598 4168 dies
640 4129 737 4168 xttt
800 4129 908 4166 non
944 4129 1031 4166 xw
1058 4115 1484 4182 computabitur.
1531 4113 1655 4170 Haec
1704 4117 1837 4180 fuit,
1877 4115 2060 4170 ntidi-

480 4214 629 4258 ctum
661 4212 767 4267 est,
800 4205 1293 4259 Alexandrinorum
1342 4208 1630 4270 sententia,
1660 4223 1824 4276 quam
1867 4216 1920 4262 et
1953 4205 2058 4260 He-

482 4296 612 4350 braei
663 4296 884 4365 quidam
928 4297 1160 4364 amplexi
1192 4305 1341 4352 sunt.
1373 4295 1508 4352 Nam
1539 4298 1592 4352 in
1637 4298 1832 4353 Glussa
1867 4314 1989 4367 cap.
2027 4297 2058 4349 7

484 4385 663 4440 Tract.
699 4385 974 4441 thdusrlt
999 4388 1292 4441 haltodesclt
1337 4389 1530 4445 tomol
1585 4389 2060 4447 Jad.Maimonid:e

483 4478 647 4530 varia:
677 4479 960 4532 doctorum
994 4481 1276 4535 sententia!
1327 4481 1393 4535 de
1419 4496 1482 4535 ea
1519 4497 1574 4536 re
1622 4497 2058 4536 commemoran-

2140 643 2193 696 in
2233 659 2345 698 χχιι
2373 644 2549 700 lunari
2574 645 2801 701 dilatum
2827 643 3034 701 Pascha
3061 664 3074 701 :
3105 662 3226 716 qua:
3255 656 3338 701 est
3363 646 3721 702 hallucinatio

2141 734 2403 808 Scaligeri
2447 753 2478 792 a
2518 737 2708 793 Clario
2738 748 2950 803 nostro,
2993 751 3049 794 et
3101 739 3398 794 novissime
3431 754 3461 794 a
3485 737 3718 794 Guldine

2139 828 2384 898 ejusdem
2442 829 2722 886 societatis
2775 831 3110 886 validissime
3174 829 3431 885 refutata.
3495 828 3602 885 Sed
3653 830 3722 885 ad

2141 919 2378 987 priorem
2397 934 2617 974 sensum
2634 921 2723 975 illa
2736 920 2975 975 Wilfridi
2993 921 3290 991 disputatio
3311 921 3564 990 pertinet.
3583 919 3720 975 Nam

2143 1008 2325 1066 Scotis
2357 1013 2670 1081 exprobrat,
2703 1013 2846 1083 quod
2875 1028 2999 1068 cum
3044 1013 3098 1067 in
3125 1029 3212 1066 xw
3233 1011 3442 1066 Pascha
3481 1011 3724 1067 celebra-

2143 1110 2282 1165 rent,
2314 1117 2421 1156 non
2456 1117 2576 1158 eam
2605 1117 2784 1158 tamen
2822 1119 2913 1159 xw
2945 1103 3215 1174 paschalis
3242 1102 3510 1156 rationem
3552 1101 3721 1156 habe-

2143 1203 2283 1259 rent,
2319 1209 2483 1264 quam
2508 1197 2794 1251 Anatolius
2831 1196 3256 1266 praescripserat.
3307 1193 3406 1249 llic
3435 1194 3584 1248 enim
3634 1209 3722 1246 xw

2145 1290 2291 1343 illam
2336 1289 2642 1356 paschalem
2698 1289 2965 1342 duntaxat
2998 1303 3119 1342 esse
3158 1286 3421 1351 voluerat,
3462 1301 3632 1355 quam
3661 1284 3724 1339 ad

2144 1396 2430 1450 \esperam
2458 1379 2819 1450 plenilunium
2848 1383 3144 1450 exciperet,
3179 1378 3281 1433 hoc
3306 1386 3410 1439 est,
3433 1388 3565 1431 ante
3596 1376 3726 1432 solis

2145 1488 2435 1539 occasum;
2493 1471 2698 1540 alioqui
2747 1487 2842 1526 xm
2879 1486 2986 1524 non
3018 1486 3109 1525 xw
3151 1471 3444 1525 diceretur.
3478 1469 3547 1522 At
3577 1469 3727 1524 Scoti

2148 1569 2298 1624 nullo
2356 1566 2668 1621 istiusmodi
2718 1565 2948 1630 delectu,
2980 1579 3070 1618 xw
3113 1564 3258 1618 illam
3292 1563 3560 1634 paschali.
3587 1563 3730 1617 cele-

2147 1656 2332 1712 britati
2364 1655 2782 1718 consecrabant,
2820 1669 2944 1723 quae
2986 1653 3040 1707 in
3077 1668 3201 1707 eum
3241 1652 3383 1706 diem
3440 1652 3729 1715 incideret,

2148 1759 2272 1818 post
2320 1747 2479 1818 cujus
2511 1756 2693 1801 ortum
2745 1746 3113 1814 subsequente
3137 1745 3400 1799 duntaxat
3425 1755 3590 1799 nocte
3618 1744 3731 1814 ple-

2151 1842 2421 1896 nilunium
2480 1839 2960 1904 committeretur;
3036 1847 3431 1908 proptereaque
3493 1852 3606 1890 non
3667 1852 3732 1888 xv

2152 1932 2300 1997 luna,
2330 1931 2421 1986 sed
2469 1945 2561 1984 xw
2589 1939 2898 1993 vocaretur,
2952 1943 3014 1982 ea
3051 1943 3198 1990 vero,
3231 1943 3334 1997 qua
3371 1926 3582 1981 Pascha
3613 1942 3734 1995 per-

2153 2034 2335 2079 actum
2367 2022 2562 2087 fuerat,
2588 2038 2710 2076 xm.
2743 2020 2868 2075 Haec
2899 2030 2983 2076 est
3011 2020 3235 2074 omnino
3253 2017 3555 2072 dillicillimi
3588 2019 3732 2072 illius

2153 2113 2258 2168 loci
2294 2113 2601 2176 sententia;
2650 2110 2948 2164 secundum
2981 2124 3147 2179 quam
3199 2108 3488 2163 Anatolius
3521 2124 3736 2160 τεσσα-

2157 2201 2643 2278 ρεσκαιδεκατιτῶν
2701 2204 2874 2256 ert'ori
2932 2201 3349 2271 patrocinatur;
3408 2199 3542 2253 dum
3601 2199 3732 2253 illud

2155 2298 2457 2352 statuitur:
2490 2293 2808 2350 Paschalem
2856 2308 2922 2347 ex
2979 2293 3096 2362 ejus
3128 2290 3383 2344 instituto
3433 2305 3526 2342 xw
3585 2289 3731 2343 illam

2155 2404 2297 2454 esse,
2335 2404 2456 2458 qua:
2515 2388 2568 2440 in
2615 2386 2976 2457 plenilunium
3028 2385 3249 2441 desinit.
3286 2383 3420 2450 Qum
3465 2398 3610 2438 nova
3655 2391 3736 2436 est

2157 2485 2390 2538 istorum
2426 2479 2802 2541 halluciuatio,
2830 2489 2885 2532 et
2929 2477 2984 2531 in
3017 2476 3331 2531 Anatolium
3362 2476 3614 2546 conjecta
3647 2489 3737 2528 ca-

2157 2574 2386 2629 lumnia.
2417 2571 2590 2642 Cujus
2641 2569 2990 2625 occasionem
3029 2568 3156 2624 inde
3187 2567 3428 2622 oblatam
3462 2567 3735 2635 suspicor,

2156 2667 2300 2738 quod
2348 2680 2474 2720 cum
2520 2681 2589 2718 ex
2643 2661 2954 2718 Judaeorum
3012 2660 3292 2729 magistris
3318 2659 3425 2713 τῶν
3463 2657 3738 2727 Διαεατη-

2158 2759 2312 2831 ρίων,
2351 2757 2454 2812 hoc
2487 2765 2571 2812 est
2610 2755 2775 2825 typici
2830 2753 3113 2808 Paschalis
3166 2765 3431 2806 canonem
3474 2750 3626 2803 illunt
3673 2749 3737 2803 ad

2156 2850 2541 2907 illustrandum
2589 2845 2886 2902 Christiani
2920 2843 3224 2900 doctrinam
3271 2840 3560 2897 Paschalis
3590 2850 3740 2895 attu-

2157 2945 2333 3009 lisset,
2384 2958 2494 3013 quo
2549 2941 2883 3011 praecipitur,
2923 2949 2984 2992 tit
3043 2953 3132 2992 xw
3186 2937 3312 2991 luna
3349 2935 3415 2989 ad
3453 2950 3737 3004 vesperam

2157 3035 2364 3090 Pascha
2401 3033 2724 3096 celebretur,
2768 3030 2870 3083 sub
2894 3031 3071 3100 ipsum
3118 3027 3499 3098 Oppositionis,
3528 3042 3592 3082 ac
3627 3027 3737 3096 ple-

2159 3126 2353 3182 niluuii
2401 3136 2639 3194 tempus.
2687 3123 2792 3176 hoc
2849 3121 2926 3176 illi
2996 3121 3062 3176 ad
3109 3119 3482 3175 Christianum
3528 3116 3740 3173 Pascha

2163 3216 2580 3282 transtulerunt,
2617 3213 2723 3269 rati
2771 3229 2838 3268 ex
2887 3212 3125 3266 Anatolii
3169 3211 3387 3266 decreto
3424 3225 3513 3264 xw
3537 3211 3625 3264 die
3654 3226 3740 3264 ce-

2160 3311 2362 3366 lebrari
2399 3325 2559 3380 posse
2597 3325 2611 3358 :
2649 3317 2704 3364 et
2749 3307 2968 3378 quidem
3011 3309 3302 3370 maturius,
3341 3320 3507 3373 quam
3537 3304 3740 3359 Judaais

2161 3401 2341 3465 liceat,
2373 3402 2518 3472 quod
2551 3411 2634 3456 est
2669 3380 2995 3464 inauditum;
3035 3409 3090 3454 et
3113 3399 3368 3453 Anatolio
3394 3414 3624 3469 prorsus
3656 3399 3739 3452 in-

2161 3493 2408 3565 dignum.
3473 3499 3487 3512 ‘

2359 3628 2610 3698 Pergitur
2632 3628 2686 3681 in
2728 3626 3060 3695 explicandis
3093 3625 3333 3679 Anatolii
3355 3624 3545 3678 verbis.

2235 3763 2341 3818 Sed
2374 3762 2505 3816 illud
2540 3762 2596 3815 in
2625 3759 2863 3814 Anatolii
2891 3761 3016 3814 loco
3039 3759 3130 3813 illo
3161 3757 3433 3813 diliicilius
3447 3765 3556 3819 est,
3592 3755 3737 3826 quod

2161 3853 2312 3909 addit
2341 3853 2428 3907 die
2473 3850 2648 3905 Martii
2687 3866 2756 3904 xx
2786 3850 2956 3904 solem
2995 3864 3104 3902 non
3145 3857 3356 3902 tantum
3398 3856 3738 3918 segmentum

2161 3925 2368 3999 zodiaci
2426 3943 2659 4013 primum
2726 3942 3033 4013 ingressum
3085 3955 3245 4002 esse,
3321 3936 3440 3991 ἀλλ’
3496 3939 3596 4010 ἤδη
3647 3939 3738 3992 καὶ

2161 4037 2428 4108 τετάρτην
2459 4035 2671 4106 ἡμέραν
2711 4035 2768 4085 ὲν
2796 4030 2944 4102 αὐτῷ
2988 4030 3424 4103 διαπορεύεσθαι.
3459 4029 3692 4084 Rufinus
3719 4043 3734 4079 :

2163 4129 2228 4184 In
2269 4145 2373 4200 qua
2411 4127 2496 4181 die
2530 4127 2610 4181 sol
2655 4127 2977 4179 inveniretur
3009 4141 3111 4178 non
3161 4125 3332 4178 solum
3373 4123 3739 4177 conscendisse

2159 4221 2387 4290 primam
2419 4228 2646 4288 partem,
2674 4232 2849 4270 verum
2881 4218 3043 4268 etiam
3071 4223 3314 4284 quartam
3334 4213 3450 4282 jam
3475 4213 3531 4265 in
3568 4228 3628 4265 co
3656 4212 3738 4265 die

2161 4313 2352 4365 habere
2385 4327 2402 4364 :
2435 4309 2488 4364 id
2548 4319 2652 4374 est,
2687 4308 2739 4361 in
2775 4307 2949 4377 prima
2982 4322 3045 4360 ex
3075 4323 3149 4359 χιι
3184 4305 3450 4374 partibus.
3480 4304 3555 4358 Ita
3595 4303 3736 4374 apud

2162 4403 2360 4458 Bedam
2397 4401 2610 4470 legitur,
2646 4409 2707 4453 ut
2740 4409 2794 4453 et
2839 4398 2893 4452 in
2925 4396 3158 4467 vulgatis
3191 4395 3374 4449 Rufini
3433 4396 3734 4451 codicibus.

2161 4495 2334 4550 Porro
2383 4494 2525 4548 Beda
2581 4508 2676 4562 per
2709 4503 2978 4561 quartam,
3008 4489 3139 4552 sive,
3197 4497 3258 4542 ut
3297 4488 3532 4542 subinde
3559 4498 3733 4551 vocat,

485 4580 592 4625 tur.
659 4571 918 4626 Eamdent
972 4590 999 4626 a
1037 4573 1180 4628 Beda
1246 4584 1668 4646 propugnatam,
1728 4585 1781 4628 et
1816 4592 1843 4629 a
1886 4574 2053 4628 Foro-

2160 4602 2257 4657 per
2282 4583 2566 4656 quadrum,
2593 4581 2871 4636 Julianum
2911 4579 3268 4646 quadrantem
3297 4577 3585 4648 intelligit;
3613 4592 3734 4631 nam

484 4677 687 4730 sempr.
729 4662 1015 4716 relutatam
1046 4665 1139 4718 lib.
1174 4680 1255 4725 ιιι,
1290 4675 1431 4734 part.
1461 4683 1523 4732 ιι,
1555 4667 1802 4737 pluribus
1836 4667 2055 4733 astruit,

481 4754 822 4824 explicatque
875 4754 1065 4809 Petrus
1114 4755 1320 4811 Pitatus
1369 4756 1566 4811 Veron.
1630 4775 1751 4828 cap.
1815 4760 1848 4812 li
1897 4767 1949 4812 et
1993 4758 2060 4811 13

482 4848 620 4903 (Ian.
653 4847 827 4902 Pasch
856 4848 1121 4915 ;Ecclesia
1149 4864 1277 4903 vero
1311 4851 1580 4905 catholica
1615 4852 1840 4906 minime
1870 4853 2058 4922 sequi-

484 4952 594 5008 tur,
632 4957 752 5009 qua‘.
783 4940 1056 5010 paschalis
1091 4939 1214 4995 festi
1243 4942 1529 4996 ratiocinia
1560 4945 1623 4996 ad
1649 4945 1860 4998 civilem
1898 4960 2058 4999 usum

480 5043 538 5090 et
565 5035 887 5105 aequabilem
918 5034 1154 5104 cyclum,
1188 5050 1296 5089 nou
1350 5036 1416 5089 ad
1469 5038 1774 5092 mediorum
1810 5049 2057 5095 motuum

481 5126 892 5186 observationes
919 5124 1194 5194 astringit.
1243 5125 1510 5180 Caeterum
1561 5143 1627 5182 ex
1661 5129 1762 5184 hac
1789 5131 1904 5200 ipsa
1941 5131 2061 5200 opio

483 5218 651 5272 nione
697 5219 966 5287 sequitur,
1003 5217 1187 5271 lunam
1223 5234 1312 5272 xw
1359 5235 1753 5290 nonnunquam
1804 5224 1857 5277 in
1891 5226 2064 5293 pleni-

482 5310 690 5363 lunium
723 5309 990 5376 incidere;
1034 5309 1106 5363 ob
1141 5309 1304 5378 idque
1332 5310 1692 5379 plenilunium
1723 5314 1865 5382 apud
1893 5330 2062 5383 quos-

481 5403 605 5456 dam
649 5403 942 5472 scriptores
1004 5403 1263 5472 appellari
1296 5418 1407 5456 xw.
1433 5401 1589 5468 Quod
1635 5415 1688 5457 et
1721 5415 1943 5474 propter
1972 5407 2060 5459 lu-

481 5510 668 5548 narem
706 5496 1010 5566 προήγησιν
1044 5504 1166 5562 post
1203 5491 1483 5548 Nicmnum
1519 5497 1811 5549 concilium
1839 5498 2060 5563 accidit,

480 5595 599 5652 post
635 5586 736 5639 tria
768 5587 984 5640 circiter
1006 5588 1224 5642 saecula.
1258 5587 1395 5641 Tum
1423 5589 1568 5641 enim
1607 5589 1788 5644 aureis
1820 5593 2063 5647 numeris

483 5675 674 5728 iisdem
703 5679 896 5732 diebus
931 5679 1286 5744 hatrentibus,
1331 5696 1417 5733 xlv
1446 5677 1665 5735 Nicaana
1702 5681 2060 5753 plenilunium

482 5773 567 5816 est
618 5763 780 5829 facta,
833 5769 995 5835 idque
1035 5769 1178 5820 κατὰ
1229 5771 1575 5839 συμϐεὸηκός
1629 5773 1699 5826 ob
1745 5773 2061 5844 ἀνωμαλίαν

485 5851 704 5915 sideris,
747 5871 871 5907 cutn
900 5858 1102 5926 alioqui
1138 5875 1314 5927 neque
1332 5860 1687 5928 plenilunium
1718 5881 1780 5919 cx
1813 5867 2060 5923 instituto

2161 4692 2284 4732 cum
2354 4675 2438 4730 sol
2495 4675 2731 4744 primum
2784 4671 2985 4725 Arietis
3027 4678 3364 4739 segmentum
3413 4669 3732 4736 ingreditur,
3799 4691 3803 4696 ·

2159 4768 2270 4838 jam
2298 4769 2351 4820 in
2383 4781 2445 4820 ca
2473 4767 2560 4820 die
2589 4763 2948 4834 quadrantem
2978 4759 3234 4815 confecit.
3275 4759 3382 4814 Sed
3419 4759 3537 4813 haec
3571 4759 3736 4811 inter-

2161 4861 2392 4933 pretatio
2422 4859 2684 4929 jocularis
2722 4865 2824 4911 est.
2863 4853 3050 4924 Neque
3084 4855 3229 4909 enim
3260 4852 3450 4908 Graeco
3477 4852 3581 4922 ipsi
3610 4867 3736 4905 con—

2161 4935 2329 5009 venit.
2391 4951 2592 5006 Scribit
2647 4947 2935 5003 Anatolius
2963 4947 3229 5018 τετάρτην
3258 4945 3473 5017 ἡμέραν
3512 4947 3570 4998 ὲν
3594 4941 3737 5012 αὑτῷ

2161 5041 2615 5113 διαπορευόμενος
2651 5082 2665 5104 ,
2689 5039 2791 5092 hoc
2835 5048 2919 5093 est
2947 5047 3192 5107 quartam
3209 5036 3328 5106 jam
3355 5036 3527 5099 diem;
3551 5051 3737 5105 quent-

2161 5133 2456 5188 admodum
2487 5130 2628 5200 apud
2662 5129 2916 5183 [inlinunt
2959 5128 3356 5186 restituendum
3407 5141 3531 5181 esse
3549 5140 3734 5179 emen-

2163 5225 2375 5278 datiora
2450 5222 2696 5291 quaedam
2767 5219 3100 5289 exemplaria
3169 5216 3522 5287 persuadent.
3599 5215 3733 5269 Tum

2163 5315 2298 5369 illud
2359 5313 2417 5364 ὲν
2449 5311 2620 5380 αὐτῷ,
2654 5309 2718 5364 ad
2761 5309 3009 5380 τμήματι
3044 5307 3303 5372 refertur,
3348 5323 3460 5361 non
3501 5308 3565 5360 ad
3602 5305 3737 5376 ἡμέ-

2165 5424 2265 5478 ραν
2287 5447 2300 5470 ,
2358 5415 2415 5458 ιιι
2449 5403 2642 5457 Latine
2681 5401 3098 5471 concipiendum
3148 5400 3241 5464 sit,
3271 5411 3518 5469 quartum
3543 5399 3658 5468 jam
3683 5401 3736 5451 in

2161 5516 2225 5553 ea
2247 5499 2405 5551 diem.
2436 5493 2548 5549 Hoc
2583 5494 2748 5565 igitur
2776 5503 2959 5547 censet
2986 5491 3271 5545 Anatolius
3299 5508 3313 5544 ε
3341 5491 3512 5544 solem
3542 5507 3591 5544 xi
3620 5487 3731 5542 Kal.

2163 5593 2293 5660 Apr.
2333 5598 2588 5659 quartum
2615 5589 2725 5658 jam
2762 5587 2817 5640 in
2874 5587 3051 5655 primo
3099 5584 3346 5655 τμήματι
3386 5583 3480 5635 τοῦ
3508 5582 3738 5635 δωδεκα-

2163 5681 2425 5752 τημορίου
2466 5680 2608 5734 diem
2662 5693 2841 5747 agere.
2875 5675 3030 5742 Quod
3092 5676 3292 5728 mirum
3333 5673 3467 5728 mihi
3508 5673 3732 5727 videtur.

2164 5775 2298 5828 Nam
2331 5776 2434 5829 hac
2490 5775 2700 5827 ratione
2733 5772 2902 5827 solem
2951 5770 3284 5825 existimavit
3327 5768 3564 5838 primum
3602 5782 3734 5836 puu-

2166 5877 2312 5921 ctum
2352 5864 2552 5919 Arietis
2619 5863 2825 5933 ingredi
2883 5877 2970 5915 xw
3012 5861 3138 5916 Kal.
3191 5859 3348 5927 Aph.
3387 5859 3492 5914 hoc
3527 5867 3612 5916 est
3648 5869 3734 5911 xix
