3994 6222
320 340 450 397 IOOI

1258 336 1348 392 DE
1383 333 1568 393 ANNO
1608 333 1695 392 ET
1736 334 1847 392 DIE
1885 332 2240 391 DOMINICAE
2274 333 2653 391 PASSIONIS.

3435 340 3458 394 I
3468 340 3573 394 002

317 459 520 515 Martii.
556 458 633 513 Ex
656 473 765 529 quo
800 458 931 514 illud
959 459 1226 531 suspicari
1278 475 1571 530 possumus
1608 483 1618 515 :
1651 458 1896 530 :cquino-
1926 460 1973 518 A
1998 459 2314 513 eorumdem
2343 456 2860 522 Alexandrinorum,
2890 454 3215 511 Latinorum
3255 448 3342 512 est
3372 474 3424 512 v.
3466 457 3570 523 Qui

316 552 532 607 ctialcm
587 554 864 607 cardinem
918 568 1026 607 non
1084 554 1139 606 in
1196 553 1374 623 ptimo
1416 553 1616 607 Arietis
1662 560 1894 623 puncto,

317 643 415 699 sed
454 644 506 696 in
544 658 593 697 tv
626 644 693 698 ab
738 659 803 700 eo
831 645 1216 699 constitutum.
1247 643 1721 709 Quemadmodum
1749 652 1899 699 vete-

318 750 409 789 res
443 735 572 789 olim
602 736 657 790 in
679 750 775 790 vtu
801 738 1080 803 signorum
1118 746 1273 807 parte
1309 738 1545 791 solstitia
1575 746 1629 792 et
1654 737 1898 805 aequino-

316 828 426 881 ctia
459 827 572 882 ﬁeri
634 830 920 899 putabant,
982 839 1042 884 ut
1087 837 1319 884 testatur
1355 829 1566 884 Plinius
1605 830 1701 883 lib.
1740 844 1894 893 xvtu,

317 935 440 988 cap.
477 920 570 986 25,
618 930 674 975 et
724 919 1026 975 Columella
1069 921 1163 976 lib.
1212 936 1287 985 Ix,
1315 936 1434 992 cap.
1472 921 1651 998 l5,'ex
1684 920 1897 977 Eudoxi

317 1019 374 1065 et
424 1011 655 1067 Metonis
716 1012 932 1079 Fastis;
966 1015 1111 1083 quod
1136 1024 1191 1069 et
1220 1014 1515 1085 Sosigenes
1552 1017 1899 1085 persuasisse

318 1101 524 1156 Casarl
562 1101 803 1167 videtur;
830 1118 954 1155 nam
993 1103 1145 1157 initia
1186 1105 1461 1159 mensium
1483 1116 1742 1174 quatuor,
1777 1119 1900 1174 quae

316 1192 640 1248 cardinibus
675 1193 926 1262 proxima
955 1203 1107 1255 sunt,
1147 1195 1216 1249 ab
1257 1211 1354 1249 vut
1392 1194 1505 1250 fere
1529 1206 1683 1265 parte
1722 1197 1900 1267 signo-

321 1300 442 1337 rum
468 1283 802 1352 incipiebant
838 1293 997 1337 aetate
1034 1284 1287 1341 Caesaris.
1330 1286 1487 1355 Apud
1527 1286 1814 1342 Geminum
1841 1288 1899 1340 at

316 1375 521 1447 τροπαὶ
549 1375 854 1445 χειμεριναί
880 1390 946 1430 ex
970 1374 1198 1431 Eudoxo
1224 1385 1420 1447 quarto
1444 1378 1531 1433 die
1550 1379 1895 1448 contingunt,

317 1484 386 1523 ex
412 1484 523 1538 quo
548 1469 630 1523 sol
646 1468 1039 1539 Capricornum
1068 1472 1348 1541 ingressus
1383 1482 1484 1528 est.
1518 1472 1898 1530 Atsecundum

321 1559 712 1615 Euetemonem
739 1562 914 1630 primo
944 1562 1063 1632 ipso
1094 1564 1200 1618 die.
1240 1560 1475 1619 Vernum
1506 1574 1685 1620 autem
1732 1566 1901 1636 acqui-

322 1652 567 1705 noctium
623 1660 781 1707 sexto
831 1653 899 1707 ab
934 1651 1183 1723 ingressu
1216 1656 1419 1711 Arietis
1458 1657 1547 1712 die
1600 1659 1899 1713 secundum

322 1741 633 1811 Eudoxum,
662 1760 785 1799 eum
813 1760 879 1799 ex
904 1745 1114 1817 Calippi
1147 1746 1542 1819 Parapegmate
1569 1749 1747 1819 primo
1779 1750 1899 1820 ipso

322 1837 408 1892 die
423 1838 816 1891 committatur.
848 1812 1209 1893 Utrum—vero
1240 1838 1381 1894 idem
1417 1841 1484 1895 de
1523 1853 1578 1895 tv
1616 1842 1899 1908 signorum
1932 1812 1973 1868 Β

322 1936 475 1997 parte
514 1927 619 1981 sibi
658 1929 991 1997 persuasnit
1042 1927 1348 1996 Anatolius,
1391 1932 1743 2001 cogitandum
1788 1948 1904 1987 am-

323 2018 468 2089 plius
507 2026 591 2073 est
639 2034 653 2071 :
705 2033 832 2072 nam
872 2020 963 2074 illa
1005 2018 1164 2076 Bedae
1202 2022 1344 2075 ratio
1385 2023 1535 2078 nullo
1570 2024 1733 2079 modo
1782 2039 1906 2094 pro-

322 2111 519 2166 babilis
553 2120 669 2177 est;
723 2112 1032 2167 Anatolium
1079 2129 1202 2168 cum
1278 2130 1330 2168 xt
1373 2114 1492 2170 Kal.
1548 2116 1679 2186 Apr.
1744 2120 1907 2189 aequi-

323 2204 564 2257 noctium
621 2204 753 2276 figit,
799 2205 866 2260 de
904 2206 1214 2275 vespertino
1273 2207 1538 2262 duntaxat
1589 2209 1757 2279 loqui,
1801 2211 1906 2268 hoc

320 2306 406 2350 est
432 2296 498 2350 de
538 2311 623 2361 eo,
659 2298 803 2367 quod
842 2298 1039 2352 accidit
1070 2314 1193 2352 cum
1220 2298 1346 2353 luna
1380 2299 1482 2354 sub
1512 2315 1768 2357 occasum
1802 2304 1904 2357 soli

322 2389 571 2457 opposita
608 2398 724 2454 est;
770 2399 1053 2459 propterea
1089 2391 1233 2459 quod
1265 2406 1329 2445 ex
1368 2391 1722 2461 antiquorum
1778 2408 1906 2449 sen-

322 2480 489 2533 tentia
510 2478 731 2534 Patrum
768 2481 959 2535 statuit
977 2482 1043 2535 ad
1074 2483 1381 2551 paschalem
1407 2484 1770 2539 celebritatem
1794 2501 1904 2540 non

324 2573 486 2627 modo
515 2573 686 2628 solem
728 2572 781 2627 in
823 2574 1150 2644 aequinoctio
1176 2591 1368 2641 verno,
1410 2578 1504 2631 sed
1536 2586 1590 2631 et
1619 2578 1805 2632 lunam
1847 2577 1902 2631 in

322 2666 627 2719 autumnali
659 2666 818 2720 sitam
840 2682 961 2721 esse
989 2667 1184 2722 debere
1210 2668 1383 2737 :quod
1426 2678 1538 2722 tum
1592 2669 1651 2722 tit
1686 2669 1906 2738 quando

323 2759 706 2826 aequinoctiale
746 2768 1007 2829 punctum
1069 2760 1172 2814 sub
1218 2775 1474 2815 occasum
1524 2761 1654 2817 solis
1691 2762 1902 2817 incidit.

324 2847 570 2903 Primum
606 2850 749 2904 enim
774 2866 881 2904 non
906 2852 972 2904 de
1009 2850 1321 2906 Christiano
1362 2852 1625 2908 I‘aschate
1660 2868 1725 2908 ex
1758 2854 1899 2909 anti-

324 2953 562 3008 quorum
637 2939 855 2993 I’atrum
911 2940 1153 3008 scriptis,
1185 2941 1277 2996 sed
1317 2940 1545 2996 Iudaico
1577 2957 1643 2997 ex
1687 2945 1904 2999 Aristo-

325 3032 438 3086 buli
465 3031 787 3085 auctoritate
825 3031 969 3086 istud
1004 3034 1185 3087 attulit
1215 3053 1227 3087 :
1264 3034 1337 3098 ὠς
1364 3033 1446 3105 εἴη
1477 3034 1537 3099 ἐξ
1571 3036 1816 3106 ἀνάγκης
1835 3038 1901 3107 τῇ

2000 552 2108 606 duo
2134 549 2485 619 posteriores,
2515 549 2620 602 hoc
2646 556 2731 603 est
2756 546 3109 602 Alexandrini
3125 561 3213 600 xix
3245 560 3301 603 et
3330 564 3425 603 vtu
3449 564 3574 604 cum

2000 642 2141 711 apud
2172 642 2321 710 ipsos
2376 640 2706 695 cmbolimaei
2743 638 2942 703 forent,
2972 638 3114 708 apud
3149 638 3395 703 Latinos,
3425 648 3484 695 ut
3523 652 3576 696 et

2000 733 2141 803 apud
2164 732 2406 798 Judzeos,
2436 742 2592 785 erant
2633 731 2905 800 simplices
2938 739 3125 785 :erant
3151 731 3295 786 enim
3328 748 3415 786 xvi
3441 740 3495 788 et
3518 749 3572 788 v.

2000 823 2075 878 Ita
2117 823 2297 877 Latini
2330 824 2533 878 Pascha
2558 822 2610 877 in
2639 820 2805 877 Nisan
2833 821 3081 889 Judaico,
3124 823 3477 879 Alexandrini
3521 826 3574 879 in

2000 914 2105 981 ljar
2169 915 2539 970 celebrabant.
2595 914 2887 984 Propterea
2946 915 3218 984 paschalis
3286 918 3574 972 neomenia

2000 1005 2324 1059 Latinorum
2376 1016 2551 1060 erata
2583 1021 2641 1059 ιιι
2699 1004 2840 1059 Non.
2892 1005 3122 1070 Martiis,
3166 1007 3280 1062 sive
3309 1006 3487 1062 Martii
3520 1025 3573 1072 ι’,

1999 1096 2065 1150 ad
2096 1095 2297 1164 Aprilis
2331 1111 2392 1163 ιι,
2432 1112 2557 1151 eum
2589 1094 2808 1169 Nicaena
2841 1097 2913 1151 ab
2952 1113 3045 1151 vin
3081 1098 3347 1153 duntaxat
3398 1097 3576 1154 Martii

2000 1188 2066 1242 ad
2121 1186 2305 1243 Nonas
2346 1182 2486 1258 Apr.
2517 1189 2860 1243 extendatur.
2907 1188 3059 1244 Unde
3091 1197 3145 1244 et
3182 1206 3270 1245 xw
3303 1189 3577 1259 paschalis

2000 1279 2186 1334 citima
2240 1278 2562 1334 Latinorum
2609 1290 2728 1335 erat
2779 1280 2957 1336 Martii
3012 1298 3168 1347 xvm,
3209 1282 3574 1337 remotissima

2000 1386 2091 1424 xvi
2141 1370 2362 1439 Aprilis,
2398 1387 2523 1427 cum
2572 1373 2953 1429 Alexandrina:
2996 1383 3051 1429 et
3083 1373 3314 1430 Nicaanzc
3355 1377 3578 1430 decimae

1999 1469 2209 1531 quartae
2266 1476 2295 1514 a
2348 1477 2438 1516 xxt
2489 1461 2668 1517 Martii
2700 1464 2769 1518 ad
2816 1480 2906 1519 xw
2947 1465 3183 1519 Kalend.
3224 1465 3417 1535 Maias,
3463 1466 3579 1520 sive

1999 1551 2132 1620 Apr.
2171 1566 2306 1605 xvtu
2330 1552 2662 1620 pertineant.
2703 1551 2859 1618 Quod
2898 1569 2965 1608 ex
3004 1554 3144 1610 Beda
3168 1555 3451 1620 discimus,
3481 1554 3577 1625 qui

2001 1660 2121 1715 cap.
2170 1660 2298 1698 xux
2357 1645 2434 1699 De
2467 1655 2623 1715 temp.
2667 1654 2769 1698 rat.
2819 1644 3139 1701 Latinorum
3191 1645 3388 1702 refellit
3426 1660 3577 1701 erro-

2004 1752 2141 1800 rem,
2167 1752 2465 1807 eorumque
2495 1736 2741 1807 signiferi
2770 1736 3056 1806 Victorini,
3091 1755 3250 1808 quem
3272 1738 3576 1794 Vietorium

2002 1829 2284 1893 nominat;
2327 1829 2485 1899 cujus
2516 1830 2680 1883 etiam
2702 1827 3066 1901 fragmentum
3098 1839 3277 1885 exstat
3308 1831 3360 1884 in
3384 1832 3575 1886 eodem

2004 1919 2159 1974 Bedaa
2189 1920 2384 1989 capite.
2432 1919 2716 1975 Undenam
2764 1920 2930 1991 igitur
2970 1936 3223 1977 manasse
3271 1922 3575 1992 putandum

2003 2020 2106 2075 est,
2137 2011 2280 2079 quod
2323 2009 2500 2077 Latini
2538 2011 2699 2080 primi
2742 2011 2948 2066 mensis
3004 2012 3347 2066 neomeniam
3390 2013 3443 2065 iu
3481 2028 3575 2065 xix

2004 2100 2179 2155 Martii
2246 2102 2651 2169 collocaverint,
2706 2103 2812 2157 nisi
2857 2118 2924 2158 ex
2961 2104 3202 2158 Anatolii
3237 2104 3480 2168 decreto,
3516 2115 3579 2159 ut

2004 2192 2224 2261 quidem
2252 2193 2413 2263 vulgo
2440 2201 2763 2260 conceptum
2800 2202 2882 2247 est
2921 2208 3070 2262 :quo
3111 2194 3343 2263 primum
3379 2195 3581 2251 Arietis

2005 2283 2314 2352 ingressum
2371 2286 2422 2338 in
2461 2300 2551 2338 xtx
2588 2284 2763 2338 Martii
2805 2285 3076 2355 conjicere
3106 2285 3255 2341 visus
3292 2286 3410 2341 est?
3442 2284 3580 2341 lIiue

2007 2375 2153 2428 enim
2190 2376 2501 2444 paschalem
2553 2376 2847 2430 terminum
2896 2392 3017 2446 qua:
3054 2375 3159 2430 fuit
3186 2378 3325 2446 apud
3356 2377 3580 2433 Latinos

2006 2481 2096 2530 xv,
2162 2483 2266 2521 non
2306 2484 2416 2534 xw,
2449 2468 2503 2520 in
2556 2466 2732 2520 Martii
2780 2483 2869 2521 xtx
2916 2467 3284 2523 contulerunt.
3320 2465 3478 2531 Nam,
3523 2480 3584 2521 ut

2009 2558 2163 2612 initio
2198 2557 2331 2614 fassi
2366 2574 2578 2626 sumus,
2604 2560 2875 2615 obscurus
2916 2559 3210 2616 admodum
3248 2568 3301 2616 et
3342 2562 3581 2631 implica-

2008 2659 2097 2705 tus
2130 2662 2212 2705 est
2240 2651 2476 2706 Anatolii
2509 2652 2663 2706 locus
2697 2669 2709 2705 :
2737 2652 3004 2721 siquidem
3051 2653 3143 2707 illo
3182 2653 3302 2723 ipso
3334 2653 3441 2720 die,
3472 2669 3582 2723 quo

2009 2744 2397 2815 aequinoctium
2426 2745 2635 2809 statuit,
2672 2744 2848 2799 Martii
2879 2745 3127 2801 videlicet
3158 2762 3295 2811 xxu,
3324 2756 3580 2816 quartum

2002 2835 2115 2905 jam
2157 2836 2315 2906 primi
2338 2836 2599 2905 segmenti
2624 2837 2850 2907 gradum
2879 2837 3125 2906 attigisse
3151 2838 3321 2892 solem
3360 2838 3580 2894 imlicat.

2006 2926 2121 2981 Hoc
2148 2938 2325 2981 autem
2344 2937 2679 2998 segmentum
2707 2928 2942 2996 primum
2967 2928 3456 3000 δωδεκατημόριον,
3489 2932 3585 2985 καὶ

2008 3018 2193 3089 μηνῶν
2225 3020 2398 3090 ἀρχήν
2433 3029 2591 3074 vocat
2623 3039 2635 3074 :
2665 3019 2724 3072 τὸ
2752 3019 2809 3073 δὲ
2844 3019 2950 3090 πρὸ
2971 3020 3180 3086 τούτου,
3217 3021 3400 3092 μηνῶν
3426 3021 3586 3092 Euxe-

325 3121 435 3175 τῶν
461 3121 825 3191 διαϐατηρίων
852 3122 1011 3194 ἐορτῇ
1044 3123 1118 3194 μὴ
1156 3125 1313 3195 μόνον
1339 3126 1430 3178 τὸν
1459 3125 1608 3195 ἥλιον
1633 3126 1693 3178 τὸ
1717 3127 1906 3198 ἰσημε-

2010 3124 2116 3172 τον,
2158 3108 2252 3161 καὶ
2279 3108 2472 3179 τμῆμα
2501 3108 2819 3164 δωδέκατον.
2856 3107 2996 3179 Ergo
3024 3119 3077 3165 et
3119 3118 3229 3165 tres
3260 3110 3337 3164 illi
3360 3112 3581 3181 gradus,

331 3213 477 3285 ρινδν
497 3213 935 3285 διαπορεύεσθαι.
958 3214 1160 3268 Deinde
1181 3230 1247 3269 ne
1276 3215 1376 3269 hoc
1397 3216 1613 3283 quidem
1637 3217 1826 3282 voluit,
1850 3220 1906 3273 in

328 3305 806 3376 mquinoctialibus
831 3306 1049 3374 punctis
1064 3305 1315 3375 opposita
1339 3307 1440 3361 sibi
1470 3308 1698 3362 invicem
1728 3310 1907 3365 sidera

329 3398 422 3452 illa
445 3413 566 3453 esse
596 3406 878 3467 oportere;
916 3397 1007 3452 sed
1035 3398 1091 3449 ὲν
1116 3398 1389 3468 τμήμασι,
1423 3414 1543 3468 quae
1570 3399 1906 3455 latitudinem

332 3490 575 3545 habent:
616 3498 676 3560 ut
707 3490 958 3545 videlicet
985 3490 1037 3543 in
1066 3491 1245 3560 primo
1269 3491 1477 3546 zodiaci
1517 3503 1820 3563 segmento,
1855 3503 1912 3549 et

332 3582 387 3636 in
441 3580 561 3649 ejus
615 3579 795 3649 aliqua
857 3587 1011 3650 parte
1049 3578 1152 3644 sol,
1210 3579 1339 3633 luna
1396 3594 1525 3634 vero
1562 3580 1615 3634 in
1655 3582 1911 3650 ‘septimo

329 3678 601 3725 versetur.
630 3669 872 3739 Denique
898 3668 1108 3738 quoties
1133 3671 1522 3740 aequinoctium
1552 3672 1605 3726 in
1634 3688 1744 3726 xxn
1766 3673 1909 3729 diem

331 3764 544 3827 incidit,
578 3779 687 3816 non
730 3772 815 3818 est
862 3777 1087 3818 necesse
1140 3778 1232 3816 xw
1293 3763 1500 3825 lunam,
1535 3773 1627 3817 aut
1672 3780 1741 3818 xv
1782 3782 1908 3820 cum

330 3870 398 3911 eo
436 3870 784 3910 concurrere.
819 3853 873 3908 Id
896 3855 1040 3907 enim
1070 3862 1182 3907 toto
1217 3853 1270 3906 in
1311 3852 1462 3922 cyclo
1498 3862 1710 3908 tantum
1744 3856 1911 3910 semel

332 3948 582 4004 accidere
610 3956 805 4016 potest.
826 3945 966 4011 Quid
995 3953 1175 3999 autem
1216 3944 1528 4012 absurdius,
1570 3961 1734 4015 quam
1768 3949 1913 4003 Ana-

332 4037 523 4093 tolium
550 4036 803 4091 arbitrari
828 4036 895 4090 de
920 4050 986 4090 eo
1010 4044 1221 4090 tantum
1240 4036 1604 4106 aequinoctiali
1624 4037 1709 4091 die
1740 4038 1908 4109 loqui,

333 4129 425 4197 qui
469 4143 577 4182 non
633 4128 886 4198 amplius,
926 4144 1089 4197 quam
1143 4129 1312 4183 semel
1355 4138 1468 4184 toto
1506 4130 1910 4185 decemnoven-

335 4219 445 4273 nali
484 4219 639 4289 cyclo
681 4220 857 4290 pessit
903 4220 1263 4291 co:itingere?
1298 4220 1525 4276 Frustra
1564 4224 1727 4292 igitur
1767 4218 1911 4280 alius

334 4311 454 4381 ejus
480 4311 605 4379 loci,
663 4312 707 4367 si
738 4311 953 4381 quidem
982 4313 1206 4368 minime
1240 4314 1538 4370 mendosus
1570 4324 1673 4381 est,
1711 4331 1909 4373 sensus

334 4405 598 4474 qureritur
632 4405 700 4459 ab
740 4421 825 4471 eo,
860 4420 1020 4474 quem
1050 4406 1167 4475 ipsa
1194 4422 1304 4475 prze
1334 4420 1393 4462 se
1420 4407 1583 4461 verba
1610 4406 1814 4472 ferunt,
1851 4416 1913 4462 ut

2009 3215 2149 3269 quos
2172 3200 2479 3262 Martiixnx.
2510 3216 2601 3265 xx,
2634 3216 2747 3267 XXI,
2774 3201 2855 3256 sol
2887 3201 3127 3268 conficit,
3160 3216 3286 3257 cum
3316 3203 3370 3256 in
3407 3204 3584 3273 primo

2010 3302 2289 3363 segmento
2341 3294 2472 3359 sint,
2527 3303 2581 3349 et
2608 3302 2757 3349 extra
2810 3302 3170 3363 postremum,
3222 3294 3290 3351 ad
3338 3311 3580 3353 mensem

2009 3389 2247 3455 primum
2318 3386 2609 3454 pertinent.
2684 3386 2951 3453 Quocirca
3006 3388 3351 3458 proroganda
3423 3400 3585 3445 erunt

2012 3479 2214 3532 mensis
2248 3478 2406 3548 primi
2436 3479 2632 3547 spatia,
2669 3488 2727 3533 ut
2764 3494 2857 3532 χιχ
2888 3478 3030 3533 diem
3057 3478 3219 3534 etiam
3249 3481 3587 3550 amplectan-

2014 3578 2121 3625 tur.
2155 3568 2225 3623 Et
2274 3586 2400 3625 cum
2450 3570 2707 3639 subjicit:
2742 3586 2850 3626 non
2884 3571 3230 3628 mediocriter
3260 3573 3585 3631 hallucinari

2010 3676 2105 3715 eos
2130 3676 2341 3723 omnes,
2372 3661 2463 3731 qui
2484 3662 2717 3731 primum
2751 3677 3015 3728 mensem,
3064 3673 3117 3718 et
3151 3679 3242 3718 xtv
3275 3666 3584 3733 paschalem

2012 3753 2067 3807 in
2087 3753 2278 3807 ultimo
2297 3752 2388 3806 illo
2407 3762 2686 3822 segmento
2698 3752 2989 3819 collocant,
3012 3753 3150 3807 intra
3170 3754 3404 3825 primum
3422 3755 3585 3809 δωδε-

2012 3845 2371 3917 κατημόριον,
2406 3844 2511 3900 hoc
2559 3853 2643 3901 est
2669 3860 2697 3899 a
2722 3860 2813 3899 xix
2856 3845 3033 3900 Martii
3077 3846 3181 3901 rite
3218 3862 3307 3900 xiv
3338 3847 3587 3904 inchoari

2011 3951 2171 4006 posse
2209 3936 2499 4007 significat.

2083 4030 2271 4098 Itaque
2296 4044 2487 4098 parum
2515 4028 2629 4084 hate
2658 4029 2932 4085 cohairere
2982 4029 3251 4085 videntur.
3276 4029 3380 4087 Sed
3415 4042 3472 4087 ut
3496 4034 3587 4088 ob-

2013 4122 2228 4179 scurior
2277 4122 2547 4192 appendix
2599 4122 2686 4176 illa
2735 4123 2825 4189 sit,
2877 4132 3041 4192 caput
3097 4124 3272 4194 ipsum
3303 4126 3577 4195 opinionis

2012 4213 2401 4283 propemodum
2434 4220 2646 4268 constat
2703 4232 2713 4266 :
2759 4214 3015 4269 nimirum
3056 4216 3333 4271 cardinem
3379 4227 3583 4289 et-epo-

2013 4307 2171 4360 cham
2205 4304 2331 4358 anni
2359 4321 2431 4358 xu
2463 4320 2581 4396 esse
2614 4304 2812 4370 Martii,
2848 4322 3009 4375 quam
3045 4316 3098 4361 et
3126 4308 3369 4379 κεφαλὴν
3400 4311 3584 4363 ἐννεα-

2012 4398 2387 4470 δεκαετηρίδος
2408 4408 2585 4453 vocat.
2615 4398 2784 4469 Igitur
2812 4402 3383 4474 ὲννεακαιδεκαετηρίς
3412 4419 3587 4474 neque

334 4498 639 4568 ingressum
671 4498 725 4551 in
752 4496 991 4552 Arietetu
1025 4497 1310 4553 Anatolius
1334 4498 1389 4552 in
1422 4497 1598 4553 Martii
1653 4516 1744 4554 xix
1777 4515 1902 4554 con-

2018 4490 2087 4545 ab
2137 4489 2370 4544 Eusebio
2422 4499 2653 4558 reperta,
2703 4498 2762 4543 ut
2800 4490 2942 4544 Beda
3000 4492 3094 4546 lib.
3136 4492 3211 4547 De
3260 4503 3414 4563 temp.
3480 4507 3586 4551 rat.

336 4589 547 4644 tulerit.

408 4680 525 4747 Qua
555 4696 619 4734 ex
660 4680 916 4749 Opinione
961 4681 1106 4736 aliud
1150 4682 1425 4752 quoddam
1458 4684 1703 4754 πόρισμα
1758 4682 1912 4751 sequi

335 4774 574 4834 videtur,
609 4775 752 4842 quod
792 4774 879 4828 hic
914 4775 1104 4843 paucis
1139 4775 1410 4843 explicare
1460 4792 1639 4845 operae
1678 4777 1911 4846 pretium

337 4868 592 4921 arbitror.
653 4865 810 4932 Quod
868 4867 1010 4921 enim
1061 4883 1124 4921 ex
1166 4868 1400 4929 Anatolii
1446 4870 1624 4923 verbis
1664 4868 1910 4933 elIicitur,

337 4966 597 5029 punctum
647 4956 820 5025 ipsum
849 4957 946 5026 τῆς
977 4957 1211 5027 παρόδου
1244 4958 1295 5010 in
1342 4957 1542 5012 Arietis
1574 4967 1912 5027 segmentum

337 5051 632 5105 convenire
653 5047 827 5101 Martii
857 5065 965 5115 xix,
984 5050 1251 5118 suspicari
1273 5050 1397 5102 licet
1418 5047 1792 5103 Occidentales
1812 5048 1915 5117 plc-

337 5157 539 5211 rosque
562 5155 625 5193 ac
652 5139 873 5194 Latinos
903 5140 1163 5209 cpoeham
1197 5140 1346 5202 anni,
1384 5141 1498 5194 sive
1528 5140 1686 5209 primi
1712 5139 1914 5195 mensis

337 5234 683 5287 neomeniam
749 5234 801 5285 in
858 5248 947 5285 xtx
984 5231 1160 5286 Martii
1199 5232 1531 5298 contulisse;
1575 5232 1756 5300 itaque
1796 5232 1913 5286 citi-

336 5340 487 5378 mnm
544 5323 836 5376 terminum
904 5323 958 5376 in
1012 5338 1078 5376 eo
1129 5325 1217 5379 die
1261 5324 1466 5390 ﬁxisse,
1512 5325 1589 5378 uti
1631 5324 1915 5379 Anatolius

338 5417 391 5468 in
422 5429 560 5468 xxtt.
601 5411 734 5466 Nam
786 5412 963 5466 Latini
997 5414 1091 5469 diu
1130 5415 1499 5471 Alexandrino
1528 5418 1679 5487 cyelo
1714 5421 1915 5489 rejecto

336 5502 623 5557 Iudaicum
678 5504 1058 5559 retinuerunt:
1097 5506 1190 5576 qui
1224 5507 1436 5561 lunaris
1458 5523 1487 5562 a
1517 5506 1661 5563 Beda
1707 5518 1761 5565 et
1792 5512 1916 5567 aliis

338 5596 562 5661 dicitur,
620 5605 673 5649 et
724 5595 958 5650 triennio
996 5596 1179 5652 differt
1226 5599 1295 5652 ab
1330 5599 1722 5656 Alexandrino.
1779 5600 1913 5656 Nam

341 5688 831 5743 Alexandrinorum
872 5688 1082 5757 primus
1138 5698 1222 5744 est
1262 5706 1371 5743 xvn
1431 5690 1781 5759 Latinorum;
1826 5710 1915 5748 xix

342 5788 522 5833 autem
556 5778 1073 5847 Alexandrinorum,
1112 5778 1434 5836 Latinorum
1463 5792 1546 5840 est
1587 5800 1711 5852 xw;
1745 5792 1797 5837 ct
1822 5800 1917 5837 vut

666 5879 935 5940 Parnoc.
983 5878 1099 5967 Gn.
1147 5877 1340 5939 XLII.

2019 4598 2139 4651 cap.
2178 4581 2266 4645 49.,
2301 4596 2475 4650 neque
2510 4596 2539 4633 ει
2562 4578 2782 4636 Nic-ceno
2814 4583 3068 4648 concilio,
3097 4593 3153 4637 ut
3180 4585 3401 4654 quidam
3440 4603 3590 4643 asse-

2018 4683 2166 4738 runt,
2196 4690 2315 4728 cum
2350 4673 2633 4727 Anatolius
2672 4673 2792 4742 ejus
2834 4675 3164 4743 meminerit,
3200 4691 3263 4731 ac
3293 4678 3383 4732 diu
3415 4689 3589 4735 antea

2017 4768 2228 4822 Metoue
2249 4776 2301 4820 et
2336 4765 2666 4821 Euctemone
2696 4768 2929 4836 primum
2966 4770 3272 4839 excogitata
3307 4770 3491 4837 fuerit,
3531 4784 3590 4826 ut

2017 4859 2283 4913 Diodorus
2300 4858 2535 4922 Siculus,
2562 4858 2821 4913 Geminus
2842 4868 2893 4912 et
2916 4858 3247 4915 Censorinus
3293 4860 3585 4915 allirmant.

2018 4952 2341 5019 Quanquam
2385 4951 2490 5004 alia
2526 4950 2735 5005 lunaris
2783 4953 2910 5004 anui
2956 4967 3018 5005 ac
3053 4952 3321 5005 mensium
3355 4953 3587 5020 disposi-

2016 5044 2093 5096 tio
2147 5050 2259 5094 tum
2321 5040 2441 5095 fuit.
2488 5042 2827 5110 Quapropter
2888 5042 3185 5096 verisimile
3243 5052 3325 5097 est
3377 5042 3587 5098 Latinis

2018 5135 2163 5188 hunc
2212 5132 2448 5187 Anatolii
2501 5134 2677 5187 locum
2710 5132 2883 5186 fraudi
2934 5132 3103 5188 fuisse
3140 5135 3326 5203 :atqui
3360 5134 3589 5189 ridicule

2019 5227 2309 5281 admodum
2334 5226 2641 5296 paschalem
2673 5226 2818 5278 illum
2848 5242 3006 5280 suum
3050 5242 3315 5282 canonem
3347 5228 3590 5283 condidit

2018 5317 2355 5381 Victorinus,
2385 5332 2492 5371 non
2528 5317 2726 5382 solum,
2753 5317 2896 5385 quod
2925 5317 3133 5373 Pascha
3167 5334 3256 5375 xv:
3291 5320 3417 5373 luna
3450 5319 3587 5373 dun-

2019 5417 2172 5462 taxat
2195 5408 2456 5462 celebrari
2502 5407 2711 5476 jubeat,
2749 5407 2894 5475 quod
2942 5409 3140 5463 canoni
3179 5417 3464 5479 repugnat,
3498 5422 3591 5462 ve-

2020 5516 2138 5553 rum
2167 5499 2329 5553 etiam
2361 5497 2506 5567 quod
2540 5497 2760 5551 inutiles
2788 5498 2994 5565 aliquot
3017 5501 3279 5555 terminos
3298 5509 3351 5555 et
3380 5502 3591 5555 otiosos

2020 5594 2287 5648 habuerit.
2323 5590 2505 5645 Prima
2561 5575 2778 5645 illorum
2828 5606 2920 5643 xlv
2969 5589 3092 5656 fuit,
3146 5602 3205 5646 ut
3245 5592 3447 5647 dictum
3483 5599 3587 5656 est,

2022 5684 2198 5738 Martii
2252 5699 2406 5749 xvnl,
2459 5682 2668 5737 decima
2715 5682 2904 5750 quinta
2967 5696 3095 5735 vero
3126 5682 3299 5750 prima
3341 5683 3583 5736 omnium

2022 5777 2200 5833 Martii
2247 5794 2362 5845 xix,
2390 5792 2551 5847 quem
2581 5784 2634 5831 et
2665 5774 2953 5831 terminum
2995 5773 3248 5830 ﬁxerunt.
3297 5772 3363 5828 Et
3410 5784 3589 5833 tamen

3154 5869 3278 5961 ‘32
