3994 6222
427 327 448 379 Ι
461 324 565 381 003

1563 321 1912 378 APPENDIX
1955 321 2589 380 DlSSERTATlONUM.

3541 325 3680 382 1004

427 455 699 512 nunquam
731 454 854 498 ante
888 459 1002 498 XXII
1055 438 1265 499 Pascha
1302 440 1689 507 celebrabant;
1733 456 1857 495 cum
1886 441 1979 496 citi

2107 440 2300 506 εἰκάδι,
2335 441 2496 512 ἐνάτῃ
2529 458 2621 494 και
2660 440 2838 496 εἰκάδι
2867 440 3176 512 scripseris,
3203 439 3503 496 bellissime
3535 442 3677 497 hunc

427 554 574 592 mutu
603 537 812 590 Pascha
841 537 1091 591 debuerit
1137 550 1259 592 esse
1289 533 1594 589 xx-Martii.
1623 532 1805 598 Quare
1821 540 1916 586 aut
1944 531 2002 586 itt

427 645 540 683 χιιι
573 630 755 682 lunam
790 629 1180 698 prorogabant,
1205 627 1370 682 autin
1400 625 1702 680 secundum
1734 637 1998 680 mensem.

423 721 656 773 Causam
686 719 849 788 hujus
879 719 1248 774 stolidissimae
1268 717 1496 773 rationis
1520 715 1660 772 Beda
1678 723 1833 787 putat
1858 732 1998 783 esse,

423 810 565 878 quod
585 819 710 864 ante
738 810 1128 880 aequinoctium
1148 809 1426 864 celebrare
1455 807 1699 878 religioni
1717 808 1996 862 ducerent.

422 900 535 971 Ego
555 917 686 956 vero
718 918 842 957 cum
872 902 1134 966 Anatolii,
1163 911 1278 956 tum
1303 901 1657 956 Caesariensis
1713 915 1778 956 ac
1795 897 2000 954 Niczeni

423 995 639 1050 concilii
667 996 887 1050 decreto
914 995 1166 1065 paruisse
1194 994 1320 1050 illos
1349 993 1609 1060 arbitror,
1651 1008 1833 1063 neque
1862 1008 2002 1063 pra-

422 1087 656 1156 scriptos
711 1086 780 1140 ab
828 1086 958 1150 illis,
1001 1100 1066 1141 ac
1099 1086 1379 1142 communi
1427 1099 1698 1157 consensu
1746 1090 2000 1154 receptos

421 1176 708 1234 Paschalis
741 1178 944 1234 limites
974 1179 1282 1249 transgredi
1324 1192 1489 1234 ausos
1521 1191 1644 1232 esse
1681 1192 1694 1229 :
1731 1184 1908 1245 atque-
1925 1174 2001 1230 ita

421 1265 626 1321 Paulus
669 1267 986 1337 Forosemp.
1027 1267 1187 1336 cujus
1229 1275 1284 1321 tu
1317 1267 1410 1321 lib.
1440 1283 1475 1322 v
1506 1265 1753 1336 consule,
1789 1264 1880 1319 ubi
1908 1265 2002 1319 ali-

422 1364 555 1424 quot
576 1357 821 1427 exempla
855 1357 1191 1426 paschalium
1236 1355 1574 1429 διαστροφῶν
1604 1370 1669 1412 ac
1695 1354 1999 1412 dissensio-

422 1463 552 1503 num
584 1448 860 1518 proponit.

491 1537 776 1594 Postremo
809 1539 974 1595 etiam
1025 1547 1188 1608 atque
1222 1540 1385 1593 etiam
1440 1536 1761 1603 videndum,
1796 1550 1864 1590 an
1895 1534 1997 1590 Ju-

419 1629 544 1698 (183i,
579 1631 671 1701 qui
701 1631 992 1702 Epiphanii
1026 1641 1268 1702 tempore
1306 1633 1582 1697 vixerunt,
1621 1630 1674 1684 in
1702 1645 1794 1683 xtx
1815 1627 1899 1682 vel
1929 1641 1998 1682 xx

420 1718 596 1773 Martii
643 1721 908 1789 epocltam
963 1721 1090 1775 anni
1133 1718 1588 1790 :equinoctiumve
1659 1717 1992 1781 statuerint;

2105 533 2284 587 locum
2312 533 2636 589 restitueris.
2670 532 2985 590 Invenimus
3005 576 3020 600 ,
3053 535 3248 604 inquit,
3272 534 3330 585 ὲν
3352 535 3417 602 τῇ
3455 549 3678 605 προκει-

2106 624 2240 694 μένῃ
2285 623 2550 694 Φαμενὼθ
2576 624 2741 697 ἐνάτῃ
2783 625 2879 680 καὶ
2912 625 3084 680 εἰκάδι
3115 627 3195 693 (ὲν
3221 627 3288 694 τῇ
3319 625 3674 696 προκειμένῃ.

2103 728 2265 782 quam
2299 713 2367 768 ad
2399 715 2822 786 oppugnandum
2855 716 2958 771 sibi
2987 724 3366 786 pr0posuerat,
3409 714 3676 784 cujusque

2102 806 2159 860 in
2192 807 2564 876 superioribus
2613 808 2958 877 meminerat)
2999 809 3168 863 solem
3204 823 3252 861 tv
3285 807 3400 877 jam
3448 806 3589 860 diem
3625 807 3676 860 in

2103 907 2386 968 segmento
2410 898 2616 954 Arietis
2634 899 2992 968 processisse.
3009 898 3213 954 Firmat
3239 899 3381 953 hanc
3402 898 3644 967 conject-1
3661 928 3679 938 -

2100 1001 2218 1042 ram
2252 998 2527 1056 nostram,
2548 989 2695 1059 quod
2725 989 3040 1046 Anatolium
3071 997 3278 1046 certum
3308 998 3395 1043 est
3419 988 3486 1044 de
3506 990 3676 1058 aequi-

2101 1079 2324 1136 noctiali
2373 1091 2615 1152 tempore
2681 1097 2918 1138 canones
2974 1083 3094 1138 illos
3158 1081 3482 1136 instituisse.
3539 1080 3677 1134 l-linc

2099 1169 2439 1241 Nieephnrus
2481 1172 2577 1227 lib.
2615 1188 2689 1238 v1,
2722 1187 2844 1243 cap.
2889 1172 2958 1227 36
2995 1191 3009 1227 :
3042 1173 3153 1226 Ka‘t
3186 1172 3314 1244 περὶ
3345 1172 3443 1240 τῆς
3483 1171 3670 1240 ἰσημε-

2105 1255 2224 1326 ρίας
2267 1253 2360 1309 τοῦ
2402 1257 2594 1327 Πάσχα
2633 1256 3057 1326 ἀκριϐεστάτους
3102 1257 3260 1327 ὄρους
3297 1253 3564 1318 ὑπέδειξε.
3602 1251 3679 1306 De

2101 1347 2412 1416 wquinoctio
2459 1349 2700 1416 paschali
2731 1349 3161 1402 accuratissimus
3209 1362 3432 1401 canones
3477 1345 3677 1398 sanxit.

2099 1436 2362 1494 Videlicet
2394 1453 2517 1494 cum
2569 1439 2664 1506 id,
2708 1439 2860 1510 quod
2913 1440 2968 1494 in
3020 1438 3342 1495 Caesariensi
3390 1436 3599 1508 synodo
3645 1449 3681 1488 a

2101 1525 2405 1598 TheOphilo
2433 1529 2612 1585 habita
2645 1530 2988 1601 propositum
3038 1529 3236 1594 fuerat,
3283 1529 3448 1599 vulgo
3487 1541 3680 1583 omnes

2101 1619 2502 1689 opinarentur,
2553 1622 2944 1693 aequinoctium
3001 1639 3112 1678 xxv
3164 1621 3340 1677 Martii
3383 1620 3677 1685 committi,

2099 1712 2205 1769 hoc
2258 1713 2438 1782 ipsum
2498 1717 2780 1787 corrigens
2824 1715 3113 1771 Anatolius
3159 1714 3554 1785 aequinoctium
3604 1729 3675 1768 ex

418 1811 565 1880 quod
623 1779 962 1881 Epiphanius
993 1812 1059 1867 ad
1089 1779 1296 1867 Christi
1345 1819 1591 1880 tempora
1629 1779 1991 1869 transferens,
2029 1779 2070 1834 Β
2100 1779 2444 1860 Ptolemaicis
2473 1779 2965 1877 astron'om'icisque
3004 1779 3247 1862 fontibus
3273 1807 3327 1860 in
3351 1821 3466 1860 χιιι
3499 1803 3679 1859 Martii

418 1916 566 1956 anno
603 1903 716 1969 illo,
748 1917 859 1972 quo
909 1919 1106 1973 passus
1129 1911 1232 1968 est,
1276 1901 1566 1958 crediderit
1598 1899 1987 1971 aequinoctium

418 1994 473 2047 in
499 1994 689 2049 eodem
717 1995 941 2051 haesisse
963 1996 1072 2060 die,
1098 2011 1209 2066 quo
1244 1996 1312 2051 ab
1333 1995 1441 2051 illis
1475 2009 1576 2050 suo
1609 2003 1849 2064 tempore
1878 2003 1993 2048 sta-

418 2093 592 2138 tutum
648 2084 882 2141 videbat.
928 2085 1062 2140 Cum
1097 2085 1241 2140 enim
1295 2083 1488 2150 Judaei,
1539 2092 1599 2139 ut
1638 2098 1705 2138 ex
1731 2080 1994 2150 Josepho,

417 2173 663 2242 Philone,
685 2185 740 2231 et
765 2176 831 2233 iis
861 2176 1265 2246 antiquioribus
1285 2175 1636 2241 Aristobulis,
1667 2182 1722 2228 et
1753 2174 1993 2245 Agatho-

416 2264 545 2319 bulo
599 2274 833 2333 constat,
865 2282 972 2322 non
1012 2255 1140 2322 ante
1170 2267 1556 2336 aequinoctium
1586 2264 1796 2321 Pascha
1830 2281 1990 2321 suum

415 2353 689 2409 celebrare
716 2355 1007 2423 voluerint,
1039 2365 1246 2412 certum
1278 2356 1348 2412 sit
1369 2363 1551 2411 autem
1576 2370 1778 2410 annum
1812 2371 1906 2410 xtx
1936 2365 1992 2412 et

413 2461 504 2500 vm
529 2446 687 2516 cycli,
713 2446 806 2516 qui
824 2447 1208 2503 Alexandrinis
1228 2448 1603 2504 embolimzeus
1624 2455 1760 2510 erat,
1785 2444 1991 2503 Iudaeis

412 2549 754 2590 communem
773 2537 1068 2602 exstitisse,
1091 2538 1419 2607 conjecturae
1442 2537 1594 2592 locus
1619 2544 1721 2601 est,
1744 2551 1772 2590 a
1795 2533 1990 2591 Iudaeis

411 2626 725 2695 aequinoctii
771 2627 916 2681 diem
981 2629 1142 2697 paulo
1182 2637 1306 2684 ante
1355 2625 1576 2685 Nieaena
1630 2637 1896 2697 tempora,
1936 2635 1990 2681 et

412 2717 715 2770 secundum
743 2732 826 2780 ea,
859 2733 951 2773 χιι
985 2719 1163 2773 Martii
1191 2720 1451 2774 tributum
1486 2718 1677 2776 fuisse.
1715 2719 1888 2786 Quam
1921 2719 1990 2774 ab

411 2804 521 2861 illis
547 2807 858 2875 opinionem
895 2809 1071 2864 Latini
1109 2826 1216 2865 una
1255 2825 1378 2865 cum
1413 2810 1593 2864 lunari
1625 2811 1775 2880 cyclo
1817 2812 1989 2866 tradi-

413 2907 523 2952 tam
541 2901 874 2970 aceeperint,
895 2901 1134 2956 Anatolii
1162 2902 1460 2971 praesertim
1486 2902 1810 2957 auctoritate
1840 2901 1986 2970 freti,

410 2994 504 3066 qui
557 2993 793 3063 primum
843 2993 1044 3047 Arietis
1083 2993 1386 3063 ingressum
1425 2993 1611 3048 eodem
1648 2993 1737 3048 illo
1759 2993 1846 3048 die
1874 2993 1988 3048 col-

410 3087 593 3143 locare
620 3086 770 3140 visus
791 3094 896 3141 est.
927 3083 1069 3138 Sane
1102 3098 1208 3138 non
1253 3083 1356 3137 alia
1397 3083 1730 3153 probabilior
1768 3083 1988 3138 investi-

410 3179 524 3250 gari
575 3193 742 3233 causa
793 3183 993 3245 potest,
1050 3190 1150 3230 cur
1195 3174 1279 3229 vel
1313 3172 1507 3241 Judaei,
1547 3175 1629 3229 vel
1659 3173 1836 3228 Latini
1875 3185 1986 3228 tam

409 3271 693 3341 prazfracte
718 3269 958 3324 decimas
995 3276 1221 3337 quartas
1260 3267 1313 3320 in
1353 3265 1530 3320 Martii
1565 3280 1698 3320 xvttt
1746 3267 1989 3320 retinue-

411 3362 542 3427 rint,
566 3360 671 3414 nisi
698 3360 841 3428 quod
867 3358 1252 3428 aequinoctium
1296 3358 1458 3412 citius
1501 3356 1790 3422 committi,
1823 3370 1985 3426 quam

409 3451 795 3507 Alexandrinis
849 3450 1146 3519 placuerat,
1215 3448 1352 3503 falso
1407 3448 1512 3504 sibi
1559 3448 1982 3518 persuasissent.

422 3541 635 3608 Quippe
664 3553 785 3592 cum
814 3546 866 3591 et
886 3534 1191 3590 Iudaeorum
1220 3533 1431 3590 Pascha
1455 3535 1508 3588 in
1541 3534 1716 3604 ipsum
1743 3533 1988 3601 aequino-

412 3632 501 3686 ctii
532 3639 815 3702 punctum,
843 3635 938 3683 aut
961 3627 1208 3698 proxime
1233 3626 1426 3681 saltem
1453 3639 1518 3680 ex
1553 3624 1774 3679 decreto
1802 3621 1985 3676 senio-

409 3739 530 3778 rum
590 3721 829 3776 incidere
889 3727 1164 3789 oporteat;
1220 3717 1394 3772 Latini
1451 3731 1580 3772 vero
1623 3724 1743 3786 post
1780 3711 1986 3768 Nicmni

409 3814 626 3870 concilii
681 3813 1018 3868 sanctionem
1074 3810 1386 3880 paschalem
1461 3809 1754 3863 terminum
1795 3804 1985 3860 tandiu

407 3915 534 3961 ante
577 3907 964 3975 aequinoctium
1011 3902 1238 3958 definire
1281 3900 1434 3957 nefas
1482 3915 1603 3956 esse
1642 3899 1984 3956 didicissent.

411 4020 615 4087 Altera,
665 4030 714 4074 et
764 4017 1086 4090 probabilior
1110 4017 1183 4071 de
1229 4015 1466 4090 Anatolii
1514 4015 1628 4070 loco
1676 4015 1984 4084 conjectura

1017 4089 1352 4158 proponitur.

480 4181 584 4236 Sed
616 4181 731 4236 haec
777 4190 962 4236 nostra
993 4177 1308 4248 conjectura
1341 4177 1386 4233 si
1431 4176 1614 4231 minus
1641 4175 1982 4230 eruditorum

410 4272 692 4325 hominum
741 4269 1117 4326 assensioncm
1165 4267 1480 4332 obtinuerit,
1533 4266 1794 4320 invidiam
1835 4273 1986 4320 certe

408 4378 475 4418 ac
500 4362 980 4432 reprehensionem
1012 4375 1118 4416 non
1151 4370 1418 4415 meretur.
1453 4357 1570 4426 Quo
1605 4358 1822 4414 lectoris
1853 4373 1986 4412 can-

2101 1897 2406 1952 transtulit.
2441 1895 2604 1953 Vides
2636 1898 2740 1953 levi
2791 1899 2998 1955 voculae
3040 1899 3202 1954 unius
3234 1899 3675 1956 commutatione

2100 1995 2304 2056 quanta
2337 1986 2755 2056 impeditissimo
2803 1990 2937 2045 huic
2971 1989 3090 2045 loco
3140 1989 3234 2043 lux
3265 1989 3460 2044 oborta
3487 1990 3581 2055 sit,
3613 1995 3679 2042 ut

2099 2079 2298 2134 merito
2345 2079 2619 2149 posterius
2671 2079 2775 2135 hoc
2808 2081 3192 2147 verissimum,
3224 2093 3278 2136 et
3322 2084 3388 2137 ad
3434 2083 3678 2140 Anatolii

2098 2177 2336 2223 mentem
2383 2169 2732 2238 aptissimum
2780 2183 2901 2225 esse
2954 2171 3194 2244 judicem
3249 2172 3420 2227 :dute
3472 2173 3676 2244 quippe

2098 2257 2381 2315 Paschatis
2421 2259 2744 2331 διαστροφαί
2793 2259 3020 2316 totidem
3069 2275 3137 2316 ex
3191 2261 3672 2333 aequinoctialibus

2099 2352 2348 2407 terminis
2384 2351 2437 2406 in
2479 2365 2643 2407 usum
2675 2350 3105 2406 ecclesiasticum
3140 2352 3510 2424 irrepserant;
3543 2370 3670 2408 nam

2097 2441 2190 2496 alii
2253 2456 2380 2496 cum
2425 2442 2793 2512 προηγήσεως
2837 2443 3107 2514 τροπικῆς
3164 2443 3339 2514 ignari
3388 2444 3670 2500 cardinem

2095 2549 2326 2589 vernum
2355 2534 2453 2599 ibi,
2487 2534 2577 2589 ubi
2607 2549 2639 2588 a
2699 2534 2964 2605 Sosigene
3004 2536 3171 2590 semel
3209 2538 3424 2606 positus
3472 2535 3672 2602 fuerat,

2097 2627 2417 2693 retinerent,
2463 2625 2674 2682 Pascha
2728 2634 2858 2683 ante
2901 2643 3006 2681 xxv
3051 2627 3231 2683 Martii
3279 2631 3670 2687 celebrandum

2095 2719 2320 2774 minime
2354 2719 2653 2790 putabant:
2703 2720 2904 2790 quibus
2934 2721 3148 2776 obviam
3205 2722 3337 2778 itum
3363 2731 3450 2779 est
3489 2725 3672 2780 Caesa-

2096 2811 2294 2866 riensis
2325 2811 2546 2866 concilii
2580 2812 2820 2867 decreto.
2856 2813 2983 2878 Alii,
3016 2822 3075 2867 ut
3097 2813 3271 2870 Judaei
3306 2817 3668 2882 recentiores,

2094 2911 2147 2958 et
2179 2904 2270 2973 qui
2298 2901 2517 2958 Judzeos
2543 2904 2933 2974 sequebantur,
2956 2921 3081 2961 cum
3116 2907 3260 2962 haud
3292 2909 3456 2965 dubie
3496 2912 3673 2980 aequi-

2095 2996 2375 3062 noctium,
2412 2995 2496 3050 vel
2548 2995 2854 3066 ingressum
2901 2998 3031 3052 solis
3077 2998 3130 3052 in
3183 3000 3418 3058 Arietem
3459 3003 3672 3073 aliquot

2095 3096 2219 3141 ante
2251 3087 2448 3142 diebus
2477 3088 2732 3143 accidere
2761 3097 3034 3158 putarent,
3082 3089 3292 3146 Pascha
3323 3108 3483 3148 suum
3525 3097 3671 3150 anti-

2091 3175 2361 3246 cipabant.
2394 3173 2664 3245 Utrosque
2684 3179 2736 3230 in
2767 3175 2916 3232 hisce
2946 3179 3246 3234 canonibus
3275 3181 3470 3236 refellit
3518 3185 3668 3238 Ana-

2089 3267 2252 3323 tolius
2282 3285 2299 3321 :
2344 3266 2560 3338 priores
2619 3268 2838 3336 quidem
2873 3283 2960 3334 ea,
3009 3286 3171 3340 quam
3202 3273 3459 3338 diximus,
3495 3278 3672 3346 aequi-

2089 3357 2256 3413 noctii
2285 3357 2490 3427 epocha
2521 3357 2760 3413 stabilita
2791 3378 2802 3412 :
2844 3363 3175 3429 posteriores
3205 3379 3355 3431 vero,
3390 3381 3515 3420 cum
3551 3368 3669 3423 dis-

2091 3453 2247 3516 putat
2299 3447 2537 3516 primum
2587 3463 2830 3502 mensem
2873 3449 3051 3520 primo
3083 3451 3327 3521 signiferi
3367 3454 3665 3512 dodecatc-

2091 3538 2268 3592 morio
2289 3539 2534 3606 deliniri;
2569 3555 2734 3605 supra
2757 3555 2920 3609 quem
2949 3551 3282 3610 postremum
3315 3544 3387 3600 sit
3412 3561 3666 3618 segmen-

2091 3637 2226 3698 tum,
2257 3632 2569 3702 mensisque
2602 3640 2912 3702 postremus
2941 3649 2956 3686 :
2998 3633 3051 3687 in
3079 3650 3188 3704 quo
3220 3638 3532 3705 paschalem
3565 3655 3664 3694 xtv

2089 3736 2304 3778 sumere
2333 3724 2592 3779 canonica
2627 3725 2835 3780 sanctio
2887 3725 3162 3795 prohibet;
3201 3729 3349 3799 quia,
3385 3740 3446 3786 ut
3475 3731 3663 3787 hacte-

2089 3828 2194 3867 nus
2237 3814 2522 3882 probatum
2553 3822 2670 3879 est,
2721 3813 2944 3870 citimus
2985 3817 3250 3872 terminus
3308 3819 3362 3872 in
3413 3819 3664 3891 aequino-

2088 3904 2254 3958 ctium
2284 3905 2536 3960 incurrit.
2569 3905 2637 3959 Et
2667 3915 2726 3960 ut
2755 3908 3028 3977 posterior
3058 3910 3240 3965 cautio
3272 3909 3339 3965 ad
3369 3909 3588 3969 Iudaeos
3613 3923 3666 3968 et

2087 3993 2431 4052 Christianos
2491 3996 2888 4062 ἰουδαῖζοντας,
2949 3999 3138 4067 quales
3186 3999 3562 4058 Occidentales
3611 4013 3666 4058 et

2087 4085 2268 4142 Latini
2296 4087 2533 4156 fuerunt,
2562 4091 2781 4160 proprie
2806 4090 3038 4160 pertinet
3068 4111 3080 4145 :
3116 4091 3186 4145 ita
3221 4094 3371 4162 prior
3399 4095 3663 4152 adversus

2088 4178 2178 4232 illa
2207 4189 2431 4249 pugnat,
2451 4195 2572 4250 quae
2600 4180 2652 4233 in
2682 4179 2831 4235 Actis
2865 4180 3216 4238 Caesariensis
3241 4186 3437 4254 synodi
3466 4187 3662 4256 legun-

2087 4278 2177 4324 tur
2211 4289 2223 4323 :
2255 4286 2491 4340 quorum
2530 4270 2896 4342 fragmentum
2950 4273 3092 4342 apud
3138 4273 3338 4329 Bedam
3389 4279 3662 4347 reperitur

2087 4369 2210 4429 post
2250 4360 2491 4415 libellum
2541 4359 2618 4413 De
2672 4363 3006 4431 wquinoctio.
3057 4362 3114 4416 In
3166 4364 3364 4432 quibus
3418 4367 3655 4434 primum

410 4451 546 4506 dore
574 4459 628 4506 et
658 4451 994 4506 humanitate
1027 4449 1268 4504 conlisus
1300 4449 1461 4503 aliam
1494 4449 1560 4503 de
1607 4448 1712 4503 hoc
1737 4447 1976 4501 Anatolii
2016 4467 2058 4522 υ
2087 4451 2475 4521 (equinoctittm
2531 4449 2710 4506 Martii
2760 4468 2866 4506 xxv
2917 4453 3307 4520 constituitur;
3357 4463 3473 4508 tum
3527 4472 3660 4511 vero

405 4538 532 4598 loco
586 4541 953 4610 suspicionem
995 4539 1291 4610 proferam,
1345 4554 1468 4610 quae
1511 4538 1669 4602 mihi,
1708 4551 1830 4591 cum
1865 4536 1982 4592 haec

406 4631 730 4694 scriberem,
785 4631 1035 4685 veniebat
1063 4633 1114 4684 in
1145 4643 1400 4685 mentem.
1435 4627 1771 4682 Crediderim
1820 4627 1977 4697 equi-

407 4721 530 4776 dem
574 4720 626 4774 in
658 4719 746 4785 iis,
779 4735 900 4789 quae
935 4720 1116 4773 locum
1144 4720 1294 4773 illum
1327 4727 1756 4782 antecesserant,
1790 4718 1980 4788 dispu-

407 4822 554 4868 tasse
587 4812 850 4866 adversus
901 4811 1022 4864 illos
1051 4810 1386 4874 Anatolium,
1417 4811 1510 4879 qui
1539 4819 1692 4863 vetus
1727 4810 1978 4878 aequino-

406 4904 597 4970 ctium,
625 4903 732 4956 hoc
754 4911 836 4955 est
855 4899 1156 4969 lulianum,
1187 4900 1275 4954 die
1303 4899 1480 4953 Martii
1510 4915 1615 4952 xxv
1646 4899 1975 4967 retinebant,

403 5009 506 5050 nec
539 5002 663 5048 ante
693 5009 789 5047 vm
833 4991 952 5047 Kal.
989 4991 1248 5047 celebrari
1297 4989 1496 5046 festum
1545 4990 1815 5057 sinebant,
1855 5005 1978 5059 quae

403 5097 489 5144 est
529 5102 658 5142 xxtx
707 5083 1090 5150 Phamenoth;
1134 5083 1432 5155 praesertim
1477 5084 1622 5153 quod
1657 5084 1847 5139 eodem
1890 5083 1978 5138 die

402 5179 684 5234 Christum
709 5178 1078 5234 resurrexisse
1101 5192 1420 5248 persuasum
1448 5176 1728 5242 haberent,
1756 5193 1819 5232 ex
1844 5193 1977 5233 cou-

404 5271 517 5326 cilii
537 5269 896 5325 Caesariensis
923 5258 1050 5335 fide,
1078 5270 1144 5325 de
1161 5285 1272 5340 quo
1297 5279 1506 5340 postea.
1534 5269 1777 5336 Quorum
1806 5281 1866 5327 ut
1891 5288 1976 5328 cr-

402 5377 581 5417 rorem
651 5363 949 5432 corrigeret
1019 5363 1422 5418 mathematicis
1480 5365 1976 5434 astronomicisque

402 5453 672 5507 doetrinis
720 5454 1020 5523 perpolitus
1093 5455 1411 5521 Anatolius,
1471 5455 1859 5524 aequinoctium
1920 5457 1974 5510 in

404 5558 519 5598 χιιι
552 5545 728 5598 Martii
761 5547 1027 5600 committi
1062 5547 1263 5602 docuit.
1301 5546 1420 5613 Quo
1466 5547 1666 5616 posito,
1698 5562 1802 5600 xxv
1833 5545 1976 5600 Mar-

405 5633 490 5703 tii,
524 5635 639 5687 sive
680 5635 1022 5691 Phamenoth
1057 5655 1209 5704 xxix,
1233 5650 1488 5708 quartum
1520 5639 1633 5708 jam
1669 5639 1720 5692 in
1770 5638 1975 5694 Arietis

416 5730 698 5789 segmento
727 5721 869 5776 diem
907 5727 1036 5794 agit.
1072 5727 1438 5790 Quamobrem
1490 5731 1533 5783 si
1583 5744 1681 5798 pro
1718 5725 1848 5800 ἕκτῃ
1882 5729 1976 5782 καὶ

2066 4533 2348 4613 quoniam
2395 4542 2650 4597 Christus
2701 4542 2892 4596 eodem
2926 4542 3019 4595 illo
3049 4543 3422 4598 resurrexisse
3463 4544 3570 4610 die,
3602 4553 3657 4599 et

2086 4635 2154 4688 ab
2181 4649 2230 4686 xi
2267 4631 2386 4686 Kal.
2424 4647 2620 4697 passus
2647 4631 2992 4699 credebatur,
3023 4631 3142 4686 ideo
3173 4633 3416 4687 triduum
3457 4635 3522 4688 ad
3560 4649 3659 4704 pa-

2085 4723 2300 4778 schales
2349 4723 2608 4777 terminos
2660 4731 2980 4793 arrogatur,
3025 4738 3088 4776 ea
3136 4723 3252 4794 lege
3314 4725 3651 4794 praescripta,

2084 4825 2143 4869 ut
2174 4817 2242 4869 ab
2277 4829 2330 4868 χι
2369 4815 2487 4868 Kal.
2533 4815 2664 4884 Apr.
2706 4814 2772 4868 ad
2800 4831 2853 4868 XI
2889 4813 3006 4868 Kal.
3041 4813 3211 4870 Maias
3245 4815 3516 4882 paschalis
3566 4833 3655 4871 ce-

2085 4905 2308 4960 lebritas
2337 4905 2476 4959 obiri
2501 4905 2694 4974 possit,
2737 4921 2799 4958 ne
2833 4913 3039 4958 tantum
3067 4906 3332 4974 passionis
3355 4922 3658 4960 sacramen-

2085 5006 2194 5050 tum
2226 5006 2374 5050 extra
2407 4996 2626 5050 limitem
2660 4994 2996 5049 excludatur.

2156 5087 2260 5142 Sed
2289 5097 2344 5140 ut
2374 5087 2439 5141 de
2467 5087 2821 5157 synodalibus
2853 5086 2960 5140 illis
2987 5085 3138 5141 Actis
3165 5087 3341 5142 dicam
3368 5090 3514 5158 quod
3542 5105 3658 5144 scn-

2084 5180 2160 5235 tio
2201 5198 2213 5233 :
2256 5179 2359 5232 fuit
2395 5178 2541 5233 istud
2593 5179 2815 5248 quidem
2853 5179 3186 5248 provinciale
3227 5181 3524 5234 concilium
3569 5182 3658 5234 V'i-

2081 5271 2249 5325 CIoris
2273 5286 2425 5341 papa:
2450 5270 2607 5340 jussu
2633 5285 2662 5324 a
2695 5269 2996 5340 Theophilo
3022 5269 3347 5326 Caesariensi
3378 5283 3654 5334 coactum,

2080 5376 2190 5431 quo
2223 5371 2464 5431 tempore
2488 5363 2856 5417 controversia
2887 5363 2977 5417 illa
3007 5363 3074 5416 de
3104 5361 3372 5417 Paschatc
3394 5362 3656 5417 Christia-

2081 5469 2212 5507 num
2243 5455 2431 5510 orbem
2471 5454 2818 5510 vehementer
2844 5455 3178 5525 exagitabat.
3212 5453 3318 5509 Sed
3371 5469 3478 5510 nor
3533 5469 3652 5508 om-

2080 5544 2193 5610 nia,
2231 5560 2352 5614 quae
2390 5546 2440 5600 in
2467 5545 2620 5601 Actis
2649 5545 2758 5601 illis
2787 5545 3350 5616 comprehenduntur,
3386 5561 3488 5616 pro
3526 5541 3647 5600 lidei

2079 5637 2315 5692 decretis
2343 5636 2590 5691 habenda
2621 5644 2779 5704 sunt;
2810 5652 3000 5691 verum
3036 5637 3277 5693 rationes
3329 5636 3580 5707 privatim
3613 5649 3642 5687 a

2080 5727 2336 5784 Patribus
2366 5728 2540 5784 allata:
2579 5738 2710 5786 sunt
2742 5728 3032 5802 pleraeque,
3078 5729 3276 5800 quibus
3329 5727 3648 5785 sententiam
