3994 6222
347 335 484 392 1005

1267 333 1356 392 DE
1397 329 1583 390 ANNO
1621 329 1709 387 ET
1751 328 1859 387 DlE
1902 328 2256 389 DOMlNlC/E
2300 330 2678 388 PASSIONIS.

3469 331 3602 387 1006

339 463 496 502 suam
527 446 884 512 illustrat-ent,
910 463 1032 520 qua:
1052 463 1159 502 non
1196 447 1326 518 ipsa:
1355 449 1496 503 inter
1518 448 1640 502 ﬁdei
1665 447 1916 515 dogmata

2089 444 2208 500 Col.
2261 445 2365 499 954
2418 443 2478 498 D.
2519 445 2688 507 ’Ἡτις
2718 442 2992 512 ἐμπίπτει
3027 441 3123 497 διὰ
3181 441 3331 495 ἐτῶν
3405 442 3598 511 τριῶν.

335 546 655 591 censentur.
705 535 843 592 Tum
897 540 1039 608 quod
1078 539 1346 593 Eusebius
1393 539 1487 592 lib.
1549 553 1616 602 v,
1668 551 1788 606 cap.
1849 535 1920 588 22

338 635 553 693 narrat,
585 644 682 698 per
733 629 874 684 idem
909 641 1124 691 tem.us
1179 644 1301 682 cum
1346 629 1472 682 alibi
1525 628 1753 698 passim,
1805 635 1919 680 tum

343 712 534 774 Roma:
564 736 592 772 a
618 719 836 776 Victore
869 722 936 775 de
967 721 1155 774 eadem
1181 719 1481 790 quaestione
1511 718 1791 790 synodalia
1823 718 1919 772 de-

341 823 488 865 creta
526 813 671 868 edita
719 812 915 876 fuisse,
955 827 1077 884 qua:
1134 814 1186 866 in
1237 813 1481 867 eamdem
1531 813 1598 865 de
1651 810 1915 864 Paschate

341 902 674 959 celebrando
701 904 1086 974 conspirarent
1117 903 1470 966 sententiam,
1504 918 1612 957 non
1647 903 1728 956 sic
1762 901 1923 956 intel-

345 993 621 1062 ligendum
653 1003 756 1058 est,
788 1005 845 1048 nt
876 1009 996 1063 quae
1023 995 1073 1046 in
1099 994 1248 1048 Actis
1280 993 1386 1048 illis
1413 992 1774 1062 allegarentur
1803 1005 1923 1043 om—

345 1085 434 1136 nia
491 1098 522 1137 a
577 1084 832 1152 pontiﬁce
881 1081 1131 1137 Romano
1169 1082 1396 1152 probata
1447 1081 1578 1144 sint,
1615 1087 1670 1133 et
1702 1093 1802 1147 pro
1832 1092 1923 1131 ca-

344 1174 565 1229 tholicis
593 1174 943 1245 dogmatibus
977 1185 1228 1244 recepta;
1260 1175 1352 1230 sed
1383 1188 1446 1227 ea
1480 1173 1766 1235 duntaxat,
1800 1183 1922 1239 quae

345 1281 412 1318 ex
440 1265 596 1321 falsis
626 1267 734 1322 illis
762 1267 1044 1336 principiis
1075 1280 1355 1336 utcunque
1385 1263 1641 1329 deducta,
1675 1276 1803 1316 vera
1832 1277 1922 1316 so-

345 1359 564 1428 lidaque
617 1369 830 1429 reperta
868 1369 1017 1415 sunt.
1065 1359 1387 1428 anusmodi
1443 1359 1756 1413 sanctiones
1818 1357 1922 1409 ilhc

347 1451 568 1506 luerunt
604 1473 615 1506 :
655 1448 725 1505 Ut
757 1465 932 1521 neque
961 1453 1014 1505 in
1061 1468 1152 1506 xw
1182 1452 1306 1506 luna
1353 1449 1560 1504 Pascha
1598 1448 1788 1513 tieret;
1824 1463 1922 1503 nec

344 1540 476 1600 alio,
508 1557 674 1610 quam
707 1541 998 1597 Dominico
1031 1542 1120 1596 die
1167 1558 1180 1595 :
1224 1542 1370 1611 quod
1404 1549 1524 1595 erat
1555 1538 1917 1608 propositum.

345 1629 597 1702 Reliqua,
632 1648 755 1702 qua;
781 1633 1073 1688 incidentia
1119 1631 1226 1686 dici
1272 1639 1522 1700 possunt,
1557 1644 1682 1684 eum
1722 1627 1919 1698 partim

345 1721 633 1790 perspicue
677 1721 837 1785 falsa,
872 1725 1067 1793 partim
1103 1722 1290 1785 dubia,
1319 1730 1376 1776 et
1415 1719 1803 1776 ecclesiasticis
1829 1733 1923 1772 ca-

2027 534 2290 605 Keplerus
2333 531 2475 608 ᾗτινι
2514 535 2662 606 legit.

2099 629 2214 683 Col.
2242 629 2348 682 935
2369 629 2432 681 A.
2463 628 2570 680 Καὶ
2588 627 2781 692 ἄλλας
2799 627 2924 680 κατ’
2945 626 3079 692 ἔτος
3099 627 3401 696 τέσσαρας
3429 624 3601 694 ὥρας.

2026 721 2344 790 Cuiusmodi
2399 735 2474 774 xtl
2527 729 2740 775 constat
2769 719 2829 772 τὺ
2881 718 3240 790 νυχθήμερον.
3293 717 3429 772 Nam
3473 719 3602 772 hora

2030 811 2169 880 apud
2197 810 2556 881 Epiphaniam
2592 811 2712 866 dum.
2744 819 2871 865 sunt
2889 810 3298 879 aequinoctiales
3328 810 3493 863 horae.

2099 899 2235 954 Ibid.
2271 896 2628 968 Ὠςεῖναιεις
2642 899 2714 954 τὰ
2740 902 2871 971 τρεά
2889 901 3018 969 ἐτη.
3051 898 3184 954 Vide
3209 914 3330 970 qua:
3352 897 3604 968 superius

2031 992 2429 1049 adnotavimus.

2101 1083 2233 1138 lbid.
2256 1084 2351 1137 Διὸ
2370 1082 2507 1152 παρ’
2531 1083 2737 1149 αὐτοῖς
2761 1082 2940 1136 πέντε
2957 1081 3169 1152 μῆνες.
3189 1082 3473 1137 Causativa
3500 1082 3601 1137 ista

2030 1177 2296 1246 particula
2336 1192 2479 1247 aegre
2527 1192 2647 1232 cum
2697 1175 3078 1245 superioribus
3131 1175 3384 1229 cobazret.
3445 1173 3606 1228 Forte

2031 1268 2172 1322 idem
2207 1278 2290 1324 est
2312 1268 2456 1339 quod
2477 1268 2609 1321 διότι
2630 1268 2715 1322 vel
2737 1269 2840 1332 ὅτι,
2875 1266 3260 1322 necinferendi
3291 1267 3396 1321 vim
3422 1268 3602 1332 habet,

2029 1361 2122 1415 sed
2155 1376 2350 1416 novam
2400 1360 2724 1416 sententiam
2757 1361 3016 1428 inclinat,
3047 1375 3154 1430 qua
3204 1375 3294 1414 xlv
3336 1373 3602 1413 annorum

2029 1451 2214 1520 cyclns
2239 1451 2552 1520 exponitur.
2585 1450 2742 1517 Quod
2777 1451 2822 1506 si
2856 1451 3116 1506 illativam
3149 1466 3271 1505 esse
3305 1451 3502 1514 mavis,
3537 1451 3605 1504 ad

2028 1542 2398 1596 antecedentia
2442 1543 2768 1612 pertinebit;
2814 1559 2937 1597 nam
2989 1543 3116 1614 quia
3166 1543 3373 1597 lunaris
3427 1557 3604 1596 annus

2027 1633 2144 1688 dies
2178 1633 2339 1688 habet
2371 1649 2578 1701 cccuv,
2608 1635 2666 1689 tit
2694 1643 2754 1689 ut
2781 1635 2942 1690 tertio
2973 1645 3024 1689 et
3052 1645 3206 1690 sexto
3229 1651 3374 1689 anno
3404 1633 3603 1704 singuli

2029 1741 2269 1789 menses,
2296 1735 2348 1781 et
2379 1727 2433 1780 in
2466 1737 2641 1782 totum
2676 1743 2767 1780 xlv
2800 1727 2980 1808 annis,
3012 1728 3253 1797 quinque
3280 1742 3497 1783 menses
3521 1743 3606 1781 tn-

351 1812 588 1868 MIIibus
650 1816 926 1868 contraria
980 1816 1126 1878 sint.
1182 1814 1388 1869 nullius
1455 1811 1798 1868 auClorilaliS
1853 1825 1922 1865 ne
1956 1807 1994 1864 Β
2026 1817 2379 1883 tet-calcatur,
2413 1817 2558 1888 quod
2596 1833 2649 1872 χι
2686 1817 2881 1872 diebus
2908 1807 3106 1873 solaris
3142 1831 3320 1873 annus
3351 1818 3601 1873 lunarem

344 1901 709 1960 Caesarienscs
747 1906 966 1975 quidem
1019 1906 1122 1976 ipsi
1178 1905 1370 1960 Patres
1419 1919 1542 1960 esse
1593 1904 1917 1968 voluerunt;

349 2008 532 2062 neque
560 1992 745 2048 Victor
774 2013 1008 2066 unquam
1040 1995 1376 2067 approbavit.
1408 1993 1482 2049 De
1507 2009 1616 2064 qua
1647 2009 1704 2048 re
1735 2007 1917 2062 supra,

345 2100 470 2138 cum
506 2085 572 2141 de
609 2085 905 2142 Dominiete
958 2097 1204 2159 tempore
1245 2086 1526 2142 Passionis
1576 2093 1756 2140 actum
1810 2092 1916 2150 est,

343 2177 610 2234 adversus
641 2181 1004 2249 quorumdam
1041 2181 1478 2250 superstitiosam
1523 2179 1688 2233 nimis
1725 2176 1921 2232 credu-

344 2269 551 2324 litatem
602 2272 982 2328 disseruimus.
1039 2270 1195 2327 Nunc
1233 2272 1403 2338 aliud,
1459 2271 1605 2341 quod
1659 2271 1920 2325 instituta:

343 2364 736 2431 disputationis
772 2366 947 2436 magis
986 2366 1266 2437 proprium
1301 2373 1402 2428 est,
1449 2365 1500 2418 in
1549 2365 1740 2419 iisdem
1770 2363 1919 2418 Actis

345 2457 680 2512 notabimus.
739 2459 973 2514 Censent
1023 2459 1170 2514 enim
1221 2458 1308 2512 illa
1366 2457 1758 2526 aequinoctium
1812 2471 1919 2510 xxv

345 2549 520 2604 Martii
571 2551 722 2616 tieri,
773 2566 887 2621 quo
934 2551 1050 2606 lucc
1103 2549 1597 2620 pronuntiabantur
1649 2557 1912 2618 tempore,

346 2644 452 2698 hoc
484 2651 566 2697 est
591 2657 736 2697 anno
763 2642 968 2697 Christi
997 2641 1124 2696 298.
1157 2640 1312 2707 Quod
1345 2655 1508 2710 quam
1566 2639 1704 2694 falso
1738 2637 1920 2693 credi-

345 2744 462 2788 tum
495 2735 589 2798 sit,
636 2735 716 2789 vel
760 2733 1172 2789 observationes
1207 2733 1335 2802 ipsa
1368 2731 1644 2788 Ptolemaei
1695 2745 1760 2786 ac
1794 2745 1912 2785 mae

346 2827 654 2882 thematicse
691 2825 889 2881 tabulae
924 2827 1326 2888 demonstrant,
1361 2841 1428 2879 ex
1481 2823 1680 2895 quibus
1728 2833 1918 2876 notum

344 2927 450 2982 est,
483 2918 870 2988 aequinoctium
916 2927 1046 2972 tunc
1083 2918 1135 2970 in
1167 2932 1302 2980 χχιι,
1337 2917 1446 2971 imo
1485 2918 1647 2971 etiam
1695 2929 1786 2967 χχι
1839 2913 1920 2965 in-

345 3011 566 3067 cidisse.
603 3011 707 3066 Sed
746 3013 847 3066 hoc
894 3026 1002 3066 non
1039 3025 1227 3080 urgeo.
1277 3009 1405 3064 Esto
1449 3023 1555 3062 xxv
1594 3005 1771 3060 Martii
1803 3003 1919 3059 dies

346 3103 682 3172 mquinoctii.
707 3101 824 3156 Jam
855 3103 979 3172 quis
1008 3101 1465 3156 absurdissimum
1493 3113 1634 3163 esse,
1661 3105 1717 3151 et
1745 3096 1920 3150 cccle-

346 3194 589 3250 siastica:
613 3194 920 3263 disciplinae
960 3209 1266 3264 repugnare
1312 3207 1419 3246 non
1453 3191 1618 3253 videt,
1657 3189 1803 3258 quod
1845 3187 1919 3239 illi

348 3285 614 3348 sciscunt,
655 3282 866 3339 Pascha
903 3283 1090 3338 triduo
1127 3294 1253 3337 ante
1286 3279 1676 3350 aequinoctium
1711 3275 1924 3330 indici?

351 3375 520 3432 Vetus
550 3386 633 3431 est
657 3392 854 3440 canon,
897 3376 990 3446 qui
1022 3377 1160 3429 inter
1192 3373 1523 3444 apostolicos
1552 3369 1784 3424 refertur
1822 3387 1833 3420 :
1861 3366 1929 3419 Et!

345 3483 431 3531 τις
463 3467 855 3539 πρεσδὺτερος,
889 3467 922 3538 ἢ
968 3466 1213 3530 διάκονος
1246 3465 1344 3535 τὴν
1386 3462 1545 3531 ἁγίαν
1588 3460 1682 3515 τοῦ
1733 3461 1924 3530 Πάσχα

345 3558 562 3628 ἡμέραν
590 3557 696 3628 πρὸ
731 3557 830 3626 τῆς
874 3558 1096 3628 ἐαρινῆς
1135 3556 1424 3627 ἰσημερίας
1461 3553 1598 3625 μετὰ
1656 3551 1923 3605 Ἰουδαίων

349 3649 670 3714 ὲπιτελέσει,
722 3648 1110 3721 καθαιρείσθω.
1152 3651 1333 3715 Quare
1377 3645 1681 3715 deponendi
1736 3643 1923 3697 Patres

347 3755 541 3794 omnes
574 3739 649 3792 illi
683 3738 924 3806 fuerunt,
962 3739 1008 3794 si
1052 3753 1177 3794 vere
1206 3737 1651 3808 pronuntiarunt,
1681 3735 1926 3804 mqniuo-

347 3834 517 3886 ctium
551 3832 604 3886 in
631 3848 735 3886 xxv
769 3831 948 3888 Martii
975 3832 1114 3887 ﬁeri.

418 3964 496 4020 Ac
525 3981 594 4020 ne
618 3965 750 4021 satis
801 3966 1020 4036 quidem
1056 3973 1310 4020 accurate
1354 3964 1484 4018 mibi
1518 3963 1790 4033 paschalis
1823 3971 1926 4016 ter-

349 4058 532 4113 minus
564 4073 660 4128 per
685 4059 819 4114 illud
853 4070 1069 4128 tempus
1099 4059 1150 4112 in
1187 4073 1276 4112 χχι
1319 4056 1498 4110 Martii
1529 4056 1743 4124 positus
1773 4054 1922 4108 vide-

350 4161 460 4202 tur.
509 4147 720 4204 Etenim
772 4164 917 4203 anno
949 4148 1151 4203 Christi
1196 4147 1302 4203 500
1342 4162 1406 4202 ex
1440 4145 1779 4215 Alphonsina
1810 4158 1923 4198 me-

351 4241 518 4295 thodo
548 4241 937 4311 aequinoctium
967 4241 1021 4294 in
1050 4239 1228 4295 noctis
1261 4240 1475 4294 initium
1503 4236 1667 4300 cadit,
1705 4237 1807 4290 hoc
1839 4243 1923 4289 est

354 4333 541 4384 horam
571 4348 644 4386 vn
681 4348 710 4386 a
747 4334 971 4388 meridie
1005 4349 1118 4396 xxI,
1154 4331 1228 4386 ita
1261 4342 1318 4386 ut
1361 4331 1618 4399 spatium,
1654 4344 1748 4397 per
1777 4329 1920 4396 quod

349 4433 686 4489 exeurreret,
736 4423 900 4479 fuerit
933 4442 1044 4479 χχιι
1092 4423 1268 4478 Martii
1310 4423 1443 4478 dies.
1483 4420 1704 4476 Rectius
1753 4415 1922 4488 igitur

351 4514 560 4568 Pascha
587 4515 832 4570 eitimum
869 4517 924 4570 in
958 4533 1091 4571 χχιιι
1136 4515 1312 4570 Martii
1347 4515 1551 4568 haerere
1584 4514 1782 4584 potuit,
1823 4511 1914 4564 ubi

351 4617 406 4661 ct
434 4606 718 4664 Anatolius
745 4609 949 4678 aliique
969 4609 1374 4663 constituerunt
1423 4629 1432 4662 :
1472 4622 1610 4677 quos
1640 4604 1921 4659 Nicrennm

351 4698 643 4753 concilium
688 4708 875 4768 postea
926 4707 1206 4766 secutum,
1269 4697 1592 4766 usurpandae
1639 4693 1923 4750 vetustatis

352 4792 524 4860 gratia
556 4807 663 4845 non
696 4793 917 4862 quidem
949 4792 1194 4846 eitimum
1226 4788 1456 4855 Pascha,
1487 4789 1578 4843 sed
1603 4787 1729 4844 anni
1759 4785 1921 4855 primi

351 4884 449 4952 τῆς
484 4882 1116 4955 ἐννεακαιδεκαετηρίδος
1160 4883 1375 4936 initium
1408 4881 1598 4935 eodem
1635 4882 1688 4933 ἰιι
1721 4879 1812 4932 illo
1836 4877 1923 4932 die

353 4991 487 5030 χχιιι
520 4975 758 5046 reliquit.
783 4975 900 5029 Non
922 4976 1061 5029 male
1090 4975 1251 5045 igitur
1277 4974 1540 5027 hactenus
1572 4986 1793 5041 operam
1823 4984 1920 5040 po-

351 5069 585 5131 SIIimns,
616 5067 706 5136 qui
728 5077 780 5121 et
802 5067 1206 5121 nobilissimum
1241 5065 1478 5119 Anatolii
1527 5063 1919 5134 fragmentum,

351 5160 602 5228 idemque
646 5159 1034 5227 perobscurum
1059 5198 1074 5223 ,
1129 5157 1414 5227 diligenter
1447 5157 1833 5225 exposuimus,
1870 5162 1924 5209 et

349 5253 419 5305 ab
483 5252 701 5321 egregio
753 5251 1213 5321 sanctissimeque
1265 5250 1423 5304 Patre
1488 5257 1596 5302 tam
1651 5248 1919 5318 insignem

349 5343 680 5396 calumniam
750 5352 913 5412 atque
969 5343 1224 5413 injuriam
1284 5342 1612 5411 depulimus.
1677 5338 1796 5404 Qua
1853 5339 1908 5394 in

347 5433 653 5503 quastione
706 5433 1186 5502 controversiaque
1237 5431 1591 5502 disceptanda
1642 5431 1922 5502 longiores

353 5539 454 5578 nos
489 5522 686 5586 fuisse,
712 5538 886 5592 neque
917 5538 1014 5577 nos
1047 5522 1217 5589 ipsos,
1247 5524 1338 5593 qui
1370 5523 1422 5576 id
1453 5522 1762 5577 necessario
1789 5519 1921 5577 feci-

351 5632 494 5679 mus,
531 5615 794 5685 pmnitere
828 5615 1099 5677 convenit,
1129 5631 1304 5686 nepte
1333 5615 1542 5682 lectori,
1581 5614 1668 5671 cui
1696 5615 1920 5671 consul-

350 5719 464 5765 tum
485 5709 775 5776 voluimus,
807 5708 1113 5780 displicere.

2025 1920 2260 1980 superet.
2295 1907 2582 1980 Utcunque
2605 1909 2696 1974 sit,
2723 1925 2812 1963 xlv
2841 1925 3110 1964 annorum
3133 1910 3343 1981 cyclum
3365 1910 3604 1964 indicare

2025 2003 2252 2066 videtur,
2281 2002 2333 2055 in
2363 2017 2474 2071 quo
2497 2001 2654 2072 quini
2686 2015 2902 2056 menses
2930 2001 3268 2056 inseruntur.
3294 2000 3397 2056 Sed
3422 2011 3603 2056 utrum

2024 2095 2078 2149 in
2112 2109 2212 2149 usu
2246 2094 2471 2164 politico
2501 2094 2826 2150 observatus
2864 2093 2954 2148 ille
2985 2093 3170 2164 cyclns
3198 2091 3382 2159 fuerit,
3415 2107 3482 2145 an
3508 2107 3603 2161 pe-

2023 2200 2122 2240 nes
2183 2183 2511 2254 Syuedrium
2545 2193 2786 2238 retentus
2837 2193 2888 2238 et
2922 2183 2988 2238 ad
3024 2183 3338 2238 methodum
3381 2182 3605 2238 confor-

2023 2284 2237 2338 matus,
2271 2290 2394 2329 cum
2432 2274 2718 2344 plenorum
2755 2288 3130 2344 cavorumque
3173 2273 3444 2330 mensium
3483 2289 3605 2344 per-

2024 2379 2184 2438 petua
2235 2367 2585 2423 successione
2628 2367 2939 2423 communis
2990 2382 3169 2423 annus
3225 2367 3600 2432 cvolverctur,

2022 2469 2179 2513 antea
2215 2459 2606 2514 dubitavimus.

2091 2546 2226 2603 Ibid.
2245 2549 2347 2603 Διὰ
2361 2548 2427 2602 τὸ
2443 2547 2821 2618 ἀφαιρεῖσθαι
2837 2548 2956 2603 ἀπὸ
2973 2548 3078 2602 τοῦ
3096 2548 3372 2616 ἡλιακοῦ.
3385 2547 3498 2603 Cur
3514 2565 3602 2604 χιν

2021 2656 2293 2695 annorum
2334 2641 2467 2695 orbe
2519 2640 2815 2696 neomenia:
2868 2642 3140 2696 conclusa
3177 2641 3322 2707 sint,
3377 2657 3599 2696 causam

2022 2732 2126 2787 ista
2167 2733 2434 2800 reddunt;
2467 2734 2559 2788 sed
2605 2748 2704 2804 pro
2737 2733 2891 2788 varia
2927 2735 3062 2803 cycli
3110 2733 3472 2804 dispositione
3515 2734 3601 2789 di-

2022 2841 2181 2881 versa
2227 2825 2353 2896 tingi
2392 2836 2591 2896 potest.
2631 2825 2742 2883 Nos
2775 2826 2979 2897 duplici
3015 2827 3227 2882 ratione
3268 2828 3478 2898 cyelum
3509 2842 3604 2882 ex-

2022 2916 2214 2986 plicari
2244 2931 2406 2986 posse
2441 2918 2683 2973 diximus
2710 2937 2723 2974 :
2755 2919 2929 2988 prima
2960 2929 3076 2985 est,
3115 2931 3172 2973 ut
3203 2921 3362 2974 atinis
3397 2919 3603 2974 lunari-

2023 3009 2126 3066 bns
2155 3008 2378 3077 praecise
2409 3012 2634 3064 trecenti
2663 3019 2717 3065 ct
2750 3011 3147 3080 quinquaginta
3183 3020 3420 3081 quatuor
3458 3012 3599 3076 dies,

2023 3100 2174 3153 horae
2203 3109 2326 3154 octo
2367 3101 2710 3169 tribuantur;
2745 3119 2834 3156 xw
2867 3113 3048 3156 autem
3085 3104 3244 3158 annis
3279 3104 3394 3160 dies
3433 3095 3598 3169 Bl08,

2027 3191 2176 3245 horta
2201 3191 2254 3244 4.
2288 3189 2401 3246 lloc
2433 3194 2695 3262 temporis
2726 3193 2904 3263 spatio
2935 3195 3144 3264 cyclnm
3171 3195 3598 3262 constituebant,

2027 3284 2081 3338 in
2120 3299 2228 3354 quo
2263 3285 2431 3340 solius
2457 3285 2664 3342 lunaris
2688 3287 3180 3350 ἀποκαταστάσεως
3206 3289 3469 3342 rationem
3504 3289 3601 3344 ba-

2027 3372 2244 3438 bebant,
2273 3389 2372 3429 nec
2403 3375 2550 3429 illius
2574 3375 2862 3430 ratiocinia
2892 3391 3016 3430 cum
3041 3375 3156 3430 sole
3185 3376 3596 3444 comparabant.

2025 3463 2206 3530 Quare
2240 3465 2306 3519 de
2334 3452 2527 3520 ultimo
2549 3507 2562 3528 ,
2591 3465 2694 3521 hoc
2728 3474 2814 3520 est
2846 3482 2934 3519 xw
2965 3480 3109 3519 anno
3157 3465 3322 3520 solari
3349 3504 3363 3529 ,
3393 3474 3448 3520 et
3479 3467 3602 3536 qui-

2025 3556 2146 3609 dem
2188 3556 2431 3626 politico,
2465 3557 2558 3626 qui
2591 3566 2672 3610 est
2710 3570 2913 3611 cccuv
2947 3556 3182 3629 dierum,
3211 3557 3328 3612 dies
3361 3559 3603 3629 quinque

2024 3657 2078 3702 et
2110 3624 2300 3701 horam
2335 3624 2501 3700 unam
2531 3648 2894 3702 detrahebant
2923 3667 2937 3703 :
2969 3624 3254 3718 propterea
3283 3624 3427 3718 quod
3461 3624 3601 3705 si-cx

2026 3738 2186 3799 b‘lOi,
2229 3738 2263 3790 4
2292 3735 2540 3791 Julianos
2567 3737 2634 3790 l3
2666 3737 2896 3803 eximas,
2937 3738 3184 3793 decimus
3225 3747 3457 3808 quartus
3486 3741 3602 3797 dies

2027 3826 2457 3889 babebitcccu,
2489 3842 2594 3881 una
2630 3827 2764 3881 hora
2799 3828 3022 3893 minus;
3060 3843 3172 3897 quo
3203 3829 3489 3885 intervallo
3520 3833 3602 3885 ln-

2026 3933 2188 3973 nares
2243 3919 2559 3975 neomcnias
2620 3920 2830 3974 restitui
2896 3921 3189 3976 credebant
3248 3940 3262 3976 :
3315 3924 3407 3978 Sed
3486 3925 3602 3978 haec

2025 4011 2284 4081 τεχνικῶς
2339 4011 2641 4079 duntaxat,
2684 4029 2792 4068 non
2837 4014 3064 4083 politico
3114 4031 3250 4080 usu;
3297 4017 3596 4071 secumlum

2025 4120 2210 4172 quem,
2246 4105 2290 4159 si
2324 4105 2502 4159 minor
2538 4107 2625 4160 hic
2659 4107 2846 4177 cyclus
2879 4122 3178 4176 usurpatus
3223 4107 3406 4174 fuerit,
3455 4110 3602 4165 b-orze

2025 4195 2130 4250 illa:
2160 4211 2209 4248 tv
2245 4198 2570 4265 appendices
2609 4199 2661 4252 in
2692 4199 2851 4253 tinent
2883 4201 3020 4269 cycli
3048 4200 3260 4270 rejectze
3304 4211 3451 4256 sunt.
3495 4201 3602 4257 lla-

2025 4302 2131 4356 que
2158 4303 2282 4342 cum
2313 4297 2436 4356 post
2463 4290 2675 4359 cyclum
2709 4291 2957 4346 lunarem
2984 4308 3072 4346 xw
3099 4309 3392 4360 annorum,
3417 4297 3483 4350 de
3515 4312 3601 4350 so—

2025 4381 2092 4435 lis
2121 4381 2425 4438 rationibns
2457 4384 2702 4454 quinque
2733 4385 2852 4440 dies
2873 4428 2886 4452 ,
2918 4387 3067 4442 horae
3099 4398 3226 4443 octo
3265 4389 3484 4460 reliqum
3520 4393 3600 4446 ιο-

1953 4483 1999 4540 n
2030 4467 2168 4537 rent,
2200 4474 2443 4543 quinque
2472 4473 2590 4529 dies
2627 4476 2896 4531 duntaxat
2923 4493 3212 4546 superesse
3242 4481 3342 4534 sibi
3372 4497 3600 4550 persna-

2027 4573 2211 4620 serant
2260 4583 2271 4617 :
2327 4567 2528 4635 quibus
2581 4569 2906 4634 reservatis,
2964 4580 3087 4640 post
3129 4573 3310 4643 cyclos
3360 4576 3601 4631 minores

2027 4667 2240 4712 sextum
2291 4673 2531 4713 mensem
2589 4660 2825 4715 solidum
2880 4661 3298 4721 intercalabant.
3357 4666 3432 4722 Ita
3487 4669 3601 4724 dies

2028 4748 2225 4803 fiebant
2257 4749 2460 4815 50679;
2506 4765 2740 4820 quorum
2769 4753 3080 4824 οἰκονομίαν
3113 4769 3272 4828 typus
3322 4758 3410 4813 ille
3442 4771 3598 4814 antea

2025 4841 2336 4910 propositus
2359 4843 2617 4896 ostendit.

2097 4931 2280 4987 Altera
2315 4933 2454 4988 ratio
2480 4950 2493 4986 :
2523 4933 2567 4990 si
2593 4935 2836 5006 quinque
2869 4937 2986 4994 dies
3018 4940 3176 4994 solidi
3207 4955 3270 4994 ex
3297 4940 3446 4996 horis
3475 4952 3600 4996 octo

2028 5023 2246 5079 conﬂati
2279 5039 2368 5077 xw
2402 5025 2562 5080 annis
2602 5037 2947 5098 arrogentur.
2997 5030 3130 5097 Qua:
3152 5032 3334 5084 omnia
3366 5032 3592 5102 diligen-

2029 5124 2108 5170 ter
2139 5115 2306 5171 habes
2328 5117 2594 5186 explicata
2624 5121 2898 5189 superius,
2931 5122 3020 5176 ubi
3047 5133 3100 5176 et
3127 5137 3192 5176 ex
3227 5115 3458 5193 utraque
3485 5141 3598 5180 mc-

2028 5207 2194 5262 thodo
2234 5205 2522 5276 Epiphanii
2555 5211 2716 5264 verba
2743 5211 3102 5266 correximus.

2096 5299 2230 5358 Ibid.
2263 5299 2372 5354 Τοῦ
2400 5299 2806 5370 ὀγδοηκοστοῦ
2828 5302 3108 5371 τετάρτου
3135 5304 3332 5371 ἔτους.
3359 5305 3596 5361 Mcnsem

2027 5388 2177 5442 illum
2213 5387 2566 5442 embolimum
2594 5404 2744 5452 χχχι,
2764 5403 2887 5443 cum
2916 5389 2968 5441 in
3007 5390 3110 5444 line
3139 5407 3339 5445 Lxxxtv
3367 5392 3494 5445 anni
3517 5393 3598 5445 in-

2026 5478 2276 5532 tercalari
2310 5477 2588 5540 debuerit,
2625 5477 2676 5531 in
2715 5479 2994 5547 sequentis
3037 5481 3174 5551 cycli
3206 5481 3442 5551 primum
3495 5497 3597 5535 an-

2027 5586 2156 5624 num
2197 5567 2431 5638 conjici,
2477 5567 2636 5622 docet
2675 5567 3033 5638 Epiphanius.
3071 5572 3232 5640 Atqui
3280 5583 3596 5627 tessaracaz-

2025 5661 2235 5716 decaet.
2285 5667 2596 5730 postremus
2649 5675 2827 5714 annus
2869 5662 3090 5731 proprio
3131 5661 3242 5732 jam
3299 5663 3597 5717 embolimo

2026 5753 2286 5824 praeditus
2322 5761 2426 5811 est.
2463 5751 2581 5808 Duo
2631 5752 2796 5824 igitur
2820 5750 3147 5810 embolimaei
3192 5769 3312 5812 sese
3348 5755 3594 5824 proxime
