3994 6222
384 284 519 339 I007

1483 274 1829 332 APPENDIX
1868 273 2507 332 DISSERTATIONUM.
2538 323 2556 334 .

3496 277 3633 334 1003

379 408 681 470 sequentur
735 412 750 450 :
801 395 946 467 quod
994 394 1123 450 olim
1181 393 1384 450 factum
1428 407 1551 449 esse
1605 392 1955 447 Ilcbrmorum
1987 400 2032 457 Α
2065 392 2473 462 interpretanda
2509 390 2723 447 videtur
2757 411 2770 446 :
2802 391 2990 448 ἕνεκεν
3019 392 3231 460 τούτου,
3261 393 3364 451 hoc
3397 403 3482 451 est
3507 411 3637 450 cum

381 494 634 547 doctores
674 496 946 545 asserunt.
979 487 1097 542 Imo
1125 501 1260 541 vero
1285 501 1502 541 menses
1542 486 1644 556 ipsi
1674 485 1952 540 embolimi

382 582 493 637 duo
537 579 697 636 simul
741 577 1202 643 inculcabuntur;
1249 583 1515 646 eruntque
1556 576 1660 629 tria
1708 575 1952 629 Adarim.

385 670 490 725 Sed
536 668 727 724 tertius
771 669 897 722 anni
946 681 1121 722 uxxv
1157 665 1376 720 initium
1417 665 1553 732 erit;
1594 680 1664 720 ne
1711 667 1756 719 si
1789 663 1956 720 Nisan

383 777 481 831 pro
519 761 666 815 Adar
707 760 1096 822 substituatur,
1142 759 1349 828 epocha
1387 757 1574 812 relicta
1599 800 1612 823 ,
1670 756 1958 811 neonienia

384 857 437 910 in
473 853 748 910 anteriora
791 853 975 908 laxius
1023 861 1302 922 evagetur.
1346 851 1422 906 De
1465 851 1682 906 duobus
1731 850 1958 904 emboli-

382 947 537 1003 maais
587 945 834 1017 proxime
885 945 1352 1015 consequentibus
1411 944 1613 1017 fatetur
1659 942 1958 1014 Keplcrus;

382 1015 695 1109 posterius,
748 1039 816 1093 de
875 1037 1056 1092 tribus
1116 1037 1339 1092 Adarim
1387 1015 1795 1106 objici‘potest.
1855 1034 1975 1089 Sed

383 1139 679 1197 utrumque
733 1143 801 1184 ex
863 1127 1151 1182 Laterculo
1195 1136 1250 1182 et
1291 1126 1560 1197 superiori
1599 1125 1965 1197 disputatione

382 1222 829 1276 commodissime
879 1220 1232 1287 dissolvitur;
1287 1236 1412 1275 nam
1478 1218 1625 1274 aliud
1671 1231 1753 1274 est
1796 1227 1966 1273 tessa-

383 1309 847 1364 resdecaeteridas
883 1310 1112 1364 scorsim
1150 1324 1213 1363 ac
1244 1316 1526 1373 separatas
1558 1308 1781 1372 intueri,
1819 1305 1966 1360 aliud

385 1401 439 1454 in
467 1401 674 1467 maiore
710 1401 860 1470 cyclo
891 1411 1048 1470 aptas
1073 1401 1303 1456 invicem
1353 1410 1406 1455 et
1434 1410 1736 1455 consertas.
1773 1399 1950 1452 Mino-

387 1506 475 1546 res
505 1491 642 1561 cycli
682 1491 880 1562 singuli
919 1507 1015 1561 per
1053 1507 1172 1548 sese
1213 1508 1246 1545 ν
1272 1506 1488 1547 menses
1529 1490 1850 1551 embo'imos
1899 1490 1954 1544 in

388 1600 470 1648 III,
508 1599 584 1648 vr,
624 1598 743 1648 vni,
778 1599 852 1650 χι,
886 1599 998 1648 xlv,
1030 1583 1191 1639 annis
1214 1583 1529 1654 postulant;
1571 1581 1664 1636 sed
1705 1581 1761 1634 in
1795 1579 1972 1634 contio

387 1690 494 1729 nua
536 1674 676 1730 serie
713 1682 767 1728 ct
816 1673 869 1727 in
905 1673 1112 1744 majore
1141 1673 1291 1744 cyclo
1325 1689 1434 1728 non
1474 1687 1690 1742 semper
1736 1687 1826 1725 xw
1858 1685 1973 1726 em-

386 1766 675 1820 bolimzeus
711 1772 795 1820 est
842 1782 854 1817 :

387 1867 697 1927 postremus
722 1870 850 1910 vero
889 1855 1066 1908 ultimi
1109 1855 1242 1925 cycli
1279 1869 1479 1918 annus,
1507 1852 1600 1924 qui
1645 1861 1727 1907 est
1751 1866 1966 1918 Lxxxiv,

387 1948 536 2001 Adar
566 1946 785 2016 quidem
814 1945 1044 1998 alterum
1086 1943 1188 1999 sibi
1221 1943 1456 1997 vindicat
1483 1960 1497 2010 ;
1525 1957 1591 1997 eo
1636 1941 1782 2011 quod
1819 1956 1971 1995 men-

390 2039 469 2091 sis
492 2037 541 2091 ei
577 2052 706 2090 xxxi
741 2050 806 2089 ex
839 2035 1043 2104 epactis
1074 2035 1351 2105 cyclorum
1379 2033 1679 2098 accrescit;
1711 2032 1968 2102 proinde—

389 2143 497 2197 que
530 2143 579 2181 vi
623 2127 994 2182 embolimaeos
1043 2125 1244 2179 habere
1282 2125 1466 2189 debet,
1521 2131 1580 2176 ut
1621 2137 1748 2177 cum
1803 2119 1969 2175 sola-ri

393 2233 538 2272 anno
584 2227 860 2286 utcunque
891 2215 1101 2271 lunaris
1153 2215 1492 2284 adaequetur.
1524 2211 1728 2267 Verum
1781 2222 1971 2267 auctor

391 2322 475 2363 est
505 2308 846 2378 Epiphanius
877 2309 930 2362 in
963 2322 1140 2362 Lxxxv
1171 2322 1376 2361 annum
1401 2320 1644 2360 mensem
1670 2303 1823 2358 illum
1849 2315 1972 2357 esse

392 2402 619 2454 dilatum
644 2417 658 2466 ;
687 2400 780 2470 qui
813 2415 938 2454 eum
968 2413 1156 2454 revera
1195 2398 1270 2454 sit
1300 2397 1469 2462 Adar,
1495 2395 1662 2452 Nisan
1691 2411 1721 2450 a
1744 2393 1969 2460 Iudaeis,

393 2502 454 2546 ut
487 2491 714 2562 Opinor,
761 2499 843 2545 est
886 2489 1086 2550 factus.
1130 2488 1259 2544 Inde
1303 2488 1550 2554 accedit,
1601 2496 1662 2541 ut
1707 2487 1970 2557 epocham

403 2584 533 2638 anni
563 2583 645 2638 sui
669 2581 1076 2646 anteverterint,
1109 2591 1163 2636 et
1185 2580 1239 2634 in
1263 2579 1456 2635 eodem
1483 2594 1628 2634 anno
1651 2579 1735 2633 his
1765 2577 1972 2633 Pascha

398 2675 810 2731 celebraverint.
837 2672 991 2740 Quod
1019 2671 1291 2727 uberrime
1319 2679 1477 2726 antea
1499 2670 1832 2726 declaratum
1856 2679 1959 2722 est.

465 2765 581 2819 Col.
611 2766 712 2819 936
737 2765 801 2818 Α.
840 2765 1069 2830 Οἵτινες
1107 2762 1365 2833 ὤφειλον
1383 2759 1556 2816 εἶναι.
1598 2760 1848 2815 Mendum
1887 2759 1973 2814 hic

397 2869 592 2914 esseet
635 2859 857 2928 quidem
891 2857 1086 2928 duplex
1131 2855 1414 2925 superiora
1461 2855 1593 2909 satis
1624 2853 1917 2908 ostendunt
1953 2869 1968 2907 :

399 2951 634 3020 primum
651 2952 940 3023 τριάκοντα
963 2951 1126 3023 μῆνες
1154 2949 1457 3021 legendum,
1478 2963 1584 3002 non
1600 2945 1972 3018 τριακονταεὶς

402 3047 539 3116 μήν’
569 3045 764 3101 deinde
795 3045 988 3099 falsum
1019 3052 1104 3098 est
1144 3057 1306 3113 supra
1342 3057 1447 3096 xxx
1482 3055 1701 3095 menses
1731 3039 1970 3108 reliquos

399 3154 521 3194 esse
559 3139 676 3194 dies
716 3154 863 3204 xxiv,
895 3139 1058 3193 horas
1091 3151 1142 3190 vr
1177 3154 1193 3190 :
1223 3133 1429 3205 alioqui
1457 3148 1520 3188 ex
1553 3131 1971 3188 tessaradeeaet.

399 3230 613 3285 Juliana
643 3231 851 3284 dierum
885 3229 1054 3294 5115,
1087 3228 1175 3292 12,
1199 3225 1428 3297 relinqui
1448 3223 1825 3280 tantummodo
1859 3222 1977 3278 dies

401 3332 676 3393 oporleret
706 3331 972 3393 quatuor,
1008 3323 1196 3376 horam
1225 3335 1390 3375 unam
1411 3359 1424 3383 ,
1466 3326 1718 3387 essetque
1754 3315 1967 3370 lunaris

403 3417 820 3471 tessaradecact.
893 3413 1099 3467 dierum
1147 3410 1306 3476 5I09,
1336 3412 1422 3465 II.
1466 3408 1708 3481 Syzygia:
1752 3405 1979 3476 singulae

403 3516 494 3580 29,
542 3514 630 3578 12,
672 3513 775 3576 49’,
805 3512 921 3580 35",
954 3503 1207 3581 ὲ-ἒξηΑιιι
1253 3513 1299 3568 si
1330 3512 1397 3567 de
1425 3527 1516 3565 xlv
1547 3510 1776 3565 Iulianis
1818 3508 1977 3564 annis

405 3607 717 3662 eximantur
746 3606 893 3659 liora:
921 3601 1062 3668 diue,
1101 3613 1160 3658 ut
1188 3604 1295 3659 sint
1322 3604 1441 3660 dies
1468 3602 1631 3667 5115,
1664 3601 1754 3666 10,
1803 3610 1979 3656 tessa-

404 3702 698 3766 radecnet.,
734 3700 954 3755 lunares
987 3697 1214 3768 singulae
1244 3698 1360 3754 dies
1406 3697 1685 3752 habebunt
1718 3692 1884 3758 5109,
1919 3693 1975 3758 9,

408 3803 641 3876 syzygiae
660 3803 751 3869 29,
786 3802 874 3865 12,
917 3801 1021 3866 48’,
1058 3799 1154 3855 54"
1341 3797 1497 3866 Quod
1519 3811 1619 3868 ego
1647 3811 1836 3852 verum
1870 3810 1978 3851 non

407 3891 1072 3962 arbitror.-Corrigendus
1122 3889 1306 3960 ilaque
1345 3886 1658 3958 Epiphanii,
1689 3895 1783 3940 aut
1814 3885 1980 3940 libra-

409 3988 473 4040 rii
502 3987 675 4056 ipsius
707 4000 883 4049 error,
913 3991 968 4038 et
991 3982 1071 4037 vel
1097 3982 1267 4035 εἴκοσι
1294 3978 1440 4033 ὀκτὼ
1470 3979 1692 4050 ἡμέραι,
1720 3977 1804 4033 vel
1839 3977 1980 4030 εἴκο-

410 4098 462 4134 σι
491 4079 635 4133 ὀκτὼ
672 4079 766 4132 καὶ
797 4071 934 4149 ὧραι
970 4078 1118 4147 τρεῖς
1150 4074 1256 4130 hoc
1285 4073 1406 4129 loco
1443 4070 1812 4128 scribendum.
1845 4067 1980 4124 Vide

408 4188 530 4242 quze
559 4181 715 4225 antea
746 4169 1006 4224 diximus.

469 4261 582 4315 Ibid
593 4301 605 4316 .
626 4260 936 4314 Β.Ἔνεκεν
946 4257 1156 4311 τοίνυν
1170 4251 1528 4310 τούτου.Νοη
1543 4252 1672 4307 illud
1687 4250 1978 4322 signiﬁcat,

409 4350 553 4420 quod
584 4351 880 4404 arbitratur
905 4347 1186 4417 Keplerus,
1210 4355 1263 4402 et
1280 4345 1422 4417 quod
1441 4344 1615 4415 prima
1645 4342 1823 4413 specie
1847 4341 1981 4395 velle

2045 482 2348 553 ’depravata
2404 484 2494 538 illa
2531 484 2790 540 methodo
2830 501 2895 540 ac
2939 486 3074 556 cycli
3118 486 3480 555 dispositione
3516 497 3634 542 ute-

2059 584 2270 641 rentur,
2301 576 2606 632 secundum
2647 589 2813 646 quam
2846 593 2937 631 xiv
2967 578 3096 632 luna
3137 579 3302 634 biduo
3331 579 3637 643 caelestem,

2061 668 2164 722 hoc
2198 680 2280 724 est
2315 668 2590 725 Niczenam
2628 669 2991 736 anteveniret,
3042 670 3415 726 animadversa
3477 670 3638 736 labe,

2059 757 2389 826 Phariszeus,
2423 758 2604 830 quoad
2638 759 2998 830 plenilunium
3041 761 3264 830 propius
3295 761 3640 826 accederent,

2061 849 2271 905 Pascha
2305 852 2357 905 in
2394 869 2460 905 xv
2495 853 2679 906 lunam
2707 852 3002 907 distulisse.
3039 852 3225 923 Itaque
3246 853 3542 924 dupliciter
3566 855 3644 908 vi-

2065 941 2204 996 tiosa
2233 941 2514 997 Paschalis
2543 944 2828 998 celebritas
2855 944 2955 998 fuit
3001 962 3015 999 :
3053 948 3289 1014 primum
3337 946 3482 1015 apud
3514 961 3643 1012 eos,

2065 1033 2158 1102 qui
2204 1031 2339 1088 feria
2373 1049 2434 1088 Ill
2483 1034 2610 1088 luna
2641 1051 2715 1089 xu
2760 1034 2978 1090 Iudaica
3019 1036 3225 1091 Pascha
3259 1036 3642 1100 comederunt,

2066 1125 2211 1194 quod
2242 1123 2378 1180 feria
2432 1142 2466 1180 v
2522 1124 2646 1180 luna
2675 1143 2766 1181 xiv
2805 1127 3113 1184 faciendum
3139 1139 3257 1184 erat
3299 1145 3312 1182 :
3349 1137 3466 1183 tum
3503 1129 3646 1198 apud

2067 1214 2396 1282 Pharisaaos,
2461 1218 2554 1288 qui
2602 1219 2901 1290 ὑπερϐἀσει
2956 1229 3173 1290 recepta
3224 1237 3317 1275 xiv
3369 1221 3510 1291 cycli
3562 1218 3646 1274 sui

2068 1309 2435 1380 praetergressi
2464 1319 2610 1365 sunt.
2651 1311 2902 1367 Christus
2935 1327 3100 1382 porro
3146 1327 3270 1366 cum
3321 1312 3519 1381 majori
3553 1326 3649 1380 po-

2069 1399 2181 1469 puli
2217 1409 2370 1470 parte
2411 1400 2544 1456 feria
2596 1403 2758 1458 tertia
2786 1403 3100 1459 celebravit.
3146 1402 3221 1458 Ita
3252 1403 3475 1474 quidem
3522 1401 3649 1471 Epi-

2071 1493 2330 1562 phanius,
2364 1510 2465 1550 nec
2489 1496 2645 1550 aliter
2675 1495 3020 1563 interpretari
3045 1496 3188 1561 licet,
3222 1504 3318 1549 aut
3349 1495 3419 1548 ab
3461 1509 3651 1549 errore

2072 1581 2367 1638 vindicare.
2413 1583 2600 1654 Neque
2626 1584 2772 1640 enim
2807 1585 2941 1639 feria
2978 1587 3158 1652 tertia,
3190 1585 3294 1639 hoc
3319 1593 3403 1640 est
3450 1595 3649 1654 quarto

2073 1681 2200 1727 ante
2220 1671 2539 1729 Passionem
2582 1675 2669 1730 die
2697 1676 2951 1731 Christus
2977 1673 3241 1730 Paschate
3269 1673 3499 1729 functus
3529 1685 3646 1738 esr;

905 1765 1050 1819 unde
1088 1777 1266 1833 neque
1306 1764 1446 1817 duos
1487 1762 1710 1816 Adarim
1761 1761 1966 1832 exigit;
2002 1747 2044 1804 Β
2072 1781 2250 1836 neque
2276 1767 2442 1822 biduo
2468 1769 2522 1822 in
2553 1769 2790 1825 vinculis
2829 1768 3086 1832 habitus,
3123 1769 3266 1839 quod
3297 1766 3506 1822 frustra
3534 1781 3651 1821 crc-

2070 1859 2206 1914 didit
2259 1859 2601 1931 Epiphanius
2648 1879 2660 1915 :
2715 1878 2842 1916 nam
2886 1863 2954 1918 de
3000 1860 3360 1934 σταυρὼσεως
3403 1871 3650 1930 tempore

2069 1950 2356 2007 nobiscum
2395 1954 2588 2008 "sentit.
2632 1951 3021 2009 Emendandus
3064 1953 3230 2024 igitur
3274 1962 3358 2008 est
3405 1953 3478 2007 ad
3526 1966 3649 2007 eu

2069 2041 2293 2096 modum
2319 2057 2481 2112 quem
2517 2059 2682 2114 supra
2717 2044 3219 2100 demonstravimus
3256 2060 3379 2115 pag.
3414 2043 3540 2098 I72.

2140 2130 2278 2186 Ibid.
2301 2132 2410 2186 Καὶ
2426 2132 2552 2187 ἐκεῖ
2571 2134 2636 2188 τὸ
2663 2133 2900 2204 Πάσχα.
2933 2134 3074 2200 Quid
3105 2134 3193 2190 hic
3209 2134 3368 2188 audio
3384 2134 3409 2186 ?
3434 2134 3571 2194 ἐκεῖ,
3597 2131 3650 2185 id

2071 2233 2153 2278 est
2177 2223 2230 2276 in
2257 2223 2417 2278 h‘ortu
2435 2224 2641 2280 Pascha
2662 2225 3053 2281 manducasse?
3068 2224 3290 2280 Minime
3314 2225 3365 2279 id
3391 2224 3648 2294 quidem;

2071 2317 2167 2372 sed
2199 2318 2285 2372 vel
2325 2318 2442 2371 ἐκεῖ
2481 2318 2549 2373 ad
2584 2319 2869 2388 superiora
2909 2307 3162 2386 pertinet,
3195 2317 3279 2370 vel
3329 2315 3652 2386 trajectione

2071 2418 2260 2478 peccat
2280 2408 2372 2464 hic
2401 2409 2573 2464 locus.
2597 2407 2752 2475 Quod
2775 2409 2998 2478 subjicit
3027 2426 3040 2454 =
3069 2408 3168 2461 οὐκ
3190 2406 3364 2471 ἄλλως
3390 2408 3648 2476 ποιήσας,

2071 2501 2350 2557 Christum
2377 2510 2624 2569 excusat,
2650 2517 2749 2556 cur
2774 2516 2880 2556 non
2908 2501 3149 2572 legitimo
3171 2508 3417 2569 tempore
3444 2497 3650 2552 Pascha

2072 2593 2375 2663 peregerit;
2407 2592 2554 2662 quod
2598 2593 2663 2647 ad
2709 2592 3073 2662 publicumct
3100 2605 3454 2647 communem
3493 2604 3651 2646 usum

2073 2681 2495 2737 accommodare
2517 2698 2574 2737 sc
2597 2682 2868 2736 maluerit.

2131 2774 2268 2828 Ibid.
2282 2773 2551 2846 1).Εὺθὺς
2562 2771 3212 2841 πρῶτοςοῠαλεντῖνος.
3225 2771 3348 2826 Haec
3363 2786 3428 2826 ex
3450 2771 3652 2826 Irenaeo

2073 2881 2334 2936 expressa
2369 2875 2495 2922 sunt
2528 2885 2542 2922 :
2581 2867 2673 2936 qui
2722 2867 2816 2920 lib.
2855 2881 2915 2930 ιι,
2955 2881 3074 2935 cap.
3119 2865 3209 2932 58,
3238 2863 3653 2919 Valentiniauos

2073 2958 2294 3024 refutat,
2336 2957 2428 3028 qui
2469 2972 2575 3010 xxx
2628 2955 2871 3010 JEonum
2915 2956 3199 3026 collegium
3232 2956 3334 3010 hoc
3380 2967 3653 3026 annowm

2075 3049 2281 3105 Christi
2317 3062 2548 3103 numero
2580 3047 2877 3102 fulciebant
2911 3065 2924 3102 :
2957 3048 3156 3117 quippe
3190 3046 3478 3101 Christum
3507 3061 3653 3100 asse-

2081 3140 2272 3196 rebant
2317 3155 2464 3195 anno
2510 3140 2687 3195 aetatis
2737 3155 2843 3193 xxx
2893 3154 3112 3210 passum
3151 3153 3293 3206 esse,
3336 3153 3531 3194 mense
3559 3151 3651 3192 xu.

2078 3232 2450 3303 Contra-quos
2470 3248 2590 3302 cap.
2635 3231 2704 3286 '59
2731 3233 3090 3295 demonstrat,
3117 3230 3337 3285 biennio
3367 3240 3423 3284 et
3451 3230 3656 3298 aliquot

2080 3325 2364 3380 mensibus
2382 3325 2726 3395 praedicasse.
2750 3322 3114 3393 Posteaquam
3139 3322 3304 3392 igitur
3337 3321 3406 3375 de
3428 3331 3656 3390 utroque

2082 3435 2248 3484 anno,
2283 3427 2393 3472 tam
2425 3434 2535 3488 quo
2555 3427 2714 3473 natus
2732 3431 2894 3487 quam
2920 3431 3030 3486 quo
3047 3430 3242 3486 passus
3270 3424 3350 3471 est
3369 3414 3652 3477 Dominus,

2082 3511 2489 3565 accuratissime
2504 3509 2920 3578 disputavimus,
2944 3518 3371 3564 consentaneum
3391 3517 3498 3571 est,
3522 3518 3577 3560 ut
3592 3508 3654 3561 de

2081 3603 2434 3669 Paschatum,
2483 3617 2604 3672 qua:
2643 3610 2766 3671 post
2809 3601 3135 3669 baptismum
3185 3598 3444 3653 Christus
3487 3597 3651 3660 obiit,

2084 3713 2316 3753 numero
2395 3694 2766 3751 dillicillimam
2853 3691 3249 3763 quaestionem_
3299 3689 3650 3759 explicemus.

2083 3788 2258 3856 Quam
2299 3805 2401 3844 nos
2429 3789 2574 3843 hunc
2596 3788 2772 3858 ipsum
2802 3787 2855 3840 in
2881 3787 3061 3840 locum
3094 3787 3287 3840 merito
3315 3783 3653 3845 distulimus,

2083 3881 2231 3953 quod
2283 3897 2408 3935 cum
2456 3878 2724 3949 superiori
2769 3879 2837 3934 de
2874 3876 3133 3932 Passione
3178 3875 3380 3931 Christi
3411 3875 3656 3944 diSputa-

2081 3974 2233 4029 tione
2256 3988 2502 4028 connexa
2534 3983 2698 4042 atque
2723 3971 2995 4040 implicata
3023 3969 3315 4025 videretur.

2083 4109 2223 4174 Quot
2286 4106 2570 4163 secundum
2666 4105 2980 4230 baptilfnium
3050 4103 3320 4158 Paschata
3413 4102 3654 4159 Christus

2609 4197 2612 4200 ί
2764 4193 2792 4230 o
2831 4185 2968 4230 rem.

2609 4197 2612 4200 ’
2764 4185 2968 4230 obieril.

2156 4333 2310 4388 Mitto
2339 4341 2545 4388 veteres
2574 4331 2718 4396 illos,
2753 4345 2858 4385 non
2889 4328 3171 4383 haereticos
3214 4326 3416 4393 solum,
3445 4335 3507 4380 ut
3550 4324 3652 4378 Va-

409 4442 644 4506 videtur,
686 4455 752 4495 ex
787 4439 948 4508 hujus
985 4439 1117 4510 cycli
1166 4437 1429 4508 pravitate
1462 4433 1628 4489 biduo
1667 4430 1977 4486 Judazorum
2014 4441 2058 4498 ι)
2087 4425 2435 4490 lentinianos,
2467 4425 2560 4479 sed
2595 4423 2757 4478 etiam
2807 4421 3016 4487 Patres,
3047 4420 3137 4490 qui
3171 4435 3315 4474 anno
3344 4420 3521 4474 aetatis
3555 4433 3654 4472 xxx

411 4531 620 4587 Pascha
656 4531 956 4602 legitimum
991 4538 1206 4600 tempus
1248 4527 1610 4583 antecessisse
1640 4545 1653 4581 :
1697 4525 1855 4595 quasi
1892 4525 1977 4578 bi-

412 4624 506 4678 dui
533 4629 739 4675 tantum
786 4621 1089 4692 προήγησις
1121 4636 1151 4675 a
1179 4635 1307 4675 vera
1349 4634 1439 4672 xiv
1480 4618 1622 4672 Iacta
1656 4618 1755 4683 sit;
1792 4615 1984 4670 Phari-

413 4731 553 4771 saeos
579 4729 706 4769 vero
744 4715 848 4770 dici
881 4715 1046 4770 unius
1079 4713 1379 4785 ὑπερϐάσει
1413 4712 1730 4771 constituta,
1759 4724 1865 4763 uno
1900 4709 1988 4764 die

413 4809 680 4861 duntaxat
732 4804 1099 4872 anticipasse;
1149 4819 1271 4858 eum
1316 4802 1480 4856 biduo
1531 4801 1705 4856 solido
1735 4797 1986 4852 Christus

414 4898 689 4952 Nicaenam
733 4912 822 4950 xw
863 4895 1241 4960 anteverterit;
1283 4908 1408 4947 nam
1459 4891 1647 4946 eodem
1691 4906 1856 4946 sensu
1884 4890 1989 4945 hoc

412 4996 533 5049 loco
567 4992 704 5046 dixit
737 4988 954 5044 Judmos
1005 4985 1296 5059 προλαϐεῖν
1338 4985 1551 5056 ἡμέρας
1576 4984 1688 5047 δύο,
1740 4998 1849 5053 quo
1889 4998 1985 5038 su-

412 5088 628 5157 periore
658 5099 907 5147 numero,
937 5081 1140 5151 ἔφαγον
1181 5079 1242 5132 τὸ
1281 5078 1474 5147 Πάσχα
1505 5078 1612 5149 πρὸ
1644 5077 1736 5130 δύο
1764 5075 1988 5148 ἡμερῶν

410 5179 505 5233 τοῦ
554 5179 766 5246 φαγεῖν.
807 5176 878 5230 At
931 5174 1043 5228 illic
1080 5171 1231 5226 bidui
1279 5169 1596 5239 anticipatio
1644 5183 1985 5246 nequaquam

410 5273 478 5328 ad
531 5271 804 5326 Nicainam
857 5283 970 5331 xiv,
1030 5264 1126 5321 sed
1174 5264 1240 5318 ad
1281 5261 1564 5318 Judaicam
1625 5243 1988 5330 vitiosamque

410 5374 782 5433 comparatur,
814 5377 936 5430 qua:
961 5375 1085 5414 eum
1137 5358 1190 5412 in
1224 5356 1412 5412 feriam
1463 5371 1491 5408 v
1520 5353 1696 5407 Martii
1729 5370 1818 5408 XIX
1853 5353 1990 5408 inci-

412 5457 584 5519 deret,
612 5453 867 5507 Christus
895 5466 1018 5504 cum
1055 5448 1367 5503 Judatoruni
1399 5446 1561 5516 vulgo
1583 5443 1714 5500 feria
1739 5460 1818 5509 III,
1846 5443 1988 5496 Mar-

411 5542 475 5595 tii
515 5557 621 5594 xvn
665 5541 876 5596 Pascha
923 5540 1235 5594 celebravit.
1281 5537 1463 5604 Quare
1510 5551 1687 5605 neque
1727 5537 1828 5589 hoc
1871 5535 1989 5589 loco

413 5631 509 5684 δύο
536 5631 745 5699 ἡμέρας
773 5629 1076 5701 προῦλαϐεν
1118 5629 1394 5684 Νἱςίεηθιη
1442 5644 1554 5690 xxv,
1605 5627 1696 5681 sed
1733 5643 1794 5680 ex
1836 5627 1989 5696 cyclo

417 5720 695 5775 communi
725 5719 1027 5775 Judaicam.
1067 5721 1360 5789 Propterea
1391 5720 1471 5776 sic
1513 5718 1804 5789 Epiphanii
1834 5733 1988 5776 mens

2087 4531 2309 4588 passum
2361 4514 2650 4569 Dominum
2697 4513 2972 4568 memoriae
3025 4511 3379 4581 prodiderunt
3411 4527 3425 4564 :
3456 4511 3656 4579 quique

2085 4623 2256 4662 unum
2305 4606 2354 4661 ei
2389 4607 2655 4660 duntaxat
2707 4599 3365 4674 praidicatiouis'annum
3415 4601 3657 4670 assigna-

2086 4709 2235 4764 runt,
2269 4709 2328 4754 ut
2365 4700 2504 4754 inter
2547 4698 2685 4754 alios
2732 4695 2937 4751 Tertul.
2972 4696 3066 4750 lib.
3101 4703 3241 4749 cont.
3266 4692 3398 4749 Iud.
3447 4708 3569 4763 cap.
3602 4693 3651 4746 8.

2087 4793 2216 4848 Item
2245 4792 2560 4848 Lactantius
2599 4791 2694 4846 lib.
2729 4806 2802 4858 iv,
2841 4805 2962 4859 cap.
2997 4790 3094 4856 IO;
3126 4788 3294 4843 Clem.
3327 4788 3482 4842 Alex.
3516 4787 3608 4842 Iib.
3641 4802 3653 4838 I

2087 4896 2141 4942 ct
2170 4904 2219 4941 vr
2243 4884 2467 4951 Strom.;
2499 4885 2789 4939 Africanus
2807 4885 2950 4955 apud
2985 4882 3130 4938 IIier.
3161 4884 3216 4936 in
3251 4882 3388 4939 Dan.
3425 4897 3546 4952 cap.
3581 4897 3652 4934 ix.

2160 4978 2280 5044 IIis,
2323 4978 2570 5046 inquam,
2606 4975 3012 5045 praetermissis,
3058 4989 3296 5043 quorum
3326 4973 3508 5042 opinio
3543 4989 3656 5024 nin-

2089 5069 2284 5126 nifeste
2337 5085 2458 5124 cum
2493 5067 2720 5122 Joannis
2771 5082 2835 5121 ac
2868 5074 3186 5120 caeterorum
3238 5063 3532 5134 Evangelio
3563 5078 3656 5130 pn-

2089 5171 2237 5233 gnat,
2272 5170 2381 5215 tres
2429 5168 2558 5215 sunt
2603 5157 2886 5227 praecipuae
2931 5155 2997 5209 de
3047 5153 3377 5208 Paschatum
3433 5165 3656 5206 numero

2090 5257 2369 5312 sententia:
2403 5272 2415 5307 :
2466 5269 2589 5307 nam
2637 5253 2717 5306 vel
2747 5251 2871 5316 tria,
2902 5249 2985 5303 vel
3016 5255 3273 5318 quatuor,
3308 5249 3391 5302 vel
3421 5247 3658 5316 qttinqu)

2090 5354 2435 5410 statuuntur;
2474 5358 2708 5412 quorum
2743 5350 3078 5409 postremum
3125 5337 3256 5391 illud
3291 5346 3394 5404 est,
3426 5337 3480 5390 in
3511 5351 3617 5406 quo
3640 5375 3653 5397 ,

2089 5437 2172 5490 vel
2198 5437 2299 5490 sub
2333 5435 2476 5505 quod
2507 5434 2757 5489 Christus
2792 5432 2844 5485 in
2893 5446 3056 5486 cruce
3102 5430 3327 5483 sullixus
3354 5438 3437 5484 est
3471 5448 3486 5496 ;
3515 5426 3652 5498 quod

2090 5530 2316 5600 proinde
2345 5527 2724 5599 σταυρώσιμον
2749 5526 2968 5582 dicitur.
3001 5525 3079 5579 Ex
3111 5526 3177 5579 iis
3209 5525 3444 5580 ser-unda
3474 5523 3655 5578 mediae

2089 5624 2408 5686 vetustatis,
2471 5623 2624 5677 tertia
2677 5619 2846 5674 inﬁmi
2903 5619 3137 5675 saeculi:
3195 5619 3371 5689 prima
3416 5629 3653 5673 veterum

2092 5717 2484 5789 pmpemodum
2540 5717 2788 5773 omnium
2820 5725 2923 5774 est.
2975 5714 3045 5772 Ut
3089 5715 3251 5788 igitur
3294 5719 3449 5788 plura
3489 5713 3654 5772 tribus
