3994 6222
324 338 466 399 1009

1247 339 1335 394 DE
1373 340 1560 397 ANNO
1594 339 1681 395 ET
1723 340 1834 397 DIE
1874 340 2223 399 DOMINICJE
2262 344 2642 402 PASSIONIS.

3444 352 3579 409 1010

322 463 595 518 Paschata
621 466 746 531 post
771 457 1103 529 baptismum
1144 458 1330 529 elapsa
1374 462 1688 527 credantur,
1722 463 1900 517 Evan-
1931 464 1977 521 Α
2007 462 2331 532 prmdicarit.
2369 464 2445 518 Ex
2480 481 2592 534 quo
2632 462 2940 518 ratiocinati
2981 469 3109 518 sunt
3155 462 3386 520 alterum
3413 467 3461 520 ei
3496 484 3583 521 re-

236 578 243 585 -
321 556 588 623 geliorum
624 553 937 608 testimonio
990 562 1166 608 ratum
1225 556 1340 609 ﬁeri
1392 556 1625 623 videtur,
1680 556 1733 610 in
1781 557 1893 626 pri-

325 649 538 717 misque
578 644 826 712 Joannis,
887 648 980 716 qui
1027 647 1340 703 distinctius
1381 662 1445 702 ea
1479 648 1687 703 cmteris
1723 648 1895 703 tribus

325 740 761 809 nominatimque
822 740 1160 810 perscripsit.
1236 740 1392 810 Apud
1446 755 1607 810 quem
1659 740 1894 811 primum

320 828 535 885 Pascha
586 829 749 898 paulo
800 839 921 898 post
965 829 1293 897 baptismum
1347 838 1402 883 et
1452 830 1774 883 miraculum
1839 830 1894 884 in

321 921 468 976 Cana
508 919 711 975 factum
756 935 876 989 cap.
909 937 969 987 ιι,
1016 935 1156 975 com.
1193 921 1258 975 15
1306 933 1653 987 recensetur;
1701 935 1897 975 secun-

319 1014 451 1068 dum
486 1028 608 1082 cap.
664 1029 718 1080 v,
768 1028 910 1067 com.
961 1013 1013 1079 1,
1050 1013 1141 1066 ubi
1190 1011 1387 1067 festum
1426 1014 1570 1067 diem
1615 1028 1645 1067 a
1692 1011 1894 1068 Judaeis

319 1105 654 1161 celebratum
699 1103 774 1157 ait
809 1121 821 1157 ε
856 1102 999 1173 quod
1036 1103 1103 1158 de
1137 1103 1401 1158 Paschate
1426 1103 1662 1158 Irenzeus
1698 1103 1896 1172 accipit

319 1201 415 1255 lib.
454 1216 515 1263 ιι,
558 1213 680 1268 cap.
724 1197 826 1261 59;
883 1194 1102 1249 tertium
1155 1204 1239 1249 est
1269 1210 1389 1265 cap.
1422 1210 1475 1261 v,
1513 1210 1656 1250 com.
1690 1194 1723 1247 4
1773 1203 1895 1265 post

319 1298 566 1346 saturata
594 1288 836 1358 quinque
870 1286 1037 1340 millia
1071 1284 1304 1355 panibus
1358 1285 1599 1355 quinque
1659 1301 1723 1341 ac
1751 1287 1893 1341 duo.

318 1386 423 1440 bus
449 1382 727 1453 piscibus;
759 1386 1014 1450 quartum
1039 1385 1122 1433 est
1152 1377 1306 1445 illud,
1338 1379 1392 1433 in
1434 1394 1542 1449 quo
1568 1393 1763 1449 passus
1789 1388 1891 1433 est.

318 1476 401 1531 Ad
435 1478 573 1530 hanc
600 1472 831 1529 Joannis
855 1471 1164 1538 historiam,
1201 1479 1254 1526 et
1277 1471 1556 1526 intervalla
1591 1481 1892 1541 temporum

318 1567 654 1636 reliquorum
735 1564 1109 1628 narrationes,
1166 1578 1288 1633 quae.
1344 1562 1525 1617 minus
1578 1562 1893 1617 distinctam

322 1661 521 1714 habent
554 1657 977 1727 descriptionem
1013 1664 1344 1726 temporum,
1375 1657 1521 1710 velut
1552 1655 1617 1709 ad
1650 1655 1892 1724 regulam

319 1749 742 1807 accommodare
775 1751 1022 1803 nituntur
1054 1762 1217 1803 :nam
1257 1750 1492 1816 primum
1537 1746 1754 1815 quidem
1787 1744 1891 1798 Pa-

321 1846 455 1901 scha
496 1843 672 1897 solum
728 1840 996 1896 Joannem
1032 1853 1494 1899 commemorasse
1521 1846 1711 1908 putant
1748 1856 1760 1891 :
1808 1851 1897 1891 se-
1929 1820 1970 1875 Β

320 1938 563 1992 cundum
612 1936 756 2004 quod
801 1933 1039 1988 Joannes
1082 1934 1261 1987 adhuc
1313 1932 1620 2001 baptizasse
1677 1931 1895 2000 legitur,

318 2027 482 2084 Joan.
544 2040 628 2090 ιιι,
682 2025 773 2079 25.
804 2025 921 2091 Quo
952 2026 1003 2078 in
1032 2023 1246 2078 vincula
1298 2022 1547 2091 conjecto
1602 2022 1899 2091 prazdicare

321 2118 573 2173 Christus
596 2116 781 2185 coepit,
815 2114 1004 2169 Matth.
1040 2130 1111 2180 1v,
1150 2115 1205 2179 2,
1239 2122 1291 2168 et
1311 2113 1479 2168 Marc.
1516 2130 1553 2181 ι,
1584 2115 1649 2168 Η
1682 2132 1693 2168 :
1729 2129 1757 2168 a
1788 2128 1897 2183 quo

322 2220 567 2280 tempore
602 2219 712 2264 tres
749 2207 926 2262 caeleri
963 2222 1050 2260 res
1078 2221 1106 2259 a
1152 2205 1372 2261 Christo
1412 2213 1593 2274 gestas
1634 2203 1781 2257 velut
1828 2203 1897 2257 ab

321 2304 481 2357 initio
512 2302 808 2357 deducunt.
862 2296 1120 2367 Sequitur
1165 2312 1295 2367 ergo
1333 2296 1540 2351 Pascha
1572 2296 1892 2357 secundum,

320 2395 467 2466 quod
493 2410 616 2449 eum
646 2391 800 2448 Joan.
827 2409 879 2459 v,
907 2402 1020 2447 tum
1048 2382 1238 2446 Matth.
1266 2408 1364 2456 xu,
1386 2389 1550 2445 Mare.
1585 2405 1644 2454 ιι,
1680 2388 1811 2443 Luc.
1844 2405 1897 2443 vr

242 2475 253 2485 ’
318 2488 482 2542 tacite
520 2486 877 2556 signiﬁcatur,
920 2500 984 2537 eo
1029 2484 1173 2552 quod
1217 2481 1455 2537 Sabba'to
1512 2482 1896 2552 deuteroproto

319 2594 417 2649 per
447 2588 564 2632 sata
608 2576 875 2631 transisse
901 2575 1159 2630 dicuntur
1201 2575 1452 2644 apostoli,
1490 2583 1542 2628 et
1573 2574 1752 2643 spicas
1785 2574 1895 2627 vel-

319 2671 520 2725 licasse
553 2686 566 2722 :
597 2667 744 2737 quod
794 2675 1006 2734 tempus
1058 2666 1110 2719 in
1163 2666 1312 2735 ipsas
1360 2664 1689 2736 Azymorum
1732 2663 1896 2721 ferias

319 2760 571 2816 incurrit.
628 2757 748 2812 Jam
800 2759 1019 2811 tertium
1082 2766 1275 2826 prmter
1321 2753 1585 2809 Joannem
1634 2771 1757 2826 cap.
1817 2770 1893 2818 vr,

317 2854 483 2908 etiam
513 2850 703 2906 Matth.
744 2865 855 2917 xlv,
897 2848 1064 2903 Marc.
1096 2865 1170 2914 vi,
1205 2847 1333 2903 Luc.
1368 2864 1444 2913 rx,
1493 2848 1850 2919 prodiderunt
1880 2867 1893 2904 :

318 2944 521 3013 quippe
576 2940 904 2996 miraculum
960 2937 1092 2993 illud
1148 2938 1631 3008 multiplicatorum
1694 2953 1893 3007 panum

318 3042 617 3104 exponunt,
654 3032 797 3100 quod
831 3030 1070 3085 Joannes
1099 3029 1201 3083 sub
1244 3029 1422 3098 ipsum
1468 3028 1678 3082 Pascha
1715 3028 1891 3082 conti—

319 3124 466 3194 gisse
496 3123 704 3179 scribit.
736 3121 892 3175 Hunc
940 3121 992 3174 in
1027 3119 1245 3175 modum
1274 3135 1401 3174 vere
1434 3120 1591 3190 vulgo
1626 3118 1891 3173 Paschata
1922 3152 1964 3209 α

318 3216 592 3285 digerunt,
656 3212 747 3282 qui
800 3210 1117 3266 harmonias
1179 3210 1519 3279 evangelicas
1576 3220 1892 3274 contexunt,

321 3305 426 3359 nisi
487 3303 617 3373 quid
668 3303 829 3372 paulo
879 3303 948 3357 ab
999 3302 1119 3357 aliis
1170 3302 1327 3355 aliter
1373 3300 1698 3370 explicatur,
1750 3302 1894 3370 quod

319 3394 695 3464 scrupulosius
721 3394 1051 3464 perscrutari
1082 3395 1318 3449 otiosum
1348 3394 1603 3447 arbitror.

390 3488 459 3540 At
489 3486 727 3556 Scaliger
770 3486 826 3540 in
874 3486 967 3540 lib.
1004 3502 1059 3540 vr
1098 3485 1171 3539 De
1204 3487 1411 3539 emend.
1463 3485 1706 3554 quinque
1738 3500 1895 3554 repe-

321 3576 417 3631 riri
479 3576 746 3630 Paschata
802 3574 1177 3631 vehementius
1233 3587 1438 3646 pugnat
1482 3594 1494 3629 :
1531 3591 1651 3628 nam
1705 3586 1898 3644 praeter

320 3669 557 3737 primum
587 3665 746 3721 Joan.
780 3682 837 3731 ιι,
874 3668 1104 3722 alterum
1132 3668 1263 3722 illud
1293 3683 1414 3722 esse
1448 3668 1658 3735 statuit,
1692 3666 1757 3721 de
1786 3682 1896 3737 quo

320 3758 477 3815 JOan.
513 3776 564 3813 v.
594 3758 693 3813 Cui
736 3760 955 3813 tertium
986 3759 1231 3829 adjungit
1259 3760 1409 3824 illud,
1443 3775 1473 3813 a
1505 3775 1614 3829 quo
1655 3775 1749 3829 per
1778 3770 1895 3814 sata

320 3853 423 3907 iter
453 3853 708 3907 habuisse
740 3851 991 3907 feruntur
1023 3852 1285 3921 apostoli;
1333 3862 1589 3922 quartum
1621 3862 1702 3907 est
1735 3852 1892 3906 Joan.

320 3961 407 4011 vt;
441 3944 691 4014 quintum
722 3945 782 3997 τὸ
805 3943 1205 4015 σταυρώσιμον.
1241 3945 1511 4014 Additque
1556 3946 1893 4012 singulorum

320 4037 663 4091 characteres
712 4051 775 4091 ac
821 4036 1212 4090 delineationes
1273 4053 1285 4088 :
1329 4034 1489 4105 cujus
1511 4034 1897 4107 ἀκριϐολογίας

320 4131 615 4186 Vanitatem
643 4130 861 4200 copiose
888 4139 1012 4185 ante
1041 4130 1443 4201 redarguimus.

393 4222 616 4276 Veteres
644 4230 850 4289 autem,
880 4222 956 4276 uti
990 4221 1193 4276 dictum
1229 4233 1333 4287 est,
1370 4222 1436 4277 ad
1478 4238 1645 4277 unum
1679 4237 1893 4286 omnes,

321 4313 429 4368 nisi
472 4313 566 4382 qui
614 4312 892 4367 tricesimo
925 4316 1100 4369 aetatis
1134 4330 1277 4369 anno
1312 4330 1531 4383 passum
1567 4324 1759 4385 putant
1788 4314 1895 4370 Do.

321 4406 553 4469 minum,
588 4404 1001 4459 tria-duntaxat
1034 4404 1301 4460 Paschata
1330 4418 1619 4461 numerant
1656 4425 1668 4461 :
1700 4406 1753 4459 in
1781 4406 1895 4475 pri-

2004 556 2271 624 spondere
2299 560 2391 610 τὸν
2437 556 2870 626 ἀντιλεγόμενον.
2926 555 3002 609 Ita
3042 555 3187 610 enim
3241 555 3579 626 Epiphanius

2004 648 2303 715 praesertim
2339 665 2394 703 ιι.
2420 648 2511 703 25.
2543 649 2611 702 At
2640 649 2799 718 longe
2830 648 3168 703 tolerabilius
3194 664 3316 702 meo
3356 649 3575 718 quidem

2000 738 2211 817 judicio
2242 742 2415 796 Clem.
2464 741 2617 796 Alex.
2664 742 2900 811 aliique,
2950 741 3041 810 qui
3077 756 3144 795 ex
3178 741 3329 795 Isaiae
3376 742 3573 805 verbis,

2006 852 2070 891 ac
2104 833 2400 904 singularis
2435 832 2562 886 anni
2597 832 2871 885 mentione
2901 829 3102 885 Christi
3136 831 3573 901 praedicationem

2003 941 2186 982 annuo
2218 924 2396 994 spatio
2434 922 2779 977 deﬁnierunt.
2827 920 2961 975 Nam
2996 921 3099 977 hoc
3146 930 3301 990 pacto
3332 923 3575 985 ἐνιαυτὸς

2001 1017 2188 1079 δεκτός
2212 1029 2320 1069 non
2354 1013 2666 1068 Judteorum
2701 1012 3131 1084 comparatione,
3163 1014 3256 1067 sed
3289 1012 3576 1082 ipsiusmet

2001 1108 2095 1163 Dei
2148 1107 2466 1172 vocabitur;
2512 1122 2621 1175 quo
2670 1120 2832 1159 sensu
2892 1103 3018 1159 lsai.
3062 1087 3215 1163 ΓΠ.πῆ
3259 1112 3382 1185 mn
3420 1112 3577 1163 mur

2001 1201 2156 1255 dixit.
2192 1198 2323 1264 Quae
2345 1207 2488 1253 recte
2527 1199 2580 1252 D.
2614 1196 2834 1253 Hieron.
2869 1196 3061 1261 vertit,
3101 1212 3297 1249 annum
3331 1207 3576 1264 accepta-

2002 1294 2157 1349 bilem
2179 1292 2423 1346 Domino.
2459 1290 2709 1359 Idemque
2744 1290 2795 1343 in
2827 1289 3039 1344 Comm.
3071 1304 3267 1341 annum
3286 1286 3578 1357 acceptabi-

2000 1386 2122 1450 lem,
2152 1393 2201 1439 et
2231 1384 2368 1437 diem
2398 1382 2782 1448 retributionis,
2815 1398 2964 1435 omne
3011 1380 3405 1450 prwdicationis
3439 1379 3574 1449 ejus,

2000 1490 2100 1544 quo
2129 1475 2182 1527 in
2217 1489 2372 1525 carne
2404 1480 2635 1526 versatus
2666 1482 2764 1535 est,
2796 1481 2994 1540 tempus
3019 1470 3329 1541 significare
3368 1470 3573 1524 docuit.

2001 1564 2121 1631 Quo
2140 1573 2194 1620 et
2222 1564 2503 1634 apostolus
2524 1562 2727 1617 Paulus
2758 1565 3020 1633 respexit,
3048 1579 3173 1618 cum
3203 1561 3246 1615 ll
3270 1563 3337 1617 ad
3365 1560 3491 1617 Cor.
3523 1577 3575 1616 vr

2002 1656 2136 1711 dixit
2168 1674 2179 1710 :
2214 1654 2346 1708 Ecce
2376 1670 2513 1707 nunc
2558 1664 2756 1723 tempus
2790 1654 3129 1722 acceptabile.
3175 1653 3299 1710 Haec
3346 1653 3572 1709 Hieron.
3614 1682 3627 1689 κ

2002 1746 2157 1814 Quod
2185 1756 2236 1801 et
2266 1758 2391 1800 ante
2415 1746 2592 1815 ipsum
2626 1744 2762 1799 lren.
2796 1746 2888 1798 lib.
2918 1762 2978 1811 ιι,
3003 1762 3123 1815 cap.
3148 1746 3238 1811 38,
3270 1747 3530 1801 docuerat
3558 1763 3575 1801 :

2000 1856 2203 1894 annum
2243 1840 2518 1905 videlicet,
2564 1854 2725 1908 quem
2772 1838 3039 1907 propheta
3072 1849 3232 1893 vocat
3264 1839 3575 1909 acceptabi-

1999 1932 2127 1997 lem,
2162 1946 2324 1985 omne
2359 1930 2426 1984 ab
2458 1931 2693 1985 adventu
2726 1930 2931 1984 Christi
2983 1937 3197 1999 tempus
3224 1932 3287 1984 ad
3318 1945 3578 1985 consum-

1998 2020 2295 2075 mationem
2322 2035 2490 2089 usque
2508 2019 2839 2089 signiﬁcare.
2878 2017 2987 2074 Nec
3012 2020 3156 2074 aliud
3185 2020 3353 2075 lsaias
3380 2021 3576 2075 voluit.

1999 2111 2179 2178 Quare
2218 2111 2363 2181 quod
2407 2127 2473 2164 ex
2524 2126 2591 2165 eo
2637 2110 2742 2165 PP.
2778 2111 2998 2181 quidam
3031 2114 3486 2182 argdmentantur
3512 2113 3580 2168 de

1999 2216 2108 2255 uno
2151 2201 2235 2255 vel
2299 2199 2472 2253 altero
2504 2199 2914 2269 praedicationis
2944 2216 3110 2267 anno,
3143 2202 3286 2271 quod
3322 2218 3430 2256 non
3460 2203 3579 2257 sine

1997 2290 2170 2345 veniae
2199 2288 2523 2359 praafatione
2549 2290 2761 2342 dictum
2808 2288 2900 2355 sit,
2931 2289 2998 2342 ab
3031 2288 3182 2343 Isaia:
3214 2301 3392 2344 mente
3421 2306 3577 2360 pror-

2002 2399 2097 2438 sus
2123 2383 2361 2437 alienum
2398 2381 2633 2435 videtur.
2667 2381 2745 2435 Ac
2779 2380 3019 2450 profecto
3066 2381 3110 2435 si
3162 2381 3268 2435 duo
3311 2382 3578 2436 duntaxat

1999 2482 2124 2527 ante
2172 2482 2504 2542 postremum
2559 2471 2712 2535 illud,
2744 2483 2797 2526 et
2845 2459 3249 2543 σταυρώσιμον,
3310 2472 3579 2528 Paschata

2000 2564 2321 2635 transegerit
2351 2564 2603 2618 Christus
2626 2602 2641 2629 ,
2673 2563 2789 2617 ﬁeri
2833 2578 2943 2617 non
2989 2574 3200 2633 potest,
3244 2572 3303 2617 ut
3341 2565 3578 2633 priorem

1998 2672 2203 2711 annum
2270 2655 2390 2709 sine
2441 2654 2607 2709 ullius
2658 2651 2959 2710 olfensione
3028 2670 3093 2710 ac
3149 2655 3581 2711 contradictione

1998 2753 2429 2823 consumpserit;
2458 2753 2658 2808 multas
2682 2753 2827 2807 enim
2855 2762 2909 2807 et
2959 2753 3188 2808 hostiles
3221 2753 3536 2809 vexationes
3560 2791 3576 2816 ,

1998 2844 2247 2909 insidias,
2289 2846 2649 2901 contumelias
2678 2846 2732 2899 in
2757 2861 2882 2900 eum
2908 2861 3112 2901 annum
3132 2846 3333 2916 conjici
3358 2862 3581 2902 necesse

1942 2954 1961 2967 -
1996 2944 2099 2998 est,
2127 2941 2187 2987 ut
2217 2943 2405 3003 postea
2440 2935 2832 3002 declarabitur,
2860 2951 3172 3005 quanquam
3200 2952 3267 2990 ne
3292 2938 3581 2991 commoda

1997 3023 2211 3092 quidem
2249 3024 2315 3077 ab
2351 3024 2458 3079 illis
2501 3022 2835 3078 Paschatum
2880 3040 2942 3079 ac
2973 3032 3279 3093 temporum
3324 3023 3580 3078 instituta

1997 3115 2332 3170 distributio.
2377 3114 2897 3186 lrenzeus.primum
2928 3114 3133 3183 Pascha
3182 3116 3373 3171 statuit
3424 3115 3578 3181 illud,

2004 3206 2161 3275 cujus
2198 3206 2451 3260 meminit
2486 3205 2643 3261 Joan.
2692 3222 2812 3276 cap.
2846 3223 2904 3271 ιι,
2946 3222 3091 3261 com.
3130 3208 3229 3273 15;
3277 3208 3577 3262 secundum

2004 3313 2131 3352 vero
2163 3313 2228 3352 ex
2266 3297 2423 3353 Joan.
2458 3315 2509 3362 ν,
2543 3314 2684 3353 com.
2730 3299 2781 3364 1,
2805 3299 3043 3363 deducit,
3078 3300 3168 3354 ubi
3202 3300 3344 3355 diem
3382 3299 3579 3353 festum

2003 3389 2313 3446 Judzeorum
2351 3391 2597 3445 nominat
2649 3409 2662 3446 :
2699 3408 2934 3462 quocum
2975 3392 3205 3446 alterum
3268 3392 3464 3460 capitis
3505 3406 3579 3455 vr,

2004 3499 2149 3539 com.
2184 3484 2237 3547 4,
2267 3482 2581 3549 confundit;
2618 3492 2744 3539 ante
2791 3484 2936 3555 quod
2970 3478 3455 3553 multiplicatorum
3482 3500 3581 3555 pa-

2005 3591 2133 3630 num
2160 3575 2464 3646 prodigium
2490 3576 2686 3631 accidit
2710 3594 2723 3631 ε
2752 3576 2837 3631 his
2863 3575 3077 3631 duobus
3101 3576 3394 3646 subjiciteb
3416 3594 3581 3629 σταυ-

2009 3667 2266 3738 ρώσιμον.
2312 3666 2479 3723 Miror
2522 3669 2666 3723 hunc
2699 3669 2886 3723 Irenrei
2933 3669 3112 3723 locum
3154 3684 3259 3723 non
3306 3669 3437 3723 satis
3481 3684 3580 3723 ex-

2004 3760 2275 3828 pendisse,
2304 3760 2397 3829 qui
2423 3760 2723 3815 secundum
2752 3760 2960 3816 Pascha
2985 3777 3051 3815 ex
3079 3761 3226 3817 illius
3255 3761 3582 3816 auctoritate

2004 3852 2340 3906 constituunt
2370 3851 2515 3905 istud
2548 3852 2746 3922 ipsum,
2780 3853 2845 3908 de
2869 3869 2976 3922 quo
2999 3853 3159 3908 Joan.
3194 3869 3313 3922 cap.
3342 3871 3392 3918 ν,
3425 3854 3494 3909 ita
3526 3864 3584 3910 ut

1986 3944 2222 4028 .tertium
2256 3945 2327 3999 sit
2350 3946 2507 4015 cujus
2536 3944 2696 3999 Joan.
2724 3962 2800 4013 vi,
2830 3948 3033 4001 mentio
3060 3946 3134 4001 lit.
3166 3947 3375 4001 Etenim
3402 3949 3447 4003 si
3474 3948 3582 4003 duo

2004 4033 2120 4090 haec
2150 4034 2286 4090 festa
2319 4036 2576 4091 distincta
2616 4052 2739 4093 esse
2783 4036 3107 4093 credidisset
3138 4038 3374 4094 lreuaeus
3400 4079 3413 4103 ,
3456 4056 3581 4094 cum

2005 4128 2199 4197 triplex
2257 4128 2524 4183 duntaxat
2582 4128 2792 4184 Pascha
2845 4131 3224 4200 praedicatioiii
3278 4133 3579 4198 tribueret,

2004 4235 2283 4289 nunquam
2325 4219 2475 4288 prius
2512 4220 2644 4275 illud
2680 4221 2875 4275 festum
2920 4221 3080 4277 Joan.
3118 4240 3170 4288 v,
3222 4224 3431 4279 Pascha
3461 4240 3583 4279 esse

2006 4308 2254 4363 dixisset.
2290 4308 2396 4363 Sed
2428 4309 2645 4380 largius
2678 4321 2867 4379 peccat
2896 4310 3230 4382 Epiphanius
3255 4354 3267 4377 ,
3302 4316 3392 4385 qui
3428 4331 3578 4368 nem.

2004 4400 2074 4455 25
2110 4401 2341 4469 primum
2391 4400 2596 4457 Pascha
2650 4402 2848 4458 festum
2893 4405 3023 4459 illud
3065 4405 3214 4471 facit,
3250 4406 3303 4460 in
3340 4422 3449 4477 quo
3486 4423 3581 4461 vo—

322 4493 430 4546 mis
465 4490 698 4547 lrenteus
735 4495 852 4547 loco
900 4494 1107 4561 citato;
1166 4503 1279 4549 tum
1310 4496 1640 4566 Apollinaris
1672 4495 1893 4551 Laodic.
1931 4511 1973 4565 ι)
2005 4492 2262 4548 ciferatus
2287 4502 2371 4548 est
2403 4494 2653 4550 Christus
2692 4512 2706 4551 :
2738 4493 2796 4550 Si
2829 4498 2944 4565 quis
2970 4498 3118 4565 sitit,
3154 4502 3324 4553 veniat
3366 4500 3434 4554 ad
3479 4518 3580 4565 me,

321 4581 464 4649 apud
490 4581 710 4656 Hieron.
740 4583 795 4636 in
822 4600 937 4652 cap.
974 4598 1026 4637 rx
1056 4583 1219 4651 Dan.;
1269 4584 1533 4654 Origenes
1559 4586 1654 4642 lib.
1689 4603 1724 4642 ιι
1757 4597 1898 4641 cont.

322 4675 463 4737 δεῖ..
494 4675 586 4729 ubi
616 4674 811 4730 Judam
840 4693 952 4731 non
985 4678 1216 4732 solidum
1251 4679 1544 4734 triennium
1575 4681 1751 4751 egisse
1776 4697 1900 4736 cum

321 4767 546 4821 Christo
597 4767 819 4833 scribit;
858 4766 1122 4823 Eusebius
1157 4768 1210 4822 in
1244 4769 1508 4824 Chronico
1537 4771 1647 4839 ubi,
1686 4783 1809 4841 post
1836 4790 1903 4828 xv

323 4858 549 4916 Tiberii.
575 4875 638 4914 ac
690 4859 904 4914 Domini
957 4861 1287 4931 baptismum
1340 4862 1529 4934 τριετῆ
1561 4863 1750 4934 χρόνον
1802 4864 1902 4933 τῆς

320 4950 669 5014 διδασκαλίας
711 4950 1048 5021 διαγενέσθαι
1080 4969 1142 5007 ex
1177 4951 1404 5009 Joannis
1444 4955 1737 5026 Erangelio
1772 4969 1903 5011 con-

322 5042 523 5095 ﬁrmat.
556 5041 765 5109 Quibus
797 5045 1003 5098 accedit
1031 5044 1389 5115 Epiphanius.

399 5134 503 5191 Sed
549 5150 740 5190 eorum
790 5138 956 5206 aliqui
1002 5138 1142 5191 haud
1188 5139 1321 5193 satis
1366 5138 1520 5197 ﬁrma
1554 5138 1766 5192 ratione
1816 5137 1903 5192 in-

321 5224 475 5281 ducti
526 5225 803 5289 videntur,
862 5236 920 5280 ut
981 5227 1197 5282 biennio
1237 5228 1561 5297 praedicasse
1616 5227 1897 5282 Christum

322 5325 703 5372 asseverarent
730 5335 742 5369 :
772 5318 1028 5371 nimirum
1056 5319 1202 5387 quod
1233 5319 1375 5389 apud
1414 5319 1609 5373 isaiam
1635 5334 1754 5389 cap.
1781 5333 1897 5385 LXI,

320 5422 467 5462 com.
519 5408 574 5471 2,
634 5407 850 5477 legitur,
883 5407 974 5460 ubi
1007 5408 1257 5463 Christus
1308 5410 1536 5464 missum
1588 5424 1645 5463 se
1673 5424 1707 5461 a
1743 5408 1900 5463 Patre

320 5500 629 5570 pnditetur,
685 5500 911 5553 καλέσαι
972 5500 1215 5553 ἐνιαυτὸν
1268 5501 1475 5572 Κυρίου
1524 5501 1745 5566 δεκτὸν,
1806 5502 1900 5553 καὶ

321 5589 537 5661 ἡμέραν
563 5590 989 5653 ἁνταποδόσεως,
1023 5591 1279 5660 suspicati
1316 5601 1442 5647 sunt
1466 5592 1713 5646 ἐνιαυτόν
1744 5593 1896 5647 illum

320 5686 530 5751 δεκτόν,
604 5701 801 5739 annum
852 5684 1247 5752 acceptabilsm,
1304 5686 1538 5754 priorem
1590 5706 1621 5742 e
1675 5686 1892 5742 duobus

326 5793 479 5845 esse;
528 5778 585 5835 in
643 5793 751 5847 quo
806 5780 1208 5836 contradicente
1261 5781 1478 5838 nemine
1541 5779 1893 5853 Evangelium

2002 4594 2050 4639 et
2085 4584 2251 4649 bibat,
2287 4584 2443 4640 Joan.
2485 4603 2580 4651 vti,
2625 4587 2734 4655 '57;
2785 4590 3016 4643 alterum
3050 4605 3218 4653 'vero,
3264 4591 3330 4646 de
3376 4607 3485 4662 quo
3526 4595 3583 4647 in

2002 4678 2188 4733 eodem
2239 4693 2358 4748 cap.
2408 4678 2547 4733 dixit
2599 4696 2613 4732 :
2659 4678 2781 4734 Non
2837 4681 3060 4735 ascendo
3095 4682 3163 4735 ad
3202 4684 3341 4736 diem
3388 4685 3582 4753 festum

2003 4771 2165 4823 istum
2198 4786 2217 4824 .'
2254 4770 2306 4823 in
2341 4786 2452 4839 quo
2483 4770 2646 4825 etiam
2679 4786 2804 4825 cum
2829 4770 3089 4829 Pharisaei
3119 4777 3582 4844 comprehendere

2004 4863 2155 4917 illum
2184 4872 2467 4932 cuperent,
2500 4873 2645 4919 metu
2678 4866 2911 4934 repressi
2943 4876 3092 4933 sunt,
3120 4868 3265 4923 corn.
3293 4868 3381 4921 44.
3413 4867 3580 4922 Multa

2003 4963 2131 5009 sunt
2168 4971 2197 5008 a
2235 4955 2597 5010 sanctissimis
2638 4955 2891 5013 Patribus
2945 4972 3339 5027 nonnunquam
3388 4973 3581 5027 parum

2003 5058 2131 5097 vere
2169 5052 2482 5111 attenteque
2537 5047 2741 5116 scripta
2795 5065 2808 5101 :
2865 5061 2987 5117 qua:
3044 5047 3262 5116 quidem
3319 5058 3581 5117 praestare

2002 5135 2159 5193 velle.
2195 5134 2433 5205 religiosi
2478 5135 2744 5200 fortasse,
2779 5138 2871 5192 sed
2906 5154 3098 5207 parum
3135 5138 3418 5208 prudentis
3459 5152 3581 5194 esse

2004 5227 2239 5281 arbitror
2273 5245 2286 5281 :
2315 5228 2693 5284 vehementius
2723 5239 2906 5284 autem
2942 5245 3238 5295 accusare,
3274 5247 3451 5300 neque
3495 5246 3581 5284 re—

2002 5318 2203 5388 ligiosi,
2236 5335 2411 5389 neque
2443 5321 2748 5388 prudentis.
2793 5319 2904 5376 Nos
2944 5336 3028 5384 ea,
3060 5337 3166 5391 qua
3204 5336 3301 5393 par
3325 5331 3427 5387 est,
3464 5336 3581 5374 nio-

2001 5411 2282 5466 deratione
2314 5413 2365 5465 in
2395 5413 2710 5481 divinorum
2757 5413 3039 5468 hominum
3063 5455 3078 5481 ,
3115 5415 3210 5469 sed
3260 5415 3576 5476 hominum,

2001 5518 2216 5559 errores
2243 5520 2305 5559 ac
2329 5505 2511 5573 lapsus
2545 5518 2654 5557 non
2688 5512 2797 5558 tam
2831 5505 3188 5575 inquirimus,
3232 5521 3396 5575 quam
3426 5505 3581 5559 obla.

2004 5607 2089 5652 tos
2120 5599 2265 5653 ultro
2309 5614 2373 5653 ac
2425 5598 2509 5652 vel
2539 5597 2725 5653 invitis
2753 5611 3139 5667 occurrentes,
3174 5616 3241 5654 ne
3280 5600 3367 5655 cui
3399 5595 3577 5654 fraudi

2004 5691 2133 5754 sint,
2158 5690 2515 5760 patefacimus
2542 5707 2555 5755 ;
2606 5691 2743 5744 tueri
2777 5701 2956 5746 autem
2986 5708 3050 5747 ac
3075 5692 3368 5747 defendere
3403 5692 3575 5746 nihilo

2002 5786 2172 5852 magis
2232 5797 2394 5853 quam
2442 5798 2631 5840 eorum
2670 5782 2796 5839 vitia
2822 5825 2838 5853 ,
2873 5780 2920 5840 si
2952 5798 3072 5859 qua:
3101 5781 3339 5853 fuerint,
3369 5784 3576 5839 imitari
