3994 6222
431 369 562 424 Mil

1528 366 1873 425 APPENDIX
1914 367 2537 426 DISSERTATIONUM.

3545 371 3682 428 £022

428 483 712 540 debemus.
759 479 1038 550 Ejusmodi
1087 489 1216 535 sunt
1256 482 1310 536 in
1353 482 1454 536 hoc
1509 484 1774 554 scriptore
1818 492 2008 538 nostro
2037 493 2082 546 Α
2111 483 2384 538 levissima
2415 491 2588 548 sunt;
2623 497 2748 536 nam
2787 489 2846 535 ut
2877 479 3124 536 omittam
3159 479 3306 552 quod
3337 479 3680 538 Maidonatus

431 573 664 630 fortasse
710 573 936 628 nimium
969 573 1161 628 multa.
1217 575 1320 630 Sed
1371 576 1512 629 inter
1551 589 1617 630 ea
1659 576 1793 629 nihil
1824 577 2006 632 minus

428 663 882 718 dissimulandum
907 673 1008 728 est,
1035 679 1198 734 quam
1228 663 1316 718 illa
1349 663 1678 720 Paschatum
1707 665 2002 720 distin‘ctio.

429 755 671 808 Primum
703 753 844 808 enim
881 755 991 810 duo
1023 757 1133 816 illa.
1167 771 1288 824 qua:
1309 771 1431 825 cap.
1460 772 1534 810 vn
1563 772 1592 809 a
1627 755 1850 811 Christo
1877 771 2006 826 pro-

429 847 674 901 nuntiata
709 847 990 913 dicuntur,
1024 849 1092 902 ad
1123 849 1264 903 idem
1291 847 1487 902 festum
1523 847 2005 914 attinent;deinde

428 955 534 994 non
566 940 696 995 illud
727 939 933 995 Pascha
965 939 1073 996 fuis
1107 957 1156 1004 e,
1187 941 1280 996 st-d
1305 941 1652 1010 Scenopegize
1675 939 1872 996 festum
1904 939 2004 993 do-

425 1043 530 1094 cet.
556 1049 702 1088 com.
744 1032 816 1097 2;
855 1033 1014 1088 tertio
1044 1044 1371 1102 praepostere
1395 1035 1508 1089 haec
1538 1033 1871 1104 Epiphanius
1910 1045 2004 1084 ac-

425 1125 568 1192 cepit
603 1143 617 1179 :
644 1139 767 1177 nam
797 1139 917 1194 qua:
948 1125 1122 1193 primo
1145 1125 1265 1180 loco
1291 1125 1437 1180 dicta
1461 1133 1750 1187 memorat,
1774 1132 2006 1178 exeunte

427 1213 588 1278 festo,
643 1229 764 1284 quae
795 1216 1099 1283 posteriora
1132 1217 1316 1286 ponit,
1360 1229 1484 1271 ante
1513 1215 1709 1270 festum
1743 1221 2004 1283 usurpata

429 1305 706 1376 leguntur.
741 1305 952 1360 Omitto
979 1317 1170 1362 caetera
1201 1325 1340 1374 ;ncc
1369 1309 1512 1364 enim
1547 1307 1836 1363 falsitatem
1857 1307 2004 1360 illam

429 1399 741 1453 accuratius
767 1399 896 1453 libet
923 1401 1194 1468 persequi.

499 1489 768 1556 Quocirca
809 1493 968 1546 nobis
1025 1494 1130 1548 alia
1187 1493 1420 1548 duorum
1458 1491 1789 1547 Paschatum
1843 1489 1996 1544 ordio

431 1585 732 1639 nandorum
763 1585 1000 1640 ineunda
1025 1587 1168 1640 ratio
1189 1595 1290 1641 est.
1326 1585 1431 1640 Sed
1458 1587 1610 1656 prius
1638 1594 1802 1654 caput
1823 1583 2004 1653 ipsum

428 1677 746 1744 qumtionis
788 1677 1137 1742 intuendum,
1194 1679 1338 1732 unde
1369 1679 1547 1748 quarti
1589 1675 1872 1732 Paschalis
1910 1676 2004 1729 tir-

427 1779 765 1824 mamentum
799 1771 1017 1840 petitur.
1054 1769 1212 1834 Cum,
1247 1783 1304 1824 ut
1326 1779 1449 1824 ante
1481 1770 1742 1833 diximus,
1765 1768 2003 1824 Joannes

427 1862 671 1916 exactius
699 1862 906 1916 caeteris
943 1863 1117 1919 tribus
1137 1861 1405 1916 Paschata
1431 1861 1760 1924 distinxerit,
1783 1875 1850 1915 ex
1882 1859 2003 1930 ejus

429 1952 778 2022 potissimum
817 1954 1144 2008 auctoritate
1202 1953 1495 2023 digerenda
1545 1961 1674 2008 sunt
1735 1961 2001 2020 tempora.

427 2045 610 2112 Quare
639 2048 683 2100 si
715 2045 760 2100 is
789 2061 909 2116 cap.
943 2063 973 2100 v
1005 2045 1126 2100 festi
1167 2047 1388 2100 nomine
1421 2044 1626 2100 Pascha
1658 2044 2004 2115 significarit,

427 2137 494 2192 de
529 2153 602 2202 tv,
645 2145 708 2191 ut
745 2137 1036 2192 minimum
1068 2136 1430 2193 Paschatibus
1461 2137 1705 2192 confecta
1745 2152 1832 2191 res
1857 2137 2004 2191 erit:

427 2229 696 2299 siquidem
735 2245 858 2285 cum
901 2229 1168 2285 Paschate
1208 2245 1328 2299 cap.
1363 2246 1436 2294 vr,
1489 2245 1630 2285 com.
1667 2231 1724 2294 5,
1780 2229 2006 2282 minime

428 2318 819 2375 confundatur.
866 2321 945 2374 Ad
1001 2321 1117 2374 haec
1166 2319 1424 2389 quoniam
1477 2319 1784 2390 prodigium
1834 2315 2004 2384 illud,

428 2425 539 2480 quo
579 2411 821 2482 quinque
851 2410 1136 2466 hominum
1176 2411 1346 2465 millia
1401 2411 1635 2481 panibus
1688 2411 1930 2480 quinque
1955 2416 2008 2464 et

427 2503 641 2558 duobus
673 2505 917 2574 piscibus
943 2503 1232 2569 saturavit,
1273 2503 1414 2558 idem
1460 2505 1684 2558 omnino
1717 2511 1822 2570 est,
1859 2501 2006 2572 quod

427 2603 482 2648 et
519 2593 710 2648 Matth.
745 2609 863 2664 cap.
895 2611 1007 2660 xiv,
1043 2603 1098 2648 et
1119 2593 1285 2648 Marc.
1321 2609 1394 2660 vr,
1433 2603 1487 2650 et
1511 2593 1670 2650 Luca:
1706 2593 2008 2660 1x,descri-

429 2683 620 2750 bitur;
659 2698 882 2738 necesse
923 2695 1007 2740 est
1057 2683 1272 2738 Pascha
1311 2683 1468 2746 illud,
1509 2695 1632 2737 ante
1660 2683 1806 2754 quod
1837 2683 2006 2738 mira-

428 2775 637 2838 culum,
675 2772 887 2829 Joanne
939 2781 1114 2838 teste,
1171 2774 1441 2844 contigit,
1481 2774 1758 2829 diversum
1819 2773 1888 2827 ab
1942 2787 2009 2827 eo

427 2881 574 2932 esse,
603 2865 748 2937 quod
786 2865 948 2920 tacite
983 2881 1012 2919 a
1055 2865 1233 2920 tribus
1274 2866 1381 2921 illis
1431 2865 1783 2934 evangelistis
1822 2863 2008 2933 expri-

430 2959 636 3023 mitur,
667 2975 792 3014 cum
828 2958 1036 3014 scilicet
1105 2957 1357 3014 Christus
1391 2973 1488 3028 per
1522 2967 1638 3012 sata
1680 2972 1803 3010 cum
1842 2955 2010 3011 disci-

429 3055 575 3125 pulis
595 3052 892 3109 ambulavit
921 3070 934 3106 :
966 3051 1112 3123 quod
1164 3053 1351 3122 utique
1391 3061 1514 3122 post
1560 3050 1770 3106 Pascha
1807 3049 2008 3104 factum

431 3156 534 3210 est,
573 3147 678 3203 hoc
731 3153 815 3202 est
860 3145 1099 3201 Sabbato
1139 3145 1542 3214 deuteroproto.
1593 3143 1762 3214 Igitur
1815 3143 1860 3198 si
1910 3141 2010 3197 iter

435 3239 568 3293 illud
609 3253 710 3309 per
764 3245 972 3308 segetes
1021 3245 1332 3306 susceptum
1389 3243 1514 3306 post
1549 3233 1696 3288 aliud
1756 3233 2006 3300 Pascha,

433 3344 596 3399 quam
631 3327 776 3398 quod
841 3343 871 3382 a
921 3327 1194 3396 baptismo
1228 3328 1539 3398 proximum
1593 3336 1716 3392 est,
1777 3325 2010 3393 incidit,

435 3417 822 3488 proculdubio
853 3419 1010 3490 plura
1069 3420 1244 3474 tribus
1307 3417 1576 3472 Paschata
1631 3416 2012 3472 constituenda

438 3517 587 3562 sunt.
623 3509 722 3564 Sin
755 3511 1044 3564 conciliari
1087 3511 1188 3566 ista
1235 3519 1488 3580 possunt.
1521 3517 1578 3562 ut
1616 3525 1792 3579 neque
1839 3507 2014 3564 festus

440 3601 532 3656 ille
562 3601 679 3657 dies
728 3601 886 3656 Joan.
917 3617 950 3654 v
1004 3599 1210 3656 Pascha
1255 3601 1346 3665 sit,
1397 3610 1452 3654 et
1490 3599 1788 3654 Sabbatum
1830 3600 2015 3654 deute-

439 3703 722 3764 roproton,
748 3695 814 3750 de
837 3710 946 3765 quo
963 3693 1138 3749 Lucas
1167 3709 1288 3763 cap.
1317 3709 1392 3756 vt,
1415 3693 1596 3748 statim
1623 3700 1746 3761 post
1779 3691 2014 3761 primum

439 3787 648 3842 Pascha
679 3787 1028 3850 successerit,
1066 3785 1200 3840 nihil
1242 3786 1467 3839 omnino
1498 3786 1565 3839 de
1599 3800 1649 3837 tv
1685 3782 2014 3838 Paschatum

440 3879 728 3934 intervallo
755 3879 950 3935 confici
984 3863 1160 3950 potest
1186 3895 1200 3944 ;
1237 3893 1360 3931 nam
1389 3877 1534 3948 quod
1557 3877 1622 3930 ad
1646 3875 1844 3942 festum
1873 3876 2014 3929 diem

443 3988 475 4026 v
511 3969 672 4028 Joan.
713 3987 836 4043 cap.
887 3979 1115 4041 spectat,
1169 3969 1326 4024 multi
1367 3977 1419 4024 et
1470 3967 1779 4038 gravissimi
1830 3966 2020 4022 Patres

442 4073 648 4136 negant
679 4065 744 4120 de
812 4063 1080 4120 Paschate
1121 4063 1364 4117 locutum
1416 4059 1724 4126 Joannem;
1778 4060 1872 4116 sed
1929 4060 2020 4114 alii

440 4157 828 4222 Pcntecosten,
890 4157 981 4210 alii
1019 4155 1162 4210 aliud
1217 4155 1415 4210 festum
1469 4153 1799 4224 intelligunt.
1865 4151 2020 4220 Quod

443 4255 627 4302 autem
659 4246 846 4302 lrenmi
899 4245 1274 4302 testimonium
1331 4245 1581 4311 aﬂ'ertur,
1617 4244 1728 4314 jam
1771 4259 1802 4298 a
1867 4245 2022 4298 nobis

443 4352 636 4396 contra
683 4341 829 4395 illius
860 4339 1240 4394 auctoritatem
1293 4337 1672 4408 praescriptum
1713 4347 1817 4403 est,
1876 4335 2022 4407 quod

449 4435 500 4490 is
535 4434 743 4488 nullum
775 4432 920 4488 aliud
953 4431 1162 4488 Pascha
1187 4431 1488 4486 secundum
1518 4431 1823 4501 agnoverit,
1859 4445 2020 4500 quam

2109 576 2407 640 existimat,
2495 573 2846 645 proverbium
2900 573 3174 642 quoddam
3245 573 3389 628 inter
3464 571 3680 628 Judzros

2106 667 2378 737 ejusmodi
2415 677 2715 730 versatum,
2772 663 2954 718 adhuc
2993 679 3212 718 menses
3244 680 3298 718 tv
3329 665 3398 718 ad
3441 679 3678 719 messem

2108 766 2422 828 supersunt,
2455 772 2578 811 cum
2619 756 2752 811 nihil
2774 755 2918 826 quod
2954 764 3172 824 urgeret
3193 771 3336 822 esse,
3371 755 3682 827 significare

2110 850 2342 904 vellent:
2385 865 2482 904 cur
2519 847 2677 902 fateri
2711 843 2990 918 cegimur,
3025 863 3194 900 unum
3241 847 3376 902 illud
3421 847 3621 902 festum
3653 862 3682 901 e

2109 943 2286 998 tribus
2305 941 2475 997 fuisse
2495 938 3026 1011 majoribus?Nonne
3044 951 3098 994 et
3115 939 3180 994 ad
3197 939 3452 996 Eneaenia
3467 941 3680 996 venisse

2106 1032 2386 1088 Christum
2421 1041 2685 1088 testantur
2707 1029 3022 1102 Evangelia,
3052 1043 3108 1086 et
3129 1031 3367 1100 reliquos
3395 1033 3464 1085 ab
3491 1032 3678 1086 eodeni

2107 1123 2412 1178 verisimile
2449 1131 2536 1179 est
2567 1123 2684 1178 dies
2720 1137 2844 1178 esse
2870 1122 3220 1177 celebratos?
3253 1121 3438 1188 Quare
3469 1123 3578 1179 nisi
3615 1123 3678 1178 ad

2105 1214 2462 1270 Pen'ecosten
2503 1230 2628 1270 cum
2667 1213 3098 1285 Chrysostomo,
3141 1214 3362 1286 Cyrillo,
3397 1226 3562 1286 atque
3615 1231 3678 1270 ex

2107 1306 2506 1360 recentioribus
2540 1303 2896 1370 Maldonato,
2941 1304 3174 1374 aliisque
3218 1307 3496 1374 pertinere
3551 1306 3674 1360 veli-

2108 1412 2229 1450 mus
2257 1413 2272 1462 ;
2306 1407 2360 1450 at
2389 1396 2638 1458 Phurim,
2681 1395 2796 1450 sive
2828 1394 3068 1448 Sortium
3111 1394 3334 1460 festum,
3368 1397 3514 1466 quod
3538 1397 3680 1450 Adar

2112 1489 2180 1544 15
2213 1489 2548 1544 celebratum
2599 1495 2704 1554 est,
2747 1486 2882 1540 nihil
2927 1495 3072 1541 vetat
3122 1487 3374 1558 intelligi.
3443 1487 3520 1544 De
3574 1504 3682 1558 quo

2107 1586 2317 1640 erudite
2357 1583 2620 1654 Keplerus
2668 1584 2724 1638 in
2761 1583 2994 1652 Ectogis.
3041 1581 3160 1636 Jam
3207 1581 3506 1638 Sabbatum
3553 1585 3680 1640 illud

2105 1677 2528 1746 deuteroproton
2585 1684 2708 1746 post
2755 1675 2988 1745 primum
3047 1691 3080 1730 a
3137 1677 3416 1746 baptismo
3475 1676 3683 1732 Pascha

2108 1769 2366 1824 collocari
2415 1775 2612 1838 potest,
2645 1775 2705 1822 ut
2727 1777 2779 1821 et
2799 1765 3064 1835 Keplerus
3103 1766 3322 1834 ibidem,
3351 1777 3404 1822 et
3453 1783 3554 1824 nos
3583 1769 3682 1838 ipsi

2111 1861 2346 1916 subinde
2388 1859 2845 1916 monstrabimus.
2898 1855 3076 1912 Unum
3111 1869 3398 1928 superest,
3433 1860 3578 1930 quod
3619 1875 3684 1914 ex

2107 1952 2379 2008 Kemnitio
2427 1952 2680 2021 proponit
2715 1931 3076 2020 dissolvitque
3113 1949 3378 2020 Keplerus
3435 1969 3449 2004 :
3483 1951 3685 2004 etenim

2107 2043 2360 2098 Christus
2435 2041 2878 2108 praedicationem
2951 2057 3180 2098 exorsus
3243 2053 3328 2098 est
3395 2055 3684 2113 postquam

2107 2133 2345 2188 Joannes
2381 2133 2434 2186 in
2476 2149 2754 2188 carcerem
2789 2141 2874 2189 est
2929 2133 3393 2198 missus,.Matth.
3439 2150 3492 2188 IV
3521 2175 3536 2198 ,
3577 2133 3687 2200 ης

2108 2224 2274 2279 Mare.
2309 2241 2347 2286 ι,
2379 2225 2464 2279 Μ.
2503 2223 2798 2294 Conjectus
2827 2235 3010 2280 autem
3045 2235 3129 2280 est
3175 2225 3231 2279 in
3267 2225 3484 2280 vincula
3519 2224 3688 2281 Joan-

2109 2329 2210 2369 nes
2235 2327 2360 2384 post
2399 2314 2607 2369 Pascha
2653 2316 2891 2384 primum
2921 2335 2934 2369 :
2963 2331 3088 2369 nam
3121 2331 3185 2369 eo
3210 2315 3484 2370 celebrato
3519 2315 3688 2371 Joan-

2109 2422 2208 2461 nes
2225 2407 2500 2476 baptizare
2523 2408 2719 2478 pergil,
2753 2405 2914 2462 Joan.
2944 2425 3028 2476 ut,
3058 2409 3148 2462 25.
3173 2409 3354 2474 Quare
3389 2408 3689 2465 Sabbatum

2109 2499 2269 2555 Luca:
2300 2499 2742 2570 deuteroproton,
2789 2509 2842 2554 et
2882 2500 2970 2554 ille
3032 2515 3124 2566 per
3175 2511 3387 2568 segetes
3441 2502 3692 2558 incessus

2111 2607 2218 2646 non
2255 2599 2433 2662 potest
2455 2592 2633 2662 primo
2667 2591 2915 2646 Paschati
2941 2591 3160 2661 subjici,
3189 2593 3314 2661 quia
3341 2593 3690 2662 jamdudum,

2113 2700 2238 2740 cum
2271 2685 2387 2740 haec
2433 2695 2745 2756 agerentur,
2805 2685 3106 2754 praedicare
3137 2684 3390 2740 Christus
3425 2695 3690 2754 cmperat.

2113 2775 2192 2830 Ex
2231 2791 2339 2845 quo
2367 2776 2636 2846 sequitur,
2671 2792 2724 2830 tv
2747 2777 2940 2832 saltem
2973 2775 3097 2831 elici
3137 2773 3426 2842 Paschata,
3452 2787 3512 2832 ut
3525 2779 3694 2848 paulo

2111 2877 2236 2922 ante
2269 2867 2689 2938 disputavimus.

2191 2959 2388 3015 Verum
2446 2975 2555 3013 non
2605 2968 2732 3014 ante
2767 2957 2997 3015 Joannis
3035 2977 3314 3018 carcerem
3355 2961 3692 3032 praedicandi

2115 3069 2316 3109 munus
2348 3051 2598 3122 attigisse
2625 3053 2930 3121 Christum,
2965 3070 3029 3110 ac
3059 3065 3212 3110 tanto
3259 3064 3502 3126 tempore
3547 3055 3692 3112 otio-

2037 3168 2082 3228 α
2117 3159 2237 3198 sum
2277 3158 2340 3198 ac
2380 3143 2630 3198 desident
2669 3142 2865 3209 fuisse,
2909 3145 3310 3213 perabsurdum
3361 3133 3596 3199 videtur.
3633 3145 3702 3198 Et

2116 3235 2160 3291 si
2199 3249 2389 3288 verum
2437 3233 2596 3288 fateri
2633 3235 2908 3300 volumus,
2931 3231 3212 3290 Nicodemi
3253 3234 3343 3288 illa
3379 3249 3504 3288 cum
3535 3234 3700 3288 Chri-

2116 3333 2202 3378 sto
2241 3321 2578 3390 congressio,
2609 3320 2842 3392 ejusque
2872 3321 3038 3376 verba
3073 3322 3174 3376 ista
3207 3340 3220 3375 :
3257 3319 3468 3375 Scimus
3507 3321 3632 3390 quia
3661 3337 3700 3374 α

2117 3413 2224 3467 Deo
2255 3413 2462 3475 venisti,
2487 3412 2739 3479 Magister
2759 3427 2777 3464 :
2818 3428 2966 3466 nemo
2997 3413 3134 3466 enim
3173 3421 3336 3480 potest
3395 3411 3506 3465 lucc
3541 3413 3700 3482 signa

2119 3507 2310 3575 facere,
2345 3519 2460 3574 qua
2493 3514 2547 3557 tu
2582 3504 2740 3571 facis,
2762 3505 2865 3558 nisi
2893 3505 3053 3573 fuerit
3086 3503 3222 3558 Deus
3247 3520 3368 3557 cum
3397 3519 3456 3558 eo
3493 3502 3696 3574 (Joan.

2123 3616 2204 3662 ιιι,
2241 3597 2354 3670 ‘2):
2395 3606 2506 3652 tum
2560 3613 2682 3667 qua:
2723 3597 2993 3667 superiori
3033 3598 3212 3667 capite
3263 3606 3590 3661 narrantur,
3629 3596 3704 3652 de

2121 3693 2308 3746 multis
2376 3691 2430 3744 in
2497 3690 2674 3760 ipsum
2734 3689 3132 3757 credentibus;
3195 3689 3524 3759 praedicasse
3583 3689 3720 3759 jam“

2120 3783 2217 3836 Clu
2234 3782 2422 3844 ismm,
2449 3791 2502 3835 et
2521 3781 2584 3834 ad
2610 3781 2870 3850 populum
2895 3779 3088 3836 fecisse
3111 3782 3274 3836 verba
3297 3782 3702 3836 demonstrant.

2121 3873 2274 3928 Adde
2323 3875 2407 3928 his
2437 3873 2620 3928 omnia
2647 3913 2660 3938 ,
2715 3888 2837 3942 qua:
2885 3880 3012 3927 ante
3071 3873 3314 3927 vinctum
3352 3870 3624 3928 Joannem
3667 3887 3704 3925 a

2121 3967 2339 4023 Christo
2379 3967 2522 4022 dicta
2555 3965 2806 4034 factaque
2832 3965 3014 4021 cteteri
3051 3975 3162 4022 tres
3191 3967 3402 4038 aliquot
3429 3967 3707 4036 capitibus

2123 4058 2390 4128 complexi
2435 4065 2582 4112 sunt.
2623 4055 2764 4123 Quin
2811 4066 2865 4111 et
2901 4056 3094 4110 Petrus
3127 4058 3248 4112 Act.
3291 4039 3311 4112 i
3344 4073 3378 4112 a
3423 4059 3706 4126 baptismo

2122 4149 2404 4204 Christum
2439 4148 2671 4216 coepisse
2700 4157 2950 4202 testatur.
2983 4145 3126 4202 Idem
3152 4147 3354 4202 Euseb.
3379 4147 3473 4202 lib.
3507 4163 3546 4213 ι,
3577 4162 3704 4217 cap.

2126 4239 2214 4305 l0,
2257 4239 2429 4294 ethoc
2453 4239 2572 4293 loco
2603 4237 2762 4292 docet
2786 4236 3146 4308 Epiphanius.
3164 4237 3400 4294 lrenaeus
3421 4238 3570 4294 enim
3594 4255 3706 4294 xxx

2125 4347 2268 4387 anno
2297 4332 2642 4402 baptizatqu
2665 4339 2838 4400 putat,
2869 4339 2924 4385 et
2955 4338 3080 4399 post
3115 4331 3322 4401 aliquot
3361 4345 3706 4394 annos,cum

2127 4425 2236 4496 jam
2273 4426 2522 4478 idoneam
2555 4421 2622 4476 ad
2665 4421 2972 4476 docendum
3011 4431 3224 4476 aitatem
3261 4430 3408 4476 esset
3451 4422 3708 4491 adeptus,

443 4524 592 4592 quod
638 4539 690 4578 vt
758 4523 935 4592 capite
981 4529 1480 4585 commemoratur;
1540 4534 1776 4589 quocum
1823 4515 2020 4571 festum
2056 4521 2098 4578 ι)
2129 4520 2393 4570 triennem
2439 4512 2883 4584 prazdicatiouem
2915 4512 3252 4579 inchoasse;
3283 4527 3405 4568 nam
3441 4513 3588 4582 quod
3635 4512 3710 4567 ad

444 4615 596 4669 illum
636 4613 778 4668 diem
831 4613 991 4669 Joan.
1031 4631 1063 4667 v
1108 4613 1436 4669 confuderit.
1473 4611 1652 4678 Quare
1688 4612 1792 4666 hoc
1841 4610 2020 4682 ipsum

445 4706 553 4762 illis
583 4705 818 4772 Pascha,
852 4706 997 4776 quod
1033 4705 1192 4759 Joan.
1214 4721 1246 4758 v
1271 4706 1486 4776 legitur,
1514 4703 1672 4760 facile
1692 4703 2022 4770 remiserim,

444 4799 574 4853 dum
618 4814 684 4853 ex
718 4795 905 4852 lrenzei
947 4797 1216 4854 sententia
1257 4811 1600 4866 nequaquam
1642 4811 1672 4850 a
1721 4796 2025 4865 posterime

445 4893 805 4956 discernunt,
871 4903 1052 4959 neque
1113 4891 1312 4959 plura,
1364 4903 1527 4958 quam
1594 4888 1703 4951 ille,
1753 4887 2024 4943 Paschata

445 4977 668 5041 Christo
709 4985 970 5041 tribuant.
1007 4989 1077 5036 At
1104 4982 1388 5058 enim'tria
1423 4991 1631 5036 tantum
1667 4991 1822 5036 erant
1853 4981 2022 5047 festa,

445 5079 648 5146 quibus
682 5079 878 5133 sistere
912 5091 972 5133 se
1027 5073 1422 5146 Hierosolymis
1469 5073 1733 5145 Oportuit,
1793 5074 2021 5135 Pascha,

449 5169 767 5224 Pentecoste
789 5177 844 5224 et
873 5165 1226 5237 Scenopegia.
1255 5164 1393 5220 Cum
1451 5180 1580 5236 ergo
1616 5181 1784 5218 unum
1821 5180 1885 5218 ex
1921 5165 2028 5219 illis

445 5261 624 5314 tribus
661 5257 858 5313 festum
893 5256 1024 5313 illud
1048 5256 1336 5320 exstiterit,
1379 5254 1535 5324 cujus
1565 5269 1728 5308 causa
1770 5253 2024 5310 Christus

443 5350 697 5406 ascendit
720 5367 734 5416 ;
779 5363 953 5420 neque
975 5348 1280 5420 posteriora
1298 5348 1406 5401 duo
1431 5345 1746 5400 locumistic
1769 5345 2025 5410 habeant,

445 5456 670 5498 necesse
710 5450 794 5495 est
823 5440 891 5495 de
921 5440 1122 5509 primo,
1157 5439 1264 5494 hoc
1291 5446 1376 5492 est
1414 5435 1712 5502 Paschate,
1759 5434 2026 5492 Joannem

447 5533 714 5588 locutum.
745 5529 900 5599 Quod
919 5532 1062 5586 enim
1096 5546 1274 5601 neque
1296 5529 1640 5592 Pentecoste,
1675 5533 1852 5599 neque
1895 5529 2029 5584 Sce-

451 5623 681 5692 nopegia
734 5621 924 5688 fuerit,
971 5631 1296 5692 argumento
1356 5629 1476 5687 est,
1546 5619 1691 5690 quod
1760 5622 2028 5686 superiori

451 5713 629 5778 capite
679 5714 934 5768 Christus
971 5715 1184 5768 dixerat
1217 5729 1362 5767 com.
1395 5713 1465 5768 55
1491 5753 1505 5778 ,
1543 5723 1778 5782 quatuor
1813 5729 2030 5769 menses

463 5801 532 5860 ad
559 5815 795 5856 messem
825 5805 1064 5874 reliquos
1119 5803 1308 5860 fuisse.
1366 5803 1434 5859 At
1484 5805 1600 5862 haec
1655 5821 1778 5863 meo
1823 5805 2030 5877 judicio

2128 4608 2398 4678 Epiphan.
2453 4605 2691 4668 attinet,
2745 4619 2910 4674 supra
2966 4620 3120 4658 num.
3157 4603 3229 4658 ῆι
3271 4605 3536 4673 postridie
3585 4603 3712 4673 ejus

2126 4699 2255 4763 diei,
2291 4713 2403 4768 quo
2437 4697 2743 4766 baptizatus
2787 4703 2890 4759 est,
2939 4694 3380 4764 praedicationem
3437 4693 3588 4747 illam
3615 4707 3714 4748 ονο-

2127 4792 2360 4862 ccepisse
2403 4790 2574 4856 dicit,
2627 4803 2748 4859 quae
2785 4789 2850 4842 ad
2915 4787 3158 4841 ἐνιαυτὸν
3207 4786 3396 4838 δεκτόν
3449 4785 3708 4840 refertur.

2127 4885 2270 4951 Quid
2305 4884 2470 4954 igitur
2491 4881 2842 4952 evangelistis
2871 4881 2979 4935 illis
3006 4879 3292 4942 faciemus,
3325 4879 3416 4948 qui
3459 4877 3716 4946 conjecto

2127 4979 2345 5032 demum
2417 4975 2472 5029 in
2525 4990 2802 5030 carcerem
2860 4971 3074 5028 Joanne
3128 4973 3409 5026 Christum
3482 4981 3716 5024 narrant

2128 5069 2426 5139 praedicare
2453 5067 2732 5140 coepisse?
2767 5065 3002 5137 Kepiero
3043 5065 3220 5121 visum
3271 5072 3356 5118 est
3391 5062 3720 5133 trajectione

2129 5161 2386 5216 versiculi
2431 5161 2598 5215 unius
2623 5159 2920 5228 'negotium
2977 5173 3139 5226 posse
3187 5154 3404 5210 confici.
3479 5151 3616 5206 Nam
3669 5152 3716 5206 si

2129 5253 2320 5310 Matth.
2352 5267 2428 5319 tv,
2464 5267 2580 5305 ver.
2610 5251 2694 5305 12:
2727 5250 2864 5305 Cum
2899 5262 3076 5304 autem
3109 5247 3346 5302 audisset
3387 5246 3548 5299 Iesus
3575 5245 3720 5314 quod

2129 5345 2362 5398 Joannes
2396 5344 2626 5397 traditus
2665 5351 2822 5408 esset,
2869 5344 3080 5396 secessit
3119 5342 3172 5394 in
3205 5339 3485 5400 Galilaeam
3513 5352 3531 5389 :
3585 5338 3718 5392 item

2130 5434 2298 5489 Marc.
2339 5449 2376 5500 I,
2425 5433 2471 5488 si
2523 5447 2736 5488 comma
2779 5431 2845 5486 M
2911 5432 3019 5486 alio
3061 5429 3328 5498 trajicias,
3382 5427 3722 5482 narrationis

2134 5528 2378 5582 ordinem
2423 5527 2705 5596 aptissime
2737 5531 3020 5582 contexes.
3057 5522 3190 5576 Mihi
3231 5537 3362 5576 vero
3391 5521 3507 5575 haec
3551 5520 3722 5572 unius

2135 5618 2388 5674 versiculi
2445 5618 2690 5685 trajectio
2746 5617 2982 5672 violenta
3053 5630 3187 5670 sane
3251 5615 3510 5670 videtur:
3583 5611 3724 5666 nihil

2135 5715 2279 5768 enim
2311 5713 2514 5768 clarius
2549 5725 2650 5778 cst,
2698 5727 2863 5782 quam
2899 5726 3018 5780 quae
3056 5707 3428 5777 subjiciuntur
3451 5719 3578 5759 cum
3607 5702 3722 5756 illis

2138 5807 2272 5878 ipsis
2326 5806 2612 5862 versiculis
2679 5819 2802 5862 esse
2850 5819 3112 5860 connexa.
3177 5801 3364 5858 Satius
3411 5807 3500 5855 cst
3549 5797 3724 5870 igitur
