3994 6222
399 323 537 382 1015

1473 319 1820 378 APPENDIX
1861 320 2499 384 DISSERTATIONUM.

3513 331 3652 390 {016

403 435 868 507 Hierosolymam,
901 431 1062 490 Joan.
1105 449 1202 489 vn.
1239 432 1392 490 Unde
1433 435 1892 496 iterumreversus
1927 440 1982 494 in
2013 445 2058 500 Α
2157 443 2238 498 Ad
2298 445 2445 501 hunc
2480 443 2703 500 modum
2765 434 3008 502 ordinari
3045 444 3353 516 evangeiica
3409 445 3652 500 narratio

399 527 678 584 Galilaeam
710 543 834 582 cum
865 526 1268 597 complerentur
1296 527 1412 584 dies
1445 531 1833 599 assumptionis
1855 530 1973 599 ejus

401 619 832 690 Hierosolymam
873 619 1051 682 rediit,
1089 619 1222 674 an.
1283 636 1360 686 ix,
1402 621 1492 686 Si,
1525 621 1694 674 Marc.
1749 637 1806 688 ι,
1863 621 1972 676 52:

400 725 511 780 quo
541 710 596 761 in
634 709 828 764 itinere
855 723 884 762 a
924 705 1288 766 Samaritanis
1334 712 1487 766 urbis
1533 713 1682 766 aditu
1729 711 1978 783 prohibe-

401 811 508 856 tur.
535 799 792 855 Pharismi
821 817 943 855 cum
971 817 1036 856 eo
1055 802 1121 857 de
1141 817 1310 858 uxore
1331 803 1648 858 dimittenda
1671 804 1972 872 disputant,

399 893 590 948 Matth.
625 910 738 958 xix,
767 893 930 948 Marc.
983 911 1037 949 x.
1088 893 1338 952 Parvulis
1389 897 1680 951 benedicit.
1719 895 1979 966 Designat

399 1001 509 1041 ιιι
562 987 882 1055 discipulos,
923 986 1057 1041 Luc.
1095 1003 1147 1040 x.
1217 987 1276 1042 In
1329 987 1594 1042 Encaeniis
1625 997 1834 1044 tantum
1869 1003 1976 1042 non

401 1077 694 1146 lapidatur,
719 1077 878 1132 Joan.
904 1094 960 1144 ις,
985 1079 1077 1132 22.
1098 1077 1234 1133 Tum
1265 1078 1502 1134 Zebedaii
1533 1080 1766 1134 filiorum
1797 1086 1978 1149 postu-

401 1169 552 1232 latio,
611 1184 734 1224 cutn
775 1179 900 1224 ante
947 1168 1012 1223 de
1061 1168 1323 1224 Passione
1373 1170 1740 1234 disseruisset,
1781 1169 1972 1226 Matth.

403 1274 498 1321 xx,
531 1257 698 1314 Marc.
733 1275 788 1324 x,
825 1257 958 1312 Luc.
1013 1274 1166 1312 xvnt.
1230 1258 1417 1314 Crecus
1446 1261 1511 1314 ad
1567 1259 1976 1316 llierichuntem

403 1356 654 1403 sanatur.
683 1350 812 1404 Inde
839 1365 870 1405 a
911 1350 1170 1405 Zacchzeo
1205 1351 1500 1420 publicano
1540 1351 1702 1405 domo
1751 1361 1802 1404 et
1843 1365 1978 1405 con-

404 1441 550 1494 vivio
590 1443 880 1512 excipitur,
935 1443 1068 1498 Luc.
1110 1459 1224 1497 xix.
1277 1443 1358 1496 Ad
1411 1442 1593 1498 Mariae
1648 1451 1702 1496 et
1757 1442 1979 1498 Marthze

403 1533 704 1602 hospitium
747 1534 988 1588 divertit.
1033 1534 1236 1590 Caetera
1281 1534 1347 1590 ad
1389 1533 1702 1589 Passionem
1757 1533 1970 1588 Domini

405 1633 558 1693 gesta
595 1640 662 1678 ex
698 1625 1030 1696 Evangeliis,
1061 1641 1125 1678 ac
1155 1625 1502 1695 potissmium
1535 1623 1762 1680 Joannis
1793 1633 1977 1695 aperta

405 1725 557 1782 sunt,
593 1716 697 1773 hoc
723 1727 804 1774 est
835 1719 900 1772 ad
939 1719 1178 1784 tertium,
1198 1718 1312 1772 sive
1339 1715 1716 1789 σταυρώσιμον
1743 1715 1974 1772 Pascha.

2077 543 2278 605 potest,
2335 545 2438 592 aut'
2472 544 2533 591 ut
2581 537 2688 591 alia
2743 537 3081 608 singularum
3129 553 3316 592 rerum
3366 537 3650 606 dispositio

2077 627 2148 682 sit
2184 642 2249 681 ac
2295 627 2612 698 descriptio.
2661 626 2851 698 Neque
2895 629 3039 683 enim
3099 639 3354 685 accurate
3397 628 3563 682 modo
3595 627 3648 681 in

2076 713 2322 769 ordinem
2357 715 2536 784 ipsum
2586 715 2934 785 inquirimus.
2991 717 3227 786 Apparet
3277 725 3460 771 tamen
3499 731 3646 771 com-

2077 805 2397 859 modissime
2436 820 2524 859 res
2569 820 2601 860 a
2645 805 2868 862 Christo
2920 819 3101 876 gestas
3151 807 3348 877 triplici
3385 806 3650 862 Paschate

2077 893 2328 948 concludi
2357 914 2368 948 :
2401 895 2637 964 primum
2669 895 2866 950 accidit
2903 911 3048 952 anno
3084 895 3302 952 Iuliano
3331 896 3419 962 74,
3449 895 3648 950 Tiberii

2077 1003 2168 1054 xv,
2209 987 2498 1042 neomenia
2542 985 2712 1042 Nisan
2737 1004 2800 1042 ex
2823 986 3051 1042 Judaico
3077 988 3228 1059 cyclo
3255 987 3454 1043 vitioso
3475 987 3648 1043 Martii

2077 1096 2186 1133 xxx
2219 1079 2352 1134 feria
2405 1095 2478 1146 ιν,
2513 1079 2666 1150 cyclo
2715 1079 2858 1134 luna:
2899 1095 2985 1144 ιι,
3019 1081 3151 1135 solis
3202 1094 3232 1134 ι
3261 1118 3276 1142 ,
3315 1080 3492 1150 prima
3538 1079 3650 1135 dies

2077 1171 2407 1241 Azymorum
2437 1169 2638 1239 Aprilis
2677 1185 2774 1223 xnt
2814 1187 2830 1238 ;
2863 1171 3158 1226 secundum
3192 1168 3402 1224 Pascha
3438 1168 3652 1224 Juliano

2081 1261 2168 1323 75,
2215 1260 2418 1316 Tiberii
2473 1277 2578 1328 xvr,
2647 1275 2830 1316 ncom.
2871 1259 3039 1315 Nisan
3091 1259 3270 1315 Martii
3324 1276 3414 1314 xtx
3471 1258 3572 1313 fer.
3609 1275 3646 1323 ι,

2077 1354 2254 1425 prima
2309 1354 2436 1410 dies.
2480 1355 2812 1424 Azymorum
2847 1354 2980 1424 Apr.
3037 1369 3117 1417 ιι;
3175 1351 3392 1407 tertium
3443 1351 3648 1406 Pascha

2081 1459 2226 1500 anno
2251 1442 2469 1499 Juliano
2500 1443 2587 1506 76,
2619 1441 2784 1498 Nisan
2823 1442 3002 1498 Martii
3041 1459 3124 1508 Ix,
3183 1442 3315 1496 feria
3361 1458 3437 1503 γι,
3479 1442 3648 1511 prima

2079 1534 2194 1589 dies
2222 1535 2553 1605 Azymorum
2579 1532 2756 1588 Martii
2791 1550 2952 1598 xxm,
2987 1533 3120 1588 feria
3172 1549 3248 1598 vr,
3272 1547 3416 1586 anno
3451 1531 3650 1586 Tiberii

2079 1635 2310 1680 exeunte
2349 1641 2459 1680 xvn
2489 1625 2793 1680 secundum
2821 1625 3121 1688 Romanos,
3150 1623 3235 1678 vel
3270 1622 3496 1678 Judaice
3517 1635 3647 1677 xrm

2080 1730 2112 1772 a
2149 1715 2318 1774 Nisan
2357 1717 2636 1773 inchoato.

419 1845 3642 1873 W

780 2001 888 2060 DE
939 2000 1468 2062 PCENlTENTUE
1524 2000 1846 2070 VETERE
1893 2001 1978 2061 IN
2025 1999 2406 2063 ECCLESIA
2453 2001 2818 2066 RATIONE
2872 1999 3280 2063 DIATRIBA.

1667 2123 1781 2191 (Ad
1817 2123 1922 2181 col.
1954 2122 2114 2190 ton,
2138 2133 2254 2182 not.
2291 2125 2374 2198 6.)

678 2376 809 2443 Qum
847 2378 1006 2448 fuerit
1033 2375 1454 2432 Novatinnorum
1477 2377 1712 2433 haeresis.

481 2471 876 2543 Ecclesiastica:
928 2471 1004 2525 rei
1055 2469 1459 2540 functionisque
1535 2473 1806 2540 praecipua
1855 2485 1986 2540 pars

411 2564 751 2634 pmnitentia,
787 2564 1017 2632 ejusque
1065 2578 1164 2618 usu
1219 2571 1273 2616 et
1319 2561 1792 2616 administratione
1817 2561 1988 2616 conti-

411 2665 593 2711 netur.
627 2655 923 2710 Teslantur
957 2655 1008 2709 id
1039 2654 1091 2707 in
1124 2654 1316 2724 primis
1347 2663 1530 2708 vetera
1573 2653 1756 2706 omnia
1805 2654 1988 2708 conci-

411 2747 508 2814 lia,
557 2755 611 2802 ct
657 2745 758 2800 SS.
797 2745 900 2798 PP.
939 2745 1179 2806 decreta,
1210 2744 1406 2812 quaein
1436 2743 1536 2796 hac
1567 2757 1676 2796 una
1703 2757 1762 2797 re
1801 2741 1989 2810 guber-

413 2840 594 2896 nanda
625 2846 680 2894 et
713 2837 1088 2894 constituenda
1123 2837 1463 2906 potissimum
1507 2837 1788 2902 laborant,
1830 2851 1894 2890 ac
1923 2835 1990 2890 de

414 2931 793 3002 penitentiam
854 2931 1021 2986 variis
1077 2931 1361 2984 ordinibus
1419 2940 1472 2984 et
1511 2930 1790 3000 gradibus,
1815 2930 1990 3000 deque

414 3022 756 3092 singulorum
813 3029 1094 3089 tempore,
1149 3023 1308 3075 modo
1360 3035 1423 3075 ac
1477 3021 1686 3075 ratione
1747 3019 1992 3076 studiose

415 3115 796 3186 praescribunt.
854 3112 1027 3179 Quam
1076 3114 1296 3182 quidem
1331 3114 1658 3169 Christianm
1689 3115 1992 3185 disciplinae

415 3215 646 3276 partem,
677 3220 895 3274 unaque
922 3215 976 3258 et
1013 3204 1268 3260 Ecelesiaa
1292 3215 1610 3274 potestatem
1653 3220 1990 3276 oppugnare,

416 3309 478 3354 ut
504 3299 631 3354 olim
663 3297 971 3358 Novatiani.
1009 3299 1090 3352 sic
1113 3307 1386 3354 nostrates
1431 3297 1670 3352 limretici
1707 3298 1855 3352 omni
1891 3313 1993 3368 ope

417 3409 482 3448 ac
519 3393 729 3446 ratione
778 3401 1064 3444 conantur.
1095 3390 1226 3456 Quae
1254 3391 1384 3445 mihi
1433 3406 1597 3445 causa
1629 3389 1776 3445 satis
1801 3391 1992 3446 idoni'a

416 3483 534 3538 visa
561 3488 666 3546 est,
691 3497 790 3534 cur
813 3481 880 3534 de
907 3482 1221 3549 poenitentia
1251 3481 1366 3550 ipsa
1399 3481 1464 3535 ad
1499 3481 1638 3536 hanc
1663 3481 1993 3536 Novatiano-

419 3585 542 3626 rum
571 3571 820 3624 haeresim
849 3570 1062 3640 plenius
1083 3571 1288 3640 aliquid
1319 3571 1508 3626 vellem
1531 3573 1862 3642 uberiusque
1881 3573 1994 3628 dis-

421 3678 622 3719 serere.
652 3661 836 3733 Neque
869 3679 998 3718 vero
1043 3679 1165 3734 quae
1194 3665 1414 3732 adeam
1447 3665 1697 3730 attinent,
1737 3668 1990 3722 universa

420 3761 792 3824 complectar:
846 3755 938 3808 sed
974 3769 1035 3808 ea
1067 3755 1273 3810 scilicet
1305 3756 1563 3826 attingam
1590 3798 1604 3822 ,
1643 3772 1764 3826 qua:
1789 3757 1854 3810 ad
1888 3756 1992 3812 Ca—

421 3845 708 3898 tharornm
737 3843 1010 3910 hatresim,
1045 3854 1208 3914 atque
1239 3844 1525 3914 Epiphanii
1566 3845 1990 3915 disputationem

421 3936 800 3992 illustrandam
860 3936 1171 3991 necessaria
1221 3937 1492 3992 videntur.
1543 3937 1622 3991 Ac
1657 3937 1894 4006 primum
1927 3938 1994 3992 de

420 4029 567 4084 illius
596 4037 755 4084 sectae
815 4043 878 4084 ac
928 4028 1240 4083 schismatis
1290 4040 1528 4095 auctore,
1561 4030 1735 4098 deque
1759 4028 1876 4099 ejus
1900 4029 1996 4084 do-

421 4129 600 4192 gmate
632 4135 804 4190 pauca
835 4121 1081 4190 quaedam
1127 4135 1156 4175 e
1189 4121 1374 4175 multis
1408 4120 1624 4175 libanda
1655 4129 1800 4175 sunt.

449 4269 452 4272 _
493 4211 549 4266 in
584 4227 692 4282 quo
717 4213 1004 4283 plerosque
1025 4221 1265 4267 veterum
1293 4211 1538 4274 Patrum,
1563 4229 1625 4267 ac
1651 4213 1994 4282 potissimum

421 4304 732 4360 Grmcorum
766 4305 1051 4359 aberrasse
1077 4313 1294 4360 constat
1321 4324 1335 4359 :
1373 4307 1462 4374 qui
1485 4307 1623 4362 duos
1655 4314 1816 4362 sectae
1835 4307 1998 4378 hujus

423 4394 754 4449 architectos
803 4394 855 4448 in
891 4410 1061 4448 unum
1113 4395 1365 4460 miscent,
1409 4396 1769 4450 similitudine
1818 4397 1998 4450 nomi-

421 4501 554 4540 num
593 4487 846 4555 decepti:
902 4485 1168 4564 vaatum
1229 4497 1283 4542 et
1337 4487 1717 4543 Novatiannm.
1752 4488 2000 4556 Quorum

423 4573 516 4629 ille
541 4573 830 4631 Africanus
853 4577 1142 4647 episcopus
1169 4576 1303 4644 fuit;
1332 4579 1487 4649 cujus
1519 4581 1889 4650 turpissimam
1938 4597 2002 4636 ac

423 4667 910 4739 ﬂagitiosissimam
938 4670 1125 4736 vitam,
1163 4671 1409 4726 avaritia
1442 4673 1653 4740 sordes,
1709 4675 2004 4729 crudelita-

424 4767 556 4823 tem,
587 4757 819 4812 nefanda
863 4761 1151 4838 parricidia
1187 4761 1447 4816 describit
1474 4763 1776 4834 Cyprianus
1807 4780 1888 4833 cp.
1912 4765 1998 4820 49.

424 4851 570 4908 Idem
603 4867 749 4917 vero,
783 4867 906 4908 cum
939 4853 992 4907 in
1021 4853 1298 4922 lapsorum
1325 4855 1577 4923 gratiam,
1617 4871 1756 4926 quos
1784 4857 2004 4927 Cypria-

425 4961 531 5000 nus
558 4943 901 5000 diuturniore
945 4946 1327 5015 severiorequc
1348 4947 1632 5016 disciplina
1673 4949 2006 5003 coercendos

424 5036 760 5097 decreverat,
785 5035 1162 5092 Feliciss‘imus
1185 5038 1466 5109 presbyter
1495 5039 1736 5094 schisma
1775 5039 2005 5095 conﬂas-

426 5135 528 5194 set,
569 5128 634 5183 ad
683 5129 849 5198 hujus
903 5130 1193 5184 factionem
1259 5130 1635 5186 adlimrescens
1685 5130 2001 5186 Africanam

427 5222 480 5276 in
509 5219 698 5292 primis
721 5207 1019 5278 Eccle'siam
1043 5222 1381 5292 permiscuit.
1433 5222 1559 5276 Inde
1587 5223 1816 5276 Romam
1852 5225 2005 5278 navi-

426 5331 584 5387 gans,
616 5313 978 5371 Noratianum
1007 5317 1114 5370 illic
1151 5315 1532 5386 presbyterum
1571 5314 1806 5382 reperit;
1839 5331 2004 5385 quem

427 5409 500 5464 ob
530 5413 814 5480 praelatum
843 5409 948 5464 sibi
978 5408 1292 5463 Cornelium
1323 5423 1518 5478 papam
1541 5407 1666 5459 odio
1693 5406 2006 5476 invidiaque

427 5499 748 5569 ﬂagrantem
798 5499 1258 5564 animadvertens,
1315 5497 1734 5552 communicatis
1781 5513 1905 5552 cum
1939 5513 2007 5552 eo

431 5590 698 5652 consiliis,
733 5589 876 5644 aliud
916 5597 969 5642 et
993 5604 1024 5643 a
1058 5590 1244 5657 priore
1265 5589 1425 5655 longe
1451 5589 1728 5643 diversum
1763 5588 2004 5644 schisma

434 5675 695 5728 condidit.
731 5676 850 5732 Non
886 5679 1337 5749 cnimlapsorum
1386 5687 1444 5732 ut
1495 5695 1716 5734 causam
1765 5681 2010 5749 suscipe-

439 5771 543 5831 ret,
569 5779 770 5836 eosque
800 5770 1208 5838 quamprimum
1237 5771 1358 5840 paci
1390 5781 1444 5827 ct
1469 5773 1722 5830 Ecclesia:
1757 5775 2011 5830 restitue-

2016 2385 2059 2441 Β
2090 2385 2194 2444 ret,
2219 2391 2250 2433 a
2275 2376 2510 2434 Cornelii
2543 2375 2932 2433 communione
2951 2371 3224 2438 discessit,
3263 2371 3360 2428 sed
3387 2385 3419 2426 e
3446 2378 3659 2428 contra-

2083 2473 2166 2528 rio
2195 2472 2342 2543 quod
2370 2471 2595 2526 nimiam
2629 2471 2751 2541 ejus
2793 2471 2850 2526 in
2884 2469 2993 2524 illis
3041 2465 3466 2522 reconciliandis
3491 2463 3656 2520 facili-

2087 2573 2250 2620 tatem
2276 2563 2665 2634 lenitatemque
2695 2564 2999 2618 damnaret.
3027 2559 3119 2615 Sic
3145 2559 3310 2629 igitur
3335 2556 3659 2612 Novatiano—

2085 2672 2208 2710 rum
2261 2664 2410 2712 secta
2449 2657 2517 2710 ab
2546 2655 2812 2709 ambobus
2846 2653 2953 2709 illis
2991 2651 3312 2707 auctoribus
3335 2647 3597 2719 profecta,
3629 2663 3659 2700 a

2085 2746 2389 2815 posteriore
2427 2745 2752 2816 praesertim,
2785 2745 2892 2798 hoc
2917 2751 3002 2798 est
3039 2740 3366 2804 Novatiano,
3405 2752 3659 2808 magnum

2089 2839 2484 2914 incrementum
2516 2837 2746 2906 accepit.
2801 2833 2907 2890 Sed
2941 2833 3114 2888 Graeci
3137 2873 3151 2900 ,
3193 2832 3272 2887 uti
3307 2829 3444 2892 dixi,
3475 2829 3662 2883 Patres

2088 2945 2258 2985 unum
2293 2929 2560 2984 duntaxat
2584 2937 2748 2984 sectae
2779 2926 3118 2984 conditorem
3145 2925 3457 2988 nominant,
3501 2923 3666 2976 Nora-

2089 3030 2205 3077 tum
2239 3023 2355 3077 sive
2385 3021 2658 3082 Ναυᾶτον,
2701 3017 3007 3074 Romanum
3029 3018 3445 3090 presbyterum:
3477 3027 3666 3084 quem-

2091 3114 2386 3168 admodum
2412 3113 2611 3168 Euseb.
2654 3111 2747 3190 lib.
2782 3127 2830 3164 vi
2866 3109 3032 3176 Hist,
3060 3109 3233 3174 c.55;
3265 3105 3664 3164 Theodoretus.

2091 3205 2410 3276 Epiph.hoc
2449 3205 2605 3268 loco;
2637 3201 2930 3266 Gregorius
2964 3200 3243 3263 Nazianz.,
3272 3197 3518 3266 adeoque
3568 3193 3668 3249 So-

2091 3305 2291 3359 crates,
2314 3293 2653 3349 Novatianus
2688 3301 2742 3346 et
2783 3293 2931 3361 ipse;
2973 3298 3027 3344 et
3051 3287 3362 3356 complures
3395 3284 3507 3337 alii.
3557 3283 3668 3336 lmo

2091 3389 2256 3443 etiam
2290 3401 2320 3442 e
2373 3383 2584 3439 Latinis
2615 3387 2847 3452 August.
2896 3379 2995 3436 lib.
3027 3378 3103 3432 De
3133 3377 3288 3441 ham;
3323 3373 3662 3434 Philastrius,

2091 3480 2282 3535 Ambr.
2324 3479 2378 3533 in
2411 3477 2542 3533 libb.
2575 3475 2650 3530 De
2677 3492 2814 3545 pum.
2842 3473 3134 3544 Distinguit
3156 3483 3334 3524 autem
3365 3467 3668 3539 Cyprianus

2093 3573 2296 3644 passim
2323 3571 2376 3624 in
2415 3570 2598 3639 epist.,
2621 3577 2676 3624 et
2703 3567 2993 3631 Pacianus,
3031 3579 3095 3618 ac
3124 3560 3300 3616 Latini
3333 3573 3550 3622 omnes,
3575 3555 3667 3628 qui

2094 3664 2160 3720 de
2189 3665 2290 3718 hac
2320 3661 2508 3717 hutresi
2546 3661 2802 3716 subtilius
2831 3659 3194 3728 disputarunt.

2163 3754 2285 3808 Jam
2311 3753 2598 3808 Novatiani
2655 3753 2852 3822 dogma
2918 3749 3080 3820 quale
3124 3745 3290 3802 fuerit
3331 3739 3670 3812 Epiphanius

2095 3847 2278 3902 statim
2311 3847 2468 3900 initio
2500 3844 2723 3899 haeresis
2751 3843 2925 3912 aperit
2951 3861 2964 3895 :
2999 3840 3257 3894 nimirum
3287 3832 3670 3906 pronuntiasse

2095 3937 2299 4008 ipsum,
2335 3937 2538 3991 nullam
2573 3935 2767 3990 salutis
2793 3949 2944 4004 spem
2995 3943 3283 4001 superesse
3313 3925 3502 3996 lapsis,
3527 3920 3670 3992 quod

2098 4043 2268 4082 unum
2297 4027 2562 4081 duntaxat
2585 4033 2731 4079 esset
2753 4021 3084 4093 pmnitentia:
3109 4033 3278 4090 genus
3301 4017 3355 4070 in
3379 4014 3669 4084 baptismo.

2097 4118 2252 4185 Quod
2289 4118 2360 4172 ita
2409 4117 2785 4172 Theodorctus
2843 4114 3078 4182 concipit
3113 4131 3126 4166 :
3199 4110 3273 4182 μὴ
3311 4109 3510 4181 χρῆναι
3549 4107 3674 4171 τοὺς

2099 4209 2434 4282 ἀρνηοέντσις
2485 4207 2759 4280 σωτηρίας
2797 4206 3001 4275 τυχεῖν.
3025 4202 3227 4259 Verum
3263 4217 3370 4257 non
3401 4215 3466 4255 ea
3509 4197 3677 4254 Nova.

2099 4301 2235 4356 tiani
2265 4301 2451 4371 opinio
2481 4300 2615 4365 fuit,
2646 4314 2741 4354 eos
2769 4299 2860 4368 qui
2904 4297 3173 4368 gravioris
3221 4293 3432 4366 peccati
3475 4307 3674 4347 noxam

2101 4391 2504 4455 contraherent,
2555 4391 2623 4446 ab
2671 4391 2820 4446 omni
2879 4406 2976 4461 spe
3035 4387 3430 4458 consequentiae
3487 4385 3678 4439 salutis

2101 4485 2315 4540 excludi
2349 4502 2362 4537 :
2387 4499 2512 4537 nam
2540 4494 2590 4537 et
2625 4483 2747 4537 illos
2796 4483 2862 4536 ad
2886 4479 3273 4550 capessendam
3299 4476 3674 4548 paenitentiam

2103 4579 2312 4634 hortari
2343 4577 2610 4640 solebant,
2652 4583 2797 4631 etut
2832 4574 3071 4630 divinam
3119 4570 3460 4627 clementiam
3503 4569 3682 4638 lacry—

2103 4671 2211 4726 mis
2253 4686 2318 4725 ac
2351 4669 2606 4740 sordibus
2637 4669 2898 4723 elicerent
2947 4663 3241 4720 identidem
3293 4659 3678 4716 admonebant.

2107 4761 2211 4816 Sed
2253 4763 2357 4815 hoc
2391 4775 2559 4814 unum
2618 4759 2907 4828 negabant,
2949 4753 3018 4811 ad
3071 4752 3328 4810 Ecclesiae
3347 4767 3412 4806 ac
3441 4749 3680 4806 ﬁdelium

2105 4851 2550 4907 communionem
2583 4849 2750 4918 recipi
2779 4847 3016 4918 amplius
3067 4853 3350 4915 oportere;
3383 4855 3558 4912 neque
3589 4854 3684 4909 pc-

2106 4960 2203 4999 nes
2226 4943 2525 4999 Ecclesiam
2551 4939 2938 4997 reconciliandi
2961 4937 3053 5008 jus
3075 4939 3246 4992 ullum
3269 4951 3334 4991 ac
3359 4941 3682 5005 potestatem

2037 5065 2083 5126 ο
2107 5051 2230 5091 esse
2253 5051 2265 5086 :
2288 5034 2488 5104 quippe
2511 5033 2728 5089 unicam
2748 5032 2894 5086 illam
2921 5012 3267 5101 peccatorum
3291 5023 3684 5126 indulgentiam

2111 5129 2164 5182 in
2203 5127 2351 5181 illius
2381 5125 2607 5181 arbitrio
2633 5123 2860 5190 versari,
2887 5137 3010 5194 quae
3053 5137 3150 5192 per
3181 5119 3512 5188 baptismum
3547 5114 3688 5169 obti-

2112 5231 2291 5277 netur.
2313 5218 2691 5275 Declarathtec
2705 5213 2959 5271 Socrates
2985 5215 3077 5269 lib.
3103 5229 3175 5278 Iv,
3206 5227 3254 5266 c.
3276 5209 3375 5265 l5:
3401 5207 3690 5277 Scripsisse

2112 5313 2362 5367 videlicet
2408 5309 2673 5364 Novatum
2721 5310 2840 5370 ταῖς
2887 5300 3165 5373 πανταχοῦ
3212 5297 3582 5370 Ἐκκλησεαις,
3612 5294 3688 5365 μὴ

2113 5405 2362 5474 δέχεσθαι
2395 5405 2522 5466 τοὺς
2571 5399 2956 5462 ἐπιτεθυκότας
2989 5399 3066 5460 εἰς
3106 5395 3176 5448 τὰ
3219 5394 3528 5466 μυστήρια·
3553 5389 3690 5445 ἀλλά

2117 5496 2444 5567 προτρέπειν
2490 5495 2587 5565 μὲν
2643 5494 2770 5556 τοὺς
2826 5493 2906 5554 εἰς
2937 5491 3244 5560 μετάνοιαν,
3275 5485 3372 5557 τὴν
3399 5485 3456 5538 δὲ
3479 5481 3692 5552 συγχώο

2117 5605 2274 5660 ρησιν
2331 5587 2644 5658 ἐπιτρέπειν
2697 5583 2816 5654 Θεῷ
2861 5583 2938 5654 τῷ
2967 5580 3247 5651 δυναμένῳ
3306 5579 3399 5632 καὶ
3443 5576 3694 5641 ἐξουσίαν

2116 5682 2292 5751 ἔχοντι
2337 5683 2636 5751 συγχωρεῖν
2686 5679 3075 5750 ἁμαρτήματα.
3124 5673 3232 5729 Sed
3277 5681 3330 5728 et
3365 5669 3692 5726 Ambrosius

2117 5773 2214 5830 lib.
2245 5787 2263 5828 ι
2302 5773 2375 5827 De
2425 5773 2754 5843 paenitentia,
2776 5787 2824 5833 c.
2853 5770 2908 5838 2,
2945 5783 3070 5826 cum
3094 5769 3168 5824 ita
3207 5767 3332 5824 illos
3369 5761 3685 5833 redarguit:
