3994 6222
346 338 482 396 1017

1258 340 1347 395 DE
1383 341 1861 400 POENITENTIJE
1902 343 2182 401 VETERE
2226 342 2626 401 DISCIPLINA.

3460 348 3599 407 tutu

343 458 486 526 Quid
526 467 699 511 autem
738 458 949 524 durius,
980 475 1138 529 quant
1171 470 1227 514 ut
1258 463 1496 517 indicant
1540 466 1917 534 pmnitentiam,
1950 475 1994 529 Α
2023 467 2257 523 nendam
2285 466 2701 535 faciendamquc
2745 464 3090 535 disciplinam
3121 467 3487 524 severioribus
3516 469 3600 525 in-

342 566 501 619 quam
523 565 625 602 non
652 550 910 613 relaxent,
933 567 1051 604 cum
1097 553 1275 622 utique
1318 555 1522 607 veniam
1563 557 1799 625 negando
1832 557 1916 609 in-

342 643 604 695 centivum
652 643 895 712 auferant
946 647 1303 713 ptenitentiae?
1348 646 1517 700 Nemo
1568 649 1706 701 enim
1750 658 1916 714 potest

342 735 467 787 bene
495 752 645 803 agere
665 738 1177 804 pwnitentiam,-nisi
1198 740 1289 807 qui
1324 739 1606 806 speraverit
1636 739 1915 807 indulgen-

343 828 495 880 tiam.
547 826 673 882 llaec
721 827 1064 883 Ambrosius.
1095 827 1196 893 Qui
1232 829 1389 897 paulo
1430 838 1552 897 post
1585 827 1913 883 Novatiano-

342 932 463 969 rum
491 916 741 969 doctores
762 916 836 968 ait
889 917 1065 969 omnia
1100 926 1314 985 peccata
1350 915 1647 969 Stoicorum
1688 918 1915 987 quodam

341 1022 485 1058 more
522 1006 738 1073 paribus
783 1007 1072 1060 testimasse
1094 1008 1387 1069 mensuris,
1435 1006 1538 1061 hoc
1565 1017 1666 1073 est,
1722 1015 1781 1060 ut
1826 1023 1914 1061 se-

339 1098 527 1165 quenti
556 1096 731 1166 capite
765 1097 944 1160 docet,
971 1097 1122 1151 nullo
1155 1098 1444 1151 criminum
1464 1098 1672 1152 delectu
1705 1097 1912 1164 habito,

338 1188 592 1241 omnibus
628 1204 690 1242 ex
722 1204 877 1259 aequo
906 1190 1118 1243 veniam
1150 1204 1375 1260 negasse
1406 1209 1418 1243 :
1469 1190 1650 1261 itaque
1679 1190 1915 1245 sensisse

336 1279 626 1333 Novatum.
658 1280 946 1351 Perpcram
976 1281 1141 1344 enim,
1176 1292 1237 1335 ut
1265 1283 1580 1336 monuimus
1600 1322 1613 1345 ,
1646 1280 1911 1337 Novatum

336 1388 435 1442 pro
461 1371 763 1427 Novatiano
790 1374 927 1427 solet
950 1390 1251 1443 usurpare:
1285 1390 1410 1429 cum
1446 1376 1548 1430 hoc
1573 1415 1586 1438 ,
1620 1378 1763 1445 quod
1799 1378 1914 1446 ipse

334 1474 541 1527 narrat,
583 1464 883 1519 Novatiano
914 1467 1095 1535 potius
1134 1477 1421 1537 congruat,
1452 1468 1544 1537 qui
1587 1468 1783 1523 Stoicae
1828 1484 1914 1524 se

332 1562 433 1608 ctae
488 1569 552 1608 ac
606 1554 959 1623 philosophiae
995 1571 1114 1611 sese
1164 1557 1462 1611 dediderat.
1516 1558 1585 1612 At
1628 1556 1911 1612 Novatiani

331 1645 577 1715 magistri
612 1647 696 1699 sui
727 1648 982 1701 acerbum
1014 1648 1179 1703 nimis
1212 1658 1606 1719 austerumque
1632 1650 1909 1704 decretum

331 1753 394 1791 ea
422 1738 794 1793 moderatione
823 1749 1214 1810 temperarunt,
1257 1754 1313 1797 ut
1337 1744 1681 1814 gravioribus
1711 1742 1908 1797 dunta-

330 1840 424 1885 xat
460 1830 780 1886 criminibus
803 1833 1017 1886 veniam
1044 1812 1657 1903 negarentplevioribus
1702 1834 1909 1887 tribue-
1940 1812 1981 1866 Β

331 1930 473 1978 rent.
508 1922 600 1978 Sic
650 1923 792 1977 enim
845 1924 1167 1981 Ambrosius
1204 1940 1219 1978 :
1267 1923 1369 1980 Sed
1402 1926 1552 1979 aiunt
1583 1941 1636 1979 se
1681 1924 1907 1993 exceptis

331 2017 662 2090 gravioribus
716 2019 1024 2073 criminibus
1067 2022 1307 2074 relaxare
1353 2021 1559 2074 veniam
1601 2019 1905 2073 levioribus.

333 2110 459 2165 Non
488 2111 584 2165 hoc
627 2112 836 2180 quidem
862 2121 1049 2166 auctor
1078 2115 1239 2166 vestri
1275 2114 1471 2165 erroris
1508 2110 1789 2173 Novatus;
1818 2111 1907 2180 qui

332 2204 527 2257 nemini
549 2204 911 2271 paenitentiam
942 2204 1176 2257 dandam
1207 2204 1431 2271 putarit,
1469 2219 1530 2257 ea
1555 2203 1754 2256 scilicet
1786 2218 1907 2254 con-

334 2296 670 2364 templatione
695 2335 709 2360 ,
763 2305 819 2349 ut
870 2296 1007 2366 quod
1048 2297 1157 2364 ipse
1199 2312 1301 2349 non
1335 2306 1504 2364 posset
1541 2295 1762 2357 solvere,
1803 2310 1907 2346 non

328 2388 558 2458 ligaret;
590 2404 651 2441 ne
689 2387 906 2457 ligando
958 2389 1160 2455 sperari
1192 2404 1223 2440 a
1257 2404 1312 2440 se
1350 2387 1543 2455 faceret
1569 2386 1903 2439 solutionem.

332 2480 397 2534 In
427 2497 486 2534 eo
512 2481 676 2550 igitur
704 2489 907 2549 patrem
929 2487 1152 2532 vestrum
1173 2480 1385 2547 propria
1411 2479 1682 2533 damnatis
1707 2489 1910 2533 senten-

330 2574 427 2636 tia,
454 2575 544 2643 qui
590 2572 981 2626 distinctionem
1026 2580 1362 2640 peccatorum
1411 2572 1610 2641 facitis,
1649 2588 1767 2641 qua:
1808 2570 1909 2624 sol-

329 2666 497 2719 venda
525 2682 557 2717 a
596 2665 738 2718 vobis
773 2681 882 2718 esse
918 2665 1130 2732 putetis.
1176 2672 1224 2718 et
1251 2679 1368 2734 qua:
1401 2666 1514 2717 sine
1542 2665 1768 2718 remedio
1797 2680 1907 2718 esse

329 2756 681 2810 arbitremini.
706 2753 882 2824 Atque
908 2762 965 2807 ut
986 2753 1203 2823 propius
1226 2754 1291 2807 ad
1307 2770 1370 2807 ea
1393 2752 1709 2823 disputanda
1736 2752 1911 2806 venia-

330 2863 473 2911 mus,
502 2861 736 2915 quorum
777 2860 939 2899 causa
970 2845 1184 2914 longius
1208 2845 1258 2897 in
1294 2846 1394 2899 hac
1434 2843 1672 2898 Diatriha
1715 2858 1908 2913 procc-

326 2940 456 2994 derc
478 2938 791 3002 statuimus,
822 2937 1105 2991 sciendum
1141 2945 1242 3001 est,
1275 2952 1381 2990 non
1416 2952 1512 3006 pro
1539 2952 1605 2990 eo
1648 2936 1791 3006 quod
1824 2936 1907 2989 la-

327 3047 457 3102 psos
511 3030 577 3084 ad
630 3030 1071 3085 communionem
1127 3037 1181 3083 et
1240 3028 1667 3084 ecclesiasticam
1723 3043 1905 3098 pacem

328 3124 692 3180 admittendos
716 3132 993 3194 negarent,
1027 3120 1294 3175 Novatum
1324 3129 1377 3174 et
1406 3119 1765 3175 Novatianum
1799 3121 1908 3175 ha:-

329 3216 530 3269 rcticos
593 3214 829 3276 habitos,
871 3222 1033 3283 atque
1064 3213 1137 3285 ab
1163 3212 1405 3267 Ecclesia
1465 3212 1730 3267 catholica
1784 3227 1910 3281 prn-

329 3310 561 3378 scriptos
617 3307 787 3362 fuisse
817 3326 830 3361 :
860 3307 951 3361 sed
995 3306 1142 3376 quod
1202 3305 1407 3359 nullum
1443 3304 1509 3358 ad
1543 3319 1636 3359 eos
1666 3303 1909 3358 reconci-

327 3401 541 3456 liandos
564 3399 1031 3469 condonandaque
1058 3398 1252 3453 delicta
1283 3397 1373 3467 jus
1398 3397 1453 3450 in
1490 3394 1733 3449 Ecclesia
1786 3410 1908 3449 esse

328 3493 617 3563 pertidiose
667 3506 731 3546 ac
788 3492 1077 3546 crudeliter
1142 3495 1535 3545 asseverarent.
1598 3484 1775 3553 Quod,
1826 3487 1911 3540 in-

331 3601 518 3655 quam,
553 3584 811 3650 clavium,
845 3593 904 3638 ut
934 3592 1149 3647 vocant,
1179 3592 1500 3653 potestatem
1539 3582 1795 3638 Ecclesi'c
1845 3596 1911 3637 ac

332 3677 708 3733 sacerdotibus
755 3675 1136 3742 detraherent,
1189 3686 1247 3730 ut
1298 3676 1536 3747 reliquos
1585 3675 1904 3729 eorumdem

331 3785 544 3825 errores
575 3770 843 3835 omittam,
880 3767 1164 3822 Novatiani
1198 3776 1455 3838 tanquam
1488 3769 1723 3823 haeretici
1752 3768 1908 3822 dam-

333 3859 450 3913 nati
502 3867 627 3915 sunt
655 3900 669 3924 ,
705 3858 908 3927 alioqui
942 3860 1145 3926 lapsos,
1178 3857 1283 3911 hoc
1310 3867 1393 3911 est
1421 3858 1739 3912 idololatrias
1772 3873 1907 3912 con-

334 3950 551 4020 tagione
586 3948 841 4017 poliutos,
886 3948 939 4002 in
975 3957 1293 4017 perpetuum
1316 3948 1385 4003 ab
1412 3947 1651 4002 Eeclesra
1684 3948 1910 4003 submo-

333 4057 460 4097 vere
481 4042 718 4096 nondum
733 4055 833 4110 pro
850 4038 1104 4094 haeretica
1133 4039 1352 4093 decreto
1381 4041 1658 4110 cognitum
1693 4040 1904 4097 fuerat:

334 4135 466 4205 quin
489 4134 649 4189 etiam
675 4133 869 4203 priscis
901 4132 1008 4187 illis
1038 4131 1277 4187 ﬂorentis
1297 4132 1546 4186 Ecclesia:
1571 4132 1907 4201 temporibus

336 4226 500 4283 certis
532 4235 875 4295 peccatorum
910 4224 1199 4293 generibus
1256 4224 1642 4278 communione
1682 4224 1908 4278 interdi-

337 4327 508 4383 dum,
536 4324 590 4370 et
614 4316 829 4385 quidem
852 4326 1109 4384 perpetuo
1141 4314 1331 4379 fuisse,
1358 4315 1759 4383 quamplurima
1782 4331 1909 4373 con-

335 4409 462 4461 cilia
489 4423 553 4462 ac
585 4405 685 4461 SS.
733 4405 836 4459 PP.
880 4405 1188 4460 testimonia
1245 4405 1541 4459 declarant.
1588 4404 1742 4471 Quod
1777 4422 1902 4461 cum

2020 560 2228 613 terdum
2252 558 2460 629 legibus
2489 567 2543 611 et
2576 556 2838 612 institutis
2861 557 3168 612 astrictum.
3202 556 3473 624 Quocirca
3494 561 3598 617 sub

2019 650 2195 719 ipsum
2250 649 2575 703 Christianae
2640 648 2920 717 religionis
2976 650 3283 712 exordium,
3336 650 3599 722 ﬂagrante

2019 740 2268 809 peraeque
2299 739 2480 795 studio
2503 739 2743 807 pictatis.
2776 748 2829 793 et
2856 740 3216 808 improbitatis
3243 742 3390 805 odio,
3425 745 3599 800 multo

2016 841 2071 887 et
2097 833 2373 901 graviores
2411 830 2465 883 in
2501 828 2695 883 delicta
2750 845 2924 901 paena:
2958 840 3013 885 et
3059 831 3428 888 diuturniores
3463 849 3599 890 con-

2018 923 2219 978 stitutae
2238 931 2382 978 sunt.
2412 920 2544 988 Quae
2588 937 2673 976 res
2696 937 2759 975 eo
2806 937 2974 991 usque
3005 938 3349 991 progressum
3378 925 3591 993 habuit,

2015 1027 2076 1074 ut
2099 1018 2461 1073 atrocioribus
2483 1017 2811 1088 quibusdam
2853 1013 3148 1069 sceleribus
3193 1016 3351 1071 venia
3410 1017 3592 1073 indui.

2015 1110 2302 1179 gentiaque
2323 1109 2566 1164 funditus
2591 1110 2853 1176 denegata
2881 1105 3062 1169 fuerit,
3082 1122 3359 1176 nunquam
3385 1117 3443 1161 ut
3464 1124 3589 1163 cum

2015 1198 2255 1254 Ecclesia
2292 1199 2629 1253 reconciliari
2670 1204 2912 1267 possent.
2944 1195 3186 1261 Quod,ut
3211 1196 3278 1249 ab
3312 1196 3594 1254 hodierni:

2015 1292 2257 1346 moribus
2291 1301 2340 1346 et
2382 1290 2645 1346 institutis
2669 1290 3086 1353 abhorrens,ne
3120 1288 3244 1357 quis
3276 1288 3592 1345 incredibile

2014 1380 2242 1435 forsitan
2287 1382 2600 1445 arbitretur,
2654 1392 2930 1434 auctorem
2970 1378 3112 1432 dabo
3173 1376 3586 1443 Tertullianum,

2014 1473 2106 1543 qui
2141 1473 2193 1525 in
2229 1471 2368 1525 libro
2400 1472 2472 1525 De
2524 1472 2784 1541 pudicitia
2828 1470 2971 1524 clare
3008 1468 3059 1522 id
3102 1484 3166 1523 ac
3198 1469 3397 1523 diserte
3429 1477 3591 1523 testa-

2016 1574 2121 1619 tur.
2156 1562 2385 1632 Scripsit
2415 1572 2594 1617 autem
2626 1563 2772 1617 hunc
2802 1561 2998 1615 librum
3025 1576 3147 1615 cum
3175 1560 3285 1630 jam
3310 1576 3373 1614 ex
3402 1561 3590 1616 catho-

2014 1655 2119 1711 lico
2142 1654 2377 1707 Montani
2403 1652 2580 1708 factus
2602 1662 2743 1707 esset
2760 1652 2989 1716 assccla,
3014 1652 3276 1705 adversus
3294 1649 3585 1720 Zephyrini

2012 1756 2165 1815 papa:
2192 1746 2494 1807 decretum,
2527 1759 2635 1813 quo
2676 1745 2721 1798 is
2755 1740 3029 1797 adulteros
3058 1751 3179 1812 post
3215 1742 3587 1812 pmnitentiam

2009 1837 2372 1891 admittendos
2410 1837 2701 1890 edixerat:
2768 1834 3013 1903 Pontifex
3066 1835 3267 1888 scilicet
3318 1836 3586 1886 maximus

2010 1925 2367 1996 (Tertulliani
2402 1925 2568 1980 verba
2599 1924 2765 1995 sunt)
2800 1925 3071 1993 episcopus
3110 1924 3472 1991 episcoporum
3506 1922 3591 1973 di-

2008 2020 2080 2072 cit
2107 2035 2125 2072 :
2156 2018 2263 2088 Ego
2286 2028 2331 2072 et
2363 2018 2597 2071 max/tite
2619 2027 2666 2070 et
2691 2016 3065 2084 fornicationis
3109 2014 3303 2067 delicta
3338 2013 3593 2080 paznitcn-

2011 2113 2085 2165 tia
2108 2112 2302 2181 functis
2349 2111 2577 2163 dimitto.
2612 2109 2765 2176 Quod
2803 2111 3003 2164 summi
3056 2105 3327 2177 pontiﬁcis
3350 2104 3589 2159 edictum

2009 2203 2377 2259 Tertullianus
2402 2218 2743 2273 oppugnaris,
2781 2218 2845 2257 ex
2873 2216 2939 2255 eo
2966 2198 3264 2269 redarguit,
3296 2197 3441 2268 quod
3466 2213 3589 2252 cum

2008 2297 2109 2351 tria
2127 2295 2568 2365 sintgravissima
2600 2295 2828 2358 scelera,
2856 2293 3186 2355 idololatria,
3233 2289 3589 2343 homicidium

2007 2397 2061 2442 et
2100 2387 2451 2449 adulterium,
2509 2384 2748 2439 exclusis
2797 2392 2849 2438 et
2891 2382 2945 2436 in
3000 2392 3321 2451 perpetuum
3375 2379 3592 2447 rejectis

2008 2480 2222 2535 duobus
2255 2478 2499 2548 reliquis,
2531 2478 2706 2532 solum
2741 2474 2991 2529 adulterii
3029 2473 3234 2527 crimen
3266 2472 3332 2525 ad
3371 2471 3588 2524 veniam

2008 2570 2298 2639 exceperit.
2330 2567 2470 2633 Quid
2497 2569 2633 2637 agis.
2669 2566 2864 2635 inquit,
2893 2563 3209 2617 mollissima
3229 2570 3277 2614 et
3311 2560 3589 2613 humanis—

2009 2663 2146 2715 sima
2189 2660 2517 2729 disciplina?
2547 2663 2649 2711 Aut
2696 2655 2936 2710 omnibus
2965 2656 3038 2708 eis
3075 2655 3171 2707 hoc
3214 2669 3324 2706 esse
3352 2652 3585 2705 debebis:

2012 2752 2165 2806 Beati
2192 2752 2329 2805 enim
2361 2751 2573 2820 paciﬁci
2600 2767 2617 2803 :
2642 2757 2733 2801 aut
2758 2749 2803 2802 si
2832 2764 2932 2800 non
2962 2744 3224 2808 omnibus,
3247 2754 3429 2797 nostra
3455 2758 3590 2800 esse.

2011 2843 2363 2897 Idololatram
2393 2843 2604 2912 quidem
2649 2851 2698 2896 et
2744 2838 3065 2892 homicidam
3132 2837 3290 2890 semel
3329 2835 3589 2903 damnas,

2013 2934 2267 2987 mazohum
2300 2949 2419 2987 vero
2451 2933 2515 2986 de
2545 2932 2713 2985 medio
2740 2931 2937 2998 excipis
2963 2969 2978 2993 ,
3017 2927 3336 2981 idololatria:
3380 2943 3589 2979 succes-

2012 3041 2202 3089 sorem,
2230 3024 2500 3077 homicidii
2551 3033 2953 3083 antecessorem,
2988 3022 3260 3089 utriusque
3290 3016 3542 3087 collegam
3566 3017 3593 3069 1’

2013 3115 2262 3168 Persona!
2308 3113 2596 3182 acceptatio
2649 3120 2759 3175 est,
2792 3109 3200 3164 miserabiliores
3251 3109 3590 3178 poenitentias
3682 3114 3685 3117 ’

1957 3195 1980 3218 ⁸
2014 3206 2293 3274 reliquisti.
2342 3204 2508 3258 Plane
2558 3205 2605 3257 si
2645 3202 2886 3257 ostendas
2928 3202 2991 3255 de
3041 3202 3229 3271 quibus
3275 3202 3591 3269 patrociniis

2010 3297 2389 3364 exemplorum,
2422 3304 2799 3365 prazceptorum
2840 3293 3149 3357 cwlestium,
3190 3292 3291 3345 soli
3334 3292 3590 3355 maecltia',

2010 3403 2057 3442 et
2084 3390 2139 3441 in
2174 3404 2237 3441 ea
2270 3386 2613 3456 fornicationi
2658 3401 2859 3455 quoque
2888 3384 3115 3453 januam
3150 3383 3469 3452 paenitentia:
3507 3397 3589 3435 ex-

2011 3480 2237 3549 pandas.
2272 3478 2397 3532 Haec
2433 3491 2551 3545 cap.
2582 3476 2634 3530 5.
2671 3476 2738 3530 At
2779 3484 2965 3545 postea
2993 3490 3042 3529 c.
3079 3472 3144 3528 9:
3192 3473 3327 3527 Hinc
3349 3483 3425 3527 est
3451 3473 3591 3543 quod

2010 3588 2176 3641 neque
2210 3568 2569 3635 idololatrite,
2606 3584 2766 3638 neque
2815 3566 3061 3637 sanguini
3086 3580 3197 3633 pax
3236 3568 3299 3620 ab
3336 3564 3590 3620 Ecclesiis

2013 3663 2276 3717 redditur.

2082 3755 2214 3821 Quze
2245 3767 2557 3823 quanquam
2578 3750 2818 3805 Montani
2841 3749 2956 3820 jam
2982 3749 3224 3804 imbutus
3248 3762 3433 3803 errore
3453 3749 3591 3803 scri-

2011 3846 2200 3916 pserit,
2233 3860 2299 3899 ex
2335 3844 2450 3913 ipsa
2485 3852 2669 3897 tamen
2702 3840 3116 3912 argumentandi
3147 3840 3353 3892 ratione
3378 3839 3590 3907 colligi-

2012 3948 2119 4000 tur,
2143 3937 2308 3997 certis
2338 3935 2662 3991 criminibus
2715 3934 2866 4004 pacis
2901 3948 2964 3987 ac
2993 3932 3163 3987 venia:
3189 3946 3337 4000 spem
3372 3945 3467 4000 per
3494 3930 3585 3985 illa

2012 4036 2255 4096 tempora
2279 4027 2609 4080 subtractam
2647 4022 2836 4078 fuisse.
2874 4020 2945 4077 Ut
2974 4021 3115 4077 enim
3147 4035 3211 4075 ex
3241 4034 3305 4073 eo
3338 4018 3482 4089 quod
3528 4018 3584 4073 in

2011 4120 2151 4173 libro
2186 4118 2259 4172 De
2290 4116 2495 4186 jejunio
2523 4126 2708 4169 contra
2737 4114 3039 4184 Psyclticos,
3078 4111 3385 4167 Catholicos
3409 4124 3588 4179 repre-

2014 4210 2221 4276 hendit,
2256 4210 2401 4279 quod
2431 4209 2595 4263 unico
2618 4206 3058 4284 Quadragesimae
3095 4204 3306 4276 jejunio
3344 4204 3583 4259 contenti

2012 4314 2206 4358 caetera
2235 4316 2265 4355 a
2300 4300 2643 4355 Montanistis
2676 4301 2891 4354 inventa
2937 4298 3319 4368 repudiarent,
3354 4295 3586 4366 quadra-

1998 4393 2282 4465 ~gesimalis
2299 4391 2493 4462 jcjunii
2520 4398 2763 4445 vetustas
2788 4390 2893 4446 hoc
2924 4391 3039 4460 ipso
3087 4387 3408 4444 Tertulliani
3435 4386 3588 4442 testi—

336 4499 402 4554 ad
452 4498 733 4567 antiquam
782 4495 1035 4552 Ecclesia:
1080 4496 1421 4565 disciplinam
1467 4498 1906 4566 cognoscendam
1942 4501 1988 4562 υ
2020 4485 2206 4539 monio
2254 4493 2446 4539 contra
2503 4483 2784 4538 luereticos
2845 4483 3134 4537 hodiernos
3176 4480 3439 4535 astruitur
3468 4497 3481 4533 :
3510 4479 3582 4535 ita

337 4588 801 4661 pernecessarium
845 4588 934 4651 sit,
966 4596 1018 4640 et
1042 4586 1108 4641 ad
1147 4586 1323 4641 varios
1351 4602 1483 4641 usus
1517 4596 1906 4657 Opportunum,

338 4696 440 4736 nos
463 4694 584 4750 qum
606 4678 673 4733 de
696 4694 756 4734 ea
788 4693 847 4733 rc
888 4679 1049 4747 longo
1078 4667 1279 4741 studio,
1315 4692 1376 4732 ac
1402 4677 1643 4747 diligenti
1679 4677 1911 4733 lectione

338 4771 792 4843 conquisivimus,
813 4770 864 4823 in
887 4770 1259 4839 theologorum
1283 4769 1622 4839 potissimum
1656 4769 1908 4840 gratiam,

338 4866 496 4937 paulo
522 4862 828 4919 accuratius
854 4862 1270 4932 explicabimus.

342 4978 668 5045 Quibusnam
692 4983 1021 5043 peccatorum
1047 4972 1418 5046 generibus,get
1440 4986 1695 5042 quatenus
1724 4984 1914 5046 negata

638 5046 935 5099 communio
969 5046 1037 5099 sit
1074 5046 1129 5097 in
1157 5043 1396 5097 Ecclesia
1428 5046 1607 5098 veteri.

409 5140 626 5194 Nullum
659 5153 781 5193 esse
812 5137 989 5191 delicti
1031 5135 1328 5206 ﬂagitiiquc
1387 5151 1587 5205 genus,
1627 5135 1771 5205 quod
1805 5152 1914 5192 non

340 5234 529 5288 eadem
552 5231 663 5295 illa,
696 5244 819 5299 quae
842 5229 1007 5295 ligare
1035 5243 1099 5283 ac
1132 5227 1366 5282 retinere
1390 5236 1585 5296 potest,
1608 5228 1821 5282 solvere
1852 5243 1917 5283 ac

341 5324 618 5379 remittere
633 5322 806 5391 possit
822 5311 1075 5375 Ecclesia:
1100 5329 1360 5389 potestas,
1386 5334 1559 5389 neque
1577 5319 1913 5389 probandum

343 5416 449 5470 hoc
479 5416 598 5468 loco
630 5420 735 5475 est,
781 5426 957 5481 neque
1010 5411 1079 5464 ab
1131 5411 1272 5476 aliis,
1324 5426 1488 5480 quam
1516 5412 1585 5465 ab
1615 5410 1913 5480 Evangelii,

343 5516 507 5576 atque
535 5503 790 5559 Ecclesiae
817 5502 1211 5565 desertoribus,
1265 5504 1319 5555 in
1364 5502 1788 5556 controversiam
1821 5503 1919 5556 ad-

345 5598 585 5653 ducitur.
619 5593 793 5663 llujus
825 5609 952 5648 vero
978 5593 1258 5659 potestatis
1291 5607 1450 5646 usum
1472 5632 1486 5656 ,
1523 5605 1647 5659 cum
1677 5591 1729 5644 in
1773 5591 1918 5661 ejus-

345 5690 468 5745 dem
498 5687 751 5743 Ecclesia:
780 5684 1007 5740 arbitrio
1032 5683 1237 5752 positus
1263 5684 1354 5746 sit,
1386 5681 1532 5736 varie
1559 5690 1916 5751 temperatum

349 5791 404 5837 et
430 5779 866 5836 administratum
891 5790 1010 5833 esse
1041 5790 1148 5831 non
1176 5774 1401 5831 dubium
1425 5784 1528 5842 est,
1563 5784 1617 5831 et
1645 5774 1712 5831 ad
1743 5773 1918 5831 conti-

2016 4578 2256 4650 prol‘ecto
2282 4578 2495 4631 duobus
2518 4575 2623 4629 illis
2648 4576 2863 4637 saltem,
2896 4575 2980 4629 vel
3016 4574 3191 4628 tribus
3226 4574 3380 4629 initio
3406 4587 3598 4641 pecca-

2014 4671 2086 4723 tis
2118 4684 2306 4739 pacem
2343 4667 2547 4721 nullam
2574 4666 2643 4720 ab
2673 4665 2917 4720 Ecclesia
2947 4680 3265 4720 concessam
3297 4706 3313 4730 ,
3349 4680 3416 4719 ex
3441 4664 3592 4733 ejus-

2012 4760 2135 4815 dem
2168 4758 2491 4814 auctoritate
2539 4772 2603 4812 ac
2640 4756 3059 4811 ratiocinatione
3077 4756 3323 4811 concludi
3354 4769 3459 4809 non
3492 4756 3593 4807 im-

2015 4853 2212 4908 merito
2236 4860 2430 4921 potest.
2458 4850 2537 4905 Ac
2575 4848 2760 4903 nescio
2798 4864 2869 4903 an
2890 4856 2944 4902 et
2970 4848 3111 4903 idem
3158 4846 3429 4901 Pacianus
3465 4844 3592 4898 Bar-

2014 4944 2327 5000 cinonensis
2351 4942 2640 5012 episcopus
2661 4941 2909 4997 docuerit
2934 4940 2987 4994 in
3016 4937 3284 4993 Partenesi
3314 4936 3380 4989 ad
3413 4937 3593 5004 posuit.

2015 5051 2138 5106 quae
2171 5043 2254 5089 est
2276 5042 2425 5089 torno
2454 5030 2519 5085 lll
2550 5032 2691 5087 Bibl.
2730 5030 2846 5085 PP.
2876 5031 2935 5086 ln
2968 5046 3076 5101 qua
3123 5035 3473 5099 peccatorum
3505 5042 3593 5094 ge-

2017 5141 2148 5181 nera
2169 5125 2278 5179 duo
2306 5124 2589 5195 distinguit
2620 5140 2632 5175 :
2667 5123 2774 5178 alia
2813 5137 2935 5192 qua:
2957 5120 3207 5190 capitalia
3232 5126 3408 5179 vocat,
3445 5131 3593 5185 quae-

2015 5234 2123 5289 que
2150 5216 2385 5271 Joannes
2408 5215 2507 5286 Ep.
2535 5214 2576 5283 l,
2607 5230 2726 5285 cap.
2760 5230 2813 5279 v,
2849 5214 2918 5265 ad
2954 5220 3173 5265 mortem
3202 5225 3321 5263 esse
3344 5207 3500 5261 dixit.
3519 5205 3592 5260 Ea

2016 5325 2147 5365 vero
2170 5324 2275 5363 non
2311 5310 2416 5364 alia
2441 5317 2608 5373 sunt,
2644 5322 2806 5376 quam
2836 5305 2938 5360 tria
2971 5305 3078 5367 illa,
3115 5317 3349 5373 quorum
3378 5300 3592 5353 Tertul-

2016 5403 2194 5457 lianus
2243 5400 2508 5465 meminit,
2558 5398 2880 5461 idololatria,
2925 5395 3225 5453 l'ornicatio.
3259 5401 3309 5448 et
3364 5391 3592 5445 homici-

2016 5495 2191 5557 dium,
2246 5508 2369 5564 quae
2415 5491 2534 5546 Act.
2584 5506 2653 5544 xv
2687 5490 2742 5545 in
2774 5488 3033 5559 synodica
3084 5488 3177 5542 illa
3215 5483 3590 5555 apostolorum
3618 5481 3648 5495 ‘

2018 5589 2261 5659 Epistola
2322 5587 2641 5643 nominatim
2714 5583 2989 5655 prohiberi
3049 5590 3221 5653 putat.
3282 5578 3589 5647 Despectus,

2019 5680 2216 5749 inquit,
2244 5680 2297 5732 in
2321 5677 2494 5731 multis
2523 5674 2753 5746 Spiritus
2782 5685 2994 5729 sanctus
3028 5674 3137 5727 lttec
3160 5671 3310 5727 nobis
3342 5668 3593 5740 capitalis

2019 5772 2240 5843 periculi
2287 5769 2584 5827 conditione
2612 5768 2824 5838 legavit.
2865 5765 3086 5835 Reliqua
3141 5771 3358 5835 peccata
3402 5761 3584 5817 melio-
