3994 6222
411 271 549 330 1019

1509 263 1862 322 APPENDIX
1899 259 2534 318 DISSERTATIONUM.

3539 247 3676 304 1020

410 398 528 438 rura
562 400 778 451 operum
807 385 1230 452 compensatione
1253 395 1530 442 curantur.
1577 387 1704 442 Ila'c
1747 404 1864 442 vero
1891 387 1994 440 tria
2025 391 2068 446 Α
2099 387 2330 448 videtur,
2361 383 2492 454 quin
2517 395 2622 436 una
2652 373 3148 448 participandorum
3178 369 3566 443 mysteriorum
3587 369 3678 439 jus

412 475 640 528 crimina
663 487 721 528 ut
747 475 984 529 basilisci
1016 477 1248 546 alicujus
1274 477 1503 548 afflatus,
1541 485 1598 530 ut
1620 478 1800 532 veneni
1829 477 1993 542 calix,

415 573 470 618 ut
495 565 670 620 letalis
731 567 960 634 arundo,
999 568 1278 622 metuenda
1305 579 1447 623 sunt.
1487 570 1566 622 Ac
1615 568 1888 622 nonnullis
1921 567 1998 620 in-

415 657 700 725 terjectis:
742 655 871 711 Hice
927 660 1222 730 quicunque
1273 670 1390 730 post
1433 659 1591 728 fidem
1647 660 1852 728 fecerit,
1895 658 1993 714 Dei

415 746 609 818 faciem
658 765 762 802 non
781 735 1004 805 .videbit.
1043 751 1390 821 Desperavere
1419 761 1688 805 tantorum
1710 752 1994 806 criminum

415 839 512 894 rei.
544 838 685 904 Quid
737 841 880 896 vobis
911 860 1002 913 ego
1027 843 1166 912 feci?
1206 843 1461 913 Nunquid
1495 862 1598 898 non
1628 845 1730 912 fuit
1759 845 1808 897 in
1835 854 1996 911 pote—

413 940 551 986 state
587 949 650 986 ne
691 934 884 1003 ﬁeret?
920 935 1181 990 Nullusne
1227 935 1548 992 admonuit?
1591 935 1758 990 Nemo
1795 937 1994 1004 pra’di-

416 1025 543 1078 ait?
601 1027 785 1096 Tacuit
840 1025 1124 1082 Ecclesia?
1169 1025 1319 1080 Nihil
1365 1025 1658 1095 Evangelia
1703 1027 1996 1082 dixerunt?

417 1110 576 1166 Nihil
603 1115 832 1182 apostoli
854 1115 1161 1167 comminati
1191 1124 1312 1166 sunt
1339 1115 1362 1163 ?
1398 1112 1550 1166 Nihil
1579 1115 1778 1184 rogavit
1819 1133 1995 1170 sacer-

413 1204 510 1259 dos
535 1208 561 1261 ?
600 1203 742 1270 Quid
771 1205 1012 1274 quam'tis
1055 1222 1173 1260 sera
1196 1205 1390 1259 solatia
1413 1207 1439 1260 ἱ)
1472 1205 1615 1259 Tunc
1645 1207 1840 1274 decuit,
1875 1224 1993 1260 cum

413 1295 624 1350 licebat.
665 1295 816 1350 Dura
837 1297 942 1350 ista
975 1313 1074 1350 vox
1109 1307 1206 1362 est,
1238 1299 1328 1352 sed
1359 1299 1448 1368 qui
1479 1315 1566 1352 vos
1604 1299 1782 1368 felices
1809 1300 1990 1354 dicunt

413 1389 468 1442 in
497 1404 726 1442 errorem
761 1405 849 1442 vos
889 1390 1128 1452 mittunt,
1181 1398 1286 1444 etc.
1321 1387 1444 1444 Haec
1471 1390 1636 1458 igitur
1667 1393 1994 1459 persuadere

414 1487 666 1546 possunt,
706 1477 760 1532 in
807 1476 1069 1548 Hispania
1101 1479 1294 1534 saltem
1331 1479 1618 1548 pristinam
1649 1480 1794 1533 illam
1829 1479 1994 1536 disci-

415 1569 580 1638 plina:
607 1568 952 1624 severitatem
993 1569 1208 1625 Paeiani
1259 1579 1502 1636 tempore
1528 1569 1785 1639 viguisse.
1831 1570 1994 1624 Tam-

410 1659 516 1714 etsi
540 1675 605 1714 ne
633 1659 683 1714 id
707 1661 920 1730 penitus
947 1659 1230 1729 allirmem,
1255 1662 1545 1732 prohibent
1587 1662 1697 1728 illa,
1721 1679 1843 1732 quae
1867 1677 1994 1732 pro-

413 1750 560 1804 xime
609 1752 940 1822 subiunxit:
997 1752 1222 1822 Accipite
1272 1753 1584 1816 remedium.
1633 1755 1680 1808 si
1720 1761 1996 1824 desperare
2025 1734 2068 1790 Β

414 1841 681 1910 coepistis;
714 1843 760 1896 si
799 1843 1016 1896 miseros
1059 1859 1147 1897 vos
1191 1845 1476 1914 agnoscitis
1501 1885 1516 1910 ,
1557 1847 1602 1898 si
1633 1845 1850 1899 timetis.
1883 1843 1998 1900 Nisi

416 1933 521 1986 hoc
550 1931 784 1988 fortasse
809 1933 1107 1988 remedium
1136 1934 1200 1987 ad
1237 1934 1408 1988 solam
1435 1935 1806 2004 ptnnitentiam
1834 1935 2000 2005 perti-

415 2031 560 2088 neat,
585 2037 707 2093 quze
750 2023 806 2078 in
841 2037 908 2078 eo
939 2039 1136 2095 genere
1161 2025 1368 2104 peccati
1397 2025 1692 2081 relaxanda
1717 2041 1994 2096 nunquam

414 2112 599 2170 fuerit.

487 2203 566 2258 Ex
591 2204 807 2271 iisdem,
845 2205 950 2262 nisi
979 2203 1162 2270 fallor,
1185 2204 1426 2262 fontibus
1462 2205 1780 2260 Eliberitani
1817 2205 2000 2261 conci-

414 2293 470 2349 lii
511 2296 728 2351 decreta
786 2297 878 2352 illa
942 2296 1184 2367 profecta
1234 2305 1381 2364 sunt,
1434 2313 1666 2366 quorum
1735 2299 2000 2353 severitas

413 2385 575 2454 paulo
608 2385 885 2441 nonnullis
917 2387 1165 2442 acerbior
1194 2387 1310 2442 visa
1347 2403 1412 2442 eo
1443 2389 1660 2442 demum
1685 2388 1803 2442 illos
1829 2389 2000 2458 impu-

415 2475 497 2542 lit,
549 2484 609 2530 ut
646 2475 694 2530 ei
732 2476 966 2532 concilio
1004 2477 1220 2546 culpam
1275 2487 1328 2533 et
1373 2493 1614 2533 errorem
1659 2479 1996 2551 atlingerent.

412 2569 615 2622 Contra
646 2583 783 2638 quos
805 2569 894 2622 alii
929 2567 1230 2624 lnnocentii
1278 2569 1498 2626 decreto
1526 2581 1798 2641 pugnant;
1822 2572 1914 2642 qui
1943 2557 2012 2628 in.

413 2658 574 2725 epist.
607 2659 661 2724 '5,
695 2673 815 2727 cap.
852 2659 910 2723 2,
962 2659 1124 2714 tacito
1168 2661 1389 2714 nomine
1418 2661 1565 2716 illius
1617 2662 1998 2716 auctoritatem

415 2757 600 2802 tuetur
627 2758 681 2804 et
733 2759 980 2806 excusat.
1043 2754 1155 2820 Ego
1200 2759 1308 2806 tam
1347 2754 1469 2818 hos,
1500 2769 1664 2823 quam
1691 2754 1812 2809 illos
1840 2754 2001 2809 aber-

414 2854 538 2892 rare
558 2855 774 2896 censeo.
831 2841 937 2896 Sed
969 2842 1184 2897 concilii
1215 2858 1455 2900 canones
1495 2845 1548 2900 in
1587 2846 1776 2916 primis
1825 2847 2002 2902 anim-

415 2932 734 2987 advertendi
784 2941 931 2988 sunt.
980 2932 1037 2988 In
1084 2935 1171 2990 his
1206 2936 1374 2990 multa
1413 2938 1674 2994 adversus
1717 2941 1999 3010 superiora

413 3027 509 3082 illa
563 3035 614 3082 et
649 3027 992 3082 atrocissima
1021 3028 1247 3082 crimina
1281 3031 1620 3098 sanciuntur,
1651 3048 1716 3088 ac
1756 3033 2072 3128 plerum-‘c

415 3135 523 3189 que
548 3135 616 3175 ne
643 3120 697 3175 in
731 3121 852 3176 vitae
894 3121 1112 3192 quidem
1152 3122 1298 3176 exitu
1321 3125 1636 3180 communio
1659 3128 1996 3183 conceditur.

413 3209 548 3267 Nam
579 3210 632 3264 in
663 3211 840 3280 primo
870 3226 1076 3266 canone
1120 3212 1190 3266 ita
1217 3211 1322 3268 PP.
1357 3216 1699 3271 constituunt
1727 3237 1742 3272 :
1783 3217 2000 3274 Placuit

413 3302 786 3371 utquicunqae
835 3311 952 3370 post
989 3303 1146 3370 ﬁdem
1193 3304 1442 3372 baptismi
1499 3307 1755 3361 salutaris
1803 3309 2000 3363 adulta

415 3403 572 3450 aetate
604 3391 672 3444 ad
707 3391 955 3461 templum
991 3393 1118 3446 idoli
1141 3394 1584 3450 idololatralurus
1619 3401 1924 3466 accesserit,
1952 3407 2002 3453 et

417 3483 618 3556 fi'cerit,
649 3480 789 3551 quod
818 3489 894 3534 est
919 3482 1111 3536 crimen
1141 3485 1371 3553 capitale
1409 3486 1502 3557 (al.
1537 3488 1720 3554 lectio,
1752 3491 1890 3560 quod
1923 3501 2000 3546 est

417 3575 614 3632 crimen
655 3573 966 3642 principale,
1005 3575 1130 3644 quia
1159 3585 1238 3629 est
1273 3593 1535 3632 summum
1565 3579 1780 3652 scelus),
1823 3599 1914 3637 nec
1947 3585 2002 3638 in

417 3667 520 3739 ﬁne
561 3681 680 3718 eam
717 3666 1136 3720 communionem
1183 3669 1465 3738 suscipere.
1531 3669 1744 3728 Rursus
1783 3689 1906 3729 can.
1930 3675 1998 3729 2:

424 3757 717 3824 Flumineis,
768 3759 859 3829 qui
900 3768 1016 3828 post
1046 3760 1206 3830 fidem
1243 3761 1446 3816 lavacri
1499 3773 1547 3817 et
1591 3768 2006 3836 regenerationis

417 3851 854 3920 sacrificaverint,
902 3868 961 3907 eo
1012 3851 1150 3918 quod
1192 3856 1570 3923 geminaverint
1603 3857 1818 3924 scelera,
1849 3877 2004 3914 acce-

417 3947 568 3998 dente
614 3944 930 4011 Iunnicidio,
969 3943 1047 3999 vel
1097 3946 1477 4015 triplicaverint
1527 3949 1774 4018 facinus,
1831 3952 2006 4007 colite—

417 4044 563 4090 rente
593 4036 831 4102 ntachia,
871 4035 1076 4104 placuit
1113 4053 1198 4091 eos
1233 4053 1324 4092 nec
1361 4038 1416 4092 in
1446 4039 1551 4108 fine
1592 4042 1826 4110 accipere
1859 4060 2004 4098 com-

417 4128 737 4183 munionem.
788 4129 856 4182 At
887 4142 1009 4183 can.
1049 4129 1118 4183 '5:
1188 4127 1250 4184 Si
1295 4147 1400 4184 non
1443 4132 1866 4196 immolaverunt,
1911 4136 2000 4188 sed

417 4238 607 4275 munus
640 4230 843 4274 tantum
879 4221 1158 4287 dederunt,
1189 4223 1388 4292 placuit
1424 4225 1477 4278 in
1501 4225 1604 4286 ﬁne
1637 4226 1712 4280 eis
1745 4237 2002 4293 praestare

417 4310 854 4372 communionem,
883 4320 1002 4364 acta
1032 4321 1204 4366 tamen
1234 4313 1472 4383 legitima
1501 4317 1828 4384 paenitentia.
1863 4316 2002 4372 Item

2098 485 2527 548 potestatemque
2549 472 2620 528 sit
2644 471 2885 540 adeptus.
2946 466 3080 520 Nam
3115 474 3234 535 post
3261 462 3520 516 σύστασιν
3540 502 3556 526 ,
3583 461 3676 530 qui

2095 579 2323 640 quartus
2354 567 2488 623 ordo
2517 563 2848 635 paenitentia:
2869 560 2993 624 fuit,
3035 559 3086 612 in
3121 573 3231 628 quo
3254 557 3426 612 solam
3457 555 3524 608 ad
3555 569 3676 608 ora-

2097 663 2260 720 tionis
2293 660 2732 718 communionem
2763 654 3212 717 admittebantur,
3263 649 3494 706 subinde
3527 647 3676 702 nullo

2097 757 2376 826 interiecto
2413 752 2582 825 gradu
2621 751 2704 814 ei;
2733 748 2792 802 τὸ
2825 747 3051 810 τέλειον,
3097 742 3242 814 quod
3277 740 3528 795 ultimum
3555 746 3672 792 erat

2095 863 2158 904 ac
2191 845 2668 916 perfectissimum,
2693 839 2980 912 pervenire
3007 836 3272 892 solebant.
3313 832 3388 887 De
3419 847 3532 902 quo
3569 831 3672 886 sub

2094 938 2256 994 tinem
2288 933 2674 1005 disputationis
2704 931 2868 1002 hujus
2899 926 3162 984 nonnulla
3189 923 3572 994 disserentur._

2165 1028 2460 1084 Videamus
2501 1039 2648 1080 nunc
2685 1021 2960 1093 quodnam
2995 1018 3061 1074 de
3097 1018 3163 1072 iis
3185 1015 3484 1070 Innocentii
3523 1013 3670 1083 judi-

2093 1120 2234 1176 cium
2270 1115 2558 1180 exstiterit,
2591 1113 2702 1168 imo
2739 1120 2918 1166 utrum
2949 1109 3016 1165 de
3048 1108 3158 1163 illis
3195 1107 3414 1161 locutus
3451 1104 3675 1158 omnino

2093 1212 2184 1276 sit,
2211 1209 2353 1280 quod
2383 1205 2626 1278 plerique
2649 1218 2840 1260 omnes
2865 1201 3194 1258 existimant.
3259 1197 3358 1252 llic
3383 1197 3530 1252 enim
3559 1196 3671 1264 epi-

2093 1304 2232 1360 stola
2269 1301 2324 1366 5,
2375 1299 2444 1354 ad
2477 1297 2824 1366 Exuperium,
2845 1309 2964 1364 cap.
2999 1294 3055 1357 Ξ,
3093 1292 3168 1346 ita
3203 1289 3392 1346 scribit
3422 1307 3438 1344 :
3471 1287 3542 1341 Et
3581 1288 3674 1340 hoc

2093 1395 2372 1467 quesitam
2399 1402 2496 1456 est,
2539 1389 2663 1460 quid
2699 1390 2762 1442 de
2799 1387 2878 1440 his
2916 1383 3180 1438 observari
3203 1382 3410 1448 debeat,
3446 1381 3536 1451 qui
3561 1389 3672 1449 post

2096 1487 2414 1557 baptismum
2427 1485 2568 1540 omni
2583 1493 2808 1550 tempore
2831 1476 3224 1532 incontinentiae
3246 1485 3292 1527 et
3321 1471 3673 1542 voluptatibus

2093 1573 2261 1627 dediti
2285 1573 2342 1626 in
2366 1579 2598 1626 extremo
2619 1571 2722 1638 ﬁne
2750 1568 2870 1622 vitae
2899 1581 3010 1620 sua
3033 1563 3400 1634 picuitentiam
3425 1561 3608 1624 simul,
3625 1569 3672 1614 et

2097 1663 2574 1718 reconciliationem
2596 1658 2976 1715 communionis
2993 1661 3296 1725 exposcunt.
3321 1653 3392 1706 De
3403 1652 3486 1705 liis
3499 1653 3674 1706 obser-

2097 1759 2239 1813 vatio
2259 1757 2405 1826 prior
2431 1755 2638 1818 durior,
2689 1751 2954 1822 posterior
2985 1747 3358 1804 interveniente
3381 1745 3674 1798 misericor-

2099 1849 2192 1901 dia
2219 1847 2532 1902 inclinatior
2555 1853 2672 1898 est:
2711 1858 2838 1896 nam
2868 1839 3188 1896 consuetudo
3217 1839 3364 1907 prior
3391 1838 3582 1899 tenuit,
3619 1847 3672 1891 ut

2099 1939 2468 1994 concederetur
2489 1937 2565 1992 eis
2591 1934 2916 1997 nmnitentia,
2942 1932 3031 1987 sed
3057 1931 3356 1985 communio
3377 1938 3672 1999 negaretur.

2101 2028 2249 2084 Nunt
2299 2043 2418 2082 cum
2467 2026 2578 2080 illis
2639 2023 2956 2093 temporibus
3018 2021 3216 2075 crebra
3293 2019 3676 2088 persecutiones

2099 2129 2298 2184 essent,
2335 2134 2399 2172 ne
2439 2115 2822 2171 communionis
2863 2129 3112 2168 concessa
3165 2111 3400 2180 facilitas
3445 2110 3677 2166 homines

2099 2213 2162 2268 de
2189 2212 2614 2266 reconciliatione
2646 2225 2856 2264 securos
2882 2223 2984 2261 non
3023 2215 3286 2258 revocaret
3315 2221 3350 2256 a
3379 2202 3556 2272 lapsu,
3591 2219 3673 2256 ue-

2099 2311 2228 2372 gata
2267 2301 2454 2356 merito
2493 2299 2788 2354 communio
2816 2307 2916 2362 est,
2966 2312 3209 2350 concessa
3243 2295 3580 2364 paenitentia,
3619 2309 3678 2350 ne

2102 2401 2270 2446 totum
2317 2393 2524 2461 penitus
2573 2398 2884 2460 negaretur;
2939 2395 2988 2440 et
3021 2385 3288 2439 duriorem
3325 2385 3679 2440 remissionem

2101 2482 2227 2552 fecit
2269 2481 2516 2549 temporis
2557 2480 2716 2534 ratio.
2773 2475 2877 2532 Sed
2903 2484 3182 2546 postquam
3217 2473 3476 2526 Dominus
3507 2483 3678 2526 noster

2099 2587 2281 2642 pacem
2325 2569 2578 2624 Ecclesiis
2623 2568 2734 2623 suis
2779 2567 3033 2630 reddidit,
3059 2565 3176 2634 jam
3204 2564 3425 2634 depulso
3459 2573 3676 2627 terrore,

2101 2664 2518 2717 communionem
2565 2661 2684 2714 dari
2740 2659 3054 2714 abeuntibus
3100 2656 3325 2727 placuit,
3381 2665 3432 2709 et
3471 2665 3680 2725 propter

2100 2753 2314 2807 Domini
2359 2751 2798 2814 misericordiam,
2842 2750 2998 2820 quasi
3035 2748 3286 2802 viaticam
3337 2747 3680 2816 profecturis,

2101 2861 2164 2899 ne
2195 2843 2482 2898 Novatiani
2520 2842 2752 2897 hatretici
2795 2839 3036 2910 negantis
3088 2837 3294 2892 veniam
3342 2837 3678 2906 asperitatem

2101 2945 2150 2990 et
2186 2936 2444 2989 duritiam
2469 2933 2712 3002 subsequi
2744 2932 3036 2986 videamur.
3095 2929 3382 2983 Tribuetur
3411 2945 3535 2998 ergo
3564 2944 3682 2982 cum

2101 3029 2406 3098 paenitentia
2435 3043 2670 3081 extrema
2695 3025 3014 3100 commtuiio,
3048 3031 3152 3078 etc.
3195 3021 3354 3077 lianc
3385 3021 3680 3076 Innocentii

2102 3119 2304 3188 locum,
2327 3119 2474 3192 quod
2495 3120 2548 3174 in
2575 3133 2652 3178 eo,
2669 3132 2866 3189 genere
2891 3109 3358 3170 luculentissimiis
3387 3114 3478 3180 sit,
3508 3123 3682 3169 totum

2103 3207 2480 3284 ascripsimus.
2504 3213 2640 3268 Cum
2669 3219 2850 3266 autem
2881 3209 2948 3264 ad
2979 3208 3302 3264 Eliberitani
3338 3207 3556 3262 concilii
3589 3207 3680 3262 de-

2102 3317 2250 3364 creta
2271 3306 2595 3363 nominatim
2623 3304 2952 3374 respexisse,
2986 3316 3112 3356 cum
3141 3301 3258 3355 inec
3286 3299 3574 3366 scriberet,
3597 3298 3681 3353 ln-

2101 3401 2414 3458 nocentium
2441 3406 2632 3469 putent
2651 3397 2900 3452 homines
2922 3394 3143 3462 eruditi,
3167 3393 3300 3447 mihi
3329 3393 3548 3463 quidem
3575 3409 3680 3447 non

2101 3493 2365 3564 probant;
2412 3506 2538 3545 nam
2587 3488 2980 3544 Eliberitanum
3020 3484 3312 3540 concilium
3357 3482 3588 3537 καθόλου
3615 3481 3680 3537 de

2103 3584 2170 3639 iis
2204 3582 2462 3654 loquitur,
2491 3579 2582 3650 qui
2625 3579 2875 3650 graviora
2917 3587 2972 3634 et
3002 3576 3258 3647 capitalia
3302 3577 3498 3632 delicta
3529 3593 3678 3632 com-

2101 3677 2402 3742 miserant;
2437 3689 2557 3744 qua:
2573 3673 2640 3728 ad
2667 3671 2771 3726 tria
2803 3686 2997 3742 genera
3021 3669 3390 3724 Tertullianus
3415 3678 3470 3724 et
3495 3667 3682 3723 Pacia-

2101 3783 2206 3822 nus
2258 3773 2548 3831 revocant;
2604 3778 2746 3833 quos
2799 3761 3040 3832 quidem,
3083 3773 3414 3829 quocunque
3462 3759 3680 3814 demum

2103 3872 2344 3930 tempore
2369 3857 2578 3914 admitti
2605 3871 2725 3912 sese
2751 3852 3163 3925 postulaverint,
3191 3851 3561 3922 repudiandus
3591 3850 3682 3904 de-

2103 3951 2298 4008 cernit.
2347 3951 2416 4005 At
2449 3949 2705 4019 Exuperii
2743 3947 3043 4004 sciscitatio
3069 3946 3134 4000 ad
3159 3960 3254 4000 eos
3279 3952 3488 4000 tantum
3513 3944 3682 4014 perti-

2101 4045 2281 4108 nebat,
2300 4042 2392 4112 qui
2417 4051 2538 4112 post
2563 4042 2768 4096 atrocia
2794 4040 3001 4096 scelera
3025 4039 3402 4110 pcenitentiam
3429 4039 3484 4092 in
3509 4047 3684 4092 extre-

2102 4153 2252 4192 mum
2278 4137 2404 4192 vitae
2432 4142 2649 4204 tempus
2672 4133 3029 4189 distulissent.
3085 4131 3304 4202 Alioqui
3330 4147 3456 4186 cum
3487 4130 3686 4185 inﬁniti

2101 4243 2340 4284 canones
2360 4227 2426 4283 de
2449 4228 2726 4297 lapsorum
2761 4241 2825 4280 ac
2853 4238 3311 4295 quorumeunque
3335 4231 3684 4293 peccatorum

2103 4320 2420 4389 paenitentia
2477 4329 2531 4373 et
2571 4316 3016 4372 reconciliatione
3043 4315 3248 4371 conditi
3281 4313 3538 4383 fuissent,
3573 4323 3686 4368 tam

417 4401 544 4466 ipsi,
574 4402 620 4453 si
662 4411 780 4469 post
823 4404 1186 4470 paenitentiam
1234 4405 1429 4472 fuerint
1480 4409 1748 4473 inm/tati,
1799 4409 2002 4478 placuit
2033 4410 2078 4468 D
2104 4422 2251 4477 ante,
2285 4427 2452 4482 quam
2484 4420 2606 4480 post
2637 4408 2914 4464 Nicaeanm
2945 4407 3274 4472 concilium;
3313 4422 3552 4477 cumque
3593 4405 3688 4460 Ni-

417 4489 643 4544 ulterius
682 4491 762 4544 his
792 4508 895 4546 non
944 4509 1056 4548 esse
1083 4495 1317 4548 dandam
1343 4500 1784 4564 communionem,
1817 4517 1878 4554 ne
1917 4500 2002 4553 la-

418 4585 552 4636 sisse
585 4582 652 4638 de
699 4583 960 4640 Dominici
1004 4589 1367 4644 communione
1419 4591 1720 4646 videantur.
1789 4591 2006 4648 Rursus

418 4691 540 4726 ean.
574 4673 642 4727 7:
693 4669 750 4728 Si
795 4677 914 4744 quis
960 4678 1095 4746 forte
1133 4679 1307 4749 fidelis
1337 4690 1455 4750 post
1495 4683 1702 4750 lapsum
1745 4686 2002 4749 mwchia’,

413 4775 532 4833 post
563 4775 796 4835 tempora
826 4771 1116 4822 constituta
1139 4783 1257 4826 acta
1292 4775 1620 4839 pcenitentia,
1649 4776 1818 4828 denuo
1845 4776 2005 4844 fuerit

420 4859 738 4932 fornicatus,
763 4862 961 4931 placuit
983 4880 1102 4918 eum
1133 4881 1224 4917 nec
1255 4867 1308 4918 in
1335 4865 1439 4936 ﬁne
1468 4867 1657 4922 habere
1683 4870 2008 4922 communio-

421 4969 538 5006 nem
589 4950 670 5008 Tu
696 4965 924 5010 caeteros
946 4956 1191 5018 consule.
1221 4973 1456 5027 quorum
1489 4959 1736 5030 plerique
1756 4959 1820 5014 ad
1857 4975 2008 5014 cam-

420 5048 542 5100 rlem
575 5047 920 5102 severitatem
961 5049 1226 5119 implicati
1255 5060 1402 5106 sunt.
1458 5050 1516 5106 ln
1549 5051 1634 5108 his
1663 5053 2008 5110 communio-

421 5139 508 5191 nis
533 5141 756 5195 nomine
780 5150 912 5196 sunt
943 5142 1034 5212 qui
1067 5141 1464 5201 Eucharistiam
1505 5147 1774 5202 duntaxat
1805 5148 2008 5203 intelli—

421 5241 574 5298 gant,
610 5233 768 5303 qtiasi
807 5249 836 5288 a
875 5235 1110 5304 peccatis
1144 5235 1376 5291 exsoluti
1407 5235 1610 5292 fuerint
1655 5237 1728 5292 illi
1763 5238 2006 5308 quidem,

421 5332 512 5383 sed
547 5327 812 5383 Dominici
837 5327 1086 5398 corporis
1115 5329 1338 5384 minime
1371 5327 1494 5383 facti
1527 5330 1838 5399 participes.
1872 5329 2008 5396 Qui-

421 5424 524 5476 bus
557 5421 704 5476 nullo
739 5420 900 5474 modo
927 5421 994 5474 ab
1015 5422 1239 5476 eruditis
1261 5422 1596 5478 conceditur.
1647 5421 1834 5492 Neque
1866 5426 2008 5478 enim

420 5513 620 5568 veteris
657 5513 912 5569 Ecclesia:
953 5511 1064 5568 ritu
1097 5515 1258 5568 ambo
1303 5513 1406 5568 ista
1439 5513 1684 5584 seiuncta
1718 5515 1889 5572 fuisse
1920 5532 2014 5584 pu-

425 5613 568 5658 tant:
591 5621 764 5676 neque
781 5607 1068 5677 quisquam
1087 5621 1273 5675 pacem
1291 5622 1354 5663 ac
1373 5609 1864 5664 reconciliationem
1884 5625 2010 5662 cum

426 5695 668 5752 Ecclesia
693 5713 856 5766 quam
881 5714 984 5754 nos
1011 5699 1390 5756 absolutionem
1411 5701 1664 5770 dicimus,
1707 5701 2010 5758 obtinuisse

2105 4521 2314 4562 omnum
2339 4505 2516 4574 ipsum
2547 4504 2613 4558 de
2641 4503 2808 4572 lapsis
2837 4501 3166 4570 recipiendis
3193 4509 3302 4554 tam
3325 4499 3528 4554 diserte
3553 4513 3682 4553 san—

2105 4598 2310 4664 xisset;
2336 4599 2517 4666 inepta
2549 4609 2682 4650 sane
2714 4589 3185 4660 luissetExuperii
3213 4590 3300 4643 illa
3347 4589 3600 4659 quaestio,
3637 4588 3686 4644 si

2105 4689 2360 4745 universe
2381 4697 2540 4756 atque
2571 4686 2780 4740 inlinitc
2811 4691 3162 4752 percontatus
3189 4690 3352 4736 esset.
3382 4679 3486 4734 Sed
3523 4681 3690 4734 nimi—

2105 4797 2224 4834 rum
2257 4781 2360 4834 alia
2393 4787 2445 4833 et
2487 4795 2514 4832 a
2537 4778 2702 4848 lapsis
2731 4791 2794 4831 ac
2817 4774 3194 4844 peccatoribus
3219 4773 3446 4844 reliquis
3465 4773 3688 4828 illorum

2107 4881 2354 4942 separata
2387 4885 2551 4926 causa
2605 4867 2732 4935 fuit,
2778 4867 2872 4937 qui
2909 4865 3286 4936 paenitentiam
3321 4865 3388 4920 ad
3431 4863 3690 4920 instantis

2107 4965 2288 5020 obitus
2329 4963 2630 5034 perieulum
2669 4975 2844 5030 usque
2877 4959 3252 5014 distulissent:
3288 4957 3492 5028 quibus
3521 4957 3686 5014 etiam

2108 5054 2452 5112 moribundis
2477 5054 2606 5108 olim
2640 5051 2934 5106 interclusa
2959 5050 3272 5106 communio
3297 5059 3401 5104 est.

2179 5147 2336 5215 Quod
2377 5145 2684 5218 Cyprianus
2709 5142 2952 5212 epistola,
2979 5141 3040 5195 5i
3093 5140 3162 5194 ad
3193 5141 3554 5194 Antoniarum:
3575 5139 3692 5196 evi-

2109 5239 2298 5294 denter
2339 5237 2639 5308 signiticat;
2695 5250 2820 5288 nam
2867 5249 2990 5290 cum
3043 5233 3304 5288 adversus
3353 5230 3692 5288 Novatianos

2110 5330 2184 5384 ita
2217 5329 2562 5399 scripsisset:
2595 5324 2766 5379 Miror
2794 5333 2970 5378 autem
3001 5322 3258 5392 quosdam
3287 5323 3364 5376 sic
3393 5319 3690 5377 obstinatis

2109 5437 2239 5485 esse,
2274 5431 2328 5474 ut
2366 5419 2598 5473 dandam
2626 5418 2787 5486 lapsis
2839 5433 2942 5469 non
2968 5423 3148 5482 patent
3181 5415 3567 5484 pamitentiam,
3597 5422 3690 5467 aut

2109 5510 2477 5582 pwnitentibus
2512 5509 2810 5563 existiment
2835 5507 3036 5561 veniam
3065 5504 3424 5574 denegandam
3447 5521 3466 5557 :
3503 5515 3688 5573 postea

2109 5606 2216 5659 ista
2246 5602 2497 5673 subiicit:
2531 5601 2602 5654 Et
2631 5600 2852 5666 idcirco,
2885 5599 3058 5669 frater-
3087 5597 3414 5661 charissima,
3437 5597 3690 5666 pceniteu-
3731 5593 3744 5630 τ

2115 5697 2248 5754 tiam
2289 5713 2390 5752 non
2433 5705 2666 5767 agentes,
2715 5711 2808 5752 nec
2855 5693 3086 5749 dolorem
3129 5691 3440 5746 delictorum
3476 5705 3686 5745 suorum
