3994 6222
351 346 485 403 10ἳὶ

1273 349 1362 403 DE
1402 347 1878 406 PtENlTENTl/E
1917 351 2191 408 VETERE
2227 353 2630 411 DlSClPLlNA.

3485 360 3507 414 i
3519 360 3628 416 022

349 472 459 518 toto
490 462 648 517 corde
688 471 738 518 et
797 463 1085 534 manifesta
1127 464 1526 521 lamentationis
1587 485 1698 522 sua:
1735 470 1944 538 profcs—
1977 480 2020 534 Α
2047 488 2160 538 eos,
2191 473 2283 543 qui
2313 473 2366 527 in
2400 473 2609 528 obitum
2641 487 2813 543 usque
2856 471 3181 544 proferrent,
3218 473 3433 544 penitus
3458 473 3626 528 inter-

349 559 496 611 sione
523 567 792 623 testantes,
823 557 1172 628 prohibendos
1209 561 1420 613 omnino
1452 563 1750 614 censuimus
1779 578 1810 613 a
1850 577 1942 630 spe

349 650 844 704 communicationis
893 659 941 704 et
962 651 1129 718 pacis,
1159 653 1206 705 si
1241 651 1295 705 in
1327 653 1641 722 inﬁrmitate
1696 663 1854 722 atque
1888 655 1944 707 in

349 743 587 813 periculo
619 743 868 812 coeperint
916 745 1228 813 deprecari;
1275 745 1399 815 quia
1442 761 1628 814 rogare
1676 745 1795 801 illos
1838 763 1942 800 non

349 819 537 888 delicti
553 836 882 904 paenitentia,
910 836 1003 888 sed
1027 837 1464 905 mortis'urgentis
1490 836 1780 892 admonitio
1803 856 1944 892 cont-

349 927 539 996 pellit;
587 942 678 980 nec
706 927 894 997 dignus
920 937 996 982 est
1023 929 1259 996 accipere
1289 929 1564 993 solatium,
1613 931 1704 1000 qui
1737 947 1792 985 se
1836 947 1938 984 non

348 1022 598 1090 cogitavit
619 1035 731 1073 esse
753 1022 1091 1073 moriturum.
1127 1019 1202 1075 De
1225 1020 1292 1076 iis
1307 1031 1359 1075 et
1382 1020 1684 1091 Exuperius
1711 1023 1942 1078 interro-

349 1121 594 1182 gaverat,
621 1125 672 1166 et
704 1113 994 1182 respondet
1029 1112 1399 1176 innocentius,
1447 1114 1648 1182 quibus
1692 1125 1940 1178 negatam

349 1215 470 1256 esse
503 1202 947 1256 communionem
987 1202 1188 1256 mirum
1226 1203 1396 1257 videri
1442 1218 1552 1258 non
1593 1205 1772 1269 debet,
1815 1221 1942 1260 cum

351 1291 435 1346 vel
464 1291 910 1359 catechumenos,
954 1293 1070 1362 qui,
1106 1292 1252 1362 quod
1287 1293 1526 1347 nondum
1557 1292 1811 1350 Ecclesiae.
1841 1312 1939 1366 po-

351 1385 533 1438 testati
583 1384 786 1440 subditi
833 1395 1036 1450 essent,
1066 1385 1358 1440 humanius
1398 1387 1664 1442 tractandi
1702 1386 1940 1455 fuerant,

348 1473 540 1530 cadem
579 1474 665 1528 illa
706 1489 978 1529 canonum
1026 1475 1288 1530 severitas
1320 1476 1705 1546 perstrinxerit
1737 1495 1750 1532 :
1816 1495 1938 1533 nam

349 1567 444 1636 qui
470 1566 801 1636 baptismum
840 1566 894 1620 in
929 1567 1136 1620 obitum
1165 1582 1337 1637 usque
1365 1579 1778 1638 prorogassent,
1828 1586 1938 1625 non

350 1660 461 1714 illis
507 1653 726 1730 quidem
765 1659 912 1728 quod
965 1659 1222 1728 petebant
1265 1660 1589 1729 denegatum
1651 1659 1792 1730 fuit;
1845 1662 1940 1717 sed

352 1751 518 1806 iidem
558 1751 707 1806 velut
737 1750 977 1805 infamias
1008 1752 1152 1806 notis
1183 1751 1349 1806 inusti
1381 1768 1410 1806 a
1444 1753 1751 1808 sacerdotio
1787 1753 1940 1822 peni-

2049 566 2232 622 clusos
2267 565 2437 620 fuisse
2459 579 2679 620 censeo.
2727 564 2970 620 Tandem
2998 580 3125 620 vero
3159 581 3226 618 ne
3255 566 3376 620 istis
3404 567 3623 636 quidem

2047 658 2235 728 iiegari
2273 656 2714 712 communionem
2764 659 2988 727 placuit,
3039 673 3163 713 cum
3195 657 3497 713 instaurata
3532 657 3627 714 Ec-

2046 751 2227 804 clesia:
2257 750 2528 812 libertate,
2578 750 2874 818 plurimum
2917 750 2984 804 de
3033 751 3384 820 antiquorum
3415 749 3623 804 rituum

2045 842 2334 896 severitate
2376 857 2441 897 ac
2496 841 2704 896 duritia
2753 841 3099 896 decessisset.
3145 840 3248 896 Per
3294 842 3408 896 haec
3447 841 3625 897 incre-

2047 943 2228 988 menta
2261 934 2544 1003 paulatim,
2581 941 2848 1004 quantum
2884 933 3144 1000 arbitror,
3175 934 3460 1004 disciplina
3498 948 3627 1004 pro-

2045 1028 2230 1082 cessit.
2257 1024 2444 1095 Neque
2468 1035 2650 1079 tamen
2679 1025 2858 1081 ubivis
2890 1035 3186 1090 terrarum,
3206 1035 3260 1080 et
3283 1025 3334 1080 in
3365 1027 3623 1082 omnibus

2045 1115 2306 1172 Ecclesiis
2355 1117 2604 1170 moribus
2646 1116 2760 1170 haec
2797 1116 3031 1171 subinde
3078 1126 3292 1186 recepta
3341 1119 3621 1184 videntur;

2043 1219 2244 1264 etcum
2280 1210 2399 1264 alite
2430 1209 2554 1264 aliis
2586 1209 2748 1264 citius
2766 1209 3113 1275 ascivissent,
3138 1210 3338 1264 veteris
3391 1209 3624 1264 instituti

2044 1315 2106 1356 ac
2134 1302 2442 1357 Severitatis
2474 1303 2720 1372 reliquiae
2751 1317 2916 1372 penes
2949 1302 3160 1371 aliquas
3204 1301 3294 1355 diu
3329 1301 3624 1355 admodum

2043 1393 2384 1449 resederunt.
2421 1394 2672 1450 Nondum
2708 1395 2855 1449 enim
2890 1395 3129 1465 generali
3163 1394 3345 1464 aliqua
3377 1395 3624 1449 sanctio-

2042 1498 2133 1548 ue,
2175 1497 2282 1553 qua
2331 1497 2522 1538 omnes
2571 1481 2830 1538 Ecclesia:
2871 1491 3208 1547 tenerentur,
3248 1496 3309 1535 ea
3358 1496 3446 1536 res
3493 1497 3627 1535 con-

2043 1569 2235 1624 Stituta
2259 1567 2471 1636 fuerat;
2504 1578 2599 1623 aut
2627 1569 2775 1623 illam
2817 1577 2966 1623 certe
3010 1568 3222 1623 tardius
3254 1567 3494 1637 regionis
3525 1568 3627 1623 ali-

2042 1661 2197 1732 cujus
2226 1662 2567 1716 consuetudo
2593 1670 2756 1731 atque
2787 1676 2921 1716 usus
2946 1661 3190 1715 admisit.
3222 1659 3394 1726 Quam
3429 1659 3482 1713 in
3511 1676 3624 1715 rem

2042 1751 2172 1809 facit
2211 1753 2465 1825 Cypriani
2498 1753 2703 1807 dictum
2748 1752 2878 1806 illud
2934 1751 3102 1820 Epist.
3156 1751 3224 1805 ad
3262 1751 3513 1806 Anton.:
3555 1750 3625 1804 Et

353 1853 442 1897 tus
477 1843 840 1907 arcebantur;
887 1857 1028 1913 quos
1058 1843 1221 1897 etiam
1257 1843 1496 1910 Clinicus
1541 1844 1934 1903 nominabant:
1970 1836 2014 1892 Β
2043 1845 2254 1917 quidem
2303 1843 2445 1914 apud
2481 1855 2832 1896 antecessores
2882 1851 3086 1896 nostros
3138 1843 3358 1912 quidam
3402 1848 3465 1896 de
3516 1843 3627 1912 epi-

351 1933 498 2004 quod
533 1935 586 1988 in
610 1950 771 1989 causa
797 1932 1083 1989 Novatiani
1114 1943 1380 1989 testantur
1412 1933 1510 1989 SS.
1543 1933 1678 2000 PP.,
1709 1944 1933 1992 etconc.

351 2023 790 2081 Neocaesariense
832 2025 1071 2080 decrevit
1103 2040 1225 2080 can.
1254 2025 1342 2079 12.
1391 2026 1464 2080 De
1497 2025 1719 2081 Clinicis
1750 2026 1932 2097 igitur,

353 2126 411 2173 ut
441 2118 515 2172 ita
545 2118 745 2184 dicam,
785 2117 1173 2186 pmnitentibus
1208 2117 1581 2187 accipiendum
1613 2126 1696 2172 est
1741 2118 1936 2172 rescri-

353 2220 502 2280 ptum
527 2209 654 2264 illud
685 2207 1010 2265 Innocentii.
1028 2208 1122 2263 Vel
1143 2210 1344 2278 potius,
1369 2217 1566 2262 cumet
1589 2207 1655 2263 de
1682 2208 1786 2262 illis
1812 2218 1935 2280 agat

351 2301 642 2372 praecipue,
678 2308 732 2354 et
768 2315 833 2354 eo
874 2301 1119 2354 narratio
1154 2309 1264 2354 tota
1308 2298 1576 2354 referatur
1607 2317 1623 2366 ;
1659 2300 1821 2354 altius
1855 2312 1933 2354 ta-

349 2406 473 2446 men
515 2388 792 2460 negotium
821 2400 1089 2460 repetens,
1135 2389 1268 2459 quid
1299 2389 1366 2445 de
1406 2391 1552 2444 omni
1582 2401 1931 2460 peccatorum

347 2497 547 2554 genere
569 2480 825 2536 Ecclesia:
865 2481 1208 2536 consuetudo
1239 2482 1493 2548 tenuerit,
1530 2482 1581 2535 in
1612 2482 1929 2536 memoriam

347 2585 600 2631 revocat:
643 2575 787 2644 quod
817 2573 884 2627 ad
922 2571 1165 2628 Clinicos
1198 2573 1334 2628 istos
1368 2574 1711 2643 suspicamur
1743 2583 1930 2643 postea

347 2668 523 2726 fuisse
566 2667 902 2722 restrictum.
969 2666 1212 2721 Primum
1253 2666 1399 2721 enim
1431 2665 1497 2720 dc
1532 2666 1839 2722 libidinosis
1877 2673 1932 2718 et

354 2759 823 2820 incontinentibus
847 2767 1088 2828 rogatus.
1106 2759 1174 2813 de
1193 2758 1378 2828 lapsis,
1402 2759 1502 2813 hoc
1520 2769 1602 2813 est
1626 2759 1930 2815 idololatris

350 2854 675 2909 nominatim
713 2854 930 2908 decreta
971 2851 1197 2922 proicrt.
1253 2852 1457 2907 Deinde
1491 2867 1615 2907 cum
1660 2854 1927 2920 ιωηίιοιι-

349 2948 482 3002 tiam
545 2947 664 3002 sine
706 2945 1095 3002 communione
1160 2960 1479 3000 concessam
1529 2945 1764 3010 asserit,
1822 2960 1926 2999 non

351 3049 463 3093 tam
517 3037 666 3093 istud
709 3037 777 3092 ad
826 3037 1086 3104 Clinicos,
1117 3053 1282 3108 quam
1330 3039 1395 3092 ad
1423 3054 1780 3108 quoscunque
1808 3054 1930 3108 pec-

349 3139 564 3186 catores
587 3132 798 3187 attinet.
831 3133 994 3202 Atqui
1021 3133 1087 3185 de
1113 3132 1450 3186 moribundis
1476 3131 1739 3186 duntaxat
1763 3132 1928 3185 inter-

2045 1941 2217 2010 scopis
2245 1939 2367 1993 istic
2401 1939 2454 1991 in
2485 1937 2756 2006 provincia
2782 1945 2968 1990 nostra
3010 1936 3247 1990 dandam
3285 1953 3466 2005 pacem
3505 1953 3629 1990 nite-

2044 2033 2154 2085 cltis
2186 2046 2290 2083 non
2321 2037 2676 2098 putaverunt;
2717 2035 2766 2080 et
2798 2027 2848 2080 in
2886 2037 3057 2081 totum
3090 2026 3411 2096 paenitentia:
3453 2025 3628 2078 locum

2042 2133 2226 2178 contra
2257 2120 2522 2175 adulteria
2563 2119 2894 2180 clauserunt;
2933 2134 3036 2171 non
3059 2129 3231 2172 tamen
3265 2115 3329 2170 ab
3359 2117 3629 2187 episwpo-

2041 2229 2156 2267 rum
2179 2227 2393 2266 suorum
2424 2210 2644 2280 collegio
2675 2219 3019 2264 recesserunt.

2110 2301 2236 2357 [late
2265 2301 2356 2357 ille
2391 2298 2752 2354 Novatianum
2805 2299 3208 2369 perstringens;
3260 2297 3408 2368 quod
3441 2296 3507 2351 ad
3540 2295 3627 2350 in-

2042 2394 2416 2464 tempestivam
2452 2392 2505 2445 in
2543 2391 2726 2461 lapsos
2767 2390 3169 2448 crudelitatem.
3216 2388 3362 2458 quod
3399 2387 3629 2442 minime

2040 2486 2415 2543 necessarium
2476 2490 2630 2548 erat,
2698 2480 2987 2537 dissidium
3057 2479 3434 2549 adjunxisset,
3495 2493 3622 2533 cum

2040 2579 2243 2649 alioqui
2282 2577 2348 2632 de
2386 2576 2554 2646 lapsis
2602 2573 2746 2645 quod
2782 2573 2943 2629 vellet
2980 2571 3233 2642 privatim
3274 2570 3478 2625 sentire
3521 2584 3620 2638 po-

2039 2673 2222 2737 tuerit,
2261 2685 2361 2725 nec
2397 2669 2465 2723 ab
2511 2667 2768 2722 Ecclesia:
2811 2665 3072 2720 societate
3110 2662 3313 2717 divelli.
3360 2659 3518 2727 Quod
3558 2659 3628 2714 de

2039 2762 2376 2818 Tertulliano
2411 2758 2631 2829 perinde
2665 2756 3042 2827 usurpandum
3074 2762 3212 2817 erat,
3260 2752 3306 2808 si
3353 2759 3462 2805 tam
3498 2749 3620 2816 iste,

2036 2871 2202 2928 quam
2234 2853 2570 2910 Novatianus
2611 2851 2874 2904 hactenus
2913 2847 3293 2917 procederent,
3345 2852 3405 2898 ut
3436 2842 3624 2911 lapsos

2037 2946 2379 3003 reconciliari
2413 2959 2520 2998 non
2553 2953 2807 3012 oportere
2835 2941 3101 3012 dicerent,
3144 2952 3255 2991 non
3302 2944 3485 2990 autem
3530 2948 3627 2988 ve-

2038 3039 2142 3093 niae
2178 3038 2480 3094 tribuendas
2519 3036 2612 3106 jus
2643 3035 2710 3088 ab
2743 3032 2986 3088 Ecclesia
3029 3045 3257 3100 prorsus
3307 3026 3622 3098 abjudicas-

2044 3135 2166 3183 sent
2200 3147 2213 3182 :
2245 3141 2409 3197 quam
2450 3126 2520 3180 ob
2565 3139 2790 3180 causam
2846 3121 3040 3176 merito
3084 3128 3344 3189 tanquam
3387 3114 3627 3172 haeretici

349 3223 580 3294 rogabat
611 3191 935 3293 Exuperius:
965 3232 1018 3278 et
1055 3223 1212 3278 aliter
1244 3223 1492 3278 dubitare
1531 3223 1768 3279 hominis
1825 3235 1944 3278 erat
1969 3191 2012 3250 C
2046 3220 2289 3277 damnati
2313 3227 2461 3275 sunt.
2496 3217 2614 3272 iam
2659 3231 2789 3270 vero
2826 3231 2892 3270 ex
2933 3215 3150 3268 illorum
3178 3225 3428 3277 numero,
3485 3222 3629 3280 quos

347 3330 542 3388 parum
572 3315 626 3369 in
651 3315 908 3372 Ecclesiae
939 3317 1138 3373 ritibus
1169 3317 1392 3374 eruditi.

420 3406 785 3473 Quamobrem
815 3409 1108 3465 verisimile
1135 3419 1221 3465 est
1251 3409 1629 3465 Innocentium
1655 3408 1929 3480 hypothe-

351 3500 436 3567 sin
481 3498 550 3553 ad
586 3501 815 3568 thesim,
856 3502 961 3556 hoc
1017 3510 1101 3558 est
1152 3503 1458 3572 generalem
1519 3502 1946 3572 disputationem

352 3591 891 3661 controversiamque
944 3606 1270 3658 revocasse;
1317 3602 1370 3647 et
1415 3608 1637 3647 causam
1692 3592 1945 3648 attulisse

353 3695 452 3734 cur
493 3679 786 3750 aliquando
835 3682 1004 3737 tardis
1037 3682 1144 3736 illis
1183 3683 1605 3753 paenitentibus;
1654 3682 1782 3736 olim
1819 3697 1945 3737 vero

356 3773 524 3827 etiam
568 3771 904 3842 quibuslibet
937 3773 1248 3843 graviorum
1300 3774 1590 3828 criminum
1630 3773 1762 3838 reis,
1795 3788 1944 3828 com-

356 3863 645 3920 munionis
677 3877 800 3932 spes
849 3863 1076 3933 praecisa
1121 3860 1285 3917 fuerit
1317 3881 1330 3917 :
1363 3863 1644 3928 nimirum,
1679 3876 1789 3932 quo
1824 3876 1942 3932 pm-

355 3970 551 4010 narum
605 3966 753 4010 metu
809 3955 866 4009 in
921 3955 1098 4010 olIicio
1143 3954 1442 4010 Christiani
1499 3955 1938 4020 continerentur,

357 4046 623 4120 principio
665 4047 1049 4102 communione
1093 4046 1400 4117 prohibitos
1443 4046 1757 4114 capitalium
1789 4084 1803 4110 ,
1863 4045 1943 4100 uti

357 4139 495 4206 dixi,
525 4139 791 4194 scelerum
840 4139 1115 4203 conscios,
1161 4155 1260 4193 nec
1298 4154 1540 4210 unquam
1585 4139 1696 4193 sive
1733 4139 1942 4192 incolu-

360 4244 499 4292 mes,
531 4228 646 4282 sive
697 4229 1052 4285 moribundos
1096 4229 1353 4286 Ecclesiae
1404 4231 1720 4293 restitutos,
1756 4238 1942 4299 postea

357 4335 488 4375 vero
519 4318 761 4372 nondum
795 4321 1010 4388 penitus
1049 4322 1339 4376 constituta
1377 4335 1529 4391 pace,
1563 4320 1940 4389 paenitentiam

358 4413 576 4483 quidem
616 4411 722 4466 illis
759 4427 822 4468 ac
871 4413 1312 4467 communionem
1361 4411 1648 4478 indultam,
1693 4412 1785 4481 qui
1829 4427 1944 4466 ma-

2047 3316 2280 3385 spissius
2314 3327 2378 3368 ac
2427 3310 2637 3366 tardius
2665 3310 2718 3363 in
2747 3323 2868 3364 eam
2901 3307 3176 3362 lenitatem
3211 3304 3473 3360 infractos
3505 3318 3630 3357 esse

2045 3408 2314 3471 diximus,
2369 3403 2755 3474 liispanienses
2805 3399 3060 3455 Ecclesia:
3111 3409 3274 3469 atque
3346 3396 3622 3452 antistites

2047 3498 2320 3554 recenseri
2365 3496 2595 3561 debent;
2633 3509 2773 3565 quos
2802 3509 2911 3547 non
2952 3491 3128 3561 magis
3172 3506 3336 3560 quam
3398 3499 3630 3543 cancros

2050 3605 2267 3652 omnes,
2309 3589 2554 3658 adeoque
2579 3586 2883 3642 Ecclesiam
2916 3583 3072 3638 initio
3105 3592 3277 3637 totam
3319 3589 3502 3637 tuetur
3528 3596 3626 3635 ex«

2047 3668 2312 3751 cusatque
2373 3678 2639 3750 pontifex.
2701 3676 2836 3732 Volo
2887 3678 3034 3731 enim
3096 3675 3397 3730 Innocentii
3461 3675 3628 3730 verba

2046 3775 2282 3845 prudens
2333 3773 2504 3827 lector
2549 3771 2982 3832 animadvertat,
3033 3768 3469 3833 observationem,
3519 3768 3634 3821 sive

2045 3864 2473 3920 consuetudinem
2526 3863 2756 3933 priorem
2798 3862 3024 3938 tenuisse
3061 3875 3079 3914 :
3111 3858 3255 3930 quod
3302 3858 3369 3913 de
3408 3857 3632 3927 provin-

2045 3959 2201 4014 cialis
2236 3956 2431 4030 synodi
2481 3969 2690 4012 canone
2723 3969 2788 4010 ac
2830 3955 3050 4010 decreto
3095 3963 3441 4022 nequaquam
3477 3948 3627 4004 dice-

2044 4059 2160 4117 ret;
2197 4050 2290 4105 sed
2318 4051 2385 4105 de
2410 4064 2478 4104 eo
2513 4050 2703 4120 utique
2727 4048 2861 4114 ritu,
2897 4046 2992 4116 qui
3039 4044 3210 4099 totius
3241 4041 3502 4096 Ecclesiae
3532 4039 3628 4106 sit,

2045 4148 2139 4195 aut
2171 4139 2393 4210 majoris
2436 4139 2627 4193 saltem
2669 4137 2842 4208 partis
2893 4133 3293 4191 consuetudine
3347 4140 3625 4201 receptus.

2045 4231 2311 4300 Quocirca
2347 4231 2606 4301 praeclare
2636 4230 2711 4296 id,
2756 4227 2904 4300 quod
2945 4227 3196 4297 superius
3237 4225 3474 4296 positum
3517 4231 3628 4288 est,

2046 4327 2149 4380 hoc
2202 4323 2502 4379 lnnocentii
2548 4322 2923 4378 testimonium
2972 4320 3266 4375 conﬁrmat
3309 4337 3322 4373 :
3370 4326 3624 4386 negatam

2044 4415 2300 4470 maximis
2356 4413 2651 4470 sceleribus
2700 4414 2827 4466 olim
2887 4411 3333 4467 communionem
3381 4409 3554 4464 fuisse
3604 4425 3621 4463 :

360 4515 481 4561 ture
509 4505 576 4561 ad
602 4521 720 4562 eam
752 4505 1036 4576 petendam
1065 4507 1446 4572 accessissent,
1499 4504 1711 4559 caneris
1743 4505 1795 4557 in
1820 4519 1940 4574 per-
1973 4529 2016 4583 ι)
2046 4524 2150 4578 qua
2177 4515 2364 4578 postea
2393 4507 2682 4576 permissa,
2718 4505 2822 4561 soli
2853 4506 2931 4560 illi
2964 4504 3176 4574 excepti
3217 4503 3497 4567 videntur,
3527 4499 3625 4571 qui

361 4607 583 4668 petuum
643 4597 904 4668 rejectis,
953 4611 1026 4651 ac
1083 4607 1360 4669 postremo
1419 4597 1626 4667 pacatis
1688 4595 1944 4650 Ecclesia:

361 4689 543 4755 rebus,
595 4687 758 4743 etiam
816 4687 1082 4742 tardiores
1139 4686 1258 4742 illos
1308 4685 1548 4740 instante
1595 4685 1708 4756 jam
1766 4694 1944 4740 morte

359 4779 801 4835 communionem
860 4779 1207 4848 impetrasse.
1271 4777 1397 4831 Tria
1463 4778 1581 4832 hmo
1629 4777 1943 4833 necessario

359 4871 740 4943 distinguenda
771 4879 899 4926 sunt
934 4869 1189 4926 Ecclesia:
1220 4877 1486 4940 tempora,
1531 4878 1590 4924 ut
1619 4870 1943 4926 dissidentes

360 4984 391 5024 a
433 4983 490 5022 se
538 4965 770 5022 invicem
820 4965 1266 5036 gravissimorum
1307 4961 1533 5016 Patrum
1588 4963 1942 5018 auctoritates

359 5059 743 5117 concilientur.
781 5056 844 5111 Et
885 5057 1102 5128 quidem
1145 5056 1322 5125 prima
1358 5055 1448 5109 illa
1483 5054 1943 5123 severissimaque

361 5149 649 5220 disciplina
684 5149 788 5203 sub
819 5149 1194 5219 apostolorum
1245 5155 1511 5216 tempora,
1546 5153 1599 5200 et
1627 5145 1691 5200 ad
1721 5143 1941 5199 Tertul-

360 5243 492 5298 liani
520 5241 632 5299 fere
655 5241 913 5298 saeculum
946 5241 1201 5304 obtinuit,
1233 5255 1356 5310 quae
1386 5255 1414 5292 a
1461 5237 1773 5310 Zephyrin
1805 5255 1942 5308 pon-

361 5339 527 5402 silice,
580 5336 725 5407 quod
773 5334 840 5388 ad
894 5334 1184 5389 nitecliiam
1228 5340 1456 5402 spectat,
1518 5330 1799 5401 paululum
1849 5347 1940 5386 re-

363 5433 564 5497 laxata,
596 5428 852 5500 Cypriani
885 5426 1221 5496 temporibus
1270 5426 1508 5496 majores
1557 5424 1622 5477 ad
1662 5424 1939 5478 lenitatem

365 5538 687 5592 progressus
761 5520 968 5576 habuit.
1033 5518 1158 5573 Fuit
1219 5518 1362 5572 enim
1444 5515 1744 5572 secundum
1808 5515 1941 5570 illud

364 5615 606 5671 maxime
635 5623 869 5683 tempus,
900 5627 1010 5683 quo
1035 5612 1242 5666 nullum
1273 5609 1476 5682 peccati
1512 5624 1682 5680 genus
1705 5625 1733 5662 a
1759 5607 1938 5664 fructu

362 5707 768 5766 Communionis
796 5714 1082 5774 exceptum
1114 5715 1228 5770 est;
1261 5703 1354 5758 sed
1390 5701 1461 5755 ita
1491 5711 1696 5765 tamen,
1725 5701 1770 5757 si
1806 5710 1942 5755 tem-

367 5801 556 5873 porius
596 5816 654 5859 se
685 5799 751 5856 ad
787 5798 1167 5870 pwnitentiam
1218 5790 1562 5868 applicarent
1596 5814 1607 5850 :
1646 5810 1770 5851 nam
1819 5804 1934 5854 tum

2045 4600 2111 4654 ad
2142 4609 2446 4654 extremum
2485 4613 2658 4668 usque
2689 4597 2811 4651 vita:
2840 4597 3147 4667 periculum
3189 4596 3241 4650 in
3268 4595 3468 4650 delicto
3499 4608 3626 4664 per-

2045 4699 2408 4747 severassent.
2456 4688 2614 4744 Unde
2662 4689 2714 4742 in
2755 4688 2988 4743 concilio
3022 4687 3229 4743 Arelat.
3263 4702 3302 4754 i,
3334 4702 3458 4742 can.
3499 4685 3571 4739 23
3606 4703 3622 4742 :

2045 4786 2122 4838 De
2163 4784 2265 4850 his,
2311 4783 2401 4852 qui
2440 4789 2768 4852 apostatant,
2841 4791 2890 4835 et
2941 4797 3213 4852 nunquam
3250 4796 3304 4834 se
3343 4779 3412 4832 ad
3457 4777 3626 4832 eccle~

2044 4877 2181 4930 siam
2226 4881 2624 4942 repraesentant,
2675 4887 2766 4924 nec
2813 4869 3023 4940 quidem
3065 4869 3422 4937 paenitentiam
3470 4880 3627 4933 agere

2045 4977 2310 5038 quierunt,
2335 4978 2378 5019 et
2409 4975 2591 5035 postea
2636 4964 2945 5032 inﬁrmitate
2984 4961 3211 5029 correpti
3254 4969 3434 5027 petunt
3479 4972 3625 5010 com-

2045 5058 2370 5121 munionem,
2404 5055 2605 5125 placuit
2639 5054 2714 5108 eis
2761 5071 2863 5106 non
2904 5055 3139 5105 dandam
3174 5046 3620 5108 communionem,

2046 5149 2150 5202 nisi
2204 5147 2559 5214 revaluerint,
2608 5155 2657 5200 et
2709 5145 2907 5216 egerint
2954 5143 3142 5212 dignos
3195 5139 3402 5207 [ructus
3456 5135 3624 5205 paeni-

2045 5241 2246 5294 (entire.

2115 5331 2210 5387 Est
2239 5330 2385 5386 aliud
2414 5330 2637 5400 insuper
2671 5329 2722 5382 in
2755 5329 2848 5382 illo
2881 5324 3182 5380 lunocentii
3224 5323 3348 5378 loco
3393 5318 3624 5375 minime

2043 5423 2502 5494 praetereundum,
2535 5436 2658 5476 cum
2692 5420 2768 5473 ait
2809 5429 3052 5490 negatam
3087 5417 3252 5487 fuisse
3293 5411 3623 5468 communio-

2045 5493 2180 5582 nem,
2210 5531 2508 5568 concessam
2545 5513 2932 5582 ptenitentiam,
2974 5527 3036 5563 ne
3078 5519 3243 5562 totum
3291 5506 3496 5576 penitus
3539 5514 3626 5554 ne-

2043 5618 2278 5679 garetur.
2304 5605 2380 5660 Ex
2413 5621 2522 5676 quo
2556 5605 2627 5659 ita
2656 5604 2911 5673 colligere
2940 5603 3066 5656 licet
3100 5622 3112 5656 :
3145 5599 3259 5656 Nisi
3291 5593 3621 5669 pmniteutice

2043 5701 2264 5756 nomine
2298 5698 2695 5754 absolutionem
2725 5696 3076 5752 innocentius
3118 5695 3400 5765 intelligat,
3435 5707 3558 5764 qua:
3584 5707 3615 5744 a

2043 5793 2314 5854 Dominici
2346 5792 2594 5866 corporis
2624 5791 2922 5865 usurpandi
2958 5789 3081 5861 jure
3127 5790 3385 5847 distincta
3430 5787 3521 5852 sit,
3549 5782 3618 5839 de
