3994 6222
430 255 568 309 1025

1521 258 1866 314 APPENDIX
1902 256 2534 317 DISSERTATIONUM.

3535 261 3664 320 102".

427 389 540 445 quo
575 383 762 444 postea
796 375 1036 452 dicemus
1068 394 1081 430 :
1112 377 1436 446 quibusdam
1478 379 1848 448 peccatoribus
1881 391 1999 446 poe-
2031 379 2074 434 Α
2102 375 2239 431 adeo
2269 386 2328 430 ut
2359 393 2424 434 ex
2451 379 2786 435 Eliberitano
2826 391 3089 434 consessu
3137 375 3478 446 asperiorem
3525 375 3659 432 illam

431 467 713 520 nitentiam
761 466 835 520 ita
877 467 1200 536 permissam
1245 483 1388 532 esse,
1425 478 1574 524 utea
1615 484 1892 538 nunquam
1925 481 2000 522 re-

431 553 722 608 laxaretur.
759 554 1020 610 Siccium
1075 572 1194 610 sese
1247 574 1335 612 res
1395 557 1602 622 habuit.
1631 556 1755 628 .Nou
1799 567 2001 612 temere

431 641 609 710 quivis
648 643 712 695 ad
748 644 1122 712 poenitentiam
1165 646 1438 702 admissus
1476 657 1579 714 est,
1631 657 1710 714 ιιι,
1751 647 2000 718 quamvis

431 749 708 803 nunquam
743 735 798 788 in
829 737 1059 806 gratiam
1102 754 1224 792 cum
1259 738 1500 794 Ecclesia
1531 740 1805 796 rediturus
1835 750 1998 808 esset,

437 833 621 878 tamen
659 841 780 879 cum
815 825 998 896 aliquo
1031 828 1240 882 delectu
1268 829 1538 898 publicam
1576 831 1642 884 ad
1674 830 2002 886 satisfactio-

431 929 554 967 nem
593 915 1078 986 ptenitcntiamque
1147 919 1500 988 reciperetur.
1531 917 1664 973 Nam
1693 929 1747 974 et
1787 921 1839 972 in
1893 937 1998 990 pu-

429 1006 570 1061 blica
605 1009 940 1076 pmnitentize
987 1009 1289 1076 iunctione,
1333 1011 1414 1065 vel
1457 1011 1592 1066 citra
1635 1013 1998 1068 absolutionis

430 1113 602 1167 spem,
647 1115 781 1156 suus
831 1101 1050 1178 quidam
1103 1111 1220 1157 erat
1271 1095 1481 1158 fructus
1515 1121 1527 1156 :
1556 1104 1699 1174 quod
1731 1105 1782 1157 in
1807 1106 1998 1173 primis

425 1192 668 1246 lidelium
702 1195 950 1261 precibus
986 1196 1477 1250 commendatiores
1510 1207 1716 1252 essent.
1757 1196 1912 1264 Quod
1951 1198 1997 1252 si

423 1289 688 1352 praeterea
717 1293 974 1354 perpetua
1011 1285 1099 1339 illa
1135 1287 1448 1355 ptenitentia
1482 1287 1760 1342 damnatis
1802 1288 2000 1357 grada-

430 1375 550 1438 tim,
583 1387 643 1429 ut
684 1378 914 1440 caeteris,
965 1379 1028 1432 ad
1052 1388 1304 1448 quartum
1353 1381 1720 1448 ultimumque
1753 1379 1999 1434 ordinem

427 1465 614 1520 liceret
633 1467 808 1534 evehi,
842 1484 1006 1538 quam
1027 1469 1284 1525 σύστασιν
1321 1472 1608 1536 vocabant,
1636 1487 1744 1526 non
1767 1480 2002 1526 contem-

428 1554 667 1609 nendum
695 1572 871 1626 operte
889 1559 1122 1629 pretium
1149 1563 1392 1630 exstitit;
1420 1565 1464 1618 si
1491 1564 1670 1618 minus
1710 1563 1775 1618 ad
1809 1577 1996 1632 pacem

427 1655 482 1700 et
529 1645 886 1703 Eucharistize
936 1651 1427 1721 participationem,
1476 1653 1543 1707 ad
1577 1653 1888 1707 interiorem
1915 1661 1998 1706 ta-

428 1751 552 1790 men
601 1739 864 1794 orationis
942 1750 1375 1811 czetcrarumque
1441 1758 1621 1796 rerum
1684 1744 1994 1798 societatem

425 1830 735 1886 transferri.
769 1831 1089 1902 Quanquam
1141 1833 1232 1886 vix
1264 1841 1348 1888 est
1375 1845 1434 1888 ut
1465 1834 1682 1888 credam
1727 1834 1998 1903 perpetuis

429 1923 537 1978 illis
575 1925 967 1994 paenitentibus
1017 1937 1352 1996 postremum
1409 1927 1562 1982 illum
1619 1929 1848 1998 gradum
1903 1942 1999 1996 pa-

434 2015 609 2068 tuisse
639 2035 651 2069 :
685 2016 816 2085 quin
841 2017 1023 2084 potius
1052 2015 1223 2070 tribus
1268 2005 1558 2086 prioribus-
1579 2017 1834 2071 dcfiuitos
1877 2017 1998 2071 illos

427 2123 550 2162 esse
590 2107 858 2177 suspicor.
893 2105 968 2161 Ita
998 2109 1137 2176 apud
1179 2108 1458 2172 Basiliutu,
1511 2124 1633 2162 can.
1670 2108 1735 2163 75
1767 2109 1836 2161 ad
1867 2109 1998 2162 Am-

425 2196 584 2268 pltil.,
611 2200 700 2267 qui
744 2197 1018 2252 Christum
1060 2199 1352 2268 negaverit,
1401 2199 1538 2253 inter
1574 2201 1999 2270 προσκλαίοντας

427 2292 480 2343 in
523 2299 838 2366 perpetuum
873 2290 1184 2358 relegatur:
1218 2289 1277 2342 '0
1306 2290 1397 2342 τὸν
1423 2290 1654 2360 Χριστὸν
1681 2291 1996 2362 ἀρνησάμε-

425 2399 533 2444 νος,
574 2382 668 2434 καὶ
707 2381 958 2453 παραϐὰς
1003 2380 1064 2434 τὸ
1113 2382 1211 2452 τῆς
1260 2382 1534 2452 σωτηρίας
1582 2385 1901 2454 μυστήριον,
1941 2387 1998 2437 ὲν

425 2471 588 2524 παντὶ
613 2471 688 2542 τῷ
708 2473 881 2544 χρόνῳ
901 2473 999 2543 τῆς
1023 2471 1166 2542 ζωῆς
1191 2473 1354 2526 αὐτοῦ
1380 2474 1729 2544 προσκλαίειν
1770 2475 1995 2543 ὀφείλει,

424 2561 520 2614 καὶ
552 2559 986 2632 ἐξομολογεῖσθαι
1015 2566 1299 2634 χρεωστεῖ,
1337 2565 1393 2616 ὲν
1419 2564 1494 2624 τῷ
1525 2565 1700 2636 καιρῷ
1730 2558 1774 2634 ᾧ
1813 2565 2000 2618 ἐκϐαί-

422 2669 506 2706 νει
538 2653 628 2706 τοῦ
676 2654 812 2724 βίου,
864 2655 971 2708 τῶν
1025 2656 1382 2725 ἁγιασμάτων
1433 2657 1771 2727 ἀξιούμενος,
1819 2658 1998 2711 πίστει

424 2743 528 2814 τῆς
581 2745 732 2814 παρὰ
788 2745 922 2798 Θεοῦ
974 2747 1404 2819 φιλανθρωπίας.
1469 2749 1816 2818 Ancyranum
1871 2764 1998 2803 vero

426 2853 548 2895 can.
592 2837 662 2890 25
701 2852 813 2900 eos,
867 2841 960 2909 qui
1001 2841 1361 2894 voluntarium
1405 2841 1755 2895 homicidium
1816 2856 2000 2910 perpe-

424 2930 708 2996 travcrint,
752 2937 866 2984 toto
911 2931 1033 2985 vitae
1089 2941 1330 3002 tempore
1387 2932 1699 2987 ὑποπτώσει
1757 2933 1995 3004 subjicit.

2101 465 2445 537 disciplinam
2477 471 2815 539 expressisse
2843 469 3014 524 videri
3053 469 3245 538 possit.

2171 553 2251 610 Ex
2295 557 2362 614 iis
2401 543 2656 615 omnibus
2705 561 2897 630 liquet,
2941 558 3132 628 procul
3174 573 3204 611 a
3237 554 3659 616 Novatianorum

2101 658 2289 703 errore
2309 664 2374 704 ac
2397 649 2624 720 perﬁdia
2654 649 3020 704 Eliberitanos
3058 648 3246 703 Patres
3273 646 3517 701 abfuisse
3537 661 3662 708 tneo

2099 737 2244 792 aliud
2268 740 2495 795 omnino
2523 741 2625 796 nisi
2649 749 2745 795 aut
2769 741 3002 810 priscam
3028 740 3282 796 Ecclesiae
3301 739 3660 809 disciplinam,

2099 827 2194 882 sed
2229 844 2330 884 usu
2361 829 2474 899 jam
2506 831 2874 898 obliteratam,
2901 832 3084 887 denuo
3112 845 3438 896 revocasse;
3459 841 3550 885 aut
3570 831 3662 883 ha}-

2099 925 2304 971 rentem
2328 919 2506 974 adhuc
2531 921 2585 974 in
2609 919 2890 990 Hispaniis
2911 923 3068 977 novis
3089 922 3302 992 legibus
3324 921 3658 988 astrinxisse,

2099 1022 2224 1062 cum
2257 1010 2573 1078 capitalium
2603 1013 2869 1066 scelerum
2897 1013 2996 1076 rei,
3033 1013 3454 1082 praesertimque
3485 1012 3658 1078 trium,

2099 1099 2441 1166 idololatriae,
2496 1102 2776 1157 homicidii
2825 1114 2880 1159 et
2925 1104 3176 1158 adulterii
3211 1105 3371 1166 olim,
3421 1111 3478 1155 ut
3511 1103 3660 1156 luno-

2099 1189 2310 1244 centius
2344 1190 2522 1258 docet,
2554 1195 2838 1248 communi
2867 1195 3270 1251 consuetudine
3303 1197 3520 1248 veniam
3551 1195 3660 1248 nul-

2100 1275 2207 1328 lam
2235 1286 2289 1330 et
2316 1279 2718 1336 absolutionem
2765 1284 3079 1338 obtinerent
3107 1304 3118 1338 :
3147 1299 3252 1339 non
3287 1285 3438 1354 quod
3470 1285 3662 1340 absolvi

2099 1366 2167 1420 al)
2193 1367 2432 1424 Ecclesia
2459 1387 2567 1426 non
2595 1383 2841 1442 possent,
2879 1384 2942 1430 ut
2975 1375 3349 1430 Tertullianus
3379 1378 3655 1440 asserebat,

2099 1457 2192 1510 sed
2215 1459 2360 1526 quod
2388 1459 2528 1527 ejus,
2561 1477 2727 1531 quam
2754 1463 3150 1532 amplissimam
3179 1479 3207 1532 a
3233 1463 3460 1518 Christo
3489 1478 3662 1516 susce-

2100 1556 2274 1616 perat,
2305 1559 2554 1620 potestas
2585 1569 2744 1609 usum
2782 1557 2950 1612 certis
2981 1555 3182 1612 finibus
3209 1556 3660 1625 circumscripsis-

2099 1647 2202 1692 set.

2171 1730 2311 1786 lluic
2339 1741 2446 1787 tam
2491 1745 2786 1805 comperta:
2829 1738 3232 1808 exploratasque
3265 1739 3526 1794 doctrinae
3551 1739 3660 1793 nul-

2098 1819 2182 1874 los
2224 1823 2406 1876 acrius
2455 1834 2856 1894 repugnaturos
2891 1827 3160 1898 intelligo,
3195 1843 3366 1898 quam
3407 1829 3498 1896 qui
3536 1829 3662 1880 auti-

2097 1911 2324 1978 quitatis
2359 1912 2746 1970 ecclesiastica:
2788 1917 2971 1972 minus
2999 1918 3157 1988 periti
3197 1919 3398 1973 veteris
3425 1919 3662 1973 Ecclesiae

2099 2001 2332 2057 formam
2373 2005 2654 2062 bodiernis
2691 2007 2892 2064 ritibus
2923 2009 3304 2081 institutisque
3334 2012 3619 2065 metiuntur
3641 2031 3658 2064 ι

2099 2095 2300 2164 quibus
2351 2111 2608 2167 asperum
2660 2107 2714 2154 et
2767 2100 3133 2155 inhumanum
3186 2103 3428 2169 videtur,
3469 2103 3655 2157 homini

2099 2187 2215 2254 uilli,
2237 2188 2330 2258 qui
2357 2191 2636 2246 commissi
2660 2192 2906 2249 criminis
2933 2193 3176 2249 dolorem
3205 2210 3272 2249 ac
3301 2196 3654 2264 paenitentiam

2097 2295 2209 2348 prae
2226 2296 2284 2335 se
2307 2280 2468 2348 ferat,
2497 2297 2688 2352 pacem
2709 2294 2763 2338 et
2789 2285 3184 2340 absolutionem
3211 2286 3493 2356 denegari.
3518 2285 3654 2352 Quod

2099 2371 2276 2440 ipsum
2309 2383 2488 2429 tamen
2525 2375 2656 2430 olim
2689 2389 2839 2431 certo
2870 2376 2925 2431 in
2958 2378 3238 2432 hominum
3271 2379 3656 2448 criminumque

2099 2477 2296 2532 genere
2317 2473 2590 2519 servatum
2619 2464 2790 2522 fuisse
2814 2475 2894 2522 tot
2920 2468 3011 2522 illa
3040 2468 3310 2523 hactenus
3345 2467 3502 2522 allata
3529 2470 3658 2524 testi-

2099 2553 2280 2608 monia
2328 2554 2729 2612 demonstrant.
2779 2555 2993 2624 Quibus
3036 2572 3204 2613 unum
3259 2558 3554 2612 alterumve
3597 2557 3656 2610 ad

2098 2643 2376 2698 cumulum
2413 2646 2659 2714 accedat,
2705 2655 2765 2702 ttt
2803 2648 2885 2702 vel
2925 2648 2996 2702 ab
3043 2648 3231 2702 invitis
3273 2664 3552 2704 assensum
3579 2662 3656 2700 res

2099 2731 2202 2786 ista
2237 2744 2532 2790 mercatur.
2569 2735 2648 2792 Ac
2689 2739 2926 2807 primum
2975 2738 3117 2794 idem
3163 2754 3274 2793 non
3309 2741 3536 2794 obscure
3563 2739 3653 2808 Cy-

2102 2825 2326 2894 prianus
2350 2827 2554 2884 indicat
2581 2829 2810 2898 epistola
2841 2830 2923 2883 1'5.
2951 2829 3090 2884 Cum
3113 2831 3258 2886 enim
3291 2832 3426 2900 lapsi
3450 2830 3651 2900 quidam

2101 2916 2313 2974 libellos
2349 2934 2379 2973 a
2413 2921 2747 2992 martyribus
2785 2921 3192 2992 impetrassent,
3214 2923 3420 2992 quibus
3443 2921 3559 2976 freti
3583 2937 3654 2975 re-

424 3021 856 3098 Περὶ-ἑκουσίων
895 3024 1090 3092 φόνων,
1135 3025 1596 3079 ὑποπιπτέτωσαν
1639 3027 1756 3097 μὲν,
1797 3024 1891 3079 τοῦ
1943 3026 1996 3079 δὲ

2102 3011 2206 3082 cipi
2239 3028 2297 3067 se
2327 3013 2380 3067 in
2417 3014 2671 3070 Ecclesiae
2706 3017 3152 3072 communionem
3195 3018 3540 3087 impatienter
3569 3031 3650 3085 pe-

422 3113 626 3167 τελείου
648 3115 702 3168 ὲν
731 3115 809 3186 τῷ
829 3115 971 3170 τέλει
1011 3116 1105 3169 τοῦ
1147 3115 1262 3186 βίου
1298 3115 1792 3183 καταξιούσθωσαν.
1833 3119 1998 3190 Atqui

423 3203 678 3260 Balsatno
726 3207 791 3260 ad
831 3206 1012 3261 Basilii
1057 3223 1322 3262 canouem
1372 3223 1478 3263 non
1521 3219 1674 3279 putat
1723 3210 1846 3266 illos
1889 3211 1998 3265 τῶν

423 3296 860 3367 προσκλαιόντων
883 3298 1048 3367 gradu
1075 3307 1334 3368 perpetuo
1367 3298 1534 3354 fuisse
1559 3301 1866 3367 damnatos,
1895 3303 1990 3358 sed

424 3389 664 3458 reliquus
715 3403 906 3444 omnes
954 3405 1017 3443 ex
1077 3391 1378 3462 Ancyranaa
1437 3393 1628 3463 synodi
1681 3395 1996 3464 praescripto

423 3479 759 3547 percurrisse
797 3496 810 3531 :
842 3479 986 3548 quod
1031 3479 1175 3534 haud
1223 3481 1339 3536 scio
1383 3497 1451 3536 an
1492 3498 1678 3538 verum
1714 3485 1817 3552 sit;
1861 3501 1998 3556 quo-

423 3569 569 3620 niam
627 3567 945 3637 Ancyranus
1001 3583 1178 3624 canon
1239 3571 1371 3627 satis
1419 3574 1706 3630 commode
1751 3575 1820 3629 ad
1869 3591 1994 3630 eum

424 3675 643 3713 sensum
671 3659 913 3713 revocari
943 3659 1176 3714 videtur.

493 3749 607 3806 Iloc
653 3765 800 3816 vero,
831 3751 994 3821 [quod
1058 3767 1122 3806 ex
1171 3749 1472 3808 lnnocentii
1535 3756 1763 3825 epistola
1830 3759 1986 3814 colli-

421 3843 606 3913 gitur,
675 3842 838 3896 etiam
907 3842 1164 3914 Cypriani
1254 3847 1554 3901 auctoritas
1627 3851 1993 3920 comprobat;

419 3935 513 4002 qui
575 3933 628 3988 in
701 3933 876 4002 Epist.
931 3936 1029 4000 ad.
1073 3936 1268 3992 Anton.
1339 3937 1448 3992 duo
1513 3939 1603 3992 illa
1665 3940 1744 3995 sic
1798 3942 1994 3996 distin-

419 4027 535 4091 guit
595 4043 610 4079 :
684 4023 886 4093 Miror,
945 4027 1152 4096 inquit,
1231 4027 1486 4098 quosdam
1551 4031 1632 4084 sic
1700 4032 1994 4087 obstinatos

420 4131 550 4177 esse,
583 4125 638 4169 ut
666 4115 899 4168 dandam
928 4116 1090 4194 lapsis
1137 4133 1238 4171 non
1268 4127 1448 4188 putent
1493 4121 1875 4189 paenitentiam,
1906 4131 1995 4176 aut

419 4209 786 4276 pauitantibus
832 4210 1130 4263 existiment
1166 4211 1365 4264 veniam
1407 4213 1782 4284 denegandam.
1831 4215 2016 4290 Aliud.

421 4297 602 4366 itaque
628 4295 812 4362 fuerit,
839 4300 1215 4367 paenitentiam
1258 4303 1578 4367 concedere,
1642 4303 1789 4358 aliud
1819 4306 1992 4373 pceni-

2103 3113 2296 3169 terent,
2325 3107 2609 3162 consultus
2639 3121 2700 3162 ea
2731 3107 2800 3162 de
2828 3122 2888 3163 re
2920 3109 3225 3179 Cyprianus
3253 3110 3332 3164 ita
3356 3109 3652 3165 constituit:

2105 3193 2172 3250 Ut
2202 3198 2292 3266 qui
2320 3197 2525 3252 libellos
2548 3217 2580 3253 a
2605 3202 2931 3269 martyribus
2961 3211 3294 3271 acceperunt,
3333 3213 3380 3256 et
3409 3217 3650 3271 priet-aga-

2100 3289 2220 3342 tivis
2250 3304 2428 3341 eorum
2457 3290 2596 3358 apud
2627 3289 2796 3343 Deum
2827 3291 3071 3360 adjuvari
3113 3303 3354 3361 possunt,
3393 3293 3438 3345 si
3466 3293 3647 3346 incom-

2098 3379 2252 3432 modo
2279 3380 2456 3451 aliqua
2485 3390 2534 3435 et
2565 3381 2898 3451 inﬁrmitatis
2939 3384 3171 3451 periculo
3195 3387 3436 3453 occupati
3455 3384 3648 3452 fuerint,

2099 3487 2200 3524 non
2240 3483 2542 3541 exspectata
2579 3477 2861 3544 prcesentia
2907 3485 3087 3530 nostra
3129 3478 3272 3545 apud
3319 3477 3646 3546 presbyterum

2101 3579 2454 3634 quemcunque
2473 3577 2800 3634 prmaentem,
2829 3568 2926 3633 cel,
2949 3569 2996 3622 si
3017 3573 3291 3640 presbyter
3315 3581 3538 3641 repertus
3560 3586 3647 3621 non

2101 3655 2284 3724 fuerit,
2310 3666 2356 3709 et
2379 3672 2560 3726 urgere
2591 3657 2764 3712 exitus
2799 3660 3030 3728 coeperit,
3061 3662 3200 3729 apud
3227 3663 3504 3715 diaconum
3534 3675 3648 3728 quo-

2099 3761 2196 3815 que
2223 3745 2395 3814 facere
2423 3747 2841 3820 exltomologesin
2871 3751 3049 3804 delicti
3067 3752 3152 3805 sui
3177 3753 3482 3822 possintqtt
3508 3765 3644 3803 manu

2095 3841 2170 3894 eis
2205 3840 2260 3892 in
2289 3842 2650 3910 paenitentiam
2698 3846 2970 3913 imposita,
3021 3847 3234 3899 ueniant
3277 3847 3348 3900 ad
3393 3845 3646 3898 Dominum

2097 3945 2215 3984 cum
2253 3948 2400 3998 pace.
2443 3931 2558 3988 Hoc
2603 3934 2712 3990 illis
2743 3935 3018 3991 duntaxat
3064 3936 3372 4008 Cyprianus
3425 3935 3644 4000 indulsit,

2095 4022 2188 4091 qui
2218 4023 2428 4080 libellos
2459 4026 2852 4102 a'martyribus
2885 4027 3262 4098 accepissent;
3299 4037 3541 4089 caeteros,
3565 4024 3644 4094 qui

2096 4114 2226 4169 iisce
2277 4115 2475 4173 libellis
2522 4127 2795 4184 carerent,
2856 4131 3174 4188 exspectare
3237 4121 3428 4174 tandiu
3479 4117 3642 4189 jussit,

2093 4204 2266 4259 donec
2298 4203 2556 4262 Ecclesia:
2605 4223 2710 4278 pax
2742 4219 2889 4262 esset
2929 4207 3161 4262 reddita.
3201 4207 3554 4276 Quamobrem
3585 4219 3642 4258 nc

2093 4293 2147 4347 iu
2174 4296 2428 4365 praesenti
2458 4298 2678 4367 quidem
2710 4298 2903 4354 mortis
2923 4297 3245 4353 discrimine
3267 4299 3640 4369 posterioribus

424 4395 602 4439 tentes
647 4388 711 4440 ad
759 4403 910 4457 spem
961 4391 1424 4447 reconciliationis
1481 4391 1784 4450 admittere.
1835 4397 1988 4461 Quod

2098 4383 2204 4440 illis
2233 4399 2418 4454 pacem
2450 4386 2660 4440 tribuit.
2693 4386 2909 4456 Alioqui
2948 4387 3084 4440 nihil
3118 4386 3258 4440 inter
3281 4387 3416 4442 istos
3443 4395 3492 4440 et
3518 4385 3638 4455 prio.

421 4475 474 4527 in
528 4475 845 4532 Novatianis
889 4479 1246 4536 nihilominus
1283 4482 1629 4552 reprehendit
1673 4475 1994 4542 Ambrosius

420 4567 516 4620 lib.
549 4583 564 4620 ι
601 4566 674 4620 De
712 4584 847 4637 pom.
882 4585 1002 4639 cap.
1049 4571 1127 4626 1.:
1169 4572 1309 4636 Quid
1340 4583 1512 4627 autem
1541 4575 1746 4641 durius,
1795 4577 1990 4647 inquit,

417 4675 576 4726 quam
613 4651 669 4710 ut
703 4659 936 4713 indicant
970 4663 1364 4728 paenitentiam,
1380 4681 1539 4734 quam
1573 4684 1676 4721 non
1717 4669 1996 4724 relaxent?

421 4749 524 4804 Sed
565 4751 706 4806 alius
739 4751 1012 4807 Ambrosii
1051 4755 1248 4810 smculo
1282 4756 1396 4822 jam
1434 4773 1566 4812 usus
1595 4759 1991 4828 percrebuerat,

419 4842 628 4896 nttllutn
675 4853 733 4897 ut
773 4851 1113 4912 peccatorum
1142 4861 1312 4915 genus
1338 4847 1568 4916 amplius
1590 4849 1990 4906 excluderetur.

416 4932 534 4990 Nisi
579 4933 718 4990 forte
759 4936 937 4991 adhuc
979 4935 1034 4990 in
1081 4936 1340 5006 Hispania
1387 4939 1712 5008 quibusdam
1753 4941 1806 4996 in
1857 4942 1993 5000 locis

419 5026 632 5095 antiqui
667 5027 836 5084 moris
870 5027 1155 5098 vestigium
1186 5037 1445 5096 exstaret,
1489 5045 1663 5100 eoque
1694 5047 1856 5088 sensu
1888 5035 1995 5089 Pao

419 5117 612 5174 cianus
641 5119 989 5190 accipiendas
1019 5121 1108 5186 sit,
1143 5136 1266 5176 cum
1315 5121 1416 5175 tria
1469 5121 1560 5177 illa
1593 5124 1845 5194 capitalia
1882 5127 1992 5182 cri-

421 5211 570 5265 mina
623 5212 827 5266 nullam
892 5213 1186 5282 impetrare
1231 5227 1418 5282 pacem
1481 5214 1804 5286 veniamque
1867 5233 1996 5288 pro-

424 5303 658 5359 nuntiat.
709 5303 954 5382 Quorum
995 5305 1248 5362 conscios
1300 5322 1424 5362 cum
1475 5309 1541 5363 ad
1585 5311 1992 5379 procurandum

423 5395 782 5451 nihilominus
815 5397 1119 5452 remedium
1151 5398 1421 5465 hortatur,
1465 5399 1578 5454 ﬁeri
1603 5409 1801 5471 potest,
1841 5413 1900 5457 ut
1928 5404 1996 5458 ad

421 5487 810 5553 capessendam
874 5488 992 5542 sine
1026 5489 1136 5542 ulla
1182 5503 1278 5558 spe
1317 5492 1780 5548 reconciliationis
1822 5497 2000 5564 poeni-

428 5575 649 5630 tcntiam
696 5579 953 5646 impellat.
1018 5579 1178 5636 Certe
1224 5583 1412 5652 negari
1468 5597 1576 5646 non
1627 5593 1805 5654 potest
1860 5587 1995 5656 quin

430 5662 662 5717 obscure
693 5680 757 5720 ac
797 5667 1048 5736 perplexe
1091 5667 1156 5724 de
1191 5669 1292 5723 hac
1325 5684 1380 5723 re
1419 5667 1689 5727 Pacianus
1732 5670 1994 5742 disputet,

2097 4493 2184 4533 res
2213 4479 2520 4539 interesset,
2542 4492 2682 4547 quos
2705 4490 2884 4538 tamen
2907 4479 3117 4533 meliori
3149 4479 3331 4548 aliqua
3359 4477 3640 4533 conditione

2097 4567 2174 4622 uti
2207 4566 2468 4637 oportuit.
2511 4567 2584 4620 At
2616 4568 2760 4621 enim
2800 4567 3237 4639 exhomologesis
3266 4567 3408 4637 apud
3443 4564 3642 4636 Cypria-

2096 4675 2226 4714 num
2259 4659 2734 4726 sacramentalem,
2771 4669 2831 4714 ut
2863 4669 3081 4726 vocant,
3125 4659 3514 4717 confessionem
3543 4670 3638 4711 non

2095 4751 2387 4823 signiﬁcat,
2418 4767 2599 4823 neque
2633 4767 2740 4823 pax
2783 4752 3162 4823 absolutioque
3199 4753 3289 4808 illa
3323 4751 3534 4824 perinde
3559 4764 3638 4804 sa-

2095 4845 2360 4901 cramenti
2408 4860 2536 4915 pars
2579 4844 2706 4910 fuit,
2754 4859 2877 4900 cum
2912 4847 3079 4900 etiam
3119 4861 3152 4900 a
3193 4846 3422 4902 diacono
3465 4855 3637 4898 manus

2095 4934 2301 5004 imponi
2347 4933 2555 5004 iubeat,
2607 4935 2715 4990 nisi
2762 4935 3067 5008 presbyteri
3122 4937 3282 5006 copia
3335 4941 3632 5006 suppeteret.

2097 5027 2170 5081 De
2203 5027 2610 5098 exhomologesi
2655 5025 2832 5081 dicam
2881 5037 3068 5097 postea
3111 5028 3380 5097 pluribus.
3411 5023 3550 5094 Quod
3573 5021 3630 5077 ad

2094 5133 2284 5188 pacem
2319 5119 2932 5188 reconciliationemque
2955 5120 3212 5188 pertinet,
3257 5119 3526 5176 sciendum
3561 5125 3634 5168 est

2095 5211 2366 5280 duplicem
2397 5211 2454 5265 in
2486 5225 2550 5265 ea
2577 5219 2784 5280 partem
2815 5226 2880 5265 ac
2909 5212 3058 5266 velut
3087 5209 3320 5268 fructum
3354 5209 3633 5270 exstitisse;

2097 5311 2314 5359 nam~et
2355 5319 2386 5358 a
2430 5302 2686 5374 peccatis,
2721 5303 2828 5358 hoc
2857 5311 2941 5361 est
2965 5304 3126 5374 culpa
3159 5305 3300 5375 ipsa,
3337 5319 3490 5374 quam
3525 5301 3634 5354 diu-

2097 5407 2257 5451 turna
2281 5397 2603 5467 ptenilentia
2626 5397 2920 5462 diluerant,
2951 5397 3388 5462 absolvebantur,
3413 5394 3533 5451 etin
3558 5391 3632 5444 in-

2097 5497 2308 5558 tegrum
2351 5491 2590 5545 restituti
2635 5490 2700 5545 ad
2741 5489 3039 5561 perfectum
3079 5505 3204 5548 cum
3242 5489 3472 5547 Ecclesia
3519 5485 3626 5539 ﬁde-

2097 5581 2349 5651 libusque
2393 5583 2780 5637 commercium
2833 5597 2896 5638 ac
2937 5583 3248 5641 divinorum
3281 5581 3628 5656 mysteriorum

2104 5674 2541 5731 communionem
2576 5675 2989 5734 adhibebantur.
