3994 6222
295 314 313 367 l
327 313 434 370 0‘25

1203 309 1291 365 DE
1330 310 1802 367 PtENlTEﬁTl/E
1845 310 2117 368 VETERE
2159 314 2557 372 DlSClPLlNA.

3412 315 3548 373 i026

361 433 499 486 Cum
540 426 798 502 igitii’r'ah
826 425 1092 495 antistite,
1126 429 1209 484 vel
1237 430 1521 487 sacerdote
1548 448 1736 502 pacem
1770 448 1867 489 ac-
1894 437 1941 493 Α
1971 435 2061 489 illo
2110 434 2433 491 Tertulliani
2486 429 2708 499 saeculo,
2767 449 2877 507 quo
2927 432 3170 505 peccatis
3220 435 3546 507 quibusdam

290 524 556 593 ciperent,
609 530 904 591 utrumque
955 522 1327 576 merebantur.
1372 522 1469 577 Sin
1502 524 1648 578 nulla
1679 540 1862 580 sacer-

289 616 477 678 «lotum
523 626 665 671 eSset
708 624 969 684 potestas,
1023 623 1137 669 tum
1187 613 1443 669 Ecclesiae
1478 619 1863 673 tantummodo

288 705 568 763 conciliati
612 719 798 773 pacem
829 720 859 758 a
889 704 1136 759 diaconis
1162 704 1548 773 impetrabant,
1578 706 1737 776 cujus
1765 722 1863 762 cu-

289 798 497 852 mulum
534 813 565 851 a
601 796 883 851 sacerdote
932 797 1279 866 postmodum
1326 784 1651 853 obtinerent.
1680 798 1861 865 Quare

287 889 595 960 Cyprianus
646 889 844 943 libellis
883 898 1193 960 martyrum
1248 890 1524 959 praeditos,
1575 890 1622 946 si
1678 893 1861 947 minus

288 990 603 1050 utrumque,
648 980 879 1034 alterum
913 990 1059 1036 certe
1088 981 1409 1037 beneficium
1450 984 1713 1053 consequi
1756 1000 1857 1038 vo-

220 1068 225 1071 ’
289 1072 408 1133 Ιυίι.
428 1086 537 1140 quo
560 1071 919 1126 Eucharistia:
944 1073 1136 1127 saltem
1159 1081 1440 1143 compotes
1469 1074 1583 1128 fieri
1613 1084 1856 1144 possent.

287 1163 472 1232 Neque
500 1165 645 1217 enini
669 1163 982 1219 existimare
1004 1165 1145 1227 licet,
1170 1164 1220 1219 id
1245 1166 1391 1234 quod
1423 1166 1584 1221 hodie
1610 1166 1687 1234 fit,
1708 1168 1858 1236 prius

287 1256 411 1311 illos
443 1271 472 1309 a
501 1257 736 1325 peccatis
764 1257 1065 1324 absolutos,
1089 1272 1249 1326 quam
1281 1259 1622 1328 poenitentia,
1654 1260 1755 1315 hoc
1777 1268 1860 1315 est

284 1360 574 1413 corporum
631 1346 827 1415 poenis,
884 1361 949 1400 ac
993 1347 1258 1403 luctuosis
1305 1349 1559 1404 sordibus
1604 1350 1859 1405 Ecclesiae

284 1436 700 1492 satisfecissent.
737 1438 872 1494 Huic
916 1439 1121 1506 allines,
1155 1441 1248 1495 sed
1282 1443 1524 1497 mitiores
1554 1450 1737 1497 tamen
1773 1458 1859 1497 re-

282 1526 449 1596 liqua:
475 1527 578 1581 illae
602 1541 873 1581 canonum
936 1529 1247 1583 sanctiones
1274 1545 1339 1585 ac
1377 1529 1600 1584 Patrum
1642 1531 1857 1586 decreta

280 1630 434 1686 sunt,
465 1638 587 1692 qua:
616 1623 999 1692 peccatoribus
1027 1622 1307 1677 nonnullis
1334 1632 1649 1692 perpetuam
1682 1623 1858 1692 paeni-

283 1711 510 1765 tentiam
539 1711 613 1765 ita
645 1712 1022 1780 praescribunt,
1078 1727 1356 1781 nunquam
1407 1720 1467 1767 ut
1516 1712 1856 1766 communio-

282 1817 407 1856 nem
474 1803 1104 1873 reconciliationemque,
1152 1803 1257 1856 nisi
1293 1804 1346 1856 in
1393 1804 1499 1858 line
1526 1804 1652 1858 vitae
1683 1804 1857 1873 perci-

282 1903 494 1965 perent.
529 1894 847 1965 Cujusmodi
906 1904 1035 1950 sunt
1084 1895 1271 1950 Basilii
1318 1895 1388 1949 ad
1434 1896 1856 1964 Amphilochium

281 2003 408 2042 can.
438 1988 527 2053 75,
561 1985 886 2057 Ancyranus
910 1988 999 2053 25,
1020 1987 1132 2057 jam
1170 2004 1200 2042 a
1238 1988 1396 2045 nobis
1423 1990 1595 2044 citati.
1630 1990 1857 2045 Accedit

279 2090 334 2135 et
363 2080 566 2133 Arelat.
602 2095 619 2132 1
651 2092 825 2133 canon
875 2078 988 2132 ﬂ:
1038 2078 1110 2132 De
1156 2078 1235 2132 his
1278 2080 1366 2149 qui
1415 2079 1554 2148 falso
1602 2088 1853 2133 accusant

278 2173 473 2241 fratres
496 2188 641 2233 suos,
671 2170 873 2240 placuit
906 2185 992 2223 eos
1031 2186 1191 2239 usque
1221 2171 1289 2223 ad
1323 2172 1521 2225 exitum
1557 2173 1853 2225 communi-

279 2278 421 2317 care.
466 2258 791 2314 Toletanum
840 2272 1060 2328 quoque
1091 2273 1128 2321 ι,
1165 2272 1287 2311 can.
1324 2258 1390 2312 l9
1422 2262 1623 2326 sanxit,
1661 2269 1716 2313 ut
1743 2261 1854 2328 epi-

279 2355 444 2424 scopi,
473 2354 551 2409 vel
571 2354 785 2407 diaconi
809 2352 945 2422 ﬁlia,
979 2352 1026 2405 si
1050 2351 1233 2405 devota
1261 2352 1442 2420 fuerit,
1471 2365 1519 2407 et
1541 2356 1850 2423 peccaverit,

278 2456 328 2501 et
365 2446 614 2499 maritum
654 2446 887 2511 duxerit,
920 2456 1051 2510 etc.,
1085 2448 1131 2499 si
1172 2448 1367 2500 vivente
1404 2446 1596 2498 marito
1628 2460 1870 2500 secesse-u

280 2539 374 2602 rit,
406 2547 453 2591 et
487 2537 811 2606 pwnituerit,
844 2536 990 2589 nullo
1017 2538 1169 2590 modo
1199 2538 1301 2591 nisi
1332 2538 1440 2591 vita
1462 2537 1730 2606 deﬁciens,
1762 2553 1854 2590 ac-

279 2634 441 2702 cipiat
458 2632 893 2685 communionom.
911 2629 1014 2685 Sed
1032 2641 1084 2685 et
1110 2628 1451 2685 Valentinbm
1471 2646 1592 2685 can.
1624 2633 1657 2684 5
1680 2632 1745 2684 de
1761 2630 1849 2696 iis,

274 2727 369 2796 qui
404 2743 457 2779 se
486 2736 601 2795 post
655 2741 817 2778 unum
858 2735 905 2777 et
935 2735 1174 2778 sanctum
1212 2722 1481 2777 lavacrum
1507 2724 1580 2778 vel
1611 2724 1851 2793 profanis

278 2817 559 2885 sacriﬁciis
598 2815 917 2878 daemonum,
972 2812 1049 2867 vel
1086 2816 1283 2867 incesta
1313 2814 1519 2868 ratione
1547 2813 1849 2881 polluerint,

279 2908 491 2972 statuit,
518 2916 571 2959 ut
589 2907 669 2958 his
683 2906 847 2974 juxta
862 2906 1119 2975 synodum
1150 2904 1447 2969 Nicrenam,
1468 2905 1850 2973 satisfactionis

277 2997 491 3067 quidem
539 2998 717 3049 aditus
758 3012 857 3049 non
894 3007 1128 3065 negetur,
1159 3012 1221 3049 ne
1252 2995 1545 3064 infelicibus
1579 2996 1849 3065 lacrymis,

280 3090 359 3142 vel
383 3089 566 3143 solatii
593 3090 765 3155 janua
802 3089 1159 3155 desperatione
1192 3087 1497 3151 claudatur,
1530 3088 1704 3141 acturi
1733 3104 1850 3142 vero
1881 3124 1923 3181 ϐ

279 3181 641 3246 paenitentiam
670 3197 833 3250 usque
864 3182 917 3233 in
944 3180 1082 3233 diem
1124 3180 1329 3242 mortis,
1376 3195 1477 3232 non
1512 3180 1624 3233 sine
1653 3195 1739 3246 spe
1772 3188 1853 3233 ta-

278 3288 394 3325 men
430 3272 776 3335 remissionis,
808 3282 912 3327 etc.
942 3274 999 3325 In
1024 3287 1133 3341 quo
1164 3272 1362 3326 mirum
1390 3281 1492 3336 est,
1523 3287 1647 3326 cum
1675 3271 1852 3326 Nicat-

277 3375 385 3415 nus
418 3375 594 3414 canon
630 3361 689 3413 ll
736 3362 1053 3415 eorumdem
1100 3377 1220 3416 reos
1254 3362 1521 3416 scelerum
1564 3362 1849 3417 duodecim

281 3452 439 3506 annis
467 3452 730 3507 duntaxat
772 3452 1085 3509 satisfacere
1117 3454 1325 3524 jubeat,
1367 3464 1530 3525 atque
1557 3455 1631 3509 ita
1658 3470 1852 3509 recon-

283 3544 477 3611 ciliari,
514 3543 832 3601 Valentinos
884 3544 1006 3600 illos
1058 3545 1268 3610 Patres,
1317 3547 1411 3616 qui
1463 3562 1521 3602 se
1569 3546 1846 3602 Nicaanam

282 3635 547 3706 synodum
584 3638 736 3706 sequi
772 3638 1117 3707 proﬁtentur,
1153 3646 1303 3693 tanto
1338 3638 1622 3710 rigidiores
1674 3655 1737 3695 ac
1764 3656 1853 3695 se-

283 3726 521 3781 veriores
568 3725 759 3782 fuisse.
810 3727 891 3782 Ad
943 3728 1056 3784 haec
1091 3730 1144 3783 in
1181 3731 1409 3801 synodo,
1450 3747 1573 3800 qua:
1623 3730 1749 3787 Side
1794 3733 1849 3787 in

283 3814 594 3888 Pamphylia
626 3826 816 3873 contra
844 3819 1202 3877 Massalianos
1250 3822 1436 3877 habita
1476 3824 1671 3893 legitur
1703 3824 1845 3894 apud

276 3908 531 3964 Photium
582 3926 635 3980 p.
691 3911 779 3977 l8,
831 3911 1109 3965 decretum
1166 3923 1268 3977 est,
1338 3924 1397 3969 ut
1422 3916 1673 3985 quisquis
1726 3929 1848 3985 post

275 3989 595 4055 damnatum
621 4002 761 4057 hanc
785 4003 1016 4058 liaaresin
1045 4019 1141 4060 seu
1174 4004 1373 4070 verbis,
1406 4022 1499 4061 seu
1534 4007 1693 4062 factis
1717 4025 1849 4063 eon-

277 4089 495 4158 tagione
522 4089 666 4144 illius
692 4090 953 4146 infectum
983 4107 1042 4147 se
1064 4107 1186 4149 esse
1214 4095 1536 4164 prodiderit,
1564 4112 1844 4167 nunquam

276 4182 331 4235 in
366 4189 644 4250 posterum
677 4182 1015 4248 admittatur,
1062 4186 1312 4254 quamvis
1352 4187 1550 4243 millies
1583 4204 1641 4243 se
1675 4192 1849 4259 pinni-

277 4275 507 4329 tentium
539 4276 739 4343 gradus
772 4290 962 4331 omnes
993 4279 1328 4347 expleturum
1371 4283 1650 4350 promittat
1679 4302 1691 4337 :
1728 4286 1851 4357 Μη-

276 4366 398 4420 κέτι
432 4366 612 4420 λοιπὸν
646 4366 827 4439 χώραν
859 4368 1021 4439 ἔχειν,
1059 4371 1179 4441 μηδ’
1217 4372 1283 4425 ἂν
1322 4375 1580 4445 μυριάκις
1613 4376 1849 4445 ἐπαγγέ-

1964 539 2116 595 spem
2149 541 2369 582 omnem
2406 527 2822 583 reconciliandae
2860 528 3046 597 gratiae
3078 538 3401 598 praereptam
3450 533 3549 584 do-

1966 619 2204 682 cuimus,
2234 635 2301 675 ne
2332 621 2384 673 in
2414 620 2537 674 vita:
2561 620 2781 689 quidem
2814 621 2961 674 exitu
2986 632 3377 690 repraesentata
3400 636 3548 677 com-

1966 709 2160 763 munio
2191 710 2281 774 sit,
2313 709 2477 779 idque
2512 710 2674 780 vulgo
2707 726 2770 764 ac
2798 712 3000 780 passim
3033 712 3379 767 observatum
3420 712 3542 768 fue-

1964 804 2055 857 rit.
2096 803 2235 857 Sunt
2264 806 2355 873 qui
2390 814 2516 859 ante
2562 804 2814 875 Cypriani
2866 816 3106 875 tempora
3158 822 3364 862 morem
3396 808 3541 862 hunc

1963 893 2016 947 in
2050 892 2290 949 Ecclesia
2323 896 2563 966 viguisse
2599 906 2823 951 censent
2851 916 2863 950 :
2894 913 3001 966 quo
3031 897 3275 967 quidem,
3302 909 3358 952 ut
3393 899 3536 968 inge-

1961 999 2067 1039 nue
2101 985 2375 1053 proﬁtear,
2419 985 2738 1041 Tertulliani
2774 1002 2834 1041 ac
2866 988 3219 1056 reliquorum,
3247 990 3337 1058 qui
3365 989 3536 1043 disci-

1960 1077 2124 1146 plinae
2172 1078 2331 1132 istius
2384 1079 2771 1142 meminerunt,
2820 1081 3176 1150 propensiora
3224 1082 3538 1139 testimonia

1962 1175 2109 1222 sunt.
2133 1166 2234 1223 Sed
2259 1178 2312 1223 et
2340 1169 2666 1240 Cyprianus,
2696 1173 2908 1241 quoties
2944 1173 3180 1228 instante
3211 1174 3362 1228 obitu
3386 1190 3537 1229 eom-

1961 1260 2279 1314 munionem
2314 1260 2484 1329 lapsis
2529 1263 2793 1332 impartiri
2836 1264 3101 1334 praecipit,
3138 1265 3298 1319 tacite
3330 1266 3537 1335 signiti-

1960 1360 2068 1413 cat,
2096 1366 2284 1407 recens
2312 1353 2443 1406 illud
2478 1368 2597 1409 esse
2630 1355 2931 1421 decretum,
2971 1364 3024 1409 et
3059 1356 3185 1426 χθὲς
3221 1358 3315 1409 καὶ
3349 1356 3545 1427 πρώην

1959 1444 2028 1497 ab
2055 1442 2301 1499 Ecclesia
2336 1447 2717 1509 constitutum,
2757 1463 2868 1516 quo
2898 1457 3050 1503 vetus
3088 1459 3142 1503 et
3174 1450 3445 1504 contraria
3469 1450 3540 1504 sit

1959 1536 2217 1605 abrogata
2259 1537 2489 1591 sanctio.
2530 1537 2776 1593 Primum
2808 1542 2951 1593 enim
2995 1540 3124 1608 quid
3157 1540 3420 1595 attinebat
3450 1541 3534 1593 la-

1958 1629 2070 1697 psis
2104 1628 2171 1683 iis
2206 1630 2298 1698 qui
2324 1628 2628 1683 libellorum
2664 1631 2919 1699 prmsidio
2948 1632 3267 1695 niterentur,
3304 1633 3357 1687 in
3385 1648 3534 1687 mor-

1960 1720 2030 1772 tis
2073 1719 2451 1773 tantummodo
2496 1720 2810 1775 discrimine
2855 1723 3293 1777 communionem
3334 1738 3532 1778 conce-

1964 1810 2112 1874 dere,
2146 1825 2345 1879 negare
2374 1811 2616 1876 caneris,
2662 1811 2708 1864 si
2754 1812 2957 1865 nemini
3010 1813 3111 1867 sub
3156 1826 3385 1868 mortem
3434 1831 3532 1869 ne-

1963 1900 2135 1970 ganda
2172 1915 2275 1969 pax
2316 1900 2494 1955 esset?
2532 1898 2734 1955 Deinde
2772 1916 2896 1955 cum
2939 1901 3217 1958 Romanus
3256 1905 3434 1959 clerus
3469 1905 3538 1961 de

1962 1991 2149 2045 eodem
2193 1991 2413 2061 negotio
2445 1991 2636 2047 scribit
2671 1992 2738 2044 ad
2772 1990 3117 2061 Cyprianum,
3150 2003 3306 2063 epist.
3338 1996 3426 2061 51,
3467 2013 3535 2051 ex

1963 2082 2078 2150 ipsa
2104 2081 2357 2151 loquendi
2381 2082 2589 2136 ratione
2612 2098 2718 2136 non
2739 2084 2969 2138 obscure
2990 2085 3129 2139 idem
3155 2085 3529 2143 demonstrat:

1962 2171 2149 2240 Cujus,
2184 2171 2379 2239 inquit,
2431 2173 2830 2239 temperamenti
2874 2174 3283 2229 moderationem
3318 2194 3411 2232 nos
3450 2180 3535 2232 hic

1963 2272 2135 2315 tenere
2168 2271 2482 2326 quwrentes,
2531 2263 2646 2325 diu,
2693 2272 2743 2316 et
2793 2266 3003 2334 quidem
3052 2267 3205 2320 multi
3233 2278 3281 2321 et
3325 2272 3535 2339 quidem

1960 2372 2077 2409 cum
2113 2356 2428 2425 quibusdam
2457 2357 2711 2424 episc0pis
2740 2358 2923 2411 vicinis
2954 2360 3122 2435 ngbis,
3162 2373 3211 2416 et
3243 2365 3533 2433 appropin-

1959 2448 2264 2516 quantibus,
2297 2456 2343 2499 et
2374 2463 2503 2517 quos
2544 2462 2608 2501 ea:
2654 2447 2777 2501 aliis
2827 2450 3105 2518 pre'vvinciis
3154 2452 3305 2523 longe
3346 2457 3531 2522 positis

1958 2537 2335 2605 persecutionis
2365 2539 2522 2592 istius
2560 2539 2723 2592 ardor
2746 2540 2991 2608 ejecerat,
3037 2552 3158 2597 ante
3198 2548 3534 2602 constitutio-

1960 2644 2076 2682 nem
2121 2632 2351 2697 episcopi
2396 2630 2531 2683 nihil
2563 2631 2918 2685 innovandum
2965 2642 3215 2702 putamus
3248 2638 3335 2707 (de
3364 2638 3530 2708 lapsis

1960 2719 2207 2775 videlicet
2255 2722 2624 2792 recipiendis),
2669 2723 2758 2775 sed
2790 2722 3057 2791 lapsorum
3106 2741 3287 2778 curam
3333 2730 3530 2780 mettio—

1958 2816 2119 2867 criter
2162 2814 2553 2883 temperandam
2597 2831 2708 2868 esse
2742 2816 3041 2878 credimus;
3076 2825 3133 2868 ut
3159 2818 3368 2870 interim
3403 2818 3533 2872 dum

1958 2902 2231 2971 episcopus
2277 2902 2397 2953 dari
2441 2919 2472 2954 a
2520 2901 2624 2954 Deo
2665 2902 2809 2955 nobis
2844 2904 3150 2967 sustinetur,
3192 2906 3246 2957 in
3279 2922 3535 2975 suspenso

1957 3009 2160 3058 eorum,
2189 2993 2279 3063 qui
2312 3009 2487 3045 moras
2514 3003 2733 3061 possunt
2762 2994 3036 3049 dilationis
3070 2999 3344 3063 sustinere,
3368 3016 3532 3052 causa

1960 3093 2227 3148 teneatur;
2253 3100 2431 3138 eorum
2456 3094 2649 3148 autem,
2696 3102 2916 3153 quorum
2950 3087 3071 3140 vitm
3098 3104 3208 3142 sum
3235 3089 3395 3157 ﬁnem
3434 3106 3529 3142 ur-

1959 3193 2082 3246 gens
2111 3178 2282 3230 exitus
2316 3176 2627 3229 dilationem
2670 3192 2772 3230 non
2812 3188 2977 3244 potest
3021 3178 3177 3246 ferre,
3212 3190 3331 3234 acta
3366 3180 3533 3250 pecni-

1960 3270 2122 3322 tentia
2162 3278 2210 3321 et
2233 3268 2471 3337 professa
2507 3269 2804 3339 frequenter
2835 3266 3051 3324 su'orum
3087 3272 3431 3328 detestatione
3456 3276 3536 3344 fa-

1958 3370 2187 3425 ctorum,
2217 3361 2263 3413 si
2298 3360 2569 3428 lacrymis,
2608 3360 2653 3412 si
2691 3361 2989 3429 gemitibus,
3023 3364 3069 3415 si
3098 3361 3307 3430 ﬂetibus
3347 3365 3533 3419 dolen-

1961 3454 2029 3504 tis
2083 3468 2145 3504 ac
2182 3467 2294 3504 vere
2325 3451 2621 3520 pwnitentis
2652 3452 2817 3503 animi
2847 3452 2999 3521 signa
3032 3454 3379 3521 prodiderint,
3415 3473 3534 3509 cum

1958 3560 2072 3613 spes
2097 3543 2301 3597 vivendi
2329 3543 2615 3596 secundum
2642 3544 2901 3597 hominem
2930 3543 3079 3597 nulla
3108 3546 3421 3609 substiterit,
3454 3549 3539 3602 ita‘

1959 3634 2168 3688 demum
2192 3645 2342 3689 caute
2358 3645 2406 3689 et
2430 3636 2656 3690 sollicite
2673 3636 2956 3689 subveniri.
2982 3637 3143 3692 Vides
3162 3654 3323 3708 quam
3349 3641 3533 3706 anxie,

1958 3744 2232 3798 quamque
2260 3729 2517 3791 sollicite,
2545 3743 2607 3782 ac
2629 3739 2748 3797 post
2778 3730 2993 3797 longam
3024 3739 3376 3799 exactamque
3410 3746 3537 3784 con-

1960 3819 2333 3885 sultationem,
2363 3834 2428 3873 eo
2462 3818 2680 3874 demum
2719 3819 3058 3883 inclinarint,
3091 3828 3151 3873 ut
3181 3821 3538 3889 periclitanti-

1959 3908 2086 3973 bus,
2132 3924 2195 3963 ac
2231 3910 2531 3979 desperatis
2566 3910 2777 3979 potius,
2823 3911 3265 3965 communionem
3315 3910 3535 3965 confer-

1958 4010 2099 4055 rent.
2136 4000 2211 4054 De
2249 4016 2359 4070 quo
2396 4002 2579 4071 utique
2605 4003 3013 4057 deliberandum
3046 4019 3153 4057 non
3183 4011 3319 4068 erat,
3350 4004 3394 4057 si
3420 4013 3533 4056 tum

1958 4093 2255 4164 legitimum
2284 4103 2336 4147 et
2360 4094 2620 4147 usitatum
2646 4103 2810 4157 esset,
2855 4096 3122 4149 neminem
3152 4094 3203 4147 in
3234 4095 3378 4148 exitu
3412 4094 3535 4149 vita;

1959 4200 1989 4239 a
2018 4186 2403 4240 communione
2434 4185 2727 4254 prohiberi.
2770 4184 2971 4239 Eadem
3015 4201 3081 4239 ex
3130 4184 3374 4255 Dionysii
3403 4184 3532 4239 Ale-

1959 4278 2210 4333 xandrini
2252 4277 2433 4331 verbis
2474 4277 2789 4347 conjectura
2840 4285 3018 4347 potest
3064 4277 3210 4340 elici,
3244 4276 3337 4345 qui
3388 4275 3534 4346 apud

1960 4373 2159 4427 Euseb.
2197 4373 2289 4425 lib.
2323 4387 2373 4424 vi
2407 4386 2528 4440 cap.
2562 4370 2671 4440 μβ’,
2711 4370 2793 4424 vel
2820 4370 2887 4424 56
2914 4370 2965 4422 in
2994 4370 3083 4423 illa
3114 4368 3428 4439 Serapionis
3454 4372 3535 4422 hi-

275 4456 455 4528 ληται,
490 4458 586 4528 τὴν
613 4459 763 4524 τάξιν
790 4460 1136 4531 ἀναπληροῦν
1164 4462 1272 4515 τῶν
1308 4465 1725 4534 μετανοούντων.
1761 4466 1852 4523 Sic

1960 4466 2150 4527 storia,
2180 4463 2247 4517 de
2272 4478 2381 4532 qua
2418 4462 2672 4532 superius
2710 4463 3041 4516 mentionem
3070 4464 3301 4532 egimus.
3341 4462 3534 4517 scribit

277 4548 422 4617 apud
449 4546 740 4603 Eusebium
766 4549 858 4603 lib.
885 4566 936 4603 νι
975 4552 1117 4605 Hist.
1155 4567 1206 4607 c.
1250 4554 1336 4623 μβ¹
1366 4556 1448 4608 Vel
1482 4556 1549 4609 56
1583 4556 1847 4627 Serapion

277 4658 467 4705 senex,
510 4642 593 4695 vir
625 4644 896 4714 egregius,
934 4645 1082 4714 quod
1135 4646 1188 4699 in
1241 4651 1617 4715 persecutione
1666 4650 1851 4720 lapsus

276 4740 441 4795 esset,
488 4733 705 4787 tametsi
748 4736 1188 4790 communionem
1226 4752 1467 4807 persaepe
1502 4743 1848 4809 postulasset,

276 4838 558 4892 nunquam
599 4834 682 4878 est
710 4825 983 4881 admissus
1009 4845 1021 4881 :
1058 4821 1225 4892 Οὗτος
1250 4830 1511 4895 πολλάκις
1537 4833 1725 4899 ἐδεῖτο,
1756 4838 1851 4890 καὶ

274 4916 452 4979 οὐδεὶς
481 4920 768 4987 προσεῖχεν
790 4919 961 4989 αὐτῷ,
1000 4920 1094 4973 καὶ
1119 4920 1229 4992 γὰρ
1261 4922 1526 4988 ὲτεθύκει,
1556 4933 1617 4978 ut
1646 4927 1715 4979 ad
1738 4925 1851 4980 Fa-

278 5010 425 5063 bium
452 5011 641 5065 scribit
672 5010 959 5082 Dionysius
984 5008 1396 5084 Alexandr.,qui
1422 5015 1706 5072 Novatiani
1749 5020 1850 5076 ad-

277 5116 451 5170 eoque
497 5100 749 5172 Cypriani
806 5112 964 5157 aztate
1016 5104 1217 5159 floruit.
1271 5104 1433 5161 Addit
1495 5109 1849 5166 nihilominus

276 5192 573 5264 Dionysius
630 5194 1014 5250 moribundum
1056 5195 1170 5265 jam
1220 5196 1569 5266 Serapionem
1624 5217 1654 5255 a
1700 5218 1758 5257 se
1794 5204 1849 5258 in

276 5284 718 5340 communionem
758 5294 1056 5353 receptum.
1091 5284 1217 5341 Haec
1255 5295 1306 5341 et
1350 5287 1456 5341 alia
1496 5291 1751 5358 superius
1782 5308 1848 5346 ex

274 5375 650 5445 antiquiorum
670 5376 993 5431 auctoritate
1013 5376 1178 5431 libata
1207 5377 1428 5446 planum
1454 5380 1598 5434 istud
1619 5380 1847 5449 faciunt,

277 5480 673 5535 nonnunquam
714 5455 1113 5521 absolutionem
1160 5470 1586 5539 postulantibus,
1634 5487 1699 5525 ex
1745 5488 1847 5527 usu

276 5558 474 5613 veteris
507 5557 761 5613 Ecclesia:
802 5559 1120 5628 denegatam
1162 5559 1363 5628 fuisse;
1396 5563 1505 5617 imo
1539 5579 1668 5618 vero
1696 5581 1763 5619 ne
1790 5565 1845 5620 in

276 5664 396 5716 ipso
428 5650 643 5719 quidem
679 5651 871 5706 mortis
912 5651 1154 5721 periculo
1186 5653 1462 5723 plerisque
1500 5669 1841 5714 concessam.

277 5738 376 5792 llic
407 5740 567 5811 justis
616 5742 682 5797 de
724 5743 907 5800 causis
953 5742 1270 5815 ambigitur,
1321 5751 1501 5801 utrum
1542 5748 1844 5804 austeriore

1956 4556 2219 4625 optimum
2271 4555 2423 4607 illum
2473 4570 2657 4608 senem
2710 4555 3182 4625 appropinquante
3219 4554 3333 4624 jam
3380 4554 3531 4608 obitu

1954 4664 2182 4718 puerum
2226 4648 2291 4701 ad
2338 4648 2714 4718 presbyterum
2759 4648 3015 4702 misisse:
3051 4647 3303 4717 Ἐντολῆς
3336 4648 3392 4700 δὲ
3438 4648 3532 4700 ὑπ’

1956 4740 2091 4809 ἐμοῦ
2119 4740 2428 4809 δεδομένης,
2472 4741 2597 4801 τοὺς
2628 4738 3140 4810 ἀπαλλαττομένους
3173 4739 3266 4793 τοῦ
3308 4739 3443 4809 βίου,
3481 4742 3530 4792 εὶ

1953 4830 2177 4894 δέοιντο,
2222 4830 2315 4883 καὶ
2367 4831 2599 4901 μάλιστα
2632 4832 2679 4882 εξ
2716 4831 2811 4883 καὶ
2856 4832 3120 4902 πρότερον
3154 4832 3531 4892 ἱκετεύσαντες

1952 4922 2191 4992 τύχοιεν.
2237 4922 2491 4992 ἀφίεσθαι
2525 4965 2539 4989 ,
2590 4922 2677 4976 ἵνα
2736 4922 3011 4985 εὐέλπιδες
3058 4923 3528 4977 ἀπαλλάττωνται.

1956 5014 2210 5068 Mandata
2250 5032 2280 5067 a
2312 5031 2411 5079 me,
2445 5015 2640 5084 inquit,
2674 5015 2834 5079 edito,
2874 5024 2929 5067 ut
2955 5016 3043 5083 qui
3074 5029 3138 5067 ex
3164 5015 3261 5066 hac
3280 5013 3385 5065 vita
3416 5013 3531 5065 dis-

1954 5109 2191 5161 cederent
2250 5108 2603 5176 (ptenitentes
2634 5107 2841 5162 scilicet
2869 5122 2932 5160 ac
2957 5106 3137 5175 lapsi),
3172 5108 3218 5158 si
3254 5106 3308 5157 id
3343 5114 3528 5174 postu-

1953 5198 2144 5263 larent,
2192 5200 2425 5267 adeoque
2462 5208 2583 5249 ante
2616 5197 2921 5265 suppliciter
2954 5204 3245 5264 rogassent,
3296 5194 3532 5248 absolve—

1953 5296 2155 5352 rentur,
2204 5302 2304 5356 quo
2355 5287 2563 5339 meliori
2614 5302 2729 5337 cum
2778 5301 2865 5352 spe
2910 5286 3213 5353 migrarent.
3249 5281 3531 5337 Postremo

1953 5391 2078 5430 cum
2129 5378 2183 5431 in
2227 5379 2513 5447 Ancyrana
2561 5378 2768 5447 synodo
2813 5390 2938 5427 can.
2969 5383 3093 5429 ante
3127 5374 3297 5428 citato
3327 5389 3531 5443 prazcc-

1951 5479 2102 5539 ptum
2137 5471 2227 5533 sit,
2260 5480 2319 5523 ut
2354 5470 2640 5524 homicida:
2665 5483 2770 5521 non
2798 5467 2903 5521 nisi
2938 5468 3040 5520 sub
3073 5475 3302 5520 mortem
3334 5480 3531 5519 recon-

1952 5564 2225 5629 cilientur,
2260 5572 2581 5633 argumento
2621 5570 2722 5625 est,
2760 5561 2890 5613 olim
2924 5576 2991 5615 ne
3017 5560 3071 5614 in
3105 5567 3279 5613 morte
3309 5558 3530 5629 quidem

1951 5670 2138 5725 pacem
2174 5656 2281 5710 illis
2313 5655 2484 5710 fuisse
2517 5668 2857 5709 concessam.

2032 5747 2137 5803 Sed
2184 5747 2314 5803 huic
2360 5746 2646 5803 assertioni
2698 5746 2949 5802 nonnihil
2998 5744 3261 5817 refragari
3298 5743 3531 5811 videtur,
