3994 6222
476 312 616 370 1027

1572 308 1920 366 APPENDIX
1961 305 2588 364 DISSER'I‘ATIONUM.

3611 317 3746 374 {028

472 434 618 506 quod
647 431 704 485 in
731 445 926 500 magna
949 428 1169 484 Nicmna
1192 429 1401 500 synodo
1435 445 1560 486 can.
1589 429 1656 484 t5
1679 430 1954 484 sancitum
1979 429 2048 482 le-
2085 433 2128 490 Α
2157 429 2402 498 omnique
2433 429 2670 493 luxuria,
2703 428 3000 485 damnabili
3023 431 3234 502 quidem
3259 433 3402 502 apud
3433 429 3740 498 Dominum,

473 527 619 598 gitur
643 542 656 578 :
677 523 812 594 Περὶ
843 523 898 575 δὲ
923 522 1033 574 τῶν
1066 515 1421 586 ὲξοδευόνὲων
1449 524 1476 576 ὁ
1508 522 1734 586 παλαιὸς
1767 522 1864 576 καὶ
1895 539 2054 575 κανο-

474 613 620 675 νικδς
647 611 812 682 νόμος
842 609 1250 681 φυλαχθήσεται
1296 612 1390 665 καὶ
1428 610 1545 677 νῦν,
1586 611 1727 666 ὥστε
1767 609 1822 664 εἴ
1853 629 1937 676 τις
1964 610 2053 675 ἐξ·

471 701 676 765 οδεύοι,
736 700 828 754 τοῦ
871 701 1182 756 τελευταίου
1233 702 1330 756 καὶ
1361 702 1794 771 ἀναγκαιοτάτθυ
1840 702 2054 772 ὲφοδίου

475 791 550 862 μὴ
588 791 1024 864 ἀποστερεῖσθαι.
1062 793 1310 862 Appellat
1352 792 1582 848 παλαιὸν
1633 793 1726 848 καὶ
1773 793 2055 848 κανονικὸν

471 881 660 952 νόμον,
713 897 824 952 quo
871 883 1216 939 maribundis
1260 884 1496 938 dandam
1532 899 1719 953 pacem
1763 899 1884 940 esse
1917 899 2054 954 prae-

473 961 765 1039 scribitur;
808 974 954 1043 quod
989 983 1172 1030 utrum
1205 975 1272 1030 ad
1306 991 1482 1030 rerum
1514 975 1771 1047 Cypriani
1803 975 2053 1046 restringi

474 1063 686 1126 debeat,
755 1065 986 1134 amplius
1039 1065 1411 1136 cogitandum.
1463 1067 1733 1122 Caeterum
1792 1068 1858 1122 ad
1913 1067 2054 1138 ejus,

474 1165 638 1218 quam
675 1151 958 1220 hucusque
983 1152 1481 1210 demonstravimus
1515 1156 1840 1220 severitatis,
1881 1172 1946 1212 ac
1973 1173 2062 1212 nc-

473 1249 610 1308 gatua
650 1242 1056 1298 communionis
1099 1245 1258 1298 tidem
1301 1246 1572 1314 pertinet;
1615 1247 1760 1317 quod
1797 1247 2057 1318 deinceps

473 1329 701 1385 uberius
726 1329 1117 1400 disputandum
1149 1331 1308 1390 nobis
1347 1345 1450 1402 est,
1485 1337 1704 1406 publica
1739 1338 1908 1392 semel
1939 1353 2058 1407 pce-

475 1421 701 1475 nitentia
733 1420 1026 1489 defunctis,
1078 1424 1122 1478 si
1169 1427 1358 1481 eadem
1401 1429 1455 1481 iu
1487 1428 1718 1482 crimina
1752 1429 2059 1484 relaberen-

475 1519 584 1577 tur,
617 1527 834 1567 omnem
861 1514 928 1568 ad
991 1515 1362 1584 pmuitentiam
1396 1533 1460 1574 ac
1487 1533 1674 1586 pacem
1704 1519 1909 1572 aditum
1944 1535 2060 1574 ma-

469 1600 621 1672 jores
649 1614 868 1661 nostros
897 1604 1300 1674 interclusisse,
1343 1617 1440 1664 aut
1485 1623 1628 1680 ξρετε
1659 1609 1954 1664 admodum
1993 1625 2060 1666 ac

474 1708 600 1748 raro
649 1695 926 1752 tribuisse.

2156 519 2246 572 sed
2273 518 2416 586 apud
2449 518 2687 572 homines
2721 521 2996 590 plerosque
3025 523 3190 576 etiam
3229 521 3524 576 laudabili.
3557 523 3666 576 Aut
3697 525 3744 577 si

2155 623 2237 664 me
2267 609 2334 664 ab
2367 611 2466 664 hac
2497 612 2734 682 nequitia
2771 615 3048 678 reuocatis,
3077 614 3243 668 dicite
3271 623 3456 668 utrum
3489 616 3619 668 mihi
3643 616 3744 669 ali-

2151 703 2283 772 quid
2319 704 2490 772 prosit
2535 704 2604 756 ad
2643 704 2808 758 vitam
2844 704 3118 772 fut-uram,
3159 708 3206 761 si
3245 722 3302 760 tn
3347 707 3458 760 ista
3495 709 3606 761 vita
3629 707 3746 762 ille-

2155 789 2538 844 cebrosissimte
2565 791 2852 862 uoluptatis
2877 792 3240 849 blandimenta
3271 807 3656 864 contempsere,
3699 799 3744 850 si

2153 879 2440 936 libidinum
2472 885 2818 939 incitamenta
2854 885 3150 954 frenavero,
3179 890 3226 942 si
3266 890 3336 943 ad
3371 891 3742 961 castigandum

2157 989 2347 1042 corpus
2377 991 2547 1036 meum
2573 976 2746 1031 multa
2777 980 2904 1033 mihi
2931 981 3096 1034 etiam
3123 981 3272 1034 licita
3301 991 3350 1035 et
3381 997 3632 1036 concessa
3655 999 3742 1036 ne-

2157 1083 2372 1137 gavero,
2400 1069 2445 1122 si
2477 1085 2560 1122 me
2591 1070 2890 1138 pmnitenda
2919 1089 3078 1142 quant
3100 1075 3248 1142 prius
3274 1075 3635 1129 uehementius
3655 1091 3746 1128 ea:-

2159 1159 2492 1223 cruciavero;
2526 1164 2572 1214 si
2603 1161 2960 1216 miserabilius
2997 1163 3315 1233 ingemuere,
3343 1165 3389 1218 si
3409 1165 3604 1233 ﬂevere
3625 1164 3746 1218 ube-

2157 1251 2296 1318 rius,
2323 1252 2370 1305 si
2401 1254 2579 1306 uixero
2609 1253 2820 1317 melius,
2859 1256 2906 1310 si
2941 1271 3194 1323 pauperes
3243 1267 3607 1311 sustentavero
3636 1257 3744 1310 loro

2161 1346 2300 1414 gius,
2329 1347 2377 1400 si
2408 1347 2692 1414 charitate,
2729 1363 2845 1417 qute
2873 1351 3041 1418 operit
3071 1349 3471 1403 multitudinem
3500 1361 3744 1418 peccato-

2161 1452 2298 1499 rum,
2345 1439 2635 1509 ﬂagravere
2679 1441 2954 1495 ardentius
2979 1459 2996 1495 :
3021 1443 3137 1512 quis
3159 1451 3400 1495 nostrum
3425 1443 3502 1495 ita
3529 1443 3743 1512 desipit,

2159 1537 2216 1580 ut
2253 1527 2374 1580 huic
2407 1527 2609 1583 homini
2653 1531 2797 1585 dicat
2831 1546 2850 1585 :
2885 1530 3040 1585 Nihil
3083 1532 3178 1586 tibi
3217 1532 3325 1586 ista
3367 1533 3660 1602 proderunt
3691 1535 3742 1586 in

2159 1629 2458 1687 posterum;
2487 1621 2636 1686 vade,
2673 1623 2856 1676 saltem
2889 1622 3048 1692 hujus
3079 1625 3200 1677 vitta
3226 1625 3485 1678 suavitate
3505 1625 3746 1693 perfrue-

2162 1713 2254 1764 re."
2296 1713 2508 1768 Avertat
2555 1714 2696 1769 Deus
2729 1725 2838 1770 tam
2865 1717 3151 1770 immanem
3180 1715 3600 1787 sacrilegamque
3649 1717 3740 1768 de-

475 1805 854 1861 l’aznitentiam
895 1823 960 1862 ac
1000 1823 1180 1876 pacem
1231 1807 1408 1872 semel,
1461 1825 1530 1862 an
1579 1809 1772 1879 sa'pius
1816 1808 2057 1866 Ecclesia

2162 1801 2448 1855 mentium!
2493 1801 2744 1867 Quamvis
2787 1821 2908 1875 ergo
2940 1815 3092 1860 caute
3141 1807 3524 1876 salubriterque
3561 1807 3743 1876 prosi-

1021 1887 1164 1931 vetus
1201 1879 1504 1932 indulserit.

545 1964 662 2020 Non
718 1968 782 2021 ad
827 1969 1208 2038 antiquissima
1255 1969 1430 2024 solum
1477 1986 1542 2026 ac
1587 1972 1858 2028 severiora
1925 1981 2060 2028 tem-

475 2071 609 2125 pora
650 2056 919 2110 dubitatio
961 2058 1062 2113 ista
1099 2059 1348 2126 pertinet,
1409 2060 1501 2113 sed
1533 2061 1698 2114 etiam
1732 2062 2057 2130 posteriora,

473 2147 776 2217 eademque
805 2149 1179 2204 commodiora
1214 2151 1612 2220 complectitur.
1659 2151 1768 2208 Nec
1795 2153 1861 2208 de
1883 2155 2061 2224 ι)ωηί-

479 2239 666 2294 lentiae
690 2253 888 2310 genere
923 2241 1094 2307 omni,
1132 2241 1224 2296 sed
1252 2241 1319 2296 de
1349 2242 1440 2296 illa
1473 2243 1586 2298 sola
1623 2245 1907 2314 quaeritur,
1939 2261 2061 2316 quae

474 2329 547 2382 ob
578 2331 844 2384 atrociora
885 2329 1081 2386 delicta
1125 2333 1343 2401 publice
1381 2335 1776 2405 susciperetur,
1815 2337 1902 2392 cui
1933 2353 2061 2408 pro-

477 2421 593 2486 prie
627 2436 730 2490 pax
764 2429 818 2475 et
851 2421 1228 2478 reconciliatio
1277 2423 1613 2494 respondere
1655 2429 1873 2484 dicitur.
1927 2429 2058 2484 Eam

473 2527 607 2566 vero
659 2513 828 2568 semel
879 2514 934 2567 in
987 2515 1136 2568 omni
1191 2517 1297 2570 vita
1347 2519 1696 2587 permissam,
1729 2521 2056 2592 jampridem

473 2605 678 2658 eruditi
715 2605 816 2659 viri
854 2605 1182 2661 docuerunt.
1223 2605 1362 2662 Nam
1401 2619 1456 2664 et
1489 2610 1632 2666 istud
1667 2611 1846 2682 ipsum
1877 2629 1942 2668 ex
1971 2629 2059 2670 ve-

477 2697 800 2752 tustissimis
823 2695 1079 2754 Patribus
1106 2699 1481 2758 Tertullianus
1499 2745 1513 2771 ,
1567 2719 1632 2758 ex
1661 2706 2058 2774 posterioribus

475 2788 819 2856 Augustinus
843 2799 897 2844 et
939 2789 1267 2847 Ambrosius
1307 2792 1667 2851 disertissime
1696 2800 1877 2854 testati
1907 2811 2052 2858 sunt.

477 2877 800 2934 Tertulliani
839 2897 905 2936 ex
938 2883 1034 2938 lib.
1072 2883 1143 2938 De
1163 2886 1346 2954 prenit.
1379 2887 1544 2942 verba
1576 2897 1742 2944 sunt:
1767 2889 2058 2948 Ccllocavit

475 2969 530 3022 in
566 2970 822 3024 vestibulo
847 2975 1212 3040 paenitentiam
1243 2977 1548 3044 secundam,
1577 2995 1696 3050 quae
1722 2981 2056 3051 pulsantibus

475 3061 806 3130 patefaciet;
845 3065 935 3117 sed
973 3065 1090 3134 jam
1138 3067 1318 3130 semel,
1351 3069 1478 3137 quia
1507 3069 1624 3138 jam
1673 3073 1936 3138 secundo;
1966 3073 2056 3128 sed

475 3151 706 3222 amplius
760 3170 1050 3226 nunquam,
1106 3157 1234 3227 quia
1269 3137 1516 3226 proxime
1549 3159 1780 3228 frustra.
1829 3161 2059 3234 Scripsit
2085 3137 2126 3192 θ’

477 3253 662 3298 autem
695 3247 842 3300 hunc
865 3247 1061 3300 librum
1091 3245 1464 3304 'l‘ertullianus
1489 3260 1786 3322 antequam
1811 3254 1878 3308 ad
1901 3254 2058 3310 Mou-

479 3336 592 3389 taui
631 3335 827 3408 dogma
859 3337 1230 3408 descisceret,l
1263 3357 1330 3395 ne
1359 3343 1485 3412 quis
1519 3343 1574 3397 in
1609 3359 1674 3400 eo
1724 3347 2056 3404 cavillationi

477 3427 633 3480 locus
672 3440 793 3480 esse
839 3429 1046 3496 possit;
1085 3431 1245 3501 idque
1289 3436 1423 3490 satis
1457 3439 1570 3506 ipse
1596 3453 1692 3508 per
1725 3456 1846 3497 sese
1871 3443 2058 3500 deela-

479 3527 586 3584 rat,
625 3533 942 3588 quanquam
974 3531 1154 3577 utrum
1192 3524 1634 3596 Tertulliani-sit,
1681 3531 1944 3590 Erasmus
1991 3551 2058 3592 ac

481 3609 781 3664 Rhenanus
813 3611 1116 3682 ambigunt.
1164 3614 1275 3671 Nec
1319 3618 1656 3678 dillitendum
1693 3635 1776 3680 est
1801 3626 2054 3682 dissimili

479 3715 512 3754 a
539 3699 751 3755 caeteris
783 3702 922 3773 stylo
950 3717 1074 3759 esse
1121 3709 1515 3778 conscriptum,
1571 3728 1637 3768 ac
1685 3716 1846 3784 paulo
1893 3717 2058 3772 dill‘u-

480 3797 652 3860 siore,
679 3811 842 3866 quam
875 3806 1069 3852 auctor
1101 3799 1192 3855 ille
1223 3801 1412 3857 soleat.
1457 3803 1562 3862 Sed
1595 3807 1712 3862 sive
1739 3807 2058 3868 Tertulliani

481 3887 576 3952 sit,
620 3887 766 3957 quod
809 3887 1166 3946 verisimilius
1205 3906 1330 3946 eum
1367 3891 1608 3951 Pamelio
1639 3913 1762 3954 esse
1787 3904 2056 3972 suspicor,

481 3977 599 4033 sive
648 3979 908 4045 alterius;
955 3981 1314 4036 vetustissimi
1360 3985 1519 4054 plane
1557 3989 1844 4058 scriptoris
1885 4004 1968 4048 est
2007 4005 2060 4052 et

485 4069 708 4123 eruditi.
745 4069 913 4124 Multo
959 4069 1010 4124 id
1051 4073 1296 4140 apertius
1339 4077 1504 4131 tradit
1535 4080 1870 4148 Augustinus
1896 4085 2056 4154 epist.

479 4159 628 4229 5.l,a
671 4175 780 4230 quo
821 4176 944 4215 cum
992 4159 1340 4220 Macedonius
1386 4168 1604 4236 quidam
1648 4171 1728 4224 vir
1765 4173 2059 4242 primarius

480 4253 768 4321 qumsisset
807 4261 988 4308 utrum
1035 4255 1252 4322 pietatis
1333 4269 1546 4328 putaret
1597 4277 1742 4328 esse,
1787 4267 2059 4338 episcopis

481 4359 703 4398 reorum
733 4359 926 4414 poenas
949 4345 1370 4416 deprecantibus
1393 4367 1655 4419 annuere,
1693 4356 1874 4426 itaque
1901 4359 2060 4415 dubi-

2079 1911 2082 1914 η
2157 1905 2276 1942 sum
2313 1892 2402 1954 sit,
2439 1905 2492 1946 ut
2531 1893 2678 1947 locus
2714 1893 2861 1949 illius
2895 1895 3212 1949 humillime
3237 1896 3558 1963 paenitentia:
3581 1895 3744 1950 semel

2157 1982 2212 2035 in
2237 1981 2474 2038 Ecclesia
2507 1988 2848 2053 concedatur,
2887 2003 2950 2041 ne
2987 1988 3250 2042 medicina
3277 1989 3398 2042 uilis
3427 1999 3560 2043 esset
3581 2005 3744 2059 αισι-ο-

2159 2075 2252 2141 tis,
2275 2091 2394 2144 qum
2424 2085 2572 2156 tanta
2595 2080 2764 2149 magis
2791 2079 3020 2136 salubris
3053 2088 3151 2145 est,
3185 2089 3386 2150 quanto
3419 2081 3596 2134 minus
3619 2097 3744 2135 con-

2157 2169 2465 2235 temptibilis
2499 2171 2682 2240 fuerit,
2723 2173 2841 2242 quis
2877 2183 3053 2227 tamen
3081 2175 3275 2228 audeat
3305 2174 3480 2228 dicere
3511 2191 3530 2228 :
3563 2174 3742 2240 Quare

2157 2259 2280 2313 huic
2305 2262 2526 2327 homini,
2557 2264 2648 2333 qui
2673 2273 2790 2333 post
2821 2266 3052 2335 primam
3077 2266 3443 2336 paenitentiam
3475 2283 3666 2319 rursus
3689 2283 3744 2320 se

2157 2351 2361 2422 laqueis
2417 2356 2722 2426 iniquitatis
2771 2357 3076 2428 obstringit,
3135 2361 3310 2414 adhuc
3363 2361 3552 2414 iterum
3616 2377 3744 2430 par-

2153 2447 2232 2500 cis
2249 2447 2276 2500 t
2297 2455 2400 2502 etc.
2431 2446 2739 2518 Augustino
2763 2449 3094 2521 suifragatur
3121 2451 3449 2508 Ambrosius
3477 2453 3572 2507 lib.
3601 2467 3642 2506 ll
3669 2453 3744 2506 De

2156 2539 2491 2611 pmnit.,cap.
2521 2540 2588 2594 10
2620 2559 2632 2596 :
2663 2542 2854 2598 Merito
2897 2544 3371 2615 reprehenduntur,
3413 2547 3506 2616 qui
3548 2547 3742 2616 sa'pius

2157 2631 2420 2700 agendam
2465 2633 2824 2704 paenitentiam
2875 2646 3088 2706 putant,
3135 2638 3262 2707 quia
3305 2638 3656 2692 luanriantur
3687 2639 3742 2691 in

2155 2721 2390 2777 Christo.
2415 2721 2558 2777 Nam
2585 2727 2631 2779 si
2655 2742 2768 2780 vere
2795 2737 3003 2796 agerent
3027 2730 3406 2799 paenitentiam,
3437 2730 3742 2783 iterandam

2159 2830 2260 2868 non
2303 2826 2572 2884 putarent,
2619 2819 2744 2887 quia
2790 2821 2925 2874 sicut
2967 2837 3131 2875 unum
3181 2824 3462 2890 baptisma,
3511 2825 3592 2877 ita
3637 2840 3744 2876 una

2157 2906 2504 2974 pauitantia;
2541 2923 2662 2975 qua:
2693 2919 2864 2964 tamen
2905 2912 3111 2981 publice
3153 2914 3330 2982 agitur
3355 2928 3376 2966 :
3409 2930 3532 2967 nam
3561 2917 3744 2984 quoti-

2159 2997 2307 3052 diani
2329 3015 2422 3053 nos
2455 2999 2605 3054 debet
2629 3003 2875 3069 paenitere
2904 3005 3140 3072 peccati;
3165 3005 3254 3058 sed
3287 3006 3396 3060 hcec
3426 3007 3742 3061 delictorum

2163 3088 2435 3154 leviorum,
2463 3089 2560 3144 illa
2591 3093 2916 3162 graviorum.
2949 3093 3176 3148 Domum
3211 3093 3474 3167 Origenes
3508 3097 3744 3152 ltomJS

2157 3179 2212 3233 in
2243 3197 2348 3235 xxv
2399 3196 2519 3252 cap.
2551 3181 2722 3237 Levit.
2759 3201 2770 3237 :
2796 3182 2862 3237 In
2892 3186 3220 3254 gravioribus
3253 3189 3398 3241 enim
3429 3189 3744 3242 criminibus

2158 3271 2320 3325 semel
2349 3283 2575 3338 tantum,
2603 3274 2684 3327 uel
2709 3290 2836 3329 raro
2867 3277 3191 3344 ptenitentia:
3218 3279 3529 3332 conceditur
3549 3279 3694 3332 locus
3721 3296 3742 3346 ,-

2160 3361 2266 3415 t'sta
2289 3379 2408 3417 vero
2433 3366 2753 3432 communia,
2777 3383 2894 3436 qute
2921 3367 3219 3437 frequenter
3241 3370 3587 3438 incurrimus,
3615 3387 3743 3426 scm-

2159 3471 2250 3524 per
2281 3456 2644 3523 paenitentiam
2675 3457 2956 3527 recipiunt,
2989 3468 3038 3512 et
3079 3461 3192 3514 sine
3223 3461 3616 3517 intermissione
3655 3481 3740 3517 re-

2157 3548 2448 3600 dimuntur.
2471 3545 2646 3612 Quam
2671 3549 2850 3603 caeteri
2869 3565 3147 3619 nunquam
3172 3551 3354 3607 iterari
3379 3555 3739 3622 contendunt,

2159 3633 2418 3706 Origenes
2449 3638 2742 3706 interdum,
2791 3641 2886 3696 sed
2933 3657 3084 3708 raro,
3125 3643 3248 3714 plus
3277 3645 3445 3699 semel
3487 3647 3742 3703 adhiberi

2160 3727 2451 3797 signiﬁcat.
2501 3727 2688 3796 Quare
2731 3731 2821 3786 hic
2876 3731 3031 3788 locus
3097 3734 3328 3808 insignis
3376 3747 3480 3792 est.
3541 3737 3736 3794 Verum

2158 3819 2524 3885 Alexandriae,
2547 3829 2709 3891 atque
2731 3822 2785 3876 in
2817 3823 2961 3890 aliis,
2990 3825 3034 3880 si
3065 3823 3224 3890 forte,
3247 3829 3542 3895 provinciis
3565 3831 3738 3884 diver-

2160 3925 2282 3966 sum
2303 3921 2467 3980 atque
2525 3911 2578 3967 in
2629 3914 2845 3971 caeteris
2896 3931 3057 3970 usum
3093 3916 3266 3973 fuisse
3304 3920 3588 3989 probabile
3635 3931 3732 3978 est.

2159 3999 2346 4072 Neque
2378 4003 2548 4070 enim,
2575 4007 2791 4075 Opinor,
2837 4009 3156 4076 posterioris
3193 4010 3368 4065 relatis
3395 4010 3623 4082 rigidior
3651 4013 3732 4068 di-

2161 4096 2390 4165 sciplina
2409 4097 2529 4161 luit,
2549 4107 2631 4162 ut,
2661 4114 2786 4153 cum
2809 4111 2970 4156 antea
2996 4101 3328 4170 paenitentia:
3347 4117 3410 4159 ac
3425 4106 3734 4160 reconcilia-

2163 4189 2324 4242 tionis
2375 4189 2638 4243 iterandte
2686 4199 2926 4258 potestas
2984 4191 3154 4256 ﬁeret,
3211 4207 3276 4248 ea
3331 4202 3458 4262 post
3505 4195 3734 4262 primam

2161 4278 2420 4347 deinceps
2447 4279 2630 4348 negari
2655 4281 2896 4350 coeperit.
2926 4279 3003 4336 Ita
3031 4283 3248 4350 quidem
3272 4286 3733 4354 pronuntiandum

2161 4371 2395 4434 videtur,
2432 4371 2535 4424 nisi
2569 4371 2724 4426 aliter
2753 4371 3004 4442 Origenis
3031 4373 3216 4430 Graeca
3245 4391 3304 4430 se
3350 4377 3609 4444 habeant,
3647 4387 3738 4432 aut

479 4444 649 4489 1335‘”
673 4454 688 4490 ³
716 4433 858 4488 Nam
892 4438 939 4490 εί
968 4454 1000 4491 α
1028 4437 1256 4492 θοηιίηο
1287 4453 1500 4510 imm!“
1534 4445 1664 4500 αάεο
1695 4449 2055 4517 Pili/libentur.
2090 4475 2140 4535 ι)
2167 4461 2254 4518 hic
2282 4462 2402 4532 ejus
2427 4463 2584 4518 locus
2611 4463 2974 4534 interpolatus
2998 4464 3162 4520 fuerit
3183 4484 3196 4521 :
3221 4482 3346 4522 nam
3371 4469 3424 4521 in
3458 4485 3524 4523 eo
3552 4471 3735 4526 docto-

481 4536 540 4580 ut
575 4543 636 4582 ne
663 4529 942 4596 paenitendi
982 4531 1190 4599 quidem
1223 4533 1372 4600 copia
1402 4547 1516 4603 post
1543 4539 1770 4605 primam
1801 4546 2056 4611 paeniten-

485 4621 614 4672 tiam
644 4619 934 4686 tribuatur,
959 4624 1400 4690 quemadmodum
1425 4643 1516 4680 nos
1538 4646 1816 4698 possumus
1843 4651 1907 4688 ea:
1935 4637 2058 4690 reli-

482 4712 636 4783 gione
670 4712 997 4780 contendere,
1045 4724 1102 4768 ut
1141 4718 1288 4771 nobis
1325 4720 1680 4794 qualecunque
1703 4725 1838 4780 illud
1862 4729 2058 4784 crimen

483 4803 668 4874 fuerit,
713 4803 1060 4857 dimittatur?
1104 4806 1445 4876 Augustinus
1489 4811 1562 4866 ita
1612 4817 1947 4884 respondet:
1991 4818 2058 4873 In

484 4905 692 4949 tantum
722 4903 898 4948 autem
940 4895 1212 4970 hominum
1244 4899 1530 4969 aliquando
1558 4905 1807 4974 iniquitas
1844 4925 2059 4980 progre-

482 4989 653 5054 ditur,
687 4989 927 5044 utetiam
951 4999 1064 5059 post
1097 4999 1268 5044 actant
1302 4996 1683 5062 paenitentiam,
1717 5009 1834 5067 post
1867 5002 2058 5056 altaris

483 5083 987 5147 reconciliationem,
1033 5083 1108 5138 rel
1149 5085 1369 5152 similia,
1411 5088 1489 5140 vel
1532 5091 1776 5158 graviora
1814 5097 2057 5148 commit-

484 5183 620 5242 tant,
641 5185 746 5230 etc.
769 5176 836 5230 Et
865 5179 1099 5246 quamvis
1128 5179 1200 5230 eis
1234 5181 1287 5231 in
1319 5177 1558 5234 Ecclesia
1581 5181 1726 5236 locus
1747 5183 2059 5241 humillima:

481 5270 802 5340 pauitantia:
846 5286 946 5322 non
995 5270 1336 5334 concedatur,
1381 5271 1521 5324 Deus
1559 5281 1732 5326 tamen
1777 5293 1934 5346 super
1973 5295 2059 5334 eos

482 5375 592 5413 sua:
620 5360 887 5430 patientiae
924 5377 1026 5413 non
1062 5360 1408 5414 obliviscitur.
1453 5361 1536 5415 Ea:
1573 5381 1798 5432 quorum
1844 5385 2060 5424 numero

483 5467 524 5503 st
555 5451 671 5520 quis
714 5451 861 5504 nobis
894 5452 1036 5505 dicat
1064 5467 1082 5504 :
1111 5457 1214 5506 Aut
1265 5453 1386 5506 date
1431 5454 1556 5507 mihi
1595 5457 1830 5510 eumdem
1868 5442 2058 5514 iterum

481 5545 766 5610 paenitendi
798 5543 990 5608 locum,
1019 5555 1110 5598 aut
1150 5546 1481 5613 desperatum
1531 5563 1614 5601 nte
1653 5551 1960 5617 permittite,
2003 5563 2058 5608 ut

485 5632 682 5698 faciam
708 5633 966 5704 quidquid
996 5637 1231 5700 libuerit,
1257 5649 1515 5706 quantum
1541 5643 1667 5694 meis
1695 5642 1878 5712 opibus
1905 5645 2063 5713 adju-

486 5735 576 5770 ωι-
631 5731 677 5772 et
719 5725 965 5779 humanis
1019 5727 1217 5797 legibus
1268 5744 1370 5782 non
1413 5731 1711 5802 prohibeor,
1765 5736 1820 5796 in
1869 5739 2060 5792 scortis

2160 4571 2282 4609 rum
2313 4565 2680 4612 consentanea
2709 4557 2917 4628 judicia
2952 4569 3118 4615 sunt:
3151 4563 3528 4631 paenitentiam
3559 4569 3734 4635 publi-

2061 4693 2072 4703 .
2161 4663 2279 4702 eam
2307 4661 2414 4701 non
2448 4651 2683 4718 amplius
2707 4666 2869 4726 quam
2899 4653 3066 4706 semel
3095 4653 3438 4722 impetratam
3471 4656 3664 4712 fuisse.

2231 4734 2307 4788 Es
2351 4751 2462 4804 quo
2500 4737 2830 4806 perdillicilis
2878 4741 3094 4795 exsistit
3141 4745 3416 4811 quaestio:
3455 4748 3586 4818 quid
3633 4749 3738 4804 illis

2161 4826 2377 4905 tandem
2407 4827 2722 4888 hominibus
2751 4830 2954 4886 factum
2989 4833 3081 4896 sit,
3107 4837 3197 4904 qui
3221 4845 3342 4906 post
3361 4839 3598 4908 priorem
3623 4857 3740 4910 pte-

2161 4901 2448 4970 nitentiam
2476 4917 2530 4971 in
2563 4917 2752 4973 eadem
2779 4921 2982 4975 scelera
3017 4937 3208 4979 rursus
3239 4926 3615 4994 incurrerent;
3651 4945 3740 4984 ve-

2161 5025 2355 5063 rumne
2385 5009 2455 5065 sit
2485 5011 2556 5065 ab
2581 5009 2823 5067 Ecclesia
2859 5015 3087 5082 reiectus
3121 5017 3240 5070 illos
3267 5019 3508 5086 penitus,
3545 5035 3642 5075 nec
3673 5023 3740 5076 ad

2160 5101 2424 5169 privatam
2463 5103 2656 5157 saltem
2689 5105 2927 5174 aliquam
2967 5115 3239 5176 receptum
3275 5109 3554 5180 habuisse,
3584 5113 3740 5181 cujus

2162 5193 2424 5250 beneﬁcio
2455 5197 2507 5250 iu
2543 5198 2810 5266 integrum
2845 5200 3072 5253 restituti
3092 5201 3158 5254 ad
3193 5201 3503 5258 divinorum
3539 5219 3740 5276 myste-

2163 5283 2370 5338 riorum
2427 5288 2869 5340 communionem
2931 5289 3191 5342 redirent.
3249 5290 3354 5355 Qui
3412 5294 3740 5362 antiquioris

2164 5374 2417 5430 Ecclesiae
2457 5373 2686 5430 formam
2735 5392 2798 5432 ac
2842 5381 3295 5435 consuetudinem
3347 5397 3410 5436 ex
3465 5384 3742 5440 hodiernis

2164 5465 2430 5522 institutis
2459 5476 2516 5521 et
2547 5469 2791 5524 moribus
2835 5471 3104 5526 aestimare
3147 5475 3404 5538 voluerit,
3447 5473 3608 5533 facile
3641 5479 3744 5532 mi-

2165 5556 2351 5610 tiorem
2383 5557 2435 5610 in
2467 5567 2674 5627 partem
2698 5559 3012 5630 inclinabit;
3057 5577 3155 5618 nec
3184 5565 3253 5618 ab
3280 5567 3429 5620 omni
3463 5567 3740 5634 Ecclesia;

2164 5657 2737 5719 sacramentorumque
2785 5653 3062 5708 consortio
3098 5655 3414 5726 repudiatos
3454 5659 3578 5715 illos
3621 5677 3742 5728 pcr-

2167 5741 2397 5797 soadere
2452 5743 2556 5798 sibi
2595 5745 2812 5815 poterit.
2849 5744 3021 5812 Quam
3069 5747 3125 5803 in
3159 5749 3488 5807 sententiam
3523 5753 3742 5824 cepiose
