3994 6222
453 336 586 393 ιθςι

1542 319 1886 376 APPENDIX
1928 313 2558 374 DlSSERTATiONU-M.

3575 305 3708 362 {032

453 447 779 521 quibusdam
840 440 1099 498 Ecclesiis
1150 437 1527 510 pcenitentiam
1564 436 1762 490 iterare
1793 433 2027 495 licuerit,
2058 435 2102 490 A
2133 429 2301 484 maria
2358 428 2424 483 ad
2475 442 2599 483 eum
2655 423 2947 480 confitendi
2999 437 3165 479 causa
3220 436 3340 478 sese
3380 422 3708 487 contulerat.

453 556 580 597 cum
645 538 710 592 id.
761 550 907 599 raro,
954 533 1202 602 adeoque
1249 543 1642 598 nonnunquam
1680 526 1797 582 ﬁeri
1828 527 2032 582 scribat

454 632 738 701 Origenes.
772 625 960 695 Neque
1001 639 1132 678 vero
1179 621 1230 676 id
1282 631 1376 676 aut
1411 618 1745 685 incredibile,
1771 626 1866 672 aut
1896 617 2030 670 adeo

454 721 703 777 mirabile
761 718 937 772 videri
991 731 1092 786 par
1141 722 1247 778 est,
1299 713 1344 768 si
1381 712 1506 782 quis
1563 711 1748 764 animo
1801 716 2028 778 repetat,

453 813 656 882 quanta
677 810 729 863 in
756 808 1048 878 plerosque
1079 813 1397 874 peccatores
1427 815 1701 856 canonum
1738 797 2032 852 austeritas

450 913 505 958 et
537 902 846 958 constantia
874 899 1054 961 fuerit,
1079 895 1244 966 utqui
1287 894 1453 950 semel
1491 893 1756 947 duntaxat
1781 888 2031 958 graviora

452 997 656 1067 ﬂagitia
685 993 1072 1055 commisisset,
1099 986 1480 1057 inexpiabilem
1518 1000 1712 1039 noxam
1745 981 2034 1038 contrahe-

455 1098 571 1154 ret;
601 1087 850 1140 autinter
866 1083 1187 1150 poenitentes
1201 1077 1422 1134 assidue
1448 1077 1648 1146 degens
1672 1075 1908 1128 instante
1939 1072 2032 1126 de-

455 1192 606 1230 mum
634 1175 782 1229 obitu
815 1187 1001 1243 pacem
1033 1170 1355 1240 perciperet.
1393 1164 1466 1220 Ut
1495 1162 1786 1219 homicidae
1827 1162 1881 1215 in
1918 1161 2031 1216 Λιι-

455 1283 660 1334 cvrauo
719 1282 840 1321 can.
903 1264 994 1330 2i,
1045 1261 1249 1316 Christi
1296 1268 1580 1328 negatores
1634 1258 1688 1311 in
1746 1256 2034 1312 Basilianis

456 1359 758 1416 canonibus
804 1373 927 1411 can.
962 1354 1047 1418 7i,
1081 1353 1296 1421 aliaque
1351 1352 1402 1404 id
1433 1365 1629 1421 genus,
1654 1358 1748 1402 aut
1773 1348 1840 1402 iis
1869 1348 2033 1401 etiam

455 1451 755 1513 severiora,
791 1463 915 1518 quae
938 1462 1004 1501 ex
1030 1445 1298 1513 superiori
1328 1442 1696 1510 disputatione
1727 1441 1834 1494 huc
1860 1449 2036 1494 trans-

457 1542 584 1596 ferri
625 1549 877 1611 possunt.
909 1538 1151 1603 Accedit,
1183 1536 1327 1606 quod
1362 1545 1609 1589 extremo
1635 1533 1760 1588 vita:
1789 1541 2034 1603 tempore

455 1617 848 1688 communione
865 1627 1049 1684 donati
1076 1633 1223 1690 sunt,
1266 1622 1565 1695 praesertim
1593 1631 1712 1690 post
1752 1619 2030 1676 Nicaanum

456 1739 724 1781 canonem
781 1722 1014 1785 editum,
1053 1719 1148 1788 qui
1189 1715 1528 1771 moribundis
1561 1713 1742 1784 negari
1773 1712 2032 1768 viaticum

456 1779 766 1889 prohibuit;
844 1779 1011 1884 quod
1038 1779 1240 1880 ubique
1286 1817 1556 1862 terrarum
1617 1779 1874 1874 deinceps
1935 1779 2106 1859 ob—B

458 1906 640 1961 tinuit.
983 1953 990 1962 .

531 1995 803 2062 Quoniam
838 1991 1156 2048 Novatianae
1205 1976 1431 2044 haeresis
1482 1985 1872 2056 cognoscenda:
1923 1993 2037 2038 stu-

456 2090 633 2155 dium,
681 2095 735 2141 et
765 2085 1072 2156 argumenti
1123 2083 1354 2138 dulcedo
1388 2080 1636 2150 quaedam
1678 2095 1744 2133 eo
1777 2093 1874 2133 nos
1908 2092 2032 2147 pro-

457 2181 626 2245 vexit,
657 2189 715 2233 ut
735 2179 800 2233 de
828 2177 1145 2247 pteuitentia
1171 2183 1280 2228 tam
1310 2173 1480 2228 multa
1516 2172 1680 2226 verba
1710 2169 2034 2237 faceremus,

384 2325 391 2334 ,
460 2270 810 2343 producenda
838 2269 1116 2338 paululum
1144 2251 1322 2321 oratio
1355 2275 1460 2330 est,
1489 2279 1554 2319 ac
1581 2264 1650 2319 de
1680 2263 2036 2319 celeberrimo

459 2365 551 2419 illo
586 2361 822 2418 Nectarii
875 2360 1042 2424 facto,
1083 2374 1195 2430 quo
1228 2357 1632 2414 confessionem
1666 2371 1729 2411 ac
1769 2357 2039 2426 poeniten-

457 2458 587 2510 tiam
620 2456 914 2525 abrogasse
939 2453 1179 2522 jactatur
1211 2451 1280 2506 ab
1306 2450 1594 2515 hatretieis,
1627 2459 1902 2519 postremo
1919 2448 2035 2503 dis-

459 2552 777 2618 putandum.
828 2547 1000 2616 Cujus
1082 2545 1329 2600 historiae
1384 2543 1636 2599 tractatio
1683 2540 1752 2595 ad
1795 2556 1880 2607 ea,
1916 2556 2037 2613 qua:

457 2640 712 2708 superius
767 2637 1142 2706 exposuimus,
1197 2632 1520 2688 illusuanda
1576 2646 1833 2701 magnum
1875 2630 2035 2700 adju-

459 2741 702 2784 mcntum
737 2729 943 2793 afferet,
978 2744 1046 2782 ne
1079 2728 1169 2782 cui
1204 2727 1432 2780 nimium
1467 2726 1584 2779 haec
1614 2723 1790 2778 aliena
1820 2739 1884 2779 ac
1915 2723 2036 2778 lon-

457 2823 661 2892 ginqua
697 2821 836 2876 forte
868 2821 1174 2874 videantur.

460 2934 538 2989 De
563 2934 887 2988 memorabili
916 2933 1156 2986 Nectarii
1188 2929 1764 3000 Constantinopolitani
1793 2929 2034 2998 pra'sulis

546 3007 808 3068 historia;
837 3014 886 3058 et
915 3012 1096 3057 utrum
1123 3001 1212 3056 ille
1245 2999 1622 3071 confessionem
1656 2999 1947 3056 sustulerit.

2133 522 2230 577 Cui
2265 536 2386 576 cum
2421 529 2662 588 peccata,
2706 533 2827 588 quae
2866 525 2991 586 post
3020 516 3356 586 baptismum
3388 513 3708 578 admiserat.

2131 612 2316 668 omnia
2363 610 2678 680 singillatim
2719 608 3085 678 exposuisset.
3131 608 3286 662 obire
3331 606 3709 675 paenitentiam

2128 703 2372 774 jubetur,
2393 717 2459 756 ac
2475 700 2700 772 jejuniis
2721 708 2774 754 et
2799 697 3138 752 orationibus
3165 695 3407 752 assiduis
3431 695 3711 750 insistere.

2134 797 2192 850 In
2221 812 2330 862 quo
2359 796 2578 865 longius
2625 805 2906 862 progressa
2939 790 3067 861 (hoc
3092 800 3192 856 est,
3232 797 3291 843 ut
3321 788 3564 844 declarat
3606 786 3713 841 So-

2135 903 2418 951 zomenus,
2452 885 2658 940 diutius
2692 885 2759 938 in
2828 883 3056 938 ecclesia
3112 882 3517 952 perseverans),
3566 882 3714 935 aliud

2133 978 2405 1048 quoddam
2459 975 2640 1032 scelus
2691 990 2853 1029 suum
2884 974 3116 1045 aperuit,
3148 983 3399 1042 stuprum
3441 974 3740 1038 videlicet,“

2133 1073 2430 1142 quodcum
2458 1072 2688 1126 diacono
2719 1069 3091 1125 commiserat.
3127 1068 3298 1121 Τοῦτο
3334 1066 3550 1137 λεχθέν,
3611 1067 3719 1120 hoc

2135 1173 2218 1218 est
2247 1181 2260 1216 :
2292 1179 2411 1215 cum
2454 1161 2548 1216 hoc
2593 1161 2792 1214 dictum
2848 1169 3002 1227 esset,
3043 1161 3304 1216 diaconus
3358 1161 3413 1213 in
3461 1158 3714 1214 ordinem

2135 1253 2388 1308 redactus
2419 1261 2522 1306 est.
2557 1251 2843 1306 Fremeute
2868 1266 3023 1314 vero,
3051 1266 3112 1305 ac
3144 1250 3508 1305 tumultuante
3537 1249 3713 1318 plebe,

2134 1355 2188 1400 et
2217 1344 2571 1414 flagrantibus
2611 1344 2815 1399 invidia
2845 1343 3076 1408 clericis,
3112 1342 3397 1398 Nectarius
3430 1342 3716 1396 Eudaemo-

2135 1438 2221 1492 nis
2271 1437 2559 1506 cujusdam
2608 1436 2905 1508 presbyteri
2938 1450 3135 1506 genere
3177 1433 3531 1489 Alexandrini
3581 1447 3717 1486 con-

2136 1527 2294 1592 silio,
2369 1525 2835 1596 poenitentiarium
2896 1525 3267 1596 presbyterum
3341 1522 3602 1586 sustulit,
3664 1529 3720 1576 et

2135 1634 2582 1689 unumquemque
2640 1634 2754 1674 sua:
2807 1618 3154 1674 conscientia:
3213 1616 3492 1684 permisit,
3544 1625 3605 1669 ut
3649 1630 3720 1669 ex

2137 1710 2257 1781 ejus
2301 1711 2528 1767 arbitrio
2559 1711 2627 1767 de
2659 1712 2935 1783 mysteriis
2977 1710 3303 1780 usurpandis
3337 1709 3478 1779 apud
3523 1725 3582 1764 se
3612 1718 3722 1762 sta-

2135 1810 2328 1857 tueret.
2366 1801 2492 1858 Haec
2524 1809 2592 1858 ad
2636 1789 2862 1859 verbum
2907 1803 3181 1870 Socrates,
3214 1802 3519 1872 eademque
3551 1797 3721 1856 Sozo—

2135 1911 2330 1953 menus
2362 1898 2459 1953 lib.
2494 1913 2588 1965 vn,
2619 1913 2739 1969 cap.
2779 1898 2864 1953 16.

2207 1986 2284 2042 Ex
2315 1989 2516 2058 quibus
2546 1990 2888 2060 antiquatum
2921 1987 3390 2057 Constantinopoli
3418 1985 3720 2042 confitendi

2136 2079 2324 2147 ritum,
2358 2097 2421 2135 ac
2451 2081 2780 2150 ptenitentize
2811 2090 3216 2137 sacramentum
3263 2095 3384 2135 esse
3433 2079 3716 2134 sublatum

2136 2182 2262 2240 post
2311 2171 2597 2228 Calvinum
2648 2173 2884 2228 hatretici
2938 2188 3131 2228 omnes
3191 2173 3474 2242 colligunt.
3529 2171 3718 2227 Nostri

2137 2264 2332 2334 partim
2382 2265 2669 2320 confictam
2723 2266 2865 2322 hanc
2896 2283 2925 2319 a
2954 2263 3272 2320 Novatianis
3317 2264 3598 2320 historicis
3646 2263 3722 2320 fa-

2139 2353 2321 2408 bulam
2361 2362 2668 2425 opponunt,
2723 2354 2776 2410 in
2825 2369 3021 2425 eaque,
3056 2365 3114 2410 ut
3169 2356 3224 2411 in
3269 2355 3392 2410 aliis
3437 2354 3716 2424 plurimis,

2136 2448 2397 2504 mentitos
2446 2449 2570 2504 illos
2610 2463 2733 2504 esse
2765 2445 3093 2515 defendunt;
3145 2447 3338 2518 partim
3376 2462 3487 2500 non
3536 2461 3720 2501 sacra-

2136 2542 2450 2607 mentalem,
2483 2549 2542 2596 ut
2570 2549 2788 2609 vocant,
2819 2539 3238 2607 confessionem,
3257 2556 3321 2594 ac
3349 2540 3597 2603 tacitam,
3623 2540 3717 2593 sed

2136 2633 2410 2704 publicam
2444 2642 2638 2703 putant
2686 2648 2807 2688 esse
2857 2632 3150 2688 sublatam.
3197 2629 3290 2686 Sic
3331 2631 3477 2685 enim
3521 2631 3715 2685 existi—

2137 2732 2312 2791 mant,
2367 2739 2462 2778 eos
2511 2724 2605 2794 qui
2662 2723 2875 2792 publice
2922 2723 3297 2793 paenitentiam
3349 2724 3715 2792 susciperent,

2137 2829 2235 2870 sua
2285 2815 2531 2885 quaedam
2576 2815 2828 2881 crimina,
2879 2830 3003 2886 quae
3053 2815 3308 2870 sacerdos
3355 2814 3716 2884 designasset,

2137 2907 2417 2976 propalam
2475 2918 2528 2962 et
2579 2908 2631 2960 in
2681 2907 2951 2978 frequenti
2991 2907 3242 2962 Ecclesia:
3270 2915 3416 2961 ccetu
3465 2905 3716 2959 conﬁteri

2138 2999 2328 3054 solitos
2359 3017 2372 3052 :
2404 3008 2457 3053 et
2483 3014 2601 3054 eam
2629 3000 2801 3068 ipsam
2832 2999 3104 3068 publicam
3141 2996 3540 3053 confessionem
3569 2995 3716 3049 anti-

533 3095 681 3151 Nihil
742 3096 810 3151 ad
855 3094 1172 3150 elevandam
1224 3092 1591 3150 confessionis
1651 3092 2029 3146 auctoritatem
2061 3128 2103 3183 C
2138 3104 2337 3158 quasse
2377 3087 2722 3156 Nectarium;
2776 3105 2898 3159 quae
2932 3104 3041 3143 non
3089 3099 3200 3143 tam
3253 3087 3320 3142 ad
3373 3087 3542 3156 culpae
3587 3103 3718 3157 pro-

461 3189 642 3259 urgeri
673 3190 741 3244 ab
770 3187 1037 3242 haereticis
1070 3186 1253 3242 acrius
1283 3186 1442 3250 solet,
1473 3200 1638 3254 quam
1685 3181 1923 3238 Nectarii
1954 3181 2035 3236 fa-

458 3279 617 3335 cinus
665 3278 820 3341 illud,
868 3278 1014 3348 quod
1064 3277 1206 3346 apud
1251 3275 1530 3330 Socratem
1567 3284 1617 3329 et
1667 3273 2034 3329 Sozomenum

461 3371 739 3425 memoriae
785 3370 1058 3440 proditum
1091 3377 1194 3434 est,
1233 3383 1343 3437 quo
1377 3368 1466 3422 ille
1508 3377 1725 3438 propter
1758 3367 2034 3436 vulgatum

461 3459 679 3513 diaconi
728 3459 988 3528 ﬂagitium
1021 3457 1388 3513 confessionis
1419 3472 1484 3512 ac
1516 3457 1846 3527 pmnitentiae
1880 3470 2036 3511 usum

461 3550 756 3620 abrogasse
792 3549 982 3603 fertur.
1017 3549 1116 3603 Cui
1142 3549 1363 3618 quidem
1405 3548 1654 3618 plerique
1683 3547 1812 3602 dum
1845 3561 2039 3604 occur-

463 3655 604 3705 rere,
639 3655 706 3694 ac
742 3640 955 3695 veritati
1000 3642 1330 3710 patrocinari
1375 3641 1614 3706 student,
1663 3641 1717 3700 in
1768 3639 2036 3695 absurdas

461 3739 516 3785 et
547 3731 950 3787 inextricabiles
982 3731 1193 3788 fabulas
1215 3738 1348 3785 aestu
1381 3730 1618 3800 quodam
1646 3728 2038 3800 disputationis

462 3823 673 3893 abrepti
725 3831 870 3878 sunt.
945 3821 1235 3878 Nonnullis
1290 3823 1455 3878 etiam
1510 3821 1822 3876 Cassiodori
1876 3833 2039 3891 atque

459 3916 714 3970 Historia:
761 3916 1046 3984 tripartito:
1089 3915 1417 3984 depravatus
1452 3914 1606 3970 locus
1645 3915 1848 3969 erroris
1889 3929 2040 3969 occa-

461 4007 670 4061 sionem
701 4005 866 4070 dedit,
899 4006 1027 4059 dum
1061 4020 1126 4058 ex
1175 4003 1385 4058 Latinis
1416 4002 1801 4072 interpretibus
1832 4001 2034 4071 potius,

459 4113 624 4168 quam
659 4113 727 4152 ex
775 4095 978 4152 Graecis
1018 4095 1283 4160 fontibus,
1338 4094 1710 4148 narrationem
1750 4092 1912 4148 istam
1960 4108 2040 4148 re-

461 4195 668 4257 petunt.
706 4183 965 4255 Utrisque
994 4201 1144 4250 vero,
1175 4186 1268 4240 sed
1299 4185 1505 4239 nostris
1531 4183 1876 4254 potissimum
1905 4198 2040 4238 con-

463 4279 643 4333 sulere
673 4277 777 4332 hoc
809 4278 998 4347 capite‘
1017 4276 1371 4332 decrevimus.
1424 4274 1557 4329 Nam
1589 4275 1735 4346 quod
1767 4277 1834 4330 ad
1870 4275 2040 4329 luere~

459 4371 602 4425 ticos
663 4378 892 4439 spectat,
951 4369 1003 4424 id
1052 4384 1160 4436 me,
1217 4369 1326 4424 Deo
1369 4369 1615 4439 juvante,
1669 4366 2036 4437 perfecturum

2139 3182 2453 3236 merendam
2492 3182 2730 3248 veniam,
2776 3196 2939 3251 quam
2997 3183 3064 3236 ad
3110 3197 3328 3252 poenam
3377 3180 3716 3236 satisfactio—

2139 3288 2375 3342 nemque
2421 3282 2713 3343 spectaret.
2745 3273 2958 3329 Etenim
3003 3283 3310 3330 matronam
3355 3273 3504 3328 illam
3535 3287 3567 3327 a
3597 3272 3720 3327 dia-

2139 3379 2281 3420 cono
2329 3374 2738 3436 constupratam
2769 3366 2956 3432 aiunt,
3001 3382 3128 3422 cum
3185 3367 3252 3421 ad
3311 3365 3586 3436 publicam
3647 3364 3719 3420 de

2139 3470 2290 3509 more
2338 3454 2740 3512 confessionem
2792 3457 3065 3520 venisset,
3119 3457 3464 3526 praascriptos
3517 3456 3623 3510 sibi
3683 3470 3718 3508 ι

2140 3545 2549 3614 ptenitentiario
2605 3547 2886 3602 sacerdote
2937 3549 3199 3603 terminos
3247 3563 3560 3618 egressam,
3614 3547 3720 3600 im-

2139 3637 2436 3706 prudenter
2503 3638 2770 3718 incestum
2839 3654 2942 3693 una
3001 3640 3152 3694 illum
3213 3641 3552 3710 patefecisse.
3609 3639 3716 3692 Alii

2139 3730 2362 3784 conscio
2408 3740 2463 3785 et
2514 3741 2735 3786 auctore
2786 3731 3068 3788 sacerdote
3113 3734 3423 3805 divulgasse
3468 3733 3714 3798 malunt,

2140 3821 2284 3890 quod
2312 3821 2384 3875 ob
2413 3835 2532 3874 eam
2558 3836 2672 3876 rem
2717 3821 2786 3876 ab
2818 3821 2994 3878 ofﬁcio
3025 3833 3268 3878 remotus
3303 3824 3480 3878 fuerit.

2214 3909 2319 3966 Sed
2361 3912 2429 3966 de
2468 3911 2683 3982 publica
2735 3911 3078 3969 confessione
3123 3930 3267 3970 tnox.
3316 3913 3448 3969 Illud
3497 3915 3714 3969 interim

2141 4003 2597 4059 considerandum
2629 4003 2773 4058 unde
2796 4005 3009 4059 tandem
3035 4006 3366 4074 acceperint,
3399 4006 3714 4061 mandat-tm

2141 4093 2378 4158 mulieri,
2417 4093 2498 4148 uti.
2527 4108 2625 4148 sua
2656 4108 2756 4163 pro
2785 4094 3048 4149 concione
3078 4103 3298 4163 peccata
3326 4095 3584 4148 omnibus
3611 4094 3720 4148 edi-

2141 4196 2305 4240 ceret.
2329 4183 2444 4240 Duo
2465 4185 2661 4240 suntin
2679 4184 2866 4241 Graeca
2889 4187 3201 4240 narratione
3214 4187 3398 4249 verba,
3415 4200 3482 4240 ex
3512 4184 3718 4254 quibus

2142 4287 2421 4347 utcunque
2467 4279 2658 4333 deduci
2691 4287 2905 4348 potest;
2963 4294 3088 4333 nam
3115 4279 3256 4349 apud
3295 4279 3616 4333 Socratem:
3651 4277 3716 4328 Ἡ

2141 4371 2198 4424 δὲ
2234 4370 2618 4441 προϐαίνουσα,
2654 4374 2747 4425 καὶ
2778 4372 2906 4426 ἄλλο
2942 4374 3190 4443 πταῖσμα
3233 4370 3430 4440 ἑαυτῆς
3478 4369 3718 4439 κατηγό-

460 4460 701 4527 conlido,
731 4471 792 4516 ut
819 4460 1047 4516 inscitia:
1087 4476 1199 4516 sua:
1233 4460 1626 4514 monimentum
1673 4460 1724 4516 in
1765 4459 1869 4513 hac
1899 4457 2036 4526 obji-

2145 4478 2246 4531 ρει.
2293 4460 2429 4526 Quia
2465 4461 2835 4532 προϐαίνουσα.
2864 4463 3000 4516 dixit
3019 4471 3074 4517 et
3102 4460 3418 4532 κατηγόρει,
3449 4460 3718 4528 interpres

461 4551 653 4608 cienda
693 4553 849 4608 nobis
892 4553 1119 4607 historia
1168 4552 1423 4607 defixisse
1466 4552 1668 4621 potius,
1702 4565 1867 4619 quam
1915 4563 2036 4602 mo-

463 4651 708 4697 mentum
762 4640 930 4697 ullum
985 4643 1052 4696 ad
1103 4657 1323 4696 causam
1381 4657 1536 4697 suam
1587 4640 1836 4696 attulisse
1895 4639 2037 4708 aequi

463 4749 655 4789 omnes
683 4743 738 4787 et
768 4733 939 4802 iniqui
971 4741 1231 4787 statuant.

536 4823 640 4879 Sed
676 4832 735 4878 ut
767 4839 797 4878 ει
839 4825 1014 4892 capite
1046 4824 1164 4892 ipso
1196 4823 1618 4892 disputationem
1669 4837 2034 4886 arcessamus,

463 4932 762 4982 proponam
795 4924 918 4970 ante
946 4915 1152 4980 omnia,
1184 4929 1305 4983 quae
1329 4915 1396 4969 de
1431 4915 1532 4968 hac
1567 4914 1793 4968 historia
1835 4913 2038 4969 Socra-

464 5024 547 5065 tes
598 5024 661 5064 ac
711 5011 1049 5064 Sozomenus
1107 5007 1329 5076 scriptis
1380 5005 1876 5062 commendarunt:
1912 5021 2038 5061 nam

465 5104 535 5160 ab
585 5104 706 5158 istis
753 5104 808 5158 in
855 5086 1190 5168 reliquorum
1236 5100 1564 5170 scriptorum
1611 5100 2040 5155 commentarios

465 5186 594 5252 facti
625 5196 772 5250 illius
805 5203 890 5250 est
921 5193 1164 5247 derivata
1191 5191 1476 5246 memoria.
1524 5190 1726 5246 Scribit
1758 5191 1924 5262 igitur
1982 5191 2039 5245 in

463 5286 658 5357 primis
710 5285 961 5340 Socrates
1013 5285 1108 5339 lib.
1156 5301 1210 5346 v,
1265 5299 1385 5354 cap.
1433 5283 1514 5349 l9,
1552 5297 1614 5338 ex
1661 5298 1726 5338 eo
1770 5289 2036 5353 tempore,

465 5394 572 5448 quo
606 5376 890 5432 Novatiani
939 5377 1174 5446 primum
1209 5386 1567 5440 emerserunt,
1613 5376 1895 5446 episcopos
1931 5391 2042 5446 pte-

465 5469 836 5523 nitentiarium
868 5469 1241 5540 presbyterum
1293 5469 1629 5540 adjunxisse,
1677 5478 1734 5523 ut
1778 5469 1871 5540 qui
1916 5477 2040 5539 post

466 5560 795 5629 baptismum
851 5561 1210 5630 deliquissent
1268 5578 1363 5617 sua
1419 5563 1558 5632 apud
1609 5563 1760 5617 illum
1820 5571 2038 5631 peccata

465 5649 870 5703 conﬁterentur.
924 5649 1185 5707 Eumdem
1233 5669 1398 5723 porro
1449 5654 1916 5725 Constantinopoli
1953 5656 2038 5712 his

469 5736 537 5790 de
572 5736 754 5792 causis
787 5738 1105 5809 abrogatum
1148 5743 1340 5801 fuisse.
1382 5746 1607 5805 Femina
1641 5748 1883 5812 quaadam
1919 5749 2034 5820 pri-

2141 4552 2215 4606 ita
2244 4552 2403 4606 vertit
2442 4575 2453 4606 ;
2489 4551 2684 4605 Mulier
2725 4552 2931 4622 longius
2980 4553 3037 4606 in
3089 4552 3381 4621 conﬁtendo
3414 4565 3714 4620 progressa,

2140 4643 2358 4696 alterius
2386 4642 2554 4712 culpa:
2574 4645 2798 4712 seipsam
2827 4645 3122 4698 insimulat.
3164 4642 3278 4698 Non
3305 4650 3471 4707 recte,
3512 4643 3557 4696 si
3586 4640 3716 4710 quid

2139 4736 2194 4790 in
2226 4737 2312 4792 his
2344 4736 2518 4791 video.
2569 4735 2754 4807 Neque
2801 4739 2946 4792 enim
2979 4737 3343 4808 προϐαίνουσα
3390 4736 3455 4790 ad
3512 4733 3720 4789 roofes-

2141 4825 2355 4881 sionem
2387 4826 2660 4895 pertinet;
2698 4826 2867 4881 multo
2913 4829 3094 4880 minus
3136 4825 3201 4879 ad
3240 4824 3538 4893 publicam,
3570 4822 3716 4891 quod

2141 4916 2206 4972 de
2240 4933 2340 4973 suo
2369 4919 2472 4973 viri
2498 4919 2722 4988 quidam
2751 4919 2878 4974 boni
2910 4918 3086 4973 solent
3119 4925 3379 4973 attexere.
3419 4915 3524 4970 Sed
3556 4916 3718 4968 nimi-

2141 5024 2285 5074 rum,
2331 5020 2391 5064 ut
2431 5025 2499 5066 ex
2529 5009 2836 5067 Sozomeno
2878 5011 3172 5082 colligitur,
3219 5025 3342 5065 cum
3375 5011 3428 5064 in
3469 5011 3717 5064 obeunda

2141 5104 2483 5172 poenitentia,
2532 5087 2586 5158 in
2624 5106 2892 5168 oratione,
2922 5105 3148 5175 jejunio,
3185 5104 3578 5174 frequentanda
3622 5117 3720 5156 ec-

2140 5193 2330 5262 clesia,
2382 5195 2600 5266 longius
2627 5197 2968 5268 procederet,
3012 5197 3244 5251 alterum
3301 5193 3455 5250 nefas
3501 5195 3716 5248 interim

2140 5287 2437 5352 commisit,
2483 5295 2538 5342 ct
2585 5287 2816 5343 subinde
2857 5287 3186 5353 declaravit;
3225 5287 3602 5358 κατηγόρησεν
3635 5287 3715 5338 vel

2083 5453 2097 5466 ο
2140 5383 2547 5453 κατεμήνυσεν,
2605 5391 2666 5438 ιιι
2715 5382 2875 5438 habet
2929 5381 3301 5447 Sozomenus;
3363 5383 3470 5434 non
3528 5380 3714 5444 utique

2138 5473 2443 5543 propalam,
2485 5489 2586 5529 nec
2627 5475 2681 5529 in
2717 5475 2935 5544 publico
2962 5483 3256 5538 conventu,
3316 5473 3408 5529 sed
3440 5473 3711 5542 privatim,

2138 5576 2192 5621 et
2223 5582 2408 5622 coram
2438 5567 2846 5637 ptenitentiario
2874 5567 3173 5629 sacerdote,
3207 5562 3349 5635 apud
3372 5580 3532 5634 quem
3567 5563 3717 5617 iden-

2141 5659 2306 5714 tidem
2353 5670 2575 5730 pcccata
2617 5661 2946 5730 deponeret;
2998 5669 3091 5712 aut
3137 5657 3300 5711 etiam
3350 5657 3484 5713 citra
3535 5671 3716 5711 sacra-

2139 5761 2384 5808 mentum
2425 5767 2550 5809 cum
2583 5767 2671 5821 eo,
2706 5763 2801 5809 aut
2843 5752 2951 5808 alio
2993 5751 3330 5821 colloquens.
3367 5747 3596 5815 Quidvis
3624 5747 3716 5803 do-
