3994 6222
341 248 481 317 teis

1271 241 1357 309 b'r.
1398 249 1876 309 l‘u-LNITENTIAi
1923 247 2198 305 verum
2239 239 2652 314 DlSClPLlNA.

3473 264 3613 321 1054

340 387 507 455 niqne
549 380 733 452 potius
785 383 949 449 quam
994 388 1051 431 tit
1095 377 1366 446 publicam
1413 375 1478 429 ad
1521 372 1924 452 confessionem
1958 374 2001 430 Α
2033 375 2332 429 consuevit.
2386 374 2648 444 Exctnplo
2701 371 2774 431 sit
2822 390 2853 428 e
2887 375 3072 453 multis
3123 375 3272 442 illud,
3325 380 3470 448 quod
3512 385 3615 437 sub

339 477 588 529 adactam
623 469 925 524 dixerimus
965 476 1060 522 aut
1095 468 1382 522 mulierem
1415 467 1600 532 istam,
1633 474 1728 519 aut
1757 464 1924 517 ullum

340 564 570 622 oinnino
620 561 957 616 mortalium.
1017 545 1132 614 lloc
1193 559 1357 630 igitur
1411 575 1442 612 a
1486 558 1803 620 sacerdote,
1859 558 1928 612 ab

342 656 610 718 antistite,
639 670 668 708 a
705 654 895 724 paucis
924 653 1162 722 denique
1196 636 1400 722 flagitio
1423 661 1724 721 comperto,
1762 651 1928 720 dep'o-

342 750 484 805 situs
525 746 605 801 est
656 732 744 799 ille
791 745 1055 800 diaconus
1089 743 1103 798 ὲ
1137 760 1201 798 ex
1239 755 1350 814 quo
1402 743 1660 813 paulatim
1712 757 1929 812 percre-

346 831 633 896 brescente
667 837 812 892 fama
861 853 972 892 rem
1003 836 1369 893 sobod‘orﬂtus
1405 846 1488 891 est
1507 836 1760 906 populus.
1795 835 1930 890 Hinc

343 933 451 991 illae
489 932 762 1002 lacr’ymte.
794 914 1042 993 Mentiar,
1070 930 1174 984 nisi
1206 928 1496 984 manifeste
1535 930 1581 986 is
1610 929 1747 1000 ipse,
1770 929 1928 998 cujus

346 1026 673 1080 auctoritate
721 1023 1006 1088 nituntur,
1069 1016 1433 1086 So'zomenus,
1463 1021 1656 1077 falsam
1710 1021 1927 1076 illorum

344 1117 718 1187 conjecturam
774 1115 1086 1186 radat-gnat.
1139 1104 1243 1180 Qui
1298 1113 1614 1170 instituendi
1665 1114 1931 1193 pteniten-

347 1211 492 1264 tia'rii
539 1206 841 1263 sacerdotis
891 1217 1085 1262 Causas
1134 1206 1416 1274 disputans
1472 1206 1780 1278 ὲΦορτικὸν
1811 1205 1931 1277 (ait)

345 1303 404 1368 ἐξ
436 1301 612 1374 ἀρχῆς
653 1286 766 1362 τοῖς
810 1285 1049 1369 ἷερεῦσιν
1102 1287 1302 1364 ἔδοξεν,
1343 1283 1418 1362 ὡς
1460 1299 1518 1352 ὲν
1572 1298 1786 1370 Θεάτρῳ
1827 1298 1933 1352 ὑπὸ

349 1393 592 1464 μάρτυρι
647 1388 726 1460 τῷ
781 1387 976 1460 πλήθει
1023 1391 1123 1462 τῆς
1162 1385 1459 1461 ἐκκλησίας
1511 1391 1611 1454 τὰς
1661 1391 1932 1462 ἀμαρτῐας

346 1469 712 1552 ἐξαγγέλλειν.
767 1477 1145 1554 Πρεσϐύτερον
1192 1480 1250 1534 δὲ
1288 1482 1396 1536 τῶν
1429 1480 1626 1553 ἄριστα
1660 1481 1934 1535 πολιτευο-

349 1580 531 1651 μένων
563 1575 830 1648 ὲχέμυθόν
881 1592 939 1630 τε
981 1571 1073 1628 καὶ
1105 1572 1352 1645 ἔμφρονα
1393 1573 1486 1626 ἐπὶ
1516 1573 1676 1626 τοῦτο
1704 1573 1932 1643 τετάχα-

349 1689 457 1734 σιν,
557 1669 622 1739 δὴ
679 1667 998 1739 προσιόντες
1036 1662 1084 1719 oi.
1112 1658 1498 1744 ἡμαρτηκότες
1523 1663 1592 1717 τὰ
1623 1661 1934 1734 βεϐιωμένα

348 1761 684 1834 ὡμολόγουν.
723 1754 781 1812 '0
809 1757 866 1812 δὲ
900 1758 1036 1830 πρὸς
1069 1755 1166 1827 τὴν
1202 1754 1432 1809 ἑκάστου
1475 1754 1769 1826 ἁμαρτίαν,
1804 1754 1833 1806 ὃ
1879 1769 1932 1806 τι

348 1856 456 1928 χρὴ
494 1849 717 1924 ποιῆται
747 1837 780 1922 ἢ
809 1843 1026 1934 ’ὲκτίσαὶ
1060 1847 1332 1919 ἐπιτίμιον
1366 1847 1498 1911 οε¹ις,
1523 1845 1750 1932 ἀπέλυε,
1781 1844 1932 1915 παρὰ

351 1950 504 2019 σφῶν
547 1947 728 2000 αὐτῶν
773 1944 871 2014 τὴν
900 1942 1054 2014 δίκην
1089 1940 1562 2013 εἰσπραξαμένους
1607 1939 1646 1992 ’.
1701 1937 1929 2003 Durum,

351 2043 558 2112 inquit,
599 2053 644 2095 et
691 2025 1086 2093 intolerandum
1129 2035 1288 2088 initio
1333 2033 1630 2088 sacerdotes
1658 2045 1770 2086 esse
1787 2029 1935 2099 judi-

350 2135 666 2197 catunt,sic
698 2142 948 2199 tanquam
997 2128 1051 2180 in
1099 2127 1324 2183 theatro.
1357 2141 1452 2194 pro
1510 2123 1744 2179 ecclesia
1795 2131 1930 2176 ciem

351 2246 416 2283 ac
458 2228 704 2281 concione
754 2232 969 2293 peccata
1015 2204 1383 2292 pronuntiare.
1437 2215 1617 2282 Quare
1654 2213 1934 2285 presbyte-

353 2337 470 2374 rum
522 2318 800 2389 quemdam
843 2323 1160 2368 secretorum
1222 2319 1454 2364 tenacem
1515 2323 1578 2361 ac
1624 2305 1935 2377 prudentem

350 2414 398 2468 ei
431 2410 634 2464 muneri
665 2415 1087 2479 pratposnerunt,
1141 2401 1210 2455 ad
1237 2417 1388 2471 quem
1416 2409 1710 2470 peccatores
1743 2398 1937 2452 adeun-

355 2517 428 2559 tes
455 2504 575 2558 vim:
601 2517 711 2555 sua:
756 2515 921 2553 noxas
952 2502 1286 2566 exponerent.
1324 2493 1389 2545 At
1433 2479 1522 2545 ille
1559 2507 1653 2552 pro
1684 2490 1935 2560 cujusque

353 2605 566 2666 peccato
618 2593 834 2648 meritas
885 2600 1066 2660 plenas
1110 2585 1353 2672 inﬂigcns
1395 2572 1718 2650 dimittebat,
1758 2598 1876 2637 cum
1902 2599 1935 2635 a

353 2689 544 2758 seipsis
571 2685 696 2740 illas
740 2685 1050 2753 exegissent.
1083 2678 1216 2745 Quae
1247 2676 1535 2733 Sozomeni
1571 2675 1732 2729 verba
1761 2673 1937 2744 pnbli-

353 2799 482 2839 cum
515 2780 647 2836 illud
683 2776 978 2834 confitendi
1005 2788 1179 2845 genus
1206 2773 1443 2826 alienum
1469 2785 1498 2823 a
1551 2768 1823 2839 majorum
1849 2767 1934 2822 in-

355 2876 548 2930 stituto
585 2881 640 2928 et
688 2886 720 2926 a
777 2865 1163 2940 paenitentiarii
1229 2857 1378 2919 illius
1425 2860 1602 2916 cilicio
1653 2859 1938 2930 perspicue

355 2967 690 3039 significant.
727 2961 832 3018 Sed
871 2960 1068 3016 tnirum
1115 2971 1278 3026 quam
1324 2957 1438 3010 haec
1483 2953 1716 3009 absurde
1754 2949 1934 3006 Latini

356 3070 612 3118 auctores
660 3053 997 3125 interpretati
1050 3051 1182 3115 sint,
1237 3049 1330 3120 qui
1379 3065 1409 3102 e
1457 3047 1764 3101 Sozomeno
1797 3045 2008 3119 hanec

357 3153 642 3210 historiam
676 3153 1088 3218 espresserunt.
1137 3140 1273 3196 Nam
1311 3140 1364 3194 in
1404 3133 1608 3193 llistor.
1645 3135 1936 3206 tripartita,

358 3242 456 3304 lib.
492 3262 568 3311 Ix,
603 3259 723 3312 cap.
759 3225 852 3305 35,
889 3239 960 3292 ita
987 3237 1247 3306 scriptum
1272 3243 1356 3290 est
1387 3251 1400 3288 :
1438 3231 1702 3297 Quoniam
1729 3227 1948 3304 omnino

357 3354 463 3395 nou
512 3350 726 3406 peccare
777 3331 1014 3384 divinant
1057 3337 1106 3381 et
1163 3326 1310 3380 ultra
1354 3326 1643 3378 humanam
1690 3324 1941 3376 naturam

357 3447 468 3486 esse
492 3428 860 3497 cognoscitur;
902 3419 1234 3489 peccantibus
1289 3427 1463 3472 autent
1498 3426 1548 3471 et
1579 3414 1941 3485 paenitentiam

359 3520 631 3590 agentibus
656 3519 860 3568 veniam
901 3510 1036 3564 Deus
1059 3509 1181 3562 dari
1213 3508 1500 3578 τινα-θερίας
1532 3505 1622 3575 qui
1653 3519 1771 3557 vero
1813 3512 1937 3556 cou-

357 3613 500 3682 fiteri
545 3608 837 3677 refugiunt,
874 3603 1044 3674 majus
1089 3609 1424 3671 peccatorum
1455 3613 1586 3651 onus
1614 3595 1940 3666 acquirunt:

357 3709 629 3772 propterea
655 3699 822 3752 visum
859 3706 935 3750 est
966 3693 1196 3762 antiquis
1222 3688 1587 3772 pontiﬁcibus,
1623 3696 1678 3739 ut
1712 3684 1846 3740 velut
1885 3685 1941 3737 in

359 3770 564 3848 theatro
627 3785 721 3842 sub
777 3783 1074 3839 testimonio
1125 3770 1468 3834 ecclesiastici
1520 3775 1700 3846 populi
1744 3775 1940 3829 delicta

359 3884 683 3954 pandantur,
731 3888 835 3934 etc.
890 3867 1021 3941 Quae.
1053 3881 1192 3951 sunt
1222 3871 1334 3926 veri
1371 3883 1565 3925 sensus
1596 3867 1937 3928 inanissima,

362 3973 569 4030 ac'non
622 3970 797 4024 solum
849 3982 880 4020 a
928 3962 1132 4020 Graecis
1185 3958 1470 4016 Sozomeni
1522 3956 1707 4012 verbis
1741 3956 1940 4011 abhor-

361 4077 482 4122 rent
503 4103 518 4130 ,
547 4062 644 4120 sed
666 4070 722 4117 et
750 4066 989 4130 pugnant
1023 4056 1137 4125 ipsa
1173 4067 1381 4107 secum.
1417 4049 1597 4116 Quare
1628 4047 1771 4104 haud
1800 4049 1939 4102 vana

361 4157 604 4228 suspicio
637 4160 724 4210 est
762 4151 1107 4207 librariorum
1159 4146 1316 4215 culpa
1352 4158 1538 4198 vocem
1572 4142 1810 4223 aliquant
1843 4156 1939 4195 ex-

360 4253 598 4314 cidisse,
653 4255 817 4316 atque
870 4244 943 4298 ita
996 4240 1385 4296 restituendum
1436 4242 1604 4292 esse:
1653 4233 1942 4303 Propterea

361 4347 534 4400 uisum
561 4350 638 4394 est
678 4337 953 4392 molestum
986 4333 1218 4404 antiquis
1247 4329 1607 4400 petiti/icibus,
1641 4336 1750 4382 etc.
1803 4324 1937 4380 Nam

2031 463 2228 534 stylum
2264 465 2427 520 modo
2453 467 2640 521 subiit.
2661 464 2862 520 Scribit
2891 467 2976 520 ille
3008 455 3106 520 lib.
3134 483 3186 533 v,
3213 462 3333 538 cap.
3371 469 3478 540 up“,
3506 474 3617 527 (Ia:-

2031 572 2198 612 sarete
2225 557 2280 611 in
2311 557 2652 630 Cappadocia
2683 573 2798 623 eos,
2839 551 2930 628 qui
2965 569 3089 630 post
3123 550 3453 630 baptismum
3489 581 3616 636 pec-

2029 649 2294 713 caverint,
2323 665 2354 704 a
2383 652 2770 705 communione
2805 648 2976 720 r‘ejici,
3013 643 3470 722 quemadmodum
3505 640 3617 711 No-

2032 740 2232 794 vatiani
2277 741 2584 795 instituunt.
2641 740 2798 808 QuOd
2858 730 2941 796 est
3001 737 3513 807 inemlacisSimum.
3557 759 3617 804 ut

2029 847 2092 915 ex
2125 832 2323 888 Basilio
2345 834 2573 903 ejusque
2597 825 3064 904 pwnitentialibns
3092 839 3396 917 eanonibus
3421 819 3612 911 liquet.

2032 909 2296 996 Loquitur
2317 944 2446 983 vero
2469 929 2722 984 Socrates
2746 929 2812 983 de
2841 930 3115 1005 veteribus
3143 910 3504 1007 Ecclesi‘arum
3526 928 3617 987 τοι

2033 1021 2212 1074 πικῶν
2247 1021 2477 1090 ritibus;
2539 1038 2606 1076 ne
2641 1022 2766 1098 quis
2807 1029 2928 1092 post
2988 1022 3168 1078 Basilii
3201 1017 3408 1099 obitum
3459 1025 3616 1082 aliter

2031 1112 2334 1169 obtinuisse
2379 1112 2655 1182 conjiciat.
2703 1109 2982 1190 Ejusmodi
3031 1115 3214 1186 igitur,
3247 1111 3350 1172 hoc
3377 1123 3618 1187 estcon.

2034 1193 2216 1260 fictum
2248 1221 2389 1268 csso,
2425 1205 2770 1260 vehementer
2801 1205 3070 1275 suspicor,
3109 1206 3253 1276 quod
3300 1208 3403 1262 sub
3435 1204 3616 1260 Nora-

2035 1281 2306 1351 tianorum
2334 1297 2598 1352 duntaxat
2639 1307 2818 1351 ortum
2857 1299 3286 1367 pc’cnitentialem
3333 1289 3618 1374 presbytey-

2035 1405 2156 1444 rum
2205 1383 2562 1446 constitutum
2617 1407 2740 1447 esse
2793 1391 2926 1446 dixit
2971 1411 2986 1446 :
3030 1390 3192 1463 quem
3236 1395 3380 1472 cum
3414 1394 3492 1448 ait
3539 1385 3619 1464 τῷ

2034 1482 2218 1535 κανόνι
2253 1482 2668 1553 προστεθεῖσθσιι
2693 1483 2762 1538 ab
2804 1485 3099 1560 episcopis.
3135 1494 3274 1541 tecte
3327 1479 3615 1561 admodum

2035 1583 2087 1628 ct
2140 1574 2335 1629 callide
2402 1573 2717 1630 Novatianaa
2770 1576 3107 1632 crudelitatis
3156 1573 3308 1633 virus
3367 1576 3615 1641 instillat,

2036 1653 2193 1731 quasi
2227 1673 2339 1717 tum
2385 1663 2603 1718 demum
2637 1673 2810 1719 totum
2843 1664 2946 1721 hoc
2979 1667 3311 1736 poenitentia:
3341 1659 3617 1738 negotijttii

2036 1755 2401 1824 excogitatum
2440 1755 2603 1810 fuerit
2643 1770 2707 1812 ac
2753 1773 2890 1812 novo
2949 1772 3159 1817 canone
3189 1747 3478 1814 sancitum.
3514 1757 3621 1814 Neo

2034 1860 2140 1917 que
2161 1847 2306 1900 enim
2335 1855 2484 1902 recte
2531 1847 2611 1919 τῷ
2651 1849 2838 1902 κανόνι
2886 1849 3302 1924 προστεθεῖσοαι
3343 1839 3621 1922 accipiunt

2035 1938 2196 2009 vulgo
2233 1953 2358 1994 cum
2404 1939 2717 2010 interprete,
2774 1950 2833 1995 ut
2869 1941 2941 1996 sit
2973 1943 3164 1998 canoni
3187 1943 3451 2012 adjicere;
3492 1941 3617 1997 mini

2035 2029 2268 2086 canonis
2301 2029 2522 2086 decreto
2557 2031 2671 2086 vult
2700 2047 2824 2087 emn
2861 2033 3236 2104 presbyterum
3279 2026 3617 2114 adjunetiim.

2035 2120 2218 2187 Quare
2265 2137 2388 2178 mox
2435 2123 2684 2192 sequitur
2722 2141 2736 2179 :
2770 2125 2915 2179 hunc
2955 2139 3218 2180 canonetn
3253 2126 3324 2180 ab
3365 2117 3622 2180 omnibus

2035 2207 2158 2262 aliis
2203 2218 2502 2291 receptum,
2532 2225 2562 2264 a
2604 2209 2928 2288 Novatianis
2975 2215 3237 2269 duntaxat
3275 2202 3621 2291 repudiatum

2037 2297 2227 2356 fuisse.
2292 2287 2489 2356 Verum
2546 2311 2606 2357 ut
2660 2287 2728 2356 de
2783 2302 3146 2360 institutionis
3179 2300 3441 2376 tempore
3486 2287 3621 2361 nihil

2039 2407 2363 2462 pugnemus.
2395 2393 2540 2464 quod
2571 2394 2640 2449 ad
2689 2397 2960 2451 summam
2994 2377 3139 2451 haud
3169 2393 3402 2452 multdm
3449 2395 3616 2476 inter;

2036 2491 2140 2547 est,
2191 2483 2292 2546 sic,
2341 2483 2558 2553 opinor,
2621 2476 2892 2555 esplicare
2941 2485 3043 2542 ista
3093 2495 3436 2557 poBsumus:
3475 2486 3616 2543 Curii

2037 2575 2146 2627 duo
2176 2574 2317 2644 apud
2351 2585 2559 2632 veteres
2586 2585 2786 2642 essent,
2837 2587 2895 2632 ut
2943 2587 3102 2633 antea
3145 2562 3454 2647 docuimus,
3491 2576 3622 2650 pce-

2038 2668 2284 2719 catorum
2333 2681 2566 2736 g-‘tiera;
2615 2667 2721 2723 alia
2774 2669 3026 2738 graviora
3075 2665 3129 2726 el
3175 2655 3448 2741 capitalia,
3501 2668 3623 2742 quiti

2041 2757 2357 2812 nominatim
2410 2762 2647 2816 canones
2709 2761 3242 2832 cotiiplectebantur,
3309 2763 3620 2834 quibusque

2041 2849 2256 2919 publica
2309 2851 2627 2920 pt'cnitentia
2660 2869 2797 2929 opus
2841 2864 2993 2920 erat;
3033 2855 3235 2930 leviora
3279 2857 3472 2924 altera,
3520 2855 3624 2914 hei:

2039 2949 2121 3014 est
2153 2953 2183 2994 a
2217 2940 2524 2996 ctinonibtis
2572 2944 2862 3012 praeterita,
2896 2944 3091 3015 primis
3125 2945 3382 3002 Ecclesia:
3411 2950 3622 3018 tempo-

2041 3028 2212 3092 ribus,
2263 3031 2449 3100 quise
2498 3032 2695 3101 prioris
2748 3036 2963 3105 generis
3012 3037 3248 3106 peccatis
3293 3031 3623 3096 obstrinxisi

2042 3134 2182 3187 sent,
2220 3125 2284 3178 ad
2317 3125 2604 3194 episcopos
2655 3127 3012 3195 utplurimum
3063 3129 3325 3185 adeuntes
3357 3125 3624 3200 praescri-

2041 3227 2185 3284 ptam
2225 3216 2294 3270 ab
2329 3216 2394 3270 iis
2431 3218 2805 3286 pccnitentiam
2851 3220 3156 3290 explebant.
3192 3225 3270 3296 Ac
3298 3225 3340 3279 si
3379 3214 3503 3296 quis
3527 3231 3621 3279 νεά

2043 3307 2342 3362 tustissima
2379 3319 2724 3364 monumenta
2763 3311 3075 3382 diligentius
3092 3311 3354 3385 exploret,
3383 3303 3622 3371 inveniel

2042 3390 2110 3454 ab
2134 3399 2404 3469 episcopis
2440 3400 2574 3470 ipsis
2619 3401 2994 3458 administrata
3047 3395 3218 3461 ferme
3256 3406 3461 3479 omnia,
3499 3401 3622 3476 qua

2042 3490 2107 3544 ad
2140 3489 2462 3559 ptcnitcntes
2497 3492 2820 3555 attinebant,
2860 3509 2982 3548 cum
3025 3505 3080 3550 et
3123 3497 3409 3566 pauciores
3445 3495 3624 3555 adhuc

2041 3571 2334 3634 Christiani
2382 3581 2578 3650 forent,
2612 3593 2664 3638 et
2698 3585 2904 3639 rariora
2961 3581 3155 3642 delicta
3193 3585 3316 3658 quae
3349 3589 3620 3658 publicant

2043 3674 2416 3742 pwnitentiam
2467 3676 2762 3747 exigerent.
2816 3669 3178 3748 Posteaquam
3238 3695 3368 3738 vero
3421 3676 3622 3751 pariter

2041 3775 2094 3819 et
2130 3765 2367 3820 fidelium
2430 3783 2692 3824 numerus
2725 3779 2779 3824 et
2811 3770 3033 3839 majoris
3061 3771 3149 3825 illa
3179 3772 3508 3841 pmnitentit'e
3536 3782 3622 3829 se;

2041 3874 2134 3926 ges
2189 3858 2432 3912 excrevit
2487 3847 2758 3931 [graviora
2839 3843 3048 3938 scilicet
3105 3863 3464 3934 capitalisque
3509 3865 3620 3920 etl-

2051 3947 2246 4017 inina],
2275 3963 2398 4002 cum
2428 3966 2569 4006 unus
2603 3952 2702 4021 pai-
2734 3953 2988 4010 munibus
3017 3960 3138 4011 eSSe
3165 3971 3270 4009 non
3299 3964 3479 4028 posset
3502 3957 3619 4026 cpi-

2043 4039 2272 4110 scopus;
2308 4042 2567 4096 vicarium
2591 4043 2695 4098 sibi
2727 4031 3100 4115 presbyterum
3139 4045 3441 4112 substituit,
3481 4054 3620 4115 quos

2043 4133 2165 4188 citm
2202 4133 2440 4188 laborem
2478 4134 2792 4203 partiretur,
2816 4135 3020 4206 quique
3049 4137 3112 4192 iis
3145 4133 3489 4206 potissimum
3521 4133 3622 4193 ati-

2043 4227 2253 4280 diendis
2277 4239 2512 4290 vacaret,
2538 4228 2630 4297 qui
2661 4227 2872 4298 publica
2900 4222 3215 4298 poenitentia
3248 4245 3314 4284 ex
3345 4231 3619 4285 canonum

2042 4319 2325 4375 sanctione
2366 4325 2710 4393 tenerentur;
2745 4335 2868 4376 nam
2903 4337 3020 4387 eos,
3053 4322 3146 4392 qui
3193 4322 3456 4393 privatam
3500 4331 3622 4377 tan-

362 4413 566 4500 alioqui
601 4413 730 4498 quid
788 4439 926 4494 opus
973 4428 1092 4476 erat
1129 4417 1396 4490 ἐχέμυοον
1469 4417 1803 4472 sacerdotem
1847 4416 1936 4470 de-
1971 4420 2017 4478 ι)
2046 4409 2327 4500 tummodo
2359 4407 2748 4500 desidera-rent,
2791 4425 2820 4464 a
2876 4411 3260 4500 minutioribus
3291 4413 3621 4483 presbyteris

365 4523 548 4592 ligere,
578 4519 622 4573 si
658 4505 804 4572 velut
843 4515 895 4568 in
935 4513 1145 4567 theatro
1185 4506 1735 4586 traduccn'lusesset
1764 4508 1939 4577 paeni-

365 4624 504 4674 tens,
545 4617 597 4663 et
633 4607 700 4660 ab
751 4606 1002 4675 ipsemet,
1037 4610 1128 4656 aut
1167 4615 1197 4652 a
1232 4599 1510 4654 sacerdote
1541 4597 1685 4652 illius
1719 4609 1936 4668 peccata

365 4697 727 4771 publicanda?

434 4791 566 4858 ριιω
599 4805 724 4844 cum
762 4783 1154 4841 absurdissima
1206 4778 1334 4861 sint,
1367 4788 1421 4834 ct
1471 4778 1538 4833 iis
1587 4777 1729 4832 haud
1765 4777 1936 4832 multo

366 4884 612 4946 meliOra,
658 4894 780 4948 qua:
834 4873 1168 4930 nnonnullis
1227 4867 1564 4932 afferuntur,
1619 4884 1720 4925 nos
1773 4870 1824 4922 in
1873 4881 1936 4923 ea

364 4971 734 5032 controversia
781 4969 891 5023 duo
944 4964 1192 5035 quietiam
1246 4963 1566 5017 excutienda
1615 4963 1874 5016 duximus
1919 4981 1932 5014 :

364 5056 592 5124 alterum
625 5063 888 5132 quorsum
943 5054 1028 5110 ille
1068 5053 1324 5111 Sacerdos
1369 5050 1670 5116 institutus,
1705 5053 1934 5106 alterum

365 5161 632 5230 quatenus
665 5140 811 5208 illius
842 5151 911 5205 sit
945 5149 1202 5217 abrogata
1254 5146 1480 5199 functio.
1517 5145 1593 5198 Ae
1637 5146 1703 5199 de
1739 5144 1938 5200 Socra’-

365 5253 437 5306 tis
471 5249 594 5309 fide.
625 5247 725 5301 etsi
757 5243 898 5313 quod
946 5241 1009 5296 ad
1055 5241 1228 5308 ipsum
1265 5235 1595 5290 narrationis
1622 5248 1784 5304 caput
1813 5235 1938 5315 attif

367 5352 480 5406 net,
515 5339 649 5395 nihil
683 5340 785 5392 hoc
820 5325 936 5390 loco
969 5319 1301 5392 dubitemus,
1341 5315 1606 5398 permulta
1655 5336 1834 5381 tamen
1869 5328 1937 5381 ad

367 5434 652 5492 historiam
693 5429 758 5484 ab
800 5428 986 5482 eodem
1014 5432 1218 5478 attexta
1259 5418 1552 5483 crcdimits,
1587 5430 1644 5474 ut
1682 5419 1934 5474 Novati:-

369 5542 561 5584 nornm
619 5529 840 5580 sectam,
893 5518 978 5571 cui
1030 5524 1148 5569 erat
1191 5503 1459 5577 addictus,
1505 5511 1827 5565 commentis
1873 5526 1936 5566 ac

369 5615 665 5674 mendaciis
713 5597 1016 5665 sublevaret
1058 5623 1070 5658 :
1120 5603 1262 5672 quod
1299 5589 1612 5672 pitu-nmque
1671 5612 1934 5672 usurpare

443 5739 457 5767 ¹
487 5733 548 5789 F.
585 5731 1066 5805 εἰσπραξομένουξ.

692 5828 957 5885 νει-νισι..
1001 5825 1118 5882 litt.
1161 5821 1322 5882 ΚΕΗ

2045 4498 2324 4554 absolutos
2350 4514 2470 4556 esse
2497 4497 2756 4555 credibile
2787 4501 2864 4555 tit.
2902 4499 2966 4554 Et
2991 4501 3210 4571 quidem
3241 4502 3371 4557 olim
3398 4502 3623 4560 absente

2044 4588 2300 4659 episcopo
2331 4589 2608 4658 nunquam
2640 4605 2670 4645 a
2710 4592 3043 4663 presbyteris
3073 4593 3414 4668 reconciliari
3442 4597 3621 4666 ptcnl-

2045 4685 2220 4738 tentes
2258 4682 2522 4746 Solebant,
2555 4683 2648 4738 Sed
2679 4685 3172 4739 estraordinarittm
3203 4685 3296 4756 jus
3323 4686 3453 4742 illud
3483 4697 3619 4753 erat;

2045 4786 2098 4827 et
2126 4775 2419 4830 identidem
2468 4775 2536 4829 ab
2581 4774 2840 4850 episeopo
2868 4777 3206 4842 mandatum,
3249 4781 3356 4836 non
3401 4779 3619 4833 ordina-

2048 4865 2187 4922 rium
2206 4883 2270 4924 ac
2301 4865 2792 4924 certishominilnts
2829 4851 3234 4940 inperpetuum
3263 4863 3612 4926 attributum.

2115 4960 2294 5026 Quare
2343 4953 2404 5012 ut
2453 4958 2594 5028 apud
2648 4941 2924 5014 Romanos
2969 4961 3278 5029 capitalium
3328 4967 3619 5015 causarum

2044 5053 2282 5122 cognitio
2322 5048 2556 5120 primum
2592 5066 2622 5104 a
2651 5039 2863 5113 senatu,
2891 5043 3104 5120 quoties
3131 5061 3268 5120 opus
3309 5059 3446 5113 erat,
3488 5062 3624 5106 coni

2043 5145 2221 5197 stilum
2259 5142 2414 5195 alteri
2474 5137 2828 5204 ambobusve,
2883 5139 2978 5208 aut
3036 5141 3158 5194 a'liis
3208 5142 3622 5214 magistratibus

2042 5217 2524 5300 cbmmittebatur;
2557 5246 2744 5312 postea
2795 5235 3094 5304 quaestione
3144 5236 3358 5303 publica
3415 5239 3623 5294 Consti-

2042 5317 2180 5390 tuta,
2226 5327 2454 5396 singulis
2512 5325 2856 5387 criminibus,
2891 5338 3031 5398 .qnze
3084 5328 3304 5395 quidem
3350 5332 3620 5386 atrociora

2042 5428 2246 5483 eSscnt,
2277 5434 2410 5472 suos
2441 5426 2525 5471 est
2561 5411 2723 5486 judex
2754 5417 2817 5470 ac
2850 5426 3046 5484 praetor
3076 5419 3360 5487 appositus
3394 5441 3406 5474 :
3443 5422 3524 5475 sic
3564 5423 3618 5475 iit

2046 5511 2285 5566 Ecclesia
2314 5509 2590 5579 quondam
2629 5508 3002 5578 jnenitentiitm
3036 5526 3253 5572 causas,
3281 5513 3482 5590 quibus
3503 5515 3622 5588 vel»

2043 5606 2138 5670 let,
2177 5585 2558 5673 di5ceptanda's
2595 5601 2882 5656 mandabat
2926 5603 3244 5672 episcopus;
3278 5586 3466 5674 postea
3499 5585 3619 5664 ceri

3261 5796 3341 5869 ini
