3994 6222
431 295 570 351 1055

1519 291 1865 348 ΑΡΡΕΝἸΠΧ
1898 288 2537 347 DlSSl-IllTATIONUll.

3563 297 3700 349 10ῧοῖ

428 424 518 469 tus
553 431 614 468 ac
647 419 938 484 pezpetuus
985 411 1298 483 graviorum
1348 411 1640 466 criminum
1684 413 1869 478 juoex,
1909 426 1993 467 uo¢

2111 431 2219 466 των
2250 411 2347 475 τὰς
2390 411 2538 479 σφῶν
2587 406 2764 461 αὐτῶν
2811 405 3206 475 πλημμεὶείας,
3259 411 3350 462 καὶ
3395 410 3502 464 ὑπὸ
3548 413 3700 484 (inp-.-

431 515 509 564 est
538 507 766 578 publica:
793 504 1125 575 poenitentiae
1157 504 1571 560 adminiStrator
1598 506 1886 561 institutus
1906 517 2008 561 est.

427 599 706 662 Eiusmodi
742 597 1182 668 pqanitentiarins
1235 597 1322 653 ille
1352 598 1632 669 presbyter
1665 595 1788 663 fuit,
1830 597 2012 652 orien-

427 693 574 747 tibus
619 689 964 756 Novatianis,
1000 691 1044 746 si
1081 689 1383 744 Novatiauo
1409 689 1677 745 historico
1712 689 2007 748 credimus.

424 801 451 837 a
493 782 776 838 catholicis
827 783 1056 837 ascitus.
1109 784 1253 837 ldcm
1305 791 1492 851 postea
1539 781 1711 851 stupri
1747 781 1890 836 illius
1918 796 2010 835 oc-

422 875 649 929 rasionc
685 874 1160 944 Constantinopoli
1190 875 1439 928 sublatus
1462 911 1478 937 ,
1532 887 1751 942 unaque
1788 885 1911 926 cum
1942 886 2009 927 eo

424 967 760 1036 pteriiteutire
792 967 1021 1038 publica:
1054 982 1189 1022 usus
1227 966 1563 1036 interruptus
1597 974 1698 1019 est.
1731 961 2006 1018 Pteuiten-

425 1061 534 1128 tiae,
565 1060 812 1131 inquam,
859 1075 967 1114 non
1012 1059 1375 1115 confessionis
1420 1056 1670 1128 publicae,
1699 1071 1822 1126 quae
1857 1055 2004 1110 nulla

425 1169 666 1225 unquam
698 1154 751 1209 in
782 1170 962 1209 rerum
998 1163 1193 1208 natura
1233 1152 1353 1207 fuit.
1403 1150 1558 1217 Quod
1605 1148 1749 1202 enim
1792 1147 2004 1217 publica

424 1247 691 1301 duntaxat
739 1247 1053 1318 poenitentia
1085 1260 1376 1326 suppressa
1414 1243 1504 1308 sit,
1531 1242 1615 1296 vel
1666 1250 1857 1296 auctor
1889 1240 2005 1310 ipse

427 1347 553 1406 post
584 1335 863 1391 Socratem
893 1336 1224 1392 narrationis
1263 1334 1410 1388 illius
1455 1333 1796 1386 Sozomenus
1826 1338 2005 1385 osten-

423 1429 549 1482 dit:
585 1427 678 1498 qui
733 1429 873 1481 idem
902 1468 916 1492 ,
961 1427 1104 1498 quod
1154 1425 1628 1494 Constantinopoli
1685 1425 2000 1492 abrogatum

342 1583 351 1586 _
422 1519 656 1580 dixerat,
690 1517 818 1572 alibi
855 1526 1148 1583 terrarum,
1183 1527 1238 1572 ct
1277 1517 1330 1571 in
1370 1516 1680 1574 Occidente,
1712 1529 1776 1569 ac
1817 1513 2004 1568 Roma:

421 1609 766 1678 potissinmm
824 1625 1203 1680 perseverasse
1251 1609 1443 1674 docet;
1494 1607 1640 1676 quod
1693 1606 1999 1676 cujusmodi

417 1711 563 1757 esset
585 1717 886 1772 exponens,
917 1702 1124 1757 nullum
1161 1701 1305 1756 aliud
1341 1701 1445 1754 nisi
1475 1699 1704 1769 publica:
1732 1699 2002 1770 pteniten-

2116 503 2269 567 θείας
2309 503 2418 556 τῶν
2468 502 2561 554 ἐπὶ
2605 499 2782 569 τούτῳ
2823 498 3184 567 τεταγμένων
3218 502 3444 570 κριτῶν.
3477 502 3702 566 Quando

2113 596 2324 667 quidem
2354 596 2581 660 minora,
2616 602 2672 646 ut
2719 592 2925 660 opinor,
2961 603 3110 645 erant
3153 607 3275 648 ante
3315 609 3555 664 peccata.
3586 616 3700 653 cum

2112 698 2325 756 propter
2360 702 2540 740 eorum
2593 683 2954 737 uerecundiam
2988 684 3078 754 qui
3132 685 3226 738 illa
3272 688 3700 758 conﬁtebantur;

2114 787 2223 830 tum
2249 777 2311 829 ob
2341 793 2519 831 eorum
2549 777 2640 847 qui
2671 774 2719 828 ei
2751 775 2957 844 negotio
2979 787 3243 844 praeerant
3275 779 3613 850 diligentiam
3639 800 3702 837 ac

2111 871 2548 925 sollicitudinem.
2568 869 2774 924 Verum
2804 870 2904 925 etsi
2936 869 3222 928 Novatiani
3252 877 3413 928 verba
3444 887 3704 945 praestare

2111 963 2244 1018 nihil
2285 979 2507 1019 necesse
2547 964 2635 1029 sit,
2675 972 2905 1033 possunt
2948 981 3010 1020 ca
3057 975 3234 1020 tamen
3273 968 3355 1022 sic
3394 967 3594 1039 accipi.
3623 971 3700 1023 uti

2112 1053 2308 1109 leviora
2342 1055 2513 1112 fuisse
2543 1047 2773 1111 crimina
2801 1058 3011 1125 doceat,
3043 1060 3186 1129 quod
3219 1071 3272 1114 et
3301 1061 3390 1116 illa
3429 1063 3699 1127 confiteri,

2109 1147 2202 1202 uni
2261 1148 2512 1202 videlicet
2561 1149 2725 1202 alieni
2781 1149 3077 1218 sacerdoti,
3125 1155 3450 1222 Oportuerit,
3509 1163 3698 1225 utputa

2107 1240 2534 1308 pmniteutiurio,
2559 1249 2610 1295 et
2639 1241 2709 1316 ab
2727 1241 2916 1296 eodem
2943 1241 3178 1298 inflictas
3201 1251 3392 1314 pinnas
3416 1261 3482 1300 ex
3494 1247 3698 1316 cipere.

2110 1329 2333 1384 Sublata
2357 1345 2490 1385 vero
2520 1315 2864 1400 pmltitentia,
2895 1335 3112 1389 tametsi
3145 1335 3315 1390 nihilo
3352 1337 3532 1392 secius
3552 1315 3702 1392 con-

2108 1419 2409 1489 litcrentur,
2428 1431 2607 1476 tamen
2627 1423 2842 1493 publice
2872 1425 3074 1479 nullam
3101 1426 3306 1494 peccati
3329 1429 3411 1481 sui
3426 1428 3700 1499 signiﬁca-

2101 1512 2309 1566 tionem
2335 1513 2574 1580 dabant;
2611 1515 2756 1584 quod
2792 1531 2964 1570 unum
3003 1517 3394 1586 ptenitentibus
3425 1521 3702 1576 tnolestis-

2105 1604 2305 1659 sinmm
2346 1616 2464 1661 erat
2499 1615 2553 1661 et
2593 1607 3031 1663 acerbissimum.
3077 1608 3258 1676 Quare
3291 1611 3452 1676 αἰδώς
3499 1613 3589 1666 illa
3646 1624 3701 1668 et

2106 1699 2431 1754 verecundia
2461 1716 2568 1755 non
2607 1712 2715 1756 tam
2743 1702 2808 1756 ad
2833 1701 3157 1769 ἐξαγγελίαν
3188 1701 3491 1764 referenda.
3525 1720 3698 1774 quam

417 1795 505 1849 the
527 1795 689 1849 ritum
717 1795 1007 1866 signilicat,
1042 1795 1246 1848 luetmn
1273 1793 1545 1857 videlicet,
1577 1793 1846 1863 lacrymas
1872 1807 1997 1846 Cttlll
2024 1781 2071 1835 ’Β
2101 1788 2167 1841 ad
2205 1789 2476 1858 publicam
2512 1790 2792 1846 infamiam
2839 1800 2893 1847 et
2937 1806 3177 1862 pinnam,
3209 1809 3331 1863 qua:
3378 1795 3697 1864 graviorum

416 1887 795 1954 paenitendum
827 1886 1095 1956 ipsorum,
1131 1894 1246 1938 tum
1271 1883 1508 1954 episcopi
1541 1883 1712 1952 ipsius
1743 1897 1808 1937 ac
1833 1883 2002 1937 totius

415 1977 622 2047 populi.
651 1977 730 2030 Ad
759 1977 873 2031 haec
902 1977 1133 2046 jejnuia,
1162 1975 1382 2030 crebras
1408 1974 1687 2030 orationes
1716 1989 1781 2029 ac
1809 1974 2002 2028 statio-

417 2085 535 2130 nes,
573 2079 830 2123 sexcenta
866 2069 916 2122 id
957 2084 1153 2138 genus,
1182 2082 1418 2138 quorum
1464 2067 1518 2120 in
1560 2067 1836 2122 veteribus
1866 2081 2002 2143 con-

414 2161 557 2216 ciliis
608 2176 673 2216 ac
711 2170 1026 2218 sanctorum
1064 2160 1287 2215 Patrum
1328 2161 1699 2217 monumentis
1745 2161 2000 2232 frequens

411 2264 493 2306 est
535 2263 590 2308 et
633 2265 887 2309 accurata
941 2254 1164 2309 mentio.
1220 2252 1481 2324 Nuspiam
1537 2262 1719 2308 autem
1770 2253 2000 2324 publicae

411 2345 775 2401 confessionis
803 2362 967 2401 usum
996 2362 1063 2402 ne.
1092 2347 1267 2402 littera
1298 2345 1516 2417 quidem
1548 2345 1774 2416 attigcrc
1804 2344 2002 2400 Socra-

401 2447 494 2493 ‘tes
530 2451 594 2494 ac
629 2439 1009 2504 Sozomenus;
1053 2454 1228 2510 neque
1266 2451 1430 2511 porro
1471 2439 1716 2508 privatre,
1749 2439 1831 2493 vel
1867 2454 1998 2494 con-

412 2531 689 2596 fessionis,
716 2532 799 2586 vel
821 2532 1159 2602 paenitentia:
1189 2531 1577 2593 meminerunt,
1598 2545 1762 2600 quam
1795 2541 1999 2586 utram-

412 2640 517 2692 que
561 2624 770 2678 salvam
823 2633 987 2694 atque
1035 2622 1366 2677 incolumem
1399 2621 1562 2676 etiam
1606 2621 1998 2677 Constantino-

413 2713 521 2783 poli
579 2715 847 2768 mansisse
893 2711 1097 2766 nemini
1139 2711 1365 2765 dubium
1413 2725 1536 2766 esse
1587 2711 1765 2765 deleret.
1812 2709 1997 2781 Neque

411 2819 741 2874 quemquam
791 2811 1024 2865 moveat,
1073 2801 1217 2870 quod
1277 2800 1537 2856 Socrates
1591 2799 1850 2870 subiicit,
1891 2799 1996 2855 Eu-

410 2897 713 2949 daemonem
746 2894 933 2959 istum,
965 2893 1058 2964 qui
1089 2891 1344 2949 Nectario
1385 2892 1683 2963 abrogandi
1725 2892 1994 2961 poeniten-

411 2987 557 3041 tiarii
583 2986 884 3057 presbyteri
918 2985 1208 3041 consilium
1245 2984 1413 3051 dedit,
1448 2985 1724 3039 hortatum
1754 2999 1898 3050 esse,
1938 2993 1995 3039 ut

409 3093 855 3149 unumquemque
898 3093 1013 3134 suae
1051 3077 1402 3133 conscientiae
1442 3076 1773 3146 relinqueret
1804 3095 1817 3132 ε
1850 3077 1993 3144 Συγ-
2025 3130 2065 3149 η

408 3172 655 3245 χωρῆσαι
683 3170 742 3224 δὲ
768 3171 1002 3226 ἕκαστον
1038 3169 1117 3242 τῷ
1166 3170 1282 3242 ἰδίῳ
1322 3169 1581 3224 συνειδότι
1628 3169 1738 3224 τῶν
1784 3187 1992 3241 μυστη-

411 3265 540 3336 ρὶων
577 3263 859 3335 μετέχεινο
903 3272 961 3317 ut
995 3271 1182 3333 suapte
1212 3263 1531 3318 conscientia
1563 3262 1726 3331 fretus
1774 3263 1989 3332 ejusque

406 3365 614 3410 secutus
646 3353 930 3408 arbitrium
962 3355 1214 3425 mysteria
1246 3363 1555 3425 capesseret.
1583 3353 1720 3407 Nam
1749 3353 1878 3408 illttd
1908 3354 1992 3407 in-

407 3455 489 3500 ter
521 3446 862 3516 antiquitatis
886 3446 1269 3514 ecclesiasticae
1294 3448 1494 3515 peritos
1520 3447 1792 3511 convertit,
1821 3444 1992 3516 publi-

405 3553 528 3592 cant
557 3539 686 3590 olim
708 3537 1106 3606 pmnitentiam,
1133 3537 1236 3592 hoc
1257 3546 1344 3593 est
1365 3553 1556 3608 poenas
1587 3539 1753 3608 ipsas,
1789 3537 1991 3608 quibus

403 3627 840 3694 satisfaciebant,
870 3644 1170 3700 earumque
1216 3639 1432 3701 tempus
1474 3644 1540 3685 ac
1573 3629 1837 3685 rationem
1879 3637 1987 3682 tam

404 3729 721 3775 constanter
768 3736 834 3775 ac
879 3736 1088 3785 severe,
1141 3730 1190 3776 et
1245 3721 1313 3777 ad
1370 3737 1607 3791 unguem
1667 3721 1990 3776 observasse

406 3811 644 3879 priscam
680 3809 1008 3876 'Eeclesiam,
1059 3819 1118 3866 ut
1166 3820 1293 3866 ants:
1338 3813 1542 3882 justam
1581 3827 1646 3866 ac
1689 3812 1985 3882 legitimam

404 3901 552 3957 illius
597 3901 929 3958 finictionem
974 3902 1129 3959 nefas
1173 3919 1295 3958 esse
1339 3913 1554 3974 putaret
1600 3903 1667 3958 ad
1712 3919 1898 3974 pacem
1935 3914 1990 3959 et

405 3994 850 4050 communionem
885 3995 1163 4050 accedere.
1197 3995 1334 4051 llinc
1360 4011 1515 4051 acres
1550 4011 1616 4052 ac
1641 3997 1988 4052 vehementes

407 4088 514 4141 illa:
548 4086 804 4158 Cypriani
841 4089 1140 4157 praesertim
1170 4089 1429 4159 querelae,
1459 4105 1598 4160 quas
1640 4089 1694 4143 in
1734 4089 1874 4144 libro
1909 4087 1986 4144 De

404 4178 570 4247 lapsis
600 4187 655 4233 et
688 4179 742 4232 in
779 4179 1024 4249 epistolis
1057 4179 1311 4235 inculcat.
1348 4182 1481 4234 Ante
1518 4181 1732 4249 expiata
1764 4180 1984 4246 delicta,

402 4262 479 4316 ait
500 4261 642 4315 libro
667 4259 742 4316 De
771 4260 960 4332 lapsis,
987 4273 1108 4317 ante
1131 4264 1552 4334 exltomologesin
1576 4265 1778 4334 factam
1805 4265 1986 4319 crimi-

401 4353 508 4417 nis,
542 4361 664 4405 ante
701 4363 981 4423 purgatam
1033 4356 1408 4409 conscientiam
1454 4356 1721 4424 sacri/icio
1744 4364 1795 4408 et
1823 4371 1983 4410 manu

2105 1881 2394 1936 criminum
2421 1883 2822 1940 confessionem
2850 1885 3161 1940 necessario
3187 1899 3526 1955 sequeretur.
3557 1884 3697 1941 Nam

2102 1981 2197 2027 aut
2243 1975 2411 2040 nulla,
2460 1985 2554 2030 aut
2615 1976 2799 2031 leviori
2839 1977 3161 2032 verecundia
3224 1979 3480 2048 deinceps
3517 1976 3699 2035 alfecri

2103 2075 2252 2129 sunt,
2303 2066 2449 2136 quod
2493 2065 2697 2123 scirent
2733 2068 2950 2138 publica
2991 2085 3048 2123 se
3095 2069 3414 2140 ignominia,
3465 2087 3529 2126 ac
3583 2084 3698 2127 tam

2101 2157 2362 2212 diuturno
2407 2159 2653 2215 cruciatu
2699 2160 2993 2216 carituros.
3036 2161 3116 2214 Ad
3161 2176 3281 2223 eam
3341 2171 3577 2217 mentem
3634 2178 3701 2217 ac

2102 2251 2428 2305 sententiam
2459 2252 2618 2321 dirigi
2648 2261 2896 2321 possunt,
2933 2267 3055 2321 quae
3084 2268 3114 2307 a
3141 2251 3538 2324 Cbrysostomo
3566 2272 3697 2310 cum

2106 2342 2231 2397 aliis
2264 2343 2318 2396 in
2358 2342 2516 2408 locis,
2549 2354 2661 2397 tum
2695 2343 2847 2398 hom.
2880 2343 2912 2397 5
2948 2344 3023 2396 De
3062 2344 3318 2413 incompr.
3348 2344 3443 2399 Dei
3470 2356 3698 2411 natura,

2102 2447 2295 2502 parum
2331 2433 2620 2487 commode
2653 2434 2798 2487 dicta
2829 2435 3099 2499 videntur,
3144 2435 3234 2489 ubi
3287 2447 3604 2506 peccatores
3632 2454 3696 2493 ea

2101 2539 2160 2578 se
2191 2526 2304 2592 lege
2334 2536 2492 2596 negat
2530 2526 2891 2596 obstringere,
2921 2537 2982 2582 ut
3014 2528 3350 2595 hominibus,
3383 2533 3477 2586 sed
3511 2543 3568 2586 ut
3600 2533 3697 2586 uni

2099 2615 2363 2671 duntaxat
2413 2616 2522 2670 Deo
2570 2629 2791 2687 peccata
2843 2617 3134 2673 fateantur.
3177 2621 3277 2673 Διὰ
3309 2619 3469 2675 τοῦτο
3504 2639 3692 2695 παρα-

2099 2705 2269 2767 καλῶ,
2303 2708 2398 2759 καὶ
2433 2707 2645 2778 δέομαι,
2693 2707 2787 2762 καὶ
2820 2707 3088 2761 ἀντιϐολῶ
3130 2709 3570 2781 ἐξομολογεῖσθαι
3616 2715 3697 2782 τῷ

2097 2797 2217 2864 Θεῷ
2251 2798 2505 2869 συνεχῶς.
2550 2801 2682 2853 Οὐδὲ
2719 2801 2828 2872 γὰρ
2860 2803 2941 2865 εἰς
2973 2801 3035 2854 τὸ
3073 2801 3298 2874 θέατρόν
3340 2820 3399 2856 σε
3430 2805 3549 2872 ἄγω
3581 2804 3696 2859 τῶν

2100 2889 2235 2951 σῶν,
2269 2890 2391 2943 οὐδὲ
2423 2890 2731 2960 ἐκκαλύψαι
2771 2895 2886 2956 τοῖς
2927 2892 3237 2964 ἀνθρώποις
3281 2895 3578 2965 ἀναγκάζω
3624 2901 3695 2952 τὰ

2099 2981 2471 3052 ἁμαρτήματα
2491 3000 2504 3012 ·
2533 2982 2596 3035 τὸ
2639 2984 2876 3047 συνειδὸς
2905 2984 3210 3052 ἀνάπτυξον
3249 2985 3562 3060 ’ἔμπροσθεν
3592 2989 3693 3044 τοῦ

2097 3071 2254 3133 Θεοῦ,
2291 3072 2386 3124 καὶ
2420 3071 2568 3144 αὐτῷ
2593 3073 2766 3142 δεῖξον
2797 3075 2866 3128 τὰ
2896 3076 3206 3149 τραύματα,
3237 3080 3332 3133 καὶ
3365 3083 3493 3152 παρ’
3523 3083 3692 3137 αὐτοῦ

2099 3162 2166 3215 τὰ
2193 3163 2463 3234 φάρμακα
2513 3164 2756 3236 αἴτησον.
2801 3165 2926 3221 Non
2959 3177 3031 3232 te,
3063 3170 3261 3240 inquit,
3295 3171 3351 3224 in
3385 3187 3598 3226 scenam
3626 3192 3691 3228 ac

2094 3272 2458 3310 conservorum
2481 3266 2689 3338 tuorum
2721 3275 3021 3314 consessum
3063 3263 3274 3331 prodire
3298 3264 3460 3333 jubea
3481 3307 3496 3333 ,
3528 3284 3693 3338 neque

2094 3346 2391 3399 hominibus
2413 3336 2628 3416 peccata
2663 3357 2752 3402 tua
2777 3351 3073 3420 patefacere
3099 3370 3117 3408 :
3145 3354 3250 3407 imo
3280 3371 3397 3409 rero
3421 3336 3694 3411 conscien-

2093 3436 2226 3489 tiam
2249 3447 2393 3490 tuam
2424 3455 2600 3492 coram
2629 3437 2738 3494 Deo
2766 3443 2933 3511 aperi,
2992 3453 3098 3498 etc.
3161 3443 3371 3500 Etenim
3400 3451 3544 3517 quod
3569 3457 3688 3503 tum

2093 3528 2425 3598 pmnitentize
2451 3530 2678 3600 publicae
2715 3548 2850 3589 usus
2899 3534 3289 3602 intercidisset,
3323 3553 3546 3608 peccata
3591 3558 3688 3596 co-

2085 3635 2209 3674 ram
2236 3621 2552 3679 hominibus
2579 3624 2843 3693 publicari
2877 3626 3172 3697 desierant,
3209 3629 3312 3684 lu-c
3345 3640 3430 3686 est
3455 3640 3688 3688 extento

2083 3713 2185 3767 illo
2214 3715 2469 3784 squalore
2512 3731 2577 3771 ac
2619 3719 2891 3785 sordibus,
2930 3721 3136 3789 cilicio,
3198 3723 3557 3789 volutatione,
3603 3741 3686 3783 re-

2081 3807 2239 3877 Iliqua
2267 3809 2417 3862 omni
2446 3811 2700 3867 lllCB‘l‘Ol‘iS
2740 3825 2804 3867 ac
2844 3811 3027 3868 luctus
3057 3813 3452 3884 significatione
3482 3817 3682 3888 detegi.

2084 3903 2415 3971 Quanquam
2478 3904 2646 3957 multa
2709 3911 2836 3959 sunt
2900 3919 2932 3959 a
2981 3906 3344 3962 sanctissimis
3393 3907 3682 3977 Patribus,

2089 3989 2503 4060 prassertimque
2540 4007 2570 4046 a
2597 3990 2993 4062 Cbrysostomo
3035 3994 3089 4049 in
3136 3995 3379 4053 bomiliis
3417 4013 3683 4069 aspersa;

2082 4094 2212 4150 qua:
2249 4081 2293 4136 si
2344 4083 2411 4136 ad
2459 4092 2665 4139 exactae
2692 4085 2943 4141 veritatis
2989 4088 3234 4158 regulam
3265 4092 3686 4147 accommodare

2089 4173 2350 4239 volueris,
2402 4173 2532 4230 boni
2584 4189 2782 4231 sensus
2836 4175 3019 4231 inania
3073 4179 3443 4236 videbuntur:
3481 4183 3684 4253 quippe

2087 4262 2481 4319 declamatorio
2519 4264 2609 4319 illo
2637 4281 2789 4321 more
2831 4267 2899 4322 ad
2939 4267 3243 4338 imperitam
3281 4271 3394 4328 fere
3426 4274 3682 4329 multitu-

2087 4352 2294 4419 dinem,
2327 4356 2687 4426 exaggerant"
2733 4373 2926 4426 causa,
2965 4369 3019 4415 et
3070 4361 3256 4417 subito
3291 4365 3530 4434 quodam
3578 4367 3681 4422 im-

402 4441 715 4509 sacerdotis,
747 4453 871 4496 ante
910 4443 1165 4512 olfensam
1208 4443 1477 4514 placatam
1515 4444 1841 4514 indignantis
1877 4445 1983 4498 Do-
2010 4468 2064 4530 υ
2091 4451 2216 4514 petu
2251 4445 2466 4501 dicendi
2500 4461 2565 4502 ac
2595 4447 2778 4503 calore
2815 4448 3040 4519 profusa
3075 4451 3325 4508 feruntur
3354 4455 3680 4525 plerumque

403 4535 535 4587 mini
572 4544 620 4587 et
652 4535 922 4599 minantis,
959 4552 1140 4605 pacem
1161 4544 1356 4606 putant
1397 4552 1532 4602 esse,
1575 4553 1736 4607 quam
1773 4537 1984 4606 quidem

400 4625 567 4680 verbis
597 4625 880 4694 fallacibus
909 4629 1198 4683 venditant.

474 4714 624 4771 Haric
652 4719 986 4786 poenitentiae
1033 4718 1262 4774 formam
1307 4736 1431 4775 cum
1475 4721 1714 4792 episcopi
1751 4721 1984 4794 diligen-

401 4817 484 4863 ter
527 4809 838 4878 exigerent,
889 4825 988 4864 nee
1035 4811 1136 4865 nisi
1189 4810 1436 4865 absoluta
1489 4814 1578 4867 illa
1636 4813 1983 4884 perfectaque

399 4916 730 4971 queinquam
771 4899 1135 4966 admitterent,
1165 4902 1342 4958 ablata
1374 4903 1852 4973 Constantinopoli
1877 4921 1978 4974 pu-

399 4993 538 5048 blica
588 4993 940 5063 pmnitentia,
983 4993 1237 5063 privatim
1288 4995 1584 5066 unicuique
1638 4996 1982 5052 moderanda:

397 5087 546 5143 illius
585 5103 653 5142 ac
698 5087 1053 5142 terminanda:
1099 5097 1341 5157 potestas
1386 5098 1470 5143 est
1513 5088 1689 5151 laeta;
1739 5105 1863 5143 cum
1915 5105 1979 5144 ea

400 5191 583 5236 tamen
601 5179 885 5245 cautione,
917 5190 973 5234 ut
995 5180 1096 5236 nisi
1122 5181 1223 5235 rite
1252 5188 1302 5235 et
1330 5196 1428 5250 pro
1454 5181 1777 5236 delictorum
1817 5181 1979 5235 modo

399 5289 430 5326 a
460 5271 642 5342 seipse
675 5287 863 5342 punias
910 5282 1193 5342 repeteret,
1237 5271 1377 5341 apud
1416 5271 1585 5327 Deum
1636 5287 1975 5343 nequaquam

395 5363 554 5432 culpa
582 5371 808 5417 careret.
845 5363 1136 5433 Aliquanto
1167 5362 1441 5418 dillieilius
1475 5374 1576 5428 est,
1618 5366 1763 5433 quod
1799 5364 1976 5421 Solo-

397 5461 593 5508 tuenus
623 5454 860 5508 disserit.
895 5453 1321 5520 Queriturenim
1359 5455 1462 5510 boe
1502 5456 1645 5508 velut
1686 5455 1839 5512 freno
1877 5458 1977 5514 de-

400 5549 574 5598 tracto
605 5543 862 5611 majorem
891 5547 956 5599 ad
996 5561 1156 5600 omne
1189 5547 1368 5602 scelus
1398 5547 1772 5616 impunitatem
1809 5563 1874 5603 ac
1910 5549 1975 5604 li~

399 5636 632 5687 centiam
661 5639 952 5693 exstitisse.
971 5639 1124 5692 Ἐπεὶ
1141 5639 1425 5710 πρότερον,
1442 5640 1517 5704 ὡς
1542 5639 1800 5711 ἡγοῦμαι.
1835 5641 1972 5710 μείω

395 5721 465 5772 τὰ
501 5723 869 5794 ἁμαρτήματα
901 5725 988 5798 ἦν,
1026 5729 1130 5781 ὑπό
1166 5747 1222 5782 τε
1259 5729 1440 5790 αἰδοῦς
1478 5733 1584 5786 τῶν
1629 5732 1973 5802 ἐξαγγελλόν-

2089 4535 2362 4593 liceutius.
2418 4535 2570 4592 Unde
2618 4555 2684 4594 ex
2717 4539 2948 4596 aliorum
2986 4545 3392 4612 comparatione
3427 4547 3675 4603 locorum

2087 4627 2172 4682 vel
2200 4628 2560 4684 conciliorum
2601 4635 2782 4702 potius
2825 4647 2890 4688 ac
2937 4633 3160 4689 Patrum
3208 4640 3582 4708 temperanda,
3619 4652 3678 4697 et

2087 4718 2141 4771 in
2170 4733 2360 4788 gyrum
2402 4721 2645 4776 veritatis
2684 4723 2993 4777 revocanda
3024 4735 3172 4779 sunt.

2157 4809 2319 4880 Atqui
2347 4813 2632 4867 innumera
2663 4824 2789 4868 sunt
2821 4815 3163 4886 antiquitatis
3191 4820 3530 4883 testimonia,
3555 4838 3678 4894 quae

2085 4912 2433 4972 peccatorum
2469 4905 2821 4968 confessioni,
2868 4916 2922 4960 et
2956 4907 3174 4977 quidem
3224 4920 3450 4966 secretae
3486 4929 3552 4968 ae
3589 4925 3675 4967 ta-

2085 4995 2224 5058 citze,
2249 4996 2676 5052 luculentissima
2701 4997 3070 5069 sull‘ragantur
3094 5018 3107 5054 :
3138 5017 3259 5070 qua:
3286 5017 3411 5057 cum
3437 5004 3539 5061 bac
3564 5022 3672 5060 una

2082 5089 2166 5143 vel
2219 5088 2388 5143 altera
2432 5089 2593 5158 paulo
2628 5090 2948 5145 obscuriore
2986 5087 3358 5163 Chrysostom’i
3399 5099 3672 5152 sententia

2083 5183 2426 5252 compensari
2461 5192 2708 5252 possunt.
2733 5181 2890 5248 Nam,
2927 5193 2981 5238 ut
3019 5199 3121 5254 ego
3143 5187 3334 5255 paucis
3367 5189 3670 5257 absolvam,

2082 5290 2258 5346 neque
2273 5275 2414 5330 enim
2443 5275 2492 5329 id
2519 5277 2680 5330 modo
2703 5277 2917 5345 agitur:
2941 5287 3292 5350 quotcunque
3308 5291 3552 5336 veterum
3575 5281 3671 5338 Pa-

2082 5376 2223 5420 trum
2252 5369 2451 5439 scripta
2497 5383 2644 5436 sunt,
2685 5373 2768 5428 vel
2813 5375 3169 5430 conciliorum
3209 5378 3672 5450 decreta,quibus

2079 5459 2410 5528 ptenitentize
2440 5463 2634 5520 modus
2660 5465 2939 5533 indicitur,
2961 5469 3182 5524 totidem
3206 5471 3570 5529 confessionis
3589 5489 3670 5529 ar-

2077 5567 2227 5605 caum
2261 5553 2601 5611 firmamenta
2641 5574 2704 5614 ac
2744 5561 3076 5617 monimenta
3111 5563 3430 5621 retinemus.
3467 5565 3668 5622 Jubent

2077 5645 2453 5714 antiquissima
2479 5647 2699 5705 Patrum
2725 5663 2886 5724 atque
2911 5654 3165 5712 Ecclesiae
3189 5659 3465 5722 consulta,
3485 5660 3668 5729 lapsos

2076 5753 2174 5806 pro
2192 5751 2535 5808 peccatorum
2558 5757 2604 5814 gr
2627 5745 2820 5802 avitate
2845 5748 3024 5817 plecti,
3043 5751 3177 5805 etab
3209 5752 3551 5807 antistitibus
3575 5761 3666 5807 aut
