3994 6222
321 347 462 406 1057

1244 339 1332 393 DE
1371 336 1844 393 PtlianENilAi.
1881 331 2154 388 VETERE
2186 292 2584 385 Discmuui

3442 327 3463 379 Ι
3477 325 3578 381 ('38

316 456 696 514 sacerdotibus
749 453 1043 525 pmoituudi
1085 453 1226 524 leges
1268 468 1332 508 ac
1377 452 1718 508 conditiones
1754 448 1897 502 aeci—
1927 459 1972 506 Α
2008 444 2404 515 Chrysostomo
2458 442 2682 496 minime
2734 447 3063 493 revocatum.
3116 439 3196 492 ()b
3247 453 3340 492 eas
3385 453 3582 494 causas

318 567 468 623 pere,
503 559 581 614 ut,
611 564 800 603 eorum
841 563 1007 602 causa
1057 547 1272 616 cognita
1317 560 1381 599 ac
1421 543 1718 614 prudenter
1756 540 1902 595 absti-

317 641 846 706 mata,.levioribus
896 641 1014 695 illos
1067 637 1475 710 gravioribusve
1519 636 1695 706 pmuis
1741 650 1900 690 coer-

318 741 499 789 ceant.
532 730 669 796 Quis
696 729 798 784 nisi
826 730 1053 784 insanus
1075 729 1231 782 aliter
1257 728 1306 780 id
1336 725 1707 780 administrari
1741 738 1903 792 posse

321 830 492 892 putet,
523 835 687 889 quam
727 819 773 873 si
810 827 1028 888 peccata
1074 833 1173 872 sua
1217 818 1304 872 ille
1341 817 1475 886 ipse,
1525 815 1616 884 qui
1659 813 1900 879 admisit,

319 913 604 984 exponat?
648 910 1008 968 Confessioue
1043 909 1208 980 igitur
1237 925 1302 964 ac
1323 907 1691 964 declaratione
1721 907 1902 976 aliqua

321 1015 464 1070 epus
491 1013 594 1054 esr.
625 997 698 1052 Ea
741 1014 867 1053 vero
913 998 1122 1068 privata
1164 1012 1228 1054 ac
1270 997 1458 1060 tacita,
1489 1007 1547 1050 ut
1595 997 1756 1052 hodie
1798 1005 1902 1061 est,

322 1091 398 1146 ita
429 1100 693 1160 perpetuo
729 1089 848 1155 luit,
895 1105 996 1145 nec
1035 1089 1141 1144 ulla
1183 1105 1425 1159 unquam
1460 1088 1677 1159 publica
1709 1105 1808 1144 usu
1841 1104 1904 1144 ac

323 1183 572 1237 moribus
607 1181 862 1237 Ecclesia:
891 1192 1102 1252 recepta
1132 1201 1146 1238 :
1181 1181 1325 1252 quod
1359 1191 1635 1252 postremo
1666 1183 1785 1238 loco
1811 1183 1904 1239 de-

323 1274 740 1328 monstrandum
773 1274 1138 1345 suscepimus.

361 1381 618 1438 Fueritne
662 1384 926 1455 quondam
966 1384 1178 1455 publica
1217 1395 1551 1455 peccatorum
1609 1387 1869 1455 confessio

714 1452 975 1509 Ecclesia!
1004 1452 1236 1510 moribus
1281 1467 1506 1526 recepta.

395 1541 716 1599 lnveteravit
737 1545 1014 1618 Inecaapud
1053 1549 1488 1620 quamplurimos
1510 1550 1685 1606 anatis
1709 1560 1907 1605 nostra:

324 1635 622 1706 scriptores
647 1638 833 1708 opinio
861 1681 875 1705 ,
904 1639 1181 1709 publicam
1221 1653 1569 1708 peccatorum
1605 1642 1906 1699 confessio-

323 1741 449 1780 nem
475 1729 811 1798 pmniteutiat
833 1742 1044 1802 partem
1068 1733 1239 1789 fuisse
1261 1773 1277 1798 ,
1303 1734 1661 1804 eamdemque
1687 1734 1908 1804 perinde

324 1825 388 1871 ut
418 1829 612 1875 caetera
657 1821 802 1875 illius
830 1821 1004 1876 ollicia
1044 1823 1322 1879 communi
1367 1841 1466 1880 usu
1504 1841 1578 1880 ac
1608 1834 1907 1880 consuetu-

329 1911 458 1967 dine
505 1925 799 1983 rrceplam.
844 1914 949 1970 Sed
1009 1914 1315 1986 cujusmodi
1345 1916 1564 1971 demum
1609 1933 1674 1972 ea
1723 1915 1905 1980 fuerit,

326 2004 638 2074 quibusque
675 2004 897 2060 definita
932 2016 1278 2076 peccatorum
1315 2009 1630 2078 generibus,
1664 2024 1769 2064 non
1811 2023 1907 2062 co-

327 2097 450 2150 dem
487 2098 651 2151 modo
695 2098 1052 2168 pronuntiant
1082 2114 1292 2154 omnes.
1351 2100 1550 2155 Verum
1583 2101 1676 2158 alii
1711 2100 1908 2156 tolera—

329 2188 537 2252 bilem,‘
562 2189 652 2243 alii
685 2204 911 2259 prorsus
940 2189 1240 2246 absurdum
1276 2191 1424 2246 hunc
1451 2205 1696 2250 errorem
1737 2192 1909 2246 inter-

327 2280 636 2350 pretatione
667 2295 766 2334 sua
799 2279 1023 2334 faciunt.

401 2369 576 2425 Fuere
606 2371 696 2440 qui
751 2369 960 2424 nullum
1005 2379 1359 2443 peccatorum
1396 2385 1566 2442 genus
1610 2385 1640 2426 a
1683 2372 1910 2443 publicae

332 2462 448 2534 lege
477 2462 846 2517 confessionis
866 2463 1213 2532 exciperent,
1263 2479 1328 2519 ne
1375 2465 1590 2520 occulta
1646 2466 1905 2536 quidem:

331 2570 473 2624 quos
491 2555 880 2626 prudentiores
905 2553 1083 2609 caeteri
1114 2555 1310 2610 merito
1340 2555 1665 2626 rejiciendos
1690 2567 1904 2627 putant.

331 2645 436 2699 Alii
493 2645 707 2715 publica
749 2643 1014 2701 duntaxat
1060 2644 1328 2709 crimina,
1380 2647 1650 2717 vulgoque
1691 2650 1910 2720 cognita

331 2735 562 2806 publica:
615 2734 688 2790 illi
748 2735 1077 2806 professioni
1136 2737 1453 2805 subjiciunt.
1522 2739 1628 2796 Alii
1679 2741 1912 2814 denique

331 2837 481 2881 certa
505 2827 770 2881 duntaxat
792 2843 856 2881 ex
886 2827 1142 2882 onmibus
1173 2845 1201 2883 a
1231 2830 1564 2898 pmnitentiat
1589 2833 1912 2901 praesidibus

333 2921 541 2975 delecta
575 2919 930 2975 contendunt.
965 2919 1178 2978 Rursus
1210 2923 1381 2992 aliqui
1415 2926 1740 2994 pmnitentes
1764 2927 1912 2995 ipsos

333 3023 588 3067 asserunt
649 3011 702 3066 in
760 3013 1081 3067 concionem
1133 3014 1428 3083 productos
1481 3031 1578 3071 sua
1631 3018 1910 3088 propalam

2004 535 2230 592 dubium
2267 533 2471 589 nemini
2515 532 2645 597 fuit,
2679 532 2811 601 quin
2880 541 3075 600 pra-ter
3115 532 3388 599 privatam
3437 531 3582 585 illam

2005 639 2069 681 ac
2099 623 2417 696 legitimam,
2449 631 2503 677 et
2531 637 2656 676 vere
2687 620 3085 684 necessariam,
3113 620 3404 690 qua't‘cnda
3441 630 3584 676 esset

2007 717 2177 772 altera
2250 715 2738 783 constituendaque
2800 713 3037 782 publica.
3091 713 3190 765 Cui
3250 713 3587 768 stabilienda:

2005 809 2422 878 asserendteque
2462 806 2610 860 varia
2672 806 3020 873 postmodum
3071 806 3319 873 praesidia
3357 805 3587 874 conqui-

2006 900 2237 962 sierunt,
2261 916 2324 954 ex
2355 900 2719 969 quorumdam
2747 896 2970 951 Patrum
3005 897 3417 954 auctoritatibus
3437 918 3447 951 :
3469 907 3582 952 tum

2009 1005 2137 1045 vero
2167 989 2617 1061 exhomologesiu
2654 989 2800 1044 illam
2829 1002 2904 1044 eo
2938 997 3215 1046 traxerunt
3243 1007 3256 1044 :
3292 989 3450 1059 cujus
3487 1007 3584 1046 an-

2007 1081 2230 1152 tiquitas
2275 1083 2456 1137 omnis
2517 1081 2830 1138 Christiana
2866 1094 3112 1150 persazpe
3151 1083 3414 1138 meminit.
3451 1082 3584 1140 .lfac‘e

2007 1172 2226 1226 illorum
2255 1173 2395 1227 ratio
2421 1171 2559 1235 fuit,
2599 1187 2782 1227 nostra
2818 1188 2948 1229 vero
2984 1184 3068 1231 est
3095 1174 3360 1248 ejusmodi
3395 1195 3407 1229 :
3443 1177 3580 1230 Cum

2008 1263 2074 1317 de
2115 1262 2309 1332 priscis
2362 1262 2618 1318 Ecclesiae
2672 1265 2868 1322 ritibus
2920 1267 3133 1334 agitur,
3193 1267 3330 1322 nihil
3384 1276 3591 1320 teme-.e

2009 1370 2109 1411 nec
2149 1355 2357 1426 absque
2392 1366 2636 1413 veterum
2671 1359 3000 1428 scriptorum
3043 1362 3318 1430 expressis
3341 1361 3589 1415 .tcst'nno-

2011 1444 2116 1498 niis
2139 1443 2495 1501 allerendum.
2525 1444 2718 1516 Neque
2755 1447 2899 1503 enim
2934 1449 2984 1503 id
3017 1465 3182 1504 unum
3219 1450 3420 1505 intueri
3455 1450 3592 1504 satis

2008 1552 2150 1600 esse,
2178 1553 2341 1608 quam
2375 1547 2424 1593 te
2454 1539 2807 1608 probabiliter
2832 1554 2862 1596 c
2887 1540 3097 1610 laqueis
3137 1542 3454 1611 quaestionis
3489 1542 3591 1596 alis

2009 1631 2173 1698 cujus
2223 1629 2483 1699 explices,
2515 1632 2659 1700 quod
2711 1634 2762 1686 in
2813 1633 3158 1689 scholasticis
3198 1635 3591 1689 controversiis

2016 1735 2117 1775 usu
2188 1721 2374 1786 venit;
2425 1721 2520 1776 sed
2571 1723 2931 1793 quodcunque
2977 1725 3194 1779 denmm
3264 1722 3592 1794 antiquioris

2011 1814 2267 1870 Ecclesia:
2297 1816 2546 1874 moribus
2580 1817 2924 1886 aseripseris,
2948 1818 3110 1890 hujus
3140 1833 3202 1875 ex
3239 1819 3462 1873 historia
3496 1817 3590 1872 tibi

2011 1907 2293 1963 veritatem
2321 1923 2442 1963 esse
2466 1908 2852 1978 praestandam.
2886 1907 3008 1963 1am
3044 1925 3174 1964 vero
3203 1911 3290 1965 hic
3337 1911 3425 1964 ille
3458 1925 3589 1964 con-

2010 1996 2265 2053 fessionis
2304 1999 2537 2068 publicze
2588 2014 2732 2065 mos,
2777 2014 2886 2070 quo
2921 2000 2986 2056 de
3023 2000 3236 2072 agitur,
3261 2016 3376 2054 ιιοιι
3428 2001 3592 2054 modo

2011 2089 2245 2144 solidqu
2280 2091 2443 2145 habet
2473 2091 2616 2146 nihil
2659 2101 2753 2148 aut
2783 2106 3104 2162 expressum
3135 2109 3197 2147 ex
3235 2093 3394 2149 omni
3434 2105 3591 2147 vetu-

2011 2182 2168 2235 statis
2196 2183 2479 2246 memoria,
2499 2198 2609 2252 quo
2640 2183 2776 2238 tueri
2801 2200 2919 2240 sese
2934 2186 3140 2254 possit,
3164 2187 3255 2239 sed
3286 2173 3471 2240 multis
3501 2203 3595 2239 va-

2012 2272 2406 2343 lidissimisquc
2426 2275 2738 2332 rationibus
2754 2276 3036 2332 evertitur.
3049 2327 3051 2330 .
3064 2277 3170 2334 Sed
3189 2287 3456 2348 repugnat
3485 2294 3594 2347 pra:

2010 2365 2223 2421 caneris
2265 2367 2590 2436 gravissima
2619 2367 2680 2423 S.
2721 2367 2924 2425 Leonis
2953 2369 3288 2426 sanctissimi
3319 2369 3594 2439 pontificis

2011 2457 2328 2521 auctoritas,
2353 2459 2445 2528 qui
2471 2459 2612 2514 hanc
2629 2460 3059 2530 profitendorum
3087 2463 3302 2534 publice
3325 2464 3593 2520 scelerum

2012 2551 2466 2607 consuetudinem
2509 2562 2770 2624 tanquam
2801 2557 3116 2627 apostolica:
3152 2558 3354 2628 regulae
3380 2569 3602 2613 contra-

2014 2642 2151 2696 riam
2183 2644 2455 2714 improbat
2478 2645 2710 2715 epistola
2737 2647 2828 2713 80,
2865 2663 2989 2719 cap.
3017 2648 3072 2702 ἓ.
3103 2650 3274 2720 Cujus
3310 2651 3471 2705 verba
3511 2652 3599 2704 hic

2013 2736 2236 2789 omnino
2266 2736 2624 2794 describenda
2647 2748 2776 2795 sunt
2804 2759 2818 2796 :
2843 2739 3031 2806 Illam,
3059 2741 3255 2812 inquit,
3287 2745 3450 2798 etiam
3473 2761 3599 2798 con-

2015 2837 2098 2880 tra
2125 2830 2472 2898 apostolicam
2495 2831 2730 2902 regulam
2755 2834 3239 2902 praesumptionem,
3255 2851 3600 2905 quam'uupor

2015 2920 2205 2990 agnovi
2254 2937 2287 2974 a
2335 2921 2654 2989 quibusdam
2696 2922 2889 2976 illicita
2938 2927 3282 2994 usurpatione
3319 2930 3600 2991 committi,

2017 3013 2187 3066 modis
2233 3013 2475 3068 omnibus
2516 3016 2781 3070 constituo
2825 3016 3122 3070 submoveri
3153 3017 3252 3087 (de
3283 3020 3602 3088 ,pwnitentia

334 3113 553 3175 peccata
618 3102 936 3170 confessus;
990 3104 1104 3172 alii,
1152 3121 1264 3175 quo
1290 3106 1506 3161 illorum
1554 3108 1747 3176 pudori
1782 3124 1914 3164 cou-
1944 3124 1989 3185 ο
2018 3104 2279 3172 videlicet,
2320 3123 2437 3176 quae
2465 3106 2545 3160 ita
2571 3123 2602 3161 a
2630 3106 2876 3176 ﬁdelibus
2899 3108 3206 3176 postulatur
3227 3108 3268 3178 ),
3295 3126 3358 3163 ne
3387 3111 3460 3164 .de
3483 3112 3601 3163 εἰη..

333 3197 622 3261 suleretur,
677 3210 772 3250 eas
824 3205 1005 3265 partes
1075 3196 1451 3252 sacerdotibus
1505 3199 1915 3258 demandandas

337 3297 616 3353 putarunt,
651 3289 746 3358 qui
790 3299 884 3342 aut
913 3292 1248 3353 tnetnoriter,
1279 3298 1374 3344 aut
1402 3305 1467 3345 ex
1499 3291 1704 3362 scripto
1739 3295 1916 3362 ponti-

338 3382 565 3434 tentiam
594 3381 828 3435 crimina
871 3381 922 3434 itt
951 3382 1210 3452 populum
1245 3383 1519 3438 alferrent.

407 3472 454 3524 Λ
507 3474 707 3543 quibus
755 3474 1010 3529 omnibu’s
1067 3474 1415 3528 vehementer
1461 3489 1564 3546 ego
1631 3479 1912 3535 dissentio.

335 3561 525 3632 Neque
577 3565 722 3617 enim
770 3564 964 3618 adduci
1013 3581 1236 3636 possunt
1273 3576 1331 3620 ut
1358 3567 1700 3636 existimem,
1745 3569 1915 3640 legem

341 3657 506 3710 ullam
552 3655 606 3709 in
644 3655 884 3712 Ecclesia
935 3656 1106 3713 fuisse
1155 3675 1396 3729 unquam
1442 3659 1747 3730 ejusmodi,
1797 3677 1921 3734 quae

341 3757 561 3817 peci-ata
607 3749 839 3818 proferri
894 3750 1108 3820 publice
1163 3752 1486 3808 decreverit.
1535 3751 1728 3808 Fuerit
1771 3756 1917 3813 enim

341 3840 614 3894 interdum
647 3839 870 3908 aliquis,
937 3841 1029 3910 qui
1074 3841 1406 3896 abundantia
1447 3844 1680 3913 quadam
1713 3845 1921 3902 doloris

340 3945 406 3985 ac
444 3930 661 4000 pictatis
691 3930 890 3985 delicta
924 3947 1022 3986 sua
1054 3948 1243 3988 eorum
1273 3935 1531 3990 omnibus
1559 3938 1918 4005 exposuerit:

343 4036 687 4092 nequaquam
745 4030 922 4075 tamen
988 4023 1039 4076 id
1105 4023 1157 4076 in
1211 4024 1518 4092 exemplum
1570 4027 1921 4082 consuetudi~

346 4129 580 4183 nemque
625 4115 750 4184 jure
800 4121 976 4182 potest
1017 4113 1324 4169 transferri.
1381 4114 1485 4170 Sed
1530 4126 1589 4171 ut
1642 4118 1816 4188 magis
1864 4119 1920 4176 in

344 4221 526 4259 arcem
555 4205 876 4275 qu:estiouis
923 4204 1070 4260 illius
1116 4207 1420 4262 involemus
1441 4248 1456 4271 ,
1496 4210 1782 4278 utriusque
1808 4227 1923 4267 nio-

335 4278 528 4349 ‘inenta
555 4298 723 4366 partis
746 4307 800 4351 et
826 4299 1066 4368 pondera
1093 4298 1379 4370 diligenter
1409 4300 1729 4355 aesmuanda
1756 4312 1920 4368 sunt;

347 4392 612 4460 negantis,
651 4390 893 4460 inquam,
937 4405 1087 4453 luem,
1129 4400 1182 4444 et
1220 4389 1540 4446 allii-mantis
1571 4391 1814 4448 alterius.

418 4481 543 4536 Haec
575 4483 738 4552 igitur
781 4499 844 4536 ex
894 4482 1216 4538 Nectariana
1252 4485 1342 4539 illa
1390 4485 1619 4540 historia
1670 4494 1796 4539 nata
1827 4499 1925 4557 po-
1956 4484 2004 4540 υ

349 4573 622 4627 tissimum
665 4574 896 4627 videtur.
938 4573 1112 4639 Quam
1151 4589 1274 4628 cuin
1321 4575 1493 4630 nostri
1538 4576 1804 4630 acerrime
1853 4577 1922 4631 ab

351 4665 620 4718 lutet-elicis
667 4666 865 4734 opponi
915 4674 1236 4730 cernerent,
1279 4681 1458 4736 neque
1506 4667 1672 4722 alium
1715 4668 1921 4724 exitum

347 4755 690 4810 difficultatis
727 4749 984 4826 expedire
1036 4767 1297 4825 possent,
1345 4757 1624 4828 ingeniose
1671 4759 1813 4813 istud
1861 4774 1926 4813 ac

350 4848 580 4902 solerter
638 4848 1035 4915 excogitarunt.
1089 4846 1358 4902 Videbunt
1407 4849 1550 4902 enim
1596 4849 1648 4903 id
1702 4851 1928 4905 omnino

350 4939 623 4993 sublatum
655 4955 685 4992 a
713 4936 986 5005 NeCIario,
1021 4939 1162 4994 unde
1201 4949 1348 4994 tanta
1381 4957 1440 4994 se
1470 4940 1685 4996 invidiae
1709 4942 1926 4998 ﬂamma

350 5031 700 5087 concitasset.
750 5029 865 5086 Hoc
902 5042 1084 5085 autem
1127 5032 1258 5102 quid
1308 5032 1454 5087 aliud
1505 5049 1644 5098 esse,
1675 5051 1840 5104 quam
1875 5035 1926 5092 id

349 5141 413 5178 ex
442 5139 552 5194 quo
585 5134 843 5177 matrona'
867 5133 1139 5194 stuprum,
1173 5141 1236 5179 ac
1263 5127 1477 5179 diaconi
1513 5126 1776 5195 ﬂagitium
1810 5145 1927 5182 ma-

354 5225 511 5269 narat
557 5215 609 5266 in
657 5215 964 5283 populum?
1018 5214 1149 5269 Eam
1182 5233 1310 5270 vero
1345 5218 1530 5286 procul
1581 5219 1748 5271 dubio
1792 5235 1927 5272 cuu-

356 5306 650 5362 fessionem
685 5305 854 5360 fuisse
883 5323 896 5360 :
927 5308 1070 5375 quod
1106 5309 1174 5360 ita
1201 5307 1389 5362 Latine
1419 5311 1561 5378 aptnl
1599 5309 1884 5364 Socratem
1913 5329 1926 5364 :

357 5399 549 5455 Mulier
573 5398 780 5468 longius
810 5399 863 5450 in
893 5399 1187 5467 conﬁtendo
1217 5417 1516 5470 progressa.
1555 5400 1717 5455 Nefas
1747 5411 1928 5457 autent

353 5500 439 5545 est
467 5487 720 5542 arbitrari
755 5487 1019 5555 privatam
1064 5495 1119 5542 et
1171 5504 1196 5539 u
1234 5486 1485 5542 Nectario
1527 5486 1929 5542 confessionem

354 5585 646 5641 extortam,
682 5582 737 5628 et
768 5574 912 5643 quod
948 5584 1112 5643 caput
1159 5585 1267 5642 est,
1320 5577 1389 5630 ab
1423 5577 1570 5631 illius
1613 5590 1934 5632 successore

431 5730 447 5762 ⁸
487 5728 550 5784 Ρ.
577 5733 708 5803 qui.

2018 3197 2260 3267 gulorum
2291 3207 2626 3265 peccatorum
2653 3214 2855 3267 genere,
2893 3198 3084 3252 libellis
3117 3201 3318 3268 scripta
3347 3203 3604 3270 μνοίιιειιίο

2007 3288 2223 3356 publice
2261 3290 2530 3356 recitatur,
2562 3305 2680 3341 cum
2707 3299 2882 3342 reatus
2913 3291 3350 3346 conscientiarum
3381 3295 3602 3362 stt/fictat

2019 3381 2146 3434 salis
2170 3380 2530 3436 sacerdotibus
2557 3381 2787 3435 indicari
2808 3382 3132 3451 confessione
3147 3395 3376 3438 secreta.
3399 3385 3606 3450 ﬂuam-

2021 3474 2093 3526 vis
2123 3474 2262 3526 enim
2283 3473 2562 3541 plenitudo
2583 3473 2716 3542 ﬁdei
2742 3474 2985 3528 uideatur
3007 3492 3118 3530 esse
3161 3476 3452 3542 laudanda,
3487 3495 3604 3550 qua:

2018 3574 2231 3633 propter
2281 3563 2380 3617 Dei
2420 3566 2662 3618 timorem
2695 3566 2846 3634 apud
2876 3566 3113 3622 homines
3156 3569 3457 3624 erubescere
3491 3588 3603 3625 non

2019 3669 2258 3724 veretur,
2310 3669 2487 3714 tamen
2526 3661 2653 3730 quia
2701 3677 2804 3714 non
2859 3662 3090 3715 omnium
3136 3663 3440 3731 hujusmorli
3476 3677 3603 3719 stent

2019 3761 2268 3821 peccata,
2321 3763 2379 3806 ut
2421 3769 2518 3818 ea,
2562 3753 2719 3822 quw‘
2765 3755 3124 3824 pwnitcntiam
3177 3767 3399 3826 poscunt
3417 3797 3442 3823 ,,
3497 3775 3605 3813 non

2023 3843 2241 3898 timeant
2267 3845 2561 3914 publicare,
2595 3855 2925 3902 removeatur
2951 3857 3064 3902 tam
3081 3847 3449 3916 improbabilis
3479 3865 3608 3914 cott-

2021 3937 2267 4001 sue‘tudo,
2302 3953 2364 3991 ne
2389 3938 2546 3992 multi
2579 3955 2611 3992 a
2647 3939 2967 4008 paenitentia:
3011 3940 3254 3994 remediis
3292 3950 3605 4008 arceantur,

2021 4027 2148 4079 dum
2179 4037 2271 4080 aut
2299 4029 2631 4095 erubescunt,
2663 4039 2756 4084 aut
2800 4041 3038 4085 metuunt
3069 4031 3302 4084 inimicis
3337 4047 3437 4085 sua
3459 4034 3605 4102 facta

2023 4119 2271 4186 reserari,
2303 4120 2492 4189 quibus
2520 4121 2723 4188 possint
2762 4121 2932 4191 legum
2963 4124 3334 4178 constitutione
3367 4126 3599 4192 percelli.

2025 4208 2223 4279 Sufﬁcit
2249 4211 2386 4264 enim
2420 4209 2516 4264 illa
2543 4212 2837 4279 confessio,
2875 4229 2991 4282 qua:
3032 4216 3261 4291 primum
3308 4217 3416 4270 Deo
3447 4219 3606 4287 alier-

2027 4310 2146 4363 tnr,
2193 4313 2304 4355 tum
2348 4303 2507 4356 etiam
2551 4305 2850 4371 sacerdoti,
2901 4308 2991 4376 qui
3033 4304 3153 4373 pro"
3183 4295 3392 4364 delictis
3435 4314 3605 4380 pmni-

2027 4393 2246 4446 tentiam
2267 4405 2512 4462 precator
2525 4397 2750 4450 accedit.

2107 4481 2203 4539 llis
2232 4485 2524 4540 verborum
2554 4489 3060 4559 set-tmttiarumque
3099 4492 3424 4550 fulminibus
3449 4512 3605 4549 cotu-

2025 4588 2267 4632 meutum
2301 4579 2430 4632 illud
2479 4579 2709 4647 publica:
2767 4581 3134 4641 confessionis
3186 4590 3516 4657 percellitur.
3548 4591 3606 4644 Si

2027 4671 2202 4736 enim,
2236 4686 2304 4725 ne
2343 4671 2650 4726 volentibus
2691 4673 2911 4741 quidem
2959 4685 3124 4746 atque
3168 4681 3312 4733 ultro
3360 4681 3607 4750 ﬂagitau—

2031 4761 2176 4818 tibus
2199 4761 2492 4816 criminum
2519 4762 2648 4830 reis,
2667 4765 2882 4834 publice
2911 4768 3014 4822 ista
3041 4773 3382 4838 pronuntiari
3414 4789 3608 4844 passus

2026 4863 2143 4914 est,
2177 4868 2409 4923 eamque
2438 4863 2626 4908 contra
2675 4857 3020 4914 traditionem
3070 4865 3419 4932 apostolicam
3471 4881 3608 4932 pra:-

2027 4949 2372 5016 sumptionem
2403 4963 2527 5004 esse
2553 4949 2773 5004 delinit:
2803 4961 2960 5008 estne
2991 4964 3051 5008 ut
3072 4956 3332 5024 rt-joctum
3358 4971 3421 5010 ac
3452 4957 3607 5010 dam-
3692 4971 3710 4980 ‘

2030 5052 2219 5094 natum
2273 5040 2405 5094 tanti
2461 5042 2735 5110 pontiﬁcis
2779 5043 2992 5110 judicio
3041 5061 3248 5100 morem
3301 5047 3604 5117 legitimum

2032 5133 2326 5200 aliquando
2359 5131 2530 5187 fuisse
2559 5144 2834 5204 putemus,
2864 5146 2919 5191 et
2939 5138 3221 5192 communi
3249 5139 3318 5192 ab
3349 5141 3607 5196 omnibus

2033 5222 2292 5278 Ecclesia:
2323 5224 2448 5293 jure
2484 5228 2800 5281 servatum?
2830 5231 2900 5281 At
2929 5227 3072 5282 enim
3104 5229 3354 5299 plerique
3391 5232 3472 5286 sic
3515 5248 3604 5288 re-

2031 5317 2301 5384 spondent
2329 5335 2342 5370 :
2375 5315 2611 5373 Leonem
2639 5319 2708 5372 de
2732 5319 2962 5374 occultis
2983 5320 3252 5376 duntaxat
3281 5324 3607 5380 criminibus

2031 5403 2216 5474 loqui,
2269 5422 2391 5476 qua:
2435 5409 2650 5477 publice
2702 5410 2952 5466 confiteri
2993 5428 3155 5468 nemo
3197 5415 3464 5480 debuerit,
3498 5433 3608 5472 non

2032 5504 2212 5570 autem
2248 5497 2314 5552 de
2342 5499 2597 5566 publicis,
2631 5517 2754 5570 qua:
2794 5503 2951 5558 unica
2984 5505 3215 5574 publica:
3238 5506 3610 5564 confessionis

2035 5600 2191 5655 seges
2236 5590 2462 5645 exstitit.
2501 5591 2857 5650 Connnodius
2912 5594 3002 5650 isti
3051 5612 3218 5663 sane,
3247 5599 3340 5669 qui
3395 5601 3467 5656 ab
3507 5602 3612 5658 hac
