3994 6222
438 381 572 436 1059

1525 375 1868 432 ΑΡΡΕΜΠἉ
1915 376 2550 436 DlSSERTATIONUM.

3552 383 3684 438 {illo

431 493 632 563 publici
687 493 802 561 lege
841 488 1124 544 dedecoris
1175 486 1392 542 occulta
1439 489 1632 542 saltem
1682 488 1999 556 excipiunt:
2035 497 2075 551 Α
2107 491 2265 545 debet
2299 493 2507 547 referri.
2543 492 2698 560 Quod
2752 491 3178 562 prudentissime
3227 493 3297 549 ab
3350 496 3542 550 eodem
3598 497 3688 553 illo

431 585 575 653 quod
614 598 678 636 ne
723 582 811 635 alii
849 581 1067 650 quidem
1117 581 1420 634 remittunt.
1451 577 1696 645 Quorum
1743 579 2003 632 nonnulla

432 673 710 728 temeritas
743 671 1046 727 Tridentini
1099 671 1315 725 concilii
1367 685 1499 725 voce
1545 685 1609 724 ac
1642 670 1860 724 decreto
1899 685 2003 724 no-

430 775 591 820 tatur.
612 764 821 820 Etenim
853 780 990 820 scss.
1021 766 1106 830 l4,
1134 779 1252 835 cap.
1285 765 1338 830 5,
1365 781 1488 820 cum
1517 765 1796 819 docuisset
1827 764 2005 834 publi-

429 873 549 912 cam
583 859 983 913 confessionem
1020 858 1165 911 nullo
1195 858 1374 911 divino
1408 866 1665 924 praecepto
1695 857 2006 910 mandatam

425 947 618 1013 fuisse,
660 949 839 1002 statim
895 949 1114 1018 adjicit:
1158 947 1270 1004 Nec
1317 949 1450 1002 satis
1501 948 1736 1002 consulte
1775 948 2005 1002 huntana

428 1039 607 1108 aliqua
645 1039 752 1108 lege
778 1039 1188 1106 praeciperetur,
1231 1047 1288 1091 ut
1335 1037 1548 1101 delicta,
1592 1040 1882 1106 prazsertim
1921 1054 2006 1092 sc-

427 1141 594 1195 creta,
621 1131 834 1201 publica
861 1141 1030 1185 essent
1059 1132 1386 1200 confessione
1412 1133 1716 1201 aperienda.
1752 1131 2004 1187 Divinum

425 1239 652 1292 prorsus
686 1237 750 1277 ae
802 1232 954 1277 tanto
1005 1236 1265 1277 consessu
1311 1223 1534 1292 dignum
1564 1224 1850 1287 oraculum
1877 1264 1892 1288 ,
1939 1240 2004 1280 ex

426 1328 537 1382 quo
572 1329 680 1367 non
717 1313 879 1367 modo
903 1314 970 1368 de
997 1325 1330 1370 secretorum
1361 1314 1680 1380 criminum,
1722 1316 1815 1371 sed
1841 1316 2003 1370 etiam

429 1405 772 1474 publicorum
807 1404 1024 1475 publica
1057 1405 1398 1476 professione
1423 1407 1604 1477 colligi
1635 1416 1833 1477 potest,
1858 1408 2005 1463 nulla

428 1513 670 1567 unquam
721 1498 979 1562 humana,
1013 1500 1114 1554 hoc
1157 1509 1240 1555 est
1271 1499 1634 1555 ecclesiastica
1670 1500 1808 1570 lege,
1840 1517 2005 1570 quam

428 1590 613 1644 divino
644 1601 916 1660 praecepto
941 1590 1248 1646 Tridentini
1282 1591 1470 1647 Patres
1499 1601 1805 1662 opponunt,
1833 1592 2008 1662 poeni-

433 1685 670 1739 tentibus
726 1685 1038 1754 impositam
1089 1683 1260 1740 fuisse
1304 1700 1368 1740 ac
1416 1700 1483 1739 ne
1539 1685 1742 1756 imponi
1785 1686 2004 1756 quidem

426 1777 722 1845 prudenter
761 1776 1024 1844 potuisse.
1087 1775 1367 1844 Siquidem
1417 1790 1519 1829 vox
1571 1776 1661 1830 illa
1709 1777 2004 1844 praesertim

2107 579 2426 637 Tridentino
2493 583 2727 638 concilio
2781 583 3091 638 declaratur
3157 585 3243 640 bis
3295 586 3522 641 verbis:
3573 585 3688 640 Etsi

2107 674 2352 731 Christus
2408 694 2511 731 non
2548 678 2810 742 vetuerit,
2862 680 2990 748 quin
3050 680 3243 751 aliquis
3296 682 3350 734 in
3405 681 3689 734 rimlictaus

2106 782 2323 819 suorum
2356 767 2630 825 scelerum.
2653 776 2703 820 et
2735 767 2818 821 sui
2847 767 3289 834 humiliationem,
3325 786 3444 822 cum
3474 771 3537 822 ob
3562 770 3692 823 alio-

2108 872 2222 909 rum
2252 857 2545 927 exemplum
2597 867 2646 911 et
2692 859 2774 911 sui
2823 858 3279 924 humiliationem,
3314 871 3425 914 tum
3465 862 3530 914 ob
3595 861 3690 914 Ec-

2106 947 2280 1001 clesia:
2338 949 2552 1017 o/I‘ensa:
2602 948 3044 1018 wdiﬁcationem,
3080 951 3277 1004 delicta
3332 969 3431 1006 sua
3485 954 3692 1021 publice

2107 1039 2348 1108 conﬁteri
2374 1041 2576 1105 possit:
2616 1057 2717 1094 non
2746 1052 2821 1094 est
2855 1051 3027 1095 tamen
3075 1044 3171 1095 hoc
3209 1045 3386 1096 divino
3429 1058 3692 1113 praecepto

2107 1131 2461 1195 mandatum,
2493 1149 2587 1186 nec
2630 1134 2762 1186 satis
2805 1136 3043 1187 consulte
3079 1135 3312 1188 humana
3359 1137 3544 1203 aliqua
3582 1136 3692 1204 lege

2105 1225 2496 1292 prwciperetur,
2518 1232 2624 1278 etc.
2653 1224 2863 1278 Addam
2893 1234 2948 1278 et
2978 1225 3124 1280 aliud
3148 1226 3404 1295 denique.
3436 1238 3491 1279 ut
3523 1243 3690 1296 quam

2107 1331 2301 1384 parum
2342 1315 2444 1370 sibi
2479 1315 2667 1386 opinio
2727 1317 2817 1370 illa
2862 1325 3076 1371 constet
3119 1333 3312 1372 omnes
3363 1318 3688 1388 intelligant.

2107 1403 2212 1471 Qui
2239 1405 2575 1475 pcenitentia:
2605 1405 2838 1475 publica:
2867 1415 3074 1476 partem
3110 1405 3510 1461 confessionem
3535 1422 3693 1477 atque

2109 1496 2384 1566 publicam
2437 1497 2686 1560 faciunt,
2745 1498 2910 1552 iidem
2964 1496 3158 1566 majbri
3196 1513 3262 1551 ex
3294 1505 3448 1568 parte
3473 1500 3691 1554 occulta

2108 1587 2341 1642 crimina
2381 1589 2561 1658 palam
2614 1588 2883 1644 declarari
2919 1599 3118 1660 negant
3157 1589 3488 1658 oportuisse.
3524 1591 3691 1660 Atqui

2109 1693 2484 1746 smpenumero
2535 1687 2760 1750 prepter
2806 1679 3020 1734 occulta
3054 1679 3249 1735 'solum
3327 1689 3380 1734 et
3411 1679 3481 1734 ab
3545 1681 3690 1750 ipso,

2109 1769 2201 1836 qui
2231 1769 2604 1831 commiserat,
2637 1777 2833 1839 sponte
2869 1769 3108 1838 prodita,
3133 1769 3347 1840 publica
3369 1779 3452 1824 est
3484 1771 3692 1826 indicta

427 1869 570 1922 hanc
607 1867 771 1923 habet
799 1867 930 1931 vim,
968 1875 1027 1920 ut
1057 1877 1252 1922 caetera
1284 1883 1504 1938 quoque
1533 1885 1722 1939 parum
1755 1870 2003 1924 consulte
2035 1866 2075 1920 Β
2107 1860 2442 1929 ρωηίιθηιίε.
2470 1861 2662 1915 Caruit
2703 1870 2814 1916 tum
2861 1863 3027 1932 igitur
3077 1861 3260 1933 aliqua
3300 1863 3384 1918 sui
3425 1871 3581 1933 parte
3639 1875 3693 1917 et

425 1957 767 2026 pronuntiari
808 1964 1176 2022 censeantur,
1213 1957 1458 2026 adeoque
1493 1973 1616 2028 qua:
1654 1958 1722 2013 de
1760 1958 1865 2014 illis
1900 1975 2003 2030 pu-

422 2047 566 2104 blice
603 2045 928 2102 conlitendis
973 2047 1080 2102 lata
1124 2046 1286 2103 fuerit
1326 2049 1410 2103 lex
1449 2048 1754 2104 inconsulta
1797 2053 1867 2105 sit
1901 2051 2006 2106 mi-

425 2140 679 2210 nimeque
709 2140 968 2210 prudens,
994 2142 1099 2195 etsi
1127 2139 1298 2195 altera
1341 2156 1463 2210 qua:
1491 2145 1558 2196 de
1600 2142 1827 2196 secretis
1863 2141 2002 2198 idem

426 2241 718 2298 statueret,
758 2231 1062 2303 prudentia:
1100 2233 1284 2288 minus
1310 2231 1528 2287 habeat.
1571 2233 1810 2303 Apparet
1841 2234 2006 2303 igitur

425 2341 490 2378 ex
540 2323 990 2380 ‘l'ridentinorum
1039 2323 1265 2379 Patrum
1319 2339 1482 2380 sensu
1522 2325 1727 2380 nullam
1762 2341 2003 2397 unquam

421 2416 732 2472 istiusmodi
763 2417 934 2487 legem
963 2415 1264 2483 exstitisse,
1289 2431 1411 2486 qua:
1457 2416 1523 2471 ad
1566 2416 1840 2487 publicam
1869 2435 2007 2489 quo-

423 2517 765 2577 rumcumque
819 2516 1168 2579 peccatorum
1215 2506 1617 2563 confessionem
1677 2510 2005 2581 prenitcntcs

423 2601 772 2668 astringeret.
800 2597 982 2667 Quare
1000 2599 1200 2656 Leonis
1221 2600 1384 2655 etiam
1410 2601 1688 2654 decretum
1720 2601 1787 2656 ad
1818 2605 2002 2659 omnia

425 2701 771 2760 peccatorum
804 2706 1001 2758 genera
1032 2691 1283 2761 pertinet.
1312 2691 1490 2761 Atque
1523 2692 1604 2745 vel
1637 2709 1702 2746 ex
1739 2708 1826 2759 eo,
1857 2696 2004 2764 quod

425 2783 578 2836 l‘atcri
610 2783 699 2836 isti
730 2795 1022 2853 coguntur,
1063 2783 1274 2852 publica
1321 2782 1496 2837 solum
1558 2783 1787 2837 crimina
1831 2788 2004 2840 confi-

425 2874 582 2929 tenda
658 2874 862 2941 fuisse,
896 2889 1001 2928 non
1064 2873 1299 2940 occulta,
1356 2874 1560 2928 nullam
1601 2874 1828 2932 omnino
1874 2893 2005 2932 con-

423 2964 716 3020 fessionem
775 2965 1045 3034 publicam
1103 2966 1219 3034 lege
1276 2964 1634 3019 constitutam
1683 2981 1807 3021 esse
1865 2968 2003 3022 vali-

423 3057 650 3112 dissime
687 3057 1024 3126 probabitur.
1064 3055 1277 3111 Etenim
1310 3070 1433 3110 cum
1470 3057 1541 3111 ob
1581 3058 1830 3126 graviora
1865 3059 2004 3114 dun-

423 3157 572 3202 taxat
603 3157 659 3202 et
683 3148 936 3217 capitalia
979 3148 1183 3202 scelera
1231 3149 1544 3217 poenitentia
1584 3149 1796 3218 publica
1853 3166 1990 3220 pra:-

423 3242 625 3310 scripta
661 3240 752 3305 sit,
789 3239 882 3309 qui
935 3239 1049 3294 lucc
1088 3240 1305 3308 publice
1361 3240 1729 3310 onmibusque
1765 3243 2002 3298 consciis

425 3331 757 3395 admisisset,
797 3345 920 3384 cum
956 3331 1168 3400 publice
1211 3341 1396 3402 postea
1426 3333 1729 3401 pmniteret.
1771 3336 1900 3404 quid
1939 3352 2002 3391 ea

423 3421 670 3475 rontlteri
729 3437 951 3477 necesse
998 3423 1206 3487 halmit,
1254 3434 1347 3478 aut
1381 3425 1474 3493 qui
1530 3427 1748 3480 tandem
1794 3426 1848 3480 in
1900 3427 2006 3482 illis

426 3514 640 3583 publice
690 3514 1008 3582 prolitrndis
1059 3515 1231 3583 pudor
1280 3531 1345 3570 ac
1403 3516 1756 3582 verecundia,
1812 3518 1902 3573 cui
1948 3519 2003 3572 in

349 3588 358 3595 ’
425 3604 735 3674 abroganda
787 3603 1134 3660 coiifcssione
1185 3603 1474 3662 Nectarius
1523 3608 1839 3663 consultum
1881 3624 2005 3665 esse

427 3694 705 3750 voluerat?

494 3807 757 3874 Queritur
789 3804 1148 3874 Sozomenus,
1181 3808 1397 3863 sublato
1433 3809 1534 3864 hoc
1564 3808 1701 3879 ipso,
1722 3808 2004 3879 quodcun-

423 3913 529 3968 que
558 3900 774 3952 tandem
807 3896 1090 3953 Nectarins
1121 3898 1456 3967 antiquavit,
1486 3899 1633 3952 velut
1678 3897 1832 3952 freno
1864 3913 2003 3976 quo-

407 3991 548 4044 dam
578 3990 820 4046 detracto
842 4028 859 4053 ,
890 3989 1151 4060 majorem
1191 3989 1258 4044 ad
1307 4004 1470 4046 omne
1517 3991 1697 4047 scelus
1729 3991 2002 4046 licentiam

425 4083 678 4138 homines
717 4082 996 4147 habuisse,
1029 4097 1154 4136 eum
1186 4091 1312 4136 ante
1338 4080 1439 4152 τῆς
1479 4081 1800 4152 ὲξαγγελίας
1829 4091 2003 4137 metus

427 4173 546 4228 illos
599 4190 663 4228 ac
696 4174 1024 4228 verecundia
1059 4186 1354 4228 coerceret.
1384 4171 1568 4228 Nostri
1595 4175 1697 4229 hoc
1725 4174 1792 4227 ad
1828 4172 2000 4243 publi-

427 4279 547 4318 cam
578 4265 976 4320 confessionem
1008 4264 1362 4321 transferunt.
1384 4263 1464 4332 Si,
1496 4271 1555 4319 ut
1587 4263 1796 4330 volunt,
1830 4264 2005 4334 publi-

427 4369 616 4407 corum
645 4357 930 4423 duntaxat,
969 4356 1096 4425 quis
1133 4357 1228 4411 ille
1251 4365 1436 4412 tantus
1475 4355 1650 4426 pudor
1679 4356 1862 4422 fuerit,
1895 4370 2005 4410 non

429 4447 586 4499 video
608 4489 622 4508 ,
657 4457 751 4501 aut
787 4447 911 4517 quis
940 4449 1245 4518 praecipuus
1287 4464 1355 4503 ex
1397 4464 1461 4503 ea
1504 4447 1716 4504 fructus
1739 4489 1756 4514 ,
1790 4449 2006 4518 quodve

427 4535 496 4588 ad
521 4535 872 4590 deterremlos
903 4553 934 4590 a
965 4536 1179 4608 ﬂagitiis
1207 4537 1455 4592 homines
1489 4545 1849 4602 momentum,
1876 4550 2001 4590 cum

419 4627 611 4695 ignota
643 4641 764 4694 qus»
793 4627 1174 4696 proﬁterentur
1212 4638 1397 4683 essent
1426 4628 1651 4683 nemini.
1683 4627 1753 4680 At
1790 4627 2005 4682 seclusa

426 4717 796 4782 confessione,
833 4719 1081 4787 publicus
1110 4721 1202 4776 ille
1240 4721 1618 4791 poenitentium
1652 4721 1867 4787 luctus,
1909 4721 2008 4774 ab-

426 4809 586 4868 iectio
621 4809 733 4876 ipsa
767 4808 872 4871 sui,
901 4809 1114 4873 sordes,
1150 4807 1491 4873 lamentatio,
1525 4805 1870 4876 supplicatio,
1903 4820 2010 4859 cte-

428 4909 650 4970 teraque
671 4900 729 4952 ~id
761 4915 931 4969 genus
951 4900 1084 4954 satis
1115 4915 1367 4969 magnam
1399 4897 1782 4953 verecundiam
1817 4905 2011 4966 praeter

428 5008 649 5047 sensum
678 4992 880 5047 doloris
903 4993 1224 5056 attulerunt,
1251 4991 1454 5061 quibus
1483 4989 1747 5044 refrenari
1781 5006 1810 5044 a
1839 4990 2008 5055 vitiis,

421 5094 484 5140 et
539 5086 593 5139 in
647 5084 824 5140 ollicio
879 5085 1147 5140 contineri
1197 5091 1464 5155 possent:
1514 5098 1677 5152 quam
1735 5093 1790 5137 et
1837 5083 2008 5152 ipsam

429 5177 607 5231 fateor
661 5175 934 5244 publicam
994 5175 1285 5244 quamdam
1349 5175 1558 5244 peccati
1611 5172 2008 5242 professionem

429 5265 621 5323 fuisse.
647 5267 727 5320 Ad
755 5282 918 5337 quam
947 5265 1242 5321 accesserit
1269 5280 1402 5319 sane
1427 5278 1818 5331 nonnunquam
1843 5264 2009 5317 etiam

421 5375 688 5432 expressa
709 5361 891 5414 verbis
939 5361 1144 5424 altera,
1183 5368 1238 5413 et
1291 5359 1501 5428 publica
1523 5399 1537 5422 ,
1572 5360 1664 5413 sed
1696 5374 1860 5428 quam
1900 5373 2011 5412 non

429 5452 539 5506 ulla
592 5452 963 5506 ecclesiastica
1013 5453 1095 5506 lex
1149 5451 1562 5520 praescriberet,
1595 5466 1657 5504 ac
1692 5467 1757 5504 ne
1783 5451 2011 5520 permit-

430 5553 567 5598 teret
624 5545 844 5614 quidem
871 5543 1112 5598 i‘ortzisse
1135 5585 1149 5609 ,
1182 5545 1274 5599 sed
1312 5546 1605 5599 vehemens
1641 5543 1822 5611 potius
1857 5543 2012 5596 dolor

433 5650 496 5687 ac
516 5635 731 5702 pietatis
755 5651 950 5690 sensus
979 5637 1324 5690 extunderet.
1366 5635 1612 5704 Denique
1639 5635 1783 5704 quod
1817 5647 1847 5686 a
1880 5647 2012 5701 pau-

429 5725 510 5775 cis
538 5725 830 5790 aliquando
863 5725 1089 5789 l‘actum,
1142 5728 1302 5796 idque
1332 5728 1682 5795 pet'obscure,
1717 5726 2007 5794 colligitur,

397 5850 400 5851 ν
433 5829 542 5868 non
573 5814 625 5866 id
654 5815 707 5866 in
737 5819 1210 5881 consuetudinem,
1237 5833 1299 5872 ac
1333 5820 1505 5874 multo
1536 5819 1718 5873 minus
1753 5820 1805 5871 in
1839 5819 2007 5885 legem

2107 1951 2326 2021 quidem
2373 1953 2682 2008 necessaria
2732 1954 2951 2024 publica
3013 1956 3100 2009 illa
3143 1955 3482 2025 pmnitcntia.
3530 1956 3691 2022 Quod

2106 2053 2287 2098 autem
2320 2043 2482 2098 etiam
2517 2046 2734 2100 arcanis
2767 2047 3066 2102 sceleribus
3102 2047 3316 2116 publice
3342 2047 3545 2102 inllicta
3579 2063 3693 2118 ραι-

2107 2134 2336 2190 nitentia
2390 2136 2499 2199 sit,
2537 2137 2695 2192 iidem
2753 2137 2959 2193 faciunt
3014 2139 3384 2209 antiquissimi
3427 2157 3691 2204 canones,

2109 2224 2161 2278 in
2197 2226 2388 2295 primis
2418 2225 2638 2292 Basilii,
2666 2226 2760 2298 qui
2788 2243 2912 2282 can.
2947 2226 3004 2281 6|
3041 2228 3110 2280 ad
3142 2226 3568 2295 Amphilochium
3625 2228 3694 2282 de

2108 2314 2228 2371 fure
2283 2317 2362 2372 sic
2408 2319 2654 2389 praecipit
2691 2336 2704 2373 :
2741 2317 2941 2388 Siquis
2985 2330 3167 2388 sponte
3222 2336 3320 2373 sua
3347 2320 3689 2372 commissum

2107 2406 2366 2474 fateatur,
2398 2415 2455 2460 ut
2489 2424 2595 2463 uno
2624 2408 2892 2463 duntaxat
2928 2425 3066 2462 anno
3104 2411 3466 2479 pamitentiam
3499 2410 3690 2474 obeat;

2105 2498 2188 2551 sin
2219 2499 2488 2554 convictus
2515 2516 2578 2552 ac
2599 2498 2948 2568 deprehensus
2981 2501 3162 2570 fuerit,
3189 2502 3418 2557 biennio.
3445 2502 3502 2556 In
3529 2519 3688 2559 conc.

2105 2591 2362 2662 Carthag.
2402 2607 2462 2646 Ill
2499 2607 2622 2647 can.
2650 2591 2721 2645 52
2753 2592 3030 2647 decretum
3063 2602 3146 2648 est
3171 2635 3186 2658 ,
3215 2603 3272 2648 ut
3302 2595 3574 2664 presbyter
3604 2596 3692 2648 in-

2106 2685 2348 2740 consulto
2396 2685 2640 2755 episcopo
2671 2701 2773 2738 non
2815 2685 3115 2738 reconciliet
3159 2687 3492 2755 paenitenter):
3518 2727 3534 2751 ,
3584 2689 3692 2742 nisi

2105 2778 2318 2852 absent’e
2337 2778 2600 2846 episcopo,
2630 2786 2676 2828 ct
2711 2777 3018 2829 necessitate
3056 2787 3280 2845 cogente.
3315 2775 3692 2846 Cujuscunque

2107 2882 2281 2924 autem
2315 2869 2611 2939 paenitentis
2660 2869 2929 2938 publicum
2959 2881 3007 2921 et
3040 2868 3463 2936 uulgatissimum
3491 2869 3692 2921 crimen
3755 2936 3764 2941 _

2105 2971 2203 3023 est,
2240 2961 2379 3032 quod
2435 2962 2676 3016 universa
2708 2959 2949 3014 Ecclesia
3000 2961 3201 3015 noverit
3226 3003 3242 3029 ,
3287 2974 3408 3015 ante
3449 2963 3692 3020 cnsident

2107 3071 2297 3108 manus
2320 3053 2367 3108 ei
2399 3054 2724 3124 imponatur.

2179 3146 2306 3201 ilice
2355 3147 2471 3216 ipsa
2533 3146 2749 3202 concilii
2796 3149 3006 3203 sanctio
3063 3147 3366 3204 clarissime
3394 3147 3692 3218 signiﬁcat,

2107 3240 2212 3294 alia
2247 3249 2439 3308 prmtcr
2470 3240 2686 3310 publica
2720 3239 2893 3297 fuisse
2926 3253 3142 3311 peccata
3165 3282 3180 3305 ,
3209 3258 3332 3310 qua:
3369 3241 3690 3311 pwnitentia

2106 3340 2525 3386 coercerentur:
2562 3347 2688 3387 cum
2746 3347 2776 3386 a
2829 3335 3042 3388 caeteris
3099 3334 3312 3403 publica
3364 3333 3690 3387 nominatim

2105 3424 2364 3494 excipiat.
2419 3424 2624 3480 Deinde
2660 3441 2760 3480 nec
2814 3427 2946 3481 illud
2995 3428 3228 3482 obscure
3279 3428 3593 3498 colligitur:
3643 3427 3691 3481 si

2109 3515 2216 3569 ulla
2239 3555 2254 3580 ,
2286 3515 2503 3584 qualem
2541 3517 2630 3572 isti
2666 3516 2912 3587 lingunt,
2949 3519 3160 3588 publica
3203 3518 3396 3573 fuisset
3438 3527 3690 3588 peccato-

2107 3622 2228 3660 rum
2253 3605 2550 3673 confcssio,
2577 3623 2799 3678 perraro
2827 3619 3008 3664 tamen
3043 3625 3204 3665 usum
3234 3611 3382 3666 illius
3403 3609 3687 3666 incidisse.

2105 3695 2242 3768 Nam
2292 3700 2340 3754 si
2383 3700 2597 3769 publice
2647 3710 2701 3756 et
2739 3702 2793 3756 in
2827 3701 3096 3772 frequenti
3132 3702 3385 3760 Ecclesia:
3417 3713 3690 3759 conventu

2101 3790 2214 3861 jam
2245 3807 2308 3846 ea
2340 3794 2745 3862 prodidissent,
2777 3811 2877 3849 cur
2914 3795 2968 3850 in
3001 3795 3462 3852 manifestissimis
3494 3797 3690 3851 dunta-

2107 3890 2202 3936 xat
2242 3884 2518 3954 certisque
2567 3885 2894 3941 criminibus
2925 3902 3118 3941 manus
3171 3886 3238 3940 iis
3287 3897 3413 3940 ante
3445 3888 3688 3956 apsidcm

2108 3973 2442 4043 imponitur?
2499 3975 2708 4046 Quippe
2758 3977 3003 4032 omnium
3050 3977 3170 4032 sine
3219 3977 3329 4031 ullo
3372 3977 3692 4033 discrimine

2107 4067 2492 4135 pmnitentium
2523 4077 2740 4137 peccata
2768 4067 2882 4138 jam
2912 4078 3069 4122 erant
3098 4069 3317 4123 illorum
3343 4067 3692 4124 confessione

2110 4156 2421 4214 manifesta.
2463 4159 2648 4229 Neque
2697 4175 2827 4214 vero
2882 4160 2990 4214 dici
3033 4160 3176 4215 istud
3232 4170 3437 4228 potest,
3492 4161 3691 4215 illustri

2107 4248 2291 4318 aliqua
2325 4251 2652 4305 auctoritate
2693 4260 2934 4306 veterum
2988 4266 3053 4306 ac
3083 4251 3305 4306 Patrum
3347 4252 3444 4306 niti
3475 4251 3690 4307 confes-

2108 4340 2317 4397 sionem
2349 4343 2510 4398 istam
2542 4343 2836 4411 publicam.
2881 4341 3015 4396 Nam
3057 4353 3254 4413 praeter
3283 4339 3691 4404 Nectar-inuam,

2109 4434 2186 4488 uti
2213 4433 2474 4500 diximus,
2500 4434 2785 4488 historiam
2817 4434 2952 4488 nihil
2978 4443 3063 4490 est
3089 4434 3406 4499 admodum,
3443 4432 3510 4487 ad
3543 4435 3688 4504 quod

2108 4528 2420 4596 conjectura
2460 4527 2550 4581 illa
2594 4529 2768 4597 possit
2797 4528 3190 4583 adhaerescere.
3237 4527 3342 4582 Sed
3393 4529 3495 4582 hoc
3522 4543 3686 4598 quam

2111 4621 2271 4673 inane
2298 4620 2608 4688 prrcsidium
2656 4619 2761 4684 sit,
2791 4620 3010 4688 copiose
3038 4621 3562 4676 demonstravimus.
3597 4619 3684 4673 lu-

2111 4712 2381 4766 tellectnm
2415 4722 2499 4766 est
2529 4713 2676 4766 enim
2697 4752 2712 4777 ,
2741 4728 2848 4766 non
2883 4712 3130 4766 mulieris
3159 4713 3376 4782 publica
3414 4722 3471 4767 et
3515 4713 3682 4767 eccle-

2111 4804 2328 4858 siastica
2359 4804 2727 4871 confessione,
2759 4805 2850 4860 sed
2884 4804 3104 4859 aliunde
3134 4813 3383 4875 stuprum
3411 4805 3541 4858 illud
3566 4819 3686 4858 esse

2111 4907 2495 4965 coinperlum:
2551 4907 2717 4952 totam
2757 4899 2994 4966 denique
3051 4897 3279 4968 publica:
3331 4896 3688 4952 confessioni.-

2113 4989 2432 5058 tragmdiam
2459 4989 2528 5043 ab
2557 4989 2868 5059 interpretis
2896 5005 3085 5044 errore
3117 4988 3418 5042 derivatum
3449 5007 3461 5042 :
3497 4990 3589 5056 qui
3622 4992 3686 5042 al

2111 5079 2164 5134 id
2191 5119 2208 5145 ,
2254 5079 2397 5148 quod
2439 5079 2690 5135 Socrates
2729 5082 3062 5150 scripserat,
3105 5081 3312 5150 longius
3357 5097 3688 5150 progressam

2110 5189 2221 5228 esse
2257 5172 2559 5238 mulierem,
2597 5173 2698 5227 levi
2733 5173 3005 5228 additione
3028 5215 3043 5239 ,
3091 5173 3183 5228 sed
3217 5189 3415 5242 magna
3450 5175 3688 5227 veritatis

2112 5265 2302 5320 fraude
2345 5265 2628 5334 conﬁtendi
2677 5267 3002 5320 vocabulum
3059 5265 3326 5336 adjunxit.
3358 5265 3562 5320 Cmtera
3598 5268 3690 5319 de—

2113 5356 2278 5424 nique
2320 5357 2391 5410 ita
2439 5357 2739 5426 composita
2813 5357 3210 5426 explanataque
3252 5367 3417 5417 sunt.
3480 5359 3687 5410 nullum

2113 5457 2171 5501 ut
2203 5451 2324 5504 inde
2359 5449 2539 5503 fucum
2574 5449 2923 5518 coloremque
2972 5449 3074 5502 sibi
3115 5450 3375 5502 ementita
3427 5450 3516 5502 illa
3559 5465 3689 5504 con-

2113 5539 2278 5594 fessio
2339 5541 2511 5611 possit
2564 5557 2862 5597 arcessere.
2918 5539 3182 5610 Superest
3243 5541 3494 5611 Origenis
3551 5557 3688 5596 unus

2111 5633 2314 5686 alterve
2341 5633 2515 5697 locus,
2556 5635 2647 5702 qui
2675 5634 2905 5704 publica:
2932 5633 3293 5689 confessionis
3321 5636 3689 5702 suspicionem

2113 5725 2350 5792 aliquam
2393 5725 2564 5794 possit
2608 5726 2852 5795 injicere.
2885 5726 2989 5780 Sed
3019 5727 3063 5780 si
3095 5727 3414 5796 diligentius
3441 5729 3694 5780 conside~

2113 5830 2290 5881 retur,
2328 5816 2591 5871 adversus
2627 5814 2750 5870 illos
2781 5814 2928 5885 ipsos
2963 5831 3292 5886 magnopere
3337 5825 3572 5885 pugnat,
3598 5813 3688 5885 qui
