3994 6222
298 343 428 400 {illi

1229 346 1313 400 DE
1353 346 1826 403 ΜΕΝΙΤΕΝΤΙΑΞ
1862 347 2144 404 VETERE
2181 347 2586 406 DlSClPLlNA.

3421 347 3564 406 ιϐιδ-Ρ.

297 458 420 526 ejus
447 470 505 509 se
521 454 777 525 prtesidio
807 455 1128 513 defendunt.
1165 457 1427 531 Origenes
1463 462 1648 532 itaque
1670 463 1819 523 bum.
1844 479 1879 518 ιι
1914 470 1958 525 Α
1987 471 2196 519 cretum
2229 505 2244 530 ,
2285 473 2342 518 et
2379 460 2683 517 Tridentini
2735 459 2951 516 concilii
3004 460 3299 514 auctoritas
3353 463 3569 519 evincet
3625 511 3629 514 .

298 553 353 604 in
417 547 564 604 Psal.
602 564 808 608 xxxv".
841 565 904 604 ea
939 549 1156 606 Davidis
1178 553 1342 607 verba
1368 553 1692 610 declarans:
1715 556 1888 609 Amici

299 642 402 694 mei
461 650 509 692 et
559 639 791 709 proximi
843 642 947 694 mei
991 643 1270 696 adversum
1310 660 1391 698 me
1440 647 1889 717 appropinquare-

301 742 459 795 runt,
497 743 547 786 et
578 742 833 786 steterunt
857 749 874 784 :
912 734 1024 789 lucc
1057 733 1125 788 ad
1166 734 1519 804 pmnitentem
1562 737 1730 792 refert
1754 779 1766 802 ,
1793 738 1889 808 qui

299 833 524 892 peccato
577 838 678 878 suo
728 824 1061 879 medicinam
1112 824 1292 882 facere
1339 827 1551 892 volens,
1583 831 1887 885 amicorum

299 923 675 982 contemptum
719 914 1144 987 irrisionemque
1177 917 1450 989 ‘negligat.
1493 918 1554 974 Si
1604 937 1762 991 ergo,
1813 924 1890 977 in-

300 1004 443 1072 quit,
471 1005 780 1075 Imjusmodi
810 1008 964 1062 homo
1005 1025 1204 1064 memor
1248 1010 1430 1065 delicti
1460 1012 1543 1067 sui
1575 1015 1890 1082 conﬁteatur

299 1113 421 1165 qua:
456 1099 718 1153 commisit
744 1139 759 1162 ,
798 1110 850 1154 et
897 1101 1131 1156 humana
1177 1105 1482 1173 confusione
1520 1107 1670 1175 parvi
1693 1114 1888 1176 pendat

300 1205 420 1252 eos,
457 1191 547 1260 qui
595 1191 918 1261 exprobrant
957 1210 1075 1248 eum
1110 1195 1443 1264 conﬁtentem
1465 1237 1482 1261 ,
1521 1208 1572 1252 et
1600 1207 1784 1252 notant
1814 1201 1891 1254 vel

303 1285 528 1338 irrident
555 1323 570 1348 ,
602 1283 694 1339 ille
719 1295 893 1339 autent
933 1287 1228 1358 intelligens
1274 1306 1366 1358 per
1397 1290 1508 1345 ha’c
1539 1277 1640 1346 sibi
1685 1294 1890 1346 veniam

301 1377 447 1438 dari,
483 1387 588 1431 etc.
628 1375 688 1432 Si
735 1394 859 1450 ergo
891 1379 963 1433 sit
994 1379 1188 1450 aliquis
1229 1382 1307 1436 ita
1337 1382 1511 1451 ﬁdelis
1535 1423 1551 1448 ,
1599 1392 1658 1437 ut
1686 1384 1733 1436 si
1763 1383 1892 1453 quid

302 1468 544 1523 conscius
571 1470 646 1523 sit
680 1470 818 1534 sibi,
853 1471 1102 1540 procedat
1148 1473 1205 1526 in
1243 1474 1503 1537 medium,
1548 1484 1598 1529 et
1653 1476 1762 1544 ipse
1808 1475 1892 1529 sui

303 1569 586 1613 accusator
610 1564 870 1616 exsistat:
905 1562 958 1614 lii
988 1573 1166 1620 autem
1199 1563 1290 1634 qui
1321 1563 1564 1633 futurum
1600 1563 1700 1620 Dei
1742 1565 1893 1635 judi-

303 1650 447 1703 cium
482 1666 585 1702 non
619 1661 879 1714 metuunt,
909 1654 1019 1706 hac
1047 1653 1322 1707 audientes
1353 1669 1473 1707 cum
1494 1654 1892 1723 inﬁrmantibus

303 1743 516 1810 quidem
548 1759 650 1796 non
683 1744 1020 1812 inﬁrmentur
1045 1782 1062 1806 ,
1091 1761 1212 1797 cum
1257 1745 1748 1801 scandalizantibns
1789 1763 1892 1800 non

305 1842 553 1899 urantur,
587 1851 703 1887 cum
738 1835 904 1905 lapsis
937 1852 1040 1890 non
1065 1836 1302 1906 jaceant,
1336 1838 1426 1892 sed
1470 1837 1688 1892 dicant:
1719 1838 1895 1909 Longe

307 1937 357 1979 te
392 1926 480 1995 fac
516 1943 550 1979 a
585 1943 688 1991 me,
713 1943 876 1997 neque
904 1929 1126 1982 accedas
1163 1929 1232 1982 ad
1260 1945 1360 1995 me,
1388 1930 1640 2000 quoniam
1666 1929 1894 1984 mundus

307 2035 462 2080 sum;
489 2028 538 2072 et
564 2019 819 2074 detestari
858 2022 1118 2091 incipiant
1147 2038 1288 2089 eum,
1325 2039 1477 2091 quem
1505 2033 1628 2076 ante
1657 2022 1896 2077 admira-

308 2112 536 2172 buntur,
569 2119 619 2164 et
667 2111 732 2163 ab
773 2099 1016 2166 amicitia
1057 2113 1302 2167 recedant
1335 2113 1447 2182 ejus
1473 2153 1489 2179 ,
1526 2115 1616 2184 qui
1645 2114 1896 2170 delictum

308 2218 464 2256 suum
507 2203 675 2257 noluit
721 2205 988 2258 occultare
1010 2219 1029 2258 :
1058 2221 1216 2274 super
1249 2206 1328 2261 his
1360 2223 1484 2275 ergo
1525 2218 1898 2277 consequenter

308 2290 474 2358 dicit,
509 2293 600 2363 qui
638 2293 1062 2364 exhornologesin
1087 2335 1103 2358 ,
1144 2296 1198 2348 id
1233 2305 1310 2349 est
1345 2296 1720 2365 confessionem
1747 2339 1763 2363 ,
1810 2297 1894 2366 fa-

308 2383 407 2447 cit,
432 2390 538 2437 etc.
571 2380 676 2436 Sed
707 2391 895 2453 postea
932 2383 1136 2439 clarius
1169 2383 1309 2439 idem
1360 2385 1643 2451 declarat,
1679 2401 1805 2442 cum
1831 2386 1895 2441 ad

312 2471 399 2523 sui
443 2473 850 2527 accusationem
895 2483 950 2527 et
995 2472 1399 2530 confessionem
1453 2476 1794 2538 adhortans,
1825 2478 1896 2530 ita

313 2563 596 2632 loquitur:
649 2562 1040 2620 Tantummodo
1089 2567 1432 2636 circumspice
1469 2566 1774 2637 diligentius
1812 2569 1897 2622 cui

309 2655 503 2709 debeas
532 2657 773 2724 conﬁteri
812 2667 1085 2726 peccatum
1136 2667 1307 2713 tuum.
1344 2658 1522 2712 Proba
1551 2660 1699 2729 prius
1733 2661 1895 2713 medi-

312 2766 432 2802 cum
451 2789 466 2811 ,
505 2750 590 2802 cui
618 2749 802 2803 debeas
828 2767 1048 2803 causam
1079 2749 1353 2820 languoris
1380 2768 1654 2819 exponere,
1683 2763 1813 2816 etc.,
1840 2761 1898 2805 ut

314 2842 393 2896 ita
423 2843 631 2895 demunt
657 2843 704 2894 si
727 2843 854 2911 quid
880 2843 970 2896 ille
1001 2843 1220 2903 dixerit,
1255 2842 1344 2912 qui
1378 2859 1432 2896 se
1465 2844 1611 2912 prius
1639 2854 1688 2898 et
1717 2845 1899 2898 erudi-

315 2943 428 2986 tum
471 2935 732 2987 medicum
796 2934 1085 2989 ostenderit
1128 2945 1176 2987 et
1222 2934 1648 3000 misericordem,
1692 2938 1739 2990 si
1770 2937 1897 3006 quid

314 3024 521 3078 consilii
553 3024 787 3088 dederit,
837 3024 1013 3093 facias
1067 3033 1116 3078 et
1165 3025 1447 3094 sequaris;
1479 3026 1524 3078 si
1556 3024 1897 3091 intellexerit,

1990 554 2192 625 (neque
2217 554 2364 609 enim
2393 553 2640 622 ejusdem
2669 550 2946 621 opinionis
2981 550 3116 604 alios
3143 549 3411 619 quosdam
3445 566 3567 605 ino-

1989 658 2216 708 ramur,
2259 643 2352 714 qui
2390 657 2459 697 ex
2503 641 2723 696 arcanis
2784 640 2920 709 ipsis
2969 641 3292 694 criminibus
3319 641 3568 710 quaedam

1987 736 2155 790 etiam
2195 733 2262 788 ad
2305 731 2579 803 publicam
2638 729 3033 800 professionem
3097 731 3380 800 designata
3435 745 3568 784 ceu-

1989 835 2134 895 seut,
2165 840 2399 896 quorum
2431 835 2515 880 est
2562 823 2747 877 minus
2781 823 3098 876 toierandus
3135 822 3351 893 error),
3406 822 3572 891 pluri-

1990 933 2140 973 mum
2169 917 2359 982 abest,
2398 927 2459 971 ut
2486 932 2552 972 ex
2589 916 2699 970 illis
2729 913 2982 984 Origenis
3026 914 3355 970 testimoniis
3393 929 3572 984 Operae

1989 1010 2223 1080 pretium
2260 1009 2430 1063 ullqu
2477 1008 2543 1063 ad
2589 1007 2885 1063 commenti
2944 1007 3029 1061 sui
3079 1008 3441 1076 patrocinium
3493 1006 3573 1060 fa-

1991 1102 2157 1156 ciant.
2196 1099 2328 1167 Quae
2363 1114 2490 1155 eum
2547 1098 2622 1152 ita
2657 1112 2780 1154 sese
2811 1097 3050 1151 habeant
3075 1138 3090 1162 ,
3132 1097 3290 1152 aliter
3321 1095 3571 1166 Origenis

1991 1191 2302 1260 accipienda
2340 1190 2430 1244 illa
2467 1189 2626 1244 verba
2655 1197 2805 1252 sunt,
2837 1204 2961 1243 cum
2996 1189 3212 1259 publice
3240 1188 3570 1251 accusanda,

1992 1282 2317 1348 confitenda,
2351 1290 2452 1336 aut
2477 1281 2799 1352 exponenda
2843 1289 3064 1350 peccata
3093 1280 3245 1346 dicit,
3287 1279 3373 1334 vel
3403 1279 3572 1332 exlio-

1993 1376 2296 1446 mologesin
2329 1374 2749 1430 instituendam:
2797 1373 2943 1444 quod
2970 1372 3112 1444 apud
3137 1382 3365 1428 ueteres
3383 1371 3572 1426 Patres

1994 1468 2047 1522 in
2075 1467 2374 1538 primisque
2399 1467 2729 1538 Cyprianum
2789 1464 3103 1536 frequenter
3151 1465 3410 1519 occurrit.
3478 1464 3577 1517 Nc-

1993 1576 2100 1630 que
2147 1559 2294 1615 enim
2353 1569 2614 1630 perpetuo
2678 1558 2920 1630 legitima
2983 1557 3164 1627 aliqua
3222 1566 3571 1626 peccatorum

1992 1652 2286 1709 declaratio
2307 1691 2322 1716 ,
2351 1665 2415 1705 ac
2457 1650 2799 1720 singulorum
2829 1649 3102 1718 expositio
3140 1647 3447 1704 istiusmodi
3481 1661 3578 1700 vo-

1995 1746 2314 1802 cabulorum
2351 1742 2600 1797 formulis
2631 1741 2948 1812 intelligitur
2968 1781 2984 1805 ,
3028 1741 3121 1796 sed
3165 1756 3226 1794 ea
3255 1741 3578 1810 plerumque

1999 1837 2299 1910 professio,
2331 1851 2452 1906 quae
2488 1834 2648 1891 factis
2704 1833 2839 1904 ipsis
2883 1849 2950 1889 ac
2975 1833 3352 1902 poenitentium
3386 1830 3578 1885 olliciis

1998 1929 2200 1995 editur,
2227 1938 2323 1984 aut
2343 1929 2390 1983 si
2424 1942 2522 1983 ore
2548 1925 2806 1982 fortassis
2831 1940 2896 1980 ac
2926 1924 3132 1986 verbis.
3165 1939 3271 1978 non
3297 1939 3358 1978 ea
3394 1924 3580 1992 singu-

2002 2024 2178 2078 lorum
2205 2021 2496 2077 criminum
2522 2019 2778 2076 condicto
2803 2017 2924 2074 loco
2953 2033 3018 2074 ac
3044 2028 3286 2088 tempore
3306 2015 3581 2072 confessio

2001 2114 2143 2180 fuit,
2177 2125 2237 2169 ut
2265 2114 2348 2170 vel
2377 2128 2442 2169 ex
2472 2113 2682 2182 scripto
2707 2153 2724 2178 ,
2756 2111 2842 2168 vel
2866 2127 2932 2167 ex
2965 2110 3227 2165 memoria
3256 2105 3581 2178 pronuntia-

2002 2214 2191 2260 rentur
2214 2243 2230 2269 ,
2262 2203 2356 2259 sed
2417 2203 2689 2273 generalis
2722 2203 2988 2258 scelerum
3017 2199 3252 2270 agnitio,
3291 2209 3348 2252 et
3383 2200 3584 2266 impro-

2002 2296 2187 2355 bitatis
2220 2311 2332 2350 sua:
2359 2293 2630 2366 professio
2661 2309 2728 2350 ac
2749 2293 3076 2351 detestatio:
3116 2289 3425 2360 eujusmodi
3455 2302 3578 2342 esse

2005 2392 2217 2447 videtur
2257 2388 2528 2461 generalis
2565 2387 2659 2443 illa
2693 2386 3058 2442 confessionis
3111 2383 3383 2449 formula,
3415 2397 3580 2452 quam

2001 2493 2265 2541 accuratae
2295 2500 2362 2541 ac
2398 2485 2626 2554 privata:
2674 2490 3024 2552 peccatorum
3074 2477 3454 2548 explicationi,
3488 2483 3582 2530 aut

2003 2577 2290 2632 incruento
2315 2575 2498 2630 missa:
2523 2574 2797 2630 sacrificio
2828 2571 3154 2630 celebrando
3180 2571 3581 2642 praemittimus.

2002 2668 2189 2740 Neque
2216 2678 2395 2723 tamen
2421 2668 2658 2734 inficior,
2683 2667 2814 2739 quin
2842 2665 3286 2737 exhomoIOgesls
3308 2662 3582 2718 interdum

2002 2773 2189 2814 veram
2217 2766 2271 2811 et
2319 2756 2650 2813 sacramenti
2690 2755 3000 2826 propriam.
3032 2753 3278 2820 adeoque
3317 2752 3582 2821 privatam

2003 2857 2353 2919 peccatorum
2389 2846 2789 2916 expositionem
2825 2845 3123 2915 signiticet,
3167 2842 3262 2898 sed
3322 2846 3483 2898 came
3521 2855 3588 2894 ac

2005 2941 2300 3012 prudenter
2339 2940 2392 2994 in
2449 2939 2613 3008 bujus
2663 2939 2814 2993 vocis
2868 2935 3318 3006 interpretatione
3363 2950 3588 2988 versan-

2004 3034 2138 3089 dum
2159 3041 2263 3098 est,
2289 3040 2346 3086 ut
2369 3046 2435 3086 ex
2466 3032 2586 3100 ipso
2614 3029 2946 3085 narrationis
2973 3038 3254 3086 contextu.
3283 3042 3392 3098 quo
3420 3042 3583 3082 sensu

313 3125 363 3169 et
394 3116 696 3186 prwviderit
720 3115 878 3170 talem
894 3132 1004 3170 esse
1031 3115 1337 3186 languorem
1369 3127 1538 3180 tuum.
1571 3118 1661 3186 qui
1692 3118 1746 3171 in
1769 3134 1897 3171 con-
1928 3140 1974 3200 ρ
2006 3141 2036 3178 a
2062 3123 2318 3178 Panibus
2345 3132 2606 3191 usurpata
2631 3121 2724 3186 sit,
2748 3119 3050 3191 dijudicare
3075 3118 3376 3189 possimus.
3411 3118 3585 3184 Quam

315 3219 471 3263 uentu
503 3210 665 3262 totius
699 3207 955 3264 Ecclesia:
994 3213 1184 3280 exponi
1250 3211 1432 3264 debeat
1492 3219 1544 3264 et
1590 3211 1803 3276 curari,
1838 3227 1903 3266 ea:

315 3317 418 3370 quo
442 3300 687 3367 fortassis
714 3311 765 3355 et
804 3304 985 3355 cwteri
1019 3303 1283 3371 a'diﬁcari
1321 3311 1607 3370 poterunt,
1632 3311 1681 3354 et
1715 3311 1769 3354 tu
1795 3303 1904 3372 ipse

319 3393 478 3460 facile
508 3393 691 3446 sanari
715 3433 732 3456 ,
774 3393 946 3448 multa
986 3394 1082 3447 hoc
1117 3395 1497 3448 deliberatione
1524 3432 1540 3456 ,
1569 3403 1618 3446 et
1645 3394 1780 3448 satis
1813 3411 1905 3464 pe-

319 3484 425 3536 rito
458 3485 647 3537 medici
685 3484 832 3538 illius
868 3487 1092 3541 consilio
1137 3490 1533 3554 procurandum
1561 3495 1661 3543 est.
1705 3485 1904 3544 Hacte-

319 3593 426 3633 nus
457 3576 736 3648 Origenes.

391 3664 586 3722 Nullus
616 3668 671 3722 in
699 3671 850 3724 ouiui
883 3681 1158 3726 vetustate
1194 3673 1349 3728 locus
1373 3684 1491 3741 est,
1526 3691 1588 3730 ex
1624 3691 1732 3746 quo
1768 3675 1906 3730 vali-

320 3758 446 3812 dius
475 3759 524 3812 id
562 3760 821 3815 allirmari
877 3773 1102 3831 putent,
1129 3765 1274 3834 quod
1327 3766 1394 3822 de
1441 3768 1655 3836 publica
1697 3767 1908 3825 confes-

321 3851 475 3906 sione
500 3851 774 3907 sentiuut:
817 3868 942 3906 nam
980 3855 1034 3907 in
1071 3857 1358 3924 posteriori
1412 3861 1651 3913 maxime
1698 3869 1909 3915 senten-

324 3944 397 3996 tia
443 3943 709 3996 delectum
769 3953 1115 4012 peccatorum
1169 3962 1198 3999 a
1253 3950 1533 4003 sacerdote
1595 3949 1904 4005 faciendum

326 4036 612 4101 insinuat,
667 4052 789 4107 qum
849 4039 1120 4107 pmuitens
1175 4042 1240 4094 ad
1307 4043 1552 4096 omnium
1617 4045 1907 4099 utilitatem

327 4128 538 4196 publice
570 4130 906 4196 profiteatur.
934 4131 1097 4200 Atqui
1125 4132 1261 4185 nihil
1288 4132 1424 4187 istos
1447 4131 1721 4203 Origenes
1753 4135 1910 4203 adju-

328 4227 450 4271 ν·ιιε
490 4219 600 4270 imo
635 4234 763 4272 vero
800 4219 958 4274 obest
987 4221 1067 4274 vel
1104 4222 1424 4291 plurimum,
1460 4221 1907 4293 quandoquidem

327 4311 396 4365 de
449 4313 664 4368 arcanis
691 4313 1051 4384 occultisque
1087 4317 1360 4386 peccatis,
1397 4334 1503 4372 non
1547 4318 1778 4387 publicis
1830 4318 1910 4372 lo-

328 4400 554 4469 quitur:
589 4401 657 4457 de
689 4402 794 4467 iis,
826 4404 1087 4474 inquam,
1119 4407 1359 4473 peccatis
1394 4407 1496 4462 ista
1538 4407 1914 4478 pronuntiavit

2006 3214 2073 3269 ad
2132 3230 2245 3268 rem
2311 3213 2562 3283 egregius
2608 3223 2691 3267 est
2739 3210 3065 3267 Tertulliani
3128 3210 3314 3275 lorus,
3380 3208 3474 3262 lib.
3513 3207 3588 3262 De

2005 3307 2184 3378 pamit.
2233 3322 2354 3375 cap.
2399 3306 2470 3360 9:
2523 3303 2746 3374 Hujus,
2790 3303 3002 3373 inquit,
3048 3303 3212 3372 igitur
3269 3301 3589 3371 put-nitentia:

2003 3398 2282 3463 secundae,
2327 3409 2377 3452 et
2417 3398 2608 3460 unius,
2657 3407 2855 3467 quanto
2885 3396 2940 3448 in
2997 3407 3142 3449 arcto
3189 3395 3455 3464 negotium
3488 3403 3589 3459 est,

2008 3502 2157 3546 tanto
2202 3491 2471 3561 operosior
2513 3489 2753 3560 probatio
2787 3498 2897 3554 est,
2934 3500 2991 3542 ut
3026 3505 3129 3541 non
3170 3487 3285 3541 sola
3320 3486 3589 3540 conscien-

2009 3584 2085 3636 tia
2112 3584 2459 3653 pra'feratur,
2491 3581 2582 3636 sed
2613 3583 2790 3652 aliquo
2814 3583 2974 3634 etiam
3011 3591 3132 3633 actu
3167 3579 3586 3632 administretur.

2009 3673 2068 3727 Is
2097 3684 2282 3736 actus.
2329 3673 2422 3742 q'n'
2471 3672 2643 3741 magis
2676 3668 2857 3725 Grtcco
2885 3669 3138 3723 vocabulo
3182 3667 3498 3736 exprimitur
3541 3675 3590 3721 et

2008 3766 2406 3835 frequentatur,
2441 3761 2855 3832 exltomologesis
2890 3771 2968 3815 est
2997 3799 3012 3823 ,
3061 3775 3168 3828 qua
3199 3757 3448 3812 delictum
3482 3755 3592 3810 Da-

2011 3857 2150 3908 mino
2180 3866 2358 3908 nostro
2393 3855 2709 3924 conﬁtentur
2733 3892 2748 3914 ,
2782 3868 2884 3906 non
2915 3850 3124 3920 quidem
3157 3857 3214 3902 ut
3254 3849 3468 3919 ignaro,
3501 3848 3592 3902 sed

2009 3957 2264 4018 quatenus
2294 3947 2596 4015 satisfactio
2629 3945 2955 4013 confessione
3001 3942 3339 4011 disponitur,
3385 3942 3593 4010 confes-

2009 4039 2153 4092 sione
2175 4039 2481 4106 pamitentia
2509 4038 2769 4099 nascitur,
2796 4035 3101 4101 pwnitentia
3125 4033 3260 4088 Deus
3288 4034 3588 4102 mitigatur.

2014 4130 2201 4200 Itaque
2231 4129 2644 4199 exltomologesis
2707 4127 3070 4196 prosternendi
3109 4135 3158 4180 et
3203 4125 3592 4193 Immili/‘icandi

2011 4223 2238 4279 hominis
2293 4219 2578 4290 disciplina
2634 4231 2752 4282 est,
2819 4219 3263 4273 conuersationem
3314 4217 3591 4288 injungens

2011 4313 2395 4371 misericordia:
2425 4313 2622 4367 ilicem.

2087 4409 2192 4464 Sed
2223 4407 2289 4462 de
2335 4403 2776 4477 ἐξομολογήσεως
2811 4403 3128 4458 notionibus
3179 4402 3347 4456 Variis
3373 4402 3594 4470 jampri-

327 4492 622 4562 Origenes,
658 4495 856 4564 quibus
908 4496 997 4550 illa
1025 4535 1040 4560 ,
1097 4512 1262 4566 quam
1297 4501 1528 4565 suadet,
1565 4497 1912 4556 confessione
1943 4502 1992 4561 Ι)
2015 4504 2137 4558 dem
2164 4501 2334 4555 multa
2359 4509 2488 4554 sunt
2509 4513 2539 4553 a
2568 4498 2698 4552 viris
2717 4496 2947 4552 eruditis
2978 4496 3287 4550 observata.
3315 4491 3422 4550 Nos
3449 4496 3593 4564 apud

330 4586 646 4653 patefactis,
704 4587 797 4657 qui
837 4588 1188 4643 confitentem
1251 4590 1512 4645 amabant
1575 4601 1630 4645 et
1668 4591 1911 4646 admira-

333 4677 531 4731 bantur
560 4687 718 4732 antea
740 4719 754 4744 ,
789 4679 1046 4749 deinceps
1077 4680 1224 4734 velut
1279 4682 1348 4735 ab
1374 4681 1590 4750 impuro
1646 4685 1912 4738 contami-

332 4784 370 4821 ιι
409 4779 571 4838 toque
609 4769 930 4835 discedant,
966 4782 1025 4826 ut
1057 4771 1110 4826 in
1158 4777 1338 4841 priore
1374 4772 1494 4827 loco
1538 4783 1742 4828 narrat.
1780 4773 1910 4828 item

330 4861 601 4929 ejusmodi
630 4872 850 4930 peccata
890 4863 978 4917 illa
1015 4873 1164 4929 sunt,
1206 4879 1328 4933 qua:
1353 4864 1598 4919 confiteri
1627 4865 1821 4934 jubet,
1855 4875 1915 4920 ut

334 4967 444 5008 non
504 4964 704 5008 temere
737 4954 792 5008 in
846 4955 1070 5026 publico
1115 4965 1386 5010 coniventu
1427 4955 1661 5011 debeant
1693 4958 1913 5027 exponi,

331 5046 428 5102 sed
461 5063 585 5102 cum
617 5059 869 5102 accurata
898 5048 1321 5113 deliberatione,
1362 5057 1417 5103 et
1454 5047 1759 5104 sacerdotis
1783 5065 1916 5105 con-

333 5140 462 5194 silio
490 5181 504 5204 ,
534 5140 679 5209 quod
731 5139 1001 5210 posterior
1039 5141 1188 5196 locus
1233 5141 1508 5196 admonet.
1545 5139 1914 5207 Quamobrem

244 5288 248 5292 _
333 5231 551 5286 occulta
588 5230 676 5284 illa
707 5239 866 5295 sunt,
901 5246 1007 5284 non
1050 5231 1265 5299 publica
1294 5239 1459 5300 atque
1491 5230 1780 5285 manifesta
1802 5271 1818 5296 ,
1850 5231 1917 5286 de

335 5322 780 5393 quibuslpublice
803 5321 1128 5377 conlitendis
1156 5338 1222 5376 ne
1251 5323 1662 5376 deliberandum
1693 5321 1913 5391 quidem

335 5423 522 5480 esset,
564 5413 608 5467 si
648 5412 697 5466 id
752 5412 980 5482 publica:
1032 5413 1362 5482 patuiteutiu:
1396 5414 1536 5466 ratio
1567 5423 1619 5467 et
1660 5413 1916 5467 Ecclesia:

339 5507 423 5560 lex
454 5503 766 5560 necessario
790 5505 1105 5573 postularet.
1143 5503 1278 5557 Cum
1316 5504 1480 5574 igitur
1512 5505 1742 5574 publica:
1783 5521 1918 5561 con-

340 5597 599 5653 fessionis
631 5597 840 5668 patroni
873 5598 1076 5651 nullam
1108 5597 1450 5652 occultorum
1477 5599 1792 5664 criminum,
1823 5599 1923 5654 sed

340 5691 681 5762 publicorum
721 5690 988 5746 duntaxat
1015 5729 1030 5755 ,
1067 5690 1338 5761 publicam
1376 5690 1776 5747 confessionem
1835 5693 1910 5747 le-

339 5786 588 5855 gitimam
623 5783 794 5840 fuisse
843 5782 1042 5850 velint;
1092 5783 1254 5854 idque
1285 5793 1338 5839 ct
1387 5782 1585 5840 Leonis
1613 5783 1789 5853 Mogui
1819 5785 1915 5840 de-

2013 4595 2343 4667 (Zypriauum
2366 4589 2861 4646 animadvertimus
2886 4589 3331 4660 exbomologesin
3362 4605 3461 4660 pro
3486 4604 3598 4658 pm-

2015 4685 2257 4740 nitentia:
2314 4683 2734 4753 publicaecerta
2772 4680 3058 4735 functione
3105 4681 3287 4746 sumi,
3322 4695 3447 4751 qua:
3499 4681 3594 4734 uni

2013 4793 2080 4834 ex
2107 4785 2346 4848 quatuor
2375 4773 2760 4844 pmnitentium
2790 4771 3052 4843 gradibus
3095 4772 3363 4841 praecipue
3393 4786 3595 4826 conve.

2015 4869 2189 4923 niret:
2225 4867 2485 4922 nimirum
2527 4864 2869 4926 ὑποπτώσει,
2888 4879 3010 4932 quae
3044 4865 3204 4918 tertio
3245 4864 3365 4917 loco
3397 4876 3594 4914 nume-

2012 4969 2194 5014 ratur:
2239 4973 2362 5012 nam
2395 4957 2487 5027 qui
2520 4957 2573 5011 iu
2605 4972 2672 5012 eo
2701 4957 2869 5025 gradu
2913 4957 3274 5017 censebatur,
3319 4953 3469 5018 ἐντὸς
3494 4954 3595 5024 τῆς

2013 5051 2106 5104 τοῦ
2145 5051 2277 5105 ναοῦ
2330 5050 2544 5120 «male,
2602 5050 2751 5104 intra
2786 5050 2974 5118 templi
3031 5057 3242 5118 portam
3293 5048 3590 5111 admissus,

2016 5159 2139 5198 cum
2183 5142 2590 5197 cateebumeuis
2633 5142 2902 5196 facessere
2945 5140 3278 5210 jubebatur,
3322 5153 3385 5194 ac
3431 5140 3595 5194 certis

2016 5232 2210 5287 diebus
2229 5246 2415 5286 coram
2447 5232 2705 5300 episeopo
2739 5231 3030 5300 procidens
3059 5270 3073 5297 ,
3106 5230 3452 5299 impositione
3481 5245 3599 5284 ma-

2016 5339 2187 5379 nuum
2262 5338 2332 5378 ae
2377 5323 2606 5378 solemni
2671 5322 2985 5392 precatione
3033 5321 3344 5390 impertitus
3394 5316 3597 5375 dimitti

2015 5416 2244 5471 solebat.
2308 5414 2464 5470 Unde
2505 5414 2821 5476 ὑπόπτωσις
2855 5421 2941 5467 est
2987 5413 3168 5478 dicta,
3219 5413 3364 5482 quod
3397 5411 3597 5466 ὑπέπι-

2017 5523 2173 5571 πτεν,
2205 5507 2306 5561 hoc
2335 5515 2419 5560 est
2449 5520 2634 5560 coram
2674 5498 2916 5559 antistite
2953 5502 3301 5572 procidebat,
3336 5500 3430 5572 qui
3468 5515 3593 5555 cum

2017 5597 2165 5651 omni
2203 5596 2404 5666 populo
2437 5594 2729 5663 procidens
2781 5603 2836 5649 et
2889 5593 3008 5664 ipse
3042 5594 3277 5664 primum
3305 5633 3320 5659 ,
3351 5602 3465 5646 tum
3500 5607 3596 5647 ex-

2018 5701 2270 5756 surgens,
2307 5701 2502 5740 manus
2521 5725 2537 5750 ,
2566 5684 2640 5739 uti
2672 5684 2818 5749 dixi,
2843 5683 3234 5754 paenitentibus
3262 5682 3596 5752 imponebat.

2019 5779 2174 5846 Quod
2214 5779 2489 5836 luculente
2526 5793 2652 5835 cum
2676 5778 2868 5850 primis
2894 5778 3204 5835 declaratur
3232 5791 3262 5831 a
3292 5774 3597 5832 Sozonteuo
