3994 6222
430 431 567 486 10ιῦ

1515 418 1858 482 ΑΡΡΕΝὒΙῖ
1901 417 2537 481 DISSERTATIONUM.

3550 418 3685 477 10H

430 546 525 600 lib.
559 560 634 599 vII
659 581 674 606 ,
703 557 822 612 cap.
860 539 925 594 £6
950 579 964 603 ρ
996 538 1090 596 ubi
1139 541 1470 608 pmnittentise
1524 541 1816 596 formulam
1851 549 2012 610 expo-

2123 537 2402 610 μετανοίᾳ.
2439 539 2670 596 Verbum
2706 537 2797 592 τοῦ
2841 537 3098 592 ἀπολύειν
3139 535 3377 602 missam,
3413 533 3526 590 sive
3564 536 3689 588 mis-

430 639 538 698 nit,
563 649 686 704 qua:
716 629 1198 702 Constantinopoli.
1223 631 1488 704 abrogata
1526 631 1714 687 Rome
1745 639 2005 702 perpetuo

431 727 653 780 mansit.
703 725 820 791 Qua
891 723 943 777 in
999 722 1292 778 Sozomcni
1347 724 1724 794 descriptione
1771 722 2006 794 plurima

430 827 589 881 sum,
626 834 745 887 qua:
778 817 844 872 ad
887 832 1078 873 omnes
1117 819 1448 888 poenitentia:
1477 817 1681 887 gradus
1711 817 2005 888 pertinent,

429 926 536 964 non
597 923 766 979 pauca
809 910 873 962 atl
929 909 1241 963 ὑπὸπτωσιν
1295 909 1628 966 referuntur.
1675 909 1787 964 Cur
1827 918 2004 962 autem

428 1000 879 1069 esbomologesin
931 1001 1058 1055 huic
1101 1003 1260 1056 tertio
1315 999 1651 1071 poenitentiae
1691 998 1880 1069 gradui
1923 1011 2011 1066 pos

433 1092 704 1146 Iissitnutn
739 1091 1034 1159 assignem,
1059 1090 1317 1162 Cypriani
1345 1090 1645 1148 auctoritas
1679 1099 1888 1153 movet,
1913 1089 2008 1158 qui

433 1193 554 1252 post
612 1183 752 1236 δείδιε
801 1183 1134 1252 ῃωηὶιυηιίω
1191 1181 1502 1238 functiones
1557 1178 2006 1250 exhomologesin

431 1275 703 1329 collocare
734 1277 912 1338 solet,
944 1285 1000 1329 ct
1052 1274 1483 1331 reconc‘iliationi
1519 1287 1584 1330 ac
1633 1270 2010 1330 communioni

434 1366 742 1437 pr0piorem
775 1367 1086 1420 ostendere.
1125 1366 1216 1424 Sic
1245 1367 1298 1421 in
1332 1367 1570 1438 epistola
1588 1364 1657 1420 10
1681 1365 1752 1419 ad
1772 1365 2014 1419 (Iterum:

439 1457 577 1512 Nam
604 1475 726 1512 cum
751 1459 814 1513 in.
849 1460 1146 1513 minoribus"
1171 1461 1423 1528 peccatis;
1464 1459 1658 1530 inquit,
1692 1468 1852 1529 agant
1895 1472 2012 1525 pec-

435 1559 647 1603 catores
698 1550 1058 1618 pamitentiam
1107 1551 1259 1619 justo
1316 1560 1583 1620 tempore,
1633 1558 1682 1603 et
1726 1548 2011 1602 secundum

433 1642 732 1708 disciplith
756 1644 992 1697 ordinem
1029 1644 1102 1696 ad
1133 1643 1556 1714 exhomologesin
1579 1643 1787 1696 veniant
1811 1681 1825 1706 ,
1849 1651 1896 1692 et
1920 1652 2014 1705 per

438 1749 629 1786 manus
659 1734 1047 1803 impositione’m
1075 1735 1306 1804 episcopi
1358 1743 1407 1787 et
1438 1732 1564 1787 cleri
1603 1733 1696 1802 jus
1725 1729 2012 1784 communi-

437 1825 662 1878 cationis
702 1829 998 1896 accipiant,
1030 1841 1168 1880 nunc
1196 1826 1362 1879 crudo
1393 1836 1621 1894 tempore
1654 1821 2013 1892 persecutione

436 1917 608 1971 adhuc
632 1927 1014 1988 perseverante,
1040 1917 1280 1972 nondum-
1304 1917 1550 1971 restituta
1573 1913 1825 1970 Ecclesiae
1848 1913 2015 1983 ipsius

437 2025 565 2075 pace
611 2011 681 2062 ad
724 2011 1250 2064 communicationem
1290 2009 1646 2063 admittuntur
1667 2049 1683 2074 ,
1715 2017 1768 2061 et
1795 2007 2017 2076 offertur

439 2117 623 2156 nomen
655 2117 836 2155 eorum
857 2144 881 2168 ,.
905 2113 953 2157 et
985 2104 1214 2156 nondum
1247 2101 1554 2170 patnitentia
1589 2109 1745 2164 acta,
1781 2099 2012 2152 nondum

436 2192 827 2263 exirentologesi
863 2193 1050 2264 facta,
1091 2193 1322 2247 nondum
1362 2207 1528 2245 manu
1552 2192 1636 2246 eis
1677 2191 1746 2245 ait
1774 2192 2015 2260 episcopo

437 2297 494 2338 et.
509 2284 646 2338 clero
678 2285 950 2355 imposita,
974 2284 1296 2339 eueharistia
1319 2282 1431 2337 illis
1445 2283 1626 2337 datur.
1659 2281 1750 2338 Sic
1766 2283 1924 2351 epist.
1949 2281 2015 2338 IO

439 2384 561 2446 ναῖοι
580 2387 759 2430 actam
797 2377 1172 2446 penitentiam
1204 2375 1425 2445 subjici!
1455 2374 1922 2445 exltomologcsin.
1951 2372 2017 2429 Et

438 2465 606 2536 epist.
627 2466 725 2521 1'2:
761 2465 1037 2521 Ner-mcum
1053 2466 1108 2519 in
1136 2465 1430 2520 minoribus
1448 2464 1674 2531 delictis,
1697 2480 1816 2536 qua:
1844 2465 2015 2519 nonin

441 2558 723 2612 Dominum
777 2558 1223 2622 committuntur,
1272 2557 1580 2627 panitentia
1621 2567 1816 2627 agatur
1864 2559 2016 2626 justo

441 2663 712 2721 tempore,
755 2661 804 2705 et
835 2651 1248 2721 caltamologssis
1300 2649 1398 2720 ﬁat
1439 2651 1676 2720 inspecta
1726 2649 1832 2703 vita
1876 2649 2012 2718 ejus,

438 2741 534 2810 qui
561 2742 668 2810 agit
707 2741 1108 2810 pmnitentiam,
1150 2757 1242 2794 nec
1276 2740 1345 2794 ad
1369 2739 1892 2794 communicationem
1926 2753 2014 2792 ee-

441 2834 555 2888 nire
575 2834 694 2903 quis
733 2833 919 2902 possit,
961 2834 1066 2887 nisi
1102 2834 1250 2902 prius
1289 2832 1370 2886 illi
1421 2833 1485 2885 ab
1510 2831 1748 2901 episcopo
1799 2841 1847 2884 et
1875 2829 2014 2884 clero

443 2947 630 2985 mamts
664 2931 824 3000 fuerit
864 2930 1134 2998 imposita.
1168 2926 1310 2984 Idem
1360 2927 1416 2981 in
1449 2933 1590 2982 orat.
1623 2924 1700 2979 De
1735 2924 1931 2994 lapsis,
1962 2932 2018 2978 et

442 3024 574 3077 alibi
592 3022 798 3094 smpius'
816 3021 1007 3076 eodem
1027 3020 1218 3075 ordine
1247 3026 1660 3074 commemorat.
1686 3015 1828 3083 Quin
1850 3015 2012 3069 etiam

2113 633 2312 687 sionem
2345 634 2614 705 signiﬁcat
2635 675 2649 698 ,
2685 641 2746 687 ut
2779 634 2832 686 in
2858 631 3211 702 Expositione
3242 628 3366 683 ﬁdei
3407 625 3690 683 catholicae

2115 721 2176 775 in
2199 722 2306 777 line
2331 722 2512 793 operis
2537 721 2700 792 hujus
2723 721 3046 776 videbimus.
3082 717 3475 774 Ptenitcntium
3506 716 3690 786 itaque

2115 816 2382 873 discessio
2407 817 2588 882 ﬁebat,
2619 817 2878 871 duntaxat
2913 829 3126 878 eorum,
3165 813 3258 884 qui
3285 813 3338 867 in
3374 811 3550 866 tribus
3579 809 3688 881 pri-

2114 911 2222 966 mis
2252 907 2511 980 gradibus
2536 917 2911 969 censerentur,
2952 905 3031 960 uti
3064 914 3274 960 veteres
3313 920 3557 958 canones
3593 919 3691 957 nos

2114 999 2334 1064 docent,
2353 994 2649 1068 prmsertini
2669 995 2911 1067 Gregorii
2931 993 3322 1064 Thaumaturgi
3347 991 3692 1057 undecimus,

2118 1090 2283 1162 idque
2311 1091 2561 1161 pluribus
2588 1087 2832 1144 Zonaras
2865 1097 2920 1142 et
2965 1085 3218 1141 Balsama
3248 1086 3571 1156 interpretes
3599 1083 3696 1137 ob-

2116 1193 2352 1240 servant.
2378 1181 2512 1238 Nam
2539 1182 2632 1254 qui
2661 1184 2716 1236 in
2736 1189 2932 1252 quarto
2961 1181 3153 1252 gradu,
3178 1179 3283 1234 hoc
3295 1190 3380 1235 est
3402 1179 3469 1250 τῇ
3497 1178 3696 1232 συστά-

2117 1289 2202 1325 σει
2249 1274 2717 1338 numerabantur,
2759 1287 2886 1328 eum
2945 1269 3193 1326 ﬁdelibus
3235 1270 3693 1340 perseverabant:

2117 1365 2154 1437 ἢ
2188 1365 2449 1431 σύστασις
2474 1365 2570 1438 (ait
2613 1359 3077 1436 Tltaumatnrgus)
3109 1363 3195 1418 ἵνα
3227 1362 3542 1416 συνίσταται
3583 1362 3698 1426 τοῖς

2119 1458 2352 1522 πιστοῖς,
2376 1458 2470 1511 καὶ
2506 1457 2580 1530 μὴ
2614 1456 2901 1529 ὲξὲρχηται
2928 1455 3065 1528 μετὰ
3098 1455 3206 1509 τῶν
3233 1453 3692 1526 καπηλουμένων.

2119 1545 2447 1604 liincmarus
2485 1549 2540 1602 in
2591 1545 2830 1618 Epistola
2871 1548 2939 1601 ad
2984 1545 3333 1600 llincmarum
3382 1545 3700 1600 Laudunen-

2118 1655 2224 1692 sem
2265 1640 2584 1708 episwpum,
2624 1654 2790 1710 quam
2823 1635 3086 1694 Justellus
3123 1638 3255 1691 citat
3290 1654 3302 1689 :
3349 1634 3584 1701 Quidam
3609 1633 3700 1704 ju-

2121 1731 2311 1784 bentur
2337 1745 2498 1800 usque
2527 1716 2595 1783 ad
2633 1730 2852 1783 missam
2886 1728 3378 1782 catechumenorum
3409 1743 3618 1779 manere
3642 1726 3700 1778 in

2119 1823 2362 1888 ecclesia,
2405 1822 2621 1891 quidam
2693 1835 2869 1875 autem
2907 1820 3023 1874 sola
3070 1820 3213 1873 intra
3254 1817 3526 1873 ecclesiam
3561 1819 3699 1887 ﬁde—

2048 1899 2089 1956 Β
2120 1915 2248 1968 lium
2281 1914 2520 1967 oratione
2541 1913 2697 1982 jungi
2725 1924 2891 1966 sacra:
2925 1911 3291 1980 mysteriorum
3321 1907 3634 1967 celebritati,
3668 1927 3702 1962 a

442 3115 667 3170 Tertulla.
720 3115 815 3168 lib.
862 3113 940 3168 De
987 3128 1121 3182 prun.
1156 3109 1492 3166 enumeratis
1537 3108 1793 3163 omnibus
1842 3105 2016 3176 pmni-
2063 3137 2070 3146 -

444 3209 670 3262 teut-ium
707 3205 1070 3261 incommodis
1104 3219 1168 3260 ac
1195 3201 1578 3258 vexationibus
1599 3239 1614 3262 ,
1661 3199 1777 3254 haec
1806 3198 1969 3252 infert
1997 3215 2012 3252 :

445 3298 701 3352 Miserum
748 3306 822 3352 est
866 3296 942 3350 sic
989 3295 1058 3349 ad
1107 3293 1529 3363 ets/tomologesin
1560 3291 1840 3359 pervenire.
1870 3289 2018 3344 Malo

441 3391 581 3443 cnim
625 3390 695 3442 ad
727 3389 994 3443 miseriam
1043 3387 1376 3456 pervenitur;
1413 3385 1504 3439 sed
1534 3383 1623 3438 ubi
1665 3383 2019 3452 paenitendum

441 3489 540 3543 est,
570 3479 767 3532 desinit
791 3478 1080 3542 miserum,
1119 3477 1243 3544 quia
1276 3477 1479 3546 factum
1530 3484 1608 3530 est
1637 3475 1891 3530 salutare.
1941 3473 2020 3528 Ex

445 3571 646 3640 quibus
689 3568 1036 3638 perspicuum
1087 3568 1332 3622 redditur
1357 3607 1372 3632 ,
1409 3576 1534 3622 ante
1568 3565 2018 3635 cxhomologesin

448 3661 644 3716 multas
698 3659 1075 3732 pmoitcntium
1134 3660 1381 3714 actiones
1437 3660 1573 3714 alias
1636 3658 2016 3724 antecessisse,

448 3754 592 3807 illam
632 3760 814 3806 autem
862 3749 1232 3814 ὑποπτώσεως
1282 3752 1610 3820 peculiarem
1668 3765 1832 3817 esse,
1889 3750 2018 3820 quia

444 3845 708 3909 σύστασις
739 3860 848 3900 non
884 3843 996 3914 jam
1049 3844 1262 3896 miseria
1293 3843 1398 3898 dici
1436 3850 1646 3912 potest,
1679 3857 1803 3898 cum
1841 3852 2018 3898 status

448 3937 537 3993 llic
574 3935 909 4007 pmnitcntia!
937 3933 1420 3990 commodissimus
1454 3932 1697 3988 omnium
1721 3933 2016 3988 exstiterit.

446 4029 514 4084 At
569 4029 884 4091 ὑπόπτωσις
941 4025 1142 4080 multas
1194 4024 1693 4094 accrbissimasqne
1742 4023 2021 4078 molestias

445 4121 666 4185 lzabuit,
716 4129 771 4174 et
800 4117 1008 4189 majore
1053 4133 1178 4173 cum
1211 4115 1538 4171 verecundia
1563 4115 1854 4185 conjuncta
1895 4115 2018 4182 fuit,

445 4228 569 4266 eum
608 4213 662 4266 iu
711 4209 888 4266 media
919 4210 1100 4281 populi
1150 4207 1414 4265 concione
1449 4209 1650 4265 sistens
1679 4223 1802 4264 sese
1837 4223 2022 4278 pecca-

447 4315 616 4359 torcm
651 4303 996 4373 proﬁteretur
1018 4341 1034 4367 ,
1089 4316 1152 4356 ac
1188 4300 1518 4371 .gencralem
1574 4299 2018 4368 exhomologesin

445 4395 756 4465 concipiens
779 4394 1035 4466 lacrymis
1065 4402 1227 4463 atque
1253 4391 1548 4460 eiulatibus
1578 4391 1806 4444 instaret
1834 4391 2022 4445 arden-

445 4485 572 4539 tius.
607 4487 896 4554 PrOpterca
928 4485 1220 4545 concilium
1258 4485 1635 4554 Ancyranum,
1665 4491 1725 4537 ut
1751 4497 1913 4551 supra
1941 4481 2022 4535 vi-

445 4573 623 4627 dimus
645 4613 662 4636 ,
707 4589 830 4628 can.
865 4573 931 4627 l9
959 4573 1248 4627 voluntarii
1291 4573 1568 4643 parricidii
1604 4588 1726 4628 reos
1755 4581 1868 4627 toto
1897 4573 2018 4628 vitae
2052 4587 2097 4644 ῃ

448 4671 691 4731 tempore
725 4662 1053 4716 ὑποπίπτειν
1078 4662 1253 4730 jubet.
1655 4653 1693 4699 Γ

517 4757 697 4825 Atque
726 4753 973 4809 eamdem
1001 4768 1122 4808 esse
1150 4769 1372 4807 causam
1419 4753 1670 4823 suspicor
1697 4791 1711 4813 ,
1753 4766 1852 4804 cur
1899 4765 2015 4818 pte-

448 4847 734 4906 nitcntium
789 4846 1010 4901 nomine
1048 4859 1189 4915 sape
1236 4845 1311 4898 illi
1354 4845 1453 4900 soli
1497 4843 2023 4914 comprehendantur

448 4939 754 4997 aconciliis
799 4945 853 4992 et
881 4935 1158 5000 Patribus,
1192 4934 1284 5004 qui
1321 4934 1372 4987 in
1407 4935 1580 4989 tribus
1612 4933 1802 5002 primis
1841 4931 2021 5004 gradi-

446 5032 551 5089 bus
587 5032 872 5086 haerereut.
904 5025 1039 5082 Nam
1086 5025 1139 5080 in
1186 5024 1422 5094 liturgiis
1464 5039 1528 5078 ac
1573 5024 1857 5078 sacriﬁciis
1902 5033 2024 5094 post

445 5122 856 5194 Scripturarum
897 5119 1185 5174 lectionem
1221 5126 1276 5172 et
1308 5116 1475 5171 divini
1516 5116 1663 5170 verbi
1682 5116 2025 5186 praedicatio-

446 5231 593 5284 nem,
636 5215 951 5286 priusquam
986 5211 1055 5267 ad
1086 5225 1284 5267 arcana
1311 5209 1739 5280 augustioraque
1765 5210 2022 5281 mysteria

441 5306 912 5379 progrederemur,
926 5303 1767 5372 cateebumenos,energumenos
1779 5316 1901 5356 cum
1917 5317 2027 5373 pm-

445 5397 742 5454 nitentibns
779 5399 1049 5452 lacessere
1079 5395 1342 5450 diaconus
1375 5394 1693 5464 imperabat.
1733 5391 2023 5465 Dionysius

447 5487 541 5542 lib.
573 5486 647 5540 De
665 5486 848 5540 scolas.
873 5486 1069 5538 hierar.
1089 5499 1210 5554 cap.
1230 5485 1264 5538 5
1283 5504 1295 5539 :
1321 5484 1432 5538 Καὶ
1449 5485 1584 5554 μετὰ
1598 5484 1800 5547 ταύτας
1818 5485 2026 5554 (lectio-

447 5593 546 5632 nes
575 5575 778 5645 sacras)
811 5575 913 5642 ἔξω
947 5576 1182 5644 γίνονται
1199 5575 1296 5646 τῆς
1326 5576 1474 5646 ἱερᾶς
1524 5576 1785 5647 περιοχῆς
1808 5577 1855 5629 oi
1895 5594 2027 5630 κατ-

448 5666 761 5735 ηχούμενοι,
785 5665 877 5717 καὶ
906 5663 1040 5737 πρὸς
1060 5667 1244 5728 αὐτοῖς
1267 5667 1316 5718 ot
1348 5667 1748 5736 ὲνεργούμενοι,
1776 5667 1871 5720 καὶ
1884 5667 1934 5719 oi
1969 5668 2026 5720 ὲν

453 5752 712 5821 μετανοίᾳ
770 5753 942 5814 ὄντες.
1011 5753 1102 5809 Sic
1165 5755 1220 5808 in
1286 5755 1514 5811 Constit.
1581 5767 1750 5826 apost.
1814 5758 1850 5811 I.
1905 5771 2022 5824 VIII,

453 5857 569 5912 cap.
607 5840 680 5894 9:
718 5839 822 5892 Καὶ
864 5845 892 5896 ὁ
935 5843 1179 5908 διάκονος
1227 5847 1447 5914 λεγέτωο
1497 5849 1844 5919 ’Λπολύεσοε,
1881 5850 1928 5902 οἱ
1970 5853 2026 5904 ἐν

2044 3255 2088 3314 C

2122 2000 2414 2055 Dontinica
2443 2013 2614 2054 niuem
2648 2015 2838 2053 meum
2859 1999 3091 2053 convivio
3119 1997 3402 2068 segregari.
3430 1995 3699 2063 Quocirca

2121 2095 2257 2149 ol’év
2300 2093 2559 2147 συστάσει
2605 2091 2757 2156 ὄντες
2804 2101 2955 2147 extra
3002 2090 3384 2162 paenitentiam
3450 2091 3700 2146 ordinem

2121 2202 2186 2241 ex
2219 2185 2309 2241 illa
2372 2199 2646 2241 canonum
2692 2198 2756 2240 ac
2805 2181 3024 2238 Patrum
3069 2182 3324 2253 loquendi
3363 2181 3574 2238 ratione
3606 2198 3699 2238 se—

2122 2275 2255 2330 creti
2279 2283 2428 2331 sunt.

2123 2404 2368 2472 Quonam
2395 2403 2452 2458 in
2493 2404 2812 2474 paenitentiae
2845 2403 3015 2473 gradu
3051 2402 3455 2459 sacramentalis
3485 2401 3695 2457 absolu-

2633 2475 2706 2528 tio
2735 2489 2980 2527 concessa
3010 2474 3188 2543 fuerit.

2194 2565 2274 2622 Ex
2303 2581 2414 2637 quo
2449 2565 2538 2620 illa
2564 2581 2696 2622 sane
2723 2581 2831 2620 non
2861 2565 2994 2620 levis
3018 2564 3488 2634 exsistit-qtnestio
3521 2579 3535 2616 :
3562 2576 3704 2632 quo.

2125 2674 2248 2713 nam
2286 2668 2546 2728 tempore,
2585 2671 2762 2727 quove
2802 2656 2856 2711 in
2899 2656 3067 2726 gradu
3109 2667 3437 2727 postremam
3475 2655 3626 2709 illam
3669 2669 3699 2707 a

2125 2749 2360 2820 peccatis
2388 2747 2789 2803 absolutionem
2823 2747 3149 2816 pmnitentes
3175 2747 3502 2801 obtinerent.
3540 2745 3699 2811 Quod

2124 2839 2266 2893 enim
2322 2838 2552 2893 subinde
2607 2848 2732 2907 post
2765 2837 2965 2891 editam
2995 2845 3342 2906 peccatorum
3393 2834 3699 2890 confessio-

2126 2945 2250 2986 nem
2307 2928 2515 2984 absolvi
2575 2943 2681 2982 non
2733 2928 2990 2995 solerent,
3024 2927 3188 2998 idque
3233 2927 3447 2981 nonnisi
3483 2927 3700 2996 expleto

2125 3020 2453 3090 paenitentiae
2479 3028 2720 3090 tempore
2749 3029 3234 3088 consequerentur,
3265 3018 3511 3088 pluribus
3539 3027 3701 3072 antea

2123 3109 2556 3163 demonstratum
2602 3115 2705 3164 est.
2752 3106 2908 3162 Nunc
2952 3108 3082 3162 illud
3148 3109 3342 3162 merito
3393 3107 3699 3169 dubitatur,

2127 3205 2438 3251 utrumnam
2478 3204 2674 3266 quarto
2709 3195 2931 3266 insuper
2978 3195 3170 3267 gradu,
3223 3195 3328 3252 hoc
3373 3206 3455 3250 est
3503 3195 3702 3248 συστά-

2125 3307 2228 3356 σει,
2269 3289 2422 3359 prius
2465 3287 2868 3359 defungendum
2922 3288 3029 3344 illis
3072 3289 3269 3354 fuerit,
3303 3277 3470 3359 quam
3511 3305 3701 3345 sacra-

2126 3377 2443 3440 mentalem,
2501 3386 2560 3431 ut
2614 3387 2831 3443 vocant,
2874 3375 3269 3432 absolutionem
3321 3377 3698 3447 impetrarent,

2124 3480 2192 3521 an
2220 3473 2343 3534 post
2371 3465 2687 3520 ὑπόπτωσιν
2717 3463 3132 3520 absolverentur
3159 3479 3189 3519 a
3215 3466 3450 3534 peccatis
3483 3465 3558 3519 illi
3586 3468 3703 3534 qui-

2121 3552 2267 3618 dem,
2300 3552 2392 3607 sed
2435 3552 2673 3607 nondum
2707 3561 2887 3605 tamen
2937 3551 3004 3605 ad
3055 3550 3322 3607 Dominici
3359 3553 3702 3608 communio-

2127 3655 2251 3694 nem
2287 3640 2531 3708 corporis
2565 3639 3002 3695 admitterentur.
3034 3641 3116 3695 Ae‘
3133 3641 3302 3696 videri
3337 3658 3474 3696 sane
3501 3651 3697 3712 potest,

2125 3740 2246 3802 post
2287 3731 2624 3796 ὑπόπτωσιν,
2671 3741 3015 3801 peccatorum
3057 3731 3163 3789 illis
3202 3734 3439 3796 veniam,
3485 3733 3587 3788 hoc
3618 3743 3700 3787 est

2126 3821 2572 3877 sacramentalem
2645 3823 2792 3878 illam
2853 3825 3248 3880 relaxationem
3300 3839 3421 3879 esse
3475 3839 3701 3880 conces-

2124 3930 2261 3969 sam.
2316 3914 2448 3970 Nam
2497 3930 2622 3972 cum
2677 3916 2835 3972 tertio
2886 3932 2952 3973 ex
3001 3918 3094 3972 illo
3145 3918 3315 3987 gradu
3370 3918 3435 3972 ad
3499 3918 3697 3971 σύστα-

2126 4024 2211 4060 σιν
2249 4017 2603 4073 emerscrant,
2635 4009 2964 4078 pteuitentes
2999 4024 3122 4064 esse
3171 4011 3577 4080 qnmlammodo
3613 4012 3702 4063 dc-

2126 4099 2399 4163 sincbant,
2431 4109 2491 4154 ut
2524 4101 2688 4170 paulo
2717 4113 2844 4155 ante
2879 4100 3281 4157 declaravimus
3307 4120 3320 4156 ε
3359 4103 3503 4172 quod
3535 4119 3698 4169 argu-

2126 4201 2312 4246 mento
2339 4206 2460 4247 esse
2511 4202 2711 4263 potest,
2754 4193 2995 4250 relaxata
3021 4193 3132 4264 jam
3169 4193 3275 4249 illis
3303 4208 3367 4249 ac
3395 4193 3699 4249 condonata

2125 4298 2248 4339 esse
2279 4284 2534 4350 crimina,
2563 4293 2785 4355 propter
2809 4301 2932 4356 quae
2971 4285 3026 4340 in
3059 4284 3206 4340 illam
3242 4285 3505 4340 obeunda:
3529 4283 3703 4354 poeni-

2127 4373 2311 4427 tentiae
2342 4375 2719 4428 necessitatem
2766 4375 3128 4431 incurrerunt.
3161 4375 3312 4431 Adde
3348 4377 3533 4430 omnia
3570 4375 3696 4436 illis,

2129 4475 2242 4515 uno
2265 4471 2492 4531 excepto
2522 4459 2738 4517 Domini
2769 4477 3020 4534 corpore,
3056 4478 3180 4519 cum
3202 4463 3418 4520 caneris
3452 4461 3698 4517 ﬁdelibus

2128 4552 2301 4608 fuisse
2347 4555 2714 4610 communia:
2764 4555 2945 4610 locum
3001 4557 3055 4611 in
3116 4555 3306 4620 primis
3359 4571 3424 4611 ac
3485 4567 3699 4623 tempus

2127 4645 2429 4712 orationis;
2477 4661 2654 4716 neque
2680 4648 2823 4702 enim
2847 4640 2974 4703 cum
3023 4646 3413 4718 paenitentibus
3458 4647 3699 4710 exibant,

2126 4752 2228 4792 nec
2265 4737 2414 4800 alibi,
2462 4754 2624 4807 quam
2677 4739 2770 4795 ubi
2826 4740 3012 4795 ﬁdeles
3057 4741 3272 4807 caueri,
3320 4741 3697 4795 versabantur.

2127 4824 2266 4880 Tum
2327 4829 2594 4882 sacriﬁcia
2649 4829 2764 4898 ipsa
2815 4837 2871 4884 et
2928 4829 3172 4900 iiturgias
3206 4871 3222 4896 ,
3273 4844 3505 4900 quorum
3566 4828 3699 4880 citra

2127 4917 2595 4983 communionem,
2631 4929 2785 4975 erant
2825 4921 3140 4991 participes.
3187 4919 3391 4974 Deinde
3431 4933 3562 4973 vero
3607 4934 3702 4971 ne-

2128 5011 2260 5065 mini
2298 5011 2522 5066 dubium
2562 5013 2691 5068 illud
2725 5023 2831 5079 est,
2858 5029 2952 5082 per
2984 5011 3383 5082 impositionem
3415 5025 3700 5071 manuum,

2125 5113 2320 5158 extera
2373 5114 2436 5158 ut
2479 5105 2760 5168 omittam,
2806 5115 3153 5174 peccatorum
3202 5103 3308 5160 illis
3365 5103 3701 5172 temporibus

2127 5198 2386 5253 tributam
2423 5211 2546 5254 esse
2593 5197 2830 5250 veniam.
2881 5195 3085 5250 Docent
3130 5195 3232 5251 hoc
3278 5196 3565 5249 innumera
3599 5194 3704 5266 Cy-

2128 5290 2306 5362 priani
2338 5289 2670 5355 testimonia,
2717 5303 2950 5358 quorum
2997 5290 3259 5342 hactenus
3291 5287 3550 5357 pleraque
3578 5303 3702 5357 pro-

2128 5385 2408 5448 duximus,
2452 5383 2506 5437 in
2537 5383 2738 5452 quibus
2781 5396 2875 5451 per
2913 5396 3110 5435 manus
3153 5379 3558 5449 impositionetn
3599 5394 3702 5447 pax

2127 5485 2183 5530 et
2218 5474 2594 5530 reconciliatio
2629 5473 3162 5541 communicatioquc
3192 5471 3529 5525 conceditur.
3565 5468 3703 5522 Tum

2128 5569 2182 5623 in
2211 5567 2469 5636 Carthag.
2503 5581 2659 5621 conc.
2690 5581 2764 5632 Iv,
2789 5579 2911 5619 can.
2945 5564 3012 5617 '76
3036 5566 3100 5618 de
3123 5579 3187 5620 co
3209 5566 3302 5634 qui
3332 5563 3705 5634 pomitcntiam

2131 5661 2184 5715 in
2243 5661 2561 5716 inﬁrmitate
2612 5659 2851 5731 postulat
2896 5678 2910 5715 :
2969 5658 3036 5713 Et
3088 5659 3134 5712 si
3184 5658 3454 5721 continuo,
3509 5655 3706 5724 inquit,

2131 5754 2366 5810 creditur
2394 5753 2707 5817 moriturus,
2742 5751 3109 5805 reconcilietur
3141 5765 3235 5818 per
3263 5761 3452 5800 manus
3489 5745 3707 5815 imposi-

2135 5854 2367 5908 tioncm.
2414 5854 2462 5899 et
2498 5844 2817 5913 infundatur
2852 5844 2933 5897 eri
2991 5842 3101 5912 eius
3156 5822 3511 5893 Encharistia.
3578 5837 3706 5892 Item

3049 6081 3073 6097 δ
