3994 6222
1626 283 1651 302 ς

335 365 475 422 1M5

335 576 686 628 Iz'ucluuistia:
737 574 1054 642 acceperint,
1109 589 1212 625 non
1267 589 1322 625 se
1377 572 1592 624 credant
1638 570 1908 624 absolutos

330 667 446 718 sine
471 663 1033 730 manus.iinpositione,
1076 664 1121 715 si
1154 664 1555 728 supervixerint.
1589 659 1646 713 ln
1678 660 1905 714 Coustit.

329 765 504 826 apost.
536 755 572 810 ι.
610 771 678 818 ll,
708 772 830 826 cap.
858 756 950 819 il,
990 756 1024 826 ἡ
1044 753 1355 825 χειροθεσία
1381 753 1765 824 pwnitentibus
1792 752 1912 805 ἀντὶ

331 849 424 903 τοῦ
463 851 766 922 λούσματος
812 865 934 904 esse
971 848 1191 902 dicitur.
1237 848 1309 901 At
1349 861 1478 900 vero
1510 860 1704 901 manus
1735 844 1913 914 impo-

331 944 457 998 sitio
484 943 702 1013 propria
743 942 843 1013 τῆς
883 940 1254 1003 ὑπσπτὼσεως
1309 937 1480 994 luisse
1527 937 1759 991 videtur.
1790 936 1912 1003 Quo

328 1037 384 1091 in
421 1039 592 1104 gradu
624 1037 951 1106 ptenitentes
989 1037 1092 1090 sub
1119 1033 1361 1105 episcopi
1383 1047 1580 1086 manus
1604 1030 1867 1086 subibant
1895 1048 1910 1086 :

330 1128 476 1183 unde
505 1128 606 1199 τῆς
633 1127 1002 1191 ὐποπτὼσεως
1033 1126 1358 1181 vocabulum
1397 1122 1713 1179 deductum.
1737 1122 1915 1191 Atque

330 1222 436 1277 hoc
470 1232 596 1277 ante
656 1232 986 1291 postremam
1036 1219 1436 1274 absolutionem
1486 1231 1552 1272 ac
1596 1215 1915 1272 reeoncilia-

330 1312 536 1366 tionem
569 1311 766 1381 stt-pius
791 1310 1134 1366 iactitabant.
1183 1308 1244 1362 ln
1278 1307 1504 1362 Laodic.
1554 1306 1788 1370 can.l9,
1824 1305 1912 1360 ubi

328 1403 674 1473 liturgiarum
700 1401 1150 1456 celebrandarum
1177 1399 1352 1454 forma
1375 1397 1770 1468 praescribitur,
1788 1396 1917 1468 περὶ

327 1495 423 1548 τοῦ
471 1494 582 1548 δεῖν
626 1494 734 1564 ἰδίᾳ
793 1493 1012 1566 πρῶτον
1063 1494 1200 1565 μετὰ
1243 1491 1343 1555 τὰς
1391 1489 1610 1562 ὁμιλίας
1650 1487 1759 1542 τῶν
1798 1490 1917 1542 tm-

327 1589 570 1649 σκόπων,
600 1587 824 1640 καὶτῶν
859 1586 1282 1658 κατηχουμὲνων
1311 1587 1482 1658 εὐχὴν
1519 1582 1914 1647 ἐπιτελεῖσθαι,

327 1680 424 1734 καὶ
460 1678 599 1749 μετὰ
636 1680 699 1732 τὸ
732 1679 972 1744 ἐξελθεῖν
1019 1679 1146 1742 τοὺς
1191 1676 1659 1749 κατηχουμένους,
1699 1674 1810 1730 τῶν
1860 1675 1918 1728 ἐν

329 1771 596 1842 pssumis.
626 1770 726 1842 τὴν
749 1771 913 1842 εὐχὴν
942 1769 1210 1839 γίνεσθαι,
1244 1770 1339 1822 καὶ
1367 1768 1574 1822 τούτων
1593 1766 1920 1841 προσελθόν-

327 1881 440 1915 των
475 1862 580 1915 ὑπὸ
610 1867 789 1933 χεῖρα,
823 1865 916 1915 καὶ
951 1861 1453 1934 ὑποχωρησάντων,
1491 1859 1667 1924 οὕτως
1698 1857 1804 1922 τὰς
1824 1858 1916 1912 εὑ·
1947 1847 1988 1902 Β

327 1953 428 2023 lu;
478 1953 586 2007 τῶν
637 1953 844 2008 πιστῶν
883 1952 1132 2023 γίνεσθαι
1174 1954 1343 2024 τρεῖς.
1390 1951 1701 2022 Agatbense
1750 1964 1908 2007 eone.

325 2060 452 2101 coit.
488 2045 554 2101 15
583 2064 598 2100 z
632 2046 950 2100 Poeaitentcs
997 2055 1254 2114 tempore,
1296 2061 1400 2114 quo
1439 2043 1804 2112 paenitentiam
1833 2057 1914 2110 pe-

329 2147 466 2202 tsut,
508 2138 895 2207 impositionem
926 2153 1180 2190 ntauuum
1220 2146 1270 2191 et
1310 2135 1547 2189 cilicium
1573 2149 1730 2202 super
1754 2144 1912 2201 caput

325 2249 361 2286 α
402 2232 701 2292 sacerdote,
753 2232 891 2284 sicut
939 2230 1130 2298 ubique
1173 2229 1526 2283 constitutum
1563 2235 1678 2287 est,
1729 2241 1911 2280 conse-

324 2332 579 2391 quantur.
610 2320 744 2375 [tem
777 2322 1030 2390 tiarthag.
1080 2335 1154 2382 Iv,
1196 2335 1320 2372 can.
1341 2317 1412 2371 80
1445 2334 1458 2371 :
1493 2316 1652 2372 Omni
1683 2326 1912 2384 usurpare

316 2414 516 2483 jejuuii
548 2431 732 2467 manus
762 2413 1129 2482 paenitentibus
1155 2429 1184 2464 a
1203 2409 1561 2464 sacerdotibus
1585 2410 1904 2477 imponatur.

398 2506 581 2574 Itaque
609 2521 734 2559 cmn
768 2505 838 2558 ab
892 2502 1206 2557 ὑποπτὼσει
1255 2508 1321 2556 ad
1359 2511 1615 2570 quartum
1659 2499 1914 2555 ordinem

325 2612 392 2652 ac
418 2605 750 2665 postremum
787 2596 1104 2667 migrarent,
1155 2593 1436 2663 probabile
1475 2605 1560 2649 est
1602 2609 1697 2662 per
1739 2593 1915 2663 impo-

325 2687 579 2742 sitionem
633 2702 892 2742 manuum
945 2687 1396 2742 sacramentalem
1449 2685 1562 2740 illis
1609 2686 1916 2740 absolutio-

325 2796 449 2835 nem
487 2779 816 2849 impertitam
859 2779 1051 2835 fuisse.
1098 2777 1283 2848 Neque
1321 2767 1678 2849 enim,°quod
1715 2779 1916 2842 sciam,

325 2873 537 2942 antiqui
579 2886 823 2942 canones
874 2883 998 2942 post
1028 2871 1292 2926 σύστασιν
1323 2872 1715 2941 pinnitcntibus
1741 2872 1918 2942 impo-

323 2965 487 3019 sitam
518 2979 642 3019 esse
675 2941 1007 3033 signiﬁcant,
1049 2964 1145 3018 sed
1179 2980 1299 3018 eam
1345 2963 1758 3034 impositionem
1785 2979 1914 3018 eum

334 3055 651 3110 ὑποπτὼσει
679 3056 1039 3126 conjungunt.
1062 3055 1198 3122 Quae
1225 3057 1539 3128 conjectura
1568 3056 1618 3111 si
1642 3056 1729 3110 cui
1757 3055 1919 3111 {ursi-

331 3158 424 3202 tan
479 3147 764 3217 placuerit,
803 3147 869 3201 ad
903 3149 1164 3202 nonnulla
1219 3147 1442 3202 Patrum
1483 3148 1601 3202 loca
1636 3147 1918 3203 transferri

324 3235 841 3306 aeconunodarique
871 3238 1090 3306 poterit,
1131 3239 1182 3291 in
1214 3238 1414 3307 qui-bus
1445 3239 1764 3308 pmoitentia
1796 3239 1923 3295 sine

323 3329 712 3382 communione
734 3329 898 3382 certis
925 3330 1301 3398 peccatoribus
1313 3346 1579 3386 concessa
1611 3331 1826 3400 legitur.
1850 3331 1921 3385 Ut-

323 3433 448 3471 cum
475 3418 822 3474 Innocentius
858 3435 992 3489 papa
1011 3420 1220 3484 scribit,
1253 3421 1384 3476 olim
1420 3421 1506 3485 iis,
1533 3421 1625 3491 qui
1673 3424 1923 3477 reconci-

325 3507 602 3564 liationem
653 3513 758 3565 sub
801 3519 1107 3566 extremum
1141 3521 1358 3581 tempus
1387 3513 1511 3568 vitae
1539 3512 1912 3582 lmstnlabant,

326 3608 521 3670 negata
550 3601 962 3667 communione,
990 3616 1311 3658 concessam
1339 3618 1462 3659 esse
1485 3602 1861 3670 paenitentiam
1891 3621 1905 3657 :

325 3708 454 3746 nam
503 3694 834 3762 pmnitentiie
894 3694 1117 3749 nomine
1162 3697 1576 3752 sacramentalis
1637 3697 1913 3752 absolutio

326 3794 506 3854 potest
530 3785 776 3855 intelligi,
808 3802 972 3855 quam
1015 3789 1153 3842 citra
1202 3786 1470 3854 Dominici
1503 3790 1756 3859 corporis
1787 3806 1912 3858 par-

330 3963 403 3974 ——-—
412 3966 546 3972 ——.—._—
559 3965 860 3972 ——-——.-———-——
871 3967 914 3973 ς-
931 3967 1014 3975 νγ...-

1593 361 1678 414 DF.
1713 359 2285 418 CI-lOREPl—SCOPIS.

329 501 454 539 can.
509 479 982 536 78:1’a’nitentcs.
1037 481 1127 550 qui
1176 482 1228 534 in
1294 479 1607 550 infirmitate
1663 479 1918 533 uiaticum
1949 488 1993 542 Α
2024 478 2395 549 ticipationcm
2473 480 2918 549 impetraverint;

3462 365 3600 420 Ioui

2993 479 3300 551 Cyprianus
3379 478 3605 549 insuper

2011 570 2171 640 epist.
2192 571 2252 625 ll
2278 589 2291 624 :
2309 572 2448 627 Ante
2461 581 2656 635 actam,
2674 572 2882 642 inquit,
2911 572 3289 640 penitentiam,
3309 581 3430 625 ants
3447 572 3607 625 exlio-

2012 666 2300 737 mologcsitt
2340 668 2639 738 gravissimi
2677 677 2832 738 atque
2895 668 3117 721 extremi
3159 665 3340 720 delicti
3381 667 3598 735 factum,

2012 767 2135 814 ante
2160 775 2372 815 utamini
2403 760 2468 812 ab
2493 760 2736 830 episcopo
2759 769 2809 813 et
2841 759 2981 814 clero
3013 760 3066 813 in
3100 759 3465 828 paenitentiam
3499 760 3604 811 im-

2021 853 2271 922 positam.
2323 851 2397 906 Ibi
2445 852 2765 923 poenitentia
2819 867 2918 921 pro
2959 851 3305 906 absolutione
3349 852 3602 920 usurpari

2017 943 2256 1004 videtur,
2299 951 2358 998 ut
2394 951 2450 996 ct
2480 941 2609 996 alibi
2652 943 2878 1011 passim,
2928 942 3143 1012 quoties
3181 942 3249 996 de
3291 942 3608 996 reconcilia-

2013 1034 2163 1089 tione
2194 1034 2427 1104 loquens
2467 1035 2536 1090 iis
2573 1034 2753 1090 verbis
2795 1035 2966 1089 utitur
3006 1052 3019 1088 :
3063 1049 3224 1087 manu
3258 1034 3314 1087 in
3345 1034 3602 1102 perniten-

2015 1127 2148 1179 tiam
2208 1127 2477 1196 imposita.
2555 1127 2823 1194 Quocirca
2883 1127 2936 1181 in
3001 1127 3107 1181 line
3188 1125 3290 1196 τῆς
3347 1123 3602 1179 ὕποπτὼ-

2017 1236 2154 1283 σεως
2201 1219 2411 1275 forti-an
2444 1235 2638 1276 Iustius
2673 1220 2726 1275 in
2769 1219 3142 1290 paenitentiam
3193 1219 3444 1289 imposita
3479 1219 3599 1282 fuit,

2016 1311 2122 1366 hoc
2157 1321 2246 1367 est
2310 1311 2585 1367 absolutio
2626 1312 3112 1380 reconciliatioque
3155 1312 3281 1366 data
3329 1309 3602 1381 pmnitcn-

2017 1401 2186 1467 tibus,
2213 1401 2294 1456 sic
2327 1411 2389 1457 ut
2420 1402 2687 1472 tantisper
2715 1417 2746 1456 a
2780 1401 3057 1473 mysteriis
3085 1401 3442 1456 abstinerent.

2089 1493 2292 1550 Verum
2333 1511 2402 1549 ne
2444 1495 2570 1550 huic
2622 1495 2953 1566 conjectura:
2995 1495 3226 1549 nimium
3289 1493 3600 1556 conﬁdam,

2018 1601 2190 1642 unum
2219 1586 2347 1641 illud
2380 1587 2539 1649 l'aeit.
2583 1585 2730 1656 quod
2761 1586 3116 1642 vetustissimi
3160 1584 3372 1648 Patres,
3405 1584 3460 1640 in
3493 1585 3605 1654 pri-

2019 1677 2233 1747 misque
2255 1677 2563 1748 Cyprianus
2624 1687 2749 1748 post
2787 1677 3236 1749 exhomologesin
3275 1685 3605 1733 extremam-

2019 1784 2128 1839 que
2155 1784 2422 1824 manuum
2455 1769 2862 1839 impositionem
2897 1770 3082 1825 statim
3114 1770 3179 1824 ad
3214 1767 3599 1840 mysteriorum

2015 1860 2574 1929 communionemjus
2601 1861 2860 1915 habuisse
2884 1860 3216 1931 ptenitentes
3243 1874 3352 1914 non
3371 1859 3605 1913 obscure

2013 1951 2409 2007 demonstrant.
2443 1951 2535 2006 Sic
2559 1952 2612 2006 iu
2643 1952 2802 2022 epist.
2842 1953 2911 2006 10
2935 1951 3006 2005 ad
3025 1953 3276 2008 (Iterum:
3311 1949 3456 2003 Nam
3485 1965 3604 2002 cum

2015 2046 2072 2098 is
2111 2041 2410 2097 minoribus
2453 2045 2684 2111 peccatis
2726 2042 3008 2114 (Cypriani
3051 2039 3220 2098 verba
3252 2043 3403 2096 sunt)
3443 2049 3605 2109 agant

2013 2141 2312 2202 peccatores
2339 2132 2704 2200 penitentiam
2741 2131 2889 2197 iusto
2933 2141 3182 2199 tempore,
3225 2139 3274 2184 et
3321 2128 3606 2184 secundum

2013 2224 2311 2292 disciplina:
2339 2224 2578 2277 ordinem
2603 2225 2672 2276 ad
2713 2222 3141 2293 exliomologcsin
3181 2220 3408 2282 ueniant,
3440 2229 3489 2273 et
3517 2235 3608 2288 per

2016 2333 2204 2371 manus
2243 2316 2634 2385 impositiouem
2673 2315 2905 2384 episcopi
2941 2325 2990 2368 st
3021 2313 3148 2367 clcri
3179 2312 3275 2381 jus
3313 2312 3606 2365 communi-

2015 2409 2244 2462 cationis
2273 2408 2559 2477 accipiant,
2600 2423 2740 2461 nunc
2774 2407 2938 2460 crudo
2963 2415 3214 2472 tempore,
3242 2404 3605 2473 persecutione

2015 2500 2189 2553 adhuc
2260 2509 2658 2570 perseverante,
2728 2499 2966 2553 nondum
3031 2497 3281 2551 restituta
3350 2495 3605 2548 Ecclesia:

2015 2595 2183 2664 ipsius
2216 2611 2368 2664 pace.
2421 2595 2490 2648 ad
2537 2594 3071 2648 communicationem
3127 2592 3511 2656 admittuntur,
3557 2597 3606 2641 et

2015 2689 2237 2757 offertur
2257 2704 2446 2742 nomen
2468 2703 2670 2753 eorum,
2693 2699 2741 2742 et
2771 2686 3002 2742 nondum
3030 2684 3419 2756 exliomologesi
3437 2682 3603 2753 racia.

2017 2779 2253 2834 nondum
2301 2797 2462 2832 manu
2508 2777 2584 2832 eis
2653 2778 2720 2834 ab
2760 2778 3003 2848 episcopo
3052 2785 3104 2832 et
3152 2777 3294 2832 clero
3331 2775 3604 2842 imposita,

2019 2869 2371 2925 Eucharistia
2399 2871 2510 2924 illis
2535 2875 2721 2926 datur.
2759 2869 2905 2925 idem
2935 2869 3130 2939 repetit
3157 2869 3318 2939 epist.
3349 2868 3410 2922 Η
3447 2882 3512 2922 ac
3539 2867 3608 2919 ﬂ

2016 2969 2070 3014 et
2099 2961 2372 3015 sexcentis
2405 2960 2530 3014 aliis
2558 2960 2714 3015 locis.
2747 2958 2826 3014 Es
2855 2959 3058 3030 quibus
3086 2957 3348 3023 elicitur,
3386 2955 3608 3011 nonnisi

2021 3061 2243 3123 peracta
2277 3053 2616 3122 pmtiitentia,
2647 3060 2702 3106 et
2735 3053 2840 3108 sub
2865 3053 3028 3107 linem
3059 3050 3373 3113 συστάσεως
3404 3057 3612 3121 postre-

2022 3161 2168 3199 mam
2196 3144 2344 3198 illam
2379 3159 2640 3198 manuum
2670 3143 3098 3213 impositionem,
3126 3157 3236 3212 qua
3290 3153 3608 3196 sacramen-

2024 3237 2148 3292 talis
2211 3236 2487 3292 absolutio
2564 3235 2990 3300 continebatur,
3061 3232 3396 3304 lneusitentes
3465 3229 3610 3282 obti-

2031 3330 2240 3386 nuisse.
2289 3327 2436 3382 Nihil
2493 3328 2638 3382 inter
2687 3343 2875 3397 parem
2906 3334 2964 3381 et
2997 3323 3503 3380 reconciliationem
3543 3337 3611 3374 ac

2023 3423 2408 3495 mysteriorum
2464 3421 2968 3492 partieipamhn-um
3015 3417 3108 3488 jus
3153 3415 3606 3486 interponendum

2025 3515 2238 3569 videtur
2282 3532 2295 3568 :
2342 3523 2398 3568 et
2439 3527 2732 3584 utrumque
2778 3510 3185 3567 communionis
3244 3507 3611 3577 stuiiellatione

2015 3605 2520 3675 comprehenditur.
2572 3603 2670 3659 Hie
2720 3604 2887 3672 igitur
2937 3602 3156 3673 ἐπέχω,
3205 3601 3385 3671 deque
3435 3617 3497 3654 ea
3551 3615 3613 3654 re

2020 3700 2310 3754 doctorum
2359 3705 2416 3753 et
2445 3697 2789 3768 antiquitatis
2817 3695 3207 3753 ecclesiastica:
3229 3692 3609 3749 consultorum

2025 3790 2315 3846 hotninum
2341 3791 2612 3862 judicium
2642 3798 2921 3860 exspecto.

3265 3966 3396 3974 _—_.
3416 3965 3560 3975 ..ι’-υ-

1386 4115 1534 4204 DE
1611 4112 2606 4208 Cl-IOREPISCOPIS.

1345 4303 1426 4359 Ad
1459 4306 1590 4360 hmr.
1629 4321 1778 4370 thx,
1811 4315 1945 4360 tom.
1971 4304 2036 4372 ll,
2068 4307 2174 4365 col.
2211 4308 2340 4375 20!,
2374 4320 2490 4367 not.
2520 4311 2609 4366 62.

399 4462 574 4540 Ὀσα(
608 4485 717 4556 γὰρ
753 4484 1104 4552 Ἐκκλησίαι
1130 4483 1240 4553 τῆς
1271 4484 1617 4554 καθολικῆς.
1653 4484 1906 4556 Singula-

2010 4489 2116 4544 sint
2149 4490 2450 4544 constitutae
2467 4505 2486 4544 :
2517 4504 2745 4558 quarum
2768 4487 3080 4558 presbyteri,
3104 4489 3231 4558 quia
3250 4488 3336 4543 die
3358 4491 3461 4542 ista
3489 4507 3608 4558 pro-

327 4596 442 4635 rcm
472 4590 600 4634 tunc
625 4578 888 4648 temporis
923 4577 1265 4631 Alexandria:
1303 4593 1510 4632 morem
1549 4577 1695 4633 htmc
1727 4578 1919 4648 fuisse,
1952 4565 2000 4624 Π
2025 4591 2141 4650 pter
2169 4581 2368 4651 plebem
2394 4581 2496 4635 sibi
2526 4581 2864 4634 commissam
2895 4580 3169 4634 nobiscum
3205 4583 3480 4637 convenire
3511 4600 3612 4638 non

329 4672 412 4725 vel
437 4671 628 4725 saltem
657 4671 843 4740 paucis
865 4671 917 4725 in
945 4670 1203 4725 Eeclesiis
1226 4681 1571 4739 usurpatum,
1595 4688 1662 4726 ex
1693 4687 1758 4726 eo
1783 4687 1917 4727 con-

324 4766 509 4834 jicias,
537 4764 682 4833 quod
718 4773 824 4818 tam
855 4779 1110 4834 expresse
1139 4763 1449 4818 istiusmodi
1475 4765 1918 4830 consuetudinis,

332 4853 988 4924 tanquamAlexandrinm
1015 4855 1269 4909 Ecclesiae
1299 4855 1607 4924 peculiaris,
1637 4855 1919 4911 meminit:

334 4945 413 5000 uti
446 4946 699 4998 nimirum
735 4945 916 5014 plures
943 4947 992 4998 in
1020 4946 1209 4999 eadem
1245 4946 1377 4999 urbe
1403 4945 1540 4999 tituli
1573 4947 1774 5010 forent,
1800 4948 1923 5017 qni-

331 5038 436 5092 bus
482 5037 710 5107 singulis
765 5053 898 5092 suus
946 5037 1243 5091 attributus
1292 5047 1436 5090 esset
1479 5038 1782 5108 presbyter,
1831 5039 1928 5109 qui

335 5129 737 5184 ecclesiasticas
764 5127 1068 5184 functiones
1091 5130 1202 5184 illic
1223 5129 1418 5184 obiret.
1450 5129 1553 5183 Sed
1578 5130 1711 5183 alibi
1745 5140 1927 5186 tamen

328 5217 658 5287 jampridem
688 5218 996 5272 institutum
1024 5219 1162 5272 idem
1197 5218 1395 5281 fuerat,
1427 5219 1571 5273 velut
1601 5219 1807 5286 Ruina),
1834 5219 1928 5275 ubi

335 5324 431 5377 per
468 5307 654 5362 titulos
689 5309 964 5364 distributi
1001 5311 1301 5382 presbyteri
1338 5327 1468 5366 suos
1516 5312 1720 5380 quique
1753 5327 1931 5382 popu-v

335 5401 421 5454 los
456 5401 733 5470 regebant.
781 5401 860 5454 Ad
889 5419 985 5456 eos
1007 5403 1244 5472 episcopi
1279 5401 1577 5458 Dominicis
1606 5402 1799 5458 diebus
1828 5403 1934 5458 ler-

340 5500 609 5554 nn-ntum,
663 5491 777 5544 sive
821 5492 1162 5546 benedictum
1207 5509 1401 5563 panem
1438 5495 1490 5548 in
1527 5495 1934 5550 communionis

343 5585 652 5653 symbolum
711 5585 924 5637 mittere
983 5594 1398 5639 consueverant.
1461 5585 1810 5640 [nitocentius
1863 5586 1934 5639 ad

346 5674 650 5729 Decentium
683 5694 800 5745 cap.
827 5675 859 5730 5
897 5695 910 5730 :
949 5676 1020 5730 De
1065 5677 1317 5745 fermento
1348 5694 1486 5743 vero,
1523 5678 1662 5748 quod
1702 5679 1786 5732 dic
1827 5678 1936 5731 Do-

348 5763 541 5815 minico
577 5781 666 5831 per
689 5765 870 5818 titulos
900 5765 1192 5829 mittimus,
1228 5769 1488 5836 superﬂue
1525 5785 1616 5822 nos
1657 5769 1929 5823 consulere

350 5853 582 5921 rolaisti,
629 5873 745 5911 cum
780 5875 954 5912 omnes
979 5859 1212 5914 ecclesia:
1250 5871 1445 5915 nostra:
1481 5863 1622 5916 intra
1659 5863 1929 5917 cit'itatem

2021 4683 2261 4742 possunt,
2293 4674 2410 4726 ideo
2445 4673 2761 4742 fermentum
2783 4690 2816 4726 α
2852 4674 3002 4727 nobis
3046 4673 3342 4742 confectum
3369 4691 3462 4743 per
3487 4693 3612 4732 aso-

2023 4767 2196 4838 lythos
2218 4768 2509 4834 accipiunt,
2529 4777 2584 4818 ut
2613 4782 2669 4821 se
2693 4783 2726 4818 a
2755 4775 2938 4821 nostra
2967 4769 3356 4822 communione.
3383 4770 3614 4821 nias-.ime

2025 4862 2121 4916 illa
2147 4862 2234 4915 die
2282 4877 2384 4914 non
2410 4859 2654 4930 judicent
2698 4869 2992 4929 separatos.
3051 4858 3205 4925 Quod
3239 4875 3269 4914 a
3320 4857 3616 4913 Melchiado

2027 4954 2388 5008 constitutum
2427 4951 2598 5006 fuisse
2625 4952 2760 5006 liber
2792 4949 3125 5006 Pontiﬁcalis
3159 4950 3376 5005 Damasi
3427 4950 3612 5007 tradit.

2030 5043 2253 5100 Laodic.
2304 5061 2459 5099 conc.
2517 5060 2639 5099 can.
2691 5043 2790 5109 l4,
2833 5043 3175 5112 culogiarum
3225 5041 3454 5095 istarum
3503 5057 3616 5095 me-

2031 5137 2221 5191 tninil:
2291 5137 2430 5208 Περὶ
2473 5136 2568 5190 τοῦ
2618 5136 2693 5207 μὴ
2731 5135 2802 5188 τὰ
2841 5135 2974 5203 am
3011 5135 3091 5196 εἰς
3146 5131 3306 5200 λόγον
3354 5132 3616 5201 εὐλογιὼν

2033 5226 2171 5280 κατὰ
2210 5228 2308 5298 τὴν
2349 5227 2542 5298 ἑορτὴν
2585 5226 2680 5280 τοῦ
2722 5226 2913 5295 Πάσχα
2953 5227 3032 5286 εἰς
3085 5222 3277 5293 ἑτέρας
3325 5224 3617 5294 παροικίας

2035 5311 2465 5380 διαπέμπεσθαι.
2502 5310 2605 5366 Sed
2635 5311 2702 5366 de
2729 5310 2832 5365 hoc
2864 5310 2970 5364 ritu
3006 5309 3253 5378 pluribus
3281 5309 3334 5363 in
3368 5307 3618 5364 Ecclesia:

2038 5420 2162 5458 ann.
2196 5399 2465 5458 Baronius
2497 5419 2546 5458 a.
2587 5403 2709 5456 513.
2765 5400 2883 5456 Non
2921 5401 3110 5455 dubito
3146 5401 3446 5472 majoribus
3472 5401 3619 5457 dun-

2037 5507 2185 5552 taxat
2210 5497 2262 5550 in
2287 5496 2513 5550 urbibus
2541 5496 2723 5565 plures
2749 5495 2887 5549 intra
2914 5494 3175 5564 pomoeria
3211 5495 3398 5550 titulos
3425 5496 3614 5560 fuisse,

2036 5603 2160 5642 cum
2192 5571 2331 5640 intra
2360 5585 2546 5640 eadem
2579 5595 2728 5654 septa
2765 5584 3031 5639 contineri
3087 5599 3302 5652 unaque.
3328 5587 3614 5640 convenire

2039 5695 2146 5732 non
2175 5688 2430 5748 possent:
2473 5677 2718 5744 adeoque
2747 5677 3089 5746 presbyteros
3117 5677 3346 5744 singulis
3375 5679 3620 5734 ecclesiis

2039 5769 2348 5836 impositos.
2384 5771 2444 5822 In
2478 5767 2784 5822 minoribus
2832 5779 3012 5821 autem
3053 5785 3115 5821 ae
3146 5768 3327 5823 minus
3365 5767 3621 5835 frequen-

2041 5863 2187 5916 tibus
2223 5862 2433 5931 oppidis
2483 5877 2646 5916 unam
2694 5861 2959 5916 duntaxat
2999 5860 3288 5917 ecclesiam
3323 5861 3616 5920 exstitisse.
