3994 6222
379 369 537 445 um
625 433 630 436 .

1429 368 1779 429 AI’PENDIX
1823 328 2446 430 uisseu'rsrlost'tt

3219 298 3285 306 -δ-ο..

3517 367 3651 422 ΗΜΘ

405 484 459 546 in
487 497 649 552 quam
679 481 914 543 universi
948 482 1302 538 conﬂuerent.
1348 484 1667 555 Cujusmodi
1693 486 1852 558 Cypri
1887 500 1981 539 ur-

2092 488 2349 559 κειμένας
2369 488 2550 552 αὐτοῖς
2575 484 2892 561 ὲκκλησῗας,
2915 488 3008 539 καὶ
3028 487 3092 557 τῇ
3125 482 3331 539 τούτων
3363 482 3650 555 ἀρκείτθαι

402 570 498 634 bes
554 580 725 628 erant.
777 568 931 626 Unde
975 573 1119 640 quod
1149 572 1489 629 Alexandria:
1529 587 1803 645 receptum
1840 585 1977 641 erat,

404 661 548 722 velut
568 661 918 730 popularibus
937 663 1052 720 suis
1076 664 1416 734 peregrinum
1442 675 1495 720 et
1514 667 1856 731 inusitatum,
1886 667 1981 720 ad-
2030 673 2050 689 ‘

402 753 611 825 potavit
639 751 994 822 Epiphanius.
1044 753 1182 808 Hinc
1219 756 1372 825 origo
1403 757 1786 825 parmeiarutn,
1833 757 1977 827 quod

404 846 724 905 vocabulum
748 861 777 898 a
805 848 1099 906 rusticanis
1137 848 1386 904 ccclesiis
1415 849 1481 902 ad
1509 849 1726 910 urbicas
1751 849 1981 904 transla-

404 947 540 1004 tum.
580 937 845 1008 Παροικία
877 939 1092 1008 proprie
1125 937 1310 1008 χώραν
1344 955 1558 993 omnem
1591 941 1980 1011 regionemque

401 1029 690 1102 signiﬁcat,
715 1045 837 1098 qua:
867 1033 934 1083 ab
970 1031 1104 1086 urbe
1139 1032 1352 1086 distans
1376 1033 1623 1088 ecclesiae
1650 1044 1813 1089 certae
1848 1050 1980 1090 con-

403 1118 677 1182 tribuitur,
732 1119 1190 1187 quetnadntmlum
1239 1123 1367 1177 olim
1402 1112 1588 1177 Romae
1640 1125 1872 1195 singulis
1900 1127 1979 1180 vin

399 1209 546 1276 cinis,
593 1209 779 1276 πάγοι,
817 1211 931 1264 sive
968 1212 1134 1266 colles
1169 1213 1446 1267 constituti
1483 1214 1703 1269 fuerunt
1727 1230 1758 1268 a
1790 1213 1979 1276 S-rvio

402 1297 580 1355 Tullio
610 1314 754 1370 rege,
782 1309 1041 1370 tanquam
1078 1302 1457 1373 κρησφύγετα,
1492 1305 1606 1360 sive
1639 1315 1888 1374 receptus
1915 1320 1980 1361 ac

402 1389 646 1461 perfugia
672 1431 688 1454 ,
718 1407 828 1461 quo
857 1407 917 1448 se
948 1393 1018 1447 ah
1047 1393 1319 1465 ingruenti
1354 1396 1510 1450 hoste
1535 1405 1861 1450 tutarentur.
1919 1394 1976 1450 In

403 1480 470 1551 iis
503 1481 736 1536 collibus
785 1498 890 1538 arte
922 1484 1234 1543 collocatae:
1267 1485 1416 1544 Θεῶν
1441 1488 1757 1542 ἐπισκόπων
1791 1505 1850 1541 τε
1885 1489 1980 1542 καὶ

401 1573 656 1642 φυλάκων
697 1575 791 1629 τοῦ
821 1577 1022 1646 πάγου,
1065 1578 1160 1643 οὒς
1189 1579 1344 1645 ἔταξε
1379 1581 1592 1646 θυσίαις
1649 1585 1856 1646 κοιναῖς
1883 1600 1979 1652 γε-

404 1665 636 1737 ραίρειν,
670 1676 780 1722 etc.
817 1671 894 1724 ait
926 1670 1201 1726 Halicarn.
1239 1672 1331 1728 lib.
1370 1689 1441 1728 tv.
1479 1672 1592 1734 imo
1617 1689 1746 1728 vero
1772 1683 1826 1729 et
1857 1676 1976 1746 pagi

401 1757 600 1828 singuli
633 1769 920 1816 curatores
947 1777 1078 1817 suos
1109 1761 1437 1824 habuerunt,
1465 1779 1605 1833 quos
1648 1765 1980 1830 ἐπισκόπους

2082 580 2341 650 φροντίδι,
2361 581 2454 633 καὶ
2469 579 2762 650 κηδεμονίᾳ
2779 595 2794 609 ⁸
2815 579 3076 648 καθιστᾷν
3095 578 3149 630 δὲ
3173 576 3545 646 ἀναγνώστας,
3564 574 3655 627 καὶ

2079 673 2486 735 ὑποδιακόνους,
2512 673 2605 724 καὶ
2630 669 2981 740 ὲπορκιστᾶιςι,
3013 671 3104 722 καὶ
3133 671 3196 740 τῇ
3231 669 3435 721 τούτων
3467 667 3657 737 ἀρκεῖς

2082 765 2206 818 σθαι
2232 766 2552 835 προαγωγῇ,
2589 765 2725 834 μήτε
2752 763 2810 832 δὲ
2836 762 3224 834 πρεσϐύτερον,
3253 761 3388 830 μήτε
3413 758 3660 811 διάκονον

2079 859 2404 928 χειροτονεῖν
2431 856 2634 926 τολμᾷν
2667 855 2790 926 δίχα
2825 855 2920 921 τοῦ
2963 856 3029 916 ἐν,
3052 856 3116 924 τῇ
3155 852 3306 906 πόλει
3338 851 3660 914 ἐπισκόπου,

2077 942 2114 1020 ᾖ
2144 947 2457 1000 ὑπόκεινται
2489 946 2650 1009 αὐτός
2684 963 2742 999 τε
2797 947 2893 999 καὶ
2923 947 2958 1015 ἡ
2988 945 3160 1016 χώρα.
3192 944 3252 996 Ei
3277 943 3334 995 δὲ
3366 941 3661 1010 τολμήσειέ

2079 1057 2162 1102 τις
2194 1039 2506 1109 παραϐῆναι
2538 1037 2606 1090 τὰ
2633 1037 2939 1109 ὁρισθέντα,
2970 1033 3348 1106 καθαιρεῖσθαι
3377 1032 3540 1084 αὑτὸν
3569 1032 3664 1082 καὶ

2077 1125 2145 1201 ἧς
2191 1129 2405 1200 μετέχει
2448 1129 2634 1199 τιμῆς.
2699 1127 3125 1199 Χωρεπεσκοπον
3157 1125 3213 1179 δὲ
3256 1123 3505 1192 γίνεσθαι
3556 1121 3664 1174 ὑπὸ

2077 1222 2177 1292 τῆς
2207 1215 2489 1294 πόλεως,ᾖ
2519 1221 2826 1281 ὑπόκειται,
2855 1218 3173 1273 ἐπισκόπου.
3199 1216 3370 1284 Quem
3392 1229 3660 1270 canouem

2080 1308 2159 1363 sic
2193 1307 2420 1362 Latinus
2446 1309 2710 1377 interpres
2736 1307 3000 1363 reddidit:
3034 1305 3422 1376 Citorcpiscopi,
3450 1305 3663 1358 tametsi

2080 1417 2270 1454 manus
2311 1401 2700 1470 intposilionettt
2736 1401 2801 1454 ab
2833 1403 3070 1468 episcopo
3104 1409 3467 1468 susceperunt,
3519 1408 3566 1450 et
3605 1406 3663 1449 ut

2078 1489 2310 1559 episcopi
2325 1499 2446 1542 sunt
2469 1491 2784 1554 consecrati,
2816 1499 2990 1543 tamen
3006 1489 3207 1558 placuit
3234 1498 3435 1542 sancta:
3458 1487 3664 1555 synodo

2079 1595 2165 1633 eos
2199 1579 2412 1632 modum
2447 1581 2718 1648 proprium
2746 1582 2986 1645 retinere,
3015 1589 3063 1632 et
3095 1579 3385 1648 gubernare
3409 1578 3666 1646 adjacen-

2082 1679 2155 1724 tcs
2186 1671 2286 1724 sibi
2328 1670 2585 1734 ciuitates,
2619 1681 2666 1723 et
2707 1685 2819 1724 esse
2848 1679 3117 1723 contentos
3151 1669 3363 1738 propria
3404 1669 3668 1738 sollicitu-

2082 1761 2206 1815 dine
2231 1772 2279 1815 et
2321 1761 2718 1831 gubernatione,
2747 1776 2908 1831 quant
2937 1770 3296 1830 susceperunt.
3328 1759 3666 1814 Constituere

397 1860 452 1911 et
482 1851 812 1921 περιπόλους
865 1852 1006 1909 idem
1054 1864 1247 1909 auctor
1273 1856 1532 1925 appellat.
1591 1857 1802 1924 Quibus
1829 1858 1982 1913 Chri-
2013 1836 2054 1890 Β
2083 1863 2262 1907 autem
2283 1855 2364 1907 his
2398 1855 2726 1922 permittitur
2762 1853 3070 1919 le'ctores,et
3102 1853 3470 1915 subdiaconus,
3503 1860 3664 1919 atque

398 1941 700 2009 stianorum
747 1943 800 2000 in
857 1943 1002 2012 agris
1040 1945 1292 2013 parmciaz
1323 1962 1488 2016 quam
1531 1947 1824 2003 simillimae
1861 1947 1979 2004 iue-

398 2041 545 2098 runt.
609 2031 744 2097 Nam
779 2043 835 2088 et
867 2033 979 2093 illic
1013 2036 1328 2107 ἐπίσκοποι,
1367 2039 1482 2094 sive
1530 2041 1710 2110 potius
1739 2042 1980 2114 χωρεπι-

400 2140 590 2177 exorto;
631 2124 767 2180 olim
796 2125 1151 2194 praeiuertttu,
1189 2144 1327 2198 quos
1354 2132 1716 2200 episcoporum
1756 2133 1982 2190 vicario;

401 2215 606 2272 Latina:
651 2219 899 2288 quaedam
936 2235 1209 2276 canonum
1240 2223 1716 2293 interpretationes
1747 2235 1977 2281 vocant:

399 2310 518 2365 alia:
567 2313 918 2378 regionarios,
954 2327 1052 2368 seu
1091 2317 1320 2381 vicanos,
1360 2318 1518 2385 longe
1549 2333 1714 2387 quam
1763 2319 1868 2373 illa:
1897 2334 1984 2375 re-

313 2457 320 2478 .
398 2403 560 2474 ctius.
613 2401 738 2456 Fuit
763 2419 954 2458 eorum
991 2403 1227 2475 dignitas
1283 2416 1339 2460 et
1373 2416 1613 2476 potestas
1648 2410 1980 2481 presbyteris

398 2493 760 2563 simplicibus,
793 2505 852 2550 ut
885 2495 1119 2562 videtur,
1150 2499 1403 2568 amplior,
1449 2510 1499 2554 et
1526 2500 1820 2571 episcopali
1851 2517 1980 2573 sup-

399 2601 526 2656 par;
553 2601 678 2641 nam
709 2597 765 2642 et
791 2587 1076 2643 inferiores
1103 2589 1325 2647 ordines
1351 2593 1419 2645 ab
1444 2591 1510 2645 iis
1539 2592 1832 2649 collocatos
1859 2609 1981 2650 esse

397 2685 632 2745 constat.
673 2677 791 2742 Qua
839 2681 905 2733 de
934 2694 992 2734 re
1023 2679 1292 2736 obscurus
1321 2691 1407 2736 est
1452 2684 1724 2754 Ancyrani
1760 2685 1976 2744 concilii

397 2785 520 2836 catt.
553 2770 1133 2840 15;Χωρεπισκόπους
1170 2774 1244 2844 μὴ
1280 2771 1478 2838 ἐξεῖναι
1510 2774 1916 2847 πρεσϐυτέρους
1943 2777 1979 2848 ἢ

397 2861 678 2926 διακόνους
711 2866 1037 2934 χειροτονεῖν
1061 2881 1074 2895 ο
1113 2864 1249 2923 ἀλλὰ
1274 2865 1408 2936 μηδὲ
1437 2865 1847 2938 πρεσϐυτέρους
1878 2868 1976 2920 πό.

397 2956 553 3022 λεως,
571 2958 741 3029 χωρὶς
760 2958 863 3016 τοῦ,
884 2959 1253 3030 ἐπιτραπῆναι
1279 2959 1384 3013 ὑπὸ
1401 2959 1496 3025 τοῦ
1519 2960 1818 3014 ἐπισκόπου
1843 2961 1981 3032 μετὰ

396 3047 739 3118 γραμμάτων
770 3048 1012 3117 ὲνέτὲρα
1039 3050 1324 3122 παροικίᾳ.
1355 3048 1514 3105 Vetat
1542 3052 1888 3122 presbyteros
1915 3067 1981 3108 ae

397 3143 656 3213 diaconos
687 3157 718 3196 a
744 3141 1151 3212 ehorcpiscopis
1185 3143 1518 3198 consecrari.
1702 3157 1710 3182 τ

471 3234 576 3290 Sed
607 3235 998 3290 obscurissima
1029 3246 1153 3290 sunt
1184 3251 1306 3305 qua:
1327 3235 1645 3305 subjuusit:
1675 3235 1811 3290 ἀλλὰ
1842 3235 1981 3308 μηδὲ

400 3325 823 3396 πρεσϐυτέρους,
878 3341 1110 3396 quorum
1152 3327 1352 3397 duplex
1397 3336 1579 3397 potest
1605 3343 1726 3383 esse
1758 3342 1976 3384 sensus.

399 3418 506 3475 Aut
524 3417 670 3472 enim
687 3417 933 3472 eamdem
953 3417 1179 3474 urbanis
1196 3418 1530 3489 presbyteris
1555 3427 1874 3488 potestatem
1893 3418 1984 3472 ad-

401 3510 546 3564 imit:
595 3509 739 3578 quod
771 3508 1009 3564 otiosum
1062 3518 1117 3563 et
1142 3509 1382 3577 ineptum
1412 3509 1644 3563 videtur.
1673 3507 1808 3574 Quis
1834 3507 1978 3563 enim

403 3603 749 3674 presbyteros
774 3615 805 3656 a
837 3601 1168 3672 presbyteris
1197 3601 1478 3656 ordinatos
1512 3615 1752 3671 unquam
1787 3599 1981 3663 audiit,

404 3707 496 3752 aut
521 3695 640 3764 ejus
667 3696 742 3751 rei
776 3703 1097 3765 potestatem
1131 3694 1236 3749 illis
1272 3697 1340 3750 ab
1366 3697 1622 3765 episcopo
1651 3710 1747 3765 per
1774 3694 1983 3750 litteras

399 3805 522 3858 esse
569 3787 815 3844 iactam?
865 3786 1010 3858 quod
1069 3802 1244 3842 canon
1287 3788 1537 3856 excipere
1599 3785 1830 3841 videtur.
1893 3784 1984 3840 Vel

399 3890 547 3956 certe
602 3880 1026 3951 chorepiscopos
1075 3879 1323 3950 prohibet
1369 3879 1588 3934 urbicos
1639 3877 1985 3950 presbyteros

402 3972 658 4040 ordinare
688 3973 807 4026 sine
845 3970 1080 4046 episc0pi
1133 3969 1495 4026 consensione
1537 3984 1600 4024 ac
1641 3969 1858 4034 litteris,
1910 3969 1986 4023 id-

400 4080 507 4136 que
548 4065 600 4119 itt
632 4064 806 4135 aliena
843 4062 1112 4133 parmcia;
1166 4071 1330 4132 atque
1379 4061 1456 4116 ita
1501 4059 1786 4116 Balsamo:
1838 4061 1984 4131 quod

403 4171 470 4227 ne
519 4154 697 4226 ipsum
753 4151 971 4223 quidem
1022 4150 1316 4222 probatur;
1376 4164 1500 4204 nam
1551 4148 1596 4204 si
1641 4147 1985 4218 presbyteros

401 4251 497 4300 aut
540 4243 798 4298 diaconos
853 4240 1065 4310 penitus
1103 4239 1358 4294 ordinare
1399 4239 1621 4293 vetitum
1673 4246 1789 4302 est,
1851 4237 1984 4308 quid

401 4334 596 4409 attinet
638 4332 706 4387 de
754 4333 976 4388 urbanis
1025 4332 1356 4404 presbyteris
1415 4331 1739 4387 nominatim
1793 4330 1985 4384 memi-

403 4425 588 4498 nisse?
652 4423 969 4498 mendosum
1029 4425 1194 4498 igitur
1240 4438 1362 4478 esse
1413 4421 1663 4494 Gnaeum
1716 4437 1981 4477 canonem

2081 1946 2376 1999 exorcistas
2393 1959 2412 1998 :
2437 1944 2626 2015 quibus
2651 1945 2873 2014 suﬁiciat
2908 1945 3132 1998 istorum
3159 1954 3362 1996 tantum
3399 1943 3664 2013 graduum

2081 2036 2352 2091 licentiam
2367 2036 2644 2105 accepisse.
2683 2034 2998 2090 Nouautem
3020 2035 3398 2105 presbyterum,
3426 2052 3526 2087 non
3546 2035 3666 2091 dia-

2081 2143 2272 2183 conum
2311 2127 2542 2183 audeant
2585 2127 2833 2182 or-dinare
2876 2138 3068 2196 praeter
3109 2130 3487 2182 conscientiam
3550 2129 3667 2195 epi—

2081 2220 2225 2288 scopi
2253 2218 2502 2284 civitatis,
2543 2218 2620 2272 vel
2656 2218 2925 2285 Ecclesia,
2955 2221 3040 2273 cui
3083 2221 3333 2289 adjacens
3359 2221 3663 2282 invenitur;

2081 2331 2167 2368 seu
2192 2314 2322 2382 ipse,
2359 2330 2449 2368 seu
2482 2316 2644 2384 regio,
2685 2316 2739 2368 in
2783 2331 2896 2384 qua.
2915 2330 3136 2383 prwesse
3171 2314 3516 2384 dignoscitur,
3551 2322 3662 2366 etc.

2083 2405 2496 2476 Chorepiscoptts
2539 2416 2715 2467 autem
2756 2406 2822 2459 ab
2847 2407 3090 2475 episcopo
3121 2407 3368 2470 civitatis,
3421 2405 3498 2458 uel
3537 2405 3666 2471 ioci,

2082 2499 2167 2552 cui
2199 2499 2337 2552 idem
2365 2499 2594 2567 adjacet,
2629 2499 2960 2552 ordinandus
2981 2507 3080 2552 est.

2151 2589 2410 2645 Poterant
2444 2591 2628 2661 itaque
2674 2590 3040 2646 subdiaconus
3102 2605 3166 2644 ac
3229 2589 3470 2642 minores
3500 2588 3666 2641 cleri-

2081 2696 2178 2737 cos
2219 2681 2493 2752 ordinare,
2534 2691 2588 2736 et
2632 2696 2759 2735 vero
2789 2681 3137 2752 presbyteros
3193 2695 3257 2734 ac
3300 2681 3584 2742 diaconos,
3620 2681 3667 2732 si

2080 2773 2149 2828 ab
2173 2772 2428 2842 episcopo
2457 2772 2606 2827 ﬁeret
2638 2779 2895 2842 potestas.
2929 2771 3118 2837 Quare-
3140 2773 3375 2842 amplius
3406 2773 3666 2840 quiddam

2080 2875 2240 2925 erant
2263 2883 2426 2936 quant
2459 2867 2777 2938 presbyteri,
2797 2876 2872 2934 et,
2906 2869 2952 2922 si
2982 2883 3170 2921 verum
3202 2869 3522 2937 qnmrimus,
3558 2868 3672 2934 cpi-

2081 2959 2229 3029 scopi
2253 2967 2430 3022 erant,
2465 2971 2588 3012 cum
2616 2959 2683 3013 ab
2708 2959 2836 3022 alio,
2866 2975 3027 3028 quam
3054 2959 3123 3020 ab
3148 2959 3406 3027 episeopo
3424 2958 3668 3011 ordinari

2083 3050 2397 3106 sacerdotes
2439 3064 2505 3104 ae
2540 3049 2752 3104 diaconi
2811 3051 3002 3105 saltem
3051 3059 3343 3119 nequeant.
3396 3049 3487 3103 Sic
3519 3050 3667 3102 enim

2081 3141 2452 3212 argumentari
2484 3141 2604 3196 licet
2633 3161 2644 3195 :
2683 3141 2822 3196 Cum
2863 3142 2915 3195 in
2964 3142 3206 3196 secundo
3233 3141 3665 3222 apostolicorum

2082 3246 2354 3288 canonum
2409 3233 2781 3303 pratscriptum
2837 3234 2941 3296 sit,
3005 3243 3064 3287 ut
3115 3233 3185 3287 ab
3241 3249 3351 3285 uno
3411 3234 3670 3302 episcopo

2083 3323 2385 3395 presbyter,
2407 3334 2465 3378 et
2489 3325 2772 3388 diaconus,
2799 3340 2864 3378 ac
2891 3325 3086 3394 reliqui
3109 3325 3294 3379 clerici
3321 3325 3667 3387 ordinentur,

2083 3415 2455 3484 chorepiscopi
2489 3423 2669 3470 autem
2707 3415 3078 3470 subdiaconos
3140 3414 3533 3484 inferioresque
3563 3431 3669 3469 ca:-

2086 3516 2229 3560 teros
2263 3520 2356 3574 per
2383 3519 2522 3569 sese,
2542 3504 2883 3574 presbyteros
2915 3519 2980 3558 ac
3005 3503 3291 3570 diaconos,
3321 3505 3670 3574 permittente

2085 3597 2362 3665 episcopo,
2389 3610 2711 3651 consecrare
2737 3595 3028 3665 potuerint,
3052 3611 3274 3651 necesse
3301 3605 3384 3651 est
3400 3597 3521 3650 illos
3554 3599 3670 3665 cpi-

2085 3703 2282 3758 scopus
2323 3686 2513 3742 fuisse.
2581 3688 2758 3756 Atque
2789 3687 2894 3741 hoc
2937 3688 3225 3757 perspicue
3260 3703 3439 3741 canon
3475 3688 3669 3741 Antio-

2085 3779 2294 3834 cheuus
2323 3777 2612 3848 signiticat,
2659 3793 2792 3833 cum
2813 3778 2922 3830 ait:
2971 3779 3031 3830 Ei
3066 3779 3158 3831 καὶ
3189 3777 3526 3848 χειροθεσίαν
3560 3774 3672 3830 εἷεν

2087 3870 2402 3924 ἐπισκόπων
2435 3869 2736 3940 εἰληφότες.
2809 3870 2961 3935 Quod
2999 3869 3289 3941 Dionysius
3324 3869 3566 3939 Exiguus
3597 3871 3667 3922 ita

2087 3963 2283 4018 vertit:
2333 3961 2584 4027 Quamvis
2637 3978 2825 4016 manus
2876 3947 3265 4031 impositionem
3307 3964 3668 4031 episcoporum

2087 4056 2428 4124 perceperint,
2477 4064 2526 4108 et
2564 4063 2623 4108 ut
2669 4055 2899 4124 episcopi
2949 4055 3246 4108 consecrati
3274 4057 3403 4108 sint.
3467 4055 3571 4107 Sed
3616 4066 3671 4107 et

2087 4146 2524 4202 Neocaesariense
2560 4147 2851 4204 concilium
2886 4163 3008 4200 can.
3061 4147 3149 4208 15,
3191 4162 3314 4201 cum
3355 4148 3666 4216 prohibuis-

2088 4248 2193 4303 set,
2226 4254 2293 4294 ne
2317 4237 2602 4310 ἐπιχώριοι
2632 4239 2990 4310 πρεσϐύτεροι
3028 4239 3190 4309 (quos
3221 4241 3547 4309 presbyteros
3577 4257 3666 4293 ru-

2089 4331 2162 4383 ris
2204 4330 2590 4400 interpretatur
2646 4329 2973 4402 Dionysius:
3025 4332 3128 4385 alia
3185 4347 3459 4386 canonum
3503 4334 3668 4386 editio

2089 4422 2500 4492 conregionales)
2543 4424 2600 4474 ὲν
2639 4422 2887 4494 κυριακῷ
2925 4423 3026 4494 τῆς
3074 4424 3281 4487 πόλεως
3325 4440 3509 4483 coram
3552 4424 3667 4494 epi-

401 4523 652 4585 oportet:
681 4515 838 4583 cuius
865 4515 1189 4569 sententiam
1219 4513 1289 4568 ita
1314 4512 1502 4567 Latina
1531 4512 1696 4568 editio
1719 4513 1976 4581 concipit:
2014 4525 2059 4580 υ
2087 4530 2274 4584 scopo,
2304 4514 2386 4570 vel
2421 4513 2572 4568 urbis
2608 4516 2923 4586 presbytero
2955 4515 3284 4569 oblationem
3339 4514 3577 4572 facerent
3613 4526 3670 4573 et

419 4608 642 4663 Vieariis
676 4609 1057 4676 episcoporum,
1088 4625 1215 4676 quos
1251 4606 1423 4661 (ἕνωεὶ
1459 4607 1854 4676 chorcpiscopos
1895 4623 1984 4661 vo-

403 4709 546 4778 cant,
589 4717 690 4755 non
713 4700 872 4770 licere
911 4699 987 4754 rei
1033 4698 1383 4768 presbyteros,
1435 4699 1511 4752 vel
1552 4701 1804 4754 diaconos
1836 4701 1984 4756 ordi-

403 4779 568 4861 nare:
597 4795 695 4852 sed.
719 4809 810 4854 nec
840 4791 1156 4862 presbyteris
1183 4793 1436 4860 civitatis,
1460 4792 1572 4863 sine
1603 4793 1830 4862 episcopi
1855 4808 1985 4862 pra:-

402 4871 571 4958 cepto,
590 4887 818 4955 antplius
853 4885 1057 4955 aliquid
1077 4885 1336 4953 imperare
1350 4899 1373 4956 ,ﬂ
1403 4901 1496 4937 nec
1525 4886 1639 4938 sine
1667 4886 1984 4940 auctoritate

401 4983 700 5036 litterarum
735 4978 847 5051 ejus
874 4979 936 5051 in.
954 4991 1266 5046 unaquaque
1293 4975 1546 5044 parochia
1572 4975 1775 5044 aliquid
1808 4992 1980 5049 agere.

401 5071 557 5138 Quod
582 5071 626 5124 si
650 5071 702 5124 in
726 5067 916 5124 εἶτα)ςο
937 5060 1143 5136 canone
1164 5061 1324 5119 verba
1347 5063 1437 5118 illa
1459 5065 1788 5132 expunxeris
1810 5082 1822 5118 :
1849 5063 1984 5118 ἀλλὰ

405 5163 541 5233 μηδὲ
576 5159 982 5233 πρεσϐυτέρους
1024 5157 1253 5232 πόλεως,
1283 5172 1479 5213 sensus
1504 5157 1607 5210 erit
1644 5156 1981 5223 aptissimus,

402 5258 512 5326 quo
541 5251 882 5327 interdictum
912 5252 1317 5330 chorcpiscopis
1343 5259 1424 5306 est
1455 5251 1891 5322 presbyterorum
1917 5266 1982 5306 ac

403 5351 758 5420 diaconorum
777 5347 1138 5420 ordinatione,
1156 5345 1266 5416 nisi
1279 5344 1329 5398 id
1346 5358 1439 5418 per
1453 5343 1736 5413 episeopos
1749 5343 1981 5397 licuerit.

405 5440 561 5506 Quod
591 5455 711 5514 cum
739 5422 1087 5514 antioeltenze
1116 5438 1305 5507 synodi
1334 5437 1548 5490 decreto
1571 5436 1845 5505 geminum
1880 5445 1982 5497 est,

405 5547 526 5599 qua:
554 5547 676 5587 catt.
709 5531 775 5585 10
808 5533 880 5585 ita
905 5533 1118 5585 sanxit:
1151 5528 1288 5595 Τοὺς
1319 5531 1376 5583 ὲν
1401 5532 1518 5591 ταῖς
1544 5528 1778 5599 κώμαις,
1807 5527 1840 5597 ἢ
1865 5529 1984 5591 ταῖς

408 5619 631 5691 χώραις,
649 5622 682 5688 ἦ
699 5623 822 5686 τοὺς
837 5622 1200 5692 καλουμένους
1220 5621 1684 5692 χιορεπισκόπους,
1704 5621 1752 5671 εἰ
1773 5619 1866 5672 καὶ
1882 5636 1986 5690 χει-

413 5705 657 5781 ροθεσίαν
677 5693 784 5760 εἷεν
809 5712 1119 5764 ἐπισκόπων
1141 5711 1440 5780 εἰληφότες,
1460 5711 1604 5776 ἔδοξε
1627 5715 1691 5781 τῇ
1710 5713 1839 5780 ἁγία
1857 5730 1981 5764 συν-

410 5794 512 5868 ἀδῳ
544 5796 736 5873 ειδέναι
769 5801 847 5875 τὰ,
868 5801 1074 5860 ἑαυτῶν
1113 5802 1307 5872 μέτρα,
1345 5805 1437 5855 καὶ
1469 5805 1687 5860 διοικεῖν
1721 5805 1816 5870 τὰς
1845 5808 1978 5864 ὐπο-

2091 4607 2263 4663 sacris
2288 4614 2665 4673 operarcntur,
2696 4607 2886 4660 eodem
2931 4622 3161 4668 canone,
3186 4607 3488 4661 secundum
3520 4604 3665 4660 Lati-

2092 4715 2190 4754 nas
2206 4696 2491 4766 editiones,
2519 4697 2600 4751 vel
2629 4697 2899 4766 sarmenti,
2927 4709 2983 4751 ut
3002 4695 3173 4751 Graeci
3202 4697 3416 4751 codices
3445 4697 3664 4760 habent,

2093 4790 2496 4863 chorepiscopis
2550 4789 2602 4843 id
2659 4789 2943 4859 permittit,
2993 4791 3135 4859 quod
3188 4792 3301 4852 τοῖς
3352 4789 3666 4859 ἐπιχωρίοις

2092 4881 2483 4958 πρεσϐυτέροις
2517 4889 2828 4950 negaverat.
2887 4881 2950 4933 (li
2986 4879 3392 4953 χωρεπίσκοποί
3424 4883 3531 4932 εἰσι
3568 4884 3667 4950 μὲν

2091 4977 2170 5038 εἰς
2198 4975 2369 5028 τύπον
2393 4973 2500 5028 τῶν
2533 4974 2924 5046 ἑϐδομήκοντα,
2952 4972 3028 5036 ὡς
3059 4973 3116 5032 δὲ
3147 4973 3549 5044 συλλειτουργοὶ
3579 4973 3667 5028 διὰ

2090 5065 2189 5137 τὴν
2224 5063 2458 5136 σπουδὴν
2491 5065 2569 5128 εἰς
2594 5065 2720 5132 τοὺς
2753 5063 3002 5137 πτωχοὺς
3028 5061 3399 5133 προσφέρουσι
3429 5061 3669 5134 τιμώμε-

2091 5176 2191 5212 νοι.
2242 5156 2360 5213 Non
2406 5157 2572 5227 igitur
2609 5155 2909 5232 presbyteri
2943 5155 3221 5223 simplices
3244 5166 3433 5210 erant:
3465 5157 3668 5225 alioqui

2093 5251 2225 5305 nihil
2247 5249 2394 5305 aliud
2438 5258 2640 5312 essent,
2670 5263 2834 5318 quam
2861 5245 3142 5321 ἐπιχώριοι
3179 5247 3562 5318 πρεσϐύτεροι,
3614 5261 3668 5302 et

2091 5360 2214 5400 cum
2253 5340 2652 5415 συλλειτουργοί
2692 5340 3062 5407 nominantur,
3097 5355 3218 5410 qum
3255 5356 3359 5396 vox
3403 5350 3461 5394 ut
3499 5341 3667 5410 pluui-

2093 5450 2242 5489 mum
2271 5434 2650 5503 episcoporum
2676 5433 2911 5502 collegas
2939 5431 3228 5500 signiﬁcat,
3253 5433 3317 5486 ad
3347 5448 3471 5487 eam
3492 5433 3668 5502 diglti~

2093 5539 2254 5584 tatem
2278 5525 2897 5596 pertinuissevidcntur.
2929 5521 3072 5578 Sane
3093 5523 3143 5577 in
3173 5523 3667 5592 subscriptionilms

2091 5619 2447 5674 conciliorum
2465 5630 2854 5684 nonnunquam
2870 5614 3136 5683 cpisc0pis
3148 5613 3668 5668 accensenturehor-

2091 5711 2352 5779 episCOpi,
2388 5719 2446 5764 ut
2482 5710 2532 5763 itt
2567 5707 2836 5778 Ephesina
2874 5707 3082 5777 synodo
3126 5722 3176 5776 p.
3221 5707 3346 5770 52:2,
3393 5705 3668 5758 Caesarius

2093 5803 2536 5875 CllOl‘CpiSL‘Optls,
2566 5812 2616 5855 et
2651 5799 3092 5862 Neocaesat'iensi,
3147 5799 3454 5870 Stephanus
3499 5797 3660 5870 chor-
