3994 6222
360 351 504 409 ίῦιθ

1565 351 1654 410 ΠΕ,
1686 351 2252 413 CllUliEHSCOPlS.

3487 365 3508 418 l
3521 364 3632 421 030

353 469 643 536 episcopus
665 464 1036 535 Cappadocia}.
1066 465 1120 520 lli
1146 466 1490 522 Antioelicno
1511 484 1644 522 vero
1670 485 1880 524 canone
1902 469 1935 521 8
1967 470 2014 530 Α
2039 471 2363 525 ostenditur.
2422 471 2664 526 Primum
2696 474 2840 543 quod
2877 475 2944 528 ab
2972 492 3080 531 uno
3107 477 3362 548 episcopo
3389 481 3632 537 ordinari

355 558 764 628 chorepiscopis
809 573 1159 622 concessum,
1217 567 1275 613 ut
1321 558 1576 628 paciﬁcus
1608 559 1814 615 litteras
1843 561 1938 615 ιιι-ἰ-

359 650 524 704 buere
553 650 782 719 possint.

431 741 714 797 Postremo
747 742 854 796 Leo
887 758 1021 812 papa
1052 745 1210 813 epist.
1231 742 1301 796 8Q
1324 742 1391 797 de
1419 742 1720 803 iisdemille
1739 759 1939 814 agens:-

361 831 504 886 Num
552 835 812 904 quamvis,
858 836 1056 904 inquit,
1099 852 1220 892 cunt
1263 838 1517 906 episcopis
1555 839 1789 908 plurima
1833 839 1946 892 illis

358 927 771 980 ministeriorum
823 929 1116 982 communis
1168 931 1238 982 sit
1293 929 1638 998 dispensatio,
1697 930 1941 1001 quendam

357 1023 532 1071 tamen
579 1016 898 1072 auctoritate
936 1021 1121 1078 ceteris
1165 1017 1316 1089 legis,
1356 1021 1602 1088 quazdam
1635 1021 1862 1084 novella,
1892 1031 1942 1075 et

357 1107 729 1164 ecclesiastii'is
781 1107 977 1177 regulis
1026 1109 1129 1163 sibi
1179 1111 1447 1179 prohibita
1489 1114 1748 1177 nouerint,
1804 1115 1942 1168 sicut

356 1200 778 1268 presbyterorum
799 1210 847 1253 et
869 1201 1238 1267 diacouoruni,
1263 1215 1355 1257 aut
1384 1204 1644 1273 virginum
1669 1221 1944 1261 consecra-

358 1291 468 1356 tio;
497 1292 629 1348 sicut
646 1293 956 1346 constitutio
979 1291 1193 1360 altaris,
1217 1311 1279 1350 ac
1302 1293 1614 1360 benedictio,
1641 1296 1719 1350 vel
1741 1297 1942 1361 unctio,

355 1391 462 1437 etc.
527 1381 852 1454 Quanquam
899 1384 1004 1444 hac
1051 1385 1238 1440 eadem
1265 1385 1504 1457 Epistola
1536 1385 1649 1442 Leo
1691 1389 1944 1460 (ἡμπειρί-

357 1489 555 1543 scapos
587 1475 640 1533 in
678 1476 1118 1547 presbyterorum
1168 1478 1414 1532 ordinem
1456 1479 1670 1550 redigit,
1707 1497 1830 1534 cuni
1869 1483 1945 1536 ita

359 1565 631 1632 loquitur:
660 1565 1068 1635 Cilorepiscopos
1091 1565 1202 1636 (qui
1223 1566 1388 1636 juxta
1412 1583 1634 1622 canones
1665 1567 1946 1626 A’eociestt—

358 1657 575 1724 riemes,
601 1659 708 1715 sive
730 1658 1020 1716 secundum
1046 1657 1274 1713 aliorum
1300 1663 1507 1716 decreta
1533 1661 1759 1714 Patrum
1787 1663 1944 1716 iidem

354 1761 501 1814 sunt,
541 1751 630 1820 alii
673 1759 722 1805 et
769 1751 1082 1822 presbyteri)
1116 1752 1192 1808 vel
1227 1751 1556 1821 presbyteros
1593 1754 1941 1809 destinarent.

2047 563 2306 626 solerent,
2335 580 2458 618 cuni
2491 581 2521 618 a
2552 565 2800 622 Pati-ibus
2831 568 3066 622 edictuin
3094 569 3184 632 sit,
3212 581 3264 623 ut
3301 573 3391 640 qul
3422 573 3492 626 ab
3519 591 3630 629 imo

2047 656 2129 709 vel
2157 671 2186 708 a
2219 656 2431 712 duobus
2463 669 2594 712 sunt
2625 661 2858 714 ordinati
2889 661 3179 731 episcopis,
3214 677 3314 720 nec
3343 667 3630 722 nominen-

2049 756 2136 801 tur
2167 748 2428 818 episcopi.
2466 749 2670 810 Deinde
2713 753 2855 822 quod
2901 753 3284 810 ecclesiasticae
3317 759 3630 814 sanctiones

2050 840 2372 909 prohibeant
2403 842 2454 895 ili
2490 843 2638 906 villa,
2690 845 2771 898 rel
2824 844 2878 898 in
2925 847 3174 910 castello,
3216 857 3312 901 aut
3346 849 3398 902 ili
3431 851 3628 920 exiguo

2051 933 2236 1002 aliquo
2271 935 2531 1004 oppidulo
2577 937 2893 1005 episcopum
2933 953 3270 994 consecrare.
3305 939 3394 1004 At,
3430 941 3626 1010 inquit,

2049 1025 2476 1096 cborepiseopiis
2510 1037 2592 1081 est
2617 1028 2847 1083 villanus
2887 1030 3198 1099 cpiscopus.
3229 1029 3398 1100 Igitur
3436 1046 3626 1088 contra

2051 1131 2321 1169 canonum
2377 1121 2759 1172 auctoritatem
2805 1127 2888 1174 est
2921 1119 3434 1191 ehorepiseoporinn
3470 1124 3626 1177 insti-

2053 1205 2209 1259 tutio.
2259 1204 2362 1258 Sed
2401 1207 2547 1276 quod
2585 1208 2650 1261 ad
2682 1208 3196 1280 chorepiseoplrruln
3229 1213 3623 1266 ordinationem

2051 1300 2262 1358 attinet,
2301 1299 2573 1354 fuel-ilith
2621 1300 2690 1354 ab
2737 1316 2848 1354 uno
2886 1299 3176 1366 duntaxat,
3207 1303 3366 1373 cujus
3401 1303 3454 1357 ili
3486 1305 3627 1360 dice.-

2051 1389 2160 1442 cesi
2199 1397 2374 1455 erant,
2409 1389 2668 1458 episcopo
2696 1390 3022 1457 consecrati,
3074 1407 3142 1446 an
3184 1408 3214 1446 a
3250 1393 3516 1462 pluribus,
3547 1395 3629 1448 n‘i-

2053 1479 2125 1532 hil
2168 1480 2221 1533 in
2261 1481 2408 1534 omni
2446 1480 2786 1550 antiquitatis
2831 1484 3091 1537 memoria
3136 1485 3270 1539 satis
3307 1500 3627 1552 expressum

2053 1571 2210 1626 nobis
2233 1572 2493 1626 occurrit.
2525 1571 2682 1638 Quod
2707 1573 2751 1627 si
2795 1572 3030 1629 Damaso
3078 1575 3152 1628 illi
3186 1577 3482 1640 credimus,
3517 1593 3628 1632 non

2051 1661 2230 1715 solum
2261 1663 2500 1732 episcopi
2531 1671 2645 1716 tum
2668 1673 2856 1726 erant,
2883 1668 2976 1718 sed
3001 1681 3029 1717 a
3060 1665 3306 1734 pluribus
3335 1668 3496 1721 etiam
3521 1669 3632 1735 epi-

2051 1754 2234 1823 scopis
2281 1754 2696 1809 ordinabuntur.
2742 1754 2902 1821 Quod
2931 1771 2995 1809 ex
3038 1757 3360 1812 Antioclieni
3399 1759 3628 1813 canonis

360 1839 474 1895 Nisi
531 1840 672 1895 forte
733 1841 868 1906 haec,
929 1857 1051 1910 quae
1105 1842 1417 1912 parenthesi
1473 1843 1826 1911 clauduntur,
1878 1848 1948 1900 ab
1980 1835 2026 1890 Β
2056 1847 2234 1901 verbis
2265 1846 2521 1911 allirinat,
2554 1846 2814 1916 quoniam
2862 1846 2935 1901 ita
2983 1848 3242 1916 scriptum
3270 1860 3400 1904 est:
3441 1851 3502 1902 Ei
3534 1849 3629 1903 καὶ

359 1933 539 1988 otioso
573 1933 754 2002 aliquo
793 1934 858 1987 ad
901 1933 1197 2002 marginem
1227 1935 1463 2004 ascripta
1498 1949 1684 2005 postea
1717 1937 1770 1991 in
1813 1953 1946 1992 con-

361 2034 570 2078 textum
617 2024 978 2094 irrepserint:
1019 2027 1163 2096 quod
1211 2043 1398 2083 verum
1453 2038 1602 2098 puto.
1659 2028 1794 2085 Nam
1844 2035 1954 2088 etsi

357 2133 570 2172 canone
608 2115 1066 2177 Neocaesariensis
1100 2120 1292 2190 synodi
1323 2121 1392 2174 15
1424 2122 1848 2193 cliorcpiscopos
1879 2125 1946 2178 ad

356 2210 670 2280 memplum
709 2207 1067 2280 Septuaginta
1110 2212 1448 2267 constitutos
1499 2227 1620 2267 esse
1665 2214 1946 2269 decretum

358 2301 450 2365 sit,
483 2309 663 2355 tamen
701 2300 919 2355 diﬁei're
971 2302 1262 2366 plurimum
1312 2319 1342 2355 a
1379 2303 1734 2375 presbyteris.
1773 2306 1949 2374 iisque

357 2393 682 2448 antecellere
731 2393 918 2447 docuit
972 2409 1148 2450 canon
1199 2394 1363 2459 idem,
1395 2410 1556 2464 quem
1594 2412 1760 2465 supra
1803 2413 1950 2452 com-

359 2485 804 2539 memoravimus.
855 2483 1048 2540 Exstat
1094 2485 1235 2539 inter
1274 2487 1592 2555 pontilicum
1640 2487 1948 2544 Decretalcs

359 2576 588 2644 cpistola
624 2575 842 2632 Damasi
877 2575 938 2642 ν,
973 2577 1040 2632 de
1073 2577 1501 2647 chorepiscopis,
1551 2579 1612 2634 in
1641 2595 1748 2650 qua
1784 2573 1972 2636 velle--

365 2675 576 2721 menter
619 2667 867 2722 ordinem
904 2668 1055 2722 illiilli
1083 2669 1344 2738 exagitat,
1378 2681 1646 2740 negatque
1679 2671 1944 2739 funditus,

364 2775 394 2811 a
430 2758 759 2829 presbyteris
803 2759 909 2813 ulla
951 2775 1018 2812 ex
1059 2769 1209 2828 parte
1252 2747 1587 2831 discrepare.
1643 2762 1745 2818 Sed
1778 2767 1951 2820 multa

366 2859 517 2916 sunt,
555 2867 679 2920 qua:
706 2859 1015 2920 suspectam
1056 2851 1205 2906 illius
1237 2853 1483 2921 cpistola:
1510 2852 1670 2909 ﬁdem
1700 2873 1809 2910 non
1849 2859 1947 2913 ob-

363 2960 472 3003 est}:
502 2944 652 2998 naris
685 2943 1000 3000 hominibus
1032 2944 1286 3011 reddant;
1319 2962 1444 3000 nam
1476 2957 1530 3001 ut
1553 2947 1619 3001 de
1643 2949 1785 3019 stylo
1831 2952 1946 3020 ipso

365 3035 746 3104 scribendique
785 3050 983 3105 genere
1025 3035 1160 3090 nihil
1191 3035 1280 3092 hic
1309 3036 1510 3102 dicam,
1549 3054 1730 3094 nonne
1765 3041 1947 3099 falsis-

366 3129 566 3184 simum
588 3137 691 3191 est,
717 3128 860 3195 quod
887 3127 1087 3182 ibidem
1113 3127 1366 3194 reﬁn'tur,
1388 3129 1810 3204 cliorepisc0pos
1835 3145 1942 3190 tam

365 3235 395 3273 a
429 3219 670 3273 Romana
699 3220 855 3283 sede,
886 3235 1050 3289 qualn
1101 3236 1132 3272 a
1167 3221 1333 3275 totius
1371 3222 1522 3278 orbis
1557 3225 1830 3294 episc0pis
1855 3229 1950 3282 ab-

368 3323 588 3380 rogatas
617 3326 682 3366 ac
730 3311 1038 3367 ministerio
1065 3312 1369 3380 prohibitos
1395 3314 1604 3370 luisse?
1661 3316 1752 3372 γει
1785 3319 1948 3376 unius

368 3401 566 3456 Leonis
615 3402 870 3472 epistola,
925 3418 1090 3472 quam
1137 3404 1383 3472 proxime
1423 3406 1745 3465 citavimils.
1792 3426 1949 3480 argn-

369 3503 552 3549 lnenio
602 3509 725 3549 esse
771 3502 965 3563 potest,
1028 3509 1138 3549 non
1191 3496 1356 3551 modo
1402 3513 1508 3552 non
1561 3504 1875 3570 antiqnaios
1917 3519 1947 3556 a

367 3589 616 3644 Romano
660 3588 916 3658 pontiﬁce
950 3588 1391 3660 chorepiscopos,
1442 3593 1536 3647 sed
1592 3597 1798 3651 ascitos
1827 3613 1950 3653 esse

367 3700 432 3738 ac
461 3691 610 3738 certa
639 3682 928 3752 disciplina
959 3683 1318 3738 constrictos:
1361 3701 1485 3740 cum
1518 3688 1634 3742 suis
1663 3704 1722 3742 se
1750 3690 1948 3747 ﬁnibus

367 3776 648 3831 continere
673 3775 956 3844 iubentur,
999 3790 1098 3830 nec
1123 3790 1185 3830 ea
1232 3792 1354 3845 qua:
1383 3779 1698 3847 pontiﬁcum
1731 3783 1947 3851 propria

368 3878 499 3923 sunt
537 3882 804 3936 usurpare
842 3881 1089 3920 munera.
1133 3865 1410 3933 Quamvis,
1446 3869 1643 3938 inquit,
1687 3888 1804 3924 cum
1835 3875 1947 3940 epi-

367 3961 539 4030 scopis
562 3958 793 4029 plurima
825 3957 935 4010 illis
975 3957 1388 4012 ministeriorum
1413 3963 1705 4015 communis
1725 3973 1801 4016 est
1830 3964 1946 4018 dis-

366 4054 627 4124 pensatio.
677 4049 832 4116 Quod
866 4050 933 4104 ad
961 4049 1202 4119 reliquos
1227 4060 1434 4121 spectat
1469 4054 1634 4109 totius
1659 4055 1810 4110 orbis
1832 4059 1948 4126 epi-

368 4157 584 4213 si-opos,
638 4157 669 4196 a
726 4140 926 4210 quibus
979 4140 1280 4209 prohibitos
1334 4155 1456 4196 esse
1508 4143 1674 4209 dicit;
1736 4154 1944 4202 tantum

367 4237 542 4297 abest,
587 4243 648 4288 ut
689 4235 740 4288 id
790 4247 976 4289 verum
1027 4232 1228 4300 sit,~ut
1278 4234 1333 4288 ili
1362 4237 1698 4292 (Boumenica
1738 4239 1947 4310 synodo

368 4325 801 4381 Chalcedonensi
835 4325 978 4379 inter
1020 4324 1252 4381 clericos
1287 4338 1674 4382 reccnseantur
1710 4346 1833 4385 ean.
1869 4331 1944 4386 ‘2:

370 4418 438 4473 Ei
452 4435 535 4482 τις
564 4417 862 4480 ἐπίσκοπος
885 4415 978 4469 ἐπὶ
1005 4417 1251 4487 χρήμασι
1280 4418 1612 4488 χειροτονίαν
1639 4423 1944 4491 ποιήσαιτο,

368 4516 501 4576 etc.,
539 4510 634 4564 καὶ
669 4510 1097 4582 χειροτονήσειεν
1126 4509 1219 4562 ἐπὶ
1247 4512 1526 4583 χρήμασιν
1559 4513 1878 4577 ἐπίσκοπον,
1912 4517 1945 4586 ἢ
1980 4535 2026 4593 ο

369 4600 802 4670 χωρεπίσκοπον,
835 4600 868 4670 ἢ
901 4601 1324 4671 πρεσϐυτέρους,
1356 4603 1388 4674 ἢ
1418 4603 1722 4670 διακόνους,
1752 4617 1880 4669 etc.,
1900 4622 1954 4666 et

370 4693 424 4745 in
459 4691 752 4760 Epliesina,
796 4692 872 4746 uti
908 4691 1172 4755 diximus.
1220 4693 1361 4748 inter
1392 4696 1678 4765 episcopos
1713 4699 1956 4754 subscri-

370 4784 533 4851 pserit
554 4783 825 4839 Cresarius
839 4784 1286 4855 ehorepiscopiis.
1302 4785 1442 4852 Quin
1460 4788 1622 4841 etiam
1645 4789 1696 4842 in
1715 4791 1950 4858 Capitol.

367 4875 549 4930 Caroli
577 4875 770 4944 imper.
795 4891 915 4944 cap.
940 4877 973 4931 9
998 4876 1066 4930 de
1098 4875 1502 4946 chorepiscopis
1530 4893 1594 4932 ex
1615 4880 1949 4937 Antioelieua

369 4977 423 5021 et
447 4967 732 5036 Aneyraua
758 4965 968 5034 synodo
1001 4965 1281 5020 decretum
1310 4966 1590 5032 inseritur,
1613 4979 1672 5021 ut
1697 4983 1954 5038 appareat

368 5056 532 5110 etiam
588 5064 701 5109 tuin
755 5055 811 5110 in
851 5054 1041 5110 Galliis
1093 5056 1262 5113 fuisse
1307 5059 1753 5129 chorepiswpos.
1813 5063 1948 5119 Nam

369 5155 425 5200 et
480 5146 547 5200 ad
589 5145 898 5201 Gallicanos
952 5148 1240 5218 episcopos
1289 5147 1397 5204 Leo
1451 5166 1586 5220 papa
1645 5151 1712 5206 de
1761 5153 1950 5211 iisdem

371 5237 686 5304 scripserat.
708 5243 710 5247 '

441 5323 563 5380 Non
588 5327 770 5380 minus
801 5325 995 5381 falsum
1021 5338 1123 5387 est,
1142 5330 1284 5398 quod
1315 5330 1424 5385 illic
1443 5334 1822 5402 suppositiiius
1844 5336 1950 5389 Da-

373 5433 560 5473 masus
600 5415 852 5480 aﬂirnlat,
889 5435 996 5472 noli
1021 5419 1242 5476 licuisse
1285 5423 1693 5493 chorepiseopis
1724 5427 1950 5482 subdia-

371 5527 542 5566 conos
562 5509 837 5574 ordinare,
855 5524 1042 5564 contra
1063 5512 1387 5569 Antioclieni
1417 5519 1631 5574 concilii
1659 5535 1948 5587 canonenl,

374 5611 428 5658 et
465 5603 661 5657 Leonis
705 5602 1011 5670 epistolam,
1053 5603 1145 5671 qui
1186 5607 1628 5677 presbyterorum
1665 5612 1948 5678 duntaxat,

375 5709 440 5749 ac
464 5695 822 5748 diaconorinn
857 5694 1325 5750 consecrationem
1353 5698 1562 5753 adimit.
1596 5700 1808 5756 Aieliiin
1833 5720 1948 5772 epl-

375 5801 570 5856 rgcopos
622 5787 741 5843 illos
797 5803 905 5843 non
957 5786 1126 5843 fuisse
1175 5789 1338 5844 etiam
1391 5791 1694 5849 rationibus
1745 5793 1945 5853 ibidem

2054 1937 2393 2010 χειροθεσίαν
2436 1933 2548 1991 εἷεν
2579 1937 2893 1991 ἐπισκόπων
2930 1937 3230 2008 εἰληφότες.
3271 1937 3507 2002 Videtur,
3541 1939 3626 1993 in—

2053 2033 2191 2099 quit,
2220 2033 2349 2085 mini
2373 2031 2510 2100 quod
2533 2041 2656 2084 tunc
2682 2038 2784 2083 non
2815 2031 2881 2083 ab
2910 2047 3035 2096 uno,
3061 2030 3150 2084 sed
3174 2048 3206 2083 ιι
3231 2029 3470 2098 pluribus
3491 2030 3634 2084 ordi-

2055 2121 2340 2186 nabuntur,
2374 2121 2500 2191 quia
2528 2119 2832 2174 nullatenus
2867 2119 3060 2174 diceret
3085 2121 3467 2188 episcoporum,
3497 2121 3544 2172 si
3565 2119 3630 2171 ab

2054 2228 2159 2265 uno
2187 2212 2333 2280 ﬁeret
2367 2211 2556 2264 talium
2587 2211 2874 2276 ordinatio,
2911 2228 3031 2266 cuni
3065 2215 3430 2280 qtiscoporum
3456 2212 3632 2280 plura-

2055 2303 2177 2357 liter
2195 2303 2395 2355 dictum
2426 2303 2518 2355 sit.
2557 2301 2662 2356 Sed
2690 2302 2988 2370 genitivum
3009 2302 3158 2356 illiilli
3181 2302 3494 2354 ἐπισκόπων
3532 2300 3636 2354 illi-

2057 2402 2139 2447 ter
2162 2393 2340 2447 Latini
2373 2394 2695 2462 interpretes
2733 2401 3082 2462 acceperunt,
3128 2401 3186 2446 lit
3227 2391 3484 2444 nimii-inn
3517 2405 3636 2460 χει-

2057 2484 2278 2556 ροθεσια
2306 2485 2621 2537 ἐπισκόπων
2653 2499 2758 2536 non
2799 2484 2888 2537 illa
2925 2497 3184 2537 manuum
3222 2481 3498 2550 inipositio
3535 2481 3632 2544 sit,

2054 2594 2218 2649 quant
2245 2577 2428 2646 plures
2449 2577 2689 2646 episc0pi
2718 2575 2944 2638 faciunt,
2989 2575 3081 2630 sed
3110 2590 3216 2643 qua
3247 2573 3381 2628 ﬁunt
3415 2574 3632 2642 episeo-

2055 2671 2127 2740 pi.
2164 2667 2344 2735 Quare
2386 2667 2431 2722 si
2480 2682 2665 2722 rerum
2695 2675 2799 2730 est,
2833 2665 2978 2735 quod
3017 2664 3246 2734 epistola
3280 2665 3382 2719 ista
3414 2673 3625 2728 narrat,

2057 2777 2163 2817 non
2192 2763 2261 2818 ab
2288 2778 2396 2817 uno
2427 2771 2636 2817 tantum
2667 2762 2972 2818 consecrati
3003 2759 3203 2816 fuerint
3229 2760 3627 2831 ehorepiscopi.

2055 2852 2255 2906 Verum
2299 2853 2610 2923 perturbate
2665 2853 2958 2908 admodum
2987 2868 3052 2906 ae
3083 2851 3331 2922 perplexe
3364 2851 3634 2921 loquitur,

2053 2961 2176 3000 eum
2209 2946 2450 3011 eosdem,
2500 2961 2642 3015 quos
2686 2946 2972 3014 episcopos
3013 2944 3186 2999 fuisse
3223 2953 3350 2999 tunc
3379 2958 3629 2999 asserue-

2054 3047 2158 3103 rat,
2181 3039 2368 3094 nescio
2388 3054 2496 3107 quo
2519 3048 2680 3108 pacto
2697 3037 2926 3093 subinde
2947 3046 3101 3106 neget
3128 3037 3416 3105 episcopos
3435 3036 3625 3090 luisse.

2056 3129 2160 3186 Sed
2189 3130 2513 3186 Antiocheni
2540 3130 2770 3186 canonis
2796 3129 3093 3184 auctoritas
3117 3127 3434 3197 opponitur,
3471 3126 3629 3197 cujus

2051 3238 2115 3277 ea
2142 3222 2388 3278 clausula
2421 3231 2505 3276 est
2532 3239 2546 3276 :
2579 3220 3014 3292 Χωρεπίσκοπον
3041 3219 3099 3272 δὲ
3130 3217 3376 3287 γίνεσθαι
3405 3217 3510 3272 ὑπὸ
3533 3216 3628 3271 τοῦ

2049 3315 2148 3385 τῆς
2187 3313 2396 3376 πόλεως
2524 3312 2808 3366 ὑπόκειται
2857 3311 3178 3364 ἐπισκόπου·
3216 3310 3630 3379 Cliorepiscopus

2052 3415 2225 3460 autem
2256 3405 2323 3459 ab
2355 3406 2598 3474 episcopo
2629 3403 2862 3458 civitatis
2897 3402 2974 3456 uel
3010 3402 3136 3464 loci,
3185 3401 3269 3454 cui
3306 3401 3444 3455 idem
3483 3400 3632 3470 adia-

2051 3506 2150 3563 cet,
2186 3495 2517 3550 ordinandus
2552 3504 2651 3549 est.
2685 3495 2822 3550 Ilillc
2855 3495 2959 3548 illa;
3001 3493 3273 3564 lacrymie.
3306 3491 3466 3560 Atqui
3501 3507 3630 3546 cum

2051 3588 2120 3642 ah
2153 3588 2432 3658 episeopo,
2475 3587 2563 3642 cui
2603 3587 2886 3656 subjectus
2914 3595 3020 3650 est,
3050 3584 3290 3640 ordinari
3315 3583 3484 3654 jubet.
3521 3600 3632 3637 non

2051 3679 2190 3735 alios
2235 3679 2495 3745 excludit,
2526 3679 2620 3749 qui
2672 3694 2778 3732 una
2825 3693 3021 3732 manus
3051 3678 3356 3746 imponant,
3400 3678 3492 3732 sed
3525 3678 3640 3734 hoc-

2051 3771 2230 3826 sohim
2258 3771 2526 3841 praecipit,
2556 3780 2628 3824 ut'
2642 3769 3006 3823 ordinationis
3036 3785 3238 3840 praeses
3273 3783 3340 3822 ac
3370 3768 3622 3822 modera-

2053 3875 2140 3920 tor
2174 3865 2264 3920 ille
2294 3866 2388 3930 sit,
2424 3865 2582 3936 cujus
2614 3865 2667 3917 ili
2700 3863 2911 3918 ilitiolie
2943 3854 3213 3930 versatur,
3253 3870 3311 3916 ut
3347 3860 3466 3930 ejus
3501 3860 3628 3913 bor-

2053 3965 2166 4012 tatu
2201 3957 2543 4026 invitatuque
2601 3955 2967 4009 adhibeantur
2993 3954 3106 4019 alii,
3136 3962 3196 4007 ut
3227 3953 3417 4008 eodem
3446 3951 3659 4006 ilicon-‘

2051 4049 2218 4110 sulto,
2255 4057 2314 4102 ut
2344 4047 2557 4116 injussu
2589 4047 2825 4114 denique
2853 4045 3279 4114 chorepiscopus
3307 4059 3414 4097 non
3444 4044 3556 4098 ﬁat.

2118 4141 2292 4206 Quam
2321 4138 2484 4206 huius
2507 4139 2734 4192 canonis
2757 4153 2877 4192 esse
2905 4136 3226 4190 sententiain
3241 4134 3479 4189 declarat
3506 4132 3631 4186 Bal-

2050 4249 2226 4296 salilo,
2282 4245 2408 4285 cum
2458 4229 2556 4294 ait,
2597 4229 3118 4296 chorepiscoporum
3177 4226 3279 4280 hac
3333 4223 3635 4295 appendice

2052 4325 2378 4379 relrenalam
2433 4320 2825 4390 arrogantiam,
2874 4317 2991 4386 qui,
3025 4316 3262 4387 propriis
3303 4315 3635 4385 contemptis

2050 4415 2341 4486 episcopis,
2391 4430 2422 4468 a
2446 4412 2888 4482 metropolitano,
2930 4409 3010 4464 vel
3044 4409 3353 4479 patriarcha
3384 4408 3632 4469 ordinari

2052 4523 2173 4563 sese
2199 4506 2418 4567 vellent,
2459 4519 2569 4573 quo
2597 4501 2782 4556 minus
2807 4501 2860 4554 ili
2890 4515 3114 4555 suorum
3139 4508 3401 4570 potestate
3430 4498 3626 4555 forent.

2056 4597 2182 4652 ldeo
2207 4591 2586 4657 constitutum,
2630 4601 2690 4646 ut
2727 4591 2796 4645 ab
2826 4589 3082 4660 episcopo
3108 4604 3210 4645 suo
3240 4603 3632 4644 consecraren-

2056 4698 2162 4743 tur.
2199 4686 2410 4742 Etenim
2452 4683 2788 4740 similliinuln
2825 4680 3082 4751 quiddam
3132 4679 3348 4734 videtur
3393 4693 3459 4732 ac
3503 4693 3626 4733 cum

2054 4780 2277 4843 dicitur,
2304 4795 2332 4832 a
2367 4774 2784 4845 metropolitano
2813 4771 3176 4843 provinciales
3201 4786 3392 4826 omnes
3419 4771 3630 4841 episco-

2056 4889 2154 4943 pos
2186 4871 2462 4938 ordinari;
2495 4885 2564 4927 ex
2611 4871 2778 4926 veteri
2821 4880 3053 4933 cantme.
3090 4870 3183 4939 qui
3215 4870 3268 4923 in
3299 4869 3624 4924 Chalcedon.

2054 4963 2314 5027 concilio,
2347 4962 2533 5019 Actor.
2559 4961 2646 5023 15.
2671 4975 2796 5028 pag.
2828 4958 2952 5022 589,
2972 4957 3046 5012 ita
3085 4959 3432 5029 concipitur:
3466 4960 3629 5012 Ὥστε

2054 5054 2114 5107 ἐν
2143 5055 2244 5124 μιᾷ
2269 5052 2479 5124 ἑκάστῃ
2507 5049 2615 5102 τῶν
2643 5049 2920 5120 ἐπαρχιῶν
2952 5052 3015 5100 τὸ
3043 5046 3207 5116 κῦρος
3241 5047 3386 5116 ἔχειν
3418 5046 3505 5098 τὸν
3531 5047 3630 5118 τῆς

2057 5132 2468 5219 μητροπόλεως
2507 5143 2602 5195 καὶ
2636 5141 2798 5194 αὑτὸν
2835 5139 3096 5208 καθιστᾷν
3136 5137 3341 5200 πάντας
3371 5138 3499 5200 τοὺς
3525 5138 3635 5192 ὑπὸ

2053 5236 2350 5310 τὴναὺτὴν
2387 5233 2659 5306 ἐπαρχίαν
2707 5231 3060 5292 ἐπισκόπους·
3108 5227 3175 5282 Ut
3222 5230 3274 5282 in
3321 5245 3635 5299 unaquaque

2051 5331 2320 5400 provincia
2355 5329 2449 5397 jus
2482 5343 2544 5380 ac
2608 5333 2919 5394 potestatein
2956 5319 3387 5387 lnetropolitauus
3417 5319 3632 5384 habeat,

2053 5423 2292 5488 idemque
2326 5428 2560 5481 cunctos,
2606 5419 2694 5487 qui
2726 5416 2783 5468 ili
2816 5413 2999 5468 eadem
3038 5413 3310 5483 provincia
3350 5425 3498 5480 sunt,
3520 5416 3630 5485 epi-

2053 5531 2235 5583 scopos
2271 5514 2498 5566 ordinet.
2534 5511 2626 5564 Sic
2649 5507 2893 5577 ejusdem
2936 5505 3152 5560 concilii
3186 5505 3372 5560 Actor.
3413 5505 3478 5562 16
3507 5521 3640 5573 cuni,

2051 5620 2116 5658 ex
2155 5621 2190 5657 il
2228 5601 2420 5674 synodi
2459 5600 2677 5655 decreto
2711 5595 3318 5664 Constantiimpoliiano
3357 5594 3630 5663 archiepi-

2053 5711 2220 5764 scopo
2245 5708 2568 5749 concessum
2591 5690 2814 5752 dicitur,
2839 5697 2899 5742 ut
2925 5686 3182 5755 Ponticae,
3206 5687 3442 5754 Asianis,
3467 5685 3636 5750 libra..-

2053 5789 2150 5842 (Ξίιυ
2179 5788 2486 5842 dioemsnos
2515 5782 2914 5852 metropolitani
2951 5780 3215 5850 duntaxat
3246 5783 3312 5850 ab
3345 5798 3410 5836 eo
3439 5795 3633 5842 conse-
