3994 6222
398 412 416 465 Ι
427 407 526 464 053

1617 410 1704 465 DE
1745 413 2017 473 DUPUCI
2053 421 2246 477 CYCLl
2256 425 2286 480 l.

3517 432 3659 487 inﬁt

390 520 664 576 Damasus
696 538 709 575 :
747 520 855 575 Sed"
883 524 1029 590 quia,
1076 518 1180 577 Deo
1219 523 1444 593 gratius.
1482 527 1637 577 modo
1676 531 1982 597 itecnutrii,
2012 539 2053 592 Α
2091 539 2325 591 tennitti
2354 537 2507 593 nefas
2542 537 2794 592 arbitror.
2828 534 2886 589 In
2935 539 3126 608 primis
3160 540 3391 596 Basilius
3426 543 3654 611 epistola

383 613 523 665 sicut
580 613 645 666 in.
684 614 957 682 primitira
1008 613 1270 681 Ecclesia,
1300 624 1513 685 propter
1540 616 1799 683 studium,
1828 623 1971 689 φιοά

379 718 508 774 ergo
534 719 801 773 paupere:
823 707 1121 777 exigebant,
1164 724 1265 761 non
1293 717 1438 774 sunt,
1471 717 1577 763 etc.
1606 710 1733 764 Cor.
1757 712 1971 766 exhibe-

381 797 511 851 bant
552 812 618 851 ex
675 796 867 852 Latina
916 798 1150 855 canonis
1192 799 1435 857 Nemees.
1490 802 1962 871 interpretatione,

386 900 553 957 quam
592 901 659 940 ex
691 886 956 958 Dionysio
988 888 1213 957 Exiguo
1240 888 1511 946 Damasus
1536 891 1626 946 ille
1650 893 1944 963 descripsit

268 1016 279 1026 .
377 989 441 1034 ut
468 978 555 1033 vel
584 995 651 1034 ex
682 979 786 1035 hoc
814 980 934 1050 ipso
957 991 1285 1037 vetustatem
1313 983 1434 1052 ejus
1457 1000 1747 1053 agnoscas,
1772 1002 1961 1057 quem-

377 1070 679 1125 admodum
702 1080 758 1125 et
791 1087 855 1125 ex
892 1071 983 1125 illa
1013 1072 1270 1143 loquendi
1306 1075 1519 1128 ratione
1548 1093 1562 1129 :
1592 1075 1731 1130 sicut
1768 1078 1822 1130 in
1852 1078 1964 1144 pri-

375 1163 564 1215 mitiae
598 1161 842 1217 Ecclesia
859 1178 885 1227 ς
905 1178 969 1219 ac
999 1172 1276 1233 postremo
1302 1166 1468 1221 etiam
1497 1182 1563 1221 ex
1597 1182 1664 1221 eo
1690 1170 1834 1238 quod
1858 1169 1964 1224 sub

374 1252 629 1322 epistolae
654 1252 817 1308 ilnem
848 1253 917 1308 de
956 1253 1127 1309 Paulo
1169 1255 1245 1309 ita
1281 1256 1574 1326 loquitur:
1617 1259 1755 1313 Cum
1799 1260 1963 1314 etiam

372 1345 612 1414 egregius
659 1344 981 1413 prcdicator
1005 1346 1152 1399 dicat
1176 1360 1195 1399 :
1229 1348 1505 1415 mnemodo
1567 1347 1797 1403 Paulum
1831 1350 1959 1404 ἀντ·-

372 1435 767 1505 ωνομαστικῶς
785 1434 1153 1506 Gregoriusitt
1186 1436 1410 1491 humilia
1439 1438 1507 1491 57
1536 1439 1591 1491 in
1622 1437 1826 1509 Evang.
1860 1456 1958 1494 vo-

374 1536 484 1581 cat.
525 1527 658 1593 Qua:
688 1529 896 1591 munda,
951 1538 1011 1584 ut
1051 1537 1107 1584 et
1140 1529 1246 1584 alia
1285 1540 1565 1593 sexcenta,
1599 1533 1957 1589 recentiorem

373 1620 617 1673 auctoris
647 1630 860 1675 aetatem
892 1620 1174 1691 detegunt.
1219 1622 1518 1692 Πτωχικῶν
1547 1624 1871 1695 χρημάτων,
1903 1634 1959 1680 et

372 1717 651 1763 certorum
686 1710 995 1775 hominum,
1028 1712 1122 1782 qui
1157 1713 1423 1783 pecunias
1457 1713 1579 1767 illas
1601 1715 1958 1771 administra-

371 1798 523 1864 bant,
547 1800 792 1855 meminit
817 1800 1081 1874 Synesius
1098 1804 1151 1857 in
1184 1803 1455 1860 luculenta
1479 1805 1568 1859 illa
1596 1791 1822 1876 epistola
1846 1806 1953 1862 67:

2085 644 2250 697 quam
2286 628 2575 683 Balsanmn
2608 630 2747 683 inter
2771 629 3083 686 Decretales
3108 632 3308 700 posuit,
3337 635 3649 703 antiquissi-

2085 734 2234 772 mum
2291 720 2441 777 huic
2483 721 2537 776 in
2576 719 2819 776 Ecclesia
2852 723 3024 776 ritum.
3052 722 3220 777 fuisse
3255 724 3435 786 docet,
3471 735 3531 777 ut
3557 726 3651 794 qui

2084 813 2151 864 ad
2188 810 2447 867 Ecclesiae
2478 813 2844 869 ministerium
2874 814 3283 877 adhiberentur,
3313 830 3341 868 a
3371 817 3650 885 presbyte-

2076 898 2156 952 ris
2204 908 2258 952 et
2301 900 2555 955 diaconis
2597 910 2725 956 ante
2768 902 2953 956 omnia
3001 903 3211 972 probati
3246 905 3648 974 cborepiscopis

2073 991 2614 1057 commendarentur,
2642 994 2704 1047 ΟΖ
2735 994 2833 1056 τὰς
2866 994 3019 1063 παρὰ
3066 995 3175 1047 τῶν
3210 994 3476 1065 ἀληθινῶς
3518 1014 3650 1069 μαρ-

2068 1079 2378 1150 τυρούντων
2430 1080 2715 1151 δεξάμενοι
2769 1082 3021 1152 ψήφους,
3085 1080 3180 1133 xui.
3240 1082 3648 1152 ὑπομνήσαντες

2069 1170 2389 1235 ἐπίσκοπον,
2435 1168 2612 1233 οὕτως
2646 1170 2979 1241 ὲνηριομουν
3010 1171 3103 1223 τὸν
3136 1171 3411 1242 ὑπηρέτην
3444 1172 3522 1243 τῷ
3551 1175 3647 1228 τά·

2068 1275 2244 1329 γματι
2269 1259 2387 1314 τῶν
2414 1260 2731 1331 aperturi”.
2774 1260 2875 1316 Cui
2917 1262 3299 1317 consuetudini
3328 1264 3645 1333 derogatum

2068 1365 2098 1403 a
2130 1350 2552 1421 chorepiscopis
2593 1352 2868 1421 queritur,
2907 1352 3004 1422 qui
3039 1367 3260 1406 omnem
3295 1352 3361 1406 ad
3396 1368 3518 1406 me
3547 1354 3646 1406 ad-

2066 1442 2481 1497 sciscendorum
2518 1441 2786 1498 Ecclesia:
2838 1442 3219 1497 ministrorum
3265 1446 3645 1498 auctoritatem

2067 1530 2459 1597 transferrent,
2505 1548 2571 1587 ac
2616 1541 2892 1603 postremo
2923 1533 3255 1604 presbyteris
3294 1542 3349 1588 et
3397 1534 3651 1591 diaconis

2068 1627 2476 1697 permitterent,
2516 1633 2582 1679 ut.
2605 1638 2748 1694 quos
2784 1626 3005 1688 velli-nt,
3028 1626 3197 1680 etiam
3234 1624 3645 1696 indignissimos

2064 1725 2404 1787 coeptarent.
2443 1714 2527 1771 De
2560 1714 2915 1770 subdiaconis
2973 1716 3297 1786 catur-isque
3338 1716 3643 1771 minoribus

2069 1809 2289 1866 clericis
2320 1809 2593 1863 duntaxat
2623 1807 2699 1863 iis
2720 1807 2982 1877 loquitur,
3015 1807 3115 1876 qui
3145 1808 3199 1861 in
3242 1808 3471 1879 paganis
3515 1823 3642 1861 cen-

373 1896 561 1959 utpnta
602 1890 956 1961 Lamponiani
996 1895 1318 1966 presbyteri,
1360 1906 1415 1949 et
1440 1905 1565 1951 ante
1622 1896 1767 1952 hunc
1797 1896 1960 1953 Dios-
1996 1904 2039 1959 Β
2063 1910 2317 1957 seruntur
2366 1899 2635 1955 ecclesiis.
2686 1896 2884 1951 Subdit
2932 1898 3079 1950 enim
3131 1898 3267 1951 εΔιὸ
3311 1897 3494 1951 πολλοὶ
3540 1897 3643 1967 μὲν

368 1981 485 2036 cori
544 1984 806 2053 episcopi,
859 1985 927 2041 de
980 2002 1090 2055 quo
1145 1987 1255 2042 ista
1295 1989 1523 2045 scribit:
1568 1989 1775 2062 [Ion
1804 1985 1965 2061 οἶμαι

369 2067 531 2138 χάριν
557 2070 793 2141 ὀφείλειν
830 2073 980 2145 αὐτῷ
1009 2076 1136 2139 τοὺς
1168 2078 1229 2130 ἂν
1270 2076 1650 2150 Ἀλεξανδρείᾳ
1684 2079 1951 2151 συμπτώ-

368 2179 519 2232 κους,
555 2156 632 2216 ὧν
675 2166 803 2229 τοὺς
840 2167 1047 2236 ἀγροὺς
1094 2170 1337 2225 ἐκπονεῖ.
1371 2169 1559 2225 Finem
1599 2172 1666 2226 de
1698 2172 1956 2241 cborepi-

367 2255 552 2324 scopis
567 2256 878 2326 disputandi
908 2256 1163 2325 facerem,
1190 2261 1293 2316 nisi
1316 2262 1389 2317 ad
1407 2277 1596 2317 eorum
1622 2263 1961 2329 iunctionem

369 2345 743 2402 ilustrandam
772 2364 939 2419 pauca
962 2351 1212 2421 quaedam
1253 2365 1624 2422 superessent,
1658 2371 1780 2425 qua:
1803 2371 1941 2425 prat-

2066 1992 2345 2065 ὑπηρὲται
2371 1990 2737 2064 ἀριθμοῦνται
2759 1988 2881 2043 καθ’
2911 1987 3147 2059 ἑκάστην
3174 1987 3387 2059 κώμην.
3423 1989 3502 2042 Ad
3528 1989 3644 2044 lucc

2065 2085 2316 2141 Gelasius
2336 2084 2641 2155 Cyziceaus
2661 2081 2758 2137 lib.
2780 2096 2848 2134 ut
2871 2079 2949 2135 De
2974 2098 3122 2138 conc.
3139 2080 3381 2146 Nicwno,
3402 2094 3526 2135 can.
3550 2080 3642 2142 54,

2076 2178 2168 2242 55,
2218 2187 2276 2233 et
2324 2177 2680 2247 sequentibus
2718 2175 2887 2230 nndta
2929 2173 2999 2228 de
3046 2173 3459 2243 cborcpiscopis
3499 2172 3643 2226 scitu

2064 2267 2226 2337 digna
2261 2268 2526 2333 continet,
2556 2285 2678 2338 qua:
2712 2278 2768 2322 tu
2801 2266 3048 2321 consule.

368 2516 3642 2543 ==._______________________________________._________

988 2671 1095 2733 DE
1135 2672 1445 2735 DUPLlCl
1494 2672 1755 2736 CYCLO
1804 2676 1905 2735 ET
1951 2674 2606 2735 EMBOLISMOBUM
2657 2672 3038 2735 llA'l‘lONE.

1623 2840 1703 2894 Ad
1741 2842 1871 2895 hzer.
1914 2854 2068 2904 t.xtx,
2099 2840 2205 2895 col.
2241 2838 2362 2894 186.

438 3059 643 3131 Duplex
696 3060 842 3131 apud
893 3070 1104 3116 veteres
1161 3061 1398 3130 computi
1462 3061 1754 3131 magistros
1815 3062 1949 3118 olim

364 3154 552 3224 cyclus
579 3153 809 3217 exstitit,
835 3168 960 3207 cum
991 3152 1140 3207 aurei
1178 3153 1387 3207 numeri
1423 3152 1578 3208 lastis
1605 3152 1944 3208 ascriberen-

365 3251 457 3299 tur
491 3261 506 3299 :
543 3243 680 3298 alter
707 3242 1242 3308 decemnovennalis,
1280 3243 1419 3297 alter
1459 3243 1689 3297 lunaris.
1719 3242 1938 3298 Decem-

363 3330 707 3393 novennalis,
730 3339 793 3384 ut
822 3330 963 3384 Beda
998 3331 1198 3399 Saepius
1230 3331 1484 3397 inculcat,
1522 3332 1587 3386 ad
1622 3332 1937 3387 mctbodum

360 3420 893 3488 quartadecimarum
919 3420 1260 3476 Paschalium
1291 3422 1543 3478 inventus
1569 3431 1672 3487 est,
1707 3431 1767 3477 ut
1797 3432 1940 3477 stato

360 3510 449 3564 die
470 3510 713 3579 quolibet
733 3527 880 3565 anno
906 3527 1002 3581 per
1027 3513 1213 3567 orbem
1238 3514 1497 3568 redirent.
1532 3513 1704 3586 llujus
1726 3516 1939 3571 initium

360 3606 465 3663 est,
497 3609 724 3654 auctore
782 3600 944 3667 Beda,
1000 3616 1031 3655 a
1078 3600 1331 3657 Paschali
1373 3617 1581 3668 mense,
1628 3603 1733 3658 hoc
1782 3613 1867 3658 est
1910 3619 1941 3659 a

360 3690 551 3745 citima
608 3692 865 3757 termino,
931 3693 1023 3763 qui
1065 3702 1149 3748 est
1191 3708 1268 3747 ιιι
1313 3692 1536 3749 Kalend.
1586 3694 1741 3764 Apr.,
1764 3693 1939 3750 Martii

360 3781 672 3852 xxt.Cujus
724 3783 936 3854 primus
973 3800 1149 3839 annus
1179 3800 1405 3840 aureum
1450 3801 1739 3841 numerum
1781 3787 1944 3842 habet

361 3887 477 3938 xrx,
513 3872 722 3941 initqne
772 3888 835 3928 ex
872 3874 941 3928 A.
972 3874 1036 3930 D.
1075 3875 1217 3945 prid.
1249 3874 1390 3930 Non.
1424 3875 1556 3945 Apr.
1600 3876 1715 3931 sire
1744 3877 1944 3946 Aprilis

264 4026 279 4031 ,
364 3980 460 4021 tv:
495 3965 582 4019 cui
635 3966 688 4018 in
730 3973 911 4021 vetere
941 3964 1270 4021 Kalendario
1319 3966 1592 4035 ascriptus
1622 3976 1705 4020 est
1747 3981 1947 4022 aureus

363 4070 628 4111 numerus
684 4071 799 4111 ιιι.
853 4055 1065 4126 Quippe
1127 4057 1343 4127 cyclum
1395 4057 1941 4112 decemnovennalem

366 4164 474 4203 non
514 4149 584 4205 ab
630 4164 797 4203 aureo
857 4163 1093 4203 numero
1128 4162 1234 4203 Iac
1272 4164 1405 4203 xxtn
1446 4147 1645 4214 Martii,
1670 4150 1761 4202 sed
1796 4166 1825 4203 a
1855 4165 1941 4203 χιιι

364 4240 685 4295 inchoatum
740 4237 930 4303 fuisse,
981 4240 1137 4294 etab
1168 4238 1370 4309 Aprilis
1419 4254 1468 4293 Iv
1510 4240 1720 4293 erudite
1755 4241 1947 4309 probat

365 4331 557 4387 Petrus
605 4330 818 4387 Pitatus
893 4329 1225 4386 Veronensis
1276 4346 1548 4405 canonum
1602 4330 1943 4385 l’aschalium

364 4440 483 4492 cap.
516 4424 548 4476 ti
572 4441 586 4489 ;
620 4431 674 4477 et
703 4433 829 4477 ante
857 4421 1203 4476 illumdocuit
1222 4419 1427 4476 Paulus
1452 4420 1944 4491 Forosempronius

2059 3057 2277 3112 initium
2312 3056 2570 3111 statuitur
2616 3054 2786 3112 Nonis
2810 3056 3120 3112 Decembris
3154 3056 3385 3126 (corrige
3409 3073 3523 3120 νιιι,
3558 3055 3636 3111 Id.

2056 3147 2309 3203 Decemb.
2336 3146 2471 3201 Nam
2506 3164 2571 3202 ex
2606 3148 2937 3218 compendio
2963 3159 3215 3202 notarum
3248 3147 3524 3217 profectus
3554 3156 3640 3203 est

2048 3255 2222 3305 error,
2287 3255 2413 3294 cum
2482 3239 2745 3308 scriptum
2799 3249 2944 3295 esset
2996 3255 3093 3295 vm
3138 3239 3409 3307 Id.,quod
3453 3238 3636 3295 Nonas

2043 3326 2171 3385 Dec.
2224 3329 2481 3383 librarius
2518 3344 2640 3383 esse
2682 3329 2957 3400 credidit).
2992 3330 3057 3381 At
3082 3330 3174 3398 qui
3227 3345 3401 3383 annos
3431 3330 3499 3382 ab
3540 3345 3633 3384 ιίιι

2043 3420 2121 3475 ld.
2174 3418 2301 3476 Dec.
2345 3419 2677 3489 auspicatur,
2733 3436 3015 3473 numerum
3061 3436 3287 3473 aureum
3316 3421 3483 3490 exigit
3522 3436 3631 3475 χιιι.

2044 3512 2188 3568 Satis
2224 3513 2387 3583 igitur
2434 3521 2648 3567 constat
2694 3512 2907 3582 cyclum
2962 3511 3518 3566 dcccmnorennalem
3566 3512 3634 3566 ab

2043 3619 2210 3660 aureo
2238 3618 2468 3658 numero
2494 3620 2585 3658 ιιι
2611 3603 2823 3658 initium
2854 3618 3068 3673 capere.
3108 3603 3282 3673 Cujus
3311 3604 3423 3658 Itaac
3454 3604 3629 3658 all‘crri

2043 3712 2212 3751 causa
2287 3702 2513 3765 potest:
2553 3693 2784 3748 Romani
2832 3709 3122 3748 aureorum
3170 3709 3521 3748 numerorum
3569 3708 3635 3747 ac

2044 3786 2179 3856 cycli
2235 3784 2750 3842 decetnnovennalis
2801 3785 3115 3837 methodnm
3155 3784 3225 3838 ab
3250 3783 3633 3839 Alexandrinis

2044 3884 2396 3945 acceperunt.
2446 3874 2550 3941 Qui
2601 3890 2724 3929 cum
2757 3871 2937 3927 Tboth
2993 3887 3176 3937 suum,
3221 3872 3465 3941 adeoque
3502 3873 3630 3927 atud

2045 3966 2373 4036 principium
2398 3965 2467 4020 ab
2494 3966 2722 4035 Augusti
2748 3980 2872 4018 xxix
2895 3964 3174 4027 ducerent,
3204 3978 3401 4017 aureos
3436 3979 3629 4016 nume-

2047 4072 2136 4110 ros
2176 4055 2414 4110 indidem
2458 4055 2811 4110 inchoabant.
2856 4052 2968 4110 llos
3004 4053 3198 4108 imitati
3231 4061 3412 4119 postea
3433 4049 3631 4117 Latini,

2047 4142 2140 4212 qui
2191 4159 2222 4197 a
2283 4143 2531 4198 l'aschali
2579 4158 2785 4205 mense,
2827 4143 2931 4197 hoc
2978 4153 3064 4197 est
3096 4141 3311 4205 Martio,
3349 4143 3430 4195 Vel
3456 4143 3625 4211 Aprili

2048 4250 2266 4288 sacrum
2311 4249 2514 4288 annum
2557 4234 2893 4297 ordirentur,
2935 4247 3131 4287 aureos
3180 4248 3455 4297 numeros,
3488 4248 3627 4302 quos

2047 4341 2168 4379 cum
2225 4324 2606 4380 Alexandrinis
2652 4325 2718 4379 ad
2779 4339 2950 4395 usque
2988 4335 3275 4379 exeuntem
3317 4326 3622 4394 Augustum

2047 4431 2365 4471 communes
2393 4414 2718 4481 habuerant,
2741 4423 2853 4471 toto
2874 4433 3019 4471 anno
3049 4418 3419 4486 pertexehant.
3457 4417 3624 4489 Igitur

366 4516 553 4582 priora:
583 4513 753 4583 partis
782 4514 919 4568 libro
967 4529 1039 4568 Vl.
1072 4510 1183 4568 Nec
1232 4513 1388 4567 aliter
1414 4511 1553 4567 Beda
1584 4529 1706 4566 cum
1739 4514 1858 4567 aliis
1888 4514 1938 4567 in
1975 4530 2017 4586 ο
2048 4522 2194 4561 anno
2246 4506 2577 4578 Dionysiano
2630 4507 2757 4572 284,
2793 4508 2944 4578 cyclo
2995 4508 3472 4563 docemnovennali
3513 4526 3626 4573 xtx,

364 4605 524 4670 locis,
576 4617 691 4661 tum
743 4607 882 4661 libro
912 4605 988 4661 De
1030 4616 1187 4674 temp.
1213 4614 1319 4657 rat.
1349 4620 1468 4674 cap.
1500 4605 1587 4670 5i,
1616 4605 1704 4658 ubi
1735 4606 1942 4676 cyclum

365 4699 612 4754 lunarem
659 4713 785 4754 cum
828 4696 1310 4754 decetunovennali
1360 4711 1689 4766 proponens,
1741 4712 1942 4751 annum

365 4791 513 4846 illius
564 4790 800 4860 primum
855 4806 978 4845 cum
1021 4791 1530 4845 deccmnovcnnalis
1567 4789 1702 4861 cycli
1748 4800 1943 4860 quarto

365 4882 668 4953 coniungit,
730 4890 784 4935 et
837 4896 867 4934 a
926 4880 1153 4935 Kalend.
1195 4878 1471 4935 Januariis
1506 4880 1747 4933 inchoari
1790 4880 1939 4935 dicit.

365 4972 461 5029 Est
496 4984 672 5028 autem
702 4971 979 5027 Januariis
1012 4971 1266 5026 Kalendis
1296 4969 1487 5025 allixus
1522 4986 1720 5025 aureus
1748 4987 1940 5026 nume-

364 5081 461 5120 rus
519 5080 600 5120 ιιι.
650 5064 818 5136 Igitur
863 5065 1077 5135 primus
1124 5074 1210 5119 est
1258 5078 1551 5130 xtx,aquo
1588 5073 1817 5133 quartus
1858 5074 1941 5119 est

364 5155 577 5209 tertius.
638 5155 791 5219 Quod
850 5153 1303 5223 insequentibus
1373 5151 1649 5222 cyclorum
1697 5151 1941 5207 numeris

362 5256 676 5300 constanter
734 5254 898 5299 tenet.
951 5244 1191 5313 Exempli
1251 5258 1415 5298 causa
1462 5258 1640 5297 annus
1684 5242 1817 5303 cycli
1862 5243 1941 5297 lu-

363 5336 512 5389 naris
566 5352 652 5388 χιιι
705 5334 862 5388 Beda:
898 5344 980 5390 est
1030 5332 1540 5391 decetnnovennalis
1590 5346 1709 5396 XIX,
1762 5332 1851 5401 qui
1908 5348 1938 5386 a

365 5443 453 5482 λιιι
501 5425 622 5480 Kal.
684 5425 912 5481 Januar.
966 5426 1178 5496 incipit,
1237 5426 1364 5480 Dec.
1411 5440 1559 5489 xvn;
1622 5438 1651 5477 a
1696 5438 1805 5492 quo
1858 5422 1939 5477 in-

362 5523 494 5589 cipit
549 5534 727 5572 annus
783 5519 868 5572 cui
910 5533 1170 5572 muneras
1232 5530 1432 5571 aureus
1486 5514 1737 5570 convenit
1783 5530 1935 5570 xmt.

362 5610 599 5666 Proinde
638 5625 840 5663 aureus
894 5623 1156 5663 ntnuet'us
1202 5624 1360 5673 xrttt,
1392 5619 1474 5661 est
1512 5623 1601 5660 XIX
1676 5607 1809 5678 cycli
1846 5607 1938 5662 de-

362 5701 829 5757 cemnm'ennalis.
904 5698 1187 5753 Postremo
1248 5716 1371 5753 cum
1419 5699 1934 5754 dccentnovcnnalis

362 5797 496 5864 cycli
531 5796 705 5863 primo
731 5812 873 5849 anno
907 5793 1114 5847 lunatis
1158 5809 1263 5847 xm
1307 5792 1672 5863 componitur,
1705 5793 1935 5861 ejusque

2050 4598 2401 4652 Alexandrini
2451 4598 2519 4652 ab
2568 4598 2795 4668 Augusti
2828 4616 2955 4653 χχιιι
3010 4600 3117 4663 die,
3148 4601 3356 4669 cyclnm
3392 4603 3622 4672 primum

2050 4705 2344 4744 numerare
2398 4700 2683 4759 cccpcrunt
2715 4707 2727 4743 :
2784 4689 3009 4745 Romani
3047 4708 3175 4747 vero
3216 4703 3389 4747 totum
3420 4710 3623 4748 annum

2046 4781 2326 4838 lulianum
2378 4799 2546 4837 aureo
2605 4800 2835 4838 numero
2889 4801 2976 4838 xtx
3034 4786 3441 4855 consignarunt.
3498 4787 3624 4840 l’ost

2047 4891 2191 4930 anno
2233 4876 2339 4929 €285
2396 4894 2520 4931 cum
2572 4877 2958 4932 Alexandrinis
3006 4896 3230 4933 aureum
3279 4896 3563 4932 munerum
3608 4897 3622 4933 ι

2044 4971 2227 5025 exorsi
2279 4980 2428 5025 Sunt.
2471 4969 2547 5024 Ex
2581 4988 2691 5040 quo
2724 4972 2927 5026 factum
2984 4980 3227 5042 apparet,
3269 4979 3327 5023 nt
3361 4971 3495 5040 cycli
3533 4986 3620 5024 xtx

2043 5061 2253 5131 primus
2306 5078 2484 5117 annus
2534 5062 2695 5117 fuerit
2737 5064 2887 5117 aurei
2930 5063 3138 5116 numeri
3176 5078 3287 5115 xix.
3317 5061 3447 5115 Nan:
3478 5062 3622 5130 quod

2042 5154 2344 5210 doctissimi
2399 5154 2621 5224 quidam
2682 5170 2907 5209 aureum
2973 5168 3260 5207 numerum
3307 5166 3365 5205 ιιι
3406 5153 3623 5204 in‘tium

2042 5246 2561 5302 decenmorcnnalis
2590 5246 2726 5317 cycli
2759 5247 3120 5309 constituunt,
3161 5252 3441 5314 propterea
3475 5242 3625 5312 quod

2045 5338 2164 5393 Kal.
2194 5337 2315 5393 Jan.
2352 5339 2541 5393 allixns
2591 5348 2694 5404 est,
2728 5347 2916 5392 contra
2955 5336 3110 5390 Beda:
3148 5336 3486 5405 aliorumque
3538 5351 3613 5388 ve

2045 5439 2219 5485 terum
2247 5430 2297 5485 id
2328 5429 2710 5485 auctoritatem
2747 5437 3029 5492 asserunt;
3081 5443 3257 5497 neque
3313 5430 3457 5479 enim
3508 5434 3595 5480 ani

2042 5521 2393 5576 madrertunt
2424 5521 2558 5591 cycli
2588 5536 2677 5574 xtx
2705 5518 2919 5574 iuitiutn
2943 5517 3392 5579 nonalanuario.
3429 5520 3520 5573 sed
3550 5524 3620 5575 ab

2039 5610 2233 5679 Aprili,
2258 5611 2364 5665 hoc
2388 5620 2473 5666 cst
2506 5611 2574 5664 ab
2608 5626 2670 5664 ea
2705 5610 2855 5676 luna,
2883 5626 3005 5679 qua:
3042 5609 3096 5663 in
3128 5609 3364 5677 Aprilem
3398 5610 3611 5675 desinit,

2040 5718 2103 5755 ex
2140 5702 2353 5755 illorum
2401 5702 2665 5757 sententia
2698 5700 2916 5758 deduci.
2952 5699 3091 5755 llinc
3127 5717 3331 5755 annum
3374 5717 3617 5770 primum

2039 5809 2104 5848 cx
2142 5792 2379 5861 llionysii
2408 5792 2657 5863 instituto
2686 5809 2748 5847 ve
2767 5803 2909 5847 teres
2938 5792 3010 5846 illi
3037 5792 3225 5847 dicunt
3246 5812 3273 5847 a
3303 5799 3439 5863 prid.
3477 5792 3611 5847 heu.
