3994 6222
375 375 518 435 I055

1429 369 1774 426 APPENDIX
1817 369 2452 426 DlSSEllT-l'l‘lONl.'M.

3516 369 3642 425 1955

373 493 507 562 Apr.
571 488 837 550 inchoari,
893 495 946 541 ct
1011 487 1064 541 in
1113 485 1289 542 Martii
1321 503 1432 543 xxn
1483 487 1756 552 desinere,
1790 489 1950 559 eique
1979 494 2024 550 Α
2053 490 2294 552 mminit,
2315 503 2612 554 vu,rm,xi,
2635 499 2894 546 xlv..xru,
2915 484 3244 553 xix,quihus
3263 483 3414 538 aurei
3435 482 3634 538 numeri

373 594 566 636 cccun
599 579 716 632 dies
745 578 1012 632 duntaxat
1036 587 1370 646 competere,
1403 577 1548 646 quod
1568 579 1622 632 in
1645 592 1768 632 eum
1795 577 1956 640 lunae,

375 671 457 724 sic
485 671 628 723 enim
653 675 874 730 vocant,
905 667 1075 722 saltus
1105 666 1368 729 incurrat,
1402 681 1526 734 quae
1557 673 1642 720 est
1667 665 1835 720 unius
1851 664 1958 720 diei

373 761 630 832 superilui
675 760 970 831 ἐξαίρεσις,
1021 769 1132 813 tum
1203 759 1501 813 secundum
1559 773 1762 812 annum
1821 758 1960 814 inire

375 854 552 908 Martii
585 869 738 916 χχιιι,
770 863 824 907 et
859 853 1069 908 dierum
1109 865 1233 904 esse
1265 865 1476 914 cccuv,
1505 859 1670 919 atque
1703 849 1776 904 ita
1807 849 1960 904 dein-

373 961 522 1014 ceps,
578 954 636 1000 ut
681 945 844 1008 Beda,
893 943 1100 999 Pilatus
1166 944 1300 999 locis
1347 943 1546 1008 citatis,
1579 941 1782 1012 aliique
1821 941 1954 998 deli-

375 1039 550 1093 uiunt.

443 1127 596 1182 Alter
619 1127 804 1198 cyclus
861 1127 1066 1182 lunaris
1127 1125 1462 1196 appellatur;
1526 1123 1618 1194 qui
1655 1123 1722 1178 ad
1769 1122 1954 1177 lunam

371 1229 690 1289 cpactarum
729 1233 790 1273 ac
823 1217 1152 1288 regularium
1181 1215 1446 1270 beneﬁcio
1471 1213 1830 1286 indagandam
1863 1229 1953 1268 ac-

371 1311 754 1367 commodatus
789 1317 890 1374 e~t,
926 1311 1070 1379 quod
1121 1307 1272 1362 aurci
1309 1308 1520 1362 mtmeri
1559 1315 1818 1377 praestare
1843 1321 1950 1360 non

373 1413 622 1473 possunt.
648 1401 750 1470 Qui
805 1417 930 1456 cum
979 1415 1044 1456 ex
1090 1399 1582 1456 Alexandrinorum
1631 1397 1956 1452 Kalendario

374 1495 620 1550 translati
654 1495 784 1556 sint,
815 1509 878 1548 ac
911 1509 1006 1563 per
1032 1500 1344 1548 contextum
1384 1489 1562 1545 Latini
1594 1489 1724 1544 anni
1749 1488 1949 1555 diffusi,

372 1587 530 1656 cujus
567 1587 713 1640 aliud
747 1586 986 1652 initium,
1035 1585 1141 1640 alia
1187 1582 1460 1638 mensium
1509 1581 1800 1651 dispositio
1835 1591 1948 1646 est;

371 1695 494 1749 quae
523 1695 586 1734 ex
611 1679 717 1733 illis
745 1688 948 1748 epactre
979 1674 1256 1733 communi
1295 1675 1552 1730 methodo
1589 1683 1948 1744 consurgunt,

371 1769 627 1826 erucndis
659 1771 954 1826 noviluniis
1000 1769 1122 1824 usui
1153 1781 1276 1824 esse
1305 1773 1603 1838 nequeunt.
1630 1764 1810 1832 Quare
1845 1766 1946 1820 tria
1991 1827 1998 1832 ἰ

2064 581 2138 635 in.
2170 581 2499 636 Kalendario
2557 579 2909 647 respondent,
2953 592 3012 630 ιι.
3058 593 3109 641 v,
3139 593 3235 638 vn,
3281 593 3338 639 x,
3375 591 3492 639 xm,
3533 589 3642 639 xw,

2062 689 2218 737 xrm,
2269 671 2552 742 quoniam,
2611 679 2670 724 ut
2707 684 2852 737 saepe
2889 667 3195 729 docuimus,
3233 683 3501 722 numerus
3551 681 3644 718 ιιι

2059 763 2272 834 cyclum
2305 762 2562 826 ducebat,
2605 776 2636 814 a
2695 777 2807 830 quo
2837 759 3114 813 secundus
3159 768 3278 813 erat
3326 758 3542 812 tertius.
3576 758 3645 811 At

2059 856 2260 926 insigni
2317 853 2708 910 mathematice
2749 853 2954 923 placuit
2990 853 3134 907 hunc
3173 852 3640 906 embolimaeorum

2059 949 2300 1004 ordinem
2369 963 2512 1011 esse,
2543 964 2620 1011 ιιι,
2653 963 2727 1011 rt,
2783 962 2859 1011 ιιι,
2886 961 2963 1008 ιι,
2993 961 3108 1012 xw,
3143 961 3274 1011 xvn,
3295 959 3413 1011 nx,
3439 945 3643 1014 quibus

2057 1055 2256 1094 aureos
2297 1041 2434 1096 istos
2466 1053 2725 1094 numeros
2779 1038 3028 1092 attribuit
3069 1051 3130 1100 ιι,
3169 1053 3219 1102 ιτ,
3245 1053 3366 1104 vui,
3407 1052 3486 1100 si,
3517 1052 3640 1100 xm,

2007 1157 2010 1162 -
2057 1145 2170 1190 xvi.
2203 1145 2320 1193 ιιι,
2351 1129 2612 1199 quoniam
2639 1128 2776 1200 cycli
2809 1127 3322 1183 decemnoreunalis
3361 1127 3432 1181 ab
3447 1127 3640 1196 Aprili,

2057 1237 2164 1276 non
2205 1237 2232 1274 a
2268 1219 2552 1280 Januario.
2591 1235 2656 1275 ex
2691 1228 2936 1274 vetemm
2967 1217 3284 1289 praescripto
3315 1220 3644 1288 repetendus

2053 1320 2156 1366 est.
2200 1311 2266 1365 Et
2331 1311 2422 1366 ille
2487 1311 2606 1378 ipse
2663 1310 3138 1366 embolimzeorum
3175 1311 3314 1366 ordo
3341 1312 3641 1380 mensium,

2055 1417 2216 1472 quem
2258 1403 2665 1472 proposuimus.
2685 1403 2858 1466 Bedze,
2900 1401 3080 1468 Pirati,
3108 1401 3259 1456 Pauli
3290 1401 3640 1472 Forosempr.

2053 1493 2398 1563 aliorumque
2443 1494 2684 1562 computi
2735 1492 3005 1547 artiﬁcum
3043 1494 3370 1548 auctoritate
3425 1493 3640 1547 nititur.

2055 1583 2192 1642 Vide
2211 1600 2332 1654 cap.
2365 1585 2436 1640 45
2471 1583 2544 1638 De
2577 1593 2738 1654 temp.
2757 1585 2962 1638 ratione
2995 1585 3139 1655 apud
3183 1585 3378 1640 Bedam
3403 1596 3536 1640 tom.
3571 1583 3640 1638 ll.

2053 1673 2198 1731 Idem
2247 1686 2302 1731 et
2349 1673 2656 1730 certissima
2699 1675 2912 1730 ratione
2947 1675 3012 1730 ad
3053 1675 3202 1730 hunc
3233 1675 3452 1728 modum
3485 1675 3642 1730 colli-

2053 1767 2196 1839 gitur
2233 1764 2714 1832 :Embolinneum,
2757 1767 2972 1836 opinor,
3027 1781 3228 1822 annmn
3279 1768 3332 1821 in
3371 1768 3524 1838 cyclo
3555 1782 3648 1836 pa-

371 1860 438 1914 de
465 1873 633 1914 aureo
667 1873 896 1914 numero
945 1856 1274 1912 detrahenda
1305 1864 1454 1920 sunt,
1499 1861 1560 1909 ut
1596 1869 1690 1924 per
1727 1862 1948 1924 epactas
1981 1856 2022 1910 Β
2051 1857 2220 1914 schali
2287 1873 2414 1915 eum
2469 1874 2662 1915 omnes
2711 1859 3056 1930 intelligunt.
3116 1860 3206 1929 qui
3239 1901 3255 1923 ,
3307 1869 3365 1914 ut
3431 1860 3654 1929 primus.

371 1965 436 2004 ac
467 1951 742 2019 regulares
767 1949 1044 2004 novilunia
1075 1963 1498 2018 consequamur.
1525 1945 1772 2016 Alquein
1805 1944 1952 2000 hunc

373 2040 594 2094 modum
623 2039 874 2094 diminuti
929 2039 1142 2095 numeri
1173 2040 1385 2111 cyclum
1408 2039 1654 2094 lunarem
1691 2037 1950 2094 efﬁciunt.

373 2127 548 2184 Veluti
582 2129 701 2184 lial.
726 2128 849 2186 Jan.
902 2145 1102 2187 aureus
1139 2147 1404 2186 numerus
1439 2147 1498 2185 ιιι
1528 2131 1797 2200 ascriptus
1831 2141 1950 2186 est:

370 2221 438 2276 de
469 2237 580 2291 quo
610 2222 894 2278 subductis
945 2223 1142 2286 tribus,
1175 2223 1564 2292 respondente
1589 2222 1742 2294 cyclo
1774 2223 1952 2278 lunari

373 2332 486 2379 xix,
525 2332 647 2384 qua:
679 2317 930 2372 undecim
964 2317 1183 2380 additis,
1221 2333 1329 2370 xxx
1373 2325 1594 2388 epactas
1634 2317 1948 2372 coniiciunt.

373 2406 465 2462 lla:
495 2422 607 2463 uno
637 2409 871 2477 regulari
903 2409 1105 2474 addito,
1141 2425 1266 2462 xui
1303 2409 1594 2479 complent,
1635 2424 1760 2480 qua:
1794 2410 1952 2462 novi-

371 2497 581 2551 lunium
609 2496 864 2552 indicant.
899 2495 1084 2568 Itaque
1109 2497 1256 2552 nulla
1281 2497 1330 2552 id
1362 2497 1576 2553 inscitia
1615 2499 1818 2552 factum
1843 2505 1947 2562 est,

371 2589 568 2660 duplex
603 2600 661 2644 ut
689 2591 830 2659 apud
863 2588 1085 2646 Latinos
1115 2591 1307 2663 cyclus
1351 2599 1518 2655 esset,
1538 2591 1684 2660 quod
1725 2589 1954 2645 ridicule

370 2680 473 2736 sibi
506 2680 798 2750 persuadet
849 2680 1091 2750 Scaliger
1135 2695 1168 2732 ν
1217 2679 1294 2734 De
1343 2680 1546 2734 emend.
1575 2679 1860 2749 temp.,ubi
1885 2679 1953 2734 de

369 2771 574 2842 epocha
613 2770 787 2826 lunari
845 2769 1318 2840 Constantinopol.
1362 2771 1597 2826 disserit.
1657 2767 1770 2824 Hoc
1803 2770 1952 2824 enim

371 2862 682 2918 necessario
722 2861 792 2916 ah
831 2861 939 2916 illis
991 2861 1386 2918 instituendum
1431 2860 1553 2927 fuit,
1593 2869 1950 2932 posteaquam

327 3007 336 3016 _
371 2953 540 3010 semel
561 2953 1053 3014 Alexandrinorum
1083 2969 1284 3011 aureos
1303 2969 1564 3010 numeros
1597 2954 1649 3008 in
1672 2951 1950 3008 Julianum

373 3050 758 3106 Kalendarium
789 3050 1209 3114 transtulerunt,
1261 3049 1354 3104 ubi
1392 3058 1598 3119 epacta:
1618 3065 1684 3102 ex
1716 3047 1822 3103 illis
1852 3063 1952 3101 nu-

374 3137 541 3194 meris
570 3147 760 3203 erutze,
789 3148 843 3194 et
880 3137 948 3194 ad
985 3138 1102 3194 dies
1132 3137 1392 3208 apposita:
1435 3136 1828 3205 complementa
1857 3149 1950 3189 eo-

371 3229 620 3286 rumdem
669 3245 791 3286 esse
839 3245 949 3286 non
989 3237 1241 3300 poterant
1296 3227 1643 3300 regularibus
1697 3226 1944 3296 adjectis,

370 3323 515 3394 quod
550 3332 608 3376 ut
631 3322 962 3388 obtinerent,
995 3321 1099 3378 tria
1129 3321 1309 3376 aureis
1347 3319 1592 3376 numeris
1613 3317 1948 3374 detrahenda

295 3401 308 3422 ’
375 3413 614 3468 fuerunt.
654 3417 830 3480 Quam
879 3413 950 3468 ob
1003 3428 1227 3470 causam
1263 3410 1473 3466 lunaris
1519 3410 1619 3465 iste
1659 3408 1842 3480 cyelus
1867 3417 1950 3462 est

371 3507 712 3570 dictus,_non
735 3505 858 3560 ideo
883 3503 1027 3574 quod
1043 3501 1580 3564 decemnovennalis.
1610 3500 1725 3556 sive
1747 3514 1946 3555 aureus

373 3611 636 3652 numerus
662 3595 939 3652 novilunia
979 3609 1089 3651 non
1121 3593 1468 3662 ostenderet;
1514 3592 1714 3648 etenim
1753 3591 1946 3646 iisdem

373 3692 483 3748 illis
507 3690 721 3758 diebus,
753 3689 954 3760 quibus
987 3687 1279 3758 adjunctus
1325 3697 1464 3752 erat,
1499 3683 1700 3739 Nica'ui
1730 3681 1948 3737 concilii

373 3791 639 3850 tempore,
664 3779 940 3836 novilunia
958 3776 1471 3840 committebantur;
1499 3773 1592 3830 sed
1619 3772 1763 3844 quod
1792 3771 1947 3826 inda-

373 3872 566 3942 ganda:
581 3887 646 3926 ex
666 3871 917 3928 inethodo
935 3885 1054 3926 com
1063 3867 1424 3940 putanquue
1449 3865 1612 3929 lunae,
1643 3875 1702 3920 ut
1729 3871 1947 3930 vocant,

303 3949 306 3952 ’
372 3967 518 4022 aetati
548 3965 772 4020 minime
798 3971 946 4020 esset
977 3963 1228 4025 idoneus,
1261 3962 1368 4016 nisi
1412 3960 1654 4016 ternario
1681 3959 1952 4013 minuere-

375 4069 484 4126 tur,
534 4065 751 4127 propter
787 4055 1017 4111 Romani
1068 4063 1125 4109 et
1165 4051 1520 4108 Alexandrini
1556 4051 1682 4106 anni
1742 4049 1950 4106 discre-

371 4158 590 4221 pantem
613 4147 847 4204 formam
879 4147 1144 4218 initiaque
1165 4145 1398 4203 diversa.
1425 4143 1500 4201 De
1515 4145 1712 4216 quibus
1731 4141 1950 4197 uberior

373 4239 510 4294 alias
541 4239 907 4294 instituendus
931 4247 1015 4294 est
1049 4251 1251 4292 sermo.

445 4331 714 4385 ϋιιιιιιιιιιιι
757 4330 966 4386 lunaris
1021 4329 1125 4386 iste
1167 4327 1352 4400 cyclus
1385 4342 1416 4382 a
1462 4324 1723 4382 Januario
1764 4338 1952 4378 mense

373 4421 524 4476 ducit
549 4421 860 4487 exordium,
895 4429 954 4476 ut
977 4419 1121 4474 Beda
1147 4437 1255 4475 non
1281 4434 1388 4474 uno
1417 4418 1537 4474 loco
1563 4425 1812 4473 testatur.
1846 4413 1951 4482 Qui

2055 1951 2338 2022 sequentis
2385 1952 2514 2006 anni
2571 1952 2778 2008 mensis
2845 1952 2986 2007 intra
3045 1953 3328 2023 paschales
3379 1953 3644 2008 terminos

2053 2055 2404 2107 coercentur,
2482 2059 2668 2098 mense
2733 2059 2844 2099 uno
2903 2043 2964 2098 iit
3039 2044 3276 2100 auctior.
3355 2043 3640 2111 Ejusmodi

2055 2141 2232 2186 autem
2263 2133 2390 2186 anni
2420 2133 2494 2187 illi
2539 2144 2668 2188 sunt
2729 2149 2802 2190 vn
2843 2151 2982 2204 quos
3020 2136 3484 2196 cnumcravimus.
3537 2135 3645 2192 hoc

2053 2234 2136 2278 est
2191 2225 2340 2278 aurei
2391 2224 2446 2278 in
2489 2223 2820 2280 Kalendario
2877 2228 3088 2281 numeri
3151 2243 3226 2290 ιι,
3297 2244 3366 2292 v,
3421 2243 3516 2292 ru.
3581 2243 3654 2288 ι,

2056 2331 2178 2381 xui,
2234 2330 2361 2380 xvi,
2427 2330 2584 2378 xvm,
2659 2331 2767 2369 non
2839 2323 3020 2370 autem
3077 2333 3198 2381 vni,
3241 2334 3316 2385 xi,
3375 2335 3488 2374 xix.
3549 2318 3644 2373 Et-

2055 2406 2202 2462 cnim
2245 2421 2368 2462 cum
2400 2421 2601 2462 aureus
2663 2423 2924 2480 nulncr‘us
2983 2424 3054 2463 vn
3099 2410 3150 2462 in
3205 2425 3306 2464 usu
3349 2419 3451 2475 est,
3477 2425 3640 2480 quem

2053 2499 2188 2570 cycli
2237 2497 2752 2554 decemnovennalis
2799 2469 3052 2554 oc’tavum
3073 2516 3193 2555 esse
3226 2502 3500 2566 volumus,
3530 2501 3644 2571 pri-

2053 2605 2178 2644 mus
2211 2590 2417 2644 mensis
2477 2588 2667 2660 incipit
2717 2588 2897 2644 Martii
2941 2607 3056 2645 xxu
3093 2609 3106 2647 :
3145 2591 3378 2662 ideoque
3407 2593 3642 2647 emboli-

2054 2694 2225 2734 maius
2246 2694 2370 2736 esse
2393 2679 2554 2735 debet
2587 2697 2601 2735 :
2628 2679 2833 2750 alioqui
2873 2697 3111 2751 sequens
3131 2699 3308 2739 annus
3337 2700 3365 2737 a
3383 2684 3558 2740 Martii
3585 2701 3646 2738 vr

2053 2769 2396 2826 inchoandas
2417 2771 2541 2836 erit,
2563 2771 2650 2826 cui
2681 2786 2880 2828 aureus
2905 2789 3164 2829 numerus
3193 2791 3285 2829 vm
3319 2775 3507 2830 allixus
3533 2787 3646 2841 cst,

2053 2879 2120 2918 an
2129 2878 2198 2918 no
2212 2865 2394 2919 decem
2403 2864 2719 2919 noveunalis
2735 2864 2870 2936 cycli
2886 2881 3052 2920 nono.
3073 2865 3184 2920 lloc
3201 2877 3378 2921 autem
3399 2867 3640 2936 paschali

2051 2955 2246 3010 canoni
2279 2971 2344 3012 ac
2370 2954 2605 3013 Nica'nis
2626 2957 2861 3013 decretis
2890 2967 3182 3027 repugnat;
3211 2975 3276 3015 ac
3299 2959 3638 3024 Latinorum,

2054 3045 2156 3101 hoc
2202 3055 2286 3101 est
2321 3045 2767 3113 Judalzantium,
2803 3047 3095 3119 peculiaris
3151 3063 3306 3104 error
3363 3049 3450 3104 ille
3495 3049 3636 3105 luit:

2051 3153 2214 3208 quem
2249 3147 2308 3194 ut
2329 3139 2613 3206 evitemus,
2648 3141 3316 3209 decimustertiusnempe
3349 3141 3553 3196 mensis
3571 3143 3638 3195 ad

2056 3245 2258 3284 annum
2278 3245 2372 3285 vm
2405 3232 2630 3288 aCCcdat
2652 3241 2885 3303 oportet,
2914 3232 2990 3286 uti
3026 3247 3224 3294 ιιοιιιιε,
3251 3232 3340 3288 cui
3373 3247 3635 3288 numerus

2057 3338 2256 3378 aureus
2289 3338 2380 3378 vni
2414 3323 2693 3388 tribuitur,
2735 3326 2789 3379 in
2825 3323 3028 3395 Aprilis
3069 3339 3099 3377 v
3137 3325 3565 3388 submoveatur,
3605 3339 3634 3380 ιι

2058 3429 2168 3485 quo
2201 3415 2412 3486 primus
2458 3413 2741 3472 Paschalis
2797 3416 3004 3472 mensis
3049 3415 3292 3485 incipiat.
3337 3415 3537 3471 Eadem
3583 3423 3636 3471 et

2057 3507 2332 3562 undecimi
2373 3507 2510 3562 ratio
2541 3515 2645 3573 est,
2672 3507 2757 3562 cui
2789 3523 3050 3562 numerus
3063 3521 3260 3562 aureus
3283 3509 3540 3562 convenit
3563 3524 3618 3562 ιι.

2061 3597 2160 3652 Hic
2218 3598 2361 3652 enim
2418 3613 2542 3654 cum
2579 3615 2610 3654 a
2667 3611 2756 3652 xlv
2803 3597 2983 3652 Martii
3025 3598 3192 3664 ineat,
3249 3598 3442 3653 decimi
3491 3601 3634 3655 tertii

2068 3686 2277 3742 mensis
2308 3689 2650 3744 neomeniam
2680 3689 2733 3744 in
2771 3689 2946 3743 Martii
2983 3703 3046 3743 ιιι
3067 3689 3326 3744 conferet.
3346 3688 3528 3756 Quare
3557 3693 3639 3744 in-

2065 3777 2411 3833 tercalandus
2439 3777 2527 3832 hic
2553 3779 2675 3842 erit,
2707 3789 2766 3833 ut
2794 3793 3098 3832 annnsxua
3121 3793 3156 3832 ιι
3176 3778 3376 3846 Aprilis
3396 3759 3654 3848 incipiat.-

2137 3867 2380 3936 Deniquc
2427 3883 2518 3923 xu
2576 3885 2756 3924 annus
2807 3884 2931 3923 cum
2972 3883 3003 3922 a
3049 3879 3246 3938 quarto
3299 3869 3388 3924 die
3439 3869 3638 3939 Aprilis

2061 3959 2398 4026 exordiatur,
2439 3961 2794 4015 embolimuni
2830 3977 3072 4016 mensem
3115 3977 3221 4015 non
3251 3961 3513 4027 continet,
3543 3961 3636 4015 sed

2064 4052 2318 4106 eumdem
2351 4051 2618 4122 sequitur.
2649 4051 2930 4120 Siquidem
2970 4069 3100 4107 xvm
3129 4069 3328 4107 aureus
3359 4067 3636 4116 numerus,

2067 4157 2230 4211 quem
2270 4143 2405 4213 cycli
2437 4145 2951 4200 decemnovennalis
2982 4145 3254 4200 decimum
3291 4157 3494 4198 nonum
3529 4153 3636 4198 sta-

2067 4231 2294 4299 tuimus,
2323 4233 2500 4287 Martii
2531 4249 2619 4288 xw
2649 4233 2930 4303 competit,
2968 4249 2996 4287 a
3027 4249 3138 4304 quo
3167 4249 3343 4287 annus
3378 4234 3636 4302 incipiens

2063 4323 2370 4381 necessario
2427 4325 2643 4381 tertium
2663 4325 2934 4381 decimum
2966 4341 3208 4380 mensem
3247 4325 3350 4380 sibi
3379 4325 3632 4389 vindicat,

2063 4413 2221 4486 cujus
2276 4415 2564 4471 neomenia
2596 4415 2772 4470 Martii
2794 4432 2826 4468 ν
2857 4416 3082 4470 minime
3119 4414 3401 4470 Paschalis
3439 4425 3541 4478 est.
3573 4430 3634 4469 ac

373 4514 468 4568 Lb.
491 4513 563 4568 De
591 4523 864 4582 terunt-at.
881 4529 982 4584 cap
1023 4514 1112 4581 54,
1139 4514 1282 4569 illius
1307 4527 1502 4568 ornnes
1516 4526 1690 4566 annos
1711 4509 1951 4579 exponit.
1987 4527 2031 4584 ι)
2063 4507 2291 4577 proinde
2318 4507 2478 4577 primi
2511 4507 2735 4571 mensis,
2777 4516 2830 4562 et
2875 4508 3001 4562 anni
3051 4507 3340 4562 neomenia
3391 4508 3446 4560 in
3475 4507 3636 4576 Apri-

375 4604 619 4671 Quorum
651 4606 862 4675 primus
915 4621 1022 4660 non
1056 4603 1537 4662 decenmovennali
1579 4611 1776 4672 quarto
1803 4616 1955 4656 com-

377 4695 634 4762 mittitur,
662 4694 754 4763 qui
783 4705 866 4752 est
889 4711 1088 4750 aureus
1133 4710 1393 4750 numerus
1421 4709 1482 4748 ιιι
1516 4691 1636 4747 Kal.
1683 4689 1803 4745 Jan.
1843 4689 1956 4744 alli-

379 4803 500 4844 xus.
533 4787 818 4842 Secundus
867 4801 898 4840 a
939 4801 1013 4840 xu
1045 4785 1163 4840 Kal.
1195 4785 1315 4840 Jan.
1361 4783 1489 4840 Dec.
1527 4799 1640 4849 xxi,
1686 4792 1850 4852 atque
1881 4781 1956 4836 ita

375 4878 632 4948 deinceps
659 4876 852 4947 reliqui
870 4877 938 4930 ab
955 4892 1018 4930 ea
1033 4875 1250 4947 syzygia
1265 4873 1377 4929 fere
1391 4889 1578 4930 omnes
1603 4873 1952 4937 inchoantur,

377 4986 501 5040 qua:
522 4969 574 5024 in
599 4969 861 5024 Januario
890 4969 1108 5024 desinit.
1145 4969 1371 5024 Constat
1397 4965 1564 5038 igitur
1595 4961 1654 5020 i‘n'
1695 4965 1846 5035 cyclo
1875 4962 1957 5017 lu-

379 5065 520 5126 nari,
553 5065 774 5134 perinde
793 5063 927 5118 utin
957 5059 1460 5124 decemnovennali,
1486 5058 1720 5130 primum
1751 5071 1954 5112 annum

378 5173 498 5214 csse
527 5173 841 5220 munerant,
895 5164 955 5211 ut
1007 5157 1078 5211 ita
1117 5157 1316 5225 dicam,
1355 5156 1602 5211 lunarem
1633 5168 1724 5206 XIX
1766 5151 1859 5220 qui
1889 5151 1956 5204 ad

377 5247 498 5302 Kal.
531 5246 654 5304 Jan.
695 5247 1005 5302 adnotatur.

451 5331 546 5395 llis
577 5340 973 5396 animadversis
995 5355 1196 5394 annum
1249 5331 1780 5392 cnneadecaeteridis
1811 5341 1961 5386 octa-

379 5447 506 5484 vum
557 5431 932 5502 intercalarem
985 5430 1154 5488 fuisse
1196 5429 1563 5490 defendimus,
1594 5427 1684 5492 qui
1732 5439 1958 5478 aureum

383 5537 672 5584 ntiiucrum
705 5521 893 5575 habuit
925 5537 998 5573 vn
1028 5536 1040 5572 :
1073 5519 1164 5590 qui
1196 5527 1280 5573 est
1312 5535 1340 5572 a
1371 5517 1568 5587 primo,
1599 5515 1712 5568 sive
1743 5528 1858 5574 xu,
1885 5509 1959 5563 uti

381 5611 584 5672 dictum
627 5621 733 5676 est,
794 5623 1066 5668 octavus:
1105 5611 1248 5682 quod
1296 5611 1363 5664 de
1390 5609 1542 5679 cyclo
1571 5608 1962 5662 decemuovcn-

387 5701 517 5765 nali,
553 5718 660 5766 quo
695 5701 760 5753 de
814 5703 1016 5766 agitur,
1045 5702 1387 5764 potissmium
1436 5699 1756 5754 asscrimus.
1788 5695 1964 5751 Fuere

393 5791 592 5868 quippe
645 5789 1168 5846 enueadccarteridis
1229 5791 1354 5844 ιιιιιιί
1390 5791 1476 5846 isti
1508 5798 1713 5861 septem
1743 5788 1962 5845 emboli-

2058 4601 2128 4655 lis
2153 4615 2206 4654 ιν
2235 4599 2586 4654 diﬂ‘undetur.
2625 4597 2700 4653 lta
2731 4599 2874 4653 enim
2907 4597 3334 4654 existimandum
3364 4608 3480 4653 est:
3513 4597 3636 4650 Em-

2057 4691 2339 4748 bolimaeos
2373 4705 2590 4747 menses
2613 4691 2665 4746 in
2703 4689 2954 4746 Paschali
2979 4690 3132 4761 cyclo
3163 4703 3259 4744 eos
3287 4703 3431 4754 es-e,
3463 4687 3554 4755 qui
3583 4703 3634 4740 ιιι

2059 4783 2219 4839 tinem
2278 4782 2406 4837 anni
2464 4782 2696 4853 conjceti
2752 4783 3095 4838 neomeniam
3181 4780 3458 4851 sequentis
3509 4779 3633 4833 anni

2059 4873 2306 4944 proxime
2351 4873 2704 4944 praecedunt,
2737 4882 2797 4926 ut
2829 4883 2884 4926 ct
2931 4873 3142 4927 Pitatus
3185 4871 3251 4926 ad
3281 4873 3419 4926 idem
3474 4887 3636 4941 nego-

2061 4966 2194 5021 tium
2239 4965 2492 5020 observat
2525 4979 2644 5034 cap.
2676 4964 2729 5018 6.
2767 4962 3086 5030 Quanquam
3128 4962 3285 5016 aliter
3318 4963 3460 5031 apud
3487 4979 3637 5016 coin-

2059 5069 2312 5130 putormn
2368 5057 2604 5112 artilices
2654 5055 2957 5126 dispensari
3003 5071 3216 5110 menses
3266 5056 3636 5110 embolimmos

2059 5151 2351 5205 didicimus
2400 5164 2464 5203 cx
2527 5147 2668 5202 Beda
2731 5163 2849 5218 cap.
2909 5147 3000 5200 illo
3057 5145 3128 5200 45
3179 5147 3270 5200 lib.
3307 5145 3382 5200 De
3439 5147 3638 5198 ratione

2063 5251 2379 5312 temporum,
2409 5253 2473 5294 ac
2501 5254 2598 5310 per
2622 5237 2806 5292 varios
2835 5237 2964 5290 anni
2999 5234 3196 5290 Juliaui
3229 5251 3444 5290 menses
3474 5234 3636 5288 dissi-

2062 5331 2197 5402 pari.
2226 5331 2428 5386 Verum
2466 5331 2522 5384 in
2584 5327 2826 5399 paschali
2875 5327 2980 5382 hoc
3021 5327 3270 5381 instituto
3311 5326 3638 5381 ciubolimus

2063 5421 2153 5474 ille
2177 5419 2380 5475 mensis
2408 5419 2598 5488 procul
2628 5415 2796 5474 dubio
2823 5417 3130 5472 censendus
3150 5429 3254 5481 est,
3283 5417 3376 5487 qui
3401 5417 3637 5486 primum

2067 5527 2307 5567 incusem
2349 5511 2485 5582 cycli
2522 5509 2746 5581 ἀμέσως
2779 5507 3068 5564 antecedit.
3107 5505 3228 5574 Quo
3263 5508 3482 5577 quidem
3527 5517 3638 5562 sta-

2069 5614 2205 5662 tuto.
2244 5603 2452 5656 nullum
2489 5601 2600 5670 jam
2623 5601 2848 5655 dubium
2881 5608 2986 5666 est,
3018 5600 3148 5670 quin
3173 5601 3641 5655 emholinueormu

2067 5697 2234 5752 series
2287 5693 2556 5765 ejusmodi
2611 5695 2702 5761 sit,
2737 5691 2952 5762 qualem
2997 5707 3028 5746 a
3093 5693 3368 5748 veteribus
3419 5707 3642 5760 compu-

2067 5789 2209 5846 tistis
2237 5789 2572 5858 accepimus,
2601 5787 2656 5842 in
2683 5801 2789 5858 qua
2819 5795 3044 5842 octavus
3079 5801 3279 5852 annus,
3323 5803 3430 5842 non
3465 5797 3644 5842 nonut
