3994 6222
367 291 501 347 1057

1101 295 1186 349 DF.
1226 290 1567 350 SIRMIENSI
1615 293 1698 350 ΕΤ
1737 293 2108 351 ANCYRANA
2153 295 2715 353 PSEUDOSYNODO.

3489 303 3623 359 l056

367 406 710 462 intercalaris
759 409 964 464 mrnsis
1014 413 1361 481 appendicem
1403 412 1679 481 excipiat:
1723 427 1847 465 nam
1890 420 1944 467 ct
1975 420 2018 472 Α
2048 420 2172 465 octo
2203 411 2496 479 detractis,
2541 428 2682 483 quos
2723 413 2964 482 superior
3025 415 3382 471 embolismos
3418 418 3624 473 exhau-

365 499 647 569 proptcrea
686 501 1252 559 enneadecaeteridem
1283 521 1338 558 ιιι
1371 503 1674 574 ogdoadem
1708 513 1762 557 et
1809 503 1940 556 heu—

363 591 622 644 decadem
656 590 848 660 partiri
882 593 1096 657 solent,
1124 595 1201 649 uti
1256 594 1401 650 Beda
1439 594 1570 648 facit
1611 594 1706 648 lib.
1745 592 1817 647 De
1848 610 1941 646 ra-

371 681 520 734 tione”
544 691 866 751 temporum.
887 687 1430 760 cap.M,etogdoadi
1473 694 1583 741 tres
1617 685 1944 740 cmbolimos

364 789 605 840 menses,
639 775 938 830 hendecadi
966 784 1264 846 quaternos
1285 777 1610 832 attribuunt.
1638 775 1776 832 lline
1798 775 1945 830 Afri-

364 881 538 919 canus
563 865 704 935 apud
731 865 949 921 llicron.
985 867 1041 921 in
1067 883 1184 937 cap.
1218 883 1273 922 ιχ
1317 866 1480 931 Dum,
1515 865 1708 932 Grtcci,
1741 867 1938 936 inquit,

362 968 411 1011 et
454 957 636 1012 Judwt’
688 975 782 1028 per
830 969 947 1014 octo
978 977 1144 1015 annos
1195 961 1356 1040 trium
1407 961 1663 1013 mensium
1724 959 1943 1030 ἐμϐολι-

365 1048 537 1118 σμούς
566 1049 792 1118 faciunt.
826 1048 905 1103 Ae
938 1048 1152 1105 tametsi
1178 1050 1386 1104 mensis
1411 1049 1618 1118 integer
1658 1063 1764 1103 non
1797 1061 1947 1103 octa-

363 1156 434 1195 vo
463 1156 645 1205 anno,
685 1141 780 1195 sed
827 1157 974 1196 nono
1000 1157 1066 1196 ex
1107 1141 1300 1196 diebus
1342 1142 1578 1206 residuis
1626 1150 1942 1211 consurgat,

366 1233 727 1288 nihilominus
764 1233 904 1303 quod
932 1242 987 1287 et
1017 1234 1265 1302 proxime
1293 1232 1522 1288 solidam
1557 1232 1624 1286 ad
1665 1232 1942 1304 syzygiam

362 1324 691 1394 appendices
719 1324 824 1379 illae
847 1324 965 1380 dies
995 1325 1294 1390 accedant,
1333 1334 1390 1381 et
1424 1325 1570 1396 quod
1603 1340 1671 1380 ex
1699 1323 1942 1394 superio-

364 1431 487 1470 rum
531 1430 803 1470 annorum
836 1416 1130 1472 ratiocinio
1159 1431 1379 1487 semper
1418 1416 1624 1486 aliquid
1679 1415 1945 1486 supersit,

364 1521 476 1578 quo
505 1507 752 1563 defectus
783 1508 875 1564 ille
908 1517 1326 1579 compensatur,
1371 1518 1567 1566 octavo
1599 1523 1746 1565 anno
1782 1508 1945 1565 inter~

363 1599 563 1656 calaris
593 1599 928 1670 adiungitur.

435 1691 594 1759 Quod
637 1700 821 1748 autem
868 1692 1112 1748 nondum
1145 1691 1297 1762 justo
1345 1693 1557 1748 dierum
1601 1708 1835 1749 numero
1881 1709 1947 1748 ex

2045 511 2211 568 serat,
2230 504 2473 574 quinque
2496 514 2551 559 et
2573 505 2760 574 viginti
2789 515 3014 571 restant,
3035 507 3102 560 ad
3128 523 3266 576 quos
3292 509 3624 579 complendas-
3648 542 3655 551 -

2047 597 2284 667 syzygiae
2309 613 2338 650 v
2376 597 2468 651 alii
2495 597 2614 653 dies
2652 599 3044 669 anticipantur,
3072 611 3127 655 et
3167 601 3454 656 undecimo
3481 617 3627 656 anno

2044 688 2189 742 Adar
2215 689 2495 744 inseritur.
2531 689 2732 744 Eadem
2757 699 2843 745 est
2873 692 3000 745 anni
3039 708 3130 746 χιν
3163 693 3331 748 ratio.
3363 692 3625 747 Coufiunt

2045 779 2190 831 enim
2223 778 2343 832 dies
2404 794 2610 845 χχχιιι,
2662 796 2727 834 ex
2778 780 2981 850 quibus
3014 797 3045 835 ν
3084 781 3280 837 diebus
3331 783 3621 852 exemptis,

2047 865 2141 936 qui
2179 867 2232 920 in
2269 877 2618 924 antecessum
2656 870 2906 939 usurpati
2947 869 3192 936 fuerant,
3235 870 3625 941 relinquuntur

2049 973 2215 1012 χχνιιι
2237 958 2376 1021 dies,
2400 967 2454 1013 et
2472 959 2696 1014 biduum
2721 951 3196 1015 adembolis‘mum
3227 963 3624 1018 cumulandum

2047 1060 2077 1099 a
2113 1047 2470 1114 sequentibus
2496 1049 2753 1103 sumitur.
2783 1047 2988 1104 Deinde
3013 1064 3158 1104 anno
3185 1065 3294 1104 xm
3325 1030 3530 1120 epactze
3555 1054 3624 1106 ad

2045 1134 2165 1191 dies
2197 1154 2367 1192 χχχιιι
2394 1140 2755 1209 perveniunt,
2778 1141 3318 1211 restitutoquebiduo
3361 1142 3457 1196 illo
3500 1159 3624 1197 mu-

2047 1230 2286 1297 tuatitio,
2349 1246 2416 1285 ex
2483 1248 2614 1286 χχχι
2666 1231 2898 1301 reliquis
2954 1233 3312 1288 intercalatur
3357 1234 3526 1300 Adar,
3570 1245 3627 1290 et

2049 1338 2194 1378 unus
2222 1324 2341 1378 dies
2371 1333 2644 1394 superest.
2674 1325 2864 1393 Itaque
2910 1323 2965 1378 in
3017 1325 3123 1379 fine
3159 1326 3298 1396 cycli
3329 1341 3477 1380 χχνιι
3508 1325 3626 1380 dies

2047 1423 2303 1470 restant:
2359 1423 2416 1470 et
2469 1415 2834 1470 nihilominus
2883 1431 2956 1468 vn
3026 1415 3382 1471 interralatur
3433 1417 3626 1471 embo-

2047 1507 2280 1571 lismus,
2334 1521 2480 1561 anno
2537 1522 2652 1562 χιχ.
2700 1505 2828 1562 Haec
2876 1507 3069 1563 Glossa
3113 1507 3182 1563 de
3225 1510 3360 1580 cycli
3414 1507 3626 1565 Judaiei

2047 1609 2328 1656 contextu.
2364 1599 2422 1652 In
2470 1614 2582 1668 quo
2621 1599 2863 1654 nondum
2909 1601 3121 1670 expleta
3173 1603 3390 1672 syzygia
3437 1616 3628 1657 versu-

2049 1707 2167 1747 ram
2200 1690 2340 1754 ficri,
2365 1699 2422 1746 et
2461 1691 2752 1760 anticipari
2796 1679 2914 1747 dies
2941 1694 3156 1761 aliquot
3201 1693 3392 1747 vides:
3435 1703 3627 1748 contra

362 1785 572 1854 epactis
602 1784 832 1840 collecto
883 1798 1276 1854 nonnunquam
1300 1784 1656 1841 embolismos
1685 1787 1948 1841 auteverti
1983 1771 2024 1832 Β
2051 1799 2216 1855 quam
2257 1781 2506 1854 Scaliger
2549 1782 2643 1837 lib.
2672 1797 2747 1836 vn
2779 1782 2858 1837 De
2903 1785 3168 1839 emendat.
3208 1786 3261 1839 in
3306 1801 3486 1855 comp.
3531 1784 3629 1840 Ju-

367 1892 432 1931 ac
471 1876 798 1947 praecipitari
835 1875 1100 1942 diximus,
1132 1875 1395 1932 illustrari
1426 1885 1601 1947 potest
1628 1891 1697 1931 ex
1737 1875 1950 1933 Judaiei

363 1965 503 2037 cycli
531 1965 913 2037 dispositione,
939 1965 1158 2034 qualem
1187 1963 1379 2022 Glossa
1412 1965 1605 2036 primae
1643 1966 1816 2036 partis
1848 1964 1950 2020 Jad

367 2055 436 2110 Β.
488 2054 641 2110 Mose
693 2054 950 2109 Tractatu
983 2052 1264 2108 Kiddutclt
1311 2054 1637 2109 hachadesch
1689 2054 1953 2109 describit

364 2163 486 2219 cap.
512 2149 566 2214 i,
593 2147 710 2218 52:
749 2147 1009 2202 nimirum
1044 2156 1266 2217 epactas
1303 2148 1479 2201 annit
1515 2155 1569 2202 et
1607 2163 1667 2213 ιι,
1712 2147 1767 2202 in
1796 2147 1952 2219 cyclo

365 2239 597 2295 Judaico
631 2255 756 2294 cum
781 2239 986 2309 cpactis
1009 2254 1042 2291 ν
1068 2237 1340 2294 mensium
1371 2238 1503 2293 anni
1535 2238 1680 2294 tertii
1708 2238 1775 2294 ad
1801 2253 1950 2298 χχνιι

367 2333 488 2388 dies
529 2332 788 2388 accedere
824 2349 839 2386 :
886 2331 1117 2403 ideoque
1155 2331 1223 2386 ad
1271 2331 1733 2400 complementum
1761 2332 1952 2389 embo-

366 2426 517 2482 lismi
561 2424 770 2480 mensis
806 2425 1047 2479 triduum
1076 2439 1143 2478 ex
1177 2424 1340 2479 annis
1368 2425 1728 2494 sequentibus
1763 2434 1952 2480 mutuo

365 2517 562 2587 accipi.
594 2516 783 2572 Postea
826 2532 894 2571 ex
940 2514 1164 2570 residuo
1191 2515 1320 2570 anni
1355 2514 1496 2569 tertii
1542 2524 1597 2570 et
1644 2530 1712 2571 ex
1753 2524 1955 2588 quarto

367 2623 433 2662 ac
465 2609 658 2676 quinto
693 2620 800 2660 una
839 2621 962 2661 eum
1007 2603 1290 2661 mensibus
1322 2619 1356 2658 v
1387 2603 1521 2660 anni
1567 2605 1730 2673 sexti,
1771 2606 1952 2676 colligi

366 2700 486 2754 dies
519 2698 633 2753 fere
661 2714 878 2752 χχχιιι.;
904 2713 971 2754 ex
1001 2698 1206 2768 quibus
1235 2705 1593 2768 compensato
1621 2697 1800 2753 triduo
1834 2697 1950 2761 illo,

367 2790 516 2858 quod
547 2791 905 2860 anticipatum
937 2788 1136 2851 fuerat,
1173 2788 1449 2844 secundus
1485 2788 1845 2845 embolismos
1870 2788 1952 2842 in-

366 2880 587 2935 seritur.
613 2879 817 2935 Deinde
855 2895 924 2936 ex
962 2879 1169 2951 epactis
1207 2881 1478 2936 mensium
1509 2895 1582 2934 vn
1615 2880 1744 2936 anui
1786 2879 1950 2944 sexti,

364 2981 420 3026 ct
449 2971 578 3025 anni
619 2971 861 3040 septimi,
895 2986 1112 3026 necnon
1159 2979 1215 3026 et
1241 2987 1270 3024 ν
1296 2971 1566 3026 mensium
1596 2972 1724 3026 anni
1753 2969 1951 3035 octavi,

367 3081 482 3120 χχιι
513 3065 626 3121 fere
663 3065 782 3120 dies
817 3065 1086 3120 confiunt.
1116 3063 1305 3134 Neque
1330 3072 1516 3119 tamen
1556 3062 1806 3117 diflertur
1835 3075 1952 3116 em-

365 3156 667 3211 bolismus:
695 3156 790 3210 sed
815 3170 912 3209 vut
944 3155 1061 3209 dies
1089 3169 1156 3209 ex
1186 3155 1348 3210 annis
1365 3153 1720 3224 sequentibus
1752 3165 1952 3221 reprae-

366 3257 697 3311 sentantur,
739 3256 801 3302 ut
863 3245 1074 3302 solidus
1124 3246 1329 3300 mensis
1395 3243 1706 3298 intercalari
1755 3241 1949 3311 possit.

365 3338 505 3394 Tum
547 3353 677 3393 vero
719 3354 788 3394 ex
837 3339 1062 3394 residuo
1111 3353 1186 3392 vu
1241 3336 1536 3402 mensium,
1580 3346 1635 3391 et
1678 3349 1952 3389 annorum

363 3431 624 3494 duorum,
673 3429 927 3483 videlicet
972 3443 1022 3482 ιχ
1076 3442 1142 3482 ac
1190 3443 1222 3480 χ
1267 3427 1568 3496 itidemque
1603 3425 1875 3479 mensium
1921 3439 1951 3478 ν

365 3521 611 3591 priorum
656 3520 784 3574 anni
833 3534 886 3574 χι
937 3519 1052 3574 dies
1091 3518 1426 3588 colliguntur
1474 3531 1646 3571 χχχιιι
1690 3534 1704 3570 :
1751 3515 1954 3587 quibus

2053 1877 2212 1934 daico
2249 1876 2405 1948 cyclo
2439 1875 2796 1931 embolismos
2831 1875 3166 1946 prmeipitari
3213 1877 3377 1930 nimis
3416 1876 3628 1947 impru-

2052 1971 2248 2027 denter
2290 1979 2473 2039 negat.
2501 1970 2829 2040 Quanquam
2874 1968 3070 2024 Glossa
3105 1969 3208 2024 ista
3243 1969 3490 2024 lunarem
3528 1986 3628 2023 au-

2055 2077 2186 2117 num
2224 2061 2454 2132 praecise
2495 2060 2713 2116 dierum
2748 2074 2935 2114 cccuv
2967 2059 3282 2125 constituit,
3323 2076 3498 2130 neque
3537 2075 3632 2129 ap-

2053 2153 2314 2224 pendices
2338 2153 2506 2206 horas
2559 2167 2622 2206 ac
2650 2151 2912 2205 minutias
2931 2151 3342 2222 complectitur,
3373 2167 3495 2222 qua:
3520 2159 3634 2206 toto

2053 2244 2208 2314 cyclo
2240 2243 2484 2298 collectae
2515 2242 2635 2309 dies
2664 2241 2966 2296 coniiciunt
2992 2258 3067 2306 vi,
3111 2258 3238 2297 cum
3275 2243 3425 2297 horis
3449 2258 3538 2296 χχι
3579 2250 3635 2296 et

2040 2333 2284 2403 minutis
2317 2331 2378 2386 5|
2430 2350 2443 2386 :
2480 2331 2683 2401 quibus
2716 2331 2878 2402 primi
2916 2347 2982 2386 ac
3023 2335 3287 2403 postremi
3323 2334 3632 2389 embolismi

2053 2423 2302 2480 defectus
2358 2433 2768 2494 compensatur.
2823 2423 3190 2490 Quamobrem
3242 2427 3398 2480 rudis
3446 2436 3532 2482 est
3578 2437 3635 2482 et

2053 2516 2383 2572 adumbrata
2420 2516 2560 2589 cycli
2593 2515 2806 2571 Judaiei
2840 2517 2945 2571 ista
2973 2516 3292 2587 descriptio,
3318 2526 3373 2572 ct
3399 2519 3465 2572 ad
3499 2518 3631 2573 faci-

2053 2609 2248 2664 liorem
2278 2607 2599 2662 methodum
2631 2622 2696 2662 ac
2751 2607 3073 2678 p0pularem
3112 2619 3330 2679 captum
3361 2610 3631 2679 apposita,

2054 2715 2179 2756 cum
2209 2699 2430 2755 interim
2455 2699 2563 2753 alia
2593 2699 2666 2754 sit
2694 2700 2834 2768 apud
2865 2697 3086 2755 Judzeos
3117 2709 3434 2770 epactarum
3463 2704 3636 2755 anno-

2053 2806 2290 2861 rumque
2343 2789 2736 2846 conformatio.
2788 2789 2946 2856 Quod
3005 2789 3149 2845 idem
3212 2791 3280 2845 de
3339 2788 3632 2860 Epiphauii

2054 2881 2402 2939 Octaeteride
2433 2882 2795 2952 pronuntiare
2842 2882 2990 2947 licet,
3021 2897 3188 2952 quam
3219 2882 3304 2936 vel
3336 2883 3493 2946 nulli,
3527 2882 3632 2945 vel,

2053 2974 2103 3030 si
2133 2973 2302 3040 forte,
2334 2973 2678 3044 paucissimi,
2725 2982 2848 3043 post
2879 2972 3161 3028 Nicaanum
3205 2989 3471 3027 canonem
3502 2989 3634 3028 con-

2054 3065 2229 3121 dilum
2254 3066 2321 3120 ad
2345 3065 2668 3121 Paschalem
2694 3081 2856 3119 usum
2879 3066 3268 3120 adhibuerunt.
3299 3063 3451 3118 llanc
3477 3064 3636 3119 nobis

2053 3156 2121 3210 de
2166 3155 2509 3225 e-tnbolismis
2555 3155 2980 3225 disputationem
3018 3156 3229 3226 peperit
3287 3155 3635 3209 octaeteridis

2025 3246 2448 3317 .Epiplianianae
2500 3247 2812 3317 dispositio.
2866 3248 3001 3314 Qua:
3048 3247 3238 3301 tandiu
3293 3247 3381 3300 hic
3436 3247 3636 3300 habere

2054 3337 2234 3394 locum
2264 3339 2476 3405 debuit,
2510 3338 2641 3393 dum
2677 3338 2934 3394 uberiore
2962 3353 2994 3393 a
3028 3338 3186 3392 nobis
3215 3337 3632 3403 commentario,

2057 3439 2222 3494 quem
2267 3425 2336 3480 de
2384 3435 2697 3496 temporum
2739 3426 2991 3482 doctrina
3028 3427 3391 3490 meditantur,
3441 3427 3632 3482 eadem

2019 3559 2023 3563 .
2059 3517 2148 3572 illa
2183 3527 2570 3588 pertractetur.

388 3649 3625 3700 {mm

1047 3802 1149 3865 DE
1190 3801 1595 3862 SIRMIENSI
1644 3802 1746 3860 ET
1789 3799 2222 3861 ANCYRANA
2271 3800 2934 3876 PSEUDOSYNODO,

1528 3957 1769 4006 ALIISQUE
1812 3957 2246 3997 SEMIARIANORU!
2284 3958 2463 4007 ACTIS,

1166 4081 1498 4151 Socnnls,
1533 4079 1864 4139 Sozomsm
1901 4091 2441 4148 CETERORUMQUB
2475 4095 2818 4142 ιιΑιιιιΑτιο.

1721 4206 1800 4261 Ad
1826 4206 2019 4260 haeres.
2042 4220 2188 4260 Lm.

412 4410 534 4475 'L‘Iri
563 4435 621 4474 se
651 4419 850 4473 Ariana
881 4416 1102 4488 perfidia
1133 4416 1186 4472 in
1225 4415 1413 4470 orbem
1443 4414 1813 4470 Christianum
1854 4413 1938 4471 ef—
1971 4417 2021 4476 D
2048 4415 2181 4470 tales
2213 4413 2452 4485 episc0pi
2475 4453 2492 4478 ,
2545 4411 2761 4470 Marcus
2799 4414 3163 4481 Arethusius,
3205 4417 3472 4490 Geor-gius
3513 4419 3636 4476 Ale-

365 4511 521 4576 fudit,
558 4511 726 4565 scissa
756 4519 838 4566 est
883 4510 1060 4564 varias
1099 4509 1152 4563 in
1197 4520 1399 4577 partes,
1447 4523 1512 4562 ac
1563 4507 1944 4577 multiplicnum

362 4613 634 4656 sectarum
680 4611 735 4656 et
791 4601 1086 4655 factionum
1138 4609 1266 4656 sunt
1307 4610 1431 4655 nata
1487 4599 1744 4653 divortia.
1778 4596 1847 4653 Ut
1878 4598 1946 4653 de

360 4692 569 4748 rtctcris
624 4695 784 4746 modo
839 4701 1088 4755 taceam,
1149 4691 1379 4762 insignis
1435 4691 1782 4759 potissimum
1843 4689 1947 4744 fuit

359 4783 574 4838 Photini
608 4784 923 4839 Sirmionsis
958 4783 1230 4852 impietas,
1263 4782 1358 4850 qui
1405 4781 1630 4836 Sabellii
1659 4790 1713 4835 et
1747 4781 1945 4836 Samo-

359 4875 530 4927 sateui
580 4874 831 4943 dogmata
882 4874 1042 4944 longo
1090 4873 1376 4927 intervallo
1422 4873 1718 4927 renovavit.
1769 4873 1943 4943 Cujus

361 4968 591 5022 Incresin
625 4967 816 5020 ordine
848 4982 910 5019 ιχ
947 4965 1128 5034 posuit
1175 4979 1240 5018 ac
1275 4963 1534 5018 refutavit
1575 4963 1938 5034 Epiphanius.

359 5058 515 5114 llunc
544 5070 602 5113 ut
624 5058 991 5129 opprimerent
1025 5057 1235 5118 Ariani,
1278 5071 1342 5110 ac
1391 5063 1592 5108 tantam
1633 5071 1662 5108 a
1704 5071 1763 5110 se
1799 5056 1940 5110 iuvi-

357 5151 499 5203 diam
533 5149 999 5218 ignominiamque
1027 5148 1378 5217 depellerent,
1412 5146 1603 5216 utique
1633 5161 1692 5200 se
1723 5149 1939 5202 tandem

357 5241 655 5295 catholicos
723 5255 843 5294 esse
902 5235 1321 5309 profiterentur,
1370 5238 1675 5292 Constantii
1744 5237 1936 5308 imper.

349 5330 507 5401 jussu
545 5329 828 5394 Sirmium,
857 5345 978 5398 ιιιιει³
1007 5329 1136 5382 urbs
1165 5338 1246 5382 est
1292 5325 1603 5391 Pannoniae,
1631 5325 1939 5383 Orientales

353 5437 729 5483 convocantur
758 5427 1026 5496 episcopi,
1052 5428 1508 5495 quemadmodum
1549 5426 1804 5482 Socrates
1837 5428 1934 5482 lib.

355 5534 428 5583 tv,
471 5536 590 5590 cap.
628 5520 682 5583 5,
720 5520 921 5589 aliique
956 5528 1198 5572 narrant.
1241 5518 1396 5585 Quod
1448 5517 1609 5573 iidem
1642 5519 1937 5589 contigisse

356 5613 543 5665 volunt
573 5622 691 5681 post
725 5611 1070 5665 consulatum
1127 5609 1301 5678 Sergii
1346 5619 1399 5664 et
1433 5607 1695 5680 Nigriaui,
1727 5611 1820 5679 qui
1853 5620 1936 5665 est

353 5716 531 5759 anuus
558 5706 758 5760 Christi
790 5699 1164 5761 55I.Adfuere
1197 5703 1407 5772 synodo
1439 5703 1491 5757 in
1517 5702 1708 5772 primis
1733 5702 1929 5757 Oricu-

2054 4505 2316 4572 xaudriae,
2353 4504 2586 4560 Basilius
2627 4506 2858 4576 Ancyrae
2892 4506 3156 4577 episc0pi,
3190 4508 3509 4567 Pancratius
3537 4513 3636 4570 Pe-

2053 4595 2204 4659 lusii,
2240 4593 2577 4666 llypatianus
2608 4593 2902 4652 Heracleae.
2929 4597 3009 4651 Ex
3030 4598 3474 4672 Occidentalibus
3505 4621 3636 4660 vero

2052 4687 2240 4743 eadem
2277 4687 2494 4743 infectis
2527 4687 2665 4754 labe,
2696 4685 2895 4744 Valens
2944 4688 3258 4746 Mursorum
3308 4694 3632 4764 episcopus;

2053 4796 2265 4837 necnon
2313 4790 2370 4836 et
2424 4779 2589 4836 Osius
2638 4779 3010 4838 Cordubensis
3059 4781 3315 4839 Ecclesia:
3352 4785 3635 4840 catholij

2054 4889 2150 4944 per
2181 4875 2269 4928 illa
2299 4876 2540 4943 tempora
2582 4874 2856 4939 columen,
2899 4874 2993 4944 qui
3036 4890 3103 4930 eo
3147 4876 3272 4930 licet
3307 4876 3508 4929 invitus
3541 4892 3635 4931 ac-

2050 4967 2236 5022 cessit.
2268 4966 2322 5020 ln
2360 4968 2461 5020 hoc
2480 4967 2734 5034 concilio,
2762 4966 3126 5022 condemnato
3163 4967 3410 5030 Photino,
3441 4969 3633 5037 triplex

2049 5059 2193 5115 edita
2217 5069 2301 5115 est
2330 5060 2399 5114 ab
2430 5060 2652 5114 Arianis
2701 5057 2822 5112 ﬁdei
2855 5056 3090 5113 formula
3125 5075 3138 5110 :
3177 5058 3350 5127 prima
3380 5057 3567 5114 (ἥδιστε
3599 5075 3630 5114 a

2048 5152 2230 5208 Marco
2254 5151 2547 5206 Arethusia
2575 5158 2861 5218 concepta,
2886 5163 3050 5218 quam
3096 5148 3352 5202 Socrates
3381 5162 3500 5217 cap.
3539 5149 3628 5213 95.

2047 5252 2096 5296 ct
2124 5251 2250 5295 ante
2279 5256 2402 5294 cum
2434 5239 2771 5294 Athanasius
2803 5237 2943 5290 libro
2975 5235 3047 5289 De
3085 5235 3300 5305 synodi:
3333 5235 3518 5290 Graece
3546 5252 3633 5291 re-

2046 5331 2264 5398 ferunt;
2293 5330 2485 5385 Latine
2514 5344 2644 5385 vero
2687 5327 2925 5381 Hilarius
2951 5327 3088 5380 libro
3120 5325 3194 5380 De
3231 5327 3468 5395 synodis.
3507 5326 3633 5381 huic

2045 5423 2166 5478 alia:
2194 5423 2399 5478 Lalime
2439 5430 2586 5484 sunt,
2611 5434 2843 5490 quarum
2871 5419 3044 5488 prima
3080 5433 3110 5470 a
3139 5417 3363 5472 Socrate
3388 5427 3441 5470 ct
3465 5418 3634 5470 Atha-

2045 5515 2200 5570 nasio
2256 5516 2447 5571 iisdem
2510 5514 2645 5568 locis
2700 5513 2973 5581 descripta
3023 5510 3367 5573 continetur;
3426 5519 3632 5578 postre-

2044 5623 2212 5675 lnam,
2239 5623 2361 5677 qua:
2397 5607 2451 5661 in
2500 5603 2832 5659 Ariminensi
2887 5603 3096 5674 synodo
3141 5617 3170 5654 a
3219 5600 3439 5655 Valente.
3494 5600 3633 5656 rcci‘

2043 5710 2155 5756 tata
2182 5699 2527 5772 postmodum
2572 5709 2677 5763 est,
2719 5707 2771 5752 et
2819 5712 2849 5750 a
2898 5694 3183 5749 catholicis
3221 5693 3439 5764 rejccta,
3470 5692 3633 5747 habet
