3994 6222
390 303 524 367 ιειξῑῢ

1445 290 1785 348 APPENDIX
1829 287 2214 343 DISSERTAT
2225 289 2337 344 1οΝ
2349 293 2384 347 U
2395 293 2438 344 ll
2450 335 2462 346 .

3525 291 3661 347 106%

388 419 646 474 Socrates
678 433 802 485 mp.
848 415 953 480 29,
998 413 1247 469 meminit
1287 423 1343 469 ct
1391 413 1724 469 Athanasius
1767 411 1862 464 lib.
1907 409 1978 462 Bc
2007 414 2056 470 Α
2082 409 2262 465 studio
2287 412 2647 467 Constantius
2689 413 2977 475 revocatis,
3008 427 3147 481 quas
3197 408 3457 480 Asphaho
3485 408 3668 465 Eudo—

390 513 628 582 syuodix.
666 511 792 564 Duae
831 511 1022 580 itaque
1067 519 1181 564 tum
1231 507 1481 564 formula:
1510 507 1695 562 Sirmii
1725 503 1974 576 promul-

389 614 529 672 gatae
571 610 741 655 sunt:
787 616 912 654 nam
965 601 1178 655 tertiam
1223 598 1456 654 Arimini
1497 607 1690 669 postea
1733 596 1977 666 publica~

2086 504 2156 556 xii
2215 505 2548 576 presbytero,
2610 515 2664 557 et
2723 505 2859 559 Aetii
2911 505 3112 559 facturi
3167 504 3413 566 dederat.
3447 503 3667 569 litteris,

2085 595 2220 650 alias
2260 596 2524 650 Adversus
2561 595 2863 649 Eudoxum
2916 596 2984 648 ad
3037 594 3382 649 Antisthenae
3422 595 3666 664 scripsit.

391 701 536 745 runt.
597 691 654 744 In
711 691 898 745 eadem
943 691 1152 762 synodo
1199 688 1434 745 Basilius
1485 687 1809 759 Ancyranus
1849 701 1975 740 cum

390 779 623 836 l‘hutino
671 797 856 836 coram
904 782 1610 852 imperatorecongressus
1655 789 1778 833 ost:
1823 777 1980 844 cujus

390 873 778 943 disputationis
813 875 1142 929 mentionem
1185 874 1242 928 iu
1283 873 1603 927 Photiniana
1647 870 1838 926 lneresi
1887 869 1979 922 :fa-

390 965 466 1019 cit
521 963 874 1035 Epiphanius.
926 964 1092 1020 Osius
1137 978 1267 1020 vero
1325 964 1414 1018 diu
1467 979 1589 1017 cum
1649 963 1977 1016 Arianorum

391 1054 616 1125 perlidia
653 1066 711 1112 et
747 1057 1092 1126 imperatoris
1126 1056 1446 1111 crudelitate
1477 1055 1737 1120 luctatus,
1779 1069 1844 1108 ac
1891 1053 1981 1107 di-

393 1149 630 1204 rissimis
681 1149 968 1206 tormentis
1005 1149 1445 1210 excarniﬁcatus.
1486 1158 1764 1219 postremo
1805 1146 1981 1200 eidem

2083 688 2324 758 Snbjicit
2355 690 2440 743 his
2472 689 2728 743 Socrates
2753 688 3116 742 Ariminensis
3158 688 3374 742 concilii
3401 688 3676 740 narratio-

2080 793 2210 831 nem
2239 798 2251 833 :
2284 779 2337 833 in
2371 793 2481 848 quo
2516 779 2639 833 ﬁdei
2675 777 2932 840 Ἕκθεσις
2969 779 3059 832 illa
3103 779 3170 832 ab
3212 775 3442 832 Ursacie
3475 785 3532 830 et
3567 775 3669 830 Va-

2087 871 2229 928 lente
2253 870 2529 940 proposita
2562 879 2665 930 est.
2689 885 2822 939 quae
2861 869 3050 924 Sirmii
3085 877 3213 925 ante
3237 879 3508 938 concepta
3543 868 3672 922 fne-

2083 974 2192 1021 rat.
2235 963 2576 1018 Sozomcnus
2603 973 2792 1017 autem
2842 961 3042 1017 Liberii
3078 962 3155 1016 ab
3180 962 3387 1018 exsilio
3431 959 3676 1016 revocati

2083 1071 2154 1110 ac
2177 1053 2409 1107 Romam
2452 1054 2732 1109 redeuntis
2763 1053 3048 1108 historiam
3075 1055 3336 1124 pertexit.

398 1241 656 1310 impietati
695 1241 1038 1312 subscripsit.
1085 1240 1395 1296 Secundum
1439 1241 1553 1294 hinc
1602 1238 1981 1308 constantius,

399 1333 581 1386 occiso
621 1331 952 1402 Magnentio,
999 1331 1162 1398 cuius
1218 1332 1393 1386 caules
1445 1331 1769 1386 Constantio
1817 1327 1880 1382 VI
1929 1337 1985 1383 et

398 1421 554 1476 Gallo
579 1421 620 1474 ll
645 1437 814 1486 eoss.,
845 1422 936 1492 qui
967 1433 1052 1478 est
1087 1437 1264 1478 annus
1301 1423 1427 1487 555,
1464 1423 1696 1484 accidit,
1743 1437 1807 1476 ac
1851 1421 1984 1475 reli-

396 1513 522 1581 quis
547 1514 795 1583 tyrannis
826 1513 1140 1568 felicissime
1174 1513 1508 1582 compressis
1547 1523 1647 1568 aut
1675 1512 1982 1578 exstinctis,

398 1603 552 1658 Gallo
595 1605 816 1673 insuper
862 1615 1078 1668 necato,
1109 1605 1442 1659 Constantio
1485 1603 1570 1657 Vll
1613 1614 1668 1658 et
1723 1603 1877 1659 Gallo
1913 1601 1984 1657 ill

397 1707 566 1758 coss.,
592 1710 737 1749 anno
761 1695 886 1762 554,
911 1696 1128 1750 demmn
1153 1695 1445 1750 Arbetione
1467 1706 1516 1750 et
1539 1694 1785 1750 Lolliano
1815 1710 1986 1762 coss.,

2092 1165 2212 1235 Qua
2251 1166 2304 1219 in
2351 1181 2405 1220 re
2453 1165 2690 1218 hodierni
2725 1167 3003 1232 scriptores
3034 1165 3312 1219 annalium
3347 1166 3411 1218 ab
3443 1164 3678 1234 antiquis

2647 1235 2759 1289 illis
2791 1236 3127 1290 dissentiant.

2162 1325 2317 1391 Quod
2361 1325 2428 1379 de
2475 1324 2794 1380 Sirmicnsis
2835 1327 3100 1380 adversus
3130 1323 3426 1379 Pbotinum
3454 1325 3681 1381 concilii

2095 1426 2336 1487 tempore
2385 1415 2643 1471 Socrates
2695 1431 2758 1472 ac
2803 1415 3144 1471 Sasomenus
3177 1418 3515 1472 tradiderunt
3543 1457 3558 1479 ,
3596 1419 3684 1471 ni-

2087 1513 2296 1568 mirum
2322 1510 2521 1580 Sergio
2551 1523 2620 1564 ac
2642 1508 2913 1580 ‘Nigriano
2937 1523 3080 1564 coss.
3116 1508 3449 1563 celebratum
3479 1510 3678 1575 fuisse,

2095 1603 2187 1674 qui
2232 1617 2315 1657 εει
2359 1617 2536 1656 annus
2577 1616 2700 1655 aera:
2748 1599 3070 1654 Christiana:
3103 1598 3234 1664 551,
3272 1599 3325 1652 id
3368 1599 3422 1653 in
3466 1602 3685 1671 magnis

2096 1693 2400 1748 'A-nnalibus
2452 1691 2521 1746 ad
2567 1705 2771 1746 annum
2811 1690 2912 1744 557
2947 1690 3160 1744 duolms
3203 1690 3286 1744 vel
3327 1691 3505 1746 tribus
3548 1707 3688 1760 prae-

400 1802 545 1840 anuo
578 1787 704 1854 555,
741 1787 967 1841 Romam
1019 1796 1079 1841 ut
1113 1787 1487 1856 triumpharet
1539 1787 1833 1856 profectus,
1871 1786 1986 1842 Mc-
2010 1768 2064 1828 Ἦ
2098 1788 2285 1844 sertim
2337 1784 2675 1856 argumentis
2701 1782 2987 1838 refellitur.
3019 1783 3267 1849 Quorum
3295 1784 3685 1838 auctoritatem

401 1878 607 1933 diolani
651 1878 920 1949 synodum
956 1878 1113 1947 :COgil.
1155 1878 1416 1932 adversus
1459 1878 1842 1934 Athanasium.
1887 1878 1988 1935 Cui

403 1983 526 2022 cum
592 1966 860 2020 acerrime
913 1964 1323 2036 refragareutur
1391 1965 1646 2020 catholici
1711 1967 1990 2038 episcopi,

399 2058 706 2127 praesertim
744 2056 1012 2112 Eusebius
1045 2055 1424 2120 Vcrcellonsis,
1446 2057 1750 2129 Dionysius
1789 2057 1993 2115 Medio-

400 2147 672 2214 lanensis,
691 2147 956 2204 Paulinus
988 2147 1360 2213 'el‘revcrensis,
1391 2147 1606 2204 Lucifer
1625 2149 1992 2218 Calaritanus,

407 2239 590 2294 caerula
600 2254 656 2293 re
674 2239 816 2309 .jussi
852 2249 1001 2295 sunt.
1913 2241 1918 2245 ’

481 2329 686 2385 Eodem
730 2345 877 2385 anno
915 2329 1248 2386 etLibcrius
1291 2329 1572 2388 Romanus
1593 2333 1868 2404 pontifex,
1903 2335 1997 2405 qui

405 2420 555 2476 Julia
604 2431 965 2485 successerat,
1021 2423 1165 2491 quod
1219 2422 1578 2478 Athanasium
1629 2426 2000 2482 condemnare

405 2514 602 2576 nollet.
636 2514 906 2584 relegatus
943 2524 1051 2577 est,
1079 2521 1139 2567 ut
1181 2512 1354 2566 :iidem
1390 2515 1633 2569 historici
1659 2531 1791 2570 cum
1822 2515 2002 2573 Thro-

416 2606 607 2660 durcto
623 2615 681 2660 et
711 2605 1012 2661 Athanasio
1035 2614 1327 2660 testantur.
1351 2604 1428 2661 De
1452 2606 1670 2662 Liberio
1685 2612 2000 2666 veroxetialn

405 2694 742 2750 Ammianus
787 2696 881 2750 lib.
938 2712 1029 2751 xv.
1083 2695 1182 2750 His
1221 2696 1302 2750 ita
1353 2696 1653 2762 coniectis,
1710 2699 2006 2770 imperator

420 2802 566 2842 arato
601 2787 860 2857 «sequenti
905 2788 1073 2842 tertio
1118 2786 1346 2844 Kalend.
1383 2788 1564 2845 'Maias
1606 2790 1836 2846 Romam
1877 2811 2007 2850 sese

425 2880 679 2945 cmitulit,
734 2890 792 2934 nt
835 2880 976 2935 idem
1036 2881 1359 2936 Ammianus
1405 2891 1602 2939 auctor
1633 2896 1722 2941 est
1759 2888 1861 2942 ‘Iib.
1895 2904 2004 2944 aia.

417 2971 530 3035 Qui
583 2986 714 3026 cum
769 2971 883 3026 illic
931 2971 1138 3027 diutius
1187 2974 1517 3028 commorari
1572 2976 1759 3042 vellet,
1810 2980 2010 3036 auditis

429 3063 785 3118 barbarorum
813 3064 1244 3130 incursionibus,
1271 3082 1323 3120 tv
1353 3065 1472 3122 Kal.
1495 3067 1621 3123 .lun.
1652 3069 1705 3124 in
1731 3070 2010 3142 lllyricum

428 3154 838 3224 pml'octusest.
865 3153 1011 3212 :Cnm
1053 3165 1235 3212 niuem
1271 3156 1467 3212 Romae
1515 3158 1694 3214 adhuc
1722 3159 2016 3230 imperator

423 3247 673 3314 degeret,
693 3245 804 3300 hoc
839 3255 923 3301 est
951 3259 1153 3301 antcalv
1180 3247 1299 3302 Kal.
1329 3247 1550 3308 lunias.
1578 3248 1855 3306 Eudoxius
1884 3251 2017 3306 Ger-

427 3337 685 3390 manicis:
701 3337 761 3389 in
791 3335 948 3407 Syria
974 3338 1286 3406 cpiscopus,
1305 3353 1440 3392 eum
1475 3338 1554 3393 «ιο
1585 3338 1801 3395 Leontii
1825 3341 2021 3396 Antio-

428 3425 576 3479 ;chiae
622 3424 860 3494 episcopi
920 3437 1092 3482 morte
1137 3429 1509 3484 renuntiatum
1547 3439 1726 3494 esset.
1757 3433 2021 3487 vinissionc

440 3531 471 3570 a
500 3516 824 3570 Constantio
853 3517 1159 3587 impetrata,
1207 3519 1260 3572 in
1301 3517 1513 3590 Syriam
1549 3522 1870 3591 perveniens
1907 3523 2022 3576 Ali-

442 3609 754 3662 tiochcnam
801 3609 984 3664 sedem
1033 3622 1283 3679 occupat.
1327 3611 1503 3678 Quam
1548 3613 1863 3682 dignitatem
1894 3615 2024 3670 ade-

442 3709 566 3770 ptus
615 3708 760 3754 totus
797 3699 848 3754 iu
906 3700 957 3754 id
997 3703 1281 3767 incumbit,
1321 3713 1380 3757 ut
1417 3704 1630 3758 Aetium
1663 3716 2024 3776 cognomento

439 3793 633 3857 ἄθεον,
686 3800 742 3846 et
800 3795 1194 3847 Anommnrum
1249 3793 1550 3864 principem
1603 3795 1894 3865 pristinum
1961 3797 2016 3850 in

439 3885 670 3953 gradum
709 3883 1041 3939 restitueret.
1094 3883 1196 3940 llic
1237 3886 1381 3941 enim
1423 3901 1454 3941 a
1496 3885 1720 3940 Leontio
1760 3886 2024 3941 diaconus

440 3976 748 4037 ordinatus,
780 3991 877 4045 pro
908 3989 974 4029 co
1002 3977 1146 4045 quod
1184 3976 1380 4032 Filiqu
1431 3979 1521 4032 Dei
1558 3993 1624 4033 ex
1659 3978 1831 4033 nihilo
1870 3996 2022 4034 crea-

441 4078 578 4130 tum,
622 4075 677 4122 et
712 4065 891 4122 Patris
951 4067 1276 4123 dissimilem
1310 4079 1596 4136 assereret,
1640 4071 1932 4127 danmatus
1973 4081 2027 4126 ct

445 4160 654 4230 rjectus
686 4157 882 4215 fuerat.
914 4157 1085 4228 Cujus
1125 4159 1453 4230 impietatem
1495 4176 1620 4215 cum
1665 4161 1872 4216 foveret
1919 4161 2026 4215 Eu-

438 4255 658 4320 doxius,
696 4255 896 4309 frustra
933 4255 1084 4309 illunt
1124 4255 1415 4309 restituere
1451 4268 1516 4308 ac
1565 4267 1821 4308 revocare
1856 4267 2024 4306 cona-

2099 1879 2276 1936 secuti
2314 1877 2510 1948 reliqui
2536 1874 2932 1932 ecclesiastica:
2984 1874 3228 1929 historia:
3261 1882 3691 1944 temporumque

2101 1971 2433 2034 conditores,
2463 1982 2594 2023 cum
2623 1966 2828 2021 erroris
2858 1967 3076 2020 eosdem
3115 1965 3245 2020 illos
3281 1967 3578 2035 scriptorcs
3607 1967 3690 2021 in-

2103 2063 2385 2129 simulant,
2415 2069 2530 2115 tum
2567 2061 2714 2113 anno
2743 2057 2946 2112 Christi
2994 2057 3120 2120 357,
3159 2056 3490 2112 Constmrtio
3521 2056 3596 2109 ‘lX
3627 2066 3692 2112 et

2102 2152 2509 2214 .lulianoooss.,
2552 2149 2873 2204 damnatum
2919 2149 2972 2202 in
3008 2146 3292 2204 Sirmieus‘i
3318 2149 3693 2203 conciliabula

2106 2246 2401 2300 Pbotinum
2453 2249 2729 2298 asserunt.
2776 2241 3108 2309 Argumenta
3165 2255 3330 2309 porro
3376 2251 3507 2294 sunt
3537 2240 3692 2308 ejus-

2107 2336 2254 2391 modi
2290 2355 2302 2389 :
2337 2333 2887 2404 inprimisSocrates
2917 2346 2989 2385 ac
3023 2331 3362 2387 Sozomenus
3391 2341 3692 2395 testantur,

2107 2428 2297 2484 Osium
2317 2427 2737 2482 Cordubenscm
2766 2424 2836 2477 ad
2871 2423 3224 2478 Sirmiensem
3255 2423 3527 2495 synodum
3559 2421 3696 2476 imi-

2101 2531 2225 2577 !tum
2251 2520 2583 2581 accessisse.
2609 2520 2800 2589 ibique
2825 2518 2880 2572 vi
2914 2533 2978 2572 ac
3003 2516 3297 2571 tormentis
3313 2525 3595 2572 extortam
3619 2513 3698 2569 ab

2105 2615 2206 2668 illo
2229 2611 2515 2666 Athanasii
2541 2611 2978 2665 (lauinmimem.
3007 2608 3171 2678 Atqui
3209 2607 3424 2662 nonnisi
3455 2608 3699 2677 relegata

2105 2709 2221 2779 iam
2269 2704 2506 2770 Liborio,
2541 2705 2842 2774 mmo
2883 2701 3118 2770 insuper
3167 2714 3370 2754 annum
3411 2697 3524 2768 jam
3551 2696 3702 2751 inte-

2113 2814 2272 2870 grum
2329 2795 2515 2850 Sirmii
2567 2805 2712 2850 esset
2772 2809 2801 2848 a
2869 2791 3188 2848 Constantio
3243 2793 3518 2853 detentus,
3559 2804 3700 2844 cum

2113 2891 2336 2946 Arianis
2365 2887 2788 2945 mntniunicavit
2812 2886 3018 2948 'Osins;
3055 2885 3196 2955 quod
3232 2883 3572 2938 Athanasius
3597 2882 3705 2936 do-

2109 2995 2206 3040 cet
2235 2983 2412 3052 Epist.
2459 2981 2529 3034 ad
2565 2980 2834 3034 solitarius
2863 2996 2878 3031 :
2908 2977 3020 3032 Καὶ
3055 2976 3184 3031 ἀντὶ
3223 2973 3526 3047 ἐξορισμοῦ
3561 2990 3709 3027 ’κατ-

2117 3073 2236 3144 έχει
2277 3070 2476 3125 τοῦτον
2515 3069 2636 3123 ὅλον
2683 3067 2935 3122 sua.qu
2975 3070 3046 3120 ὶὲν
3095 3065 3179 3136 τῷ
3221 3065 3455 3137 Σιρμίῳ.
3506 3063 3707 3118 Basilii

2119 3165 2232 3220 loco
2268 3180 2469 3222 annum
2504 3163 2762 3229 integrum
2802 3159 2992 3215 "Sirmii
3018 3159 3178 3213 illum
3216 3156 3709 3234 detinet.Liberius

2097 3270 2325 3322 autem,
2359 3265 2420 3310 ut
2449 3271 2516 3309 ex
2549 3252 2775 3308 Socrate
2803 3262 2857 3308 et
2899 3253 3191 3306 'Ammiatm
3218 3253 3404 3322 liquet,
3435 3267 3546 3306 non
3575 3261 3712 3307 me

2117 3350 2322 3406 Christi
2364 3365 2566 3402 annum
2598 3347 2725 3410 555,
2766 3346 3062 3400 Arbetione
3111 3346 3318 3399 scilicet
3361 3353 3417 3400 et
3459 3344 3710 3406 Lolliano

2121 3459 2299 3505 coss.,
2334 3441 2389 3494 in
2421 3441 2674 3495 exsilium
2710 3437 2865 3500 abiit,
2891 3453 3014 3493 cum
3049 3435 3432 3502 Mediolanum,
3467 3438 3561 3491 ubi
3583 3447 3712 3492 tum

2120 3531 2481 3587 Conslandus
2525 3538 2663 3593 erat,
2713 3527 2886 3582 Roma
2930 3537 3078 3584 esset
3108 3528 3338 3583 excitus.
3369 3528 3709 3582 Athanasius

2123 3641 2251 3679 vero
2285 3624 2484 3678 eodem
2532 3623 2624 3676 illo
2659 3623 2807 3676 libro
2849 3621 3042 3676 scribit
3083 3619 3278 3676 Osium
3323 3636 3395 3674 ex
3437 3620 3709 3688 Hispania

2125 3715 2361 3783 primum
2425 3710 2731 3765 Constantii
2791 3710 2992 3766 litteris
3047 3711 3283 3766 accitum
3341 3709 3708 3765 Mediolanum

2125 3803 2369 3868 venisse;
2403 3801 2751 3872 indidemque
2785 3801 2838 3855 in
2879 3802 3111 3871 patriam
3141 3801 3211 3856 ab
3245 3801 3337 3855 illo
3367 3802 3706 3858 remissum:

2123 3893 2285 3963 paulo
2317 3902 2438 3962 post
2470 3893 2665 3946 iterum
2695 3901 2980 3947 evocatum
3030 3907 3176 3946 anno
3217 3901 3334 3947 toto
3373 3891 3560 3948 Sirmii
3593 3910 3707 3949 ma-

2125 3995 2368 4039 ceratum
2409 3984 2819 4053 cruciatumque
2860 3984 3078 4038 demum
3113 3984 3490 4039 succubuisse.
3556 3985 3710 4052 Quod

2121 4075 2172 4130 si
2201 4091 2345 4130 anno
2390 4075 2657 4130 duntaaat
2699 4075 2804 4129 356
2848 4074 3224 4138 Constantius,
3258 4092 3322 4128 ex
3363 4093 3471 4146 quo
3509 4075 3710 4130 Sirmio

2128 4167 2182 4220 in
2216 4167 2421 4221 Italiam
2451 4165 2728 4237 profectus
2759 4177 2900 4230 erat,
2930 4166 3102 4220 lloma
3138 4167 3191 4220 in
3224 4167 3496 4237 Illyricum
3531 4183 3710 4222 rever-

2127 4269 2222 4310 sus
2251 4269 2354 4320 cst,
2387 4257 2463 4310 uti
2495 4273 2658 4326 supra
2684 4256 3020 4325 disputatum
3058 4267 3160 4321 est,
3195 4266 3420 4327 apparet
3447 4273 3551 4312 non
3586 4269 3710 4314 ante

441 4355 558 4408 tus,
610 4355 670 4399 ut
715 4343 908 4400 scribit
961 4344 1251 4408 Socrates,
1297 4343 1472 4412 p-dam
1516 4342 1720 4396 nefaria
1768 4343 1888 4410 ejus
1928 4343 2027 4396 do-
2125 4348 2230 4402 357
2260 4363 2487 4414 annum,
2523 4347 2767 4403 confecta
2793 4349 2905 4416 jam
2956 4346 3068 4402 Osii
3114 4364 3296 4404 annua
3342 4351 3528 4406 Sirmii
3574 4353 3710 4406 rele-

441 4447 622 4506 gmata
653 4438 948 4506 pnedicare
977 4436 1163 4505 erepit,
1197 4451 1266 4490 eo
1291 4450 1424 4488 sane
1460 4433 1842 4498 conﬁdentius,
1876 4432 2020 4502 quod
2056 4464 2100 4519 Β
2129 4440 2363 4510 gationc,
2409 4440 2766 4496 Sirmicnscm
2821 4441 3088 4511 synodum
3129 4442 3268 4495 obiri
3313 4445 3578 4512 potuisse,
3623 4444 3709 4499 cui

435 4527 554 4582 ‘Osii
584 4528 957 4583 Cordubensis
1003 4528 1214 4582 litteras
1262 4527 1558 4598 iactitaret,
1590 4525 1790 4596 quibus
1845 4525 2022 4579 eidem
2130 4531 2295 4586 Osius
2333 4530 2660 4602 sull‘ragator
2707 4533 3020 4586 accesserit.
3081 4531 3176 4587 His
3224 4533 3436 4588 duabus
3495 4537 3712 4590 rationi-

442 4619 614 4671 crrori
652 4618 1072 4687 subscripserat.

515 4727 648 4794 Quae
687 4742 810 4781 cum
841 4725 1104 4794 Georgius
1147 4723 1490 4778 Laodiccnus
1535 4723 2029 4789 animadvertisset,

431 4819 654 4873 litteras
681 4816 950 4886 Ancyram
986 4813 1051 4868 ad
1086 4813 1343 4868 Basilium
1383 4813 1566 4875 dedit;
1613 4813 1702 4880 qui
1741 4822 1852 4865 tum
1893 4812 2032 4867 forte

444 4913 510 4968 ad
560 4907 951 4969 dedicandam,
1020 4922 1183 4975 quam
1245 4914 1668 4966 conslruxcrat,
1740 4905 2028 4958 ecclesiam

445 4997 756 5068 complures
811 5009 878 5049 ex
927 4991 1174 5046 linitimis
1215 4990 1487 5060 episcopis
1539 5000 1884 5044 convocarat.
1921 4988 2032 5042 lla-

446 5094 558 5147 bito
595 5093 775 5158 itaque
800 5088 1086 5158 Ancyrauo
1117 5083 1369 5148 concilio,
1397 5083 1659 5152 lectisque
1693 5083 1911 5151 Gem-gii
1943 5083 2029 5136 lit-

445 5181 597 5244 teris,
626 5181 902 5232 (lect-ctum
951 5173 1081 5228 illud
1128 5172 1251 5226 fidei
1283 5170 1569 5224 conditum
1595 5179 1696 5230 est,
1726 5170 1870 5239 quod
1907 5171 2034 5240 Epi~

447 5274 683 5344 phanins
724 5281 777 5324 ct
809 5268 1054 5322 llilarius
1100 5271 1569 5322 commemorant:
1639 5262 1690 5314 in
1745 5278 1856 5332 quo
1903 5278 2036 5330 sup-

446 5381 635 5436 pressa
665 5362 759 5416 τοῦ
805 5359 1086 5431 ducoea-Ion
1123 5372 1277 5419 voce,
1327 5353 1651 5425 ὀμοιούσιος,
1683 5353 1786 5407 hoc
1825 5363 1926 5417 est,
1958 5352 2032 5405 si-

448 5458 594 5510 milis
635 5454 780 5508 Patri
833 5451 1152 5506 substantize
1196 5446 1393 5500 Filium
1439 5460 1560 5500 esse
1605 5443 1836 5514 professi
1881 5453 2032 5509 sunt,

449 5562 478 5598 a
529 5562 638 5612 quo
676 5543 1000 5598 Semiariani
1045 5539 1196 5594 dicti.
1247 5537 1384 5591 Tum
1438 5535 1597 5606 legati
1657 5533 1917 5588 Sirmium
1962 5533 2029 5587 ad

439 5635 830 5697 imperatorem
867 5651 894 5683 a
929 5631 1137 5701 synodo
1169 5629 1343 5691 missi,
1375 5626 1606 5682 Basilius
1641 5626 1888 5696 Ancyra,
1928 5624 2037 5679 Eu-

454 5721 687 5775 stathius
713 5721 972 5786 Sebastzc,
1005 5718 1260 5773 Leontius
1281 5715 1466 5785 Cynici
1493 5716 1756 5786 episcopi.
1785 5715 2032 5784 Quorum

2133 4621 2256 4686 bus,
2281 4624 2424 4692 quod
2455 4634 2508 4677 et
2535 4631 2656 4692 post
2689 4621 2889 4676 Liberii
2919 4623 3196 4689 exsilium,
3227 4633 3280 4678 et
3312 4635 3436 4694 post
3472 4641 3710 4681 annuum

2133 4726 2406 4765 carcerem
2442 4711 2508 4765 ad
2541 4710 2989 4766 consentiendum
3019 4717 3247 4768 adactus
3281 4715 3352 4768 sit
3388 4713 3578 4780 Osins,
3613 4727 3714 4770 ter-

2129 4805 2263 4859 tiam
2295 4806 2543 4874 adjunxit
2576 4821 2640 4860 ex
2675 4803 2903 4872 Hilario,
2936 4806 3029 4876 qui
3075 4807 3215 4862 libro
3255 4807 3326 4861 De
3353 4810 3569 4878 synodi:
3601 4808 3713 4864 Sir-

2135 4896 2397 4950 micnsem
2437 4895 2670 4948 allirmat
2714 4905 2838 4964 post
2878 4895 3170 4950 triennium
3199 4914 3321 4953 esse
3364 4901 3713 4962 celebratam,

2133 5001 2200 5039 cx
2229 5001 2338 5054 quo
2367 4984 2661 5040 Saturnino
2692 4983 2992 5041 Arelatensi
3028 4988 3284 5056 episcopo
3318 4989 3520 5041 Ariano
3561 5007 3589 5042 a
3623 5005 3716 5042 ca-

2135 5078 2356 5132 tholicis
2388 5087 2472 5132 est
2513 5086 2704 5148 negata
2733 5079 3066 5132 communio.
3120 5078 3405 5133 Manifesta
3447 5097 3573 5133 vero
3616 5081 3715 5135 Sa-

2137 5170 2340 5223 turnini
2379 5170 2611 5224 defectio
2655 5178 2769 5224 tum
2811 5171 3058 5240 contigit,
3095 5187 3215 5224 cum
3251 5183 3561 5240 expugnato
3606 5172 3718 5226 Ma-

2139 5261 2359 5330 gnentio
2400 5263 2752 5316 Constantius
2805 5261 3079 5316 Arclatam
3131 5277 3254 5317 sese
3294 5263 3546 5317 contulit.
3578 5263 3718 5317 Con-

2139 5363 2244 5406 stat
2274 5363 2455 5406 autem
2484 5370 2546 5408 ex
2585 5354 2873 5408 Ammiano
2903 5354 2994 5407 lib.
3028 5371 3136 5408 χχιι
3169 5354 3553 5408 Constantium
3588 5371 3714 5408 non-

2141 5444 2244 5498 nisi
2292 5461 2435 5499 anno
2461 5447 2669 5500 Christi
2703 5447 2808 5501 555
2855 5462 2913 5501 se
2949 5445 3014 5500 Vl
3052 5456 3106 5501 et
3150 5446 3318 5506 Gallo,
3342 5446 3382 5499 ll
3409 5463 3554 5502 coss.
3592 5448 3722 5501 Are-

2139 5535 2301 5589 latam
2334 5537 2566 5602 venisse,
2600 5538 2907 5607 ibidemque
2939 5539 3167 5592 natalem
3201 5555 3362 5592 suum
3393 5556 3444 5592 vi
3484 5539 3560 5592 ld.
3600 5539 3721 5592 Oct.

2141 5626 2462 5681 celebrasse.
2496 5628 2659 5682 Unde.
2674 5631 3022 5698 perspicuum
3057 5640 3142 5684 est
3181 5646 3328 5684 anno
3366 5631 3585 5685 demum
3617 5630 3723 5684 357

2144 5699 2507 5789 trienniojam
2549 5722 2820 5788 absoluto,
2869 5721 3224 5780 Sirmicnscm
3281 5726 3548 5796 synodum
3601 5739 3719 5794 pcr-
