3994 6222
288 345 409 396 lilii!

1122 342 1207 394 DE
1235 338 1580 395 SlliillENSl
1614 337 1699 390 ΕΤ
1740 334 2114 390 ἈΝΕῪΠΛΝᾹ
2158 330 2739 390 I’SEHDOSYNODO.

3401 333 3538 390 μ’ϋῆ

277 471 454 513 actam
485 457 677 513 fuisse.
707 457 841 524 Quae
865 457 1085 527 quidem
1107 459 1297 512 omnia
1347 458 1428 512 sic
1468 458 1520 511 in
1567 454 1860 511 Ainialilmt
1891 457 1935 511 Α
1965 452 2144 516 Quam
2203 450 2426 519 quidem
2483 451 2626 520 apud
2691 449 2972 502 Socratem
3031 445 3229 509 habes,
3287 445 3538 516 ascriptis

276 549 618 620 digeruntur.

349 644 508 695 Anno
539 642 644 696 555
693 640 1018 695 Constantio
1049 639 1118 695 VI
1163 651 1217 695 (ιι
1241 642 1395 697 Gallo
1426 639 1464 694 ll
1498 655 1671 702 coss.,
1709 638 1854 693 victo

280 731 588 802 Magnentio
615 732 970 787 Constantius
1010 736 1063 787 in
1092 731 1294 788 Gallias
1323 732 1614 802 profectus,
1643 730 1855 785 Arelate

280 827 515 880 hiemem
560 823 820 880 traduxit.
865 823 970 880 Ubi
1016 825 1247 878 concilio
1293 824 1619 877 Arianorum
1667 834 1854 877 coacto

280 921 573 972 damnatur
605 916 974 981 Athanasius;
1028 915 1286 970 Paulinus
1330 915 1703 976 Treverensis,
1748 931 1854 969 una

281 1026 406 1065 cum
433 1010 640 1078 aliquot
662 1008 946 1063 catholicis
983 1009 1254 1077 episcopis
1285 1008 1477 1061 exsilio
1513 1007 1745 1061 multati.

348 1103 510 1154 Anno
539 1101 646 1155 554
671 1099 996 1155 Constantio
1027 1099 1110 1154 Vll
1143 1108 1207 1154 et
1235 1099 1387 1154 Gallo
1409 1099 1478 1151 illi
1518 1115 1686 1163 coss.,
1730 1098 1857 1154 Gal-

281 1196 368 1247 lus
412 1192 595 1246 Caesar
639 1191 943 1246 Constantii
994 1191 1150 1260 jussu
1205 1201 1460 1245 necatur.
1527 1192 1857 1246 Athanasius

282 1283 623 1337 Alexandriae
658 1293 902 1337 vexatur.

354 1377 512 1430 Anno
550 1376 654 1429 555
685 1376 979 1430 Arbetione
1019 1387 1072 1430 et
1117 1375 1363 1431 Lolliano
1401 1393 1570 1440 coss.,
1603 1375 1859 1429 Mediola-

285 1483 454 1521 ncnso
503 1467 794 1521 concilium
848 1467 1104 1520 indicitur
1148 1483 1211 1522 ac
1252 1468 1560 1522 celebratur
1592 1467 1645 1521 in
1693 1473 1872 1521 causa

191 1611 194 1615 ,
283 1559 591 1622 Athanasii,
633 1571 903 1628 praesente
949 1559 1284 1615 Constantio.
1316 1560 1417 1627 Qui
1453 1561 1750 1616 catholicos
1796 1577 1860 1615 ac

286 1649 666 1705 sanctissimos
712 1651 996 1720 episcopos
1045 1652 1192 1706 illius
1237 1652 1574 1707 damnationi
1623 1652 1862 1708 subscri-

287 1740 414 1793 bere
443 1751 758 1796 recusantes
789 1743 843 1796 in
894 1743 1148 1798 exsilium
1195 1745 1384 1814 ejicit;
1427 1746 1683 1800 nimirum
1730 1746 1860 1801 Ver-

1961 555 2106 594 t-oss.
2180 541 2496 595 nominibus
2542 559 2556 595 :
2607 554 2716 608 qua
2772 539 2839 593 de
2905 550 3071 590 causa
3144 535 3536 590 catholicorum

1960 631 2226 691 muniunt.
2282 631 2579 698 praesertim
2609 628 2919 693 Athanasii,
2953 628 3065 682 risu
3099 643 3164 682 ac
3189 628 3425 681 ludibrio
3455 637 3540 682 est

1961 730 2210 790 exet-pta.
2271 720 2472 776 Eodem
2522 735 2668 774 anno
2717 720 2964 775 Liberius
3018 719 3208 775 Bercta
3253 727 3540 774 revocatus

1964 811 2150 867 Sirmii
2192 813 2383 883 prima
2417 814 2492 867 illi
2547 812 2797 867 formulae
2829 812 3173 881 subscripsit,
3209 827 3332 881 qua:
3355 810 3542 865 Graece

1963 921 1992 959 a
2039 905 2222 960 Marco
2261 916 2452 960 contra
2494 905 2786 960 Photinum
2824 905 3027 972 scripta
3077 904 3289 969 fuerat;
3317 917 3425 956 non
3453 917 3540 956 sc-

1963 995 2172 1049 cnndie.
2215 993 2334 1060 Quo
2355 995 2648 1064 impetrato
2683 995 2912 1048 liomam
2945 993 3255 1046 remittitur.

2031 1088 2194 1141 Anno
2217 1087 2328 1141 .358
2358 1086 2606 1141 absoluta
2627 1084 2910 1140 .Siriniana
2935 1083 3368 1154 pseudosyuodo,
3392 1083 3541 1138 Con-

1963 1182 2199 1235 stantius
2245 1178 2615 1234 Nicomediam
2652 1179 2880 1233 alteram
2913 1175 3130 1231 indicit.
3153 1174 3268 1230 Sed
3292 1187 3541 1228 iii-terrae

1966 1285 2114 1328 motu
2150 1282 2441 1343 prostrata,
2475 1287 2600 1326 mox
2635 1273 2798 1326 etiam
2837 1268 3040 1334 Nicaea,
3066 1282 3181 1337 quo
3209 1277 3537 1322 conventum

1967 1363 2246 1420 transferri
2283 1364 2578 1433 placuerat,
2611 1363 2798 1418 eadem
2837 1361 2995 1414 ruina
3023 1360 3308 1415 subversa.

2033 1459 2194 1510 Anno
2230 1456 2335 1510 559
2370 1456 2621 1511 bifariam
2671 1453 2976 1510 distributis
3018 1452 3311 1522 episcopis,
3349 1452 3541 1505 eodem

1968 1559 2216 1618 tempore
2245 1549 2476 1602 Arimini
2512 1564 2576 1604 ac
2621 1549 2883 1605 Seleuciae
2914 1550 2968 1604 in
2993 1547 3209 1604 Isauria
3237 1544 3429 1615 synodi
3450 1560 3546 1600 2co-

1967 1640 2267 1695 lebrantur.
2295 1638 2454 1694 Hane
2495 1640 2711 1695 illorum
2747 1650 3053 1712 temporum
3093 1640 3398 1704 historiam,
3439 1651 3543 1692 cu-

1963 1733 2204 1801 iusmodi
2256 1731 2310 1786 in
2363 1733 2655 1788 Annalibus
2713 1735 2983 1799 traditur,
3037 1749 3161 1789 cum
3215 1733 3268 1787 in
3327 1730 3541 1786 carueris

283 1832 574 1886 cellenscni
624 1831 942 1897 Eusebium,
995 1811 1314 1906 Dionysium
1367 1837 1858 1906 Mediolanensrin;
1897 1811 1938 1865 Β
1964 1825 2222 1880 Nimbus
2253 1826 2451 1889 Fallet“,
2477 1827 3002 1890 VifﬂﬂtliiiSSimllS.
3029 1841 3135 1879 "011
3164 1824 3451 1893 ἱιηρποὺθῑο
3479 1821 3541 1875 ’ίιι

283 1938 348 1977 ac
377 1932 652 1992 postremo
692 1924 965 1980 Liberium
1013 1940 1233 1996 papam,
1262 1944 1424 1998 quem
1460 1928 1632 1984 Roma
1662 1929 1864 1986 Medio-

284 2015 471 2069 lanum
516 2018 807 2069 acciverat.
850 2013 964 2071 Sub
1002 2015 1117 2072 haec
1157 2017 1326 2075 Osins
1369 2035 1436 2075 ex
1465 2019 1740 2090 Hispaniis
1780 2038 1866 2076 ac-

285 2103 521 2158 cersitus
573 2103 882 2170 frustraque
940 2104 1265 2160 sollicitatus
1309 2106 1360 2160 in
1399 2107 1628 2174 patriam
1682 2107 1860 2162 rediit.

356 2197 515 2248 Anno
541 2195 647 2249 556
667 2195 999 2249 Constantio
1028 2195 1141 2250 Vlll
1173 2206 1225 2251 et
1257 2195 1472 2252 Juliano
1497 2214 1664 2262 coss.,
1699 2200 1866 2253 Atha-

288 2283 477 2338 nasius
515 2281 748 2353 Syr-iano
779 2283 918 2337 duce
966 2293 1252 2354 grassante
1280 2287 1604 2341 Alexandria
1651 2289 1860 2357 pulsus,

286 2373 449 2442 eique
479 2371 806 2427 substitutus
825 2371 1122 2440 Georgius.
1172 2376 1528 2431 Constantius
1558 2377 1866 2433 Mediolano

291 2462 518 2515 Romani
550 2461 796 2530 pervenit
825 2464 985 2516 tertio
1033 2462 1150 2517 Kal.
1203 2465 1386 2534 Majas.
1418 2466 1493 2520 lbi
1543 2483 1572 2519 a
1604 2469 1866 2522 marmnis

291 2553 672 2620 interpellatus
728 2551 1006 2607 Liberium
1058 2554 1237 2609 edicto
1286 2565 1528 2610 revocat.
1585 2556 1866 2614 Emloxius

289 2639 654 2696 Giirmanicia:
686 2642 979 2712 episcopus
1017 2645 1204 2700 audita
1241 2644 1454 2700 Leontii
1487 2656 1660 2701 morte
1696 2647 1865 2703 Roma

289 2731 639 2784 Antiochiam
675 2732 936 2788 advolaos
974 2734 1159 2788 sedem
1209 2744 1466 2805 occupat.
1505 2736 1867 2794 Constantius

292 2839 346 2877 iv
398 2822 518 2878 Kal.
553 2823 682 2879 Jun.
715 2823 861 2879 Urbe
885 2826 1198 2895 digrediens
1234 2828 1286 2882 in
1319 2827 1594 2900 illyricum
1625 2830 1864 2887 festinat.

361 2915 521 2968 Anno
553 2914 655 2969 557
691 2914 1017 2971 Constantio
1048 2917 1116 2971 IX
1148 2927 1202 2973 et
1226 2917 1446 2974 Iuliano
1483 2919 1520 2974 ll
1549 2936 1718 2986 coss.,
1749 2922 1866 2978 Sir-

293 3004 506 3058 mieuse
551 3005 847 3059 concilium
899 3021 1084 3060 coram
1137 3006 1464 3062 Constantio
1512 3007 1866 3062 celebratum.

293 3089 351 3145 In
383 3107 492 3163 quo
540 3093 778 3163 primum
822 3078 1122 3150 damnatus
1173 3095 1455 3160 Photinus,
1492 3106 1547 3150 et
1591 3112 1621 3151 a
1659 3097 1868 3153 Basilio

292 3185 522 3255 Ancyrae
569 3185 830 3254 episcOpo
880 3187 1218 3244 confutatus.
1271 3187 1410 3242 Tum
1447 3190 1570 3244 fidei
1611 3189 1868 3246 formulae

293 3285 408 3331 tres
430 3277 761 3346 conscriptae
795 3296 808 3333 :
843 3277 1020 3347 prima
1071 3289 1298 3334 auctore
1337 3279 1530 3334 Marco
1579 3280 1870 3337 Arethusia

295 3366 506 3432 Grieca,
543 3369 607 3421 .in
647 3383 753 3438 qua
793 3371 1033 3424 damnati
1068 3371 1209 3425 inter
1243 3383 1464 3437 extera,
1510 3372 1603 3440 qui
1645 3387 1712 3426 ex
1761 3373 1866 3427 alia

294 3459 625 3524 substantia,
658 3469 716 3515 et
759 3476 869 3516 non
913 3477 980 3518 ex
1032 3461 1142 3518 Deo
1171 3462 1372 3519 Filium
1405 3463 1684 3518 exstitisse
1719 3464 1869 3518 dice-

294 3558 447 3604 rent:
468 3550 610 3604 hanc
633 3550 795 3606 habet
811 3551 1144 3608 Athanasius
1160 3552 1253 3606 Iih.
1271 3552 1347 3606 De
1359 3555 1596 3623 agundis,
1631 3552 1870 3610 Hilarius

296 3642 392 3697 lib.
427 3639 504 3695 De
550 3641 786 3710 agundis,
821 3651 875 3696 et
927 3642 1217 3709 Socrates;
1260 3645 1504 3698 secunda
1532 3643 1719 3699 Latine
1752 3645 1868 3714 pri-

295 3746 446 3786 mum
476 3733 652 3798 edita,
681 3742 740 3787 et
771 3733 964 3790 Graece
1008 3735 1356 3804 postmodum
1393 3751 1684 3801 conversa,
1725 3739 1868 3806 apud

265 3823 495 3884 Athan.
547 3833 604 3878 et
658 3824 935 3878 Socratem
982 3835 1182 3880 exstat.
1235 3826 1366 3890 Qua:
1413 3827 1517 3894 τῆς
1561 3826 1770 3892 οὐσίας,
1819 3837 1872 3882 et

292 3913 604 3982 ὁμωυσιου,
652 3927 754 3967 nec
801 3928 911 3966 non
957 3913 1266 3984 ὁμοιουσίου
1310 3915 1575 3969 vocabula
1621 3929 1872 3970 comme-

297 4003 500 4057 morari
544 4001 754 4068 vetuit;
801 4000 1019 4058 Patrem
1066 4019 1198 4058 vero
1249 4003 1513 4074 majorem
1562 4021 1686 4062 esse
1732 4004 1872 4061 Filio

291 4093 560 4148 decrevit.
607 4091 762 4148 Hanc
802 4092 926 4148 fidei
960 4093 1360 4162 professionem
1415 4095 1485 4150 ab
1515 4094 1652 4151 Osio
1683 4108 1736 4151 et
1769 4095 1886 4169 Po-p

295 4194 518 4239 tamone
537 4185 907 4255 emiseriptain
940 4185 1120 4254 prodit
1154 4185 1417 4243 Hilarius.
1443 4187 1528 4242 Ἐκ
1563 4203 1675 4258 quo
1707 4188 1874 4245 facile

297 4277 594 4344 colligitur,
625 4276 911 4333 lmncosse
945 4277 1067 4332 fidei
1091 4278 1330 4342 ἔκθεσιν,
1362 4278 1522 4349 cujus
1547 4280 1872 4350 approbatio

297 4369 351 4422 vi
399 4384 464 4424 ac
513 4370 802 4426 tormentis
849 4370 919 4425 ab
970 4367 1102 4426 Osio
1151 4379 1236 4427 est
1279 4387 1559 4441 expressa.
1603 4371 1718 4427 Sed
1743 4371 1870 4428 θεἰί

1966 1916 2067 1969 huc
2101 1908 2356 1970 dissentit
2375 1931 2516 1982 uno,
2541 1915 2687 1984 quod
2723 1916 2936 1970 tertiam
2969 1915 3094 1968 fidei
3126 1913 3549 1985 professionem,

1964 2007 2053 2061 cui
2093 2021 2236 2061 coss.
2284 2007 2452 2060 additi
2505 2017 2655 2070 sunt,
2703 2017 2862 2078 negat
2905 2007 2958 2060 in
3007 2005 3290 2060 Sirmiensi
3328 2005 3544 2073 synodo

1966 2097 2137 2152 fusse
2168 2097 2482 2153 conflatam.
2517 2098 2702 2168 Itaque
2725 2100 2871 2154 duas
2901 2097 3169 2152 duntaxat
3195 2097 3401 2167 priores
3422 2095 3545 2146 odi-

1968 2199 2051 2244 tas
2077 2198 2190 2243 tum
2218 2202 2340 2243 esse
2361 2201 2569 2252 censet,
2587 2205 2711 2243 cum
2739 2191 3002 2245 adversus
3031 2189 3323 2243 Photinum
3354 2185 3542 2239 Ariani

1966 2290 2362 2336 convenerunt.
2382 2281 2735 2335 Postremum
2765 2297 2894 2336 vero
2928 2280 3114 2335 Sirniii
3147 2281 3290 2334 illam
3322 2279 3551 2349 quidem

1966 2372 2190 2434 editam,
2222 2372 2313 2424 sed
2349 2371 2400 2424 in
2436 2369 2660 2426 fortuito
2692 2371 3073 2439 episcoporum
3100 2384 3402 2431 concursu,
3437 2383 3544 2420 non

1967 2462 2206 2532 legitimo
2253 2463 2566 2531 indictaque
2612 2462 2864 2516 concilio.
2918 2461 3010 2516 Sic
3071 2452 3227 2514 enim
3269 2460 3546 2514 existimat

1969 2555 2022 2608 in
2059 2556 2147 2610 illa
2196 2553 2546 2620 Praefatione,
2603 2569 2765 2623 quam
2811 2551 3009 2607 lliiarii
3060 2553 3376 2621 fragmentis
3410 2567 3546 2621 pm-

1969 2648 2120 2703 fixit:
2169 2646 2548 2703 Constantium
2583 2647 2778 2702 litteris
2809 2651 2876 2701 ad
2906 2647 3252 2720 Aneyraunm
3289 2647 3543 2700 Basilium

1969 2737 2210 2806 scriptis,
2247 2737 2539 2790 mandasse
2567 2735 2715 2790 ut-dc
2744 2735 2863 2789 loco
2904 2736 3160 2804 cogendae
3199 2736 3388 2806 synodi
3420 2751 3544 2790 cum

1968 2827 2338 2883 Orientalibus
2365 2826 2714 2880 deliberaret.
2751 2824 2855 2880 Sed
2889 2841 3014 2880 cum
3059 2826 3206 2879 inter
3252 2827 3372 2880 illos
3414 2843 3546 2880 con-

1969 2917 2153 2972 venire
2177 2933 2282 2972 non
2301 2924 2515 2985 posset,
2535 2915 2794 2970 Basiiium
2812 2916 2882 2969 ad
2919 2917 3306 2984 imperatorem
3334 2916 3548 2969 venisse

1970 3009 2156 3077 ibique
2216 3005 2456 3060 Marcum
2531 3006 2908 3072 Arcthusium,
2959 3004 3238 3061 Valentem
3293 3007 3550 3075 aliosque

1974 3099 2264 3170 reperisse.
2308 3097 2714 3153 Tunccoilatis
2735 3098 3006 3166 capitibus
3027 3105 3086 3150 et
3104 3096 3548 3165 conspirantibus

1976 3192 2041 3244 ad
2072 3189 2342 3244 Nicainum
2374 3189 2531 3244 fidem
2552 3189 2910 3244 evertendam
2942 3187 3165 3253 ani-niis,
3207 3187 3466 3242 statuisse
3493 3198 3550 3242 ut

1970 3281 2160 3335 Nicaeae
2187 3280 2438 3350 synodus
2488 3280 2794 3334 haberetur.
2835 3277 2972 3333 Post
3007 3294 3141 3333 scum
3187 3279 3432 3332 caimlem
3460 3295 3550 3331 ur-

1971 3373 2277 3426 bcmterra:
2304 3381 2492 3425 motus
2531 3370 2832 3436 afﬂixisset,
2861 3371 3142 3434 statuisse,
3181 3369 3551 3438 ntcpiscopo-

1971 3479 2092 3518 rum
2133 3451 2260 3532 pars
2309 3461 2612 3516 Seleuciam
2653 3476 2776 3516 sese
2821 3460 3114 3516 conferret.
3151 3460 3230 3516 Ac
3273 3476 3368 3530 per
3407 3461 3546 3515 idem

1972 3563 2185 3624 tempus
2214 3553 2399 3608 Sirniii
2431 3568 2624 3606 novam
2657 3568 2722 3607 ac
2762 3553 2972 3607 tertiam
3023 3553 3144 3608 fidei
3194 3552 3482 3606 formulam
3517 3568 3549 3606 a

1972 3645 2154 3700 Marco
2197 3644 2491 3713 Arethusia
2541 3643 2712 3698 fuisse
2759 3644 3159 3713 conscriptam;
3213 3653 3274 3697 nt
3307 3659 3372 3698 ex
3417 3644 3555 3698 Cer-

1973 3736 2126 3791 mii‘iii
2152 3735 2402 3806 epistola,
2430 3751 2554 3804 qua:
2582 3736 2636 3788 in
2663 3734 3006 3806 Fragmcntis
3033 3735 3256 3806 legitur,
3284 3733 3550 3788 ‘Nicolatis

1973 3826 2147 3882 Faber
2179 3827 2455 3881 observat.
2481 3820 2492 3828 ”

1973 3918 2254 3988 ficfell-imr
2298 3918 2552 3972 historica
2608 3918 2936 3986 superiorum
2989 3918 3226 3970 omnim
3275 3918 3548 3970 narratio.

2043 4009 2168 4063 Fuit
2195 4010 2300 4064 hoc
2330 4011 2494 4080 igitur
2521 4009 3140 4078 liactenus'persuasum
3162 4008 3440 4069 omnibus,
3477 4004 3548 4058 ab

1976 4116 2084 4155 una
2151 4100 2452 4167 eademque
2524 4098 2811 4153 Sirmiensi
2875 4099 3083 4169 synodo
3133 4098 3550 4152 condemnatum

1973 4189 2437 4254 essc'P-hotimm,
2469 4198 2524 4244 et
2563 4190 2681 4243 sive
2710 4197 2842 4252 tres,
2879 4189 3000 4243 sive
3031 4189 3171 4244 duas
3195 4189 3393 4244 saltem
3427 4189 3552 4242 fidei

1976 4283 2244 4338 formulas
2270 4297 2395 4336 esse
2419 4277 2710 4350 profectas.
2748 4280 2992 4346 Quarum
3027 4281 3291 4335 adversus
3333 4279 3551 4334 Photini

1975 4375 2230 4445 dogmata
2252 4371 2406 4442 prior
2435 4370 2579 4425 edita
2615 4380 2733 4434 est;
2761 4371 2816 4423 in
2849 4385 2956 4440 qua
2994 4369 3104 4424 Deo
3130 4385 3325 4426 nomen
3357 4371 3554 4434 -οῠσίας

297 4461 514 4529 lapsum
553 4462 932 4531 ‘compensavit
968 4461 1436 4519 'Scmiarianorum
1477 4467 1870 4536 propemodum
1906 4473 1948 4527 D
1981 4466 2300 4520 attributum
2331 4471 2437 4526 est,
2469 4477 2634 4532 quam
2682 4465 2862 4530 neque
2895 4460 3176 4525 collatari,
3211 4475 3393 4530 neque
3429 4476 3552 4517 con-

298 4548 634 4604 catholicum
687 4551 966 4605 decretum
1022 4551 1075 4606 in
1138 4551 1431 4624 Ancyrana
1485 4557 1734 4626 synodo,
1777 4560 1873 4611 cui

301 4640 538 4694 Basilius
572 4641 804 4710 praefuit.
845 4643 900 4698 In
930 4659 1051 4715 quo
1075 4645 1339 4700 adversus
1391 4645 1720 4701 Sirmianam
1754 4663 1876 4718 per-

299 4731 486 4786 ﬁdiam
521 4731 825 4789 Grientaies
851 4734 1090 4804 professi
1121 4746 1270 4803 sunt,
1305 4737 1502 4792 Filium
1536 4753 1634 4807 per
1668 4739 1874 4804 omnia,

301 4825 547 4893 adeoque
593 4824 890 4878 secundum
944 4827 1326 4894 substantiam,
1369 4843 1492 4883 esse
1536 4830 1680 4884 Patri
1721 4830 1877 4886 simi-

300 4911 431 4967 lem.
485 4913 665 4979 Quam
713 4913 1102 4983 professionem
1139 4918 1296 4973 valde
1333 4923 1769 4975 commendatam
1813 4936 1878 4976 ac

302 5005 448 5059 notis
477 5005 807 5059 illustratam
859 5005 1145 5064 inGallias
1171 5009 1320 5064 misit
1367 5008 1628 5066 Hilarius.
1671 5014 1742 5066 At
1761 5011 1876 5066 ‘Ba-

260 5158 265 5162 ,
303 5095 462 5151 silius
486 5110 616 5149 eum
649 5093 1010 5152 Sentiat-iouis
1061 5097 1230 5154 sociis
1279 5096 1542 5153 Sirmium
1597 5115 1874 5165 reversus,

300 5199 356 5244 et
409 5203 533 5242 cum
610 5187 868 5250 Valente,
921 5189 1174 5255 :Ursario,
1225 5191 1543 5260 ueterisque
1602 5191 1877 5258 germanis

301 5282 524 5336 Arianis
572 5295 900 5348 congressus
943 5291 1046 5335 est.
1098 5283 1198 5348 Qui
1251 5283 1323 5336 ita
1373 5284 1591 5336 demum
1645 5285 1786 5337 inter
1819 5299 1879 5339 sc

301 5372 626 5426 Constantio
677 5370 956 5424 unnitcntc
988 5375 1358 5438 consentiunt,
1395 5384 1455 5429 ut
1484 5376 1697 5428 sublato
1740 5375 1876 5429 sub-

303 5462 519 5516 stautiae
566 5459 806 5534 nomine,
855 5459 1048 5514 Filium
1091 5478 1186 5530 per
1219 5465 1400 5518 omnia
1457 5463 1604 5518 Patri
1641 5464 1874 5518 similem

303 5552 426 5607 esse
477 5551 880 5620 profiterentur.
933 5549 1074 5606 llinc
1112 5554 1269 5608 tertia
1323 5557 1413 5609 illa
1464 5555 1587 5609 fidei
1639 5554 1874 5610 formula

306 5643 566 5702 manavit,
621 5655 782 5709 quam
835 5639 1034 5697 Valens
1080 5645 1146 5697 ad
1183 5644 1526 5701 Ariminense
1577 5647 1873 5701 concilium

312 5735 514 5799 detulit,
546 5744 604 5787 ut
637 5731 968 5800 Epiphanius
1003 5733 1103 5789 hac
1147 5735 1262 5806 ipsa
1309 5739 1359 5792 in
1395 5739 1583 5794 litercsi
1617 5748 1872 5796 testatur.

1979 4555 2121 4611 trahi
2175 4569 2342 4625 posse
2388 4554 2795 4608 decreverunt:
2844 4567 3007 4622 quam
3055 4552 3229 4606 etiam
3291 4551 3478 4608 Graerc
3523 4569 3552 4608 a

1977 4646 2161 4701 Marco
2197 4643 2488 4699 Arethusio
2521 4644 2780 4710 scriptam
2811 4651 3042 4699 testatur
3074 4643 3330 4700 Socrates
3357 4644 3467 4700 ⁸ΙΗ).
3493 4662 3552 4710 n,

1977 4752 2096 4807 cap.
2130 4735 2237 4798 25;
2289 4736 2457 4790 altera
2511 4733 2708 4789 Latino
2755 4749 3008 4790 sermone
3035 4736 3267 4803 tradita,
3310 4737 3553 4800 Valente,

1980 4829 2232 4893 Ursacio,
2273 4827 2577 4892 Germinio,
2625 4843 2690 4882 ac
2717 4828 2929 4882 exteris
2963 4828 3234 4898 episcopis
3275 4829 3556 4898 prirsrnti-

1979 4919 2103 4980 bus,
2138 4927 2196 4971 ut
2228 4917 2513 4986 inscriptio
2555 4917 2670 4986 ipsa
2723 4916 2846 4971 fert.
2879 4915 2935 4970 In
2965 4933 3072 4986 qua
3117 4917 3304 4978 οὐσίας
3353 4932 3552 4971 nomen

1978 5024 2190 5065 necnon
2232 5016 2287 5062 et
2331 5006 2614 5078 ὁμοουσξου
2670 5017 2833 5077 atque
2883 5008 3190 5078 ὁμοιουσίου
3267 5007 3553 5073 vocabula,

1978 5103 2124 5173 quod
2159 5103 2224 5156 in
2277 5103 2452 5157 sacris
2483 5101 2700 5156 Litteris
2749 5118 2858 5156 non
2899 5109 3207 5164 exstarent,
3246 5101 3553 5156 oblitterata

1980 5205 2130 5260 sunt,
2163 5204 2217 5248 et
2251 5196 2304 5248 in
2354 5205 2676 5264 perpetuum
2719 5194 3058 5262 proscripta;
3111 5208 3236 5246 nam
3282 5195 3348 5247 de
3397 5193 3554 5248 tertia

1980 5286 2200 5349 merito,
2252 5293 2311 5338 ut
2369 5295 2554 5354 postea
2592 5286 2917 5347 videbimus,
2975 5284 3226 5337 i\icolaus
3255 5283 3430 5336 Faber
3473 5299 3557 5337 re-

1979 5386 2202 5448 pugnat,
2232 5392 2396 5446 quam
2432 5377 2522 5431 alii
2553 5374 2741 5430 eadem
2779 5375 2868 5428 illa
2893 5374 2947 5426 in
2984 5373 3412 5443 synodopntant
3436 5387 3558 5426 esse

1981 5469 2370 5537 conscriptam.
2431 5467 2588 5522 lianc
2637 5466 2903 5528 Socratis,
2956 5464 3248 5518 Sozonicni
3298 5465 3550 5518 aliorum-

1980 5575 2107 5628 que,
2139 5569 2197 5613 ut
2230 5574 2354 5623 mox
2401 5559 2696 5620 constabit,
2743 5556 3226 5610 halluciuatiom-ni
3277 5554 3433 5606 novis
3467 5569 3556 5607 er-

1979 5651 2196 5705 roribus
2239 5652 2570 5704 recentiores
2621 5649 2866 5702 historici
2893 5648 3273 5701 ‘Cllitiltlal'tltti.
3309 5645 3556 5710 Quorum

1982 5756 2087 5795 non
2124 5740 2381 5794 tninimus
2431 5741 2518 5794 ille
2564 5751 2666 5803 est,
2696 5740 2843 5810 quod
2889 5740 3232 5802 Alteri-auaui
3261 5736 3555 5790 Scuttttt'ta-
