3994 6222
516 320 654 384 mss

1660 310 2010 366 arrmmx-
2054 299 2660 364 DISSERTATIONUM

3591 301 3702 359 106i

515 454 710 494 norum
737 435 1024 506 synodum,
1057 446 1180 501 quin
1202 431 1466 485 adversus
1491 424 1788 480 secundam
1823 421 2087 476 Sirmien-
2119 432 2162 484 Α
2198 422 2340 490 apud
2398 420 2765 475 Sozomenum
2809 414 2900 471 lib.
2953 432 3030 481 iv,
3072 427 3194 483 cap.
3245 413 3307 466 l9.
3347 417 3494 467 enixe
3528 415 3587 468 ab
3625 417 3712 474 im-

515 543 628 581 sem
657 525 943 579 formulam
978 522 1158 575 habita
1194 531 1297 584 est,
1329 520 1382 574 in
1414 517 1664 573 eumdem
1713 525 1915 568 annum
1949 529 2083 567 con-

511 616 739 684 jiciunt,
792 628 902 684 quo
961 628 992 666 a
1041 611 1326 665 Sirmicnsi
1376 609 1606 663 conciiio
1656 607 1948 661 damnatus
2001 613 2087 660 est

515 704 800 766 Photinus,
839 717 1032 772 nempe
1070 701 1272 757 Christi
1308 701 1432 754 357-.
1472 697 1673 752 Verum
1702 712 1802 752 nos
1839 711 1905 751 cx
1943 696 2086 750 anti-

513 795 640 862 quis
692 793 944 847 Patribus
981 791 1215 861 primum
1252 789 1384 844 illud
1432 786 1641 843 odorati
1687 801 1917 849 sumus,
1972 794 2086 840 tres

515 886 740 938 omnino
765 895 1066 939 conventus
1087 882 1467 956 episcoporum
1497 879 1688 934 eodem
1719 877 1772 930 in
1795 875 2084 931 Sirmiensi

512 974 714 1042 oppido
765 989 870 1026 non
922 973 1110 1026 iisdem
1160 970 1499 1040 temporibus
1559 967 1859 1022 celebratos
1893 964 2084 1020 fuisse.

512 1066 758 1130 Quorum
812 1065 1023 1134 primus
1060 1063 1354 1134 synodicus
1403 1069 1457 1114 et
1505 1059 1739 1113 indictus
1787 1058 1908 1122 fuit,
1956 1071 2082 1111 cum

513 1153 781 1207 adversus
810 1151 1099 1205 Photinum
1150 1149 1493 1219 imperatoris
1525 1147 1722 1202 litteris
1763 1146 1924 1201 acciti
1955 1153 2085 1201 sunt

517 1243 796 1312 episcopi;
837 1243 1032 1313 reliqui
1059 1242 1168 1296 duo
1199 1239 1430 1302 fortuiti,
1462 1239 1796 1307 minimeque
1822 1237 2091 1292 concilio-

516 1349 640 1388 rum
691 1334 814 1389 loco
862 1348 926 1388 ac
979 1332 1201 1388 nomine
1248 1330 1544 1386 censendi:
1578 1328 1633 1384 in
1683 1328 1882 1398 quibus
1925 1326 2083 1396 pauci

512 1425 784 1479 duntaxat
831 1423 1094 1494 episcopi,
1138 1422 1234 1492 qui
1279 1422 1414 1476 forte
1460 1419 1529 1474 ad
1575 1419 1954 1489 imperatorem
1988 1433 2090 1473 ac-

520 1521 816 1579 cesserant,
866 1512 1285 1568 communicatis
1337 1510 1587 1567 consiliis
1637 1524 1778 1564 nova
1835 1509 1958 1564 fidei
1993 1510 2092 1564 de-

519 1611 666 1658 creta
703 1602 1078 1658 conciderunt.
1107 1602 1376 1668 Quocirca
1407 1603 1642 1672 primum
1674 1601 1916 1656 omnium
1951 1615 2088 1657 con-

519 1701 602 1749 tra
631 1693 920 1748 Photinum
949 1693 1135 1749 Sirmii
1169 1695 1461 1750 concilium
1499 1692 1750 1762 generale
1777 1691 2086 1748 Constantii

2188 520 2438 580 peratore
2480 509 2848 580 postulantes,
2923 507 3066 562 ὥστε
3135 507 3356 576 κρατεῖν
3393 504 3459 556 τὰ.
3499 507 3552 558 ἐν
3593 507 3712 577 Eap-

2186 601 2347 672 Gtxﬁ,
2383 601 2478 653 xui.
2509 603 2568 654 ἐν
2603 598 2845 671 Σίρμίῳ,
2886 595 2984 649 καὶ
3027 597 3085 648 ὲν
3126 598 3244 660 ταῖς
3288 595 3471 658 ἄλλαις
3511 597 3716 661 συνόδοις

2188 687 2521 758 κεκριμέναο
2571 695 2629 740 ut
2679 703 2744 740 ea
2788 697 2905 740 rata
2939 694 3239 748 induerent,
3291 701 3405 754 qua:
3446 686 3495 738 in
3550 686 3718 740 Sardi-

2188 778 2366 840 ceusi,
2427 794 2490 832 ac
2535 771 2850 845 Sirmiensi,
2911 778 3135 848 aliisque
3191 775 3425 830 conciliis
3468 778 3722 832 constituta

2189 867 2422 936 fuerant.

2262 946 2527 1014 Praeterea
2551 956 2786 1014 Basilius
2809 959 3129 1029 Ancyranus
3176 961 3228 1014 in
3275 961 3458 1016 eadem
3496 963 3725 1031 synolica

2191 1050 2400 1122 Ancyra
2413 1052 2461 1104 ni
2491 1052 2731 1116 concilii,
2770 1052 2931 1121 lange
2961 1061 3081 1119 post
3105 1049 3454 1106 Sirmiensem
3483 1052 3726 1122 synodum

2191 1140 2512 1208 intervallo,
2563 1135 2788 1197 alteram
2858 1143 3004 1196 illam
3067 1127 3414 1198 Sirmiensem
3467 1143 3727 1198 formulam

2189 1232 2469 1287 exstitisse
2501 1231 2862 1287 demonstrat.
2907 1231 3115 1289 Etenim
3154 1241 3273 1302 post
3301 1230 3586 1288 Sirmiensc
3614 1247 3728 1286 con-

2191 1323 2400 1390 cilium,
2449 1323 2620 1394 quod,
2669 1325 2745 1379 ttti
2785 1326 2990 1379 dictum
3033 1335 3140 1389 est,
3172 1325 3461 1379 observare
3499 1339 3560 1378 ac
3608 1325 3728 1378 tueri

2190 1414 2326 1469 velle
2360 1415 2654 1486 significat,
2679 1416 3020 1486 acquievisse
3055 1431 3116 1470 se
3150 1416 3358 1480 scribit,
3384 1418 3548 1471 donec
3581 1430 3730 1470 novo-

2191 1519 2312 1559 rum
2345 1506 2729 1562 haareticorum
2769 1508 3202 1578 importunitate,
3235 1517 3287 1562 et
3315 1507 3522 1577 Georgii
3559 1506 3732 1563 Laodi-

2191 1596 2310 1651 ceni
2333 1596 2527 1653 litteris
2561 1605 2870 1653 commotus
2909 1599 2975 1653 ad
3023 1598 3470 1669 propngnandam
3506 1597 3648 1653 fidem
3681 1615 3733 1656 se

2193 1703 2317 1742 cum
2348 1689 2463 1744 suis
2484 1690 2757 1760 episcOpis
2784 1691 2976 1746 erexit.
3012 1689 3241 1760 Oportet
3271 1691 3433 1760 igitur
3472 1690 3604 1743 inter
3629 1691 3730 1744 Sir-

516 1787 674 1855 jussu
707 1786 1038 1840 celebratum
1069 1803 1083 1840 :
1117 1785 1185 1840 de
1214 1785 1373 1855 cujus
1401 1799 1545 1839 anno
1573 1792 1759 1854 postea
1789 1782 2090 1838 constitue-
2123 1781 2165 1840 Β
2193 1780 2456 1837 miensem
2517 1783 2785 1853 synodum
2823 1793 2877 1838 et
2903 1785 3252 1855 Aneyranum
3285 1782 3563 1838 concilium
3589 1785 3732 1837 inter-

521 1893 665 1932 mus.
703 1875 778 1931 Ibi
826 1875 1060 1930 formula
1097 1876 1186 1929 illa
1231 1875 1353 1930 fidei
1398 1875 1563 1942 edita,
1598 1876 1666 1930 de
1692 1891 1800 1946 qua
1845 1876 2093 1946 proxime

514 1965 778 2019 diximus.
827 1964 1026 2020 Deinde
1061 1965 1294 2021 diversis
1336 1967 1671 2036 temporibus
1707 1967 1827 2022 alia:
1860 1967 1980 2021 dum
2024 1967 2093 2023 ab

520 2051 746 2109 Ursacio
772 2063 822 2108 et
854 2052 1097 2120 Valente,
1131 2055 1360 2126 aliisque
1390 2056 1608 2112 Arianis
1637 2057 1930 2128 episcopis,
1957 2073 2094 2114 con-

519 2141 636 2196 seio
671 2142 1016 2211 imperatore,
1049 2143 1390 2212 prodierunt.
1415 2142 1531 2199 Hoc
1567 2160 1634 2199 ne
1667 2154 1868 2200 temere
1903 2154 2094 2200 contra

519 2247 864 2285 communem
916 2241 993 2286 tot
1021 2232 1348 2302 scriptorum
1394 2234 1813 2291 consensionem
1845 2238 2095 2293 attulisse

522 2322 726 2385 videar,
775 2337 1069 2391 proponam
1121 2324 1354 2379 breviter
1401 2325 1604 2396 quibus
1646 2327 1699 2383 id
1756 2329 2096 2400 argumentis

519 2411 693 2466 fretus
721 2411 989 2468 aflirmare
1023 2430 1130 2469 non
1163 2415 1428 2473 dubitem.

593 2501 794 2556 ﬂorum
836 2503 1018 2573 itaque
1059 2506 1294 2574 primum
1337 2516 1472 2562 est:
1519 2509 1666 2579 quod
1711 2509 1859 2566 istud
1916 2511 2095 2582 ipsum

522 2594 756 2650 Basilius
829 2596 1150 2667 Aneyranus
1221 2613 1288 2653 ac
1349 2599 1530 2654 caeteri
1627 2599 2095 2658 Semiarianorum

523 2687 827 2756 principes,
871 2689 964 2757 qui
1012 2689 1314 2760 Ancyrana:
1360 2692 1573 2761 synodo
1613 2693 2096 2764 subscripserunt,

521 2777 721 2831 diserte
775 2779 955 2832 testati
1011 2788 1140 2833 sunt
1205 2779 1259 2833 in
1315 2781 1544 2850 epistola
1600 2783 1885 2852 synodica,
1929 2799 2095 2852 quam

524 2863 858 2935 Epiphanius
899 2867 1207 2938 descripsit.
1251 2867 1426 2936 Quam
1461 2871 1686 2941 quidem
1729 2872 1782 2926 in
1819 2873 1958 2938 hanc
1987 2873 2099 2928 fere

524 2956 848 3011 sententiam
887 2959 1068 3012 exorsi
1103 2967 1231 3012 sunt
1275 2978 1287 3014 :
1329 2968 1556 3028 optasse
1594 2960 1647 3016 id
1691 2977 1810 3018 sese
1851 2963 2096 3032 quidem,

523 3053 584 3098 ut
611 3055 736 3114 post
772 3047 1166 3116 expositionem
1201 3047 1348 3103 illam
1381 3049 1525 3114 fidei,
1565 3065 1689 3118 quae
1713 3051 2016 3108 Antiochia:
2043 3054 2096 3108 ir.

2195 1872 2431 1927 cessisse
2488 1872 2705 1943 Georgii
2763 1862 3056 1930 Laodiceni
3105 1875 3348 1939 litteras,
3393 1889 3525 1944 quas
3568 1875 3736 1928 recitat

2197 1958 2416 2016 Sozom.
2463 1961 2557 2016 lib.
2620 1979 2705 2030 tv,
2747 1979 2870 2033 cap.
2901 1963 2988 2018 12.
3029 1951 3310 2035 Superiori
3364 1974 3536 2019 autem
3582 1965 3736 2034 capite

2197 2051 2391 2105 scribit
2420 2051 2726 2107 Eudoxium
2747 2090 2762 2117 ,
2795 2055 3126 2126 simulatque
3153 2056 3208 2111 in
3236 2056 3574 2116 Antiocheam
3607 2059 3735 2113 sedis

2197 2141 2603 2210 possessionem
2639 2145 2826 2213 pedem
2860 2146 3062 2215 posuit,
3096 2155 3274 2200 totum
3308 2163 3366 2202 se
3387 2148 3450 2201 ad
3481 2148 3608 2202 Aetii
3635 2163 3736 2217 pro-

2199 2230 2520 2284 movendam
2570 2232 2853 2302 perfidiam
2918 2250 3041 2289 cum
3089 2235 3293 2290 Acacio
3345 2237 3646 2291 Caesariensi
3691 2245 3738 2290 et

2199 2322 2406 2380 Uranie
2458 2323 2586 2396 Tyri
2630 2326 2888 2396 cpiscOpo
2921 2327 3223 2383 contulisse
3244 2359 3262 2394 ,
3291 2343 3518 2398 eamque
3555 2341 3655 2398 pra:
3687 2341 3737 2382 se

2199 2415 2390 2470 tulisse
2439 2415 2708 2485 speciem,
2753 2417 2897 2488 quod
2948 2417 3261 2474 Occidentis
3307 2417 3538 2487 episcopi
3585 2417 3734 2470 eident

2199 2503 2480 2572 suffragati
2512 2503 2744 2560 fuissent
2775 2524 2788 2561 :
2819 2506 3077 2561 nimirum
3113 2505 3302 2574 Osius,
3338 2508 3427 2577 qui
3457 2516 3572 2562 cum
3600 2494 3738 2561 Ursa-

2198 2595 2285 2651 cio
2315 2606 2370 2650 et
2397 2593 2624 2652 Valente
2655 2597 2858 2654 invitus
2897 2609 3278 2666 consenserat,
3315 2611 3374 2655 ut
3399 2589 3458 2654 τὸ
3488 2601 3738 2671 ὁμωύσιον

2198 2695 2252 2740 et
2271 2685 2580 2754 ὁμοιούσιον
2607 2699 3028 2759 expungeretur.
3068 2690 3219 2756 Quas
3252 2707 3375 2745 cum
3413 2690 3519 2746 Osii
3557 2691 3737 2744 litteras

2198 2778 2560 2849 accepissent,
2617 2778 2827 2836 Valenti
2876 2793 2929 2836 et
2989 2780 3220 2838 Ursacio
3277 2785 3477 2854 gratias
3518 2791 3736 2855 egerunt,

2199 2870 2344 2938 quod
2398 2870 2612 2925 illorum
2667 2886 2832 2940 opera
2886 2870 3199 2928 Occidentis
3257 2876 3494 2945 episcopi
3558 2881 3734 2928 rectam

2201 2959 2358 3020 fidem
2385 2970 2570 3018 essent
2603 2963 2859 3033 amplexi.
2895 2963 3108 3031 Quibus
3131 2965 3297 3020 rebus
3319 2966 3574 3021 excitatus
3600 2966 3740 3020 Geor-

2206 3053 2327 3121 gius
2383 3051 2723 3109 Laodicenus
2779 3051 3248 3110 Semiarianorum
3313 3067 3582 3125 patronus,
3630 3070 3736 3108 cum

525 3135 793 3191 Enczeniis
825 3138 965 3192 edita
992 3149 1076 3194 cst
1101 3140 1246 3193 :Ka‘t
1276 3141 1419 3211 μετὰ
1437 3117 1612 3196 ταῦτᾷ
1638 3145 1779 3198 κατὰ
1807 3145 2096 3218 Σαρδικὴν,

2205 3117 2308 3197 sub
2333 3143 2472 3198 idem
2503 3153 2713 3214 tempus
2744 3145 2813 3200 ad
2852 3161 3048 3200 novam
3082 3117 3442 3202 dedicandam
3484 3146 3734 3201 basilicam

524 3227 618 3279 καὶ
645 3226 745 3296 τὴν
778 3227 894 3279 ἐκεῖ
926 3223 1080 3291 αὖθις
1112 3228 1430 3300 ἀνθήσασαν
1460 3231 1666 3294 πίστιν,
1711 3233 1808 3287 καὶ
1849 3233 1930 3287 ἔτι
1964 3234 2102 3304 μετὰ

525 3320 592 3371 τὰ
617 3321 674 3373 ὲν
709 3321 921 3393 Σιρμίῳ
951 3324 1044 3376 ἐπὶ
1074 3323 1326 3395 Φωτεινῷ
1353 3325 1701 3396 γεγενημένα
1727 3343 1738 3356 ·
1763 3335 1879 3396 post
1906 3325 2102 3381 Sardi-

525 3428 728 3466 tcnsem
760 3414 885 3481 ﬁdei
914 3415 1313 3482 professionem,
1345 3433 1507 3486 eaque
1540 3434 1657 3488 qua:
1690 3416 1880 3472 Sirmii
1915 3429 2102 3472 contra

533 3502 816 3556 Pltotinunt
874 3506 1082 3558 decreta
1136 3516 1300 3572 sunt,
1364 3507 1606 3564 Ecclesia
1667 3509 2100 3580 conquiesceret.

527 3597 668 3650 Tum
713 3596 920 3666 aliquot
953 3595 1274 3666 interjcctis,
1314 3612 1376 3651 ea
1415 3613 1474 3653 se
1503 3599 1770 3670 perpolire
1813 3610 1976 3671 atque
2015 3617 2106 3656 ex-

531 3691 729 3762 plicare
755 3687 1426 3752 voluissedemonstrant,
1473 3707 1595 3761 qua:
1641 3691 1694 3746 in
1729 3692 2104 3762 superioribus

529 3780 750 3851 synodis
795 3763 1091 3833 constituta
1153 3788 1342 3841 erant,
1385 3790 1444 3834 ut
1493 3782 1832 3838 Atttiocbena
1879 3793 1933 3839 et
1976 3783 2106 3839 Sar-

453 3886 468 3900 '
527 3869 755 3935 dicensi,
793 3869 861 3940 ἢν
903 3868 1196 3940 ἀνείληφεν
1224 3869 1257 3938 ἡ
1287 3871 1346 3921 ὲν
1376 3871 1593 3941 Σιρμίῳ
1631 3871 1866 3937 σύνοδος,
1918 3890 2102 3944 quam,

529 3962 810 4032 inquiunt,
870 3961 1200 4015 Sardiceusis
1271 3961 1485 4015 concilii
1553 3963 1711 4031 [idem
1793 3964 2102 4020 Sirmiensis

527 4058 758 4123 synodus
794 4052 1038 4120 amplexa
1079 4061 1178 4115 est,
1214 4052 1295 4107 vel
1337 4055 1563 4122 repetiit.
1607 4053 1789 4120 Quare
1843 4054 2105 4112 Sirmieno

529 4161 643 4201 sem
683 4144 950 4216 synodum
994 4144 1282 4214 Ancyrana
1325 4144 1414 4198 illa
1471 4146 1714 4216 synodus
1757 4149 2102 4217 approbavit.

532 4235 729 4290 Eadem
777 4250 904 4290 vero
941 4249 972 4290 e
1013 4235 1293 4291 contrario
1346 4235 1636 4292 formulam
1689 4236 1816 4292 fidei
1850 4239 2103 4307 alteram,

529 4343 693 4397 quam
717 4328 770 4382 in
791 4326 1075 4382 Sirmieusi
1096 4327 1327 4382 concilio
1344 4342 1536 4384 omnes
1559 4329 1758 4384 editam
1783 4331 2103 4400 opinantur,

532 4434 640 4473 non
677 4418 838 4474 modo
863 4433 972 4474 non
996 4419 1218 4484 recepit,
1249 4419 1343 4474 sed
1377 4420 1444 4473 ad
1497 4435 1617 4475 eam
1665 4423 2010 4484 evertendam
2038 4438 2104 4480 ac

531 4511 919 4580 profligandam
951 4520 1035 4566 est
1053 4513 1395 4581 potissimum
1426 4522 1634 4567 coacta.
1673 4511 1834 4580 Quod
1879 4514 1933 4570 in
1963 4516 2103 4573 libro

538 4602 610 4655 De
641 4603 853 4671 synodis
897 4603 1056 4658 docet
1099 4603 1383 4658 Ihiarius:
1426 4605 1516 4658 ubi
1547 4604 1892 4676 Ancyranam
1939 4623 2106 4679 syno-

531 4693 660 4758 dum
707 4691 935 4762 ejusque
974 4693 1272 4760 decretum,
1315 4695 1624 4763 cuiusmodi
1666 4697 1753 4752 hic
1785 4700 1927 4767 apud
1973 4699 2104 4769 Epi¢

1296 4789 1607 4843 accuratius
1673 4791 1951 4859 explicans
2039 4807 2104 4846 ac

533 4785 792 4853 phanium
867 4785 1222 4854 exprimitur,

534 4876 875 4929 vehementer
898 4875 1308 4942 commendans,
1353 4878 1526 4932 eidem
1558 4877 1913 4934 Sirmicnsem
1951 4879 2100 4935 illam

532 4968 654 5024 fidei
715 4966 1110 5037 professionem
1181 4970 1440 5038 praefixit,
1512 4987 1636 5025 cum
1701 4971 1806 5025 hoc
1870 4973 2029 5026 titulo
2085 4991 2100 5027 :

535 5059 845 5128 Exemplum
871 5059 1206 5128 blasphemia:
1234 5061 1374 5129 apud
1400 5059 1655 5115 Sirmium
1681 5079 1772 5130 per
1801 5062 1989 5116 Oaium
2051 5075 2102 5119 et

536 5151 835 5205 Petronium
858 5153 1198 5221 conscripta};
1240 5164 1293 5207 et
1326 5153 1589 5208 adversus
1615 5155 1752 5207 hanc
1783 5154 1903 5208 fidei
1949 5155 2100 5210 exos.

535 5262 617 5297 σιν
644 5244 947 5301 Orientales
979 5249 1202 5318 Ancyra:
1234 5246 1553 5300 convenisse
1579 5250 1884 5302 confirmat.
1912 5246 2102 5314 Quare

534 5340 645 5392 fieri
673 5340 822 5393 nullo
849 5339 1008 5393 modo
1043 5348 1238 5406 potest,
1287 5349 1344 5391 ut
1391 5339 1527 5401 hwc,
1567 5353 1731 5406 quam
1771 5336 2103 5392 Sentiat-iani

535 5442 810 5499 tantopere
846 5433 1248 5500 impugnarunt,
1277 5431 1398 5486 ftzlei
1432 5430 1660 5485 formula
1693 5429 1746 5483 in
1777 5446 1842 5484 eo
1865 5429 2104 5485 concilio

534 5522 606 5572 ait
642 5521 807 5583 edita,
851 5521 938 5574 cui
981 5536 1086 5574 non
1135 5520 1498 5575 interfuerunt
1542 5520 1704 5574 modo
1745 5520 1872 5590 ipsi,
1908 5534 2098 5572 verum

534 5610 697 5662 etiam
752 5610 1110 5681 praefuerunt;
1186 5614 1439 5682 quodque
1497 5613 1733 5680 recipere
1781 5627 1845 5665 ac
1889 5621 2102 5666 sartum

538 5705 737 5753 tcctum
782 5706 919 5758 tueri
964 5707 1096 5759 vclle
1141 5721 1260 5760 sese
1291 5707 1630 5759 profitentur.
1663 5705 1802 5758 Audi
1835 5705 2102 5774 ipsosmet

2133 4468 2180 4525 D

2201 3233 2428 3306 Ancyrae
2465 3236 2628 3290 vieini
2661 3251 2693 3290 a
2731 3235 2934 3293 Basilio
2981 3238 3272 3292 convocati
3301 3246 3483 3293 essent
3505 3236 3736 3307 episcopi.

2201 3323 2487 3390 epistolam
2523 3322 2588 3377 ad
2637 3337 2733 3377 eos
2766 3325 3006 3395 scripsit,
3041 3325 3403 3394 hortatusque
3441 3332 3539 3388 est,
3574 3331 3626 3377 ut
3649 3319 3740 3374 Ec-

2203 3413 2351 3468 do\ii
2387 3422 2550 3484 atque
2585 3414 2724 3469 Aetii
2761 3424 3102 3485 grassantem
3152 3415 3483 3485 impietatem
3529 3413 3741 3467 auctori-

2203 3515 2314 3561 tate
2344 3521 2442 3560 sua
2473 3514 2898 3576 compescerent.
2931 3503 3003 3559 Ea
3037 3503 3142 3559 fttit
3176 3505 3452 3576 Ancyrani
3478 3513 3741 3560 conventus

2202 3597 2423 3652 occasio
2456 3613 2470 3651 :
2506 3612 2535 3651 a
2576 3612 2686 3667 quo
2725 3595 2886 3667 legati
2925 3596 2991 3651 ad
3039 3596 3424 3666 imperatorem
3465 3597 3627 3658 missi,
3663 3595 3743 3647 ης..

2205 3689 2362 3747 silius
2407 3689 2543 3759 ipse,
2589 3687 2908 3743 Eustathius
2955 3686 3252 3758 Sebastite,
3301 3688 3554 3744 Leontius
3585 3685 3740 3757 Cynici

2204 3778 2467 3850 episcopi,
2486 3778 2578 3847 qui
2601 3777 2922 3832 nominatim
2943 3777 3044 3831 hoc
3067 3785 3336 3846 peterent.
3364 3786 3420 3831 ut
3439 3775 3742 3831 Sardicensis

2206 3885 2272 3924 ac
2303 3867 2560 3923 Sirmiani
2588 3867 2807 3923 concilii
2835 3867 3050 3922 decreta
3087 3875 3462 3922 servarentur.
3491 3865 3600 3920 Jam
3631 3863 3738 3918 illud

2204 3975 2272 4016 ex
2321 3959 2694 4030 superioribus
2746 3957 3059 4020 didicimus,
3103 3956 3413 4013 Eudoxium
3457 3971 3593 4011 anno
3630 3952 3738 4015 356.

2205 4067 2329 4107 cum
2349 4050 2663 4105 Romamne
2684 4065 2807 4105 cum
2829 4050 3156 4120 imperatore
3173 4058 3342 4114 esset,
3363 4050 3538 4104 audita
3559 4044 3740 4101 Leontii

2205 4151 2401 4206 morte,
2463 4142 2810 4196 Antiochiam
2867 4157 2920 4196 tv
2968 4140 3193 4196 Kalend.
3236 4139 3364 4196 Jun.
3431 4154 3547 4197 esse
3591 4140 3742 4210 profe-

2205 4244 2374 4291 ctum.
2409 4233 2526 4301 Qua
2565 4235 2620 4289 in
2665 4233 2798 4289 urbe
2823 4223 3038 4290 Ursacii
3082 4241 3137 4288 et
3164 4232 3412 4289 Valentis
3449 4233 3643 4286 litteras
3662 4243 3740 4282 ac-

2203 4325 2347 4394 cepit
2382 4339 2510 4378 cum
2547 4323 2668 4378 fidei
2705 4322 2958 4389 formula,
2990 4337 3112 4393 qua!
3141 4321 3235 4376 τοῦ
3276 4322 3556 4393 ὀμοουσίου
3604 4329 3743 4388 atque

2203 4415 2511 4487 ὁμοιουσίου
2546 4429 2707 4470 voces
2733 4415 3032 4470 oblitterari
3062 4414 3310 4484 jubebat.
3344 4413 3438 4469 Est
3471 4420 3656 4470 autem,
3692 4415 3743 4461 ut

2204 4522 2271 4562 cx
2299 4505 2503 4560 Hilario
2533 4507 2980 4568 monstravimus,
3000 4507 3190 4562 eadem
3222 4507 3314 4561 ilia
3336 4505 3580 4566 formula,
3601 4514 3740 4571 quam

2207 4597 2260 4650 in
2308 4597 2589 4652 Sirmiensi
2635 4597 2842 4667 synodo
2882 4597 3128 4650 secundo
3167 4597 3292 4651 loco
3338 4596 3587 4650 dictatam
3625 4590 3742 4644 arbi-

2207 4696 2421 4743 trantur
2438 4704 2650 4745 omnes.
2677 4687 2830 4754 Quod
2863 4688 2906 4743 si
2937 4702 3080 4742 atmo
3109 4688 3384 4758 sequenti,
3405 4687 3506 4742 hoc
3534 4692 3612 4739 est
3635 4679 3739 4739 357.

2209 4780 2508 4837 Sirtniense
2535 4781 2828 4836 concilium
2871 4780 3114 4835 habitum
3145 4789 3250 4846 est,
3285 4789 3347 4834 ut
3378 4778 3561 4833 iisdem
3587 4783 3740 4828 aucto-

2207 4873 2358 4928 ribus
2384 4873 2581 4943 placet,
2615 4885 2791 4942 neque
2825 4872 3126 4937 Eudoxius,
3156 4872 3391 4926 Aeacius
3421 4879 3471 4925 et
3514 4865 3740 4924 ili-anius,

2208 4977 2383 5032 neque
2417 4962 2649 5018 Basilius
2687 4964 2806 5032 ipse
2850 4977 2914 5018 ac
2961 4961 3228 5032 Georgius
3275 4961 3604 5016 Laodiccnus
3652 4953 3742 5007 Sir-

2209 5053 2401 5108 miensi
2430 5052 2638 5120 synodo
2667 5067 2732 5108 ac
2754 5052 2970 5107 Photini
3001 5051 3338 5106 damnationi
3392 5048 3738 5105 interfuerunt.

2206 5145 2360 5212 Quod
2393 5146 2459 5200 de
2488 5145 2690 5202 Basilio
2725 5161 2856 5201 sane
2891 5145 3243 5200 falsissimum
3281 5153 3388 5207 est,
3433 5142 3521 5212 qui
3573 5149 3739 5204 magna

2210 5254 2334 5306 pars
2367 5237 2683 5293 Sirmiensis
2730 5238 2948 5292 concilii
2997 5237 3097 5291 fuit
3131 5259 3142 5292 :
3180 5246 3369 5305 utputa
3406 5234 3560 5312 cujus
3603 5240 3740 5298 oprra

2207 5328 2486 5383 convictus
2515 5338 2598 5383 est
2649 5344 2714 5383 ac
2739 5343 2847 5398 sup
2866 5339 3032 5383 'ratus
3057 5326 3343 5382 Photinus.
3374 5325 3512 5391 Quin
3544 5331 3597 5376 ut
3616 5316 3740 5372 omni

2207 5435 2270 5474 ex
2297 5429 2444 5489 parte
2466 5421 2664 5474 veritas
2686 5421 2981 5486 elucescat,
3005 5421 3231 5474 alterum
3257 5419 3462 5488 accipe.
3490 5417 3741 5484 Ancyram

2208 5512 2471 5581 synodus,
2512 5513 2979 5581 quemadmodum
3039 5513 3298 5583 synodica
3361 5511 3502 5562 illius
3542 5502 3742 5573 epistula

2207 5602 2385 5662 (locri,
2415 5614 2539 5657 ante
2571 5602 2776 5657 Pascha
2801 5603 3071 5658 celebrata
3107 5613 3208 5666 est,
3239 5603 3342 5669 τῆς
3374 5598 3529 5667 ἁγίας
3560 5592 3743 5664 ἡμέρας

2207 5693 2300 5745 τοῦ
2345 5693 2533 5763 Πάσχα
2577 5696 2949 5768 ἐπικειμένης·
2996 5697 3063 5752 ad
3104 5709 3266 5766 quam
3313 5699 3595 5763 propterea
3650 5686 3745 5751 cpi‘i
