3994 6222
295 287 431 342 1(όὸ

1106 275 1189 329 ΟΕ
1225 271 1570 330 SIRMIENSI
1607 270 1693 325 ET
1733 267 2109 325 ANCYRANA
2146 264 2714 324 PSEUDOSYNODO.
3204 288 3255 341 π

3402 272 3535 326 I385

292 401 443 469 scopi
478 393 747 466 plerique,
782 390 875 459 qui
923 388 1205 443 convocati
1263 386 1501 449 fuerant,
1550 385 1743 439 adesse
1791 383 1860 437 ob
1891 390 1936 445 Α
1964 381 2162 435 tholica
2208 380 2311 435 ﬁde
2338 389 2717 434 consentanere
2751 388 2899 442 sunt,
2934 380 3193 449 exponit;
3226 384 3425 452 quibus
3463 392 3533 443 ita

296 490 489 546 hiemis
514 485 911 542 inclementiam
941 482 1165 535 minime
1188 488 1498 549 potuerunt.
1528 477 1667 544 Quid
1698 478 1862 546 igitur

295 584 423 651 ﬁngi
460 586 638 649 potest
676 573 988 637 absurdius,
1022 588 1186 641 quam
1228 573 1372 641 quod
1400 585 1465 624 ex
1497 570 1712 623 illorum
1741 582 1866 620 nar-

299 670 509 724 ratione
545 664 812 733 sequitur,
869 661 1215 731 Aneyranam
1267 659 1537 729 synodum
1581 669 1704 711 ante
1747 655 1865 710 Sir-

296 762 561 815 niiensem
611 771 731 811 esse
783 753 1156 809 celebratam?
1210 751 1421 804 Etenim
1476 750 1522 805 si
1568 764 1713 803 anno
1764 747 1869 801 356

297 849 578 904 Eudoxius
616 845 1010 899 Antiochenam
1054 841 1234 894 sedem
1275 849 1467 893 nactus
1497 847 1599 904 est,
1630 838 1871 907 Ancyra-

298 957 428 995 num
457 953 585 992 vero
618 936 909 991 concilium
934 947 1078 986 anno
1106 930 1384 1001 sequenti;
1418 939 1478 983 ut
1505 930 1694 984 eodem
1721 942 1867 981 anno

301 1031 602 1085 Sirmieuse
642 1026 933 1081 concilium
966 1024 1225 1077 indictum
1257 1020 1442 1087 fuerit,
1494 1020 1715 1074 nonnisi
1747 1027 1871 1089 post

301 1123 557 1185 hiemem,
597 1128 650 1173 et
684 1116 915 1180 Pascha,
940 1115 1183 1183 adeoque
1212 1121 1334 1182 post
1361 1111 1709 1180 Ancyranum
1737 1109 1871 1164 cele-

301 1214 448 1269 brari
477 1212 668 1282 potuit.
703 1209 861 1278 Atqui
889 1207 999 1277 jam
1031 1214 1311 1275 peractum
1343 1218 1465 1259 esse
1504 1201 1744 1271 oportuit
1768 1202 1878 1256 :si-

298 1307 521 1376 quidem
557 1303 700 1357 edita
744 1302 813 1354 ab
843 1298 975 1355 Osio
1016 1296 1333 1352 Sirmiensis
1378 1294 1595 1349 concilii
1636 1292 1871 1345 formula

296 1401 410 1470 jam
451 1403 731 1451 emanarat
773 1394 825 1447 in
861 1391 1155 1461 publicum.
1204 1386 1384 1454 Quare
1417 1396 1470 1441 et
1504 1385 1727 1439 absente
1764 1380 1871 1434 Ba-

303 1492 451 1555 silio,
476 1504 538 1543 ac
562 1486 787 1555 reliquis
819 1482 1109 1553 episcopis,
1150 1480 1443 1535 damnatus
1478 1475 1766 1540 Photinus,
1809 1487 1873 1527 ac

306 1581 604 1638 Sirmiense
627 1577 920 1633 concilium
946 1573 1253 1629 absolutum
1278 1579 1392 1636 est;
1416 1578 1470 1624 et
1494 1576 1714 1637 pr0pter
1740 1566 1873 1620 alias

305 1690 501 1733 causas
535 1672 775 1727 nondum
808 1668 1053 1725 inchoari
1087 1665 1262 1736 potuit
1297 1683 1310 1719 :
1340 1664 1599 1734 quoniam
1632 1661 1873 1729 Ancyra-

306 1781 433 1819 num
461 1760 747 1817 Sirmiensi
776 1759 935 1814 debet
960 1771 1082 1811 esse
1117 1752 1408 1824 posterius.

377 1856 614 1925 Apparet
643 1859 823 1904 autem
854 1857 990 1909 tum,
1036 1858 1159 1900 cum
1198 1840 1517 1896 Sirmiensis
1552 1838 1643 1892 illa
1690 1845 1875 1906 poste-

308 1948 422 2001 rior
451 1954 536 1999 est
563 1941 765 1997 emissa
794 1937 1027 1992 formula
1049 1976 1063 2001 ,
1099 1948 1275 2003 neque
1310 1930 1611 1985 Eudosium
1634 1966 1649 1991 ,
1701 1941 1876 1996 neque

307 2037 569 2092 Basiliam
601 2040 695 2088 aut
724 2028 1017 2099 Georgium
1058 2025 1229 2080 fuisse
1261 2022 1447 2077 Sirmii
1478 2038 1492 2075 :
1530 2019 1877 2090 quandoqui-

306 2132 435 2187 dem
475 2125 760 2182 Eudoxius
803 2130 857 2178 et
890 2120 981 2174 alii
1018 2118 1089 2173 ob
1124 2124 1403 2185 acceptam
1438 2113 1610 2176 illam,
1649 2109 1879 2165 Sirmio-

306 2236 415 2293 que
459 2219 682 2275 missam
710 2253 725 2279 ,
771 2223 824 2270 et
858 2228 889 2267 a
937 2209 1070 2265 solis
1117 2208 1373 2263 videlicet
1414 2201 1877 2264 Occidentalibus,

308 2312 542 2379 ideoque
598 2305 792 2359 Latine
842 2308 1196 2370 conceptam,
1256 2296 1458 2369 gratias
1513 2301 1743 2365 egerunt
1787 2307 1880 2360 per

310 2403 518 2457 litteras
549 2417 562 2453 :
600 2396 903 2468 Πρόφασιν,
940 2391 1145 2462 inquit,
1196 2387 1552 2458 ποιούμενος,
1586 2386 1663 2449 ὡς
1700 2384 1795 2438 καὶ
1833 2386 1881 2437 ot

308 2494 413 2549 ἀνὰ
442 2491 603 2545 Δύσιν
632 2489 917 2543 ἐπίσκοποι
947 2484 1118 2538 ταῦτα.
1156 2482 1507 2553 ἐψηφίσαντο.
1551 2484 1663 2535 Hoc
1709 2480 1883 2547 ipsum

310 2588 380 2643 ad
401 2583 683 2654 impietatis
706 2598 815 2637 sua:
837 2579 1190 2651 patrocinium
1209 2576 1465 2647 allegans,
1490 2573 1627 2644 quod
1646 2572 1881 2626 eamdem

312 2679 471 2747 ﬁdem
494 2673 860 2731 Occidentales
888 2670 1136 2741 professsi
1165 2669 1405 2737 fuissent.
1436 2664 1561 2720 Mox
1588 2683 1599 2717 :
1634 2664 1884 2716 Ἐπιστο-

311 2772 408 2843 λὴν
432 2769 569 2841 πρὸς
595 2767 790 2830 αὐτοὺς
810 2762 1197 2834 διεπέμψαντο,
1230 2761 1492 2815 Οὐάλεντι
1546 2757 1641 2811 καὶ
1669 2757 1883 2827 Οὺρσα-

314 2863 416 2931 κίῳ
437 2860 529 2913 καὶ
554 2856 839 2929 Γερμανίῳ
862 2856 1015 2925 χάριν
1034 2850 1444 2925 ὁμολογοῦντες,
1463 2848 1560 2904 καὶ
1586 2846 1679 2901 τοῦ
1708 2846 1886 2917 ὀρθῶς

311 2951 557 3017 δοξάζειν
590 2950 716 3011 τοὺς
740 2948 798 3001 ὲν
833 2948 898 3017 τῇ
920 2945 1079 2999 Δύσει
1113 2944 1211 3007 τὰς
1250 2940 1505 3014 ἀφορμὰς
1536 2939 1719 3004 αὐτοῖς
1754 2939 1886 2991 ἀνα-

1972 473 2270 542 prtel'atur:
2320 471 2547 539 Dignum
2584 482 2757 523 autem
2787 480 2860 523 est
2912 472 3229 526 conscientia
3272 482 3537 530 communi

1965 562 2125 616 etiam
2174 571 2391 615 cwteras
2439 561 2737 613 earumdem
2784 563 3143 630 episcoporum
3182 565 3538 623 Orientalium

1968 654 2185 708 diversis
2218 663 2265 707 et
2316 654 2443 707 locis
2495 664 2543 707 et
2589 654 2900 723 temporibus
2933 658 3252 727 conscriptas
3270 660 3432 719 Fides
3449 679 3542 716 no-

1972 764 2133 811 scere,
2162 756 2218 799 ut
2257 763 2349 816 per
2376 752 2549 815 plures
2577 746 2925 815 confessiones
2962 750 3237 805 sinceritas
3274 757 3540 808 conscien-

1976 839 2066 893 tia:
2093 840 2257 906 possit
2282 837 2529 906 intelligi.
2560 838 2753 891 Subdit
2775 849 2956 908 postea
2990 838 3328 897 Sardicensis
3351 844 3541 898 Orien-

1982 931 2174 984 talium
2213 929 2407 999 synodi
2460 930 2771 982 formulam.
2816 930 2952 983 Tum
2989 933 3061 985 ita
3095 934 3301 1003 pergit:
3344 936 3537 990 Conse-
3594 998 3597 1003 λ

1970 1037 2129 1090 quens
2168 1030 2339 1072 autem
2370 1028 2479 1084 est,
2530 1030 2586 1071 ut
2625 1036 2742 1073 eam
2788 1037 2924 1073 nunc
2970 1023 3125 1090 ﬁdem
3176 1034 3537 1090 retractemus,

1970 1127 2087 1181 qua:
2114 1126 2215 1163 non
2246 1111 2369 1163 olim
2397 1119 2539 1174 tunc,
2562 1128 2678 1163 cum
2703 1110 2966 1166 Photinus
2990 1114 3292 1184 episcopatu
3314 1117 3540 1187 dejectus

1970 1210 2070 1267 est,
2104 1204 2401 1271 conscripta
2432 1212 2530 1255 est.
2570 1202 2693 1257 Mox
2735 1202 3052 1258 Sirmiensis
3086 1206 3298 1260 concilii
3335 1208 3543 1276 profes-

1972 1292 2182 1347 sionem
2218 1294 2497 1348 describit.
2536 1292 2705 1348 Satin’
2752 1305 2938 1365 aperte
2976 1295 3223 1351 Latinam
3272 1299 3416 1353 illam
3456 1316 3545 1369 po-

1976 1386 2375 1457 sterioremque
2424 1387 2711 1441 formulam
2756 1390 2824 1443 ab
2878 1388 3028 1453 Osio,
3075 1398 3133 1444 ut
3173 1392 3395 1453 scribit.
3432 1394 3546 1446 edi-

1976 1485 2109 1541 tam,
2154 1492 2184 1531 a
2225 1476 2513 1533 Sirmiensi
2584 1480 2819 1533 concilio
2868 1490 3117 1549 separat,
3151 1483 3294 1552 quod
3345 1484 3544 1537 diverso

1978 1577 2207 1639 tempore
2228 1569 2562 1625 celebratum
2594 1570 2864 1625 afﬁrmat?
2894 1572 2997 1627 Sed
3032 1582 3086 1627 et
3115 1588 3239 1628 cum
3278 1572 3349 1627 ita
3380 1574 3549 1645 loqui-

1974 1672 2093 1725 tur,
2136 1660 2279 1714 Tunc
2332 1678 2448 1714 cum
2484 1661 2741 1715 Photinus
2795 1665 3100 1733 episcopatu
3146 1665 3374 1735 dejectus
3424 1675 3545 1729 est;

1906 1742 1949 1795 Β
1978 1755 2216 1823 itemque
2255 1768 2380 1807 cum
2422 1754 2817 1820 expositionem
2861 1756 2983 1809 ﬁdei
3024 1764 3214 1809 contra
3256 1757 3546 1811 Photinum

1976 1843 2235 1911 scriptam
2276 1842 2577 1912 explicans,
2616 1841 2700 1896 his
2735 1844 2913 1898 verbis
2944 1846 3197 1900 orditur:
3241 1845 3543 1901 Necessitas

1976 1945 2024 1989 et
2060 1944 2257 2003 tempus
2312 1934 2587 1987 admonuit
2620 1950 2741 1997 eos,
2798 1938 3024 2004 quitum
3069 1950 3411 1993 convenerant
3457 1957 3549 2009 per

1981 2025 2303 2095 multiplices
2353 2028 2663 2095 quwstiones
2717 2026 2876 2080 latius
2934 2044 2995 2081 ac
3051 2030 3295 2097 diﬂusius
3340 2036 3551 2097 exposi-

1983 2119 2170 2172 tionem
2207 2118 2331 2186 ﬁrlei
2358 2116 2625 2181 ordinare,
2651 2126 2755 2172 etc.
2775 2158 2789 2182 ,
2824 2133 2933 2173 non
2963 2119 3194 2176 obscure
3230 2123 3374 2177 aliud
3404 2125 3550 2178 illius

1982 2215 2195 2276 tempus
2234 2220 2356 2260 esse
2395 2205 2683 2274 signiﬁcat.
2734 2205 2850 2261 Hoc
2885 2209 3028 2261 enim
3067 2219 3273 2266 attente
3306 2215 3552 2269 conside-

1981 2299 2089 2350 rari
2122 2296 2373 2351 volumus
2392 2336 2407 2359 ,
2427 2295 2572 2365 quod
2598 2312 2719 2351 cum
2744 2296 2998 2368 deinceps
3017 2309 3231 2356 crateras
3250 2306 3550 2359 earumdem

1986 2388 2337 2443 Orientalium
2356 2391 2715 2458 episcoporum
2752 2390 2970 2445 diversis
3022 2402 3071 2446 et
3118 2394 3250 2450 locis
3278 2406 3331 2450 et
3357 2406 3552 2468 tempe-

1984 2481 2127 2534 ribus
2165 2482 2494 2549 conscriptas
2532 2476 2687 2533 Fides
2708 2482 3078 2551 expositurum
3106 2500 3164 2540 se
3197 2501 3316 2541 esse
3348 2490 3551 2543 denun-

1986 2572 2192 2636 tiasset,
2233 2572 2438 2625 nullam
2486 2582 2680 2641 prteter
2712 2570 3087 2631 Sardicensem
3119 2585 3172 2630 et
3197 2576 3547 2633 Sirmicnsem

1984 2676 2170 2718 contra
2196 2664 2489 2719 Photinum
2515 2665 2712 2719 editam
2740 2667 3049 2736 sulijecerit.
3072 2667 3147 2722 Ex
3173 2686 3280 2739 quo
3302 2687 3551 2726 necessa-

1985 2757 2068 2809 rio
2099 2758 2365 2826 sequitur,
2404 2773 2511 2811 non
2549 2759 2729 2811 minus
2754 2758 2935 2823 istam,
2958 2776 3122 2829 quam
3150 2760 3550 2823 Sardicensem,

1986 2847 2161 2901 sinon
2193 2848 2327 2903 locis
2376 2849 2443 2902 ab
2472 2847 2671 2904 Osiana
2707 2860 2760 2904 et
2798 2849 2988 2904 Latina
3032 2854 3332 2921 posteriore
3376 2854 3553 2909 diver-

1987 2940 2084 3003 sis,
2128 2941 2465 3010 temporibus
2497 2952 2762 2998 eertenon
2796 2945 2984 2999 iisdem
3017 2960 3137 3000 esse
3166 2948 3549 3016 conscriptam.

312 3042 575 3105 τιθέντες.
596 3040 720 3095 Haec
743 3036 1110 3134 omnia,quod
1129 3033 1587 3134 et_ab_OCt-idente
1608 3031 1758 3134 etnab
1782 3029 1885 3134 Oc-
1913 3077 1955 3134 ο
2059 3027 2340 3134 Postremo
2388 3031 2652 3103 Sulpitius
2688 3034 2924 3093 Severus
2951 3036 3046 3090 lib.
3078 3053 3117 3090 Il
3162 3036 3415 3092 Historia:
3460 3057 3550 3092 sa.

313 3135 678 3191 cidentalibus
703 3132 976 3202 episcopis
1006 3128 1159 3193 Osio,
1192 3126 1435 3192 Valente,
1468 3136 1631 3194 atque
1658 3122 1884 3178 Ursacio

316 3228 505 3289 missa,
528 3233 581 3280 et
618 3224 671 3278 in
702 3220 1132 3278 Occidentalium
1159 3219 1387 3289 gratiam
1416 3216 1724 3285 conscripta
1759 3213 1884 3267 ﬁdei

315 3332 377 3373 es
386 3315 584 3386 positio
600 3312 832 3375 dicatur,
848 3311 981 3365 satis
1000 3309 1241 3363 indicant
1261 3308 1368 3362 alio
1388 3321 1549 3373 quam
1567 3303 1886 3359 Sirmiensis

316 3407 506 3480 synodi
528 3416 771 3475 tempore
794 3402 963 3458 fuisse
986 3409 1315 3456 contextam.
1344 3397 1468 3451 Fuit
1493 3396 1637 3451 enim
1663 3412 1768 3450 non
1795 3410 1886 3450 so-

314 3501 428 3556 ?um
456 3496 725 3568 generalis
750 3495 851 3549 ista
878 3493 1140 3565 synodus,
1160 3492 1254 3546 sed
1280 3490 1349 3544 ab
1364 3486 1730 3543 Orientalibus
1758 3495 1887 3555 pra:-

318 3593 533 3655 sertim,
567 3589 881 3657 Graecisque
918 3585 1189 3641 celebrata
1221 3602 1234 3638 :
1278 3598 1310 3637 a
1338 3583 1537 3651 quibus
1572 3595 1683 3650 prae
1728 3588 1887 3634 caete-

318 3683 415 3745 ris,
449 3689 508 3733 ut
539 3679 743 3733 dictum
785 3684 889 3738 est,
929 3673 1149 3728 Photini
1196 3688 1350 3727 error
1389 3670 1719 3740 disputando
1754 3684 1887 3722 con-

320 3776 497 3828 victus
552 3780 653 3825 est.
691 3771 770 3824 Ac
818 3769 864 3824 si
910 3768 1052 3822 inter
1099 3769 1233 3821 Acta
1290 3763 1610 3819 Sirmiensis
1669 3761 1885 3817 concilii

320 3863 557 3923 secunda
593 3862 682 3915 illa
722 3860 957 3914 formula
986 3866 1323 3920 censeretur.
1357 3871 1635 3925 nunquam
1672 3853 1885 3907 Semia-

322 3957 459 4012 riaui
491 3963 585 4008 aut
629 3953 760 4007 illud
799 3952 1135 4015 laudassent,
1171 3960 1266 4006 aut
1308 3959 1487 4004 ratum
1527 3949 1714 4003 haberi
1769 3948 1887 4001 sine

325 4048 437 4102 ulla
467 4044 786 4113 exceptione
812 4042 1201 4111 postulassent,
1246 4040 1340 4096 sed
1373 4041 1697 4095 nominatim
1727 4054 1887 4108 repu-

321 4138 484 4195 diatis
512 4134 924 4204 posterioribus,
958 4133 1024 4187 de
1058 4134 1333 4202 prioribus
1363 4133 1482 4202 ejus
1522 4133 1672 4187 Actis
1704 4132 1886 4186 cavis-

321 4243 462 4287 sent.
509 4228 707 4283 Verum
766 4225 896 4296 quid
958 4224 1044 4278 hic
1087 4224 1543 4295 tergiversamur?
1594 4223 1689 4277 Est
1740 4223 1885 4277 enim

320 4326 545 4380 evidens
595 4330 649 4374 et
679 4334 809 4375 sane
850 4316 1184 4371 luculentum
1215 4314 1407 4368 Hilarii
1444 4331 1506 4368 ea
1539 4316 1603 4368 de
1642 4329 1699 4368 re
1732 4314 1888 4368 testi-

1990 3137 2112 3184 crte,
2142 3122 2347 3190 liquida
2380 3133 2679 3194 apertaque
2702 3128 3016 3182 narratione
3043 3129 3212 3183 multo
3242 3130 3291 3183 id
3325 3132 3554 3185 validius

1990 3216 2295 3269 conﬁrmat.
2336 3215 2538 3270 Scribit
2599 3204 2746 3272 enim
2800 3230 2920 3288 post
2969 3221 3345 3279 Sardicensem
3396 3240 3555 3294 syno-

1991 3306 2143 3370 dum,
2172 3315 2225 3359 et
2251 3304 2464 3361 Ursacii
2498 3324 2559 3361 ac
2581 3307 2823 3364 Valentis
2841 3312 3239 3380 pmnitentiam,
3273 3315 3556 3385 interjeclo

1991 3399 2187 3454 deinde
2215 3408 2478 3470 tempore,
2507 3417 2628 3456 cum
2657 3403 2991 3460 Athanasius
3015 3406 3349 3473 Mareeilum,
3380 3410 3471 3479 qui
3503 3411 3554 3461 in

1994 3490 2303 3547 Sardicensi
2358 3496 2590 3550 concilio
2638 3511 2667 3548 a
2724 3498 3009 3553 catholicis
3074 3510 3192 3555 erat
3251 3502 3554 3562 absolutus,

1993 3599 2186 3653 parum
2225 3600 2372 3639 same
2422 3586 2541 3641 ﬁdei
2574 3596 2908 3655 compertum
2945 3603 2977 3641 a
3019 3593 3405 3647 communione
3440 3610 3559 3648 sus-

1992 3675 2292 3744 pendisset,
2324 3676 2556 3730 Arianos
2585 3692 2647 3731 ea
2681 3678 2969 3732 occasione
3002 3678 3231 3734 libenter
3262 3699 3411 3741 usos.
3450 3699 3559 3752 quo

1995 3766 2341 3821 Sardicensis
2405 3768 2597 3838 synodi
2662 3769 2877 3821 decreta
2938 3769 3335 3826 subverterent.
3392 3773 3559 3843 Igitur

1994 3864 2177 3912 astuto
2240 3858 2475 3912 consilio
2554 3857 2804 3925 Photini,
2859 3859 3091 3913 Marcelli
3169 3873 3220 3915 et
3274 3864 3557 3920 Athanasii

1994 3949 2402 4003 damnationem
2466 3950 2773 4003 miscuisse.
2839 3949 2975 4004 Cum
3054 3951 3197 4005 enim
3277 3957 3555 4025 propalam

1993 4040 2181 4094 Ariani
2233 4041 2437 4094 erroris
2482 4042 2566 4094 sui
2612 4041 2864 4109 dogmata
2918 4043 3209 4111 pra'dicare
3256 4061 3359 4098 non
3398 4048 3558 4101 aude-

1996 4143 2134 4197 rcnt,
2184 4148 2249 4186 ac
2300 4134 2597 4188 catholicos
2640 4149 2698 4188 se
2753 4145 3019 4203 gererent,
3069 4136 3201 4189 nihil
3254 4140 3405 4206 prius
3455 4142 3556 4195 sibi

1995 4226 2259 4295 agendum
2297 4235 2443 4279 rates
2485 4240 2626 4289 esse,
2666 4241 2830 4294 quam
2873 4236 2931 4281 ut
2962 4229 3318 4284 Athanasium
3350 4231 3419 4286 ab
3466 4232 3559 4286 Er-

1995 4317 2159 4371 clesia
2199 4316 2607 4371 submoverent.
2646 4315 2752 4371 Sed
2793 4333 2916 4372 cum
2960 4320 3165 4375 litteras
3200 4322 3264 4374 de
3298 4322 3387 4376 illa
3417 4323 3559 4377 Pho-

325 4416 607 4468 monium:
662 4409 755 4479 qui
810 4408 862 4460 in
918 4406 1053 4459 libro
1105 4405 1177 4457 De
1234 4404 1448 4474 synodis
1488 4403 1882 4457 dubitationem
1920 4431 1963 4486 ι)
1994 4408 2113 4469 tini,
2158 4406 2393 4460 Marcelli
2430 4415 2480 4460 et
2518 4406 2799 4461 Athanasii
2845 4407 3193 4463 damnatione
3253 4412 3554 4472 dedissent.

324 4520 539 4559 uinnem
574 4501 781 4557 eximit.
826 4497 1058 4567 Scripsit
1090 4497 1235 4550 hunc
1271 4497 1466 4549 librum
1500 4495 1567 4549 ad
1602 4494 1887 4564 episcopos

325 4598 640 4652 Gallicanos
694 4591 934 4645 Ililarius
964 4588 1126 4658 paulo
1176 4597 1302 4640 ante
1331 4587 1730 4640 Ariminensem
1768 4602 1889 4655 syn-

322 4692 524 4747 odum.
586 4702 708 4741 cum
756 4685 822 4737 ab
876 4683 984 4737 illis
1036 4680 1409 4748 interpellatus
1462 4688 1606 4733 esset
1638 4719 1651 4740 ,
1710 4688 1767 4731 ut
1820 4678 1889 4730 de

326 4783 473 4836 Actis
504 4776 775 4848 Aucyrani
809 4773 1167 4829 Orientalium
1208 4785 1522 4834 consessus,
1557 4771 1733 4837 deque
1768 4770 1885 4821 Sir-

323 4875 517 4929 niiante
555 4867 905 4937 blasphemia:
945 4864 1293 4919 damnatione
1327 4862 1707 4931 perscrilieret.
1757 4861 1889 4925 Qui-

322 4966 423 5019 bus
455 4976 659 5016 morem
692 4960 779 5012 ille
819 4972 1011 5028 gerens
1043 4954 1307 5025 principio
1346 4952 1703 5006 Sit'miensmn
1737 4951 1889 5003 ἔκθε-

324 5073 405 5109 σιν
439 5052 713 5125 proponit,
752 5050 996 5105 eamdem
1027 5048 1186 5118 plane
1219 5061 1344 5100 cum
1378 5059 1461 5105 ea,
1493 5059 1656 5112 quam
1689 5044 1887 5097 Socra-

324 5158 404 5201 tcs
460 5155 512 5199 ct
537 5143 867 5197 Athanasius
908 5139 1185 5194 referunt:
1230 5136 1387 5205 cujus
1420 5144 1673 5189 auctores
1701 5134 1886 5188 Osium

321 5254 387 5292 ac
430 5235 734 5289 Potamium
793 5230 941 5284 facit.
1006 5230 1240 5299 Subjicit
1285 5228 1479 5283 deinde
1528 5226 1887 5280 Orientalium

319 5332 619 5390 decretum,
661 5323 804 5394 quod
848 5325 1109 5377 adversus
1153 5324 1311 5376 istam
1361 5320 1653 5373 formulam
1696 5318 1748 5372 in
1780 5319 1890 5371 An-

320 5434 524 5493 cyrano
565 5416 797 5471 concilio
832 5422 1095 5468 statutum
1132 5423 1248 5477 est;
1299 5412 1463 5481 idque
1503 5426 1627 5465 cum
1662 5410 1889 5465 miriﬁce

322 5512 610 5585 przedicat,
664 5517 776 5560 tum
829 5506 1072 5575 singulas
1111 5506 1230 5574 ejus
1281 5504 1614 5565 sententias,
1658 5512 1709 5556 et
1759 5518 1889 5555 ana-

318 5602 696 5660 thematismos
727 5598 1001 5651 uberrime
1032 5597 1294 5651 declarat.
1342 5597 1619 5651 Postremo
1654 5595 1889 5664 reliquas

319 5697 389 5751 ab
417 5693 782 5751 Uiivntalibus
816 5693 991 5745 editas
1032 5690 1434 5758 professiones,
1468 5705 1588 5761 qua:
1632 5705 1754 5744 cum
1794 5703 1886 5741 ca-

638 5789 902 5846 [‘nnor..
939 5772 1055 5846 Gn;
1090 5785 1285 5848 XLII.

1994 4500 2261 4553 restitisse
2307 4499 2607 4552 catholicos
2655 4498 2881 4565 scribit;
2921 4508 3089 4569 atque
3142 4503 3282 4557 inter
3333 4516 3557 4560 czeteros'

1994 4590 2287 4643 Paulinum
2326 4589 2710 4643 Trevercnscm
2763 4589 2834 4644 ita
2890 4593 3325 4661 subscripsisse:
3385 4613 3441 4651 se
3505 4599 3554 4650 in

1992 4682 2213 4737 Photini
2245 4694 2405 4752 atque
2441 4682 2677 4736 Marcelli
2713 4681 3118 4737 damnationem
3152 4687 3391 4753 prcehere
3430 4704 3559 4743 con-

1993 4791 2237 4839 sensum,
2290 4776 2354 4828 de
2400 4773 2698 4828 Athanasio
2756 4788 2865 4826 non
2907 4774 3159 4844 probare.
3209 4776 3388 4842 Quare
3432 4794 3555 4831 eum

1996 4867 2209 4919 illorum
2256 4866 2322 4920 de
2369 4864 2665 4918 Athanasio
2698 4865 2963 4919 sententia
3018 4866 3412 4935 repudiaretur,
3446 4869 3559 4936 ple-

1992 4956 2147 5023 rique
2176 4971 2205 5009 a
2230 4955 2553 5009 Constantio
2592 4954 2846 5023 relegati;
2883 4970 2947 5010 ac
2976 4964 3090 5009 tum
3138 4956 3474 5012 Arelatensis
3506 4969 3560 5013 et

1992 5044 2321 5099 Biterrensis
2378 5045 2571 5116 synodi
2612 5046 2992 5100 celebrantur:
3039 5047 3161 5099 inde
3195 5047 3561 5102 Mediolauen-

1993 5136 2105 5199 sis,
2141 5138 2193 5188 in
2230 5151 2335 5203 qua
2378 5136 2619 5207 insignes
2661 5138 2877 5206 quidam
2912 5138 3152 5207 episcopi
3204 5139 3254 5190 in
3304 5138 3555 5192 exsilium

1993 5227 2158 5296 pulsi,
2194 5225 2486 5295 Dionysius
2536 5228 2991 5292 Mediolanensis,
3038 5227 3308 5283 Eusebius
3351 5228 3560 5283 Vercel-

1993 5320 2183 5375 leusis.
2239 5317 2455 5371 Lucifer
2500 5318 2878 5385 Calaritanus;
2926 5322 3175 5377 Liberius
3239 5337 3456 5393 quoque
3506 5331 3559 5373 rt

1993 5410 2252 5464 llilarius.
2285 5409 2415 5475 Quze
2461 5412 2644 5464 omnia
2684 5413 2979 5469 Arbetione
3026 5425 3079 5469 et
3122 5414 3366 5467 Lolliano
3412 5428 3553 5467 coss.

1993 5502 2132 5557 facta
2161 5517 2279 5556 esse
2325 5502 2533 5554 scribit.
2573 5501 2695 5557 llaec
2736 5508 3052 5560 summatim
3092 5506 3383 5576 Sulpitius1
3420 5506 3556 5573 Qni-

1994 5596 2095 5649 bus
2122 5595 2372 5662 superior
2402 5595 2488 5659 ille
2519 5594 2735 5662 agnitus
2763 5612 2792 5649 a
2824 5600 2978 5653 nobis
3000 5611 3052 5653 et
3080 5602 3379 5670 patefactus
3406 5615 3557 5657 error

1993 5688 2353 5743 convincitur.
2386 5686 2541 5741 Vides
2571 5688 2714 5740 enim
2742 5702 2859 5757 post
2888 5693 3264 5747 Sardieenunn
3295 5696 3558 5766 synodum

3212 5792 3243 5845 Ii
3258 5794 3278 5847 ’θ
