3994 6222
379 278 516 332 lOb'l

1497 265 1840 324 APPENDIX
1877 265 2506 324 DlSSEllTATlllNUM.

3515 269 3653 326 [008

383 405 436 449 et
471 400 717 461 receptos
749 389 802 443 in
847 384 1287 444 communionem
1330 381 1617 438 Ui'sacium
1670 399 1733 438 ac
1773 383 1957 437 \‘alen-
1988 391 2028 445 Α
2063 385 2256 437 tiarum
2303 400 2522 438 suarum
2569 385 2789 440 decretis
2842 384 3253 440 contradixisse.
3302 382 3535 441 Necesse
3568 399 3656 444 est

374 497 517 547 teni,
566 483 848 552 aliquanto
903 489 1152 548 tempore
1212 475 1538 544 interjecto,
1602 473 1962 528 Sirmiensem

373 579 638 631 adversus
701 572 1000 627 Photinum
1066 568 1396 625 celebratam
1465 565 1777 638 synodum,
1840 575 1965 620 ante

374 663 741 723 Arelatensem
797 674 850 718 et
880 661 1357 722 Mediolanensem,
1417 672 1627 712 necnon
1672 663 1964 726 antequam

375 756 626 811 Liberius
670 742 829 826 papa,
864 753 1145 809 Eusebius
1185 753 1386 822 aliique
1465 749 1962 821 proscriberentur.

373 849 539 919 Atqui
577 847 1000 904 conciliabulum
1044 845 1390 908 Arelatense,
1419 842 1565 914 quod
1603 857 1632 896 a
1661 841 1966 896 Saturnino

373 942 714 997 celebratum
765 949 871 1003 est,
920 955 1068 994 anno
1114 936 1318 991 Christi
1373 935 1478 991 ’555
1515 934 1782 1004 contigit,
1839 947 1964 988 cum

377 1031 582 1088 Sirmio
633 1031 687 1086 in
721 1029 930 1085 Gallias
982 1026 1262 1098 profectus
1303 1034 1448 1080 esset
1496 1023 1872 1083 Constantius.
1906 1033 1966 1076 ut

375 1125 432 1178 in
470 1121 767 1178 Annalibus
786 1120 1029 1190 legitur;
1067 1117 1471 1172 Mediolanense
1504 1129 1633 1169 vero
1669 1128 1814 1168 anno
1838 1112 1963 1176 355,

375 1215 674 1268 Arbetione
703 1222 752 1267 et
789 1211 1040 1266 Lolliano
1078 1226 1222 1265 coss.
1256 1207 1438 1261 Tanto
1480 1206 1648 1276 igitur
1679 1214 1806 1260 ante
1839 1215 1962 1260 tem-

377 1323 510 1377 pore
567 1307 858 1360 damnatus
925 1301 1192 1356 Photinus
1253 1315 1316 1354 ac
1375 1299 1695 1354 Sirmiensis
1746 1307 1964 1368 peracta

377 1398 622 1470 synodus
687 1407 810 1461 est,
874 1410 1042 1465 quam
1110 1391 1348 1448 secunda
1415 1391 1539 1445 fidei
1612 1387 1846 1444 formula
1910 1389 1963 1442 in

375 1492 566 1547 eodem
677 1486 964 1542 Sirmiensi
1037 1485 1236 1556 oppido
1287 1484 1355 1538 ab
1427 1481 1691 1545 Ursacio,
1743 1480 1967 1536 Valente

376 1583 619 1653 Osioque
666 1581 948 1653 prodiret,
996 1594 1118 1649 quae
1161 1585 1286 1648 post
1323 1577 1621 1648 relegatum
1673 1571 1962 1637 Hilarium,

376 1689 478 1730 nec
509 1676 668 1743 longe
699 1681 827 1727 ante
883 1671 1154 1741 synodum
1211 1667 1616 1723 Ariminensem
1667 1667 1812 1720 edita
1859 1674 1962 1730 est,

2070 477 2252 545 itaque
2285 476 2566 546 aliquatth
2597 485 2720 547 post
2741 477 3074 548 publicatam
3105 476 3466 533 Sirmiensem
3491 477 3656 534 ἐκθε-

2067 585 2151 622 σιν
2201 569 2398 639 spatio,
2459 570 2807 641 Ancyranam
2861 584 2889 624 a
2945 569 3151 624 Basilio
3208 570 3479 640 synodum
3531 585 3658 628 esse

2065 660 2372 715 conﬂatam.
2415 659 2554 727 Quid
2603 660 2750 730 quod
2788 660 2952 714 Osius
3001 660 3152 730 ipse,
3187 674 3218 713 a
3251 675 3363 730 quo
3404 659 3655 716 eamdem

2068 751 2212 804 illam
2244 749 2540 820 profectam
2579 749 2867 805 formulam
2900 759 3092 804 auctor
3138 758 3222 804 est
3265 747 3532 815 Hilarius,
3555 763 3660 802 an-

2066 857 2196 897 num
2248 843 2516 912 integrum
2559 841 2747 896 Sirmii
2795 849 3038 897 retentus
3070 850 3174 903 est,
3218 840 3540 910 priusquam
3586 839 3660 893 ad

2067 950 2398 991 consensum
2447 936 2794 1006 adigeretur?
2834 933 3016 1002 Quare
3067 950 3188 990 cum
3224 950 3336 990 non
3382 935 3486 990 nisi
3534 945 3664 1006 post

2065 1025 2286 1081 Junium
2314 1042 2557 1084 mensem
2596 1028 2723 1082 anni
2751 1026 2857 1082 356
2904 1025 3267 1082 Constantius
3319 1025 3505 1080 Sirmii
3533 1041 3662 1081 es-e

2066 1124 2322 1193 potuerit,
2373 1137 2715 1194 consequens
2757 1131 2869 1187 est,
2925 1136 3070 1176 anno
3122 1130 3415 1191 sequente,
3458 1119 3659 1176 eodem

2065 1213 2284 1268 circiter
2311 1223 2574 1284 tempore,
2601 1213 2763 1269 istam
2791 1215 2860 1268 ab
2897 1211 3030 1268 Osio
3067 1211 3462 1282 professionem
3498 1211 3663 1266 Aria-

2067 1321 2168 1359 nos
2205 1306 2524 1362 extorsisse.
2587 1304 2752 1376 Atqui
2789 1305 2878 1360 diu
2919 1316 3066 1367 ante.
3111 1305 3386 1360 nimii-mir
3417 1303 3520 1357 sub
3560 1318 3664 1372 pa-

2070 1395 2254 1452 schale
2281 1405 2516 1466 tempus,
2549 1397 2779 1469 Ancyra:
2807 1411 3113 1451 convenere
3135 1393 3661 1451 SemiarianiNidcs

2069 1496 2310 1557 quantus
2342 1487 2414 1541 sit
2445 1487 2586 1557 apud
2619 1488 2741 1543 illos
2771 1488 3043 1542 rationum
3091 1487 3226 1542 inter
3264 1501 3385 1542 sese
3447 1501 3660 1541 serum—

2065 1576 2261 1645 nisque
2278 1575 2585 1633 conﬂictus.
2612 1577 2716 1633 Sed
2735 1593 2800 1633 ex
2835 1578 2900 1634 iis
2932 1593 3052 1648 quae
3067 1593 3230 1648 supra
3247 1578 3656 1644 constituimus,

2067 1682 2298 1737 quaeque
2340 1668 2504 1738 paulo
2538 1677 2658 1740 post
2707 1670 2986 1724 tractanda
3042 1679 3191 1733 sunt,
3235 1680 3457 1740 apparet
3511 1671 3660 1726 aliud

377 1777 438 1821 ut
473 1781 538 1821 ex
575 1741 769 1820 eodem
813 1762 1025 1817 Hilario
1068 1771 1325 1826 constat;
1371 1773 1550 1829 neque
1591 1765 1769 1828 potest
1815 1772 1960 1812 anno
1991 1741 2035 1800 Β
2065 1758 2366 1828 Aneyranae
2403 1761 2609 1830 synodo
2643 1769 2859 1830 tempus
2881 1775 3003 1816 esse
3027 1761 3396 1816 tribuendum.

376 1859 482 1914 557
511 1858 809 1913 Sirmiense
833 1855 1124 1912 concilium
1159 1853 1271 1908 ullo
1294 1852 1458 1909 modo
1484 1865 1808 1922 congruere.

449 1948 730 2006 Neminem
758 1941 1118 2003 vetusdssimi
1153 1943 1362 2000 erroris
1400 1943 1537 1999 adeo
1574 1951 1819 1997 tenacem
1850 1939 1965 1996 fore

376 2041 612 2105 conﬁdo,
647 2039 743 2110 qui
777 2053 887 2094 non
919 2045 1002 2092 tot
1041 2034 1382 2105 argumentis
1437 2034 1719 2090 convictus
1767 2042 1967 2089 nostra:

377 2137 455 2191 illi
501 2149 609 2190 non
662 2131 927 2204 Opinioni,
988 2139 1084 2185 aut
1131 2127 1478 2200 conjecturae,
1507 2127 1602 2183 sed
1651 2125 1969 2182 certissima:

375 2228 592 2285 veritati
647 2226 976 2296 suffragetur
1005 2267 1020 2290 ,
1095 2224 1342 2294 adeoque
1388 2222 1740 2278 vehementer
1781 2220 1968 2276 obstu-

375 2327 584 2390 pescat,
617 2317 819 2394 nemini
865 2316 1130 2394 hactenus
1167 2313 1484 2370 mortalium
1529 2321 1638 2368 tam
1671 2312 1966 2368 immanem

377 2389 623 2467 histories
653 2389 831 2465 labem
864 2409 919 2463 in
945 2389 1093 2463 tanta
1132 2406 1508 2464 doctrinarum
1546 2405 1793 2461 omnium
1823 2405 1965 2470 luce,

375 2512 638 2573 tantaque
667 2502 946 2557 annalium
980 2509 1034 2556 et
1067 2499 1456 2556 chronicorum
1488 2499 1644 2569 copia
1676 2497 1763 2554 vel
1804 2497 1969 2553 levis-

376 2597 516 2654 sime
542 2595 875 2652 suboluisse.
910 2593 987 2648 Ac
1011 2592 1215 2647 nostris
1236 2591 1454 2662 quidem
1483 2590 1754 2646 accuratis
1807 2599 1970 2660 atque

377 2689 610 2744 eruditis
651 2686 965 2742 hominibus
1011 2684 1188 2739 danda
1233 2684 1389 2738 venia
1424 2693 1530 2748 est,
1562 2685 1657 2754 qui
1704 2681 1968 2748 Socratis,

380 2781 669 2836 Sozomeni
715 2788 878 2850 atque
938 2780 1287 2848 antiquorum
1325 2777 1552 2847 vestigia
1600 2775 1772 2832 secuti
1801 2784 1964 2831 sunt:

378 2873 502 2929 illos
533 2873 682 2943 ipsos
721 2871 926 2926 erroris
950 2879 1206 2924 auctores
1248 2885 1312 2925 ac
1356 2869 1524 2926 duces
1564 2885 1831 2926 excusare
1857 2885 1968 2925 non

375 2981 632 3037 possum.
659 2963 776 3035 qui,
803 2973 863 3017 ut
894 2963 1108 3017 illorum
1145 2969 1449 3032 temporum
1481 2962 1770 3018 viciniores
1789 2971 1966 3028 erant,

378 3060 459 3114 sic
499 3059 565 3112 ad
604 3071 795 3112 eorum
836 3052 1229 3126 explorandam
1257 3054 1544 3109 historiam
1585 3054 1970 3110 instructiores
1999 3095 2044 3157 c

377 3164 500 3204 esse
527 3147 857 3203 debuerunt.

449 3237 810 3308 Posteaquam
838 3237 1243 3290 lirmamentum
1282 3234 1460 3305 ipsum
1518 3232 1669 3290 falsae
1699 3234 1971 3289 narratio-

377 3327 466 3382 nis
494 3335 548 3381 et
598 3334 764 3396 caput
794 3325 1117 3390 evertimus,
1166 3324 1398 3394 reliqua,
1455 3339 1578 3394 quae
1624 3325 1753 3380 huic
1783 3324 1972 3380 innixa

379 3418 565 3472 minus
597 3415 800 3470 habent
836 3415 1121 3480 momenti,
1166 3415 1372 3471 erroris
1402 3429 1508 3470 non
1544 3414 1749 3480 minus,
1781 3424 1974 3485 suapte

380 3516 574 3576 sponte
603 3504 775 3560 fracta
804 3506 1190 3575 inlirmataque
1227 3508 1536 3562 concident.
1574 3505 1859 3577 Ejusmodi
1889 3514 1973 3561 est

379 3594 525 3664 quod
581 3593 647 3648 de
694 3593 998 3664 Ancyranre
1051 3596 1239 3665 synodi
1290 3604 1534 3666 tempore
1579 3595 1857 3662 delinitur,
1918 3598 1969 3649 in

380 3686 630 3739 eumdem
685 3701 890 3740 annum
943 3685 1225 3752 incidisse,
1271 3703 1383 3758 quo
1417 3686 1686 3744 thinus
1738 3689 1790 3743 in
1838 3687 1975 3743 Sir-

380 3776 580 3832 iniensi
623 3777 858 3832 concilio
905 3775 1199 3834 damnatus
1234 3786 1336 3844 est,
1395 3793 1591 3848 nempe
1644 3794 1790 3836 anno
1843 3779 1966 3835 557.

382 3870 538 3936 Quod
571 3885 678 3925 non
716 3869 878 3925 modo
922 3868 1118 3923 falsum
1160 3877 1264 3932 est,
1314 3869 1440 3940 quia
1482 3870 1642 3942 longe
1666 3880 1791 3925 ante
1826 3872 1973 3929 hunc

383 3975 588 4013 annum
658 3957 1016 4014 Sirmiensem
1081 3958 1231 4021 illam
1298 3960 1568 4030 synodum
1640 3962 1969 4018 celebratam

383 4052 545 4118 paulo
577 4060 701 4106 ante
725 4051 1038 4117 docuimus,
1073 4051 1167 4106 sed
1192 4050 1357 4106 etiam
1395 4051 1564 4121 quod,
1590 4053 1693 4108 etsi
1721 4054 1826 4109 hoc
1849 4056 1972 4126 ipso

384 4157 532 4196 anno
561 4151 782 4212 peracta
809 4141 898 4206 sit,
937 4157 1043 4196 non
1077 4151 1255 4211 potest
1279 4142 1333 4196 in
1365 4141 1619 4197 eumdem
1649 4143 1971 4216 Ancyranus

382 4241 684 4288 conventus
718 4220 1023 4288 incurrere.
1066 4230 1166 4288 Hic
1204 4233 1353 4288 enim
1405 4243 1532 4289 ante
1581 4233 1792 4290 Pascha
1824 4237 1970 4291 cele-

381 4326 574 4380 bratus
600 4332 684 4379 est
713 4338 726 4377 :
763 4325 907 4379 unde
939 4332 991 4379 et
1021 4323 1270 4394 plerique
1312 4324 1384 4380 ob
1414 4324 1651 4380 hiemem
1688 4325 1968 4381 interclusi

2139 1848 2245 1904 Nec
2270 1850 2453 1906 minus
2480 1853 2624 1921 quod
2652 1851 2726 1907 illi
2761 1861 2869 1908 tam
2906 1853 3105 1908 acriter
3134 1861 3377 1926 pugnant
3410 1854 3656 1909 indidem

2066 1942 2334 1999 refellitur
2366 1962 2379 1998 :
2414 1943 2691 2000 Liberium
2727 1962 2923 2017 papam
2961 1947 3130 2017 priori
3161 1947 3240 2001 illi
3272 1946 3392 2002 ﬁdei
3430 1946 3653 2017 profes-

2067 2035 2210 2090 sioni
2241 2035 2656 2107 subscripsisse,
2689 2055 2810 2109 quae
2834 2039 2889 2093 in
2913 2038 3201 2095 Sirmiensi
3228 2042 3440 2111 synodo
3463 2048 3658 2096 contra

2067 2125 2361 2182 Photinum
2425 2137 2510 2182 est
2553 2129 2776 2184 emissa.
2817 2129 3027 2200 Quippe
3080 2131 3291 2202 aliquot
3329 2131 3491 2187 annis
3539 2146 3654 2186 non

2070 2216 2271 2273 Liberii
2321 2219 2484 2274 modo
2535 2219 2966 2288 restitutionem,
3027 2221 3120 2278 sed
3172 2223 3427 2278 exsilium
3480 2221 3659 2293 ipsum

2067 2305 2395 2364 Photiniana
2437 2309 2717 2365 damnatio
2768 2311 3068 2382 praecessit.
3151 2311 3362 2369 Fecerit
3409 2311 3661 2370 Liberius

2071 2413 2265 2466 necne,
2307 2400 2452 2470 quod
2508 2401 2707 2458 fecisse
2755 2402 3005 2474 plerique
3050 2413 3293 2460 veterum
3322 2404 3570 2471 Patrum,
3602 2415 3664 2461 ut

2070 2489 2430 2556 Athanasius,
2490 2491 2857 2566 Hieronymus
2900 2495 3102 2566 aliique
3131 2498 3498 2563 consentiunt,
3527 2499 3662 2554 nihil

2071 2584 2138 2638 ad
2191 2585 2498 2640 institutam
2548 2586 2972 2657 disputationem
3019 2589 3232 2644 attinet.
3282 2588 3495 2645 Etenim
3539 2591 3661 2646 ﬁeri

2070 2685 2268 2746 potest,
2299 2686 2358 2731 ut
2378 2691 2504 2731 cum
2540 2675 2790 2743 Ursacio,
2818 2677 3041 2735 Valente
3095 2695 3159 2735 ac
3186 2681 3410 2751 reliquis
3443 2681 3662 2740 Arianis

2072 2767 2558 2822 communicaverit
2601 2768 2843 2839 quidem,
2897 2778 2953 2825 et
3006 2770 3370 2827 Athanasium
3425 2772 3664 2828 damna-

2070 2859 2229 2925 verit,
2252 2859 2344 2915 sed
2371 2860 2640 2916 haeretica:
2659 2863 2915 2932 pravitati
2944 2875 3290 2935 nequaquam
3321 2865 3667 2935 subscripse-

2073 2951 2143 3007 rit
2177 2993 2192 3019 ,
2225 2952 2465 3008 haeretici
2510 2969 2642 3009 vero
2681 2957 2843 3010 etiam
2893 2956 3301 3025 comprobatam
3337 2957 3404 3012 ali
3429 2956 3524 3013 illo
3553 2957 3669 3013 liae-

2075 3044 2221 3100 resin
2253 3043 2391 3101 falso
2414 3044 2765 3115 jactaverint.
2801 3045 2917 3102 Hoc
2960 3062 3089 3102 vero
3114 3048 3505 3104 ‘certissimum
3554 3059 3663 3115 est,

2073 3148 2251 3204 neque
2296 3135 2464 3206 priori
2522 3135 2597 3190 illi
2653 3144 2843 3192 contra
2878 3135 3176 3192 Pbotinum
3218 3138 3378 3194 edita:
3414 3139 3665 3194 subscri-

2074 3227 2274 3299 psisse,
2315 3237 2390 3296 et,
2421 3229 2468 3285 si
2512 3243 2576 3283 ex
2618 3227 2798 3284 tribus
2845 3227 3247 3288 Sirmiensibus
3282 3231 3521 3302 aliquam
3565 3233 3670 3288 ad-

2073 3319 2311 3385 miserit,
2345 3335 2453 3374 non
2486 3318 2669 3384 aliam,
2705 3334 2871 3390 quam
2918 3321 3238 3387 secundam,
3273 3323 3361 3378 cui
3403 3331 3454 3376 et
3489 3321 3662 3379 Osius

2074 3425 2338 3467 assensus
2370 3421 2473 3478 est,
2519 3411 2930 3482 comprobasse.
2972 3412 3052 3468 Ac
3094 3413 3228 3468 mihi
3272 3413 3494 3484 quidem
3533 3430 3666 3484 pur-

2074 3502 2238 3573 gandi
2268 3503 2339 3558 ab
2369 3503 2520 3559 omni
2558 3503 2784 3559 haeresis
2814 3505 3129 3574 suspicione
3175 3503 3377 3562 Liberii
3411 3509 3664 3576 expedita

2073 3592 2323 3663 quaedam
2346 3595 2488 3648 ratio
2526 3601 2581 3649 et
2621 3592 2796 3649 facilis
2818 3597 3076 3661 occurrit,
3109 3595 3155 3651 si
3179 3595 3415 3651 oblatam
3439 3597 3660 3666 quidem

2072 3684 2148 3739 illi
2180 3687 2474 3740 secundam
2503 3684 2856 3742 Sirmiensem
2897 3685 3117 3741 ἔκθεσιν
3149 3688 3456 3744 dixerimus
3492 3708 3505 3743 :
3548 3705 3658 3744 non

2073 3767 2337 3846 integram
2370 3787 2574 3846 tamen,
2607 3789 2699 3835 aut
2737 3781 3046 3851 cujusmodi
3081 3781 3225 3850 apud
3267 3781 3572 3844 Socratem,
3603 3793 3659 3836 et

2069 3867 2453 3935 Athanasium,
2496 3877 2661 3940 atque
2700 3868 2964 3925 Hilarium
3007 3871 3230 3940 legitur,
3279 3872 3371 3928 sed
3418 3873 3655 3942 priorem

2069 3959 2187 4028 ejus
2241 3968 2470 4029 partem,
2521 3961 2575 4015 in
2631 3978 2739 4032 qua
2803 3962 2896 4016 τοῦ
2953 3963 3262 4034 ὁμοουσίου,
3319 3974 3375 4019 ει
3434 3965 3654 4036 ὁμοιου-

2073 4049 2188 4103 σῐου
2245 4052 2507 4106 vocabula
2566 4053 2840 4108 reticenda
2903 4069 3028 4110 esse
3084 4055 3398 4111 decernitur
3448 4074 3461 4108 :
3509 4057 3657 4126 quod

2071 4149 2222 4218 pacis
2273 4163 2338 4204 ac
2393 4149 2594 4218 quietis
2662 4153 2846 4207 studio
2907 4154 3230 4224 complexus
3279 4167 3384 4212 est.
3452 4155 3649 4213 Verum

2072 4241 2264 4294 Ariani
2329 4242 2504 4297 eidem
2567 4241 2819 4299 formulae
2889 4246 3101 4316 reliqua
3162 4249 3510 4317 postmodum
3565 4250 3654 4304 in-

2074 4339 2390 4399 texuerunt,
2426 4347 2490 4388 ac
2524 4334 2770 4403 specioso
2799 4335 3032 4391 Romani
3060 4337 3334 4407 pontiﬁcis
3357 4339 3575 4395 nomine
3602 4351 3654 4394 et

383 4419 438 4473 in
489 4418 749 4488 synodica
798 4417 1030 4487 epistola
1093 4416 1379 4472 dicuntur.
1427 4415 1544 4472 Non
1575 4417 1755 4488 potuit
1803 4418 1970 4489 igitur
2003 4439 2044 4493 ι)
2076 4425 2404 4480 auctoritate
2444 4441 2603 4480 suum
2644 4427 2842 4497 dogma
2887 4428 3257 4484 venditarum.
3306 4429 3494 4485 Dicam
3538 4447 3653 4486 amo

381 4510 572 4564 eodem
610 4523 756 4563 anno
807 4507 1132 4563 Sirmiensis
1182 4507 1425 4580 synodus
1457 4506 1577 4562 ﬁeri
1613 4526 1625 4562 :
1656 4507 1761 4563 nisi
1789 4517 1971 4578 poste-

383 4602 586 4656 riorem
618 4603 760 4654 hanc
787 4599 960 4655 fuisse
991 4600 1128 4655 velis
1148 4640 1164 4667 ,
1194 4599 1340 4669 quod
1390 4598 1552 4671 longe
1581 4611 1665 4654 est
1690 4599 1972 4655 absurdis-

382 4695 582 4751 simum
616 4733 631 4759 ,
693 4693 953 4761 quoniam
1009 4691 1077 4746 ad
1124 4694 1547 4762 oppugnandam
1613 4689 1971 4748 Sirmiensem

382 4784 532 4840 illam
582 4783 900 4850 formulam,
949 4797 1115 4853 quam
1183 4785 1238 4837 in
1304 4783 1542 4837 concilio
1599 4786 1968 4855 conscriptam

381 4879 720 4942 existimant,
773 4875 1059 4946 Ancyrana
1093 4883 1192 4942 est
1245 4875 1488 4945 synodus
1530 4875 1776 4930 collecta.
1826 4875 1967 4942 Quin

380 4971 548 5025 etiam
583 4979 870 5040 postquam
914 4967 1031 5021 haec
1086 4965 1208 5020 lidei
1265 4964 1536 5035 professio
1573 4966 1734 5021 allata
1767 4967 1970 5022 Sirmio

379 5073 482 5126 est,
522 5061 769 5118 nonnihil
806 5068 933 5114 ante
963 5058 1258 5113 concilium
1319 5058 1674 5129 Ancyranum
1707 5064 1970 5130 temporis

381 5152 718 5210 intercessit.
749 5151 885 5207 Nam
922 5148 1165 5205 Hilarius
1195 5150 1291 5205 lib.
1321 5149 1398 5203 De
1429 5151 1663 5220 synodis,
1701 5167 1823 5222 pag.
1843 5152 1966 5218 529,

384 5244 763 5304 Occidentales
789 5247 1080 5315 episcopos
1109 5243 1419 5309 collaudat,
1454 5244 1603 5314 quod
1651 5247 1870 5301 missam
1901 5248 1970 5301 ad

376 5356 489 5396 sese
528 5355 594 5394 ea;
631 5339 910 5394 Sirmiensi
963 5337 1152 5407 oppido
1200 5336 1431 5406 inﬁdelis
1477 5337 1606 5407 ﬁdei
1647 5339 1969 5408 impietatem

378 5448 482 5486 non
531 5430 686 5484 modo
729 5445 832 5483 non
880 5429 1254 5498 suscepissent,
1295 5428 1386 5482 sed
1455 5431 1759 5485 nuntiatam
1806 5433 1969 5486 etiam

381 5523 844 5591 signiﬁcatamque
909 5520 1274 5576 damnassent.
1345 5521 1466 5588 Quo
1534 5539 1660 5578 cum
1717 5524 1968 5594 exemplo

377 5610 571 5669 scribit
597 5614 862 5668 excitatos
894 5610 1202 5667 Orientales
1245 5614 1532 5686 episcopos
1575 5616 1627 5670 in
1677 5617 1968 5686 Ancyrano
2027 5606 2030 5618 ⁷

377 5697 612 5758 concilio
645 5700 1063 5770 irreligionrum
1107 5701 1351 5758 audacia:
1397 5701 1715 5775 quibusdam
1752 5717 1963 5761 senten-

2075 4514 2253 4582 plius,
2325 4531 2391 4569 ne
2446 4515 2537 4570 isti
2589 4515 2812 4586 quidem
2871 4517 3205 4588 professioni
3261 4521 3654 4592 subscripsisse

2074 4603 2375 4671 Liber-iuni,
2407 4608 2499 4662 sed
2526 4608 2683 4662 alteri
2714 4610 2953 4677 cuidam,
2979 4627 3087 4681 qua
3130 4612 3182 4666 id
3222 4629 3388 4668 unum
3434 4628 3655 4669 cavere-

2074 4710 2183 4761 tur,
2213 4715 2281 4753 ne
2303 4700 2425 4768 quis
2452 4701 2940 4758 consubstantialis
2986 4705 3253 4760 vocabulo
3289 4707 3344 4759 in
3375 4714 3649 4777 posterum

2074 4798 2339 4844 utorelur.
2370 4789 2525 4858 Quod
2555 4808 2680 4848 cum
2706 4793 2772 4867 de
2797 4796 3066 4850 catholica
3095 4797 3384 4853 severitate
3404 4796 3651 4853 Liberius

2074 4880 2404 4948 remisisset,
2445 4892 2501 4938 et
2536 4885 2822 4941 Athanasii
2870 4885 3096 4958 insuper
3128 4889 3468 4944 damnationi
3509 4903 3650 4944 con-

2075 4975 2360 5041 sensisset,
2396 4977 2548 5033 visus
2581 4989 2665 5034 est
2710 4980 2766 5032 in
2822 4979 3057 5036 baeresin
3109 4982 3437 5052 prolapsus;
3483 4997 3652 5051 eaque

2074 5071 2417 5140 postmodum
2469 5072 2655 5141 opinio
2705 5073 3038 5129 Arianorum
3094 5075 3383 5133 fraudibus
3435 5085 3490 5132 et
3559 5091 3652 5131 ca-

2073 5157 2297 5213 lumniis
2327 5161 2657 5229 percrebuit,
2702 5177 2827 5218 cum
2879 5163 3235 5220 Sirmiensem
3284 5168 3407 5222 lidei
3451 5165 3651 5222 forum-

2073 5249 2178 5305 lam
2219 5251 2410 5306 eodem
2457 5261 2703 5324 tempore
2738 5256 3114 5325 publicantes,
3163 5273 3285 5311 eam
3337 5258 3531 5329 ipsam.
3563 5259 3650 5315 (ui

2071 5360 2335 5400 assensus
2379 5355 2495 5400 erat
2527 5345 2802 5415 Liberius,
2858 5349 3007 5405 illam
3053 5366 3176 5407 esse
3231 5353 3443 5406 mentiti
3502 5359 3648 5406 sunt.

2070 5436 2240 5505 Cujus
2269 5437 2345 5492 rei
2368 5437 2738 5508 conjecturam
2770 5455 2836 5496 ex
2875 5442 3186 5499 Sozomeno
3231 5445 3359 5500 licet
3405 5459 3597 5514 capere
3632 5464 3644 5497 :

2071 5530 2164 5599 qui
2196 5531 2290 5586 lib.
2322 5546 2394 5596 ιν,
2436 5547 2559 5602 cap.
2602 5534 2688 5594 14,
2712 5535 2922 5602 scribit,
2961 5553 3084 5593 cum
3116 5553 3146 5594 a
3182 5538 3402 5594 Liberio
3453 5538 3648 5593 Va‘eus

2069 5631 2123 5676 et
2153 5619 2418 5679 Ursacins
2443 5629 2861 5683 consensionem
2890 5626 3647 5700 expressissentmieissimab

2069 5725 2134 5766 eo
2154 5712 2558 5791 professionem
2593 5719 2869 5790 accepisse
2899 5722 3146 5790 alteram,
3169 5739 3275 5794 qua
3306 5724 3381 5779 illi
3417 5729 3664 5792 damnaﬁ
