3994 6222
343 278 478 337 1069

1142 266 1228 319 DE
1269 259 1611 319 SIHMIENSI
1647 260 1732 317 ET
1772 254 2145 313 ANCYRANA
2184 252 2743 311 PSEL'DOSYNODO.

3442 249 3580 306 4070

343 404 535 454 rentur
565 404 776 453 omnes,
809 386 900 457 qui
928 400 1036 439 non
1086 382 1389 439 substantia
1414 380 1729 449 caeterisqne
1761 376 1913 433 simi-
1942 381 1989 437 Α
2016 386 2080 428 ae
2105 369 2367 441 Nigriano
2401 380 2731 439 coss.,anno
2764 364 2964 419 Christi
3000 362 3124 426 351,
3159 361 3299 431 quod
3331 362 3446 417 sine
3481 365 3583 419 du-

339 492 450 546 lem
499 481 679 538 Patris
730 493 852 534 esse
905 474 1103 530 Filium
1156 483 1479 528 assererem.
1535 470 1673 525 Tum
1725 468 1909 523 addit:

347 571 655 630 Eudoxium
729 582 794 623 ac
830 566 1069 636 reliquos
1103 563 1432 626 Anomoeos,
1473 561 1564 632 qui
1616 558 1916 614 Antiochiae

346 667 725 730 versabantdr,
752 677 874 718 eum
905 660 1018 715 Osii
1047 658 1352 730 epistolam,
1392 657 1497 710 hoc
1537 664 1619 710 est
1655 653 1919 708 Sirmien-

349 776 467 815 sem
499 755 792 812 formulam
823 753 1182 824 accepissent,
1220 750 1272 804 id
1304 750 1358 802 in
1388 748 1583 817 vulgus
1629 745 1917 816 sparsisse,

350 851 631 908 Liberium
676 848 736 902 τὸ
784 845 1067 917 ὀμοούσιον
1111 841 1449 912 repudiasse,
1495 853 1559 893 ac
1598 835 1920 892 dissimilem

351 943 535 999 Patris
558 954 905 997 asseverasse
932 936 1153 991 Filium.
1176 931 1441 1014 Quocirca
1475 929 1818 1000 perspicuum
1841 934 1924 982 est

354 1033 637 1088 Liberium
686 1027 1016 1100 professioni
1050 1025 1124 1080 illi
1162 1022 1469 1088 Sirmiensi,
1510 1035 1674 1091 quam
1714 1017 1829 1073 Osii
1870 1027 1925 1072 et

354 1122 586 1179 Potamii
642 1117 1037 1190 blasphemiam
1096 1114 1328 1185 appellat
1378 1111 1646 1176 Hilarius,
1703 1108 1926 1164 minime

357 1210 784 1280 subscripsisse,
841 1210 895 1262 in
955 1220 1062 1276 qua
1116 1202 1437 1259 nominatim
1475 1200 1538 1253 τὸ
1583 1197 1922 1271 ὁμοιοῦσιον,

358 1300 820 1374 quemadmodum
851 1307 904 1353 et
937 1297 998 1351 τὺ
1028 1295 1333 1367 ὀμοούσιον,
1383 1293 1644 1363 rejectum
1677 1298 1788 1356 est;
1816 1289 1927 1343 imo

361 1407 488 1449 vero
511 1400 565 1448 et
584 1391 770 1453 οὐσίας
800 1403 997 1443 nomen
1038 1387 1254 1458 ipsum;
1300 1398 1364 1440 ac
1395 1395 1655 1453 praeterea
1685 1395 1929 1451 pronun-

362 1488 553 1542 tiatum
608 1506 621 1542 :
671 1484 887 1539 Patrem
938 1483 1179 1544 honore,
1233 1479 1516 1551 dignitate,
1586 1475 1833 1531 claritate
1876 1485 1931 1529 et

362 1579 646 1648 majestate
675 1577 938 1646 majorem
963 1589 1084 1630 esse
1123 1571 1283 1638 Filio,
1309 1571 1404 1641 qui
1424 1569 1571 1624 Patri
1602 1582 1729 1622 eum
1754 1565 1931 1621 omni-

362 1670 467 1726 bus
489 1669 556 1725 ab
586 1684 651 1725 eo
673 1668 775 1724 sibi
800 1666 1059 1737 subjectis
1081 1664 1153 1721 sit
1179 1664 1293 1734 ipse
1318 1660 1617 1730 subjectus.
1648 1656 1932 1725 Quomodo

361 1761 508 1815 enim
572 1756 687 1814 haec
744 1756 1034 1828 approbari
1083 1771 1111 1809 a
1166 1753 1380 1808 Liberio
1438 1758 1773 1821 potuerunt,
1835 1747 1933 1818 qui

364 1852 640 1923 conceptis
686 1850 864 1906 verbis
921 1847 1067 1903 Patri
1125 1863 1222 1917 per
1284 1844 1503 1910 omnia,
1567 1843 1812 1911 adeoque
1863 1843 1931 1912 τῇ

365 1942 522 2015 οὐσίᾳ
560 1943 791 1998 similem
846 1956 969 1998 esse
998 1939 1196 1994 Filium
1230 1937 1492 1993 edixerit?
1530 1935 1635 1991 Sed
1672 1935 1933 1990 nimirum

362 2035 667 2104 simplicem
702 2035 771 2088 ab
818 2048 883 2088 eo
930 2029 1268 2088 controversi
1305 2027 1552 2082 vocabuli
1587 2026 1933 2098 suppressio-

368 2133 489 2181 nem
510 2142 635 2183 eum
658 2125 1034 2189 extorsissent,
1055 2133 1247 2179 caetera
1278 2121 1343 2175 ad
1371 2121 1515 2175 illam
1538 2119 1933 2188 adjunxerunt;

368 2233 541 2288 eaque
581 2231 688 2284 res,
728 2217 800 2272 ob
832 2215 1074 2271 damnati
1105 2213 1405 2284 prtesertim
1452 2210 1737 2266 Athanasii
1791 2208 1933 2263 invi-

370 2310 538 2372 diam,
590 2309 747 2363 fidem
791 2306 932 2378 apud
977 2306 1213 2360 Arianos
1254 2303 1475 2374 perinde
1521 2317 1586 2357 ac
1636 2300 1936 2357 catholicos

369 2400 624 2453 obtinuit.

444 2483 541 2539 Hic
573 2484 707 2538 mihi
740 2499 850 2554 prae
880 2483 1090 2539 caeteris
1118 2480 1313 2536 Hilarii
1354 2480 1738 2537 auctoritatem
1777 2481 1939 2551 objici

371 2591 534 2645 posse
559 2576 735 2640 video,
770 2575 864 2645 qui
896 2575 950 2629 in
981 2573 1301 2645 fragmentis
1331 2590 1361 2628 a
1388 2571 1615 2628 Nicolao
1638 2571 1813 2627 Fabro
1834 2571 1942 2625 edi-

374 2671 447 2726 tis
481 2669 721 2739 epislolae
750 2667 973 2731 Liberii,
1023 2681 1187 2737 quam
1242 2666 1309 2720 ad
1349 2661 1654 2720 Orientales
1699 2662 1938 2731 scripsit,

374 2777 591 2832 quaque
609 2776 666 2816 se
687 2776 718 2815 a
745 2758 1063 2828 Demophilo
1094 2757 1252 2812 ﬁdem
1278 2758 1627 2821 catholicam,
1653 2771 1775 2825 qua:
1798 2754 1941 2823 apud

378 2851 640 2907 Sirmium
656 2852 873 2923 prodita
899 2858 1002 2916 est,
1022 2850 1280 2905 didicisse
1307 2856 1514 2916 narrat,
1548 2849 1653 2904 ista
1678 2847 1899 2918 subjicit
1925 2866 1939 2900 :

379 2946 668 3017 Perﬁdiam
713 2953 890 2997 autem
928 2940 1070 3010 apud
1104 2940 1362 2995 Sirmium
1395 2940 1738 3009 descriptam,
1783 2953 1944 3009 quant

378 3040 505 3093 nicit
543 3035 778 3089 Liberius
829 3030 1141 3087 catholicam
1170 3048 1200 3083 a
1233 3028 1538 3098 Demopltilo
1581 3028 1683 3081 sibi
1734 3027 1943 3095 exposi-

379 3140 507 3194 tam,
536 3127 587 3180 Iti
612 3132 733 3180 sunt
760 3124 848 3194 qui
874 3122 1291 3189 conscripserunt
1321 3135 1338 3170 :
1373 3116 1682 3179 Narcissus,
1708 3115 1749 3170 Τ
1753 3114 1916 3169 heodo
1934 3142 1946 3153 -

381 3238 491 3287 rus,
542 3218 805 3283 Basilius,
859 3214 1156 3277 Eudoaﬁus,
1222 3209 1580 3279 Demophilus,
1640 3206 1943 3276 Cecropius,

380 3311 659 3382 Sylvanus,
697 3307 973 3384 Ursacius,
1018 3303 1231 3364 Valens,
1269 3301 1633 3364 Macedonius,
1678 3308 1782 3354 etc.
1841 3296 1948 3351 Sed

381 3401 646 3473 quidquid
693 3400 759 3455 de
809 3395 1132 3469 fragmentis
1176 3394 1283 3449 illis
1320 3392 1661 3448 sentiendum
1694 3390 1786 3456 sit,
1836 3390 1948 3443 haec

383 3492 630 3564 profecto
676 3488 1007 3558 subscriptio
1047 3487 1115 3541 ab
1146 3484 1335 3539 Hilarii
1366 3499 1530 3539 manu
1571 3497 1693 3538 esse
1722 3497 1831 3535 non
1864 3480 1948 3533 vi-

383 3582 561 3647 detur,
614 3578 707 3634 sed
752 3575 987 3646 imperiti
1033 3573 1341 3643 cujusdam,
1391 3575 1482 3644 qui
1531 3573 1746 3627 Arianae
1790 3578 1951 3626 sectre

384 3673 617 3728 divortia
648 3685 753 3725 non
776 3670 910 3725 satis
932 3676 1303 3739 perspexerat.
1329 3665 1543 3721 Etenim
1571 3665 1805 3719 Basilius
1850 3662 1950 3717 iste

385 3778 449 3817 ac
476 3761 729 3816 Silvanus
750 3802 764 3824 ,
793 3775 1005 3814 necnon
1036 3769 1090 3814 et
1115 3758 1467 3813 Macedonius
1522 3756 1591 3809 ab
1648 3752 1951 3824 Epiphanio

385 3855 710 3921 czeterisque
756 3850 1225 3905 Semiarianorum
1281 3847 1555 3917 principes
1611 3855 1947 3899 censentur:

387 3956 621 4013 quorum
661 3939 924 3994 adversus
964 3938 1319 3991 Sirmiensem
1365 3934 1511 3988 illam
1559 3931 1950 4001 professionem

386 4032 654 4089 acerrima
683 4029 862 4085 studia
888 4043 952 4083 ac
987 4026 1367 4083 contentiones
1391 4023 1735 4079 exstiterunt.
1766 4020 1955 4091 Neque

388 4138 517 4179 vero
553 4128 692 4184 tum,
730 4134 852 4175 cum
881 4133 945 4173 ea
982 4125 1067 4172 est
1111 4114 1278 4180 edita',
1333 4112 1520 4169 Sirmii
1566 4127 1686 4167 esse
1719 4110 1953 4165 Basilius

389 4215 599 4286 potuit;
628 4214 739 4267 imo
774 4226 873 4266 nec
908 4206 1193 4264 Eudoxius
1229 4206 1364 4276 ipse,
1392 4203 1487 4275 qui
1520 4204 1662 4257 hanc
1688 4202 1756 4256 ab
1786 4201 1955 4257 Ursa-

389 4308 475 4362 cio
518 4315 573 4361 et
605 4304 829 4360 Valente
878 4303 1103 4357 missam
1138 4298 1463 4359 Antiochiae,
1520 4295 1612 4350 ubi
1667 4308 1780 4349 tum
1830 4309 1952 4348 cum

1971 3061 2018 3122 C

2018 464 2111 520 bio
2146 477 2213 516 ex
2240 460 2390 516 Actis
2413 458 2628 514 concilii
2658 454 2978 511 Sirmiensis
3007 463 3342 523 compertum
3373 454 3583 509 habue-

2019 559 2163 606 rant.
2198 547 2313 603 Hoc
2334 548 2478 603 enim
2510 562 2541 601 e
2564 544 2937 615 superioribus
2971 543 3315 608 abstulimus,
3356 560 3587 614 praeser-

2020 640 2118 694 tim
2153 654 2221 693 ex
2254 637 2481 692 historia
2521 635 2760 704 Sulpitii,
2808 635 3076 705 synodum
3120 635 3265 688 illam
3302 645 3426 689 ante
3457 636 3590 689 Are-

2023 730 2232 787 latense
2279 738 2334 784 et
2374 729 2681 784 Biterrense
2724 727 3017 783 concilium
3071 728 3328 782 indictam
3387 726 3588 790 fuisse;

2025 824 2132 877 hoc
2168 831 2251 876 est
2294 834 2419 875 ante
2462 834 2666 874 annum
2712 819 2837 873 555.
2890 817 3057 889 Igitur
3098 819 3150 871 in
3190 833 3393 872 annum
3438 820 3590 872 illum

2025 913 2300 976 convenit,
2333 925 2494 981 quem
2522 909 2769 965 historici
2802 917 3010 964 Veteres
3035 908 3381 961 aduotarunt.
3405 905 3511 961 Sed
3539 909 3591 961 in

2026 1018 2093 1059 eo
2126 1003 2442 1058 hallucinati
2473 1010 2620 1067 sunt,
2661 1000 2804 1071 quod
2836 1016 2957 1055 cum
3003 999 3194 1068 triplex
3232 999 3597 1054 Sirmiiedita

2027 1104 2173 1152 esset
2201 1089 2325 1149 fidei
2358 1093 2650 1163 professio,
2685 1108 2795 1147 uno
2838 1091 3137 1161 eodemque
3187 1100 3430 1161 tempore
3472 1102 3525 1147 et
3567 1107 3598 1144 a

2029 1187 2239 1259 synodo
2285 1187 2530 1242 decretas
2580 1200 2770 1240 omnes
2822 1184 3223 1240 existimarunt.
3253 1182 3322 1236 At
3356 1183 3409 1237 id
3440 1199 3598 1239 secus

2008 1290 2151 1331 sese
2184 1277 2346 1331 habet
2366 1295 2393 1343 ;_
2421 1291 2544 1329 nam
2582 1277 2633 1329 in
2670 1274 2904 1330 concilio
2934 1273 3220 1329 Sirmiensi
3251 1274 3425 1343 prima
3458 1273 3600 1327 dun-

2032 1377 2184 1423 taxat
2249 1369 2338 1422 illa
2378 1338 2602 1423 .dictata
2667 1377 2769 1435 est,
2832 1382 2937 1437 qua
3003 1338 3317 1422 PbOtinia-ni
3389 1381 3603 1420 errores

2032 1462 2383 1526 damnantur,
2401 1476 2674 1530 quamque
2697 1469 2754 1513 ut
2781 1459 2921 1529 piam
2944 1474 3008 1514 ac
3040 1458 3365 1514 catholicam
3397 1458 3603 1512 descri-

2033 1553 2143 1623 psit
2175 1563 2340 1622 atque
2376 1552 2663 1621 explicavit
2690 1550 2947 1606 Hilarius.
2977 1549 3299 1620 Quanquam
3328 1551 3380 1604 in
3414 1550 3601 1604 eadem

2037 1645 2247 1718 synodo
2276 1644 2542 1699 adversus
2576 1642 2931 1698 Athanasium
2979 1642 3180 1712 aliquid
3226 1652 3486 1711 praeterea
3510 1639 3605 1695 de-

1966 1725 2008 1779 B
2040 1747 2254 1793 cretum
2289 1737 2358 1792 ab
2387 1736 2607 1792 Arianis
2651 1745 2880 1811 testatur
2920 1734 3209 1805 Sulpitius.
3242 1736 3445 1789 Auctor
3475 1746 3605 1786 vero

2034 1826 2358 1883 Sirmiensis
2397 1827 2544 1881 illius
2584 1825 2854 1888 formulae,
2872 1841 2979 1880 non
3015 1824 3230 1881 Marcus
3256 1821 3602 1883 Arethusius.

2038 1920 2133 1975 sed
2174 1918 2413 1990 synodus
2442 1918 2583 1987 ipsa.
2622 1929 2681 1971 ut
2712 1916 2946 1971 Hilarius
2976 1917 3183 1981 innuit;
3218 1931 3339 1970 nam
3369 1932 3397 1970 a
3422 1915 3605 1971 Marco

2038 2012 2218 2075 tertia,
2266 2020 2325 2066 ut
2383 2026 2485 2065 suo
2536 2011 2653 2065 loco
2695 2010 3049 2073 dicetur,4est
3097 2008 3424 2079 conscripta.
3478 2006 3608 2062 Post

2042 2102 2338 2158 Sirmiense
2385 2102 2698 2167 concilium,
2749 2102 3169 2171 convictumque
3212 2102 3281 2154 ab
3321 2102 3608 2174 Ancyrano

2039 2194 2263 2257 Basilio,
2296 2202 2350 2249 et
2380 2194 2449 2247 ab
2478 2195 2733 2247 omnibus
2762 2191 3077 2246 damnatum
3120 2191 3433 2261 Photinum,
3484 2209 3606 2248 cum

2036 2286 2147 2355 jam
2181 2285 2524 2356 Magnentius
2554 2300 2583 2337 a
2615 2283 2919 2337 Constantii
2948 2283 3137 2352 legatis
3171 2284 3417 2339 devictus
3440 2274 3608 2350 esset,

2040 2378 2333 2446 imperator
2363 2391 2507 2429 anno
2528 2375 2632 2429 353
2658 2375 2708 2429 in
2736 2372 2938 2428 Gallias
2966 2372 3240 2443 profectus
3267 2384 3369 2428 est.
3393 2376 3469 2429 Ac
3493 2386 3608 2430 tum

2042 2467 2357 2521 Arelatense
2386 2464 2805 2520 conciliabulum
2836 2463 3163 2527 celebratur,
3199 2465 3254 2517 in
3294 2480 3403 2534 quo
3440 2465 3608 2535 pleri-

2042 2573 2149 2626 que
2204 2557 2457 2611 catholici
2512 2556 2774 2627 prazsules
2825 2556 3078 2611 exsulare
3124 2555 3286 2625 jussi,
3330 2568 3612 2627 grassante

2046 2649 2325 2705 Saturnini
2357 2649 2600 2718 perﬁdia.

2114 2741 2244 2795 Inde
2268 2756 2415 2795 anno
2444 2739 2549 2795 355
2586 2739 2877 2795 Arbetione
2908 2749 2960 2795 et
3009 2740 3256 2795 Lolliano
3290 2758 3455 2802 eoas"
3487 2758 3612 2797 cum

2040 2832 2153 2903 jam
2183 2830 2539 2887 Constantius
2568 2829 2934 2886 Mediolanum
2977 2833 3332 2902 pervenisset,
3374 2834 3616 2903 synodus

2047 2924 2247 2978 ibidem
2281 2933 2365 2979 est
2396 2922 2603 2989 habita,
2636 2932 2941 2993 caeteraque
2969 2934 3137 2993 gesta,
3173 2940 3293 2993 qua:
3320 2940 3348 2977 a
3382 2924 3617 2979 Baronio

2047 3015 2334 3085 diligenter
2367 3014 2730 3083 explicantur.
2775 3012 2834 3067 In
2883 3014 3110 3084 reliquis
3144 3025 3338 3070 nutant
3365 3018 3615 3069 Annales.

2118 3107 2275 3160 Anno
2303 3103 2405 3159 557
2439 3105 2646 3169 Sirmii,
2686 3120 2795 3175 quo
2832 3107 3127 3175 imperator
3161 3123 3305 3161 anno
3338 3110 3621 3177 superiore

2049 3212 2168 3253 sese
2197 3197 2521 3260 contulerat,
2556 3212 2694 3251 nova
2720 3197 2841 3251 ﬁdei
2871 3198 3139 3268 expositio
3163 3200 3349 3265 paucis
3372 3201 3439 3255 ab
3464 3200 3620 3255 Aria-

2050 3291 2137 3345 nis
2174 3289 2466 3359 episcopis,
2517 3288 2816 3358 praesertim
2863 3288 3322 3355 Occidentalibus,
3366 3293 3623 3361 produci-

2050 3388 2158 3444 tur,
2191 3395 2425 3450 quorum
2463 3380 2737 3449 principes
2784 3388 2939 3434 erant
2992 3380 3252 3437 Ursacius
3304 3390 3359 3437 et
3399 3381 3621 3438 Valens.

2050 3469 2150 3525 Cui
2182 3487 2306 3524 mox
2340 3471 2541 3525 invitus
2576 3485 2638 3525 ac
2676 3471 2917 3526 renitens
2952 3471 3078 3526 licet
3115 3471 3408 3528 subscribit
3437 3471 3621 3539 Osius,

2050 3576 2158 3615 non
2190 3571 2367 3616 tamen
2398 3561 2756 3617 Athanasium
2780 3572 2836 3617 ut
2864 3564 3148 3618 damnaret
3184 3564 3381 3620 adduci
3408 3566 3621 3635 potuit:

2052 3651 2195 3721 quod
2231 3653 2282 3704 in
2318 3649 2490 3720 Epist.
2528 3651 2595 3703 ad
2622 3651 2767 3706 salit.
2802 3651 3132 3705 Athanasius
3167 3651 3282 3720 ipse
3311 3652 3621 3706 conﬁrmat.

2053 3737 2294 3808 Contigit
2322 3739 2438 3792 hare
2462 3736 2574 3792 Osii
2617 3739 2900 3794 calamitas
2936 3738 3130 3794 affecto
3154 3739 3268 3809 jam
3297 3756 3442 3795 anno
3468 3741 3570 3796 557
3610 3761 3622 3796 :

2055 3828 2256 3896 quippe
2292 3837 2413 3896 post
2440 3843 2644 3881 annum
2682 3829 2974 3900 integrum,
3004 3844 3166 3899 quam
3206 3828 3390 3884 Sirmii
3429 3847 3457 3883 a
3486 3832 3628 3886 Con-

2056 3919 2261 3973 stantio
2297 3920 2547 3974 detentus
2577 3930 2715 3985 erat,
2755 3921 2972 3975 Arianae
3001 3916 3326 3991 professioni
3369 3924 3625 3977 assentiri

2056 4018 2279 4063 coactus
2301 4016 2402 4063 est.
2423 4012 2490 4063 At
2515 4010 2867 4065 Constantius
2883 4008 3064 4077 Junio,
3092 4011 3177 4066 vel
3200 4008 3346 4066 Julio
3361 4013 3629 4068 duntaxat

2056 4117 2244 4155 mense
2281 4103 2408 4155 anni
2449 4102 2745 4171 superioris
2775 4101 2957 4157 Sirmii
2993 4118 3113 4158 esse
3144 4104 3339 4172 potuit,
3375 4113 3435 4158 ut
3460 4119 3625 4174 supra

2058 4192 2345 4260 probatum
2375 4200 2475 4245 est.
2515 4191 2694 4257 Quare
2740 4193 2880 4247 circa
2924 4192 3066 4247 idem
3115 4201 3329 4263 tempus
3363 4209 3507 4247 anno
3539 4210 3629 4249 sc-

2058 4296 2258 4355 quente
2296 4292 2507 4339 extorta
2550 4284 2763 4337 videtur
2802 4286 2870 4338 ab
2898 4283 3027 4339 Osio
3058 4286 3346 4355 perﬁdiosa
3377 4285 3466 4340 illa
3498 4301 3632 4342 con-

370 4398 507 4453 »suis
538 4396 881 4457 versabatur,
915 4392 1141 4462 accepit,
1176 4401 1232 4447 et
1278 4407 1309 4446 a
1348 4388 1481 4445 solis
1515 4386 1957 4443 Occidentalibus
1992 4401 2032 4455 ο
2059 4378 2246 4433 fessio.
2280 4375 2375 4431 Est
2399 4386 2577 4430 autem
2612 4392 2672 4430 ea
2704 4376 2918 4447 ἕκθεᾳις
2946 4376 3240 4442 Sirmiana,
3261 4393 3423 4448 quam
3444 4394 3631 4433 secun-

390 4489 756 4559 conscriptam
780 4501 902 4541 esse
930 4484 1072 4540 datis
1104 4483 1170 4538 ad
1195 4482 1318 4538 illos
1348 4481 1549 4536 litteris
1583 4487 1817 4535 testatus
1846 4487 1949 4533 est.

392 4581 525 4647 Quae
551 4581 733 4636 omnia
767 4593 932 4649 supra
965 4576 1183 4647 copiose
1219 4574 1490 4630 declarata
1522 4581 1670 4628 sunt.
1701 4571 1771 4626 De
1799 4571 1957 4625 tertia

394 4672 516 4726 ﬁdei
559 4671 901 4740 expositione
953 4667 1077 4736 quid
1113 4665 1460 4721 statuendum
1495 4665 1585 4727 sit,
1620 4661 1865 4718 dicemus
1892 4659 1959 4714 ad

394 4779 680 4818 numerum
719 4762 809 4817 22.

398 4878 548 4932 Nova
592 4876 836 4948 quasdam
876 4889 939 4928 ea:
986 4883 1213 4948 veterum
1249 4870 1473 4948 Patrum
1521 4868 1830 4923 testimoniis
1888 4866 1962 4919 rei

841 4954 996 5014 gesta:
1026 4945 1185 4996 series
1210 4942 1510 5010 exponitur.

467 5038 692 5108 Pergam
723 5035 790 5091 de
825 5035 1068 5091 historiis
1134 5042 1188 5088 et
1240 5031 1527 5085 annalibus
1574 5026 1960 5084 ecclesiasticis

398 5129 533 5183 bene
574 5127 790 5190 mereri,
836 5142 899 5180 ac
932 5123 1387 5196 quemadmodum
1417 5120 1576 5191 dirigi
1616 5120 1859 5178 veritatis
1894 5119 1962 5173 ad

399 5219 658 5273 amussim
697 5218 947 5279 debeant,
986 5229 1288 5285 proponam
1318 5214 1423 5266 hoc
1452 5212 1572 5266 loco
1610 5210 1865 5275 breviter,
1905 5218 1965 5263 ut

402 5312 503 5363 hac
523 5306 823 5363 offensione
846 5307 1079 5368 sublata,
1107 5313 1313 5360 rectam
1345 5302 1595 5370 deinceps
1613 5300 1754 5353 viam
1775 5313 1965 5353 omnes

400 5400 670 5455 insistant.
692 5398 909 5455 Initium
934 5414 964 5452 a
990 5397 1220 5453 concilio
1246 5394 1532 5448 Sirmiensi
1564 5393 1795 5461 capiam,
1820 5390 1967 5460 quod

397 5499 586 5548 contra
615 5491 999 5545 Photinianum
1039 5489 1233 5557 dogma
1264 5485 1549 5541 collectum
1586 5500 1615 5538 a
1647 5482 1968 5537 Constantio

399 5592 503 5641 est.
536 5584 609 5641 De
636 5599 746 5655 quo
777 5583 1119 5638 verissimum
1149 5592 1269 5633 esse
1303 5586 1503 5640 statuo,
1537 5575 1683 5646 quod
1712 5572 1968 5628 Socrates

400 5693 463 5734 ac
490 5677 824 5734 Sozomenus
859 5674 1194 5743 scripserunt
1229 5687 1241 5722 :
1270 5670 1601 5724 celebratum
1634 5682 1753 5723 esse
1779 5663 1983 5735 Sergio.

2064 4472 2185 4525 dam
2216 4484 2405 4523 omnes
2435 4477 2743 4533 numerant,
2779 4484 3008 4539 quaeque
3042 4470 3111 4525 ab
3146 4468 3352 4525 Hilario
3378 4471 3630 4541 blasphe-

2063 4565 2171 4617 mia
2216 4563 2326 4617 Osii
2363 4578 2426 4617 ac
2457 4561 2685 4616 Potaniii
2730 4562 3060 4617 nominatur.
3107 4561 3282 4633 Hujus
3320 4579 3443 4618 cum
3475 4564 3633 4619 Aria-

2063 4671 2163 4710 nos
2206 4665 2392 4724 postea
2442 4654 2819 4723 paenituisset,
2868 4668 3088 4724 operam
3143 4656 3407 4711 dederunt
3455 4666 3513 4711 ut
3567 4672 3633 4711 ea

2061 4747 2265 4815 ubique
2287 4748 2731 4816 supprimeretur,
2752 4746 3071 4816 interposita
3094 4748 3256 4802 etiam
3290 4748 3634 4818 imperatoris

2063 4845 2348 4907 potestate,
2367 4836 2458 4907 qui
2484 4837 2808 4906 supplicium
2840 4838 2927 4902 iis,
2944 4839 3037 4908 qui
3066 4839 3211 4892 illam
3232 4854 3397 4908 penes
3429 4855 3486 4893 se
3505 4839 3636 4892 reti-

2063 4922 2276 4994 nerent,
2334 4929 2717 4984 interminatus
2765 4938 2892 4984 est:
2927 4940 3116 4985 auctor
3163 4930 3416 4983 Socrates
3444 4930 3537 4982 lib.
3572 4945 3631 4988 ιι,

2065 5037 2183 5092 cap.
2204 5021 2293 5075 ‘25.
2328 5019 2430 5076 Per
2464 5021 2602 5076 idem
2631 5031 2843 5091 tempus
2878 5020 3128 5077 Liberius
3155 5021 3414 5089 pontifex,
3448 5020 3541 5089 qui
3582 5022 3638 5075 in

2068 5111 2454 5166 Mediolanensi
2489 5112 2720 5165 concilio
2747 5119 2872 5165 ante
2912 5109 3212 5173 biennium,
3236 5114 3347 5165 hoc
3377 5117 3461 5163 est
3490 5124 3637 5164 anno

2067 5203 2192 5265 555,
2240 5202 2486 5257 Beroeam
2537 5202 2929 5271 gloriosissime
2966 5202 3235 5270 relegatus
3260 5199 3456 5265 fuerat,
3488 5200 3638 5255 Con-

2023 5369 2030 5377 _
2069 5293 2255 5349 stantii
2293 5292 2637 5362 imperatoris
2668 5301 2722 5345 et
2754 5291 3082 5345 Arianorum
3120 5288 3401 5344 fraudibus
3431 5303 3494 5343 ac
3530 5298 3639 5342 ter-

2070 5387 2285 5442 roribus
2316 5384 2600 5449 infractus,
2619 5383 2781 5436 simul
2809 5381 3189 5451 recuperanda:
3212 5380 3357 5436 sedis
3381 5391 3432 5435 et
3454 5380 3639 5450 patriae

2068 5479 2360 5543 desiderio,
2394 5476 2653 5531 Sirmium
2686 5483 2940 5530 evocatus
2979 5473 3260 5528 Athanasii
3303 5472 3639 5528 damnationi

2070 5570 2426 5637 subscripsit,
2474 5582 2688 5636 unaque
2721 5565 2845 5620 ﬁdei
2893 5565 3290 5637 professionem
3334 5564 3502 5626 dedit,
3532 5578 3640 5634 qt'a
3695 5618 3699 5621 .

2073 5662 2163 5715 τοῦ
2191 5660 2473 5730 ὀμοουσξου
2511 5659 2832 5715 vocabulum
2861 5656 3164 5714 concordia
3190 5658 3361 5727 gratia
3393 5658 3640 5713 reticere-
