3994 6222
424 283 552 337 ιετι

1614 282 1958 338 APPENDIX
2000 280 2623 340 DISSERTATIONUM.

3515 287 3634 343 1072

426 415 536 468 tur,
588 397 712 456 licet
758 400 954 455 Filium
1001 401 1146 456 Patri
1183 401 1510 468 substantia,
1553 403 1917 474 omnibusque
1951 404 2004 457 in
2034 409 2079 464 A
2108 417 2138 457 e
2173 400 2396 456 Socrate
2424 417 2586 472 supra
2619 399 2927 466 retulimus,
2953 409 3012 456 ut
3033 400 3372 470 imperatoris
3402 406 3634 461 mandato

425 494 587 548 rebus
623 494 854 547 similent
889 509 1009 548 esse
1049 493 1380 548 defenderet.
1431 492 1604 558 Quam
1651 498 1995 552 occasionem

427 583 620 640 Valens
659 594 711 638 et
753 582 1014 640 Ursacius
1047 585 1211 651 nacti,
1255 586 1546 640 secundam
1588 587 1734 642 illam
1760 588 1997 658 perﬁdiae

425 678 636 746 p‘cnam
665 675 782 730 ﬁdei
808 676 1226 745 professionem,
1254 685 1512 748 tanquam
1539 695 1568 732 a
1602 679 1846 734 Romano
1868 696 1997 749 pon-

423 769 566 820 tilice
622 767 1055 834 comprobatam,
1113 768 1311 835 ubique
1357 768 1806 834 disseminarunt,
1853 781 1908 825 et
1941 770 1994 825 in

419 855 611 924 primis
637 856 702 910 ad
734 855 1036 911 Eudoxium
1068 857 1294 928 ejusque
1321 858 1536 914 sodales
1566 857 1862 916 Anomoeos
1884 861 1996 915 An-

416 947 677 1001 tiochiam
740 949 1029 1003 miserunt.
1089 948 1204 1015 Qua
1257 965 1315 1004 re
1363 949 1684 1006 audaciores
1741 952 1814 1006 illi
1868 953 1994 1007 facti

420 1035 707 1090 Aetianum
759 1037 976 1108 dogma,
1034 1039 1178 1108 quod
1231 1040 1419 1096 timide
1458 1040 1720 1098 hactenus
1759 1043 1998 1098 diffiden-

421 1137 611 1197 terque
638 1127 1026 1197 praedicabant,
1062 1131 1241 1201 palam
1274 1131 1554 1202 divulgare
1581 1144 1860 1204 «cperunt
1887 1153 1899 1189 :
1929 1151 1995 1190 ex

419 1233 530 1286 quo
578 1233 776 1288 magna
817 1233 912 1286 per
947 1216 1224 1274 Orientem
1284 1235 1348 1275 ac
1398 1219 1608 1291 Syriam
1659 1223 1994 1290 perturbatio

323 1355 328 1360 .
419 1320 733 1362 consecuta.
779 1307 947 1377 Cujus
996 1312 1168 1381 gratia
1214 1312 1480 1384 Georgius
1515 1314 1853 1369 Laodicenus
1881 1317 1994 1383 epi-

419 1401 614 1452 stolam
643 1400 860 1469 scripsit
890 1400 959 1453 ad
985 1401 1250 1456 Basiliam
1276 1404 1638 1474 Ancyranum,
1671 1407 1763 1475 qui
1797 1407 1861 1461 ad
1905 1423 1994 1461 ec-

418 1492 618 1558 clesiae,
670 1507 832 1562 quam
879 1508 1051 1564 nuper
1084 1510 1113 1548 a
1158 1493 1526 1552 fundamentis
1564 1499 1846 1561 est-itarat,
1884 1497 1992 1553 En-

417 1583 588 1637 caenia
619 1584 879 1638 ﬁnitimos
913 1585 1201 1655 episcopos
1234 1586 1545 1641 conciverat
1579 1587 1901 1652 admonens,
1936 1597 1994 1642 ut

419 1690 543 1728 cum
580 1675 800 1745 collegis
834 1675 951 1731 suis
979 1687 1320 1746 grassantem
1367 1677 1758 1732 Anommorum
1796 1679 1992 1748 impie-

2105 491 2304 547 Osiana
2347 493 2620 555 illa,-sive
2673 489 2911 546 secunda
2943 490 3259 546 Sirmiensis
3313 491 3636 559 abrogaretur

2104 579 2383 644 formula,
2442 595 2566 635 cum
2632 579 2864 634 Basilius
2922 577 3381 634 Semiarianorum
3434 582 3635 651 signifer

2104 673 2395 742 plurimum
2443 671 2584 741 apud
2614 672 2991 739 imperatorem
3028 669 3200 738 gratia
3243 678 3296 724 et
3344 673 3639 730 auctoritate

2103 773 2308 834 posset.
2346 764 2522 832 Atque
2553 763 2618 816 ad
2645 760 2950 816 Orientales
2983 761 3105 818 illos
3134 761 3409 825 tumultus,
3439 778 3640 818 novam-

2103 871 2208 925 que
2243 854 2490 910 hzeresim
2541 852 3043 918 exterminandam,
3094 851 3443 908 Constantius
3495 870 3642 924 syno-

2102 946 2231 1000 dum
2260 953 2479 1000 auetore
2501 943 2707 998 Basilio
2726 942 3101 999 Nicomediam
3141 943 3352 998 indixit.
3380 942 3504 1010 Qum
3529 961 3638 1000 cum

2101 1047 2261 1093 terrae
2297 1046 2444 1093 motu
2491 1037 2858 1102 concidisset,
2895 1052 2960 1091 ac
2993 1037 3223 1093 subinde
3262 1034 3518 1101 Nicaeam,
3544 1053 3642 1107 quo

2103 1129 2390 1198 episcopos
2446 1128 2736 1183 convocari
2793 1128 3111 1196 placuerat,
3147 1127 3331 1183 eadem
3384 1130 3641 1186 calamitas

2101 1219 2419 1275 amisisset:
2456 1219 2670 1273 tandem
2690 1219 2925 1276 Basilius
2955 1221 3295 1290 imperatoris
3327 1221 3510 1277 litteris
3531 1237 3641 1278 cum

2100 1311 2373 1381 episcopis
2428 1311 2548 1365 aliis
2597 1309 2663 1364 de
2705 1311 2900 1364 idoneo
2942 1311 3060 1365 loco
3108 1311 3404 1366 deliberare
3453 1310 3640 1376 jussus.

2101 1417 2222 1457 cum
2258 1401 2398 1457 inter
2454 1403 2577 1457 illos
2631 1401 2855 1456 minime
2908 1402 3262 1465 conveniret,
3297 1401 3543 1457 Sirmium
3582 1404 3639 1458 ad

2102 1493 2483 1565 imperatorem
2524 1493 2761 1548 advolat.
2809 1493 2884 1548 lbi
2928 1493 3162 1550 Arianos
3192 1493 3471 1564 episcopos
3509 1511 3643 1565 repe-

2103 1587 2196 1649 rit,
2230 1585 2471 1639 Marcum
2500 1585 2878 1650 Arelhusium,
2907 1584 3197 1656 Georgium
3221 1585 3639 1650 Alexandrinum,

2105 1675 2381 1732 Valentem
2446 1684 2500 1730 et
2552 1687 2798 1731 caeteros.
2839 1676 3082 1742 Quorum
3154 1677 3397 1731 omnium
3433 1680 3642 1733 consilio

415 1775 584 1822 tatem
639 1766 900 1838 synodico
941 1767 1160 1822 decreto
1199 1768 1493 1838 jugularet.
1532 1767 1607 1822 Ex
1646 1769 1712 1822 iis
1741 1769 1846 1823 labi
1880 1771 1998 1825 illos
2030 1781 2070 1833 Β
2101 1769 2452 1825 Constantius
2488 1767 2790 1824 Seleuciam
2829 1768 2880 1822 in
2914 1768 3119 1823 Isauria
3171 1769 3238 1824 ad
3280 1771 3533 1840 synodum
3563 1771 3644 1824 de-

417 1856 676 1926 opinione
703 1864 940 1921 constat,
969 1857 1063 1926 qui
1106 1872 1172 1911 ex
1217 1855 1558 1912 Tbeodoreto
1591 1857 1872 1927 colligunt,
1905 1856 1994 1910 Li-

417 1949 628 2003 berium
663 1948 732 2002 ab
752 1949 944 2003 exsilio
975 1956 1288 2003 revocatum
1321 1962 1462 2013 esse,
1491 1948 1679 2001 eodem
1709 1948 1800 2003 illo
1829 1964 1993 2014 anno,

417 2053 527 2108 quo
566 2038 924 2093 Constantius
976 2036 1164 2093 Roma:
1213 2038 1416 2109 degens
1455 2053 1485 2092 a
1520 2041 1788 2094 matronis
1838 2040 1999 2094 inter-

414 2129 650 2197 pellatus
679 2137 795 2182 est:
820 2128 1091 2199 siquidem
1117 2129 1338 2183 nonnisi
1363 2138 1486 2198 post
1504 2129 1806 2191 biennium,
1831 2145 1994 2200 quam

417 2223 625 2290 ejeettts
655 2220 852 2284 fuerat,
885 2222 1174 2277 restitutus
1209 2229 1291 2274 est
1322 2219 1594 2275 Liberius.
1631 2219 1700 2273 At
1725 2236 1868 2274 anno
1892 2222 1997 2276 555

417 2311 728 2376 Mediolani,
769 2311 843 2366 uti
874 2310 1078 2367 dictum
1118 2322 1224 2382 est,
1258 2311 1554 2381 imperator
1582 2311 1902 2366 sententiam
1942 2314 1993 2365 in

418 2405 569 2457 illum
601 2405 760 2468 dixit,
797 2414 851 2460 et
901 2414 1020 2476 post
1056 2403 1171 2460 Osii
1217 2405 1429 2475 lapSum
1485 2403 1745 2460 Sirmium
1791 2406 1996 2462 accitus

417 2504 518 2549 est.
569 2495 750 2563 Quare
799 2498 871 2552 ita
909 2497 1289 2552 Theodoretus
1328 2497 1768 2567 interpretandus
1800 2510 1902 2560 est,
1939 2507 1999 2552 ut

419 2598 528 2643 tum
559 2590 782 2658 quidem
812 2587 1171 2644 Constantius
1196 2587 1463 2643 matronis
1492 2602 1641 2657 spem
1673 2587 1816 2643 illius
1843 2590 1998 2644 resti-

417 2680 604 2735 tuendi
652 2679 841 2734 fecerit
873 2718 887 2744 ,
927 2679 1023 2733 sed
1068 2676 1124 2734 id
1166 2677 1338 2733 altero
1382 2675 1577 2733 deinde
1613 2691 1758 2732 anno
1787 2679 1998 2748 praesti-

413 2771 564 2826 terit.
1299 2831 1302 2834 .

492 2864 650 2918 Anno
699 2860 802 2918 558
837 2861 1072 2917 Basilius
1126 2860 1451 2931 Ancyranus
1505 2859 1739 2928 acceptis
1778 2858 1995 2928 Georgii

419 2953 614 3010 litteris
637 2993 652 3016 ,
693 2954 1038 3025 cognitisque
1082 2967 1205 3023 quae
1263 2950 1449 3008 Sirmii
1483 2968 1513 3008 a
1547 2951 1770 3008 Valente
1806 2962 1860 3008 et
1889 2949 1996 3007 Ur-

419 3045 571 3102 sacio
609 3054 758 3116 gesta
808 3043 1060 3110 fuerant,
1099 3058 1225 3100 eum
1255 3044 1321 3099 ad
1363 3044 1609 3100 ecclesiae
1635 3081 1650 3110 ,
1682 3043 1760 3099 uti
1791 3044 1993 3099 dictum

2099 1862 2248 1933 legit.
2303 1860 2501 1917 Verum
2549 1861 2816 1925 Eudoxii,
2851 1860 3070 1926 Acacii,
3127 1859 3406 1925 Valentis,
3454 1861 3643 1917 Ursach

2101 1955 2492 2010 Anommorum
2518 1968 2682 2023 opera
2721 1951 2924 2008 factum
2950 1963 3074 2018 est,
3109 1963 3198 2021 ut,
3234 1954 3421 2009 divisis
3456 1956 3645 2024 episco-

2099 2044 2207 2114 pis,
2250 2043 2629 2100 Occidentales
2658 2043 2877 2112 quidem
2915 2043 3179 2108 Arimini,
3210 2042 3506 2099 Orientales
3533 2060 3644 2099 vero

2099 2137 2359 2191 Seleucia:
2393 2141 2878 2206 congregarentur.
2927 2132 2984 2187 In
3023 2135 3125 2189 hoe
3156 2135 3480 2190 Arianorum
3514 2135 3645 2205 prin-

2097 2228 2279 2298 cipum
2309 2241 2604 2298 congressu
2646 2225 2843 2280 accidit
2869 2267 2883 2292 ,
2939 2226 3086 2295 quod
3125 2225 3364 2283 llilarius
3404 2227 3534 2281 libro
3581 2225 3646 2278 De

2097 2320 2312 2390 synodis
2355 2326 2578 2384 narrat,
2615 2328 2675 2373 ut
2716 2316 3020 2374 Orientales
3071 2319 3315 2388 episc0pi
3344 2359 3359 2384 ,
3413 2319 3501 2387 qui
3523 2315 3647 2370 ’Sir-

2097 2408 2292 2464 miensi
2326 2407 2678 2478 blasphemiae
2725 2408 3058 2474 restiterant,
3091 2417 3348 2463 auctores
3379 2406 3492 2476 ejus
3516 2422 3648 2461 com-

2096 2498 2360 2569 pellerent
2385 2538 2398 2560 ,
2435 2507 2497 2550 ut
2526 2497 2922 2553 subscribendo
2951 2497 3283 2550 damnarent
3307 2537 3321 2560 ,
3351 2495 3490 2566 quod
3531 2494 3652 2549 fece-

2097 2597 2239 2644 rant.
2273 2587 2414 2655 Quin
2444 2589 2608 2642 etiam
2651 2603 2715 2643 ex
2745 2588 2936 2644 eodem
2967 2586 3174 2642 Hilario
3198 2588 3488 2657 colligitur,
3514 2596 3649 2656 post-

2096 2691 2325 2748 eaquam
2385 2677 2549 2732 dividi
2611 2677 2876 2748 synodum
2942 2677 3172 2747 placuit,
3228 2677 3493 2746 principio
3551 2676 3648 2728 An-

2096 2783 2278 2840 cyram
2317 2767 2384 2823 ad
2419 2767 2774 2823 Orientalium
2817 2782 3137 2824 consessum
3175 2769 3437 2823 delectam
3479 2765 3648 2822 fuisse.

2099 2862 2304 2917 Scribit
2328 2861 2474 2916 enim
2502 2861 2588 2917 his
2613 2861 2796 2916 verbis
2823 2877 2836 2912 :
2871 2859 2974 2915 Sed
2991 2861 3220 2914 maxime
3245 2876 3369 2914 cum
3395 2859 3649 2926 comperis-

2098 2968 2207 3007 sem
2235 2953 2463 3022 synodos
2525 2953 2584 3005 in
2624 2951 2836 3022 Ancyra
2887 2960 3042 3022 atque
3079 2951 3327 3005 Arimino
3359 2965 3650 3020 congregan-

2098 3043 2195 3098 das
2223 3083 2236 3106 ,
2264 3050 2314 3096 et
2355 3057 2420 3096 ea;
2458 3041 2680 3112 singulis
2727 3042 3008 3112 provinciis
3051 3038 3345 3097 Gallicanis
3386 3039 3542 3107 binos,
3583 3039 3650 3094 vel

421 3143 521 3198 est,
553 3133 1026 3190 consecrationem
1061 3141 1391 3187 conventum
1433 3131 1660 3185 haberet
1711 3130 1996 3200 episcopo-
2021 3108 2064 3167 (ἶ
2099 3132 2334 3202 singulas
2366 3147 2425 3185 eo
2453 3147 2563 3184 esse
2595 3141 2861 3186 venturos.

422 3243 579 3288 rum,
620 3231 967 3295 Ancyranam
1010 3222 1279 3294 synodum
1329 3221 1606 3285 celebrat,
1654 3220 1708 3275 in
1749 3233 1854 3290 qua
1882 3217 1998 3271 Sir-

421 3317 646 3372 miensis
661 3313 862 3370 Osiiac
886 3311 1128 3368 Valentis
1182 3320 1236 3366 et
1284 3317 1606 3366 eteterorum
1635 3311 1994 3364 condemnata

423 3408 544 3463 ﬁdei
585 3406 819 3461 formula
845 3412 968 3469 est;
1017 3413 1390 3472 statutumque
1413 3442 1428 3468 ,
1459 3399 1604 3455 Patri
1638 3398 1835 3454 Filium
1870 3399 1999 3454 sub-

422 3500 620 3557 stantia
646 3512 765 3552 esse
795 3496 1049 3550 similem.
1079 3493 1197 3560 Qua
1226 3509 1293 3548 ex
1325 3493 1537 3564 synodo
1561 3493 1750 3547 litterae
1782 3492 2000 3560 scriptae

423 3601 550 3648 sunt
579 3591 646 3645 ad
682 3587 969 3643 Phoenices
1039 3596 1093 3641 et
1146 3585 1346 3657 Syros,
1381 3585 1472 3640 ubi
1527 3583 1755 3640 Eudoxii
1803 3583 1999 3638 Antio-

423 3681 580 3738 cbcni
623 3679 804 3735 studio
834 3676 1224 3732 Anomaaorum
1255 3675 1479 3746 perﬁdia
1528 3675 1825 3746 ﬂagrabat:
1863 3690 2001 3744 quas

424 3773 761 3844 Epiphanius
797 3769 1010 3825 recitat.
1050 3767 1253 3822 Deinde
1301 3767 1462 3839 legati
1497 3767 1562 3822 ad
1615 3767 1998 3838 imperatorem

425 3866 687 3920 Sirmium
725 3862 902 3928 missi,
940 3859 1180 3915 Basilius
1208 3859 1345 3929 ipse,
1388 3857 1706 3914 Eustathius
1746 3857 1998 3913 Sebaste-

426 3975 526 4013 nus
549 3998 564 4023 ,
599 3955 862 4012 Leontius
889 3953 1224 4025 Cyzicenus,
1273 3951 1365 4022 qui
1403 3949 1846 4006 Eudoxianorum
1891 3949 2001 4004 illic

424 4051 746 4106 disturbatis
798 4048 1042 4104 consiliis
1068 4085 1082 4112 ,
1123 4047 1507 4115 imperatorem
1536 4043 1910 4114 perpulerunt,
1943 4053 2004 4097 ut

425 4146 689 4199 adversus
719 4141 1025 4196 Eudoxium
1091 4146 1146 4194 et
1179 4136 1479 4192 Anemoeos
1518 4137 1584 4192 ad
1634 4135 2003 4191 Antiochenos

425 4239 711 4294 scriberet.
739 4234 877 4291 Tum
910 4242 1116 4300 autem,
1143 4231 1250 4288 nisi
1274 4231 1452 4298 fallor,
1481 4229 1680 4286 accidit
1700 4229 1830 4284 illud
1859 4228 2004 4298 quod

2169 3224 2281 3277 Cur
2315 3232 2495 3276 autem
2527 3222 2578 3275 in
2631 3237 2836 3277 annum
2889 3221 3014 3287 558,
3062 3237 3171 3276 non
3205 3221 3536 3293 superiorem
3559 3262 3574 3285 ,
3602 3227 3654 3274 ut

2099 3315 2277 3368 caeteri
2299 3328 2510 3380 omnes,
2541 3313 2886 3383 Ancyranam
2910 3313 3379 3368 Semiarianorum
3409 3314 3652 3384 synodum

2100 3403 2421 3458 contulerim
2447 3444 2461 3469 ,
2513 3403 2788 3458 docebunt
2835 3403 3008 3458 allata:
3047 3418 3078 3457 a
3127 3419 3213 3459 me
3252 3413 3379 3459 ante
3419 3405 3651 3464 rationes,

2101 3512 2166 3551 ex
2215 3496 2414 3564 quibus
2450 3497 2761 3551 necessario
2814 3496 2929 3552 hmc
2964 3506 3274 3566 temporum
3320 3497 3532 3567 partitio
3575 3495 3655 3549 de-

2106 3588 2343 3642 ducitur.

2179 3679 2336 3732 Anno
2370 3680 2588 3734 demum
2614 3678 2718 3733 ’559
2751 3678 2906 3732 tertia
2956 3679 3046 3733 illa
3098 3677 3418 3736 Sirmiensis
3449 3677 3657 3733 formula

2107 3788 2134 3826 a
2193 3771 2368 3826 Marco
2436 3771 2772 3835 Arethusio,
2839 3771 3312 3826 consentientibus
3387 3770 3659 3826 Semiaria-

2108 3863 2192 3917 nis
2224 3903 2237 3926 ,
2279 3862 2422 3916 edita
2477 3870 2560 3916 est
2609 3861 2686 3914 uti
2747 3860 2994 3930 pluribus
3054 3869 3246 3929 postea
3299 3859 3656 3916 declarabitur.

2111 3951 2229 4020 Qua
2265 3953 2615 4022 conscripta,
2668 3950 2868 4008 Valens
2927 3951 2994 4006 ad
3049 3953 3454 4006 Ariminensem
3513 3961 3658 4019 syno-

2109 4045 2238 4097 dutn
2287 4058 2408 4096 eam
2450 4041 2672 4104 detulit,
2707 4057 2827 4110 qua:
2877 4041 2981 4096 hoc
3029 4055 3174 4094 anno
3220 4041 3292 4096 ab
3320 4037 3662 4097 Occidentali-

2111 4135 2214 4189 bus
2269 4135 2448 4188 habita
2477 4174 2491 4196 ,
2525 4149 2648 4189 cum
2695 4131 2997 4188 Orientales
3057 4131 3324 4188 Seleucia:
3370 4133 3425 4187 in
3474 4127 3661 4185 Isauria

2112 4225 2514 4281 convenissent.

1069 4595 1176 4656 DE
1221 4592 1673 4657 VETERIBUS
1727 4588 2192 4665 QUIBUSDAM
2241 4589 2644 4652 ECCLESIZE
2709 4589 3041 4654 RITIBUS.

1461 4784 1538 4838 Ad
1585 4780 1998 4852 Expositionem
2043 4775 2190 4841 ﬁdei,
2232 4777 2336 4831 col.
2378 4776 2482 4831 884
2513 4793 2666 4849 seqq.

501 5057 619 5112 Col.
642 5055 744 5111 884
768 5054 832 5111 Α.
852 5055 962 5108 Kal
993 5052 1226 5123 πρῶτον
1246 5053 1363 5123 μὲν
1389 5056 1624 5122 κρηπίς.
1641 5053 1884 5110 Primum
1916 5055 1999 5111 Ec'

2193 5055 2268 5110 De
2301 5053 2599 5126 virginibus
2654 5054 2952 5124 praesertim
3005 5051 3222 5108 feminis
3271 5061 3401 5108 nota
3443 5065 3528 5107 res
3575 5055 3664 5111 est,

433 5153 614 5209 clesia:
640 5149 838 5206 veteris
868 5148 1196 5215 institutum,
1229 5147 1371 5216 quod
1396 5146 1663 5217 hodieque
1693 5147 1744 5201 in
1765 5146 2010 5202 Romana

433 5243 718 5307 retinetur,
755 5241 809 5294 in
835 5239 1098 5310 graduum
1131 5237 1492 5308 ordinumque
1521 5238 1836 5294 discrimine
1863 5239 2013 5308 posi-

435 5343 551 5388 tum
591 5341 691 5388 est.
715 5329 850 5385 Nam
885 5331 1134 5402 princeps
1163 5328 1407 5384 omnium
1448 5345 1511 5384 ac
1533 5329 2016 5400 praestantissimus

435 5433 520 5478 est
552 5423 822 5493 virginum
867 5422 1023 5485 ordo,
1054 5421 1148 5491 qui
1193 5422 1246 5476 in
1282 5406 1514 5491 utroque
1559 5437 1688 5476 sexu
1736 5422 2013 5477 cernitur:

437 5527 675 5581 quocum
705 5513 1066 5568 monasticam
1099 5514 1220 5569 vita:
1249 5529 1420 5586 genus
1443 5513 1807 5585 conjungitur.
1832 5512 2020 5568 Proxi-

441 5615 562 5654 mus
609 5601 740 5656 huic
766 5602 1112 5657 eontinentiae
1154 5605 1354 5674 gradus
1390 5613 1491 5674 est,
1518 5615 1632 5660 tum
1667 5602 1922 5672 viduitas,
1951 5617 2016 5658 ac

441 5697 716 5758 postremo
740 5693 860 5748 loco
889 5694 1224 5763 conjugium.

2117 5164 2279 5219 quam
2317 5148 2574 5217 antiquus
2619 5147 2669 5201 in
2705 5147 2964 5210 Ecclesia,
2999 5161 3268 5218 quamque
3314 5145 3561 5214 copiosus
3591 5140 3669 5194 ille

2121 5239 2256 5292 ordo
2286 5236 2465 5292 fuerit.
2503 5237 2752 5292 Justinus
2791 5235 3009 5308 Apolog.
3037 5234 3080 5288 ll
3117 5254 3130 5291 :
3162 5235 3269 5289 Καὶ
3294 5233 3477 5288 πολλοί
3522 5245 3666 5290 τινες,

2122 5330 2215 5383 καὶ
2246 5328 2437 5382 πολλαὶ
2465 5327 2866 5399 ἐξηκοντοῦται,
2894 5328 2989 5382 καὶ
3018 5325 3520 5398 ἐϐδομηκοντοῦται,
3543 5323 3588 5374 oi
3614 5321 3670 5372 ὲι

2121 5421 2326 5475 παίδων
2361 5420 2807 5493 ὲμαθητεύθησαν
2843 5419 2920 5492 τῷ
2959 5419 3198 5493 Χριστῷ,
3242 5419 3463 5490 ἄφθοροι
3503 5411 3669 5481 διαμὲο

2120 5530 2286 5567 νουσι.
2321 5513 2458 5570 Hinc
2495 5512 2729 5569 Faustus
2770 5513 2858 5568 ille
2901 5511 3229 5567 Manichaeus
3257 5511 3399 5580 apud
3434 5502 3670 5578 Augusti-

2119 5620 2248 5658 num
2285 5604 2378 5658 lib.
2414 5619 2519 5656 xxx
2561 5619 2686 5658 eum
2733 5603 3027 5658 catholicos
3079 5599 3510 5672 reprehenderet,
3540 5588 3670 5663 quod

2119 5692 2525 5748 matrimonium
2580 5693 2920 5761 damnarent,
2952 5691 3190 5749 vicissim
3231 5687 3495 5744 inﬁnitum
3543 5677 3667 5752 apud
