3994 6222
399 371 536 430 1075

1184 377 1272 434 DE
1317 377 1712 449 VETERIBUS
1741 375 2140 444 QUIBUSDAM
2182 372 2537 432 ECCLESl/E
2576 371 2868 428 R-ITIBUS.

3516 368 3668 422 1οη-

394 490 514 546 illos
545 490 812 561 virginum
865 505 1158 546 numerum
1205 493 1510 563 opponebat
1545 512 1556 547 :
1595 492 1662 547 Ut
1700 509 1826 564 pene
1848 491 1965 560 jam
1996 498 2041 554 Λ
2074 489 2218 554 sint,
2274 503 2436 557 neque
2491 484 2879 539 clandestinum
2939 482 3337 536 matrimonium
3403 482 3614 535 inierint.
3641 521 3656 547 ,

392 581 588 651 major,
616 581 812 653 inquit,
853 583 909 635 in
959 580 1208 637 Ecclesiis
1252 585 1493 638 omnibus
1526 585 1786 655 virginum
1836 583 1976 653 apud

391 689 499 739 vos,
523 689 683 743 quam
708 673 986 728 mulierum
1004 675 1352 728 numerositas
1374 675 1648 729 habeatur.
1675 675 1775 730 Cui
1797 675 1973 744 plane,

393 773 455 817 ut
513 778 614 818 nos
647 763 912 819 haereticis
940 764 1218 819 bodiernis
1252 766 1512 829 solemus,
1543 766 1837 834 respondet
1869 766 1979 820 Au-

391 854 641 922 gustinus
670 895 685 918 ,
721 853 794 909 ita
829 854 1262 926 virginitatemin
1306 853 1550 910 Ecclesia
1582 856 1976 924 commendari,

393 947 472 999 uti
531 946 736 1015 nuptias
800 962 1141 1017 nequaquam
1211 947 1604 1018 improbentur.
1655 949 1978 1003 Ammianus

389 1036 744 1094 Marcellinus
786 1047 978 1093 auctor
1032 1039 1284 1094 ethnicus
1331 1039 1382 1092 in
1417 1039 1566 1094 calce
1619 1039 1714 1094 lib.
1743 1055 1873 1094 xvm
1905 1039 1979 1093 De

390 1126 593 1196 Sapore
623 1145 641 1182 :
678 1127 929 1184 Inventas
994 1139 1164 1183 tamen
1215 1130 1352 1184 alias
1401 1131 1623 1200 uirgines
1676 1130 1979 1187 Christiano

391 1221 500 1272 ritu
537 1220 709 1274 cultui
757 1220 933 1275 divino
957 1230 1219 1288 sacratas,
1247 1223 1504 1277 custodiri
1537 1223 1785 1288 intactas,
1820 1232 1871 1276 et
1901 1240 1981 1276 re-

388 1306 575 1381 ligioni
617 1313 806 1366 servire
845 1313 998 1366 solito
1039 1329 1214 1379 more,
1282 1313 1427 1368 nullo
1457 1323 1682 1380 uetante,
1713 1314 1976 1385 prmcipit.

387 1400 542 1456 Pleni
572 1410 700 1456 sunt
746 1401 1089 1471 Tertulliani,
1135 1403 1413 1476 Cypriani,
1460 1405 1706 1459 omnium
1743 1406 1981 1475 denique

387 1493 880 1549 uetustissimorum
933 1493 1154 1551 Patrum
1216 1495 1338 1550 libri
1383 1536 1397 1560 ,
1478 1506 1536 1551 ut
1588 1496 1978 1568 Augustinum,

388 1582 800 1656 Hieronymum,
835 1588 1184 1643 Ambrosium
1251 1588 1495 1660 aliosque
1526 1597 1865 1659 prmteream,
1893 1605 1981 1645 sa-

388 1694 608 1735 crarum
641 1681 919 1736 mentione
959 1681 1256 1751 virginum,
1286 1697 1424 1752 quas
1474 1681 1586 1738 Deo
1631 1691 1980 1738 consecratas

387 1782 442 1828 et
486 1783 614 1828 voto
663 1773 826 1828 etiam
882 1773 1198 1838 obstrictas,
1251 1773 1345 1829 Dei
1398 1785 1562 1847 atque
1614 1773 1872 1830 Ecclesia:
1921 1789 1981 1830 se

2078 581 2268 650 exiguo
2334 590 2561 648 tempore
2615 577 2929 646 interlapso,
2994 585 3270 647 postquam
3318 573 3554 643 precibus
3610 584 3663 629 et

2072 671 2292 742 jejuniis
2319 672 2640 736 vacaverint,
2666 668 3100 746 contnutniojllis
3136 666 3491 737 indulgeatur.
3523 664 3662 721 Nco-

2080 763 2399 818 caasariense
2440 778 2590 826 vero,
2645 777 2768 817 can.
2815 761 2845 814 7
2883 779 2896 815 :
2943 759 3420 832 Πρεσϐύτερονείς
3451 758 3664 828 γάμους

2080 855 2453 926 διγαμούντων
2481 856 2554 927 μὴ
2581 853 2864 907 ἑστιᾶσθαι
2883 868 2898 884 ο
2925 852 3046 904 ἐπεὶ
3067 851 3353 922 μετάνοιαν
3387 850 3658 911 αἰτοῦντος

2079 947 2172 999 τοῦ
2211 947 2476 1018 διγάμου,
2522 946 2605 1010 τίς
2653 944 2806 998 ἔσται
2851 945 2878 998 ὁ
2926 943 3327 1015 πρεσϐύτερος,
3374 944 3402 994 ὁ
3441 939 3529 993 διὰ
3564 940 3663 1011 τῆς

2080 1039 2372 1103 ἑστιάσεως
2400 1037 2926 1108 συγκατατιθέμενος
2951 1039 3061 1098 τοῖς
3091 1036 3322 1105 γάμοις;
3349 1032 3499 1087 Vetat
3538 1047 3663 1102 pre-

2082 1130 2358 1201 sbyterum
2389 1131 2730 1201 digamorum
2775 1128 2980 1198 nuptiis
3012 1129 3297 1192 interesse,
3329 1141 3396 1180 ne
3425 1140 3664 1205 praesen-

2081 1223 2154 1277 tia
2197 1239 2292 1279 sua
2335 1225 2447 1281 illis
2485 1222 2773 1294 suti‘ragari
2820 1223 3088 1277 videatur.
3119 1219 3201 1274 Ad
3234 1220 3349 1274 haec
3379 1221 3674 1290 Ancyrana

2081 1317 2319 1386 synodus
2352 1332 2475 1371 can.
2523 1316 2591 1371 19
2632 1315 2825 1386 jubet,
2861 1323 2922 1370 ut
2953 1313 3044 1384 qui
3084 1313 3471 1382 virginitatem,
3499 1327 3662 1380 quam

2082 1407 2194 1463 Deo
2241 1407 2681 1478 spoponderant,
2729 1406 3006 1471 violarint,
3065 1407 3253 1460 eadem
3304 1419 3412 1474 qua
3465 1401 3667 1472 digami

2081 1480 2245 1568 poena
2305 1506 2676 1553 coerceantur.
2728 1497 2965 1568 Apparet
3021 1497 3185 1566 igitur
3232 1495 3481 1566 digamos
3536 1493 3666 1549 olim

2082 1589 2380 1660 ignominia
2436 1597 2668 1654 notatos,
2718 1599 2770 1644 et
2823 1588 2888 1643 ad
2941 1588 3213 1659 publicam
3267 1587 3665 1658 paenitentiam,

2083 1680 2175 1736 sed
2233 1695 2354 1735 eam
2407 1681 2722 1750 pcrbrevem
2779 1695 2845 1735 ac
2893 1678 3352 1742 tolerabiliorem,
3410 1674 3686 1730 astrictos

2084 1769 2274 1825 fuisse.
2325 1768 2444 1824 Jam
2491 1783 2657 1839 supra
2708 1769 2945 1824 vidimus
2991 1779 3157 1838 quam
3212 1782 3401 1822 severa
3449 1764 3669 1820 concilii

387 1865 668 1936 obsequiis
724 1865 1001 1920 addixisse
1025 1873 1311 1920 testantur.
1360 1865 1417 1920 In
1462 1867 1751 1937 Ancyrano
1790 1865 1976 1920 conci-
2010 1855 2051 1910 Β
2081 1859 2400 1914 Eliberitani
2436 1860 2647 1915 sanctio
2679 1858 2862 1923 fuerit,
2891 1875 3014 1914 cum
3071 1860 3124 1911 in
3164 1857 3416 1927 praesenti
3446 1855 3668 1910 naufra-

387 1957 483 2019 lio,
509 1972 629 2012 can.
674 1957 742 2012 19
773 1976 787 2012 ;
822 1953 976 2012 ’σσοι
1011 1957 1311 2030 παρθενίαν
1352 1958 1814 2030 ἐπαγγελλόμενοι
1859 1957 1982 2012 ἀθε-

387 2045 540 2099 τοῦσι
604 2046 702 2118 τὴν
759 2047 1163 2116 ὲπαγγελλίαν,
1234 2049 1326 2102 τὸν
1382 2047 1490 2102 τῶν
1550 2048 1796 2119 διγάμων
1852 2049 1979 2120 ὅρον

387 2138 867 2210 ἐκπληρούτωσαν.
925 2140 1370 2195 Chalcedonense
1432 2156 1602 2206 vero,
1660 2157 1781 2194 ean.
1846 2141 1916 2196 16
1964 2160 1977 2196 :

388 2229 661 2301 Παρθένον
704 2230 900 2300 ἑαυτὴν
925 2231 1217 2284 ἀναθεῖσαν
1258 2231 1337 2301 τῷ
1363 2232 1607 2302 Δεσπότῃ
1635 2231 1776 2302 Θεῷ,
1807 2231 1983 2286 ὡσαύ-

387 2339 496 2384 τως
523 2321 579 2373 δὲ
604 2322 697 2374 καὶ
727 2320 1045 2391 μονάζοντα,
1077 2323 1171 2375 καὶ
1203 2323 1278 2393 μὴ
1301 2322 1500 2386 ἐξεῖναι
1523 2323 1684 2394 γάμῳ
1718 2341 1982 2396 προσομι-

388 2413 528 2480 λεῖνο
568 2416 614 2467 εἰ
667 2414 722 2467 δέ
762 2431 824 2483 γε
875 2414 1148 2486 εὑρεθεῖεν
1180 2413 1340 2468 τοῦτο
1391 2415 1690 2480 ποιοῦντες,
1737 2415 1979 2469 ἔστωσαν

390 2505 763 2577 ἀκοινώνητοι.
807 2505 1141 2576 Epiphanius
1190 2517 1374 2562 noster
1426 2509 1480 2561 in
1520 2508 1790 2578 Angelicis
1844 2507 1976 2562 lltBl'.

391 2601 480 2666 60,
513 2616 568 2654 ιι.
598 2600 654 2664 7,
681 2599 839 2654 docet
871 2599 1128 2670 virgines,
1165 2615 1194 2653 a
1221 2600 1421 2670 quibus
1454 2599 1782 2668 virginitatis
1817 2615 1981 2668 Spon-

391 2691 498 2754 sio,
528 2706 693 2760 quam
727 2690 1015 2761 ὁμολογίαν
1056 2690 1324 2757 nominat,
1359 2691 1561 2745 violata
1611 2691 1678 2746 sit
1701 2735 1714 2755 ,
1762 2691 1982 2768 consul-

391 2783 498 2837 tius
542 2782 738 2854 facere,
776 2783 822 2838 si
857 2797 916 2838 se
961 2782 1216 2852 legitimis
1247 2783 1449 2853 nuptiis
1506 2782 1732 2854 illigent,
1764 2792 1822 2837 ut
1858 2790 1984 2854 post

391 2853 1110 2944 diuturnam’ptenitentiam
1141 2875 1396 2931 Ecclesia:
1416 2877 1855 2932 communionem
1883 2877 1982 2931 im-

393 2974 629 3036 petrent.
659 2965 911 3022 Nondum
947 2966 1153 3022 scilicet
1185 2981 1248 3022 ea
1286 2967 1509 3037 sponsio
1557 2976 1721 3023 tantae
1763 2968 1981 3039 religio-

395 3058 483 3112 nis
508 3067 644 3124 erat,
673 3067 733 3113 ut
766 3057 982 3113 irritum
1015 3058 1425 3112 matrimonium
1457 3057 1680 3113 faceret.
1715 3057 1846 3115 Vide
1875 3058 1983 3130 Cy-

393 3147 646 3218 prianum
683 3146 855 3218 Epist.
894 3149 964 3202 ad
998 3147 1370 3218 Pomponium,
1401 3149 1560 3218 cujus
1600 3149 1814 3203 initium
1847 3158 1931 3204 est
1963 3167 1978 3204 :

390 3237 638 3310 Legimus
664 3239 872 3295 litteras
905 3251 1047 3296 tuas.
1077 3241 1168 3296 Sic
1189 3239 1534 3296 Valentinum
1558 3242 1846 3297 concilium
1876 3242 1980 3296 sub

393 3326 648 3396 Damaso,
675 3345 797 3385 can.
826 3331 882 3397 2,
952 3329 1213 3401 Virgines,
1243 3347 1360 3400 qua:
1403 3349 1457 3386 se
1497 3331 1602 3386 Deo
1634 3344 1900 3398 voverunt,
1931 3334 1980 3388 si

396 3419 466 3473 ad
504 3429 736 3476 terrenas
793 3409 1005 3492 nuptias
1051 3424 1380 3489 transierint,
1432 3426 1792 3492 paenitentiam
1829 3441 1980 3495 agere

389 3508 565 3586 jubet.
597 3511 685 3566 Eae
713 3529 876 3583 porro
907 3515 976 3570 ab
1005 3515 1262 3587 episcopo
1291 3517 1772 3572 consecrabantur.
1821 3517 1978 3585 Quod

396 3618 467 3657 ne
519 3605 830 3662 sacerdotes
877 3618 1225 3677 usurparent,
1275 3609 1472 3678 saepius
1527 3609 1892 3675 interdictum,
1922 3618 1982 3665 ut

396 3693 650 3765 Carthag.
694 3711 732 3750 ιι
779 3705 832 3752 et
884 3697 1223 3754 tu.Basilius
1278 3699 1360 3752 Ad
1394 3701 1648 3770 Amphil.,
1701 3718 1823 3756 can.
1890 3701 1977 3766 18,

396 3786 611 3840 illarum
663 3788 952 3856 ὁμολογίαν
994 3791 1166 3859 excipi
1212 3790 1366 3858 jubet
1418 3807 1563 3845 anno
1597 3792 1772 3846 aetatis
1805 3791 1871 3846 16
1899 3792 1982 3846 vel

398 3877 487 3929 17.
519 3875 772 3931 Severius
797 3879 1104 3946 Agathcnse
1131 3879 1356 3945 concil.,
1388 3895 1510 3934 can.
1543 3881 1646 3935 l9:
1683 3881 1981 3935 Sanctimo-

398 3967 583 4029 niales,
633 3969 1013 4036 quantumlibet
1062 3971 1166 4022 vita
1219 3987 1402 4023 earum
1443 3981 1493 4025 et
1550 3987 1719 4026 mores
1774 3973 1982 4042 probati

397 4059 525 4122 sint,
561 4068 681 4112 ante
715 4075 914 4112 annum
945 4061 1118 4114 (etatis
1147 4077 1256 4114 sua:
1287 4062 1356 4115 40
1387 4079 1488 4116 non
1516 4065 1766 4118 velentur.

467 4147 584 4204 Col’.
608 4148 710 4203 884
732 4149 793 4203 Α.
819 4151 882 4204 El
909 4149 975 4204 δέ
991 4168 1079 4215 τις
1098 4152 1578 4221 τελευτησάσης.
1597 4152 1654 4208 In
1676 4155 1867 4210 haeresi
1890 4156 1979 4220 59,

397 4258 454 4296 ιι.
489 4243 575 4305 14,
615 4242 830 4296 tolerari
860 4243 1215 4298 nihilominus
1252 4243 1370 4299 illos
1395 4244 1447 4298 in
1481 4244 1721 4302 Ecclesia
1747 4246 1977 4311 dixerat,

398 4334 492 4404 qui
523 4341 645 4403 post
675 4334 965 4387 divortium
993 4333 1126 4390 alias
1171 4351 1367 4391 uxores
1397 4335 1499 4391 sibi
1543 4338 1876 4406 copularent.
1907 4336 1982 4393 De

399 4441 508 4496 quo
531 4424 595 4480 ad
619 4425 768 4479 illum
793 4426 970 4480 locum
1008 4428 1264 4482 nonnulla
1288 4428 1628 4498 scripsimus.
1652 4429 1750 4484 Hic
1775 4439 1977 4494 autem,

2095 1953 2168 2024 gii
2206 1950 2510 2020 mortisque
2535 1950 2777 2020 periculo
2810 1968 2841 2005 a
2871 1964 3198 2020 quocunque
3247 1947 3509 2016 baptizari
3541 1962 3666 2016 per-

2083 2043 2267 2107 mittit,
2301 2041 2535 2112 digamis
2564 2041 2829 2096 duntaxat
2859 2040 3124 2109 exceptis.
3164 2037 3266 2093 Sed
3313 2037 3669 2092 nihilominus

2083 2136 2137 2189 in
2170 2135 2467 2190 Ecclesiam
2518 2134 2720 2204 recepti
2770 2141 2894 2190 sunt
2945 2131 3169 2202 digami,
3217 2140 3271 2186 et
3316 2131 3566 2200 quicum
3602 2129 3672 2186 iis

2083 2225 2495 2282 communicare
2521 2226 2725 2281 nollent
2757 2240 2857 2294 pro
2887 2217 3158 2280 haereticis
3190 2223 3379 2278 habiti.
3417 2221 3553 2277 l'linc
3586 2219 3672 2275 Ni—

2083 2333 2317 2380 csenum,
2356 2331 2476 2372 can.
2522 2316 2577 2382 8,
2619 2332 2742 2372 cum
2774 2315 3089 2372 Noratianis
3139 2313 3408 2370 haereticis
3457 2313 3673 2384 profes-

2083 2408 2256 2463 sionis
2286 2406 2575 2462 formulam
2607 2407 2928 2478 prmscribit,
2974 2409 3274 2462 secundum
3323 2422 3486 2477 quam
3523 2422 3673 2462 recc-

2082 2509 2207 2568 ptus
2245 2498 2354 2553 illis
2409 2499 2477 2552 ad
2529 2499 2829 2554 Ecclesium
2886 2506 3067 2568 pateat
3121 2520 3130 2554 :
3185 2497 3298 2571 Πρὸ
3347 2497 3563 2552 πάντων
3613 2498 3671 2551 δὲ

2081 2587 2262 2650 τοῦτο,
2312 2587 2510 2656 inquit,
2542 2586 2877 2658 ὁμολογῆσαι
2930 2587 3128 2650 αὐτοὺς
3180 2587 3472 2659 ἐγγράφως
3511 2604 3673 2658 προσ-

2082 2680 2225 2751 ήκει,
2259 2680 2340 2733 ὅτι
2387 2679 2738 2753 συνθήσονται
2802 2680 2896 2734 καὶ
2931 2679 3357 2750 ἀκολουθήσουσι
3405 2683 3518 2744 τοῖς
3573 2681 3673 2751 τῆς

2087 2769 2383 2842 καθολικῆς
2445 2772 2541 2826 καὶ
2604 2772 2969 2842 ἀποστολικῆς
3028 2771 3352 2844 Ἐκκλησίας
3400 2770 3669 2842 δόγμασι,

2082 2864 2322 2917 τουτέστι
2360 2864 2453 2917 καὶ
2483 2863 2736 2936 διγάμοις
2774 2867 3080 2929 κοινωνεῖν,
3119 2865 3350 2928 καὶτοῖς
3395 2865 3452 2918 ὲν
3489 2863 3566 2934 τῷ
3603 2863 3674 2917 δι-

2081 2953 2254 3026 ωγμῷ
2286 2957 2783 3028 παραπεπτωκόσιν
2807 2973 2820 2987 ·
2848 2955 2984 3010 Ante
3006 2957 3184 3010 omnia
3207 2958 3403 3026 scripto
3435 2956 3684 3026 proﬁteri-

2082 3047 2203 3102 illos
2233 3058 2454 3117 oportet,
2491 3065 2831 3103 consensuros
2866 3065 2919 3102 se
2982 3057 3138 3118 atque
3199 3053 3534 3118 amplexuros
3581 3067 3675 3104 ca-

2085 3138 2292 3193 tholica:
2345 3149 2393 3193 et
2439 3139 2746 3209 apostolica:
2785 3139 3038 3194 Ecclesia:
3088 3141 3338 3210 dogmata
3369 3159 3388 3195 :
3418 3143 3680 3196 nimirum

2084 3237 2142 3284 ut
2184 3246 2302 3283 cum
2348 3230 2573 3301 digamis
2617 3231 3017 3296 communicent,
3054 3231 3219 3300 iisque
3263 3231 3352 3301 qui
3398 3231 3452 3285 in
3495 3248 3672 3301 perse-

2081 3323 2287 3377 cutione
2317 3322 2457 3391 lapsi
2486 3333 2628 3376 sunt.
2675 3322 2781 3377 Sed
2835 3323 3059 3392 quinam
3107 3322 3308 3393 digami
3362 3321 3438 3376 illi
3470 3321 3674 3378 fuerint

2081 3415 2362 3484 quaeritur.
2393 3413 2529 3468 Nam
2551 3414 2983 3484 juriseonsultus
3011 3415 3255 3484 quidam,
3289 3417 3379 3485 qui
3415 3416 3471 3468 in
3499 3431 3670 3470 cano-

2082 3525 2210 3564 num
2251 3508 2506 3564 Eeclcsiae
2526 3511 2768 3565 codicem
2801 3521 2958 3566 notas
2984 3511 3175 3576 edidit,
3199 3513 3361 3582 vulgo
3387 3512 3497 3567 l‘ere
3526 3513 3673 3582 igno-

2081 3612 2194 3657 tum
2231 3619 2353 3658 esse
2383 3602 2533 3658 dicit.
2591 3602 2708 3672 Ipse
2755 3612 2936 3658 autem
2999 3612 3108 3659 tres
3165 3605 3417 3674 digamiae
3461 3607 3671 3674 species

2081 3694 2312 3763 explicat
2355 3712 2368 3748 :
2419 3694 2593 3764 prima
2638 3702 2739 3757 est,
2797 3710 2923 3749 cum
2977 3695 3167 3749 eodem
3221 3705 3462 3765 tempore
3514 3696 3671 3750 binas

2082 3800 2280 3840 uxores
2310 3786 2588 3855 quispiam
2640 3787 2822 3852 habet,
2855 3787 2999 3856 quod
3033 3788 3161 3839 olim
3197 3785 3398 3840 Judaeis
3439 3787 3678 3854 licitum,

2081 3875 2346 3931 Romanis
2399 3878 2606 3948 legibus
2656 3877 2990 3947 prohibitum
3038 3877 3175 3942 fuit;
3227 3879 3394 3932 altera
3428 3888 3667 3945 est,eum

2080 3969 2206 4036 quis
2237 3979 2410 4023 morte
2437 3971 2633 4039 prioris
2667 3969 2917 4040 conjugis
2963 3969 3143 4024 soluto
3178 3968 3550 4033 matrimonio,
3581 3985 3671 4024 se-

2082 4059 2288 4114 cundas
2320 4060 2536 4128 nuptias
2565 4062 2872 4128 contrahit;
2908 4062 3086 4126 tertia,
3121 4079 3284 4131 quam
3324 4063 3483 4132 vulgo
3513 4064 3668 4134 igno-

2085 4156 2192 4202 tam
2225 4163 2346 4204 csse
2388 4150 2596 4214 statuit,
2635 4161 2718 4204 est
2758 4167 2904 4216 cum,
2953 4163 3105 4205 extra
3133 4168 3353 4206 causam
3397 4152 3666 4216 adulterii,

2084 4239 2367 4308 repudiata
2394 4239 2647 4310 conjuge,
2673 4241 2842 4294 altera
2871 4243 3330 4311 superinducitur.
3355 4242 3489 4296 Cum
3519 4241 3666 4296 enim

2083 4332 2248 4385 varia:
2277 4330 2492 4385 divortii
2521 4346 2701 4385 causae
2729 4332 2862 4386 citra
2887 4332 3212 4386 adulterium
3245 4333 3428 4387 smculi
3458 4333 3667 4403 legibus

2084 4423 2212 4476 olim
2245 4430 2472 4490 receptae
2498 4421 2719 4487 fuerint,
2752 4438 3031 4491 nunquam
3076 4424 3318 4478 Ecclesia
3344 4423 3463 4479 illas
3493 4424 3668 4478 admi-

400 4531 522 4570 cum
558 4517 828 4587 legitimos
858 4517 1064 4572 scilicet
1099 4525 1153 4571 et
1187 4527 1432 4589 receptos
1460 4521 1528 4575 ab
1554 4519 1794 4576 Ecclesia
1828 4521 1977 4576 onli-
2011 4526 2054 4581 D
2083 4514 2172 4570 sit.
2202 4511 2467 4580 Quocirca
2494 4513 2588 4582 qui
2627 4513 2748 4567 aliis
2779 4513 2845 4567 de
2887 4515 3091 4577 causis.
3124 4531 3287 4582 (illam
3315 4525 3531 4586 propter
3571 4515 3668 4570 ad“

401 4625 498 4664 nes
538 4619 590 4663 et
629 4611 826 4680 gradus
875 4621 1236 4679 percenseret,
1273 4613 1554 4681 diligenter
1581 4614 1884 4669 cautionem
1917 4615 1982 4668 il-

401 4698 508 4752 lam
544 4701 812 4768 apposuit,
846 4702 1060 4756 nonnisi
1095 4711 1215 4770 post
1247 4703 1441 4772 prioris
1476 4705 1721 4775 conjugis
1749 4714 1978 4760 mortem

403 4790 671 4845 secundas
704 4792 922 4862 nuptias
976 4794 1287 4862 approbari,
1319 4795 1443 4858 etsi,
1479 4796 1557 4850 uti
1603 4796 1863 4862 diximus,
1901 4799 1980 4852 al—

402 4881 568 4936 terius
600 4883 810 4951 generis
839 4894 1116 4955 utcunque
1161 4887 1479 4941 tolercntur.
1523 4887 1845 4960 Quanquam
1882 4891 1981 4945 ad-

401 4989 594 5030 versus
640 4974 903 5044 digamos,
942 4977 1055 5046 qui,
1094 4978 1273 5045 priore
1319 4991 1550 5043 mortua,
1581 4981 1802 5034 alteram
1843 4999 1980 5036 uxo-

403 5079 518 5118 rem
569 5063 847 5127 ducerent,
903 5066 1144 5119 severior
1186 5066 1324 5135 apud
1383 5066 1634 5136 antiquos
1695 5069 1981 5138 disciplina

406 5152 528 5212 fuit.
578 5152 710 5207 Nam
757 5169 912 5209 conc.
951 5154 1143 5220 Laod.,
1178 5172 1300 5210 can.
1351 5157 1402 5222 1,
1452 5157 1522 5210 ita
1565 5159 1743 5213 sanxit
1784 5177 1798 5215 :
1851 5162 1984 5231 Περὶ

405 5245 498 5300 τοῦ
554 5247 662 5299 δεῖν
712 5247 851 5299 κατὰ
896 5247 984 5300 τὸν
1039 5248 1489 5318 ἐκκλησιαστικὸν
1559 5250 1796 5314 κανόνα,
1859 5255 1985 5317 τοὺς

407 5336 700 5408 ἐλευθέρως
738 5335 832 5388 καὶ
872 5337 1113 5407 νομίμως
1150 5339 1515 5408 συναφθέντας
1576 5339 1848 5411 δευτέροις
1886 5343 1986 5409 γά-

410 5443 562 5498 μοις,
626 5426 698 5497 μὴ
747 5425 1124 5496 λαθρογαμίαν
1175 5432 1504 5500 ποιήσαντας
1555 5431 1735 5497 ὀλίγου
1794 5433 1984 5502 χρόνου

408 5517 787 5587 παρελθόντος,
816 5519 910 5570 καὶ
958 5517 1332 5588 σχολασάντων
1365 5524 1482 5584 ταῖς
1522 5527 1850 5592 προσευχαῖς
1894 5525 1986 5577 καὶ

407 5611 702 5681 νηστείαις,
742 5610 882 5662 κατὰ
931 5611 1258 5684 συγγνώμην
1298 5614 1640 5668 ἀποδίδοσθαι
1668 5617 1850 5681 αὐτοῖς
1889 5618 1988 5688 τὴν

407 5705 690 5758 κοινωνίαν
727 5703 1038 5776 ὡρίσαμενο
1085 5704 1153 5758 Ut
1201 5707 1485 5760 secundum
1533 5707 1780 5762 Ecclesia:
1826 5727 1986 5763 cano-

412 5809 524 5849 uem
571 5799 658 5868 qui
699 5797 855 5853 libere
896 5815 956 5852 ac
995 5797 1222 5869 legitime
1263 5800 1503 5856 secundis
1552 5801 1751 5868 nuptiis
1794 5802 1990 5874 illigati

2083 4606 2361 4669 ulterium,
2403 4612 2572 4660 uxore
2611 4606 2858 4670 dimissa,
2912 4623 3036 4660 cum
3089 4609 3192 4662 alia
3227 4609 3538 4678 conjugium
3577 4623 3667 4663 so-

2082 4698 2272 4764 eiarct,
2309 4699 2415 4763 hic,
2449 4699 2523 4751 ait
2549 4699 2980 4768 jurisconsultus
3030 4701 3140 4766 ille,
3182 4705 3432 4772 digamus
3471 4718 3667 4758 cense-

2084 4790 2263 4851 batur,
2298 4790 2455 4859 eique
2488 4791 2750 4844 eanonica
2775 4792 2868 4844 illa
2903 4794 3092 4859 multa,
3158 4795 3316 4864 cujus
3355 4793 3664 4847 Neocmsar.

2083 4893 2136 4937 et
2171 4881 2388 4936 Laodic.
2433 4883 2822 4946 meminerunt,
2871 4885 3233 4954 irrognbatur.
3272 4885 3346 4937 Ex
3386 4901 3491 4953 qua
3537 4899 3666 4938 ora-

2085 4975 2231 5029 tione
2259 4975 2523 5044 sequitur,
2557 4977 2802 5046 digamos
2837 4977 2978 5040 illos,
3015 4979 3129 5047 qui,
3167 4988 3379 5031 mortua
3411 4977 3666 5046 conjuge,

2085 5068 2237 5121 alteri
2273 5083 2332 5122 se
2364 5071 2701 5137 copularent,
2769 5072 2950 5125 multa:
2988 5071 3150 5139 hujus
3180 5078 3426 5137 expertes
3473 5067 3661 5123 fuisse.

2088 5160 2192 5217 Sed
2235 5164 2348 5219 [nec
2395 5163 2644 5235 digamise
2676 5181 2871 5235 genera
2923 5164 3020 5217 tria
3071 5179 3243 5233 neque
3292 5163 3473 5232 ignota
3503 5164 3679 5232 vulgo-

2087 5265 2262 5319 erant,
2296 5271 2469 5325 neque
2503 5256 2567 5324 ad
2604 5271 2713 5309 rem
2743 5255 3030 5324 pertinent,
3085 5262 3406 5322 c0nstatque
3455 5253 3520 5307 ad
3564 5269 3667 5322 po-

2089 5355 2322 5400 stremos
2347 5346 2468 5399 illos
2493 5345 2740 5414 digamus
2767 5353 2874 5398 tres
2903 5343 3024 5396 illos
3052 5342 3272 5396 totidem
3305 5341 3673 5395 conciliorum.

2087 5440 2281 5493 citatos
2312 5453 2548 5492 canones
2593 5437 2874 5504 pertinere.
2928 5432 3060 5488 Nam
3114 5431 3475 5486 Laodicenum
3508 5430 3660 5500 diga-

2089 5543 2211 5582 mos
2238 5543 2354 5590 eos,
2412 5527 2480 5581 de
2528 5526 2726 5595 quibus
2773 5526 3030 5594 loquitur,
3089 5523 3319 5593 appellat
3364 5520 3679 5592 ἐλευθέρως.

2089 5620 2181 5672 καὶ
2207 5619 2452 5690 νομίμως
2478 5617 2843 5686 συναφθέντας
2875 5615 3146 5686 δευτέροις
3178 5614 3375 5684 γάμοις
3395 5654 3407 5676 ,
3437 5611 3677 5682 legitime-

2092 5728 2153 5766 ac
2195 5713 2350 5764 libere
2383 5711 2620 5763 secundis
2674 5709 2868 5778 nuptiis
2910 5707 3166 5777 illigatos,
3206 5707 3306 5761 hoc
3342 5714 3425 5761 est
3471 5703 3564 5775 qui
3597 5703 3670 5758 li-

2094 5804 2269 5859 centia
2303 5812 2354 5857 et
2397 5801 2647 5856 facultate
2690 5800 2792 5856 sibi
2826 5817 2854 5855 a
2893 5799 3110 5856 Christo
3155 5805 3208 5854 et
3253 5795 3497 5852 Ecclesia
3535 5807 3674 5848 coner
