3994 6222
364 381 504 439 1075

1498 383 1837 442 APPENDIX
1874 387 2494 445 DlSSE’RTATlONUM.

3491 389 3628 446 10Ὶὸ

359 514 516 556 cessa
546 499 628 554 usi
676 497 871 562 forent,
901 497 1106 570 quique
1162 499 1216 554 id
1271 499 1508 572 legitime
1563 503 1839 561 fecissent.
1885 504 1942 560 ln
1974 511 2021 569 Α
2051 506 2127 561 illi
2161 507 2393 564 districti
2421 506 2642 562 fuerint.
2675 505 2784 563 Nec
2818 507 2974 563 aliter
3003 507 3254 564 Balsama
3279 523 3344 564 ac
3388 506 3632 566 Zonaras

360 604 472 660 quo
519 589 748 643 ridicula
805 597 890 644 est
929 590 1309 660 iurisconsulti
1365 595 1656 662 expositio,
1705 597 1952 668 νομίμως

361 685 504 738 idem
550 697 673 738 esse
721 697 783 737 ac
839 683 1127 738 secundum
1180 684 1311 754 legis
1363 686 1610 742 humana:
1661 688 1948 744 licentiam.

358 775 548 845 Neque
594 775 741 830 enim
787 776 1194 831 ecclesiasticus
1248 777 1338 832 ille
1382 777 1602 832 Patrum
1655 793 1954 835 consessus

357 865 610 936 νομίμως
663 865 789 919 iniri
838 865 1060 935 nuptias
1112 866 1234 920 illas
1287 867 1562 933 ediceret,
1608 881 1746 936 quas
1801 869 1952 923 nullo

358 960 522 1015 modo
563 959 744 1015 licitas
792 975 970 1030 neque
1000 969 1146 1015 ratas
1176 975 1299 1016 esse
1333 971 1710 1030 cognosceret.
1739 960 1952 1016 Etenim

358 1053 455 1122 qui
485 1053 626 1109 citra
657 1054 1008 1118 adulterium,
1035 1055 1172 1110 alias
1207 1054 1278 1108 ob
1310 1070 1526 1121 causas,
1564 1063 1787 1125 propter
1814 1070 1953 1126 quas

358 1146 652 1202 divortium
693 1146 870 1202 facere
905 1146 1251 1218 imperatoris
1296 1147 1507 1217 legibus
1554 1145 1636 1201 fas
1679 1154 1783 1212 est,
1817 1161 1954 1200 uxo-

361 1252 476 1290 rem
525 1237 797 1294 dimiserit
847 1239 1124 1309 aliamque
1176 1239 1417 1304 duxerit,
1476 1243 1530 1294 in
1587 1237 1776 1293 eadem
1825 1252 1948 1292 cum

362 1327 623 1382 adulteris
674 1343 840 1384 causa
899 1328 1154 1386 Ecclesiae
1195 1330 1403 1400 judicio
1452 1331 1779 1401 decretoque
1827 1345 1951 1384 ver-

362 1429 554 1486 satur;
621 1435 798 1492 neque
853 1432 948 1476 aut
1003 1424 1104 1478 levi
1159 1423 1478 1494 pmnitentia
1525 1422 1745 1494 defungi
1785 1433 1954 1494 pote-

361 1519 466 1576 rat,
500 1522 594 1568 aut
627 1513 784 1568 aliter
831 1530 996 1585 quam
1049 1516 1263 1572 dissuto
1303 1515 1604 1586 posteriore
1651 1516 1952 1586 illicitaque

362 1605 744 1672 contubernia,
791 1607 938 1662 illam
994 1609 1167 1678 ipsam
1221 1611 1512 1680 impetrare
1550 1608 1947 1679 paenitentiam.

363 1698 832 1764 Quemadmodum
872 1700 1095 1765 devotae,
1135 1703 1236 1756 hoc
1270 1711 1376 1769 est,
1404 1716 1526 1772 quae
1569 1716 1628 1756 se
1668 1699 1778 1754 Dea
1811 1714 1944 1755 con-

315 1845 327 1852 ,
363 1799 730 1856 sacraverant,
763 1791 1002 1860 virgines
1049 1801 1141 1846 aut
1178 1791 1374 1859 viduae,
1417 1793 1463 1846 si
1502 1793 1755 1845 maritum
1798 1807 1948 1844 acce-

360 1883 582 1948 pissent,
617 1898 718 1936 non
749 1881 1160 1936 admittebantur
1187 1882 1256 1934 ad
1293 1881 1676 1950 penitentiam,
1708 1882 1811 1934 nisi
1855 1881 1952 1934 ad-

363 1973 462 2026 ltuc
482 1974 592 2042 ipso
608 1974 802 2026 vivente
821 1973 1034 2036 marito,
1053 1982 1192 2026 caste
1205 1973 1368 2026 vivere
1390 1974 1685 2042 coepissent,
1699 1976 1791 2025 aut
1805 1979 1952 2041 post-

361 2083 523 2190 anigt
585 2066 694 2135 ipse
741 2065 1084 2134 decessisset,
1136 2065 1212 2120 ait
1261 2064 1581 2120 Taletanum
1624 2081 1664 2129 ι,
1706 2079 1829 2118 can.
1883 2063 1950 2119 16

362 2147 416 2190 στι
519 2176 532 2188 .

362 2147 416 2190 ut
447 2147 532 2190 19.

435 2227 599 2298 Atqui
632 2227 878 2298 digamos
904 2228 1037 2284 istos
1067 2227 1435 2282 Laodicenum
1477 2227 1769 2282 concilium
1803 2226 1951 2282 brevi

365 2330 608 2388 tempore
648 2319 1023 2390 paenitentiam
1058 2319 1211 2373 obire
1254 2319 1475 2382 statuit;
1512 2315 1791 2372 Nicaanum
1822 2332 1954 2372 vero

361 2412 698 2479 Novatianis,
753 2421 808 2467 ut
867 2427 992 2467 cum
1033 2412 1141 2468 illis
1194 2411 1515 2467 nominatim
1575 2409 1952 2464 communica-

365 2519 517 2558 turos
567 2519 627 2559 se
672 2518 795 2559 esse
833 2502 1207 2573 profiteantur,
1265 2503 1446 2557 edicit.
1500 2501 1654 2567 Quod
1707 2485 1953 2570 profecta

366 2610 474 2649 non
506 2593 732 2656 faceret,
763 2593 810 2649 si
843 2593 1184 2664 digamorum
1233 2593 1454 2648 nomine
1491 2591 1794 2665 ﬂagitiosos
1827 2592 1950 2648 illas

364 2703 430 2742 ac
467 2688 672 2758 judicio
697 2687 950 2742 Ecclesiae
972 2687 1222 2741 adulterii
1246 2687 1536 2741 damnatas
1573 2685 1948 2740 intellexisset.

363 2778 653 2841 Praeterea,
677 2787 736 2833 ut
767 2793 930 2849 quam
955 2779 1191 2834 absurda
1224 2779 1295 2836 sit
1324 2779 1704 2850 iurisconsulti
1745 2787 1956 2835 senten-

365 2869 442 2924 tia
465 2867 773 2924 evidentius
791 2877 1048 2938 appareat
1075 2887 1088 2922 :
1119 2869 1164 2924 si
1190 2869 1242 2923 iu
1271 2869 1362 2923 illo
1384 2867 1586 2924 Nicaeni
1611 2867 1825 2923 concilii
1857 2883 1954 2922 ca-

366 2975 511 3016 none
538 2959 741 3031 digami
767 2971 916 3023 sunt.
946 2963 1037 3032 qui
1062 2970 1255 3016 contra
1281 2961 1684 3016 ecclesiasticas
1710 2960 1951 3015 Sanctio-

366 3065 466 3106 nes
496 3091 512 3116 ,
547 3049 656 3106 bac
692 3063 795 3119 est,
845 3060 903 3106 ut
943 3051 1056 3122 ipse
1104 3066 1228 3105 cum
1272 3050 1607 3106 Calvinianis
1653 3048 1952 3115 existimat,

366 3145 502 3200 citra
553 3159 776 3200 causam
825 3143 1098 3207 adulterii,
1143 3143 1214 3198 ab
1265 3157 1359 3197 eas
1393 3157 1614 3206 causas,
1645 3140 1712 3195 de
1751 3141 1956 3210 quibus

365 3236 660 3292 divortium
694 3237 880 3292 saeculi
916 3237 1059 3306 leges
1097 3234 1396 3305 indulgent,
1431 3232 1714 3303 repudiata
1748 3232 1951 3302 priore,
1981 3213 2026 3271 (ἶ

367 3330 595 3383 alteram
657 3329 762 3383 sibi
815 3329 1104 3398 caujugcm
1162 3328 1457 3391 asriscuut,
1519 3341 1625 3380 non
1671 3325 1775 3378 alia
1822 3334 1954 3394 puto

366 3423 680 3477 conditione
710 3421 1044 3476 Novatianas
1076 3423 1140 3475 ad
1161 3422 1492 3492 jungendam
1523 3435 1646 3475 cum
1679 3419 1784 3474 illis
1811 3435 1956 3473 com-

367 3514 687 3568 munionem
743 3513 941 3583 coegit.
991 3529 1154 3583 quam
1202 3522 1261 3568 ut
1327 3513 1594 3568 dissoluto
1654 3514 1956 3584 posteriore

368 3607 464 3661 illo
489 3605 779 3676 coniugio,
813 3605 1167 3660 ftedissimam
1207 3606 1352 3659 illam
1386 3606 1654 3660 maculam
1689 3605 1956 3676 pmniten-

371 3700 444 3753 tia
483 3699 770 3755 diluerent.
800 3697 964 3768 Atqui
999 3713 1106 3752 non
1139 3700 1309 3768 magis
1341 3708 1398 3752 ut
1423 3715 1546 3752 cum
1577 3698 1678 3753 hoc
1707 3707 1958 3768 peccato-

369 3809 492 3848 rum
522 3807 744 3864 genere,
768 3800 892 3863 post
915 3793 1313 3862 pmuitentiam,
1346 3807 1510 3861 quam
1544 3804 1601 3844 ut
1640 3807 1763 3845 cum
1793 3800 1953 3845 caete-

369 3886 450 3940 ris
503 3885 975 3942 communicarent
1030 3885 1319 3950 omnibus,
1381 3884 1466 3938 lex
1514 3885 1616 3939 ista
1667 3884 1957 3954 cautioque

370 3976 501 4032 ferri
535 3973 854 4031 Novatianis
893 3975 1098 4032 debuit.
1136 3973 1252 4029 Non
1289 3975 1433 4028 enim
1465 3973 1736 4044 ejusmodi
1778 3975 1954 4029 solum

371 4069 642 4140 digamas,
672 4068 771 4124 sed
798 4082 1157 4138 quoscunque
1208 4065 1388 4121 delicti
1427 4067 1696 4136 gravioris
1731 4082 1852 4122 reos
1887 4068 1957 4122 ah

371 4162 521 4216 omni
546 4176 642 4232 spe
664 4160 1069 4217 communionis
1117 4161 1486 4215 excluserant.
1533 4157 1646 4213 Cur
1685 4159 1847 4230 igitur
1889 4160 1957 4215 de

370 4255 606 4326 digamis
645 4255 775 4322 illis,
822 4255 1007 4324 utique
1062 4253 1276 4308 nonnisi
1327 4265 1450 4323 post
1486 4253 1861 4323 ptenitentiam
1902 4263 1957 4307 et

368 4348 542 4402 illiciti
593 4346 832 4420 conjugii
883 4345 1295 4415 diremptionem
1341 4346 1709 4411 admittendis,
1757 4345 1957 4400 diserte

370 4440 802 4511 nominatimque
859 4436 1076 4494 Nicaeua
1119 4437 1360 4509 synodus
1407 4447 1690 4509 exceptura
1754 4436 1956 4490 valuit?

2057 598 2258 668 aliique
2290 597 2614 668 interpretes
2652 613 2888 655 canones
2919 598 3040 655 illas
3063 599 3356 670 explicant.

2125 687 2244 744 Col.
2258 688 2362 744 884
2380 688 2438 743 Β.
2454 689 2725 759 Στεφάνη
2740 689 2807 742 δὲ
2817 691 3044 744 τούτων
3053 690 3316 754 πάντων,
3329 689 3629 756 ὠςεὶπεῖν.

2057 779 2132 834 De
2157 780 2476 836 clericorum
2502 782 2833 837 continentia
2859 797 2920 836 ac
2945 781 3135 838 caelibe
3165 782 3276 836 vita
3296 782 3521 837 illustris
3544 782 3633 837 hic

2055 868 2344 940 Epipliauii
2374 869 2525 924 locus
2555 879 2659 924 est.
2708 868 2815 926 Sed
2861 870 2915 924 in
2951 869 3316 926 Catbarorum
3348 871 3540 926 haeresi
3563 869 3634 925 59

2057 979 2210 1017 num.
2241 963 2276 1018 4
2303 964 2461 1033 longe
2492 963 2736 1034 apertius
2793 971 2960 1034 atque
2987 963 3260 1035 insignius
3295 963 3632 1019 ecclesiasti-

2055 1070 2174 1110 cam
2210 1055 2312 1110 bac
2344 1055 2399 1110 in
2434 1071 2493 1110 re
2520 1055 2972 1111 consuetudinem
2999 1057 3274 1127 exposuit.
3305 1055 3632 1111 Doreteuim

2057 1145 2114 1199 in
2135 1145 2326 1216 primis
2359 1146 2704 1217 episcopum,
2741 1155 2837 1202 aut
2864 1147 3266 1218 presbyterum,
3309 1156 3404 1202 aut
3448 1148 3631 1203 diaco-

2055 1254 2185 1294 num
2211 1253 2276 1294 ex
2301 1239 2536 1310 digamis
2561 1239 2804 1294 ordinari
2829 1240 3124 1297 neminem.
3149 1239 3288 1296 Tum
3314 1255 3488 1311 neque
3508 1240 3630 1304 bos,

2055 1345 2234 1400 neque
2264 1329 2666 1385 subdiaconum
2726 1330 2884 1385 aliter
2938 1332 3272 1396 consecrari,
3333 1345 3498 1400 quam
3549 1329 3635 1386 vel

2054 1422 2257 1491 priore,
2307 1436 2480 1492 eaque
2528 1421 2713 1485 unica,
2755 1422 2988 1493 conjuge
3016 1430 3253 1490 mortua,
3281 1423 3364 1477 vel
3395 1423 3464 1478 ab
3484 1422 3635 1493 ejus-

2053 1513 2178 1568 dem
2210 1514 2439 1568 viventis
2479 1513 2758 1568 consartio
2801 1529 2866 1568 ac
2895 1515 3291 1569 consuetudine
3320 1514 3632 1579 distractos,

2056 1604 2161 1659 nisi
2189 1605 2426 1676 virgines
2465 1605 2693 1660 omnino
2737 1605 2882 1660 sint:
2915 1607 3218 1675 prasertim
3253 1606 3346 1661 ubi
3374 1606 3636 1662 ecclesia—

2055 1696 2177 1752 stici
2201 1712 2443 1752 canones
2471 1707 2727 1752 accurate
2763 1707 3084 1766 servantur;
3110 1713 3234 1752 nam
3259 1698 3404 1768 quod
3428 1697 3483 1752 in
3511 1697 3636 1768 qui-

2056 1787 2287 1843 busdam
2328 1788 2463 1844 lacis
2521 1789 2847 1860 presbyteri,
2882 1789 3098 1844 diaconi
3131 1800 3185 1844 et
3218 1789 3541 1845 subdiaconi
3579 1788 3640 1842 li-

2055 1880 2218 1935 beras
2259 1879 2439 1935 adhuc
2479 1879 2819 1950 suscipiant,
2871 1879 2922 1933 id
2973 1879 3238 1936 abusione
3287 1880 3520 1951 quadam
3570 1894 3639 1934 ac

2053 1971 2356 2042 disciplinae
2406 1973 2716 2042 corruptela
2764 1971 2912 2040 ﬁeri;
2960 1980 3056 2026 aut
3102 1987 3230 2028 vero
3285 1970 3633 2038 necessitate,

2056 2065 2151 2120 ubi
2186 2080 2283 2136 pro
2320 2065 2525 2135 ingenti
2561 2065 2890 2136 populorum
2942 2063 3310 2131 multitudine,
3355 2063 3639 2118 ministro-

2057 2176 2179 2214 rum
2211 2161 2365 2230 copia
2400 2175 2509 2214 non
2543 2157 2818 2230 suppetis;
2856 2173 2981 2212 nam
3019 2157 3222 2224 alioqui
3254 2155 3512 2212 Ecclesiae
3546 2157 3638 2212 de-

2055 2260 2205 2305 creto
2259 2251 2587 2307 clericorum
2627 2251 2912 2306 ordinibus
2957 2249 3081 2306 istis
3127 2243 3463 2306 continentia
3499 2263 3641 2319 pra:-

2055 2345 2320 2401 scribitur
2351 2362 2365 2398 :
2391 2360 2497 2414 qua
2543 2337 2832 2415 Epiplianii
2873 2343 3198 2398 auctoritate
3237 2341 3384 2396 nulla
3419 2350 3513 2397 aut
3544 2356 3639 2396 ex-

2054 2436 2318 2506 pressior,
2369 2444 2466 2491 aut
2516 2435 2756 2492 sanctior
2787 2434 2976 2489 haberi
3007 2442 3205 2504 potest.
3257 2430 3396 2487 Huic
3425 2446 3522 2501 par
3551 2439 3639 2486 est

2056 2541 2121 2582 ac
2150 2527 2427 2597 geminum
2459 2524 2778 2598 Hieronymi
2809 2525 3182 2581 testimonium
3211 2525 3342 2579 illud
3371 2523 3640 2578 adversus

2055 2617 2434 2689 Vigilantium,
2469 2619 2586 2688 qui,
2622 2627 2684 2672 ut
2717 2617 2821 2672 hoc
2851 2627 3096 2687 tempore
3141 2625 3413 2671 nostrates
3459 2615 3638 2669 haere-

2058 2710 2172 2776 tici,
2225 2709 2553 2765 clericorum
2610 2708 2992 2764 castimoniam
3057 2709 3424 2778 oppugnabat.
3492 2705 3638 2773 Quid

2058 2802 2278 2871 facient,
2317 2800 2516 2870 inquit,
2554 2798 2789 2853 Orientis
2821 2797 3119 2852 Ecclesia'?
3165 2798 3307 2863 Quid
3336 2796 3556 2868 digypti
3585 2805 3640 2850 et

2054 2892 2193 2945 sedis
2225 2889 2550 2960 apostolicae,
2582 2904 2700 2960 qua:
2738 2899 2829 2942 aut
2855 2889 3082 2958 virgines
3105 2889 3319 2942 clericos
3347 2888 3639 2957 accipiunt,

2057 2995 2150 3040 aut
2181 2986 2525 3049 continentes,
2551 2993 2622 3048 et,
2663 2983 2710 3036 si
2757 2998 2945 3036 uxores
2993 2982 3294 3047 habuerint,
3325 2982 3506 3034 mariti
3526 2996 3642 3036 esse

2055 3079 2370 3134 desierunt?
2404 3079 2583 3150 Atque
2619 3077 2724 3133 hoc
2755 3075 2975 3147 quidem
3009 3074 3094 3129 vel
3126 3074 3458 3130 recentiores
3483 3072 3638 3128 Cra:-

2058 3177 2166 3231 culi
2202 3174 2465 3240 fatentur,
2514 3181 2640 3244 post
2686 3180 2972 3241 susceptas
3021 3183 3209 3224 sacras
3259 3167 3380 3223 illas
3417 3167 3641 3223 ordines

2059 3281 2286 3321 uxorem
2315 3264 2521 3321 nemini
2551 3264 2752 3320 ducere
2781 3261 3021 3316 licuisse.
3041 3258 3197 3326 Quod
3219 3259 3285 3314 ad
3308 3273 3431 3314 can.
3455 3267 3640 3329 apost.

2053 3359 2146 3424 26,
2182 3357 2434 3413 Balsama
2473 3364 2528 3411 et
2557 3354 2801 3410 Zonaras
2833 3360 3164 3425 agnoscunt.
3200 3350 3442 3406 Cananis
3473 3349 3643 3405 verba

2059 3461 2188 3510 sunt
2219 3473 2231 3508 ε
2267 3449 2391 3505 Τῶν
2422 3452 2502 3515 εἰς
2537 3449 2740 3521 κλῆρον
2771 3445 3144 3520 προελθόντων
3169 3445 3398 3516 ἀγάμων
3421 3441 3644 3496 κελεύο-

2061 3561 2160 3616 μεν
2215 3542 2573 3614 βουλομένους
2617 3542 2816 3612 γαμεῖν
2863 3536 3238 3607 ἀναγνώστας,
3290 3535 3384 3588 καί
3429 3533 3640 3604 ψάλτας

2061 3637 2276 3708 μόνους.
2327 3634 2409 3690 Ad
2459 3649 2582 3704 quae
2611 3631 2865 3688 Balsama
2898 3628 3043 3687 istud
3066 3630 3364 3685 observat:
3396 3636 3520 3681 ante
3547 3641 3640 3681 or-

2057 3729 2391 3784 dinationem
2422 3727 2793 3797 presbyteros,
2827 3724 3090 3779 diaconos
3109 3731 3177 3777 et
3227 3719 3640 3792 liypodiacanas

2058 3820 2314 3890 copulare
2341 3819 2580 3890 nuptias,
2613 3827 2779 3888 atque
2811 3816 2884 3871 ita
2917 3813 3160 3870 ordinari
3194 3812 3436 3884 patuisse
3470 3830 3482 3865 :
3514 3818 3639 3879 post

2058 3913 2482 3976 ordinationem,
2534 3909 2668 3964 salis
2724 3910 2827 3964 hac
2870 3906 3166 3962 lectoribus
3219 3913 3275 3960 et
3320 3902 3638 3960 cantoribus

2060 4005 2354 4061 indultum.
2387 4004 2549 4059 Addit
2583 4003 2853 4069 Zonaras,
2883 4013 3010 4057 ante
3043 3997 3443 4056 ordinationem
3478 3995 3640 4049 inter-

2059 4094 2238 4165 rOgari
2284 4093 2656 4164 presbyteros,
2689 4091 2952 4146 diaconos
3007 4099 3062 4144 et
3101 4087 3531 4160 hypodiacanos,
3566 4098 3636 4136 an

2058 4185 2400 4241 continenter
2446 4190 2502 4236 et
2547 4190 2697 4237 caste
2730 4181 2929 4236 vellent
2960 4181 3161 4235 vivere.
3198 4177 3354 4246 Quod
3393 4178 3436 4232 si
3473 4193 3639 4245 nega-

2057 4276 2256 4339 verint,
2290 4273 2530 4344 permitti
2565 4281 2625 4326 ut
2655 4283 2780 4328 ante
2810 4272 3278 4328 consecrationem
3314 4284 3520 4323 uxores.
3545 4267 3639 4321 du-

2057 4377 2203 4424 cant.
2241 4364 2385 4420 Sane
2433 4365 2486 4419 in
2520 4367 2834 4436 Ancyrano,
2887 4379 3012 4419 can.
3063 4361 3147 4427 10,
3168 4362 3234 4416 de
3279 4360 3524 4416 diacauis
3564 4361 3636 4413 ita

2058 4443 2332 4516 sancitum
2368 4458 2587 4528 legitur,
2622 4467 2682 4512 ut
2711 4456 2805 4527 qui
2835 4457 2953 4526 ipso
2977 4454 3342 4511 ordinationis
3371 4470 3483 4508 suae
3509 4463 3641 4507 tem-

371 4530 538 4596 Quid,
570 4530 816 4599 inquam,
851 4530 903 4584 in
938 4530 1032 4584 illa
1074 4527 1321 4583 criminis
1373 4529 1731 4622 adulteriiquc
1759 4544 1955 4599 genere
1988 4557 2030 4610 ι)
2063 4566 2195 4622 pore
2237 4527 2529 4606 εοηιθείδιί
2579 4549 2708 4614 sint,
2756 4563 2815 4603 se
2851 4547 3058 4616 nuptiis
3089 4560 3275 4602 carere
3308 4560 3416 4599 ηοη
3453 4558 3637 4615 posse,

371 4623 552 4677 inesse
597 4631 774 4691 potest
813 4622 1078 4694 mysterii,
1122 4631 1179 4676 ut
1203 4637 1329 4676 cum
1385 4622 1473 4685 iis,
1509 4621 1603 4692 qui
1654 4623 1952 4690 negantiam

370 4713 613 4783 peccatis
635 4713 892 4768 omnibus
917 4713 1278 4768 atrocioribus
1307 4714 1682 4782 paenitentiam
1710 4728 1957 4766 commu-

374 4808 702 4876 nionemque
731 4815 1078 4870 censuerant,
1124 4805 1324 4860 Nic-aeni
1372 4804 1563 4860 Patres
1599 4804 1666 4859 de
1708 4821 1817 4859 uno
1864 4805 1956 4859 illo

373 4897 742 4969 stipulentur?
771 4895 905 4951 Nam
936 4896 1080 4966 quod
1113 4911 1280 4949 unutn
1317 4894 1512 4948 afferre
1542 4903 1739 4966 potest,
1772 4895 1954 4949 δωρειιί

371 4993 586 5065 lcgibus
611 4991 858 5046 adulterii
893 5003 1064 5060 genus
1095 4988 1225 5042 illud
1263 4986 1433 5042 fuisse
1462 5001 1808 5054 concessum,
1837 4987 1957 5041 ideo

370 5093 711 5142 momentum
767 5081 930 5138 habet
979 5079 1209 5144 nullum,
1265 5079 1566 5150 quoniam,
1617 5089 1676 5132 ut
1729 5077 1958 5148 ipsemet

371 5177 589 5244 asserit,
617 5191 898 5247 nunquam
923 5174 976 5230 id
1015 5172 1274 5229 Ecclesia:
1309 5170 1620 5242 persuaderi
1671 5170 1868 5240 patuit,
1898 5180 1958 5225 ut

371 5269 593 5326 divortii
625 5283 822 5326 causas
849 5269 970 5324 illas
1006 5267 1353 5338 approbaret,
1388 5275 1482 5320 aut
1519 5263 1674 5318 aliter
1701 5263 1768 5319 de
1801 5263 1955 5334 diga-

371 5363 478 5418 mis
509 5361 628 5418 istis
657 5376 823 5432 quam
851 5361 919 5416 de
948 5360 1209 5417 adulteris
1237 5369 1517 5414 statueret.
1550 5355 1729 5423 Quare
1763 5355 1952 5410 eadem

373 5452 597 5520 harum,
632 5469 756 5524 quae
810 5463 864 5509 et
919 5454 1290 5510 adulterarum
1335 5460 1678 5512 czeterorum,
1723 5448 1954 5517 etquod

375 5543 440 5596 ad
475 5541 904 5600 Novatianarum
934 5545 1208 5614 negotium
1239 5551 1466 5612 spectat,
1507 5556 1674 5610 quam
1705 5550 1956 5609 peccato-

373 5648 498 5686 rum
531 5635 774 5688 omnium
802 5635 943 5690 ratio
976 5635 1162 5690 haberi
1193 5651 1221 5688 a
1247 5633 1502 5691 Pati-ibus
1529 5633 1734 5688 debuit.
1768 5632 1954 5702 Itaque

378 5722 607 5776 dubium
639 5726 844 5782 nullum
878 5737 981 5792 est,
1019 5731 1150 5798 quin
1198 5728 1458 5782 adversus
1490 5728 1830 5796 digamorum
1861 5741 1955 5796 ge-

383 5827 488 5867 nus
518 5814 736 5866 tertium
767 5830 800 5869 a
827 5817 1099 5872 veteribus
1133 5817 1380 5872 conciliis
1427 5817 1732 5873 severitatis
1777 5816 1951 5872 aculei

2062 4643 2295 4713 ideoque
2322 4650 2446 4710 post
2471 4640 2868 4713 ordinationem
2900 4653 3103 4693 uxores
3122 4637 3400 4702 duxerint,
3431 4638 3497 4692 de
3530 4646 3642 4690 sta-

2059 4742 2115 4786 tu
2148 4746 2250 4786 sua
2287 4746 2395 4785 nan
2425 4730 2829 4793 dimoveantur,
2869 4731 3016 4797 quod
3050 4729 3120 4783 ab
3153 4730 3408 4799 episcopo
3443 4728 3494 4784 id
3533 4727 3640 4782 illis

2058 4835 2381 4877 concessum
2411 4819 2574 4874 fuerit
2602 4836 2617 4872 :
2645 4817 2816 4872 Τοῦτο
2857 4819 2935 4884 δὲ,
2978 4818 3032 4871 al
3066 4835 3209 4882 τινες
3240 4819 3638 4890 σιωπήσαντες,

2058 4914 2154 4967 καὶ
2187 4912 2612 4980 καταδεξάμενοι
2654 4911 2713 4964 ὲν
2754 4912 2820 4981 τῇ
2870 4909 3175 4980 χειροτονίᾳ
3215 4909 3397 4980 μένειν
3440 4908 3642 4972 οὕτως,

2063 5007 2200 5078 μετὰ
2227 5005 2401 5061 ταῦτα
2421 5001 2584 5077 ἦλθον
2616 5005 2710 5057 ἐπὶ
2737 5003 2934 5074 γάμον,
2976 5002 3288 5056 πεπαῦσθαι
3318 5003 3511 5065 αὐτοὺς
3538 5001 3638 5072 τῆς

2057 5096 2352 5161 διακονίας.
2391 5096 2510 5151 Hoc
2544 5112 2684 5159 vero,
2732 5095 2931 5166 inquit,
2967 5097 3014 5150 si
3055 5097 3146 5165 qui
3181 5096 3318 5165 {orte
3354 5099 3636 5158 tacuerint,

2055 5200 2105 5245 et
2132 5192 2184 5244 in
2209 5189 2541 5244 ordinatione
2571 5205 2874 5259 permanere
2908 5191 2959 5242 in
2992 5189 3104 5259 ipso
3130 5188 3500 5257 (continentiae
3528 5192 3639 5244 sci-

2057 5282 2204 5355 licet)
2234 5291 2377 5337 statu
2403 5282 2780 5348 consenserint,
2811 5297 2928 5334 cum
2955 5281 3141 5334 deinde
3163 5284 3379 5351 nuptias
3403 5281 3632 5347 inierint,

2058 5393 2090 5428 α
2121 5376 2409 5428 diaconatu
2437 5373 2780 5443 repellantur.
2811 5371 2930 5439 Qua
2957 5388 3026 5428 ex
3057 5387 3267 5428 canone
3298 5373 3429 5428 illud
3461 5374 3637 5428 eviuci

2055 5476 2256 5538 potest,
2294 5466 2615 5523 clericorum
2670 5465 2965 5536 majorum,
3020 5466 3085 5520 ad
3134 5467 3400 5521 diaconos
3444 5467 3635 5521 saltem

2055 5575 2251 5630 usque,
2274 5560 2741 5616 consecrationem
2774 5559 3122 5628 implicitum,
3154 5541 3222 5614 uti
3248 5560 3422 5624 aiunt,
3451 5568 3633 5613 votum

2051 5653 2164 5724 jam
2194 5663 2306 5707 tum
2341 5653 2600 5708 habuisse
2625 5633 3006 5719 continentiae,
3035 5667 3160 5706 nam
3188 5666 3313 5707 cum
3353 5667 3474 5706 eant
3505 5664 3637 5706 con-

2057 5745 2318 5802 ditionem
2355 5744 2600 5816 apponit,
2641 5744 2696 5797 εῐ
2731 5760 2876 5808 τινες
2916 5745 3311 5816 σιωπήσαντες,
3341 5744 3434 5796 καὶ
3462 5758 3635 5796 κατα-

2058 5837 2339 5909 δεξάμενοι
2366 5839 2422 5890 ὲν
2453 5840 2520 5909 τῇ
2547 5837 2853 5912 χειροτονίᾳ
2883 5837 3064 5909 μένειν
3090 5836 3282 5902 οὕτως,
3319 5834 3510 5906 procul
3528 5834 3635 5891 titt-
