3994 6222
382 392 517 448 1077

1158 386 1245 442 DE
1281 383 1662 443 VETEKIBUS
1703 380 2104 451 QUIBUSDAM
2144 380 2501 438 ECCLESlL-E
2542 380 2834 440 RlTlBUS.

2978 290 2991 295 _
3056 283 3211 291 ..ρ---ισ-

3502 390 3633 444 11)ῗὲ

380 510 470 564 bio
500 505 790 575 signiﬁcat,
815 516 936 559 cum
962 502 1304 559 ordinatione
1330 504 1442 573 ipsa
1467 502 1801 572 implicatam
1831 514 1954 554 esse
1983 500 2030 558 Α
2057 514 2234 567 canes,
2290 500 2658 567 subdiacones,
2713 505 2789 556 vel
2835 501 3095 572 deinceps,
3150 505 3340 574 quibus
3411 508 3639 585 ducendi

380 603 601 656 tacitam
651 596 989 654 castimoniae
1035 597 1231 669 legem,
1281 612 1413 667 quae
1442 596 1659 651 nonnisi
1694 600 1955 663 concepta

380 693 705 748 nominatim
730 689 1126 747 contestatione
1144 689 1376 745 devitari
1401 696 1601 757 posset.
1631 685 1957 757 Cujnsmodi

378 795 434 840 ct
460 786 514 839 in
549 784 864 854 episcopatu
894 782 1244 853 suscipiendo
1280 781 1449 836 fuisse
1478 796 1542 834 ex
1578 778 1792 851 Synesii
1824 793 1959 832 cau-

379 877 591 931 satione
617 876 805 945 liquet,
831 875 924 945 qui
953 876 1111 945 epist.
1132 874 1389 939 lO5,eum
1419 890 1449 928 a
1473 871 1959 928 Ptolemmensibus

379 967 437 1023 in
471 968 785 1037 episcopum
818 976 1151 1037 posceretur,
1186 966 1482 1036 praedicere
1534 981 1595 1020 se
1648 981 1712 1021 ac
1770 964 1960 1021 testari

382 1056 529 1111 istud
561 1065 860 1124 asseverat,
903 1056 1045 1110 nolle
1093 1071 1125 1111 a
1163 1055 1394 1127 conjuge
1440 1056 1702 1126 separari.
1746 1053 1851 1110 Sed
1892 1053 1963 1110 de

382 1146 656 1219 episcopis
686 1148 911 1204 ridicule
941 1163 973 1203 a
998 1147 1203 1205 Graecis
1227 1149 1507 1204 hodiernis
1529 1148 1819 1220 excipitur,
1846 1148 1963 1218 qui-

384 1242 489 1296 bus
518 1241 651 1296 solis
686 1242 892 1311 nuptiis
943 1240 1292 1296 interdicunt.
1338 1240 1447 1296 Nec
1493 1242 1676 1297 minus
1711 1242 1891 1312 inepte
1922 1257 1963 1296 ιι

385 1334 607 1388 concilii
644 1333 902 1403 Carthag.
951 1348 1128 1389 canon
1188 1334 1278 1390 ille
1322 1335 1357 1389 ὃ
1402 1335 1713 1405 accipitur:
1748 1333 1964 1390 Placuit

384 1427 674 1496 episcopos,
697 1436 744 1480 et
772 1429 1118 1498 presbyteros,
1138 1437 1187 1483 et
1225 1429 1497 1493 diaconos,
1533 1428 1819 1483 secundum
1842 1445 1967 1499 pro-

385 1520 509 1589 pria
554 1519 645 1590 (al.
677 1519 885 1591 priora)
932 1529 1136 1574 statuta
1174 1521 1335 1576 etiam
1381 1521 1446 1574 ab
1494 1521 1746 1577 uxoribus
1795 1524 1967 1577 conti-

387 1627 530 1677 nere,
575 1620 679 1667 etc.
736 1611 793 1665 ln
844 1625 957 1682 quo
990 1628 1199 1668 canone
1242 1614 1568 1684 jampridem
1618 1615 1818 1669 eruditi
1864 1614 1966 1669 viri

384 1701 699 1759 Graecorum
728 1714 889 1775 atque
922 1704 1301 1762 haereticorum
1326 1706 1598 1762 inscitiam
1626 1707 1964 1762 refntarunt:

385 1801 442 1846 et
464 1791 804 1850 Balsamonis
839 1795 892 1849 in
925 1796 1133 1865 primis,
1168 1798 1259 1867 qui
1290 1796 1357 1853 ad
1392 1813 1515 1853 can.
1546 1799 1581 1852 4
1604 1799 1796 1870 synodi
1828 1798 1965 1853 Car-

387 1884 554 1953 thag,
586 1900 706 1953 quia;
742 1886 978 1941 secunda
1030 1888 1192 1958 vulgo
1248 1899 1521 1952 censetur,
1579 1907 1752 1962 nugas
1788 1907 1967 1947 meras

386 1974 604 2029 eﬂ‘utiit.
641 1978 807 2047 Atqui
838 1994 1107 2035 canonum
1135 1994 1197 2035 nt
1239 1989 1293 2036 et
1320 1997 1373 2035 tv
1402 1981 1660 2053 Carthag.
1699 1983 1846 2041 illius
1872 1998 1964 2055 sy-

387 2066 547 2132 nodi,
595 2068 687 2137 qui
741 2069 810 2123 ab
850 2070 1144 2142 episcopis,
1200 2071 1536 2144 presbyteris
1615 2082 1670 2128 et
1716 2074 1965 2129 diaconis

388 2161 782 2217 continentiam
816 2165 1061 2234 exigunt,
1094 2176 1205 2219 tam
1234 2167 1442 2237 liquida
1466 2182 1838 2237 expressaque
1867 2183 1967 2223 au-

388 2253 616 2308 ctoritas
640 2262 743 2319 est,
775 2263 834 2308 ut
863 2255 1288 2313 ludiﬁcationem
1318 2274 1382 2314 ac
1411 2257 1595 2315 fucum
1631 2275 1847 2315 omnem
1879 2277 1968 2316 re-

388 2352 573 2412 spuat.
598 2341 805 2409 Placet,
836 2346 1012 2417 inquit
1031 2348 1287 2421 Carthag.
1319 2366 1356 2404 ιι
1381 2365 1580 2406 canon.
1605 2352 1660 2416 2,
1686 2363 1744 2405 ut
1774 2353 1969 2422 episco-

388 2437 463 2503 pi,
499 2434 789 2506 presbyteri
821 2448 870 2493 et
904 2440 1138 2509 diaconi,
1188 2444 1264 2497 vel
1292 2444 1383 2513 qui
1409 2453 1743 2499 sacramenta
1767 2455 1969 2501 contre-

389 2535 557 2590 ctant,
586 2528 857 2596 pudicitite
886 2533 1145 2598 custodes,
1173 2536 1334 2589 etiam
1357 2536 1421 2589 ab
1446 2536 1699 2592 uxoribus
1722 2554 1776 2592 se
1796 2538 1967 2592 absti-

390 2626 565 2672 neant.
590 2619 666 2673 Ab
702 2622 943 2678 omnibus
967 2624 1169 2679 dictum
1196 2612 1309 2699 esi:
1337 2627 1518 2683 Placet
1546 2640 1599 2684 ut
1635 2631 1690 2684 in
1726 2630 1967 2685 omnibus

388 2719 438 2763 et
473 2710 538 2763 ab
568 2714 809 2768 omnibus
838 2717 1097 2784 pudicitia
1127 2722 1478 2790 custodiatur,
1508 2724 1596 2793 qui
1614 2723 1777 2778 altari
1791 2724 1969 2778 deser-

388 2802 557 2856 viunt.
580 2805 791 2861 Accidit
811 2816 864 2863 et
882 2808 1138 2866 Chalced.
1164 2828 1360 2869 canon.
1390 2815 1454 2869 14
1479 2834 1492 2870 :
1521 2816 1739 2887 Ἐπειδὴ
1756 2816 1812 2871 ἐν
1829 2835 1971 2871 τισιν

389 2893 682 2965 ἐπαρχίαις
717 2900 1134 2973 συγκεχώρηται
1159 2907 1272 2969 τοῖς
1306 2908 1683 2976 ἀναγνώσταις
1709 2910 1804 2963 καὶ
1833 2909 1971 2979 ψάλ-

390 3000 514 3048 ταις
541 2989 757 3057 γαμεῖν,
792 2988 990 3061 ὥρισεν
1027 2994 1060 3063 ή
1094 2994 1225 3062 ἁγία
1264 2995 1499 3065 σύνοδος,
1535 2997 1609 3069 μὴ
1639 2996 1837 3062 ἐξεῖναι
1864 3015 1971 3052 τινι

391 3077 571 3133 αὐτῶν
601 3079 907 3150 ἑτερόδοξον
929 3087 1160 3153 γυναῖκα
1191 3086 1508 3158 λαμϐάνειν.
1532 3089 1665 3145 Cum
1688 3090 1745 3144 in
1766 3091 1973 3161 quibus-

391 3170 518 3225 dam
546 3174 829 3243 provinciis
855 3192 1157 3231 concessum
1190 3180 1257 3232 sit
1285 3179 1568 3237 lectoribus
1592 3191 1641 3237 et
1664 3183 1969 3238 cantoribus

391 3280 583 3319 uxores
615 3266 825 3323 ducere.
853 3266 970 3324 Non
999 3270 1165 3342 igitur
1196 3273 1407 3328 caeteris
1440 3274 1639 3330 licebat
1662 3276 1969 3343 ordinibus,

392 3356 631 3412 maxime
681 3358 1071 3427 subdiaconis,
1118 3376 1182 3417 ac
1222 3378 1291 3418 ne
1325 3363 1614 3421 lectoribus
1659 3366 1876 3437 quidem
1919 3376 1975 3424 et

392 3448 707 3505 cantoribus
742 3450 966 3521 ubique,
1013 3453 1105 3508 sed
1149 3455 1204 3509 in
1238 3456 1404 3511 certis
1443 3456 1709 3513 duntaxat
1748 3461 1973 3528 provin-

392 3536 514 3592 ciis.
562 3538 891 3611 Quanquam
929 3543 996 3598 de
1040 3544 1412 3613 subdiaconis,
1469 3562 1579 3601 non
1629 3563 1697 3603 ex
1746 3550 1975 3607 canonis

395 3628 561 3687 ullius
603 3632 844 3699 decreto,
886 3645 945 3689 nt
974 3638 1051 3690 ait
1080 3635 1441 3707 Epiphanius,
1492 3640 1587 3696 sed
1631 3656 1697 3696 ex
1732 3642 1973 3712 quadam

394 3721 730 3794 indulgentia
758 3734 813 3781 et
849 3728 1152 3800 οἰκονομίᾳ,
1193 3733 1484 3787 remissum
1509 3733 1806 3803 aliquando
1832 3735 1975 3792 vide-

394 3825 516 3882 tur;
542 3833 668 3872 nam
696 3829 749 3874 et
776 3819 1289 3892 Carthaginensium
1318 3826 1678 3882 conciliorum
1708 3844 1971 3895 canones,

392 3908 595 3978 quibus
646 3910 850 3966 diserte
900 3914 1239 3970 continentia
1293 3919 1627 3989 praecipitur,
1680 3922 1973 3993 episcopos

393 3997 662 4055 duntaxat
694 4010 749 4056 et
783 4004 1129 4075 presbyteros
1156 4022 1221 4062 ac
1244 4008 1503 4066 diaconos
1526 4013 1796 4082 complexi
1820 4022 1969 4069 sunt.

392 4090 864 4159 Quemadmodum
895 4104 947 4152 et
974 4098 1294 4155 Arelatense
1335 4117 1528 4169 n,ean.
1563 4105 1597 4159 5
1629 4124 1642 4159 :
1672 4105 1732 4161 Si
1759 4109 1877 4178 quis
1908 4108 1973 4163 de

392 4185 601 4239 clericis
632 4203 666 4239 a
696 4190 869 4257 gradu
892 4189 1211 4243 diaconatus
1248 4192 1305 4244 in
1336 4191 1531 4247 solatio
1565 4211 1662 4249 suo
1696 4198 1971 4253 mulierem

391 4288 585 4346 praeter
613 4280 809 4346 aviam,
844 4290 1088 4345 matrem,
1126 4299 1379 4351 sororem,
1423 4285 1593 4354 ﬁliam
1633 4298 1857 4358 neptem,
1894 4290 1971 4345 vel

393 4388 697 4429 conversam
750 4391 926 4429 secum
979 4392 1197 4432 uxorem
1245 4379 1434 4433 habere
1475 4385 1893 4452 prwsumpserit,
1937 4402 1970 4439 a

393 4467 760 4521 communione
790 4467 996 4523 alienus
1033 4469 1320 4534 habeatur;
1346 4488 1469 4526 nam
1497 4489 1822 4529 conversam
1863 4491 1966 4546 ap-

2061 607 2251 646 uxores
2279 593 2497 647 licentia
2536 612 2637 649 non
2668 604 2766 659 est,
2812 596 2969 649 etiam
3003 598 3299 652 afienarum
3331 602 3639 669 nuptiarum

2060 686 2251 741 evitent
2282 688 2571 742 consortia.
2599 687 2674 743 De
2702 690 2874 744 tribus
2898 690 3181 747 ordinibus
3207 693 3496 748 accedit‘et
3517 711 3641 750 con-
3684 686 3697 750 ί

2060 779 2152 833 cil.
2174 779 2420 834 Eliberit.
2441 796 2566 835 can.
2598 780 2699 848 55;
2729 791 2783 837 et
2807 782 3062 855 Carthag.
3096 800 3158 850 ιι,
3189 787 3384 851 can.‘2,
3412 799 3637 857 aposto-

2061 869 2220 924 licam
2264 871 2406 926 bane
2451 871 2851 928 institutionem
2889 890 3011 929 esse
3052 874 3324 946 signiﬁcat
3356 895 3370 932 :
3403 877 3469 931 Ut
3497 879 3637 948 quod

2061 961 2289 1030 apostoli
2319 967 2631 1030 docuerunt,
2671 964 2872 1035 inquit,
2910 976 2960 1020 et
3000 967 3117 1036 ipsa
3153 969 3379 1022 servavit
3404 971 3639 1039 antiqui

2063 1057 2169 1113 tas,
2198 1066 2291 1104 nos
2320 1067 2520 1122 quoque
2557 1054 2944 1110 custodiamus.
2991 1054 3116 1112 Haec
3154 1073 3254 1115 nos
3298 1074 3367 1115 ex
3408 1059 3638 1118 inﬁnitis

2063 1155 2258 1210 pauca,
2284 1157 2407 1212 qua:
2432 1142 2486 1197 in
2515 1144 2843 1200 adversariis
2870 1148 3181 1215 exstabant,
3214 1150 3282 1206 de
3312 1150 3637 1207 clericorum

2064 1233 2313 1289 caelibatu
2342 1235 2654 1306 selegimus.
2689 1236 2897 1294 Caatera
2927 1239 2984 1293 in
3017 1239 3325 1297 Annalibus
3348 1243 3542 1298 eccles.
3572 1244 3641 1299 ad

2066 1341 2267 1380 annum
2302 1328 2372 1382 58
2404 1337 2516 1383 tum
2546 1330 2616 1384 ab
2648 1330 2791 1395 aliis,
2827 1332 2921 1402 qui
2953 1333 3218 1388 adversus
3248 1331 3486 1389 bareses
3513 1334 3645 1391 seri-

2064 1429 2311 1487 pserunt,
2335 1422 2402 1474 ad
2443 1421 2586 1476 idem
2617 1432 2999 1493 argumentum
3030 1425 3308 1496 disputata
3341 1428 3617 1497 reperies.

2136 1513 2252 1569 Col.
2268 1513 2372 1569 884
2390 1514 2448 1569 Β.
2470 1517 2909 1587 Δευτερόγαμον
2918 1517 2986 1571 δὲ
2997 1521 3107 1572 οὐκ
3120 1519 3323 1580 ἔξεστι
3338 1520 3640 1590 δέχεσθαι.

2067 1604 2345 1676 Digamum
2358 1618 2464 1660 non
2480 1605 2653 1661 solum
2669 1605 2735 1661 ab
2748 1606 3041 1679 episcopali
3062 1608 3407 1674 munere,sed
3431 1613 3592 1669 etiam
3611 1631 3645 1670 a

2068 1698 2241 1751 sacris
2266 1698 2520 1757 omnibus
2555 1704 3130 1765 ordinibusexclusum
3148 1710 3318 1767 fuisse
3354 1713 3642 1775 perpetuo.

2070 1787 2164 1857 qui
2216 1789 2446 1859 probare
2481 1791 2630 1854 velit,
2665 1792 2712 1846 is
2742 1793 2855 1848 otio
2899 1802 2956 1848 et
2987 1795 3175 1849 charta
3215 1795 3644 1867 intemperanter

1998 1860 2041 1915 Β
2070 1881 2347 1936 abutatur.
2369 1881 2447 1938 De
2475 1882 2745 1953 episcopis
2773 1884 2926 1940 locus
2948 1895 3031 1940 est
3055 1888 3300 1955 Apostoli
3327 1888 3348 1942 Ι
3376 1860 3516 1945 'l'im.
3542 1906 3642 1946 ιιι-ι

2073 1972 2293 2042 Oportet
2330 1974 2631 2043 episcopum
2675 1991 2788 2029 esse
2832 1976 2989 2029 unius
3032 1978 3215 2032 uxoris
3253 1978 3463 2044 virum;
3497 1980 3661 2050 quod-

2071 2065 2213 2120 idem
2252 2075 2306 2120 et
2332 2066 2402 2121 ad
2428 2067 2609 2122 'l‘itum
2638 2082 2758 2137 cap.
2789 2085 2827 2134 ι,
2853 2069 2905 2136 7,
2937 2071 3148 2140 repetit.
3177 2070 3387 2137 Quibus
3420 2073 3475 2127 in
3510 2073 3647 2129 locis

2071 2153 2232 2221 Beza,
2272 2164 2327 2209 et
2357 2156 2595 2211 haeretici
2627 2172 2835 2221 omnes,
2861 2160 3160 2229 prmsertim
3189 2158 3473 2217 Molinzeus
3501 2162 3552 2216 in
3577 2164 3645 2232 ﬁ-

2071 2248 2154 2303 dri
2185 2246 2376 2310 Scuto,
2445 2263 2656 2305 necnon
2703 2259 2758 2304 et
2787 2250 3218 2321 jurisconsultus
3251 2254 3340 2309 ille
3366 2270 3529 2325 supra
3561 2270 3650 2310 re-

2070 2336 2276 2393 lutatus
2313 2353 2342 2393 a
2377 2340 2567 2406 nobis,
2599 2342 2666 2396 de
2700 2342 2936 2413 digamis
2979 2345 3086 2401 illis
3122 2347 3443 2417 Apostolum
3479 2349 3649 2405 inter-

2070 2438 2386 2499 pretantur,
2437 2431 2530 2502 qui
2581 2433 2717 2487 citra
2769 2435 3063 2505 legitimam
3110 2451 3366 2502 causam,
3410 2439 3515 2495 hoc
3564 2450 3653 2496 est.

2070 2533 2261 2592 praeter
2291 2524 2539 2580 adulterii
2572 2527 2810 2597 culpam,
2838 2530 3121 2599 repudiata
3154 2531 3387 2602 conjuge
3418 2532 3648 2588 alteram

2071 2617 2367 2673 duxissent.
2421 2617 2623 2675 Verum
2668 2622 2883 2678 tametsi
2933 2624 3036 2679 hoc
3079 2623 3255 2694 ipsum
3304 2626 3659 2697 digamorum

2072 2724 2244 2778 gemis
2273 2711 2462 2765 eodem
2496 2712 2743 2783 Apostoli
2770 2716 2990 2772 decreto
3015 2719 3519 2788 comprehenditur,
3553 2720 3652 2775 ab-

2072 2804 2459 2859 surdissimum
2498 2814 2679 2861 tamen
2707 2815 2825 2874 est,
2858 2824 2966 2863 non
3002 2824 3096 2865 eos
3128 2825 3347 2880 quoque
3382 2810 3651 2866 contineri

2073 2893 2312 2960 credere,
2344 2895 2439 2966 qui
2460 2936 2475 2963 ,
2508 2912 2681 2952 uxore
2711 2907 2950 2964 mortua,
2985 2898 3147 2955 aliam
3178 2900 3305 2969 sibi,
3337 2911 3392 2955 et
3428 2901 3667 2971 quidem

2073 2982 2403 3055 legitimam,
2434 2987 2723 3057 conjugem
2764 2989 3079 3044 asciverint.
3125 2988 3199 3044 De
3239 3004 3351 3060 quo
3405 2991 3653 3045 luculen-

2076 3076 2349 3131 tissimnm
2374 3077 2479 3133 hoc
2502 3078 2555 3132 in
2583 3079 2705 3134 loco
2731 3080 3100 3135 testimonium
3126 3081 3293 3136 habes
3319 3080 3648 3151 Epiphanii:

2075 3186 2287 3227 necnon
2321 3179 2376 3226 et
2435 3172 2490 3225 in
2514 3171 2875 3227 Catharorum
2910 3174 3102 3227 haeres.
3137 3172 3225 3238 59,
3260 3188 3413 3227 num.
3456 3173 3512 3239 4,
3555 3174 3651 3230 ubi

2076 3264 2277 3320 diserte
2313 3273 2475 3334 negat
2515 3280 2703 3321 saeros
2745 3267 2812 3320 ad
2852 3266 3072 3321 ordines
3108 3266 3260 3321 illum
3301 3267 3505 3337 recipi,
3554 3267 3653 3338 qui

2076 3356 2259 3428 priore
2289 3358 2521 3429 conjuge
2552 3368 2762 3414 mortua
2800 3360 3026 3414 alteram
3053 3359 3289 3416 duxerit.
3325 3358 3479 3426 Quod
3511 3361 3650 3416 adeo

2076 3466 2264 3505 verum
2292 3460 2396 3517 est,
2424 3461 2577 3507 utne
2605 3450 2795 3507 Ariani
2830 3439 3051 3523 quidem
3085 3461 3278 3509 contra
3302 3469 3651 3509 communem

2077 3543 2222 3598 illam
2299 3550 2683 3615 reccptamque
2765 3544 3216 3601 consuetudinem
3280 3544 3467 3600 venire
3529 3545 3653 3599 ausi

2078 3635 2299 3690 fuerint.
2331 3633 2469 3691 Nam
2514 3630 2981 3692 in’Ebionitarum
3026 3637 3223 3693 haeresi
3266 3636 3359 3703 30,
3409 3653 3562 3692 num.
3596 3637 3652 3703 5,

2075 3724 2347 3796 Josepltus
2373 3741 2580 3791 comes,
2616 3740 2741 3782 cum
2768 3727 2978 3793 Ariani,
3016 3736 3075 3783 ut
3101 3728 3169 3783 ad
3204 3736 3386 3797 partes
3419 3743 3550 3783 suas
3588 3727 3653 3783 il-

2076 3816 2190 3871 lum
2248 3820 2559 3885 traherent,
2601 3819 2977 3889 episcopatum
3014 3820 3065 3874 ei
3113 3820 3531 3890 pollicerentur,
3584 3837 3653 3875 ne

2076 3908 2279 3966 invitus
2311 3911 2380 3965 ab
2412 3911 2519 3967 illis
2548 3911 2916 3979 ordinaretur,
2961 3912 3143 3983 priore
3181 3912 3409 3983 conjuge
3456 3910 3653 3966 delun-

2075 4009 2195 4066 cta,
2226 4002 2493 4059 secundas
2528 4004 2748 4073 nuptias
2797 4004 2939 4058 iniit.
2991 4001 3288 4069 Quaesitum
3342 4002 3475 4057 olim
3528 4002 3651 4071 fuit,

2075 4101 2258 4145 ntrnm
2306 4095 2399 4162 qui
2445 4100 2571 4147 ante
2617 4092 2947 4162 baptismum
3000 4092 3289 4163 conjugem
3344 4092 3651 4163 habuisset,

2073 4183 2324 4254 digatuns
2356 4183 2627 4255 ejusmodi
2654 4193 2992 4250 censeretur,
3023 4185 3114 4255 qui
3149 4186 3218 4241 ab
3263 4183 3652 4241 ecclesiasticis

2073 4276 2356 4331 ordinibus
2409 4287 2704 4333 arceretur.
2749 4276 2866 4346 Qua
2911 4277 2978 4334 de
3008 4292 3066 4333 re
3111 4294 3319 4349 parum.
3352 4278 3651 4349 probabilis

2073 4368 2391 4441 Hieronymi
2428 4371 2693 4425 sententia
2729 4379 2908 4426 exstat
2953 4371 3008 4425 in
3040 4370 3214 4442 Epist.
3253 4372 3323 4425 ad
3354 4370 3647 4438 Oceanum,

2073 4478 2194 4532 quae
2223 4472 2310 4519 est
2344 4463 2434 4517 83.
2478 4462 2579 4517 Cui
2625 4464 2897 4519 contraria
2948 4473 3033 4520 est
3086 4465 3376 4537 Augustini
3426 4465 3521 4520 lib.
3572 4466 3652 4520 De

393 4556 576 4624 pellat,
598 4573 720 4627 qua:
742 4569 934 4627 sponte
957 4575 1017 4615 se
1051 4575 1082 4616 a
1099 4562 1200 4617 viri
1226 4563 1621 4619 consuetudine
1647 4567 1964 4636 segregat-it,
2000 4563 2047 4619 D
2076 4554 2207 4609 θοηο
2234 4557 2492 4627 Coniugii,
2516 4571 2637 4627 caP-
2666 4558 2757 4623 18»
2783 4558 3125 4628 aliorumque
3153 4557 3377 4613 Ρδίτυιη
3416 4558 3604 4628 Opinio
3632 4576 3663 4613 τ’

394 4649 472 4702 uti
500 4664 710 4707 canone
746 4654 1066 4721 praecedenti
1103 4673 1115 4709 :
1153 4656 1365 4709 Assumi
1412 4656 1643 4727 aliquem
1686 4659 1755 4710 ad
1790 4676 1969 4713 sacer-

392 4742 597 4805 dotium
627 4758 731 4797 non
773 4761 925 4814 posse
956 4747 1012 4799 in
1043 4748 1252 4801 uinculo
1293 4750 1528 4821 conjugii
1577 4753 1965 4818 constitutum;

394 4835 497 4887 nisi
520 4837 780 4905 promissa
816 4841 976 4906 fuerit
1003 4842 1293 4905 conversio,
1343 4857 1446 4895 non
1482 4852 1707 4911 oportet.
1739 4845 1807 4897 At
1838 4859 1970 4898 con-

391 4925 484 4980 cil.
521 4925 694 4981 Tolet.
731 4943 769 4994 l,
796 4944 917 4984 can.
942 4930 1245 5005 4,decrevit
1276 4952 1288 4987 :
1326 4931 1394 4987 Ut
1437 4933 1789 4989 subdiaconus
1829 4952 1966 4991 uxo-

390 5032 499 5071 rem
530 5019 754 5074 alteram
796 5022 989 5076 ducens
1030 5023 1169 5077 inter
1196 5025 1446 5078 ostiarios
1489 5026 1566 5079 vel
1618 5026 1837 5081 lectores
1872 5029 1968 5082 Ita-

391 5108 597 5165 beatur.
632 5110 786 5175 Quod
808 5112 855 5163 si
888 5112 1101 5165 tertiam
1133 5113 1367 5181 duxerit,
1399 5115 1537 5184 quod
1565 5132 1657 5170 nec
1686 5117 1969 5171 dicendum

388 5210 489 5267 est,
530 5201 803 5256 abstentus
832 5204 1040 5259 biennio
1071 5216 1258 5275 postea
1292 5208 1430 5260 inter
1460 5206 1627 5262 laicos
1660 5212 1969 5266 reconcilia-

397 5302 482 5346 tus
513 5303 628 5362 post
658 5296 1019 5365 penitentiam
1058 5299 1423 5353 communicet.
1478 5299 1560 5355 Ad
1591 5301 1707 5357 hate
1737 5301 1968 5361 Siricius

395 5398 533 5453 papa
566 5386 619 5439 in
645 5386 895 5454 epistola,
926 5404 1047 5459 qua:
1078 5388 1134 5443 in
1175 5388 1388 5447 Telensi
1419 5392 1656 5447 concilio
1688 5394 1824 5450 lecta
1859 5404 1964 5461 est,

394 5490 520 5532 can.
554 5478 625 5543 9;
671 5475 1017 5535 Innocentius
1061 5480 1222 5551 epist.
1291 5483 1346 5549 2,
1393 5498 1513 5553 cap.
1557 5484 1613 5552 9,
1638 5492 1692 5540 et
1716 5487 1875 5557 epist.
1909 5488 1963 5553 ὅ,

398 5589 519 5644 cap.
544 5572 596 5642 l,
623 5572 969 5643 presbyteros
1007 5575 1272 5632 duntaxat
1299 5587 1353 5632 et
1377 5577 1637 5633 diaconos
1665 5580 1815 5635 coire
1840 5596 1965 5636 enm

394 5668 661 5726 uxoribus
687 5668 972 5739 prohibent
994 5686 1254 5741 :quorum
1281 5669 1497 5727 decreta
1522 5673 1809 5728 conﬁrmat
1825 5675 1968 5746 Aga-

391 5759 584 5817 thense
618 5777 773 5818 conc.
820 5778 941 5819 can.
991 5763 1042 5818 9.
1092 5758 1248 5831 Quod
1284 5766 1461 5834 ipsum
1511 5777 1693 5822 tamen
1738 5782 1860 5823 can.
1896 5768 1965 5823 39

395 5849 760 5912 subdiaconos
788 5856 951 5912 etiam
996 5856 1449 5928 comprehendit:
1489 5857 1809 5929 Presbyteri,
1842 5859 1961 5915 dia-

2075 4648 2164 4701 Cui
2202 4648 2571 4703 ecclesiastica
2614 4650 2834 4705 traditio
2884 4666 2946 4705 ac
3013 4654 3353 4707 consuetudo
3391 4650 3651 4722 suﬂ‘raga-

2077 4750 2183 4795 tur.
2214 4740 2331 4807 Qua
2357 4742 2422 4797 de
2447 4757 2506 4798 re
2540 4740 2807 4798 Valentini
2835 4744 3075 4811 concilii,
3105 4744 3252 4815 quod
3279 4744 3384 4801 sub
3413 4744 3651 4799 Damaso

2073 4834 2401 4890 celebratum
2452 4844 2539 4891 est
2562 4875 2577 4901 ,
2612 4851 2785 4892 canon
2817 4838 3028 4907 primus
3072 4839 3144 4892 ita
3180 4838 3370 4893 statuit
3400 4856 3413 4892 :
3455 4836 3546 4891 Uti
3574 4836 3651 4890 di-

2072 4930 2215 4999 gami
2265 4945 2328 4982 ne
2360 4929 2671 4983 ordinentur
2700 4930 2919 4997 clerici,
2967 4931 3180 4984 etiamsi
3208 4928 3427 4999 gentiles
3476 4927 3649 4980 adhuc

2072 5023 2169 5076 hac
2202 5038 2256 5076 se
2283 5022 2513 5092 infelicis
2540 5022 2700 5077 sortis
2731 5026 3041 5077 necessitate
3074 5020 3472 5075 maculaverint.
3510 5018 3649 5075 Vide

2072 5117 2260 5171 lnnoc.
2288 5115 2328 5181 Ι,
2345 5115 2504 5184 epist.
2523 5114 2577 5181 2,
2594 5130 2644 5172 c.
2666 5114 2720 5170 6.
2739 5113 2879 5182 Quin
2896 5125 2951 5171 et
2979 5113 3231 5167 Zosimns
3258 5127 3395 5181 papa
3419 5111 3591 5180 epist,
3614 5112 3641 5165 1

2070 5222 2179 5263 non
2208 5208 2369 5263 modo
2393 5208 2737 5278 episcopum,
2784 5215 2877 5261 aut
2903 5207 3192 5261 diaconum
3239 5220 3303 5258 ac
3358 5204 3647 5259 subdiaco—

2070 5314 2221 5364 num,
2254 5298 2349 5354 sed
2382 5312 2451 5353 ne
2480 5298 2737 5353 lectorem
2769 5296 3014 5366 quidem,
3039 5305 3135 5349 aut
3159 5296 3488 5350 exorcistam
3522 5295 3641 5350 ﬁeri

2070 5392 2273 5462 patitur
2301 5406 2450 5458 eum,
2483 5390 2577 5461 qui
2606 5389 2783 5444 viduae
2813 5388 2882 5443 sit
2910 5388 3163 5443 maritus.
3198 5387 3382 5443 Redeo
3405 5388 3473 5442 ad
3503 5388 3645 5458 Apo-

2070 5483 2194 5540 stoli
2220 5484 2407 5539 locum
2431 5483 2589 5537 illum
2612 5480 2643 5535 ι
2664 5480 2729 5536 ad
2754 5479 3010 5553 Timqnt.
3044 5480 3241 5548 Quem,
3270 5481 3348 5534 uti
3373 5481 3506 5548 dixi,
3529 5496 3641 5535 non

2071 5577 2380 5647 negandum
2419 5584 2504 5631 est
2535 5576 2603 5631 ad
2637 5574 2761 5629 illos
2794 5575 3069 5645 pertinere
3108 5588 3330 5644 quoque
3362 5572 3640 5644 digamos,

2068 5672 2163 5741 qui
2206 5670 2488 5741 repudiata
2526 5680 2805 5739 utcunque
2832 5666 3064 5738 conjuge
3089 5682 3259 5721 novas
3305 5668 3522 5737 nuptias
3554 5682 3661 5724 (ιο--⁷

2071 5763 2313 5834 pularint
2345 5780 2358 5818 :
2394 5779 2506 5834 quo
2554 5778 2717 5819 sensu
2767 5762 3192 5833 Chrysostomus
3247 5760 3644 5832 interpretatus

2070 5868 2176 5925 cst,
2220 5857 2311 5931 qui
2346 5868 2399 5915 et
2434 5859 2548 5931 ipse
2581 5867 2761 5917 tamen
2791 5856 3016 5915 alterius
3042 5856 3381 5929 digamorum
3409 5854 3657 5928 generis,
