3994 6222
393 369 414 425 l
425 367 531 425 679

1519 350 1862 408 APPENDKX
1913 346 2547 406 DlSSERTATiONUM.

3511 338 3530 391 1
3543 333 3648 390 0219

385 501 442 545 et
474 489 694 559 quidem
723 497 912 540 eorum
936 524 950 547 ,
999 479 1091 550 qui
1139 487 1262 548 post
1309 475 1552 546 priorum
1587 475 1795 529 obitum
1831 473 1966 528 alias

2088 472 2337 534 >dxovra,
2371 469 2465 523 καὶ
2495 464 2698 536 ταύτην
2742 460 2878 533 μετὰ
2907 459 3169 531 ἀκριϐοῦς
3192 455 3536 526 δοκιμασίας.
3573 454 3648 509 De

386 581 708 640 duxissent,
743 571 1015 629 meminit.
1049 569 1204 631 Τινὲς
1245 567 1329 631 δὲ,
1364 566 1571 636 inquit,
1607 566 1696 620 ἵνα
1738 566 1802 617 ὲκ
1839 565 1967 634 μιᾶς

382 669 644 742 γυναικὸς
672 663 737 739 ᾖ,
771 666 904 736 φασὶ
930 661 1090 716 τοῦτο
1120 659 1393 733 εἰρῆσθαι.
1418 657 1667 724 Quidam
1709 656 1827 710 ideo
1881 656 1968 709 di-

389 773 534 816 ctum
583 760 680 814 hoc
711 758 776 812 ab
808 754 1061 826 Apostolo
1089 761 1318 818 censent,
1358 759 1416 804 ut
1455 749 1518 802 ab
1560 765 1668 802 una
1702 763 1866 802 uxore
1898 747 1968 802 sit

387 855 641 920 (mortua
698 848 910 905 scilicet
942 847 981 918 ).
1025 846 1242 902 Clarius
1271 845 1326 899 in
1362 844 1656 898 Comment.
1687 841 1756 894 ad
1794 839 1970 894 Titum

388 946 538 1001 hom.
569 943 624 1009 Ξ,
651 943 742 997 ubi
767 955 991 997 causam
1034 939 1176 997 hanc
1198 937 1510 1007 apostolica:
1563 933 1860 988 sanctionis
1885 931 1971 985 ala

390 1037 501 1092 fert
542 1055 554 1090 :
607 1036 668 1089 Ὀ
715 1034 824 1105 γὰρ
873 1032 1008 1104 πρὸς
1043 1031 1140 1102 τὴν
1174 1029 1516 1083 ἀπελθοῦσαν
1561 1025 1829 1098 μηδεμίαν
1871 1043 1972 1093 φυ-

390 1129 558 1195 λάξας
610 1127 826 1182 εὔνοιαν
852 1168 866 1191 ,
919 1125 1036 1188 πῶς
1089 1124 1156 1178 ἂν
1203 1118 1356 1186 οὗτος
1402 1121 1611 1190 γένοιτο
1661 1118 1972 1190 προστάτης

392 1223 590 1287 καλός;
635 1219 741 1286 Qui
785 1219 1046 1288 defunctas
1105 1217 1260 1270 umori
1309 1213 1714 1269 benevolentiam
1767 1209 1970 1264 nullam

393 1328 625 1368 servasse
654 1310 1061 1380 deprehenditur
1086 1349 1099 1372 ,
1135 1322 1362 1378 quonam
1404 1314 1561 1374 pacto
1591 1305 1675 1356 hic
1719 1299 1972 1356 Ecclesia:

393 1421 614 1476 pricesse
669 1405 911 1474 poterit?
963 1400 1334 1455 Ἀπελθοῦσαν
1383 1398 1617 1469 appellat
1663 1405 1970 1462 mortuam,

382 1516 502 1554 non
538 1513 684 1561 eam,
717 1513 839 1568 qua:
879 1497 1154 1566 repudiata
1181 1494 1426 1549 discessit
1462 1533 1476 1556 ,
1514 1501 1574 1546 ut
1605 1489 1854 1560 imperite
1880 1487 1972 1558 ju-

330 1645 335 1651 .
393 1589 764 1646 i-isconsultus
797 1590 994 1653 vertit;
1043 1602 1168 1641 nam
1217 1595 1271 1640 et
1314 1585 1456 1655 apud
1505 1582 1970 1653 Theopbylactum

394 1681 584 1734 eadem
614 1679 992 1750 Chrysostomi
1023 1677 1189 1732 verba
1225 1677 1297 1731 ita
1327 1675 1628 1731 redduntur
1656 1691 1669 1726 :
1705 1671 1810 1737 Qui
1834 1673 1974 1725 enim

395 1769 603 1822 nullam
643 1770 868 1823 servavit
915 1766 1326 1822 benevolentiam
1358 1782 1482 1836 erga
1521 1781 1672 1828 eam,
1718 1779 1835 1834 qua:
1882 1763 1973 1816 ob-

395 1863 483 1928 iit,
502 1871 608 1917 etc.
630 1860 812 1928 Quare
839 1861 1116 1930 posterius
1151 1859 1282 1912 illud
1310 1872 1376 1911 ac
1399 1857 1701 1927 legitimum
1729 1855 1973 1926 digamo-

395 1971 519 2008 rum
577 1969 748 2024 genus
795 1953 864 2008 ab
911 1952 1212 2022 apostolico
1264 1950 1358 2004 illo
1413 1951 1634 2005 decreto
1693 1961 1972 2016 nunquam

395 2044 824 2116 Chrysostomus
867 2044 1119 2100 exclusit.
1175 2041 1330 2097 Unus
1376 2040 1787 2103 Theodoretus,
1830 2039 1976 2109 quod

379 2138 557 2192 valde
586 2139 780 2202 miror,
799 2139 948 2193 solos
972 2136 1350 2206 digamos,qui
1379 2137 1565 2206 plures
1585 2135 1750 2190 simul
1779 2146 1978 2187 uxores

399 2232 693 2299 haberent,
729 2232 799 2286 ab
833 2231 1098 2300 Apostolo
1153 2230 1470 2301 repudiatos
1504 2229 1711 2283 sentire
1739 2225 1975 2281 videtur.

399 2322 458 2378 in
492 2339 600 2391 quo
629 2322 937 2378 audiendus
969 2336 1077 2376 non
1106 2331 1229 2387 est,
1270 2325 1554 2391 multoque
1582 2320 1767 2374 minus
1809 2318 1980 2372 haere-

401 2417 517 2482 tici,
565 2417 645 2471 uti
690 2415 831 2470 Beza
863 2415 1178 2484 exterique,
1223 2415 1316 2485 qui
1349 2415 1403 2468 in
1436 2411 1756 2484 apostolicis
1801 2409 1982 2464 verbis

399 2517 732 2579 praeceptum
763 2507 1032 2562 contineri
1065 2515 1294 2577 putant,
1326 2507 1471 2578 quod
1515 2506 1725 2560 nullum
1761 2503 1828 2558 ad
1867 2502 1982 2572 epi—

374 2609 720 2670 rscopatum,
751 2599 857 2654 nisi
893 2614 1065 2654 uxore
1106 2599 1270 2654 ducta
1291 2639 1305 2663 ,
1341 2598 1651 2669 promoveri
1682 2595 1977 2668 permittat.

403 2692 561 2760 Quod
588 2691 911 2762 jamdudum
944 2691 1386 2762 Theophylactus
1410 2690 1629 2746 refellit.
1835 2695 1842 2700 ’

473 2784 594 2839 Col.
613 2783 791 2840 8846.
805 2785 874 2839 Et
889 2782 958 2836 δὲ
967 2783 1090 2837 εἷεν
1105 2784 1317 2838 ἱκανοί.
1334 2782 1802 2850 Quemadmodum
1819 2799 1851 2839 e
1868 2799 1984 2839 mo-

404 2877 598 2934 nachis
614 2877 843 2948 eligendi
857 2877 966 2932 sint
981 2876 1184 2942 clerici,
1198 2878 1353 2932 docet
1367 2877 1872 2948 Augustinusepist.
1891 2877 1979 2932 76.

477 2968 612 3025 Ibid.
639 2970 748 3024 Kal
769 2969 1148 3024 διακόνισσαι
1171 2968 1239 3022 δὲ
1260 2970 1666 3025 καθίστανται.
1701 2969 1985 3026 Diaconis-

408 3075 595 3118 sarum
630 3076 790 3117 usum
832 3067 887 3116 et
916 3060 1224 3115 institutum
1245 3059 1466 3115 uberius
1491 3060 1983 3132 Collyridianorum

407 3151 604 3208 haeresi
624 3152 884 3216 declarat,
905 3166 1026 3220 qua:
1051 3160 1133 3206 est
1151 3151 1238 3216 79,
1264 3167 1416 3206 num.
1439 3151 1474 3206 5
1500 3160 1554 3207 et
1569 3152 1622 3207 4.
1646 3152 1747 3208 Ubi
1773 3154 1838 3208 ad
1862 3169 1982 3208 mu-

407 3227 630 3308 lict/um,
646 3257 768 3313 quae
786 3242 1154 3311 baptizantur,
1181 3241 1463 3311 obsequia,
1479 3242 1723 3313 aliasque
1745 3243 1796 3298 id
1816 3260 1986 3315 genus

407 3331 720 3388 functiones
762 3331 949 3400 deligi,
999 3331 1163 3401 idque
1216 3346 1249 3386 e
1292 3331 1580 3388 viduarum
1638 3333 1985 3402 potissimum

409 3425 626 3488 ordine,
651 3422 862 3478 scribit.
887 3421 1041 3477 Unde
1061 3434 1116 3478 et
1141 3423 1314 3478 vidua:
1349 3431 1403 3480 et
1435 3423 1760 3494 presbytides
1802 3425 1987 3496 appel-

410 3517 618 3573 lantur.
650 3512 765 3570 Hoc
786 3530 917 3570 vero
944 3515 1068 3569 loco
1115 3529 1224 3571 non
1256 3515 1432 3571 solum
1462 3516 1679 3579 viduas.
1704 3516 1798 3572 sed
1822 3517 1986 3572 etiam

411 3619 713 3681 perpetuas
743 3608 866 3678 capi
896 3608 1136 3679 virgines
1167 3607 1456 3678 signiﬁcat.
1495 3608 1738 3665 Zonaras
1781 3618 1835 3666 et
1863 3609 1988 3664 Bal-

411 3715 568 3758 samo
591 3700 898 3755 Comment.
923 3699 990 3754 ad
1025 3714 1149 3756 can.
1178 3699 1246 3755 i9
1279 3697 1510 3756 Nicaeum
1534 3693 1990 3773 synodi,virgines

411 3791 685 3862 praecipue
727 3790 966 3846 delectas
1008 3805 1130 3846 esse
1172 3790 1413 3847 docent:
1463 3791 1732 3862 Παρθένοι
1775 3792 1991 3862 (inquit

413 3883 687 3955 Zonaras)
727 3881 790 3937 τὸ
821 3881 1050 3938 παλαιὸν
1081 3884 1421 3955 προσήγοντο
1455 3883 1534 3954 τῷ
1567 3883 1688 3955 Θεῷ
1739 3884 1989 3952 ἁγνεύειν

411 3975 792 4046 όμολογοῦσαι,
825 3975 892 4039 ἃς
935 3975 986 4028 οι
1035 3974 1324 4028 ἐπίσκοποι
1373 3973 1658 4045 καθιέρουν
1710 3977 1853 4032 κατὰ
1899 3978 1989 4031 τὸν

413 4072 467 4133 ς’
508 4067 710 4121 κανόνα
742 4067 842 4138 τῆς
879 4067 937 4119 ὲν
970 4065 1305 4141 Καρθαγένῃ
1342 4067 1558 4120 συνόδου
1577 4107 1592 4132 ,
1623 4068 1716 4122 καὶ
1743 4068 1844 4139 τῆς
1873 4068 1992 4122 τού-

309 4214 320 4219 _
409 4177 521 4213 των
552 4157 870 4230 ἐφρόντιζον
916 4156 1163 4228 φυλακῆς
1212 4158 1356 4212 κατὰ
1400 4159 1491 4212 τὸν
1539 4159 1620 4230 μδ¹
1663 4161 1863 4214 κανόνα
1891 4161 1992 4232 τῆς

411 4248 585 4318 αὐτῆς
617 4248 834 4303 συνόδου
855 4262 870 4278 ⁶
913 4245 974 4309 ἐξ
1009 4240 1084 4301 ὧν
1111 4247 1176 4318 δὴ
1217 4245 1503 4318 παρθένων
1535 4249 1628 4302 καὶ
1655 4248 1992 4302 διακόνισσαι

412 4341 848 4415 ὲχειροτονοῦντο
901 4339 1041 4394 κατὰ
1084 4339 1176 4393 τὸν
1229 4340 1420 4411 καιρὸν
1476 4340 1568 4393 τὸν
1615 4341 1988 4411 προσήκοντα,

412 4439 582 4522 ἧγουν
629 4438 717 4490 ὅτε
759 4434 896 4489 ἐτῶν
929 4435 1178 4504 ἐγένοντο
1221 4441 1303 4505 μ’·
1337 4435 1394 4488 αἱ
1431 4435 1488 4488 δὲ
1529 4433 1774 4487 τοιαῦται
1815 4435 1908 4488 καί
1939 4452 1992 4486 τι

2007 1846 2046 1900 Β

2011 3194 2055 3252 C

2072 581 2140 618 tu.
2173 563 2332 618 annis
2357 561 2498 615 idem
2521 556 2831 628 Agathense
2856 552 3094 608 decrevit
3119 565 3243 606 can.
3282 548 3367 602 l9.
3401 547 3645 616 lgnatius

2066 659 2230 728 epist.
2263 655 2296 710 9
2326 670 2339 705 :
2385 650 2730 720 ’Δσπάζομαι
2770 648 2867 711 τὰς
2897 644 3170 717 φρουροὺς
3197 641 3306 696 τῶν
3348 640 3518 710 ἁγίων
3553 655 3648 691 πυ-

2069 749 2276 812 λώνων,
2313 746 2411 809 τὰς
2457 747 2515 798 ὲν
2553 740 2774 815 Χριστῷ
2799 740 3098 803 διακόνους.
3135 735 3456 806 Epaunense
3488 744 3651 800 porro

2070 857 2194 896 can.
2242 840 2305 893 2i
2367 836 2709 893 diaconissas
2754 831 3015 890 sustulit:
3071 827 3395 890 Viduarum,
3435 822 3648 892 inquit,

2073 933 2516 989 consecrationem
2537 969 2552 995 ,
2599 944 2730 998 quas
2757 928 3009 979 diaconus
3040 928 3225 977 vocant
3245 960 3260 985 ,
3291 918 3356 972 ab
3389 917 3530 972 omni
3567 931 3651 968 re-

2071 1028 2221 1098 gione
2253 1034 2436 1078 nostra
2468 1020 2674 1091 penitus
2705 1018 3047 1086 abrogamus,
3080 1011 3248 1066 solam
3286 1010 3364 1064 eis
3394 1007 3652 1073 peniten-

2075 1119 2164 1170 πίω
2188 1112 2598 1168 benedictionem
2619 1147 2634 1175 ,
2669 1109 2715 1162 si
2743 1106 2973 1162 converti
3005 1103 3282 1166 ambiunt,
3311 1096 3650 1168 imponendo.

2074 1209 2187 1262 lmo
2231 1214 2287 1261 et
2337 1204 2706 1260 Laodicenum
2753 1215 2823 1255 ex
2867 1213 2930 1254 ea
2975 1204 3129 1265 parte
3172 1192 3400 1255 saltem,
3439 1198 3497 1242 ut
3527 1187 3653 1241 aliis

2074 1299 2399 1357 mulieribus
2429 1295 2653 1350 minime
2679 1297 2996 1362 praeessent,
3027 1301 3126 1342 nec
3152 1299 3343 1341 earum
3373 1279 3654 1336 docenda-

2073 1409 2193 1448 rum
2222 1405 2424 1446 munus
2452 1392 2806 1457 usurparent,
2837 1392 2896 1438 ut
2923 1381 3169 1436 Zonaras
3197 1387 3250 1432 et
3278 1376 3534 1430 Balsamo
3557 1373 3652 1426 de—

2073 1488 2285 1542 clarant
2307 1485 2376 1539 ad
2405 1497 2526 1538 can.
2560 1481 2645 1534 tl.
2681 1477 2852 1548 Cujus
2887 1477 3002 1551 haec
3028 1473 3191 1527 verba
3217 1483 3344 1526 sunt
3375 1486 3386 1520 :
3420 1467 3511 1538 Μὴ
3532 1465 3645 1518 δεῖν

2073 1579 2170 1642 τὰς
2208 1575 2506 1646 λεγομένας
2540 1569 2931 1642 πρεσϐύτιδας,
2967 1567 3088 1638 ἦτοι
3118 1559 3564 1635 προκαθημένας,
3596 1559 3656 1609 ὲν

2086 1670 2384 1742 Ἐκκλησία
2415 1664 2800 1722 καθίστασθαι.
2830 1661 2963 1728 Quae
2994 1661 3065 1714 ita
3093 1667 3247 1714 vetus
3273 1654 3437 1710 editio
3459 1650 3656 1706 Latina

2075 1763 2355 1832 concipit:
2411 1759 2698 1822 Mulieres,
2744 1771 2861 1826 qua:
2904 1752 3045 1814 apud
3086 1749 3298 1805 Graecos
3339 1745 3658 1815 presbyteros

2077 1856 2434 1926 appellantur,
2484 1851 2624 1921 apud
2670 1865 2764 1905 nos
2810 1855 2986 1901 autem
3018 1843 3192 1899 vidua:
3237 1841 3487 1902 seniores,
3539 1835 3660 1888 uni-

2077 1951 2205 2004 vira:
2242 1959 2289 2002 et
2315 1943 2704 2000 matricularite
2756 1941 3122 2000 nominantur,
3153 1936 3208 1988 in
3243 1931 3505 1994 Ecclesia,
3547 1938 3662 1980 tan-

2076 2058 2235 2113 quam
2273 2040 2571 2104 ordinatas,
2605 2032 2857 2090 constitui
2908 2046 3012 2087 non
3037 2028 3240 2083 debere.
3275 2024 3350 2079 De
3384 2020 3661 2078 diacouis-

2079 2136 2154 2191 sis
2193 2141 2429 2204 nugatur
2470 2125 2926 2186 Pseudodiataxis
2957 2123 3134 2179 Clem.
3169 2120 3266 2176 lib.
3299 2134 3362 2180 ιι,
3396 2131 3519 2185 cap.
3562 2113 3658 2177 26,

2080 2225 2174 2280 ubi
2215 2225 2515 2293 episcopum
2553 2219 2646 2274 Dei
2695 2217 2871 2272 Patris
2907 2216 3083 2270 instar
3110 2226 3234 2267 esse
3262 2209 3430 2273 dicit,
3472 2207 3661 2259 diaco-

2081 2332 2206 2371 num
2252 2314 2454 2370 Christi
2521 2309 2772 2376 Domini,
2823 2306 3185 2362 diaconissam
3239 2316 3368 2356 vero
3421 2299 3660 2369 Spiritus

2081 2407 2277 2464 sancti.
2329 2402 2567 2459 Proinde
2603 2402 2681 2457 uti
2710 2399 2947 2470 Spiritus
2977 2405 3201 2452 sanctus
3243 2393 3382 2448 nihil
3412 2407 3445 2445 a
3478 2391 3662 2460 scipso

2079 2501 2214 2556 dicit
2273 2497 2488 2559 facitve,
2543 2493 2679 2548 ἀλλὰ
2713 2490 2950 2556 δοξάζων
2982 2491 3073 2543 τὸν
3113 2485 3347 2558 Χριστὸν
3378 2485 3663 2556 περιμένει

2081 2593 2142 2646 τὸ
2188 2590 2398 2646 ἐκείνου
2432 2589 2643 2659 θέλημα
2667 2627 2681 2652 ,
2716 2585 2790 2639 ita
2827 2582 3155 2638 diaconissae
3200 2577 3339 2634 nihil
3371 2578 3493 2632 sine
3538 2575 3660 2628 dia-

2083 2701 2223 2744 cono
2248 2685 2447 2741 debent
2475 2681 2774 2751 suscipere.
2809 2676 2940 2743 Quae
2970 2682 3100 2731 sunt
3128 2665 3383 2744 γραώδη,
3414 2679 3468 2725 et
3495 2670 3666 2723 haere-

2083 2780 2190 2838 sim
2218 2787 2478 2848 praeterea
2506 2771 2614 2826 τῶν
2647 2765 3129 2838 Πνευματομάχων
3157 2760 3422 2817 redolent.

2153 2871 2274 2928 Col.
2292 2868 2398 2925 885
2417 2868 2482 2921 Α.
2502 2862 2623 2920 Εἴθ’
2644 2863 2792 2932 ἑξῆς
2806 2861 3032 2915 τούτων
3058 2851 3429 2924 ἐπορκισται.
3457 2848 3664 2904 ﬂorum

2084 2966 2330 3024 omnium
2346 2972 2400 3018 et
2421 2956 2838 3032 praecedentium
2860 2951 3110 3008 ordinum
3133 2947 3325 3003 crebra
3341 2953 3425 3000 est
3445 2942 3500 2997 iu
3520 2949 3666 2996 vete-

2084 3063 2238 3117 ribus
2261 3025 2485 3129 synodis
2506 3061 2562 3110 et
2582 3049 2725 3122 apud
2749 3047 3002 3116 antiquos
3023 3041 3214 3098 Patres
3237 3036 3462 3093 mentio.
3481 3033 3539 3088 in
3556 3025 3692 3103 pri?

2087 3155 2191 3210 mis
2203 3124 2464 3220 Carthag.
2481 3161 2534 3201 tv
2552 3141 2796 3214 singulos
2819 3137 3016 3211 gradus
3032 3130 3446 3190 accuratissime
3459 3124 3668 3182 descri-

2089 3244 2189 3308 bit,
2211 3249 2267 3298 et
2281 3253 2392 3310 quo
2410 3212 2775 3307 quisque—ritu
2795 3231 2868 3286 sit
2893 3223 3193 3282 initiandus
3217 3220 3480 3276 declarat.
3508 3212 3667 3285 Apud

2091 3308 2360 3406 lgnatiuin
2391 3342 2516 3385 cum
2549 3327 2604 3381 in
2635 3323 2762 3380 aliis
2785 3318 3067 3406 epistolis,
3097 3323 3215 3371 tum
3241 3312 3296 3368 in
3312 3308 3663 3383 postrema9,

2089 3398 2286 3499 praeter
2313 3425 2552 3493 majores
2579 3418 2705 3476 illos
2732 3399 3233 3471 commemorantur
3269 3398 3666 3472 ’Δναγνῶσται,

2088 3488 2324 3584 ἐ1ν⁴’ό.λἰται,
2369 3488 2652 3584 [ίυλωρονη
2697 3510 2748 3562 οἱ
2793 3505 3132 3567 Κοπιῶντες,
3167 3491 3540 3568 Ἐπορκισταί.
3594 3488 3670 3545 De

2089 3613 2291 3685 quibus
2309 3606 2565 3664 omnibus
2582 3600 2823 3656 Annales
2852 3593 3112 3652 Ecclesiae
3139 3590 3383 3648 consule.

2161 3702 2296 3757 ibid.
2316 3699 2377 3753 Β.
2400 3694 2696 3760 Συνάξεις
2719 3690 2788 3745 δὲ
2802 3687 3272 3755 ἐπιτελούμεναι.
3297 3677 3530 3751 Synaxis
3555 3688 3672 3745 pro-

2090 3794 2208 3866 prie
2232 3804 2422 3848 sacros
2442 3794 2768 3849 conventus,
2794 3790 2849 3838 et
2878 3779 3025 3850 quod
3057 3778 3111 3831 in
3136 3776 3243 3832 illis
3263 3789 3293 3828 a
3317 3771 3565 3827 ﬁdelibus
3581 3781 3669 3822 ce-

2092 3889 2352 3950 lebratur,
2369 3880 2614 3938 divinum
2633 3874 2866 3934 otiicium
2888 3869 3158 3942 signiﬁcat
3173 3885 3189 3936 ;
3207 3865 3354 3937 quod
3387 3872 3668 3919 sacrarum

2051 4027 2056 4032 .
2093 3982 2424 4036 Litterarum
2450 3973 2760 4033 lectionem,
2790 3963 3174 4036 psalmodiam,
3207 3966 3524 4018 tractatum,
3556 3955 3670 4007 sive

2093 4084 2400 4130 sermonem
2445 4065 2514 4121 ad
2564 4061 2854 4134 populum,
2905 4072 2969 4112 ac
2995 4055 3239 4116 demum,
3274 4050 3366 4105 ubi
3399 4063 3537 4118 opus
3565 4052 3670 4110 est,

2092 4164 2407 4222 divinorum
2453 4154 2838 4228 mysteriorum
2891 4145 3316 4204 celebrationem
3361 4136 3673 4207 complecti-

2094 4270 2206 4322 tur,
2254 4255 2333 4310 uti
2389 4225 2596 4306 Fronto
2646 4245 2879 4300 Ducteus
2926 4247 3113 4296 noster
3173 4235 3242 4291 ad
3295 4225 3671 4302 Chrysostomi

2096 4358 2236 4405 orat.
2275 4347 2312 4401 2
2336 4345 2390 4400 in
2430 4340 2648 4397 Iudaeos
2681 4332 2985 4393 adnotavit.
3016 4329 3423 4396 Nonnunquam
3466 4333 3669 4384 tamen,

2097 4453 2159 4498 ut
2189 4440 2332 4512 apud
2367 4433 2708 4506 Dionysium,
2743 4425 3044 4500 praesertim
3075 4423 3217 4478 libro
3248 4417 3326 4474 De
3352 4415 3535 4471 eccles.
3560 4413 3671 4510 hie-

415 4531 601 4600 σχῆμα
635 4529 910 4583 ἐνεδύοντο
937 4528 1089 4598 παρὰ
1111 4528 1220 4582 τῶν
1249 4527 1562 4581 ἐπισκόπων
1596 4529 1654 4580 ὲν
1677 4526 1755 4598 τῷ
1789 4535 1864 4581 κε’
1889 4529 1984 4581 ἐνι-

2099 4551 2231 4604 rar.,
2245 4546 2366 4600 cap.
2396 4529 2452 4596 5,
2475 4539 2576 4598 pro
2606 4523 2724 4594 ipsa
2753 4516 3161 4577 communione,
3183 4510 3270 4566 vel
3295 4509 3478 4564 missa:
3502 4500 3674 4560 sacri-

415 4621 568 4692 αυτῷ
597 4622 699 4692 τῆς
727 4621 942 4691 ἡλικίας
976 4621 1177 4676 αὐτῶν.
1211 4620 1585 4677 Tertullianus
1617 4635 1750 4676 vero
1780 4621 1876 4677 lib.
1923 4620 1994 4674 De

415 4712 656 4767 vetandis
689 4713 880 4781 virgin.
909 4728 1030 4780 cap.
1059 4713 1113 4776 9,
1133 4711 1326 4767 viduas
1356 4711 1422 4766 ad
1450 4710 1719 4781 ejusmodi
1745 4711 1992 4766 ministe-

416 4805 500 4858 ria
523 4803 852 4859 constitutas
883 4801 1055 4858 luisse
1085 4817 1153 4857 ex
1181 4803 1428 4871 Apostoli
1455 4802 1783 4857 auctoritate
1823 4802 1994 4870 signi-

416 4895 566 4962 ﬁcat,
599 4904 656 4951 et
702 4895 952 4966 queritur
998 4895 1066 4949 ab
1092 4895 1351 4965 episcopo
1386 4895 1624 4964 quodam
1661 4894 1858 4948 alicubi
1892 4897 1997 4949 vir-

419 4991 594 5061 ginem
633 4990 690 5043 in
728 4988 951 5044 viduam
979 4988 1045 5041 ab
1074 4989 1229 5041 annis
1261 4987 1494 5041 nondum
1539 4988 1726 5058 viginti
1767 4988 1997 5042 collacu-

421 5093 552 5140 tam.
580 5082 1014 5154 Carthaginense
1045 5097 1117 5147 IV,
1143 5097 1264 5152 cap.
1288 5081 1376 5147 12,
1399 5081 1467 5136 de
1497 5081 1689 5135 harum
1721 5080 1896 5137 cilicio
1928 5082 1999 5136 ita

421 5177 667 5248 loquitur
703 5196 717 5232 :
776 5176 959 5232 Vidua:
979 5217 994 5241 ,
1042 5176 1119 5232 vel
1149 5176 1582 5232 sanctimoniales
1603 5217 1617 5239 ,
1649 5192 1767 5246 qua
1797 5175 1866 5229 ad
1907 5177 2002 5230 mi-

421 5271 703 5325 nisterium
733 5270 1180 5337 baptizandarum
1222 5269 1504 5324 mulierum
1549 5268 1848 5339 eligantur,
1891 5281 2001 5323 tam

421 5363 700 5417 instructa:
727 5362 832 5414 sint
866 5361 934 5414 ad
991 5362 1250 5432 oﬂicium,
1291 5371 1348 5414 ut
1377 5361 1582 5430 possint
1619 5372 1740 5430 apto
1778 5371 1827 5416 et
1869 5377 2002 5415 sano

422 5470 662 5509 sermone
691 5452 878 5507 docere
908 5455 1182 5522 imperitas
1231 5464 1281 5508 et
1327 5455 1557 5508 rusticas
1588 5455 1836 5510 mulieres
1877 5464 2007 5507 tem-

435 5561 567 5611 pore
587 5562 689 5615 quo
719 5545 1052 5613 baptizando:
1074 5558 1214 5612 sunt,
1240 5547 1472 5616 qualiter
1507 5548 1829 5618 baptizatori
1851 5547 2008 5600 inter-

2097 4627 2222 4682 iicio
2247 4621 2504 4679 sumitur.
2531 4616 2669 4672 Nam
2704 4614 2777 4670 ibi
2809 4625 3035 4669 causam
3069 4605 3322 4676 inquirit,
3351 4617 3451 4658 cur
3488 4614 3677 4652 κοινω-

2097 4719 2216 4781 νίας
2247 4724 2302 4771 et
2349 4711 2624 4778 συνάξεως
2668 4705 2960 4778 appellatio
3007 4701 3191 4758 divino
3228 4698 3306 4752 illi
3353 4691 3679 4766 augustissi-

2099 4822 2298 4878 moquc
2321 4809 2684 4865 sacramento,
2719 4812 2881 4869 quam
2913 4792 3136 4863 τελετὴν
3153 4785 3382 4842 τελετῶν
3411 4783 3675 4842 nominat,

2101 4901 2370 4974 praecipue
2399 4896 2689 4958 tribuatur,
2721 4905 2847 4945 cum
2899 4896 3218 4942 czcterorum
3250 4895 3311 4935 ea
3345 4891 3565 4948 quoque
3599 4873 3678 4926 vis

2101 4970 2193 5057 sit,
2239 5001 2297 5045 ut
2339 4985 2597 5059 μεριστάς
2621 4981 2778 5054 ἡμῶν
2804 4979 2949 5044 ζωὰς
2987 4979 3064 5040 εἰς
3095 4972 3300 5041 ὲνοειδῆ
3331 4970 3523 5023 Θέωσιν
3555 4983 3680 5017 συν-

2102 5086 2281 5153 άγειν,
2329 5083 2433 5136 hoc
2461 5087 2566 5143 est,
2603 5073 2926 5131 consociare
2959 5068 3195 5141 possint.
3223 5063 3453 5130 Pr0pric
3476 5070 3677 5118 tamen,

2106 5187 2166 5234 ut
2202 5191 2304 5234 nos
2342 5173 2609 5234 diximus,
2633 5167 2852 5234 σύναξις
2898 5169 3228 5219 conventum
3261 5168 3481 5212 sacrum
3511 5160 3564 5205 et
3593 5149 3676 5203 di-

2102 5271 2313 5332 vinum,
2359 5265 2508 5336 quod
2554 5263 2606 5317 in
2651 5275 2718 5316 eo
2753 5257 3052 5330 peragitur,
3089 5251 3324 5308 cilicium
3376 5253 3558 5302 sonat.
3589 5241 3681 5295 Sic

2105 5359 2442 5432 Epiphanius
2490 5357 2544 5410 in
2582 5355 2774 5410 haeres.
2803 5350 2895 5414 69,
2918 5364 3041 5420 quae
3080 5353 3164 5402 est
3194 5339 3678 5400 Ariomauitarum,

2104 5428 2172 5510 de
2192 5428 2323 5508 Ᾰνίο
2353 5449 2674 5518 cretcrisque
2704 5442 3040 5517 presbyteris
3086 5453 3181 5510 per
3236 5435 3472 5490 urbanas
3507 5428 3680 5484 eccle—

2108 5544 2219 5599 sias
2247 5539 2588 5596 Alexandria:
2612 5533 2919 5592 distributis
2953 5531 3244 5591 ;Ἐκαστος
3274 5525 3331 5579 δὲ
3359 5522 3562 5577 τούτων
3591 5518 3684 5588 δῆ-

427 5644 628 5698 rogata:
681 5636 1056 5704 respondeant,
1088 5646 1137 5690 et
1168 5639 1397 5707 qualiter
1430 5617 1640 5708 accepto
1690 5638 1984 5706 baptismatr

2107 5637 2197 5690 λον
2219 5634 2360 5689 κατὰ
2386 5632 2483 5704 τὴν
2509 5629 2825 5701 εἰθισμένην
2848 5623 3064 5690 σύναξιν
3090 5622 3182 5675 τὸν
3207 5617 3358 5690 αὑτῷ
3386 5629 3683 5669 πεπιστευ-

430 5721 626 5774 vivant.
661 5723 969 5780 Concilium
1011 5729 1454 5783 Cbalcedonense
1496 5745 1620 5784 can.
1670 5730 1738 5783 15
1770 5749 1782 5784 :
1817 5728 2008 5782 Διακόσ-

437 5826 624 5865 νισσαν
657 5812 734 5882 μὴ
768 5819 1184 5892 χειροτονεῖσβαι
1212 5824 1442 5886 γυναῖκα
1490 5822 1596 5891 πρὸ
1641 5822 1776 5874 ἐτῶν
1819 5838 2009 5875 τεῖσα-

2113 5727 2272 5796 μὲνον
2312 5703 2447 5778 λαὸν
2473 5723 2738 5776 διδάσκων
2783 5721 2841 5771 ὲν
2886 5718 3003 5780 ταῖς
3044 5715 3360 5784 ἐξηγήσεσι,
3397 5719 3504 5762 etc.
3535 5703 3686 5759 lianc

2110 5818 2290 5873 Latini
2321 5817 2616 5885 collectam,
2639 5814 2719 5871 vel
2747 5812 2986 5878 missam,
3015 5817 3074 5863 ut
3095 5806 3240 5862 idem
3270 5801 3473 5858 Fronto
3501 5805 3684 5856 noster
