3994 6222
316 403 445 457 11³81

1083 398 1170 454 DE
1210 397 1599 465 VETERlBUS
1635 396 2036 465 QUIBUSDAM
2072 396 2426 455 ECCLESIzE
2464 399 2756 455 RITIBUS.

3421 397 3556 453 1082

316 521 588 577 observat,
634 513 902 582 appellare
944 521 1366 568 consueverunt.
1407 513 1478 567 At
1523 513 1880 569 Casaubonus
1910 516 1955 572 Α
1984 514 2176 570 axibus
2204 512 2547 569 Dominicum
2576 528 2775 583 corpus
2794 520 2887 566 aut
2928 510 3273 574 offerebatur,
3307 519 3401 570 aut
3429 526 3459 565 a
3488 512 3556 566 ﬁ-

317 599 549 655 Exercit.
587 597 673 662 16,
706 614 761 652 n.
785 597 875 664 42,
906 598 1034 652 dum
1076 596 1401 654 Parisiensis
1441 598 1694 654 editionis
1721 606 1881 653 notas

316 694 371 748 in
418 691 870 762 Chrysostomum
910 689 1207 760 redarguit,
1263 690 1612 759 castigandus
1663 697 1717 745 et
1768 690 1883 758 ipse

316 784 489 850 venit;
539 798 663 837 nam
712 781 969 852 pleraque
1015 782 1311 837 oscitanter
1355 782 1553 852 attigit.
1607 782 1660 835 In
1690 780 1882 851 primis

314 877 733 947 Chrysostomus
766 872 948 929 ﬁdeles
976 874 1295 941 adhortans,
1331 884 1389 931 ut
1432 890 1530 948 pro
1560 890 1619 931 se
1652 875 1884 946 quisque

315 968 597 1038 captandis
629 982 693 1022 ac
717 967 1122 1023 lucrifaciendis
1150 968 1416 1037 proximis
1465 967 1768 1032 incumbat,
1797 967 1883 1022 his

307 1059 494 1115 verbis
539 1058 836 1127 alloquitur
868 1074 885 1112 :
918 1059 983 1110 Τί
1019 1059 1163 1130 μέγα
1195 1058 1330 1112 αἰτῶ
1367 1060 1495 1129 παρ’
1529 1058 1704 1129 ὑμῶν,
1747 1058 1884 1126 ἁγα-

314 1149 511 1220 πητοίς
535 1149 805 1211 Ἕκαστος
837 1148 992 1219 ὑμῶν
1019 1148 1114 1202 ἕνα
1149 1166 1238 1220 μοι
1265 1148 1371 1203 τῶν
1399 1148 1641 1219 ἀδελφῶν
1670 1148 1883 1202 ἀνασω-

316 1244 493 1305 σάτω,
545 1240 1031 1313 περιεργασάσθω,
1091 1239 1708 1312 πολυπραγμονησάσθω
1738 1257 1750 1270 ·
1799 1240 1885 1292 ἵνα

313 1334 392 1395 εἰς
432 1331 530 1402 τὴν
570 1329 827 1383 ἐπιοῦσαν
873 1328 1090 1394 σύναξιν
1143 1329 1280 1399 μετὰ
1330 1328 1527 1400 πολλῆς
1572 1328 1884 1401 παρρησίας

312 1423 735 1493 ἀπαντήσωμεν,
778 1420 924 1493 δῶρα
953 1420 1029 1491 τῷ
1057 1420 1175 1492 Θεῷ
1205 1420 1540 1492 κομίζοντες,
1570 1420 1716 1491 δῶρα
1748 1418 1885 1473 πάν·

311 1532 419 1568 των
443 1532 491 1568 τι
500 1513 664 1584 μιώτε
674 1531 758 1584 ρα,
782 1513 880 1577 τὰς
918 1513 1093 1584 ψυχὰς
1116 1512 1223 1566 τῶν
1246 1513 1672 1584 πεπλανημένων
1719 1513 1884 1564 ἐπαν-

310 1606 628 1675 αγαγόντες.
663 1604 761 1660 Hic
787 1606 1049 1662 Erasmus
1072 1605 1233 1661 verba
1264 1605 1354 1660 illa
1382 1608 1462 1668 εἰς
1493 1604 1590 1676 τὴν
1626 1602 1883 1657 ἐπιοῦσαν

312 1698 531 1763 σύναξιν
563 1707 815 1764 verterat,
840 1701 893 1750 in
919 1699 1153 1751 crastina
1182 1699 1562 1752 communione.
1585 1695 1740 1764 Quod
1772 1711 1883 1751 me-

311 1791 418 1845 rito
453 1790 842 1859 reprehensum
890 1805 920 1844 a
959 1788 1235 1845 Frontone
1274 1797 1482 1853 nostro,
1508 1804 1713 1859 proque
1742 1804 1883 1841 cont-

311 1883 577 1936 munionis
606 1882 867 1937 vocabulo
911 1883 1204 1936 constituta
1248 1897 1354 1937 vox
1400 1882 1654 1937 collectw.
1690 1881 1885 1951 Displi-

312 1975 424 2028 cuit
454 1975 567 2028 haec
580 1974 885 2028 emendatio
898 1973 1245 2038 Casaubono,
1260 1973 1493 2042 quicum
1508 1972 1737 2029 Erasmo
1760 1973 1885 2026 σύν-

311 2063 433 2127 αξιν
461 2064 571 2117 illic
598 2062 1039 2118 communionem
1068 2077 1189 2117 esse
1213 2061 1475 2126 defendit,
1502 2078 1567 2117 eo
1596 2061 1766 2117 fretus
1797 2078 1885 2117 ar-

313 2162 593 2223 gumento,
628 2153 772 2222 quod
803 2153 1072 2206 donorum
1117 2152 1340 2215 oblatio,
1369 2152 1435 2207 de
1475 2153 1674 2221 quibus
1705 2152 1881 2222 loqui-

312 2254 404 2299 tur
434 2244 879 2313 Chrysostomus,
910 2242 1303 2298 Eucharistiam
1330 2245 1591 2313 designet.
1619 2244 1721 2299 Sed
1745 2244 1884 2299 mira

310 2345 396 2390 est
422 2336 595 2389 critici
631 2334 776 2388 illius
809 2332 1106 2405 ἁπροσεξία
1126 2349 1139 2363 ο
1171 2348 1296 2387 nam
1324 2332 1472 2405 δῶρα
1496 2334 1599 2389 ista
1623 2349 1730 2389 non
1756 2343 1885 2390 sunt

315 2428 472 2497 panis
503 2436 555 2482 et
582 2427 792 2492 vinum,
828 2441 949 2496 quae
977 2426 1045 2480 ad
1089 2425 1491 2481 Eucharistiam
1527 2426 1879 2492 adhibentur,

313 2530 409 2575 aut
440 2518 781 2574 Eucharistia
816 2518 952 2588 ipsa,
978 2517 1072 2573 sed
1100 2518 1356 2573 nimirum
1392 2518 1623 2573 fratrum
1645 2526 1699 2574 et
1720 2517 1883 2573 Chri-

313 2615 615 2669 stianorum
638 2612 851 2675 animas,
886 2612 1086 2682 quibus
1108 2612 1175 2667 ad
1216 2612 1443 2683 synaxin
1474 2612 1804 2668 adducendis
1829 2618 1885 2666 et

319 2706 707 2761 conservandis
726 2713 786 2759 ut
801 2704 1074 2769 studeant,
1087 2704 1361 2760 auditores
1377 2720 1506 2761 suos
1524 2705 1871 2760 admonebat.

384 2798 675 2853 Proximus
704 2806 787 2853 est
809 2797 1095 2867 Epiphanii
1126 2796 1215 2851 ille
1243 2796 1357 2866 ipse
1385 2797 1560 2861 locus,
1587 2811 1747 2865 quem
1770 2810 1883 2866 pm

315 2888 571 2943 manibus
596 2886 860 2943 habemus
888 2905 900 2940 :
926 2886 979 2940 in
1004 2900 1115 2956 quo
1139 2901 1372 2956 synaxes
1394 2885 1471 2939 ait
1495 2900 1558 2939 ex
1584 2884 1884 2955 apostolica

316 2980 606 3036 traditione
653 2978 708 3032 in
752 2977 942 3033 feriam
986 2986 1258 3047 quartam,
1304 2987 1356 3033 et
1400 2976 1777 3043 Parascevem,
1819 2990 1884 3031 ac

314 3072 653 3131 Dominicam
696 3073 955 3128 incidere.
980 3071 1084 3125 Hic
1107 3081 1275 3141 potest
1296 3072 1532 3126 dubitari
1556 3071 1886 3143 (Casauboni

1984 604 2194 659 delibus
2227 605 2609 673 usurpabatur.
2633 601 2792 668 Quod
2816 618 2881 656 ex
2910 600 3132 656 Socrate
3157 602 3411 670 primum,
3436 602 3557 657 loco

1982 696 2096 762 illo,
2129 710 2289 765 quem
2321 694 2482 764 paulo
2507 701 2633 747 ante
2662 693 2973 759 eitavimus,
3007 690 3342 761 intelligitur,
3378 691 3465 745 ubi
3490 693 3554 762 τῇ

1982 787 2201 860 τετράδι
2256 788 2349 841 καὶ
2407 788 2729 858 παρασκευῇ
2790 799 3021 855 synaxes
3063 783 3400 838 Alexandria:
3440 783 3552 837 ﬁeri

1984 880 2194 945 scribit,
2228 880 2350 949 δίχα
2379 878 2478 949 τῆς
2507 878 2612 931 τῶν
2646 877 2957 948 μυστηρίων
2993 875 3239 945 τελετῆς.

2056 973 2194 1027 Tum
2218 970 2470 1025 universe
2490 970 2557 1024 de
2575 968 2945 1024 Orientalibus
2969 982 3033 1023 ac
3054 966 3257 1022 Graecis
3287 966 3359 1020 ita
3380 973 3557 1035 potest

1986 1064 2199 1120 conﬁci.
2241 1062 2454 1118 Etenim
2487 1075 2584 1131 per
2608 1060 2883 1116 solemnes
2917 1057 3251 1129 jejuniorum
3280 1057 3397 1114 dies
3436 1073 3555 1127 my-

1986 1157 2151 1213 steria
2198 1154 2347 1208 nulla
2390 1162 2445 1209 et
2493 1151 2762 1207 sacriﬁcia
2792 1152 3219 1221 peragebantur,
3252 1164 3427 1222 neque
3456 1165 3557 1219 pu-

1982 1245 2123 1301 blice
2148 1261 2215 1302 ac
2242 1245 2480 1315 legitime
2510 1242 2990 1298 eommunicabant
3011 1241 3195 1297 ﬁdeles
3224 1259 3236 1295 :
3265 1257 3389 1294 nam
3417 1240 3558 1295 Lao-

1978 1339 2239 1394 dicenum
2269 1336 2564 1393 concilium
2588 1350 2799 1391 canone
2826 1334 2896 1389 49
2929 1342 3077 1389 vetat
3101 1332 3555 1404 quadragesimali

1985 1433 2227 1494 tempore
2275 1440 2468 1494 panem
2521 1423 2749 1489 oﬁ'erre,
2813 1432 3169 1493 praeterquam
3214 1424 3268 1478 in
3321 1422 3556 1477 Sabbato

1984 1526 2147 1585 atque
2175 1514 2455 1571 Dominica
2489 1533 2503 1570 :
2535 1517 2655 1569 Ὅτι
2678 1515 2737 1568 οὐ
2764 1514 2845 1568 δεῖ
2870 1518 2937 1585 τῇ
2961 1517 3367 1585 τεσσαρακοστῇ
3396 1516 3557 1585 ἄρτον

1986 1606 2334 1678 προσφέρειν,
2375 1608 2424 1659 εἰ
2454 1605 2528 1677 μὴ
2559 1609 2615 1658 ὲν
2647 1604 2907 1674 Σαϐϐάτῳ
2946 1604 3040 1656 καὶ
3080 1605 3334 1674 Κυριακῇ
3376 1604 3552 1673 μόνον.

1985 1697 2157 1765 Quem
2189 1712 2451 1753 canonem
2477 1698 2721 1767 plerique
2751 1712 2859 1752 non
2893 1708 3039 1751 recte
3070 1695 3136 1750 de
3167 1695 3417 1764 eul0giis,
3443 1695 3557 1749 sive

1988 1787 2311 1843 fermentato
2331 1803 2469 1858 pane
2492 1788 2830 1857 interpretati
2858 1795 3019 1854 sunt;
3055 1786 3121 1841 de
3144 1801 3252 1855 quo
3282 1787 3391 1856 agit
3415 1787 3556 1840 idem

1986 1880 2209 1936 Laodic.
2236 1895 2360 1935 ean.
2404 1879 2491 1946 14,
2531 1886 2586 1933 et
2624 1877 2965 1932 Innocentius
2994 1877 3036 1945 l,
3084 1879 3242 1947 epist.
3277 1893 3315 1941 ι,
3353 1893 3471 1947 cap.
3500 1879 3552 1932 5.

1984 1974 2158 2042 Atque
2184 1972 2327 2026 hunc
2354 1971 2560 2025 idcirco
2590 1978 2784 2039 putant
2817 1968 3000 2023 offerri
3030 1984 3124 2037 per
3157 1968 3279 2022 illos
3313 1968 3429 2023 dies
3458 1970 3555 2020 mi-

1985 2065 2131 2119 nime
2156 2063 2400 2126 licuisse,
2433 2078 2502 2117 ne
2528 2078 2593 2116 ea
2625 2061 2872 2116 solvendi
2894 2061 3090 2131 jejunii
3117 2070 3263 2116 esset
3298 2061 3513 2115 occasio
3542 2078 3556 2112 :

1985 2156 2141 2227 cujus
2183 2155 2495 2211 falsissimm
2542 2154 3006 2223 interpretationis
3035 2163 3287 2209 auctores
3327 2154 3410 2207 vis
3442 2153 3556 2221 ipsa

1982 2247 2133 2304 verbi
2159 2246 2490 2318 προσφέρειν
2524 2259 2589 2299 ac
2623 2253 2863 2313 potestas
2894 2243 3110 2308 refellit,
3140 2258 3263 2313 qua:
3296 2242 3363 2297 de
3386 2242 3559 2296 sacri-

1982 2339 2108 2395 ﬁcio
2130 2346 2184 2393 et
2212 2336 2485 2392 oblatione
2509 2335 2651 2391 solet
2671 2335 2864 2404 accipi,
2893 2342 2949 2388 ut
2987 2334 3043 2387 in
3076 2332 3298 2388 Nicaeno
3323 2349 3443 2388 can.
3466 2332 3553 2386 18.

1983 2430 2079 2485 Est
2118 2428 2281 2499 igitur
2311 2425 2641 2500 προσφέρειν
2681 2426 2869 2497 ἄρτον,
2916 2439 3110 2494 panem
3144 2424 3323 2492 ipsum
3354 2438 3557 2492 reprae-

1983 2527 2222 2586 sentare,
2249 2532 2314 2572 ex
2339 2532 2446 2586 quo
2469 2516 2677 2571 Christi
2706 2530 2909 2585 corpus
2941 2515 3355 2570 consecratione
3380 2514 3555 2592 ﬁeret.

1984 2610 2141 2678 Quod
2168 2610 2367 2681 partim
2397 2624 2429 2663 a
2459 2606 2837 2664 sacerdotibus
2868 2606 3000 2675 ipsis
3032 2606 3087 2660 in
3117 2621 3398 2662 sacrorum
3432 2604 3558 2659 fun-

1984 2705 2164 2760 ctione
2199 2719 2264 2758 ac
2299 2703 2490 2772 τελετῇ
2518 2700 2746 2771 geritur,
2775 2700 2974 2770 partim
3011 2709 3136 2755 ante
3168 2700 3553 2771 mysteriorum

1984 2796 2405 2852 celebrationem
2442 2809 2473 2848 a
2506 2793 2779 2848 ﬁdelibus.
2823 2792 2994 2847 Nemo
3025 2792 3172 2847 enim
3201 2791 3337 2845 citra
3370 2799 3558 2846 notam

1985 2888 2225 2957 aliquam
2259 2885 2588 2957 ἀσύμϐολος,
2616 2892 2670 2939 et
2702 2884 2822 2940 sine
2858 2884 3134 2939 oblatione
3162 2883 3375 2953 prepria
3411 2898 3558 2938 com-

1985 2979 2320 3043 municabat,
2363 2978 2458 3033 sed
2508 2992 2701 3047 panem
2747 2992 2907 3031 suum
2950 2992 3014 3031 ac
3040 2977 3228 3031 vinum
3273 2976 3554 3033 oﬁ‘erebat.

1985 3072 2123 3127 Ilinc
2167 3072 2459 3126 vehemens
2489 3068 2888 3141 illa’Cypriani
2936 3070 3156 3138 querela
3184 3069 3249 3124 de
3294 3071 3559 3125 matronis

314 3163 476 3218 verba
505 3164 653 3230 sunt)
681 3179 751 3216 an
771 3163 1083 3231 simpliciter
1112 3172 1389 3217 conventus
1418 3164 1559 3217 sacri
1586 3162 1886 3234 intelligan-
1910 3179 1958 3242 α
1991 3163 2349 3234 locupletibus
2397 3161 2493 3217 lib.
2537 3160 2613 3215 De
2650 3177 2805 3229 opere
2837 3172 2886 3215 et
2913 3161 3152 3215 eleemos.
3173 3174 3192 3212 :
3226 3159 3479 3229 Locuples
3508 3171 3559 3214 et

317 3262 423 3320 tur,
458 3256 526 3307 ad
559 3256 768 3307 verbum
797 3253 1140 3319 audiendum,
1173 3263 1223 3309 et
1270 3253 1566 3317 orandum;
1616 3270 1685 3308 an
1727 3254 1888 3308 etiam

314 3347 380 3400 de
429 3362 584 3401 caena:
633 3345 849 3400 Domini
891 3345 1243 3401 celebratione
1282 3346 1500 3400 senserit
1529 3343 1879 3415 Epiphanius.

315 3437 475 3493 Ratio
504 3438 784 3493 dubitandi
824 3440 992 3492 oritur
1024 3453 1089 3493 ea:
1123 3437 1480 3493 observatione
1508 3438 1716 3492 diversa
1751 3446 1887 3492 rete—

317 3545 434 3582 rum
463 3528 821 3583 Ecclesiarum
837 3546 857 3595 ;
877 3546 1023 3596 nam,
1056 3538 1114 3583 ut
1141 3537 1368 3584 testatur
1403 3526 1675 3595 Socrates,
1703 3528 1890 3599 plerae-

316 3640 412 3693 que
437 3640 611 3678 omnes
653 3625 790 3678 orbis
818 3636 1078 3679 terrarum
1106 3624 1380 3691 Ecclesiaz,
1414 3634 1464 3679 et
1489 3625 1570 3678 his
1597 3625 1802 3690 diebus,
1838 3635 1887 3679 et

319 3714 567 3771 Sabbatis
592 3717 750 3771 etiam
786 3717 856 3769 ad
900 3732 1126 3787 synaxes
1161 3716 1551 3782 conveniebant,
1598 3718 1654 3770 in
1702 3717 1888 3787 quibus

318 3807 568 3875 mysteria
616 3804 1032 3861 celebrabantur.
1065 3806 1191 3863 Haec
1231 3809 1340 3863 ille.
1372 3809 1477 3864 Sed
1506 3809 1652 3879 quod
1694 3808 1889 3865 Socra-

321 3906 427 3950 tem
467 3894 733 3949 aﬁirmare
762 3896 979 3962 dicit,in
1015 3897 1290 3968 plerisque
1319 3899 1577 3954 omnibus
1611 3909 1886 3955 terrarum

319 3986 469 4041 orbis
527 3984 790 4041 Ecclesiis
831 4002 1062 4057 synaxes
1105 3997 1159 4043 et
1203 3990 1463 4061 mysteria
1505 3989 1636 4045 feria
1670 4000 1885 4061 quarta,

321 4085 494 4141 sexta,
527 4085 582 4131 et
629 4076 868 4132 Sabbato
918 4078 1204 4144 celebrari,
1253 4079 1608 4136 falsissimum
1655 4091 1758 4138 est.
1809 4081 1888 4137 De

322 4168 573 4225 Sabbatis
606 4169 659 4223 id
691 4168 908 4237 quidem
958 4178 1071 4225 toto
1116 4172 1247 4226 orbe
1283 4173 1700 4230 usitatissimum
1735 4190 1881 4241 esse,

319 4262 365 4318 si
396 4260 695 4316 Romanam
722 4259 1017 4317 Ecclesiam
1049 4273 1102 4318 et
1131 4264 1553 4320 Alexandrinam
1584 4267 1885 4337 exceperis,

319 4354 475 4409 docet
504 4353 642 4407 libro
663 4353 777 4417 illo,
808 4369 970 4424 quem
996 4346 1354 4412 Casaubonius
1383 4357 1538 4425 citat,
1552 4357 1808 4415 Historia:
1831 4376 1885 4426 v,

319 4459 440 4513 cap.
466 4444 557 4499 21.
590 4443 745 4511 Quod
785 4453 967 4501 autem
1015 4444 1149 4501 feria
1178 4457 1374 4517 quarta
1410 4457 1627 4506 sextave
1652 4466 1885 4522 synaxes

1987 3254 2131 3307 dives
2160 3268 2236 3317 es,
2268 3260 2318 3306 et
2346 3249 2688 3304 Daminicum
2722 3248 2986 3304 celebrare
3013 3259 3062 3304 te
3085 3251 3279 3314 credis,
3303 3266 3420 3320 qua:
3451 3266 3560 3303 cor-

1988 3345 2175 3399 bonam
2208 3342 2417 3398 omnino
2448 3357 2552 3395 non
2578 3340 2836 3412 respicis;
2863 3356 2983 3411 qua:
3004 3341 3059 3394 in
3086 3339 3424 3394 Dominicum
3443 3341 3559 3396 sine

1986 3434 2257 3503 sacriﬁcio
2294 3433 2433 3487 venis
2461 3447 2480 3486 :
2503 3448 2619 3503 qua:
2655 3433 2711 3485 in
2748 3441 2953 3501 partem
2990 3432 3054 3485 de
3095 3432 3386 3501 sacriﬁcio,
3417 3433 3557 3502 quod

1987 3542 2191 3597 pauper
2225 3524 2443 3591 obtulit,
2494 3526 2682 3578 sumis.
2738 3523 3078 3594 Augustinus
3126 3538 3291 3578 serm.
3335 3522 3439 3577 215
3482 3522 3560 3576 De

1990 3627 2216 3687 tempore
2245 3633 2263 3670 :
2299 3615 2627 3679 Oblationes,
2659 3632 2777 3686 quae
2825 3616 2880 3668 in
2920 3614 3117 3668 altario
3164 3623 3557 3678 consecrantur,

1988 3710 2192 3777 offerte.
2232 3707 2556 3762 Erubescere
2580 3708 2727 3761 debet
2755 3707 2909 3761 homo
2940 3707 3181 3773 idoneus,
3213 3707 3261 3760 si
3297 3707 3361 3759 de
3388 3708 3562 3760 aliena

1989 3798 2254 3852 oblatione
2284 3798 2660 3850 communicat.
2710 3795 2865 3861 Quod
2909 3796 3053 3849 idem
3083 3804 3137 3849 et
3170 3796 3418 3865 sequenti
3449 3811 3563 3849 ser-

1987 3904 2151 3944 mone
2199 3889 2414 3958 repetit.
2462 3886 2735 3954 Quoniam
2788 3887 2952 3955 igitur
3012 3886 3107 3956 qui
3156 3887 3561 3943 communionis

1983 3980 2107 4051 jure
2139 3980 2401 4050 praaditus
2429 3989 2567 4046 erat,
2606 3980 2749 4035 idem
2781 3988 2873 4033 aut
2905 3977 3206 4041 auferebat,
3237 3988 3332 4033 aut
3362 3978 3562 4033 offerre

1987 4082 2154 4140 certe,
2194 4073 2338 4128 unde
2381 4074 2891 4129 communicaturus
2928 4080 3093 4139 esset,
3141 4080 3396 4142 poterat;
3435 4073 3563 4126 hinc

1986 4164 2185 4218 vetusti
2216 4177 2456 4218 canones
2486 4177 2602 4228 eos,
2628 4162 2719 4231 qui
2746 4162 2800 4214 in
2833 4170 3077 4215 extremo
3103 4161 3273 4230 gradu
3303 4162 3566 4230 poeniten-

1988 4252 2123 4307 tiutn
2177 4253 2467 4314 haererent,
2512 4265 2676 4319 quam
2730 4249 2986 4302 σύστασιν
3040 4245 3564 4315 nominabant,~qui

1986 4359 2113 4401 cum
2145 4343 2393 4399 ﬁdelibus
2435 4343 2741 4396 orationum
2773 4341 3038 4395 duntaxat
3064 4348 3221 4392 erant
3249 4337 3562 4409 participes,

1988 4453 2110 4502 nec,
2137 4436 2266 4492 dum
2299 4435 2644 4490 Dominieum
2678 4447 2878 4503 corpus
2904 4431 3260 4501 usurpabant,
3294 4431 3565 4483 κοινωνεῖν

319 4545 373 4591 et
417 4537 671 4608 mysteria
715 4536 980 4592 celebrata
1030 4537 1262 4604 fuerint,
1306 4555 1580 4611 nusquam
1626 4543 1883 4612 prodidit.
1921 4531 2242 4601 adicebant
2273 4529 2400 4583 ἄνευ
2432 4528 2771 4598 προσφορᾶς,
2806 4534 2969 4580 “lost
2994 4525 3047 4578 ίιι
3076 4524 3362 4595 Ancyram
3392 4522 3568 4577 can-5

321 4626 460 4694 Quin
495 4628 672 4697 potius
702 4629 769 4684 de
799 4628 930 4684 solis
962 4629 1349 4688 Alexandrinis
1379 4632 1433 4688 id
1464 4632 1650 4699 refert,
1701 4636 1885 4691 omnia

321 4720 464 4788 apud
500 4719 641 4784 illos,
672 4735 792 4790 quae
828 4721 884 4775 in
917 4722 1212 4792 synaxibus
1245 4724 1358 4793 geri
1406 4740 1526 4781 mos
1553 4736 1656 4789 est,
1690 4734 1887 4796 praeter

322 4813 580 4884 mysteria
607 4827 670 4866 ac
707 4814 995 4879 sacriﬁcia,
1024 4815 1190 4870 biduo
1223 4816 1317 4871 illo
1340 4818 1547 4885 perﬁci.
1583 4818 1765 4884 Quare
1790 4836 1886 4876 ne-

322 4918 428 4972 que
455 4918 519 4956 ex
556 4901 873 4972 Epiphanio,
908 4918 1085 4973 neque
1111 4919 1174 4958 ex
1207 4903 1432 4960 Socrate
1461 4907 1655 4961 conﬁci
1686 4915 1883 4976 potest,

322 4995 455 5050 feria
484 5003 678 5063 quarta
718 5004 770 5048 et
797 4993 1098 5049 Parasceve
1128 4994 1472 5053 Christianos
1499 5000 1886 5069 augustissima

323 5089 412 5142 illa
434 5086 696 5141 Dominici
727 5088 973 5157 corporis
1000 5104 1155 5144 sacra
1184 5090 1505 5145 celebrasse.
1526 5090 1683 5156 Quod
1705 5102 1884 5146 utrum

322 5177 537 5232 aliunde
557 5176 737 5246 colligi
758 5177 951 5246 possit,
978 5186 1270 5247 antequam
1293 5179 1533 5249 disputo,
1562 5181 1714 5249 prius
1734 5196 1888 5236 error

322 5271 412 5327 ille
442 5269 791 5337 castigandus
821 5278 925 5333 est,
953 5284 1111 5338 quem
1160 5284 1270 5323 non
1297 5269 1474 5325 solum
1509 5269 1885 5338 Casaubonus,

320 5356 417 5412 sed
458 5363 510 5409 et
542 5356 628 5409 alii
664 5356 869 5425 pridem
894 5355 968 5425 pii
999 5365 1053 5410 et
1078 5357 1275 5412 eruditi
1316 5358 1563 5413 homines
1610 5360 1888 5417 imbibissc

321 5446 573 5500 videntur
603 5463 616 5499 :
646 5445 698 5499 in
725 5446 980 5501 omnibus
1006 5448 1305 5517 synaxibus
1338 5448 1719 5520 mysteriorum
1750 5454 1889 5508 cele-

324 5538 624 5593 brationem
700 5554 764 5593 ac
824 5538 1298 5611 participationem
1361 5542 1543 5596 locum
1608 5543 1885 5600 habuisse.

322 5632 472 5697 Quod
504 5646 659 5685 secus
691 5646 748 5685 se
785 5630 975 5696 habet;
1009 5647 1130 5685 nam
1170 5647 1197 5685 a
1233 5634 1615 5703 mysteriorum
1650 5636 1889 5690 celebra-

324 5720 475 5775 tione
491 5737 552 5776 ac
581 5722 962 5777 communione
992 5722 1210 5792 synaxis
1236 5723 1456 5793 perinde
1487 5724 1679 5791 differt,
1717 5735 1774 5779 ut
1795 5743 1887 5796 ge-

292 5866 297 5871 ,
327 5830 434 5871 nus
459 5830 488 5871 a
521 5813 690 5871 forma
717 5833 729 5870 :
758 5823 1037 5885 propterea
1068 5814 1210 5887 quod
1238 5829 1345 5870 non
1373 5816 1628 5873 erunibus
1682 5817 1739 5872 in
1772 5834 1892 5891 syn-

1993 4622 2164 4678 et21.
2212 4621 2257 4674 Λ
2302 4635 2410 4690 quo
2448 4620 2668 4675 demum
2713 4618 2904 4672 ordine
2952 4617 3019 4671 ad
3072 4615 3381 4670 absolutum
3431 4614 3568 4669 inte-

1993 4728 2260 4785 grumque
2310 4720 2512 4768 statum
2573 4708 3067 4773 transferebantur,
3131 4721 3291 4777 quam
3349 4705 3569 4777 μέθεξιν

1992 4803 2097 4858 τῶν
2119 4804 2287 4872 ἁγίων
2321 4810 2374 4858 et
2412 4802 2472 4855 τὸ
2491 4802 2699 4855 τέλειον
2729 4799 3025 4869 appellant,
3054 4813 3179 4852 cum
3214 4798 3419 4853 scilicet
3446 4811 3569 4865 pcr-

1993 4899 2118 4953 inde
2158 4898 2225 4953 ad
2257 4896 2559 4953 oblationes
2594 4894 2876 4951 iaciendas
2923 4903 3085 4963 atque
3129 4892 3196 4946 ad
3244 4890 3569 4960 participan-

1992 4992 2118 5046 dam
2145 4989 2547 5045 Eucharistiam
2580 4987 3019 5042 admitterentur.
3056 4981 3242 5052 Neque
3268 4982 3409 5036 enim
3440 4993 3571 5047 quo-

1993 5098 2333 5153 rumcunque
2360 5081 2665 5136 oblationes
2697 5086 2926 5149 receptae
2959 5084 3105 5138 sunt,
3154 5074 3245 5127 sed
3280 5072 3570 5126 scelerato-

1994 5192 2115 5231 rum
2159 5174 2466 5238 hominum,
2519 5188 2584 5228 ae
2630 5171 3036 5242 pmnitentium,
3078 5176 3132 5221 et
3173 5166 3422 5219 universe
3462 5163 3567 5216 τῶν

1993 5267 2231 5321 ἀδέκτων
2282 5266 2376 5319 καὶ
2398 5265 2771 5333 ἀκοινωνήτων
2800 5261 3030 5329 rejectaz.
3062 5258 3135 5311 De
3162 5272 3270 5325 quo
3300 5257 3420 5310 vide
3438 5255 3570 5309 Con-

1994 5361 2110 5414 stit.
2144 5368 2314 5427 apost.
2358 5358 2452 5412 lib.
2496 5372 2578 5419 tu,
2613 5371 2731 5423 cap.
2784 5355 2835 5408 5.
2891 5352 2957 5405 Et
3000 5351 3240 5406 Vasense
3278 5350 3567 5404 concilium

1996 5465 2117 5505 can.
2152 5450 2186 5502 2
2223 5449 2393 5518 jubet,
2431 5462 2485 5501 ut
2518 5446 2907 5516 pwnitcntium,
2940 5445 3027 5512 qui
3064 5444 3176 5496 sine
3206 5443 3570 5495 communione

1994 5543 2266 5611 inopinato
2295 5542 2523 5594 transitu
2548 5541 2600 5593 in
2631 5540 2772 5608 agris
2815 5546 2907 5590 aut
2940 5532 3213 5589 itineribus
3242 5535 3571 5604 praeveniun-

1999 5644 2106 5699 tur,
2139 5636 2431 5689 oblationes
2466 5634 2809 5701 recipiantur.

2067 5726 2495 5781 Excutiebantur
2522 5726 2703 5795 itaque
2728 5724 2967 5793 primum
3001 5719 3301 5776 cblaliones
3329 5734 3358 5771 a
3388 5717 3574 5772 diaco-

2000 5820 2120 5885 nis;
2168 5826 2332 5888 atque
2380 5827 2561 5873 utrum
2622 5817 2890 5888 ejusmodi
2938 5823 3119 5870 essent
3171 5812 3571 5885 lllljllil‘t‘llallll‘,
