3994 6222
435 394 576 454 1083

1528 381 1871 439 ΑΡΡΕΝυΙΧ
1915 372 2539 437 ΟΙΞΞΕΒΤΑΤΙΟΝΠΜ.

3551 362 3685 419 Π)ὃῖ

440 529 562 584 quae
589 504 967 580 repr—msenlari
999 503 1066 560 ad
1093 502 1263 558 altare
1303 511 1542 573 possent.
1581 501 1751 574 Igitur
1783 502 1836 556 in
1867 500 2009 555 Lao-
2039 503 2086 561 Α
2113 499 2324 554 riorum
2371 492 2669 552 celebratio
2715 506 2780 547 ac
2829 488 3174 560 participatio
3207 483 3325 540 sine
3355 495 3487 551 pace
3525 497 3688 535 oscu-

440 607 631 660 diceno
658 599 893 656 concilio
919 599 952 669 ὴ
989 595 1274 668 προσφορὰ
1293 595 1358 650 de
1384 603 1614 665 utroque
1643 608 1838 664 genere
1864 593 2015 648 obla-

440 694 607 750 tionis
633 697 815 762 potest
850 688 1098 758 intelligi,
1129 696 1238 743 tam
1263 702 1324 740 ea
1350 701 1471 756 quae
1497 701 1527 740 a
1557 685 1825 751 ﬁdelibus,
1851 698 2013 755 quam

439 796 562 852 qua:
589 796 619 834 a
655 778 1031 835 sacerdotibus
1068 777 1250 831 ﬁebat.
1283 773 1398 830 Nec
1435 775 1635 839 obstat,
1667 774 1811 844 quod
1841 791 2013 846 προσ-

442 873 631 944 φέρειν
669 871 854 942 ἄρτον,
899 870 1160 940 scriptum
1191 879 1276 924 est
1309 867 1362 922 in
1396 882 1606 923 canone
1639 885 1652 921 :
1686 882 1808 937 qua:
1848 866 2018 923 fuisse

440 979 606 1020 causa
642 964 879 1026 videtur,
926 963 998 1017 ob
1039 975 1202 1031 quam
1248 961 1502 1016 catholici
1537 959 1640 1015 viri
1679 960 1747 1015 de
1783 959 2018 1031 eulogiis

440 1057 622 1126 potius
648 1069 813 1125 quam
837 1055 903 1110 de
929 1053 1272 1108 Eueharistia
1303 1051 1510 1107 dictum
1538 1050 1672 1106 illud
1699 1051 2020 1121 interpreta-

443 1156 656 1200 rentur.
684 1143 821 1199 Nam
870 1143 955 1199 vel
999 1144 1162 1214 ἄρτος
1214 1142 1281 1197 ad
1329 1142 1384 1197 id
1431 1140 1688 1206 refertur,
1720 1141 1864 1210 quod
1895 1148 2020 1196 ante

443 1237 915 1293 consecrationem
944 1233 1077 1298 fuit;
1115 1239 1210 1287 aut
1233 1246 1432 1302 corpus
1457 1231 1639 1301 ipsum
1675 1229 1890 1286 Domini
1922 1246 2021 1299 pa-

445 1329 528 1381 nis
566 1327 766 1382 usitata
801 1341 924 1381 cum
953 1326 1006 1379 in
1041 1323 1358 1393 Schpturis,
1394 1329 1509 1376 tum
1541 1320 1682 1392 apud
1706 1318 1897 1376 Patres
1925 1335 2020 1390 ap-

445 1416 741 1486 pellatione
765 1415 985 1470 dicitur.
1027 1414 1120 1469 Sic
1169 1414 1225 1467 in
1263 1412 1522 1481 Carthag.
1583 1409 1819 1466 concilio
1876 1409 2021 1479 apud

446 1506 717 1562 Zonaram
760 1515 815 1560 et
850 1504 1088 1560 Balsam.
1121 1518 1244 1557 can.
1273 1501 1343 1557 40
1375 1520 1388 1556 :
1418 1501 1554 1572 Περὶ
1589 1499 1686 1553 τοῦ
1716 1499 1790 1570 μὴ
1822 1497 2020 1563 ἐξεῖναι

447 1597 760 1670 περαιτέρω
783 1596 970 1668 ἄρτου,
993 1595 1090 1648 καὶ
1111 1594 1253 1647 οτνου
1268 1591 1420 1646 ὕδατι
1435 1590 1797 1670 μεμιγμένου,
1815 1590 1869 1643 τί
1891 1606 2022 1643 ποτε

449 1691 507 1744 ὲν
527 1669 649 1753 τοῖς
682 1689 858 1758 ἁγίοις
897 1685 1250 1758 προσφέρειν,
1295 1685 1385 1738 ἵνα
1421 1669 1478 1736 ἔν
1507 1685 1619 1746 τοῖς
1653 1682 1827 1751 ἁγίοις
1858 1681 2023 1754 μηδὲν

447 1781 612 1834 πλέον
653 1779 748 1833 τοῦ
802 1779 1054 1850 σώματος
1102 1775 1196 1830 καὶ
1247 1774 1340 1828 τοῦ
1395 1775 1623 1844 αἵματος
1677 1771 1768 1826 τοῦ
1814 1772 2020 1843 Κυρίου

447 1871 870 1944 προσενεχθείη·
923 1869 1000 1933 ὡς
1049 1868 1144 1922 καὶ
1183 1867 1344 1930 αὐτὸς
1382 1869 1411 1919 ὁ
1441 1865 1646 1936 Κύριος
1685 1863 2020 1935 παρέδωκεν,

445 1965 695 2020 τουτέστι
732 1964 922 2035 ἄρτου,
971 1961 1066 2015 καὶ
1104 1959 1248 2013 οίνου
1298 1959 1450 2013 ὕδατι
1481 1957 1840 2029 μεμιγμένου.
1870 1955 2026 2023 Quod

448 2057 594 2126 apud
625 2055 851 2110 Latinos
885 2068 1008 2108 can.
1032 2052 1104 2106 24
1129 2051 1348 2108 concilii
1375 2067 1436 2106 ιιι
1457 2050 1646 2106 Carth.
1679 2050 1755 2104 ita
1790 2050 2024 2118 legitur:

455 2149 523 2204 Ut
553 2151 608 2203 in
642 2147 990 2203 sacramentis
1016 2145 1253 2214 corporis
1280 2153 1329 2198 et
1355 2142 1628 2213 sanguinis
1653 2140 1868 2196 Domini
1897 2141 2030 2196 nihil

450 2241 680 2310 amplius
716 2240 994 2308 offeratur,
1033 2252 1191 2307 quam
1234 2237 1344 2306 ipse
1376 2235 1632 2289 Dominus
1661 2236 1906 2299 tradidit,
1933 2235 2028 2288 hoc

449 2344 528 2387 est
559 2333 736 2402 panis,
773 2338 824 2384 et
851 2329 1031 2384 vinum
1062 2345 1201 2398 aqua
1229 2329 1464 2381 mistum.
1492 2325 1725 2382 Proinde
1748 2325 1884 2380 nihil
1911 2341 2030 2381 cer-

453 2423 565 2476 tius
599 2428 707 2487 est,
744 2432 910 2489 quam
950 2419 1004 2472 in
1039 2417 1352 2473 Laodiceno
1385 2431 1598 2472 canone
1625 2415 1924 2486 prohiberi,
1961 2430 2030 2472 ne

450 2529 548 2584 per
577 2512 853 2568 solemnes
871 2510 1066 2582 jejunii
1091 2510 1207 2564 dies
1236 2508 1543 2564 oblationes
1569 2517 1624 2562 et
1648 2507 1918 2563 sacriﬁcia
1946 2522 2033 2564 ce-

449 2603 749 2660 lebrentur.
797 2601 1016 2672 Excipit
1057 2601 1357 2656 Sabbatum
1403 2615 1468 2656 ac
1511 2598 1873 2665 Dominicam,
1904 2599 2030 2668 qui-

452 2696 557 2750 bus
591 2695 645 2748 in
677 2693 902 2748 Oriente
937 2693 1188 2762 jejunare
1231 2690 1384 2747 nefas
1411 2690 1838 2745 arbitrabantur.
1873 2688 2030 2756 Quod

453 2804 519 2843 ex
553 2785 812 2841 Trullana
837 2785 1048 2858 synodo
1075 2783 1414 2853 comprobari
1437 2789 1636 2852 potest,
1671 2795 1794 2850 qua
1813 2796 1937 2836 can.
1963 2781 2033 2836 52

455 2883 530 2936 ita
565 2881 748 2936 sanxit
782 2897 796 2934 :
835 2878 923 2932 Ἐν
954 2879 1156 2941 πάσαις
1192 2878 1315 2940 ταῖς
1356 2875 1456 2945 τῆς
1499 2875 1660 2944 ἁγίας
1689 2876 2031 2946 Τεσσαρακοο

457 2974 588 3044 στῆς
613 2972 720 3027 τῶν
744 2971 1009 3044 νηστειῶν
1025 2971 1287 3042 ἡμέραις,
1317 2969 1591 3041 παρεκτὸς
1618 2967 2034 3033 Σαϐὄὰτου,καὶ

455 3065 764 3137 Κυριακῆς,
799 3064 893 3118 καὶ
917 3065 1015 3134 τῆς
1043 3063 1204 3132 ἁγίας
1225 3060 1318 3115 τοῦ
1350 3060 1763 3132 Εὑαγγελισμοῦ
1796 3059 2031 3133 ἡμέρας,

437 3157 688 3254 Δγινέσθω
718 3160 751 3228 ἠ
786 3156 895 3211 τῶν
927 3155 1386 3228 προηγιασμένων
1439 3154 1559 3225 ἱερὰ
1605 3153 1933 3224 λειτουργία·
1965 3150 2033 3205 In
2060 3195 2103 3254 ϐ

457 3250 700 3306 omnibus
756 3249 1236 3321 quadragesimalis
1283 3248 1480 3318 jejunii
1536 3246 1755 3312 diebus,
1819 3255 2032 3316 excepto

457 3339 713 3406 Sabbato,
762 3357 825 3394 ac
854 3339 1154 3407 Dominica,
1191 3348 1241 3393 et
1273 3354 1426 3393 sacro
1462 3337 1896 3392 Annuntiationis
1927 3337 2033 3403 die,

459 3430 748 3486 celebretur
783 3440 1026 3485 sanctum
1067 3439 1188 3484 ante
1228 3438 1651 3484 consecratorum
1687 3427 2033 3496 sacriﬁcium.

459 3521 634 3589 Quem
677 3523 742 3577 ad
786 3537 1051 3578 canonem
1099 3521 1341 3577 Zonaras
1380 3522 1495 3576 haec
1535 3522 1797 3576 adnotat:
1829 3520 1896 3572 At
1927 3519 2036 3573 τῶν

459 3614 724 3684 νηστειῶν
749 3613 952 3685 ἡμέραι
978 3613 1206 3678 πένθους
1243 3608 1380 3667 εἶναι
1411 3613 1716 3683 ἐτάχθησαν
1743 3613 1837 3666 καὶ
1871 3629 2040 3666 κατα-

459 3705 662 3772 νύξεως
692 3706 770 3769 είς
795 3704 1059 3776 ὲξίλασμα
1089 3704 1198 3757 τῶν
1225 3705 1458 3758 ἑκάστου
1498 3705 1854 3774 σφαλμᾰιτιιιιν⁹
1893 3706 1954 3759 τὸ
1980 3705 2038 3758 δὲ

458 3796 538 3868 τῷ
568 3795 686 3868 Θεῷ
724 3796 1019 3868 προσάγειν
1065 3794 1277 3860 θυσίας,
1325 3795 1716 3868 πανηγυρίζειν
1761 3798 1896 3862 ἐστί,
1931 3807 2036 3854 etc.

462 3889 561 3942 Διὰ
584 3887 744 3941 τοῦτο
768 3887 826 3939 ὲν
857 3886 955 3956 μὲν
981 3884 1166 3950 ἄλλαις
1195 3884 1294 3956 τῆς
1324 3885 1780 3956 Τεσσαρακοστῆς
1802 3887 2042 3958 ἡμέραις

460 3977 497 4046 ἡ
535 3975 644 4030 τῶν
695 3974 1151 4046 προηγιασμένων
1180 3973 1390 4042 γίνεται
1436 3973 1769 4045 λειτουργία,
1815 3974 1877 4026 οὐ
1918 3975 2041 4027 τότε

461 4067 753 4138 γινομένης
795 4065 895 4137 τῆς
943 4065 1286 4137 ἁναιμάκτου
1334 4064 1547 4130 θυσίας,
1610 4063 1746 4119 ἀλλὰ
1787 4065 1888 4136 τῆς
1937 4065 2039 4136 ἤδη

463 4155 887 4227 προσαχθείσης,
916 4155 1010 4209 καὶ
1041 4154 1386 4226 τελεσθείσης
1412 4150 1567 4218 αὖθις
1600 4153 2038 4225 προσαγομένης.

461 4245 623 4300 Κατὰ
647 4241 708 4300 δὲ
735 4240 807 4297 τὰ
840 4245 1094 4301 Σάϐὗατα
1125 4246 1219 4300 καὶ
1245 4245 1344 4308 τὰς
1369 4243 1672 4315 Κυριακὰς,
1699 4245 1820 4298 ἐπεὶ
1843 4245 1902 4297 ὲν
1915 4243 2043 4296 ταύ-

462 4354 584 4400 ταις
618 4335 900 4408 νηστεύειν
951 4335 1344 4407 ἀπηγόρευται,
1391 4333 1658 4387 ὲνδέδοται
1707 4333 1801 4388 καὶ
1850 4333 2042 4388 θυσίαν

464 4427 817 4498 προσφέρειν,
874 4428 969 4481 καὶ
1021 4426 1234 4481 τελείαν
1285 4427 1620 4498 λειτουργεῖν
1677 4425 2039 4496 λειτουργίαν.

2114 592 2275 660 loque
2333 586 2708 660 peragebatur.
2773 579 2978 636 Horum
3030 578 3269 650 primum
3318 573 3688 628 Tertullianus

2113 683 2210 738 lib.
2241 681 2312 735 De
2338 685 2476 735 orat.
2511 675 2614 733 sub
2635 674 2799 730 ﬁnem
2834 672 3039 727 indicat
3067 671 3156 725 bis
3183 667 3393 723 verbis:
3415 663 3506 720 Sic
3527 671 3576 716 et
3603 662 3690 715 die

2116 775 2362 839 Pascha,
2403 787 2504 843 quo
2529 767 2822 824 communis
2853 776 2901 821 et
2950 765 3102 836 quasi
3146 760 3357 832 publica
3381 759 3574 828 jejunii
3605 773 3689 809 re-

2117 867 2243 938 ligio
2276 876 2374 933 est,
2420 864 2608 919 merito
2640 861 2950 930 deponimus
2984 852 3247 917 osculum,
3280 848 3413 903 nihil
3441 856 3688 900 curantes

2116 962 2180 1016 de
2211 958 2518 1023 osculando,
2551 954 2688 1026 quod
2719 967 2837 1006 cum
2865 948 3105 1004 omnibus
3135 943 3419 1015 faciamus.

2189 1049 2244 1104 In
2286 1046 2520 1119 publicis
2552 1044 2718 1114 igitur
2746 1037 3192 1104 solemnibusque
3219 1030 3444 1102 jejuniis
3473 1040 3690 1097 pacem,

2118 1142 2224 1198 hoc
2260 1148 2342 1196 est
2379 1137 2651 1200 osculum,
2703 1131 2808 1188 sibi
2853 1136 3044 1185 mutuo
3089 1124 3276 1180 ﬁdeles
3323 1136 3432 1176 non
3465 1119 3690 1173 dabant.

2119 1232 2276 1301 Quod
2321 1244 2445 1286 cum
2491 1228 2546 1281 in
2585 1223 2811 1296 privatis
2859 1228 2915 1276 et
2953 1214 3233 1273 voluntate
3268 1209 3538 1279 susceptis
3569 1221 3693 1276 per-

2119 1299 2245 1381 inde
2277 1323 2346 1379 ab
2373 1322 2481 1377 illis
2503 1320 2910 1378 observaretur,
2938 1309 3103 1382 paulo
3133 1315 3261 1362 ante
3283 1305 3427 1359 idem
3459 1299 3692 1356 Tertull.

2121 1417 2394 1489 improbat
2420 1433 2434 1470 :
2463 1414 2587 1469 Alia
2605 1412 2744 1482 jam,
2768 1407 2966 1478 inquit,
2995 1399 3317 1458 consuetudo
3340 1396 3583 1452 invaluit.
3605 1392 3698 1446 Je-

2112 1488 2385 1580 junantes,
2410 1505 2592 1559 habita
2634 1501 2872 1556 oratione
2921 1512 3039 1552 cum
3066 1491 3341 1564 fratribus,
3376 1488 3696 1542 subtrahunt

2122 1570 2358 1654 osculum
2372 1570 2555 1666 pacis,
2584 1589 2723 1662 quod
2755 1596 2832 1643 est
2863 1581 3199 1656 signaculum
3229 1576 3511 1631 orationis.
3543 1570 3695 1626 Unde

2124 1693 2245 1748 illos
2279 1665 2552 1751 admonet,
2583 1693 2642 1738 ut
2672 1696 2797 1738 cum
2824 1676 3076 1749 privatim
3110 1672 3211 1743 ipsi
3247 1671 3512 1741 jejunant,
3553 1665 3694 1718 domi

2123 1780 2354 1854 quidem,
2383 1780 2521 1832 inter
2547 1789 2677 1845 quos
2711 1771 2872 1825 latere
2892 1766 3157 1837 jejunium
3185 1763 3241 1814 in
3274 1768 3445 1813 totum
3473 1771 3575 1810 non
3607 1753 3708 1806 da-

2129 1844 2235 1939 tur,
2254 1844 2431 1942 pacem
2449 1844 2729 1936 diﬂ'erant;
2751 1869 2807 1916 at
2833 1857 3049 1930 publice
3077 1865 3131 1911 et
3161 1854 3218 1908 in
3242 1848 3508 1912 Ecclesia,
3535 1844 3685 1901 dissi-

2127 1935 2337 2022 mulato
2386 1958 2619 2033 jejunio,
2669 1949 3053 2011 consuetudini
3109 1944 3371 2001 serviant.
3417 1935 3696 1993 Posterius

2125 2072 2282 2120 vero,
2316 2068 2511 2124 nempe
2542 2064 2666 2106 cum
2719 2043 2979 2117 mysteria
3029 2037 3462 2095 celebrarentur,
3507 2043 3698 2100 pacem

2125 2164 2291 2222 atque
2318 2147 2566 2204 osculum
2591 2159 2621 2198 a
2647 2139 2898 2196 fidelibus
2928 2136 3174 2190 oblatum
3202 2129 3394 2192 fuisse,
3419 2127 3509 2181 vix
3535 2134 3622 2180 est
3644 2129 3699 2178 ut

2128 2214 2348 2313 probari
2384 2247 2609 2292 necesse
2640 2231 2731 2286 sit.
2764 2226 2873 2283 [les
2903 2225 3050 2281 enim
3101 2229 3187 2277 est
3238 2218 3545 2290 perspicua.
3595 2214 3701 2268 Sed

2130 2308 2342 2405 aliquot
2363 2324 2724 2384 nihilominus
2753 2327 3000 2375 veterum
3025 2311 3337 2370 testimonia
3365 2308 3660 2380 producam
3687 2321 3703 2359 :

2129 2399 2372 2498 primum
2419 2418 2787 2474 Laodicenum
2825 2425 2983 2467 conc.
3023 2422 3148 2463 can.
3187 2404 3253 2460 19
3287 2403 3340 2456 in
3381 2399 3624 2470 liturgiis
3653 2407 3701 2454 et

2131 2491 2434 2588 synaxibus
2484 2510 2631 2564 hunc
2669 2501 2974 2577 praescribit
3009 2497 3278 2552 ordinem.
3327 2491 3456 2548 Post
3493 2491 3702 2545 habitos

2131 2579 2201 2660 ab
2231 2603 2488 2672 episcopo
2513 2609 2814 2658 sermones,
2837 2590 3352 2648 catechumenorum
3383 2579 3702 2638 succedebat

2133 2697 2330 2752 oratio.
2358 2691 2571 2759 Quibus
2599 2685 2881 2758 digressis,
2908 2695 3073 2752 super
3105 2680 3428 2751 pcenitentes
3451 2673 3704 2728 orabant.

2134 2786 2174 2841 li
2207 2785 2310 2840 sub
2337 2796 2532 2837 manus
2564 2778 2864 2836 subeuntes
2900 2773 2994 2828 ubi
3024 2776 3387 2829 recesserant,
3425 2774 3540 2819 tum
3577 2762 3698 2816 tide-

2133 2880 2267 2935 lium
2311 2876 2506 2946 triplex
2551 2871 2732 2927 oratio
2778 2865 3191 2937 concipiebatur
3218 2881 3230 2915 :
3262 2855 3377 2914 Εἶθ’
3403 2857 3579 2920 οὕτως
3611 2854 3707 2924 τὴν

2135 2971 2358 3045 εἰρήνην
2389 2964 2626 3020 δίδοσθαι
2662 2963 2819 3034 jubet
2861 2959 2998 3015 ικαὶ
3035 2955 3172 3028 μετὰ
3202 2954 3262 3008 τὺ
3305 2950 3708 3023 πρεσϐυτέρους

2134 3043 2316 3116 δοῦναι
2343 3059 2422 3131 τῷ
2453 3056 2736 3126 ὲπισκόπῳ
2770 3053 2868 3124 τὴν
2900 3053 3146 3122 εἰρήνην,
3184 3048 3303 3101 τότε
3333 3047 3461 3109 τοὺς
3489 3043 3708 3106 mm;

2135 3158 2234 3230 τὴν
2264 3155 2485 3227 εἰρήνην
2519 3151 2736 3206 διδόναιο
2769 3149 2864 3202 καὶ
2892 3144 3036 3199 οὓτω
3071 3145 3170 3216 τὴν
3201 3141 3362 3210 ἁγίαν
3395 3136 3708 3210 προσφορὰν

2138 3229 2525 3302 ἐπιτελεῖσθαι.
2579 3243 2713 3298 Τιιηι
2763 3257 2889 3312 pax,
2935 3238 3134 3307 inquit,
3181 3233 3392 3298 danda;
3431 3247 3587 3301 quam
3625 3229 3709 3282 ubi

2137 3343 2378 3411 episcopo
2421 3336 2717 3392 sacerdotes
2758 3330 3146 3402 impcrticrint,
3182 3326 3308 3380 laici
3350 3324 3452 3378 sibi
3492 3322 3709 3375 invicem

2139 3432 2372 3496 dabunt;
2396 3427 2685 3485 secundum
2714 3439 2832 3496 quia
2863 3421 3179 3493 perﬁciatur
3205 3417 3428 3472 oblatio.
3456 3414 3527 3468 At
3553 3411 3702 3468 Inno-

2138 3526 2350 3582 centius
2383 3523 2542 3592 epist.
2571 3537 2588 3575 ι
2619 3519 2688 3573 ad
2721 3517 2932 3571 Decem.
2970 3529 3092 3583 cap.
3123 3512 3174 3578 l,
3224 3523 3414 3581 pacem
3466 3507 3710 3577 prohibet

2140 3625 2264 3671 ante
2295 3613 2446 3668 ﬁnita
2483 3608 2742 3682 mysteria
2788 3606 2926 3661 dari.
2972 3602 3168 3657 Pacem
3198 3615 3319 3670 ergo
3363 3599 3582 3662 asseris,
3627 3595 3709 3649 in-

2139 3703 2280 3774 quit,
2319 3710 2438 3757 ante
2462 3699 2701 3768 confecta
2733 3695 2984 3766 mysteria
3020 3693 3276 3762 quosdam
3313 3687 3522 3758 populis
3555 3686 3716 3754 impe-

2141 3813 2282 3864 rare,
2333 3794 2412 3850 uel
2458 3793 2560 3847 sibi
2611 3791 2751 3845 inter
2798 3787 3096 3843 sacerdotes
3143 3782 3372 3845 tradere,
3427 3796 3548 3834 cum
3601 3787 3716 3848 post

2143 3877 2340 3953 omnia,
2369 3901 2486 3957 qua:
2519 3883 2724 3954 aperire
2749 3897 2850 3935 non
2876 3880 3054 3942 debeo,
3078 3891 3185 3947 pax
3213 3876 3281 3929 sit
3312 3874 3609 3927 necessario
3633 3873 3716 3924 in-

2141 3979 2386 4047 dicenda,
2419 3995 2510 4049 per
2539 3992 2698 4048 quam
2745 3982 2946 4028 constet
2980 3969 3232 4042 populum
3261 3967 3331 4020 ad
3373 3967 3572 4027 omnia,
3603 3979 3717 4034 qua

2141 4074 2200 4128 in
2228 4058 2490 4142 mysteriis
2521 4076 2773 4139 aguntur.
2815 4075 2972 4136 atque
3005 4065 3061 4117 in
3095 4060 3338 4116 Ecclesia
3368 4058 3716 4118 celebrantur,

2143 4163 2372 4237 prabere
2400 4177 2730 4217 consensum.

2215 4256 2427 4324 Quibus
2471 4252 2754 4310 subductis
2786 4248 3072 4312 omnibus,
3104 4246 3277 4314 liquet
3317 4239 3719 4296 vetustissimos

2144 4349 2308 4406 etiam
2339 4346 2684 4404 Christianos
2730 4343 2784 4398 in
2818 4340 3120 4413 synaxibus
3151 4337 3266 4393 suis
3313 4349 3421 4389 non
3463 4339 3720 4402 perpetuo

2146 4440 2623 4502 communicasse,
2669 4435 2882 4507 publice
2945 4432 3138 4488 saltem
3197 4443 3262 4483 ac
3303 4425 3562 4507 legitime.
3613 4421 3721 4475 Nec

462 4514 734 4580 QUOCirca
783 4517 1116 4573 sacriﬁCium
1165 4533 1511 4588 nequaquam
1559 4533 1656 4590 Pel'
1695 4519 1886 4590 ieiunii
1929 4519 2044 4578 die!
2077 4530 2121 4586 D
2153 4532 2373 4588 interim
2401 4505 2948 4600 negamns‘privatim
2983 4521 3154 4586 domi,
3184 4519 3270 4575 vel
3307 4505 3461 4572 extra
3489 4513 3719 4586 synaxin

465 4612 708 4666 oblatum
747 4620 852 4677 est,
891 4613 987 4669 sed
1026 4629 1089 4668 ea
1128 4614 1586 4680 retractabantur,
1618 4629 1739 4684 qua:
1763 4613 1876 4684 jam
1915 4623 2042 4670 ante

464 4713 786 4758 consecrata
818 4701 1056 4767 fuerant,
1081 4707 1161 4758 uti
1191 4719 1352 4760 sacro
1376 4703 1705 4762 Paraseeves
1728 4720 1939 4775 magna:
1958 4705 2046 4762 die

466 4794 610 4864 apud
658 4810 758 4850 nos
800 4795 917 4850 ﬁeri
958 4796 1261 4851 consuevit.
1315 4794 1545 4851 Exstant
1598 4796 1704 4851 illa:
1755 4795 1864 4849 τῶν
1909 4813 2044 4867 προ-

465 4886 820 4959 ηγιασμένων
851 4885 1179 4959 λειτουργίαι
1205 4895 1338 4942 tom.
1361 4886 1427 4941 Vl
1445 4887 1702 4941 Biblioth.
1730 4901 1854 4942 cum
1872 4887 2049 4944 Gene-

467 4978 656 5034 brardi
692 4976 1039 5046 Praefatione,
1074 4979 1126 5034 in
1161 4994 1270 5049 qua
1314 4978 1629 5034 Graecorum
1675 4978 1840 5033 ritum
1892 4978 2045 5033 illum

469 5075 738 5131 adversus
763 5073 1066 5131 catholicos
1112 5071 1378 5144 quosdam
1422 5071 1672 5127 doctores
1701 5079 2040 5143 propugnat;

468 5177 739 5241 negatque
765 5177 1054 5239 propterea
1087 5164 1457 5220 damnandum
1483 5178 1625 5229 esse,
1653 5165 1798 5235 quod
1823 5165 1968 5220 nulla
1991 5164 2048 5219 in

467 5261 539 5317 iis
575 5262 810 5332 liturgiis
834 5275 1012 5333 neque
1036 5258 1402 5326 consecratio,
1437 5271 1612 5328 neque
1642 5257 1956 5314 distributio
1984 5273 2050 5316 ac

467 5355 788 5411 communio
825 5355 1220 5411 contineretur.
1266 5354 1506 5424 Apparet
1537 5361 1741 5418 autem,
1783 5351 2050 5422 quemad-

469 5447 784 5504 modumin
835 5448 1156 5520 synaxibus,
1203 5461 1324 5517 quae
1371 5461 1469 5517 per
1513 5445 1636 5502 illos
1683 5445 1798 5501 dies
1828 5445 2049 5512 ﬁebant,

471 5540 686 5595 nullum
709 5548 792 5596 est
811 5541 1052 5595 oblatum
1077 5540 1431 5606 sacriﬁcium,
1467 5538 1541 5594 ita
1571 5538 1776 5594 nullam
1808 5537 2050 5593 ﬁdelium

469 5632 917 5688 communionem
968 5633 1264 5688 exstitisse.
1308 5630 1466 5698 Quod
1516 5641 1778 5701 praeterea
1827 5627 1936 5684 alio
1981 5644 2050 5684 ex

473 5729 800 5782 argumento
823 5721 1116 5791 colligitur.
1141 5721 1355 5777 Etenim
1377 5721 1874 5793 nequejejunantes
1895 5734 2050 5776 oscu-

475 5801 591 5856 lum
624 5805 774 5871 pacis
807 5809 1068 5869 fratribus
1113 5809 1588 5882 imparticbantur,
1633 5827 1808 5882 neque
1845 5821 2047 5883 myste-

2148 4620 2555 4677 communicare
2587 4617 2803 4687 aliquos
2841 4613 3106 4685 potuisse,
3139 4625 3263 4665 cum
3298 4606 3719 4669 Eucharistiam,

2145 4725 2312 4783 quam
2348 4727 2378 4764 a
2414 4709 2696 4765 sacerdote
2741 4707 2912 4763 semel
2957 4710 3308 4772 acceperant,
3349 4698 3495 4754 domi
3543 4711 3723 4751 reser-

2147 4813 2327 4859 vatam
2362 4803 2606 4873 reliquos
2636 4801 2690 4854 in
2746 4800 2863 4855 dies
2886 4798 3203 4866 dispensare
3227 4793 3481 4849 solerent.
3515 4788 3587 4841 De
3614 4801 3722 4856 quo

2146 4895 2270 4950 vide
2298 4909 2420 4965 qua:
2451 4892 2687 4948 Basilius
2734 4890 2891 4960 epist.
2928 4887 3035 4942 289
3082 4886 3149 4939 ad
3196 4883 3487 4939 Cwsariam
3540 4879 3723 4932 Patri-

2146 4989 2285 5043 ciam
2323 4985 2556 5052 scribit;
2604 4993 2718 5038 tum
2764 4979 3055 5035 Annalium
3089 4985 3370 5031 auctorem
3410 4972 3476 5027 ad
3519 4985 3725 5025 annum

2150 5077 2240 5134 57.
2282 5075 2466 5150 Redeo
2508 5075 2621 5144 jam
2655 5073 2722 5128 ad
2755 5084 2991 5142 synaxes
3042 5068 3185 5133 illas,
3223 5079 3361 5134 quas
3390 5061 3728 5132 Epiphanius

2151 5169 2221 5224 ab
2247 5166 2510 5238 apostolis
2552 5163 2724 5220 fuisse
2759 5162 2986 5218 traditas
3025 5157 3278 5222 aﬁlrmat,
3321 5154 3468 5209 ferite
3495 5161 3726 5221 quartae.

2151 5258 2505 5322 Parasceves,
2535 5265 2590 5312 et
2615 5254 2934 5310 Dominicae.
2973 5249 3118 5305 l'nter
3144 5264 3284 5320 quas
3318 5246 3548 5301 miretur
3576 5244 3730 5313 quis-

2151 5353 2296 5422 piam
2329 5350 2556 5406 Sabbati
2587 5349 2920 5404 mentionem
2953 5346 3159 5401 nullam
3192 5357 3315 5398 esse
3344 5341 3545 5394 factam
3574 5355 3589 5390 :
3625 5337 3730 5392 hoc

2153 5442 2301 5496 enim
2330 5441 2419 5497 die
2460 5455 2694 5511 synaxes
2723 5437 2949 5493 Oriente
2984 5435 3098 5490 fere
3143 5441 3255 5489 toto
3294 5431 3620 5490 celebratas,
3664 5440 3732 5481 ac

2150 5532 2496 5605 frequentata
2540 5531 2797 5604 mysteria
2839 5538 3071 5586 testatur
3107 5527 3366 5583 Socrates
3417 5524 3512 5578 lib.
3547 5521 3644 5575 illo
3672 5535 3730 5585 v,

2151 5641 2204 5684 c.
2225 5625 2314 5680 22.
2341 5625 2663 5696 Quanquam
2695 5624 2800 5690 hic,
2831 5631 2892 5679 ut
2924 5631 2979 5678 et
3025 5619 3245 5678 Sozom.
3274 5618 3371 5672 lib.
3400 5630 3500 5678 vn,
3545 5628 3598 5668 e.
3628 5609 3722 5674 l9,

2151 5719 2555 5776 Alexandrinos
2607 5725 2664 5775 et
2689 5716 2970 5773 Romanos
3011 5713 3250 5783 excipit:
3281 5709 3403 5763 Τῶν
3436 5705 3545 5777 γὰρ
3585 5719 3732 5759 πανε-

2151 5809 2317 5882 ταχοῦ
2347 5810 2443 5883 τῆς
2467 5809 2799 5884 οἰκουμένης
2835 5807 2992 5864 Ἐκκ)
3009 5806 3173 5879 ησιῶν
3213 5804 3272 5858 ὲν
3298 5800 3482 5875 ἡμέρᾳ
3507 5793 3730 5854 Σαοςά-
