3994 6222
245 344 379 433 1033

1005 335 1110 425 ’ΒΕ
1146 367 1533 427 versamus
1568 338 1972 438 QUIBUSDAM
2011 367 2371 426 seemsm
2407 364 2705 422 RlTlBUS.

3357 353 3493 415 10%

239 507 349 548 των
377 487 517 545 κατὰ
548 487 729 542 πᾶσαν
761 485 1051 558 ἑϐδομάδος
1074 486 1323 558 περίοδον
1352 485 1716 540 ἐπιτελουσῶν
1746 484 1813 540 τὰ

1946 503 2094 550 λινος’
2133 483 2249 538 Nos
2278 492 2465 553 quater
2510 483 2565 536 in
2592 495 2794 550 quaque
2832 475 3159 531 hebdomada
3206 475 3497 526 communi—

245 581 542 654 μυστήρια,
562 579 613 631 οἱ
642 579 699 631 ὲν
725 580 791 648 τῇ
820 576 1197 648 Ἀλεξανδρείᾳ
1229 575 1323 629 καὶ
1361 577 1410 629 οἱ
1444 578 1501 629 ἐν
1534 577 1601 646 τῇ
1631 574 1820 648 Ῥώμῃ

243 674 308 728 ἐκ
336 688 481 735 τινος
515 669 749 743 ἀρχαίας
771 668 1123 740 παραδόσεως
1152 667 1311 721 τοῦτο
1349 669 1523 721 ποιεῖν
1563 667 1816 741 παρῃτή-

246 781 430 819 σαντο.
475 763 608 819 Cum
652 759 790 815 enim
824 777 999 815 omnes
1030 761 1188 813 totius
1223 760 1364 813 orbis
1404 758 1656 813 Ecclesiae
1684 757 1821 813 Sab-

247 858 385 911 batis
431 855 670 910 omnibus
703 869 794 923 per
826 869 1247 924 unamquamque
1292 851 1671 905 hebdomadam
1704 867 1821 921 my-

241 948 408 1003 steria
449 944 732 1010 celebrent,
791 943 1140 998 Alexandrini
1186 952 1235 997 et
1280 941 1502 996 Romam
1549 957 1614 995 ex
1658 952 1824 995 uetere

251 1037 484 1112 quadam
539 1038 826 1092 traditione
869 1036 924 1090 id
972 1051 1123 1105 agere
1177 1033 1552 1089 detrectarunt.
1599 1031 1675 1086 Ita
1715 1046 1823 1086 non

249 1127 490 1185 Orientis
523 1128 709 1195 modo,
752 1127 846 1182 sed
876 1134 930 1182 et
968 1126 1136 1181 totius
1180 1124 1329 1180 orbis
1370 1121 1823 1179 consuetudinem

250 1219 423 1276 fuisse
462 1218 685 1285 scribit;
728 1217 874 1288 quod
915 1231 1017 1286 ego
1047 1229 1237 1269 verum
1266 1228 1377 1266 non
1409 1211 1667 1265 arbitror.
1700 1208 1827 1262 Fuit

252 1312 397 1366 enim
462 1309 701 1365 Orientis
762 1308 874 1363 fere
908 1307 1102 1363 solius.
1161 1303 1219 1358 In
1270 1303 1566 1374 Responsis
1612 1303 1822 1357 Canon.

249 1402 525 1458 Timothei
577 1401 843 1458 Alexand.
903 1399 1045 1470 apud
1109 1398 1374 1464 Balsam.,
1408 1397 1669 1467 lnterrog.
1730 1412 1826 1451 xm

251 1497 543 1568 quaesitum
577 1503 665 1550 est
701 1513 712 1549 :
752 1492 954 1564 quibus
1004 1491 1195 1546 diebus
1246 1489 1511 1558 conjuges
1549 1489 1831 1543 continere

252 1587 528 1645 debeant?
575 1584 887 1655 Respondet
950 1583 1270 1638 Timotheus
1318 1581 1545 1635 omnino
1590 1577 1830 1633 Sabbato

254 1696 322 1737 ac
358 1680 643 1735 Dominica
688 1676 1138 1747 temperandum,
1177 1673 1265 1727 διὰ
1295 1672 1356 1725 τὸ
1397 1673 1455 1725 ὲν
1497 1672 1687 1734 αὐταῖς
1734 1670 1832 1740 τὴν

255 1768 632 1842 πνευματικὴν
660 1766 851 1821 θυσίαν
889 1764 1259 1836 ἀναφέρεσθαι
1294 1762 1373 1833 τῷ
1408 1762 1618 1833 Κυρίῳ.
1663 1760 1833 1831 Igitur

1922 592 2139 642 camus;
2162 574 2467 640 Dominica,
2492 573 2625 642 feria
2653 578 2866 642 quarta,
2888 567 3200 629 Parasceve,
3228 562 3495 625 Sabbato;

1922 669 2011 725 sed
2041 678 2090 723 et
2115 666 2297 722 diebus
2333 668 2559 729 swteris,
2597 665 2653 718 in
2682 678 2809 732 quos
2835 659 3091 714 memoria
3120 656 3369 725 martyris
3396 654 3499 709 ali-

1924 762 2075 827 cuius
2124 758 2332 814 incidit.
2385 755 2543 811 Unde
2589 753 2733 823 quod
2764 752 2830 807 de
2872 751 3080 821 jejunio
3126 749 3328 803 dictum
3388 755 3496 810 est,

1923 853 2134 908 nullum
2168 850 2223 905 in
2263 864 2329 904 eo
2368 846 2699 902 celebratum
2730 841 2900 896 fuisse
2937 839 3279 911 mysterium,
3319 835 3496 890 nemio

1926 958 2162 1017 nemque
2201 939 2637 997 communicasse
2691 932 2964 996 ﬁdelium,
2995 930 3063 985 de
3100 927 3217 984 solo
3254 924 3495 992 Quadra-

1928 1014 2177 1108 gesimali
2225 1046 2325 1103 par
2355 1037 2440 1085 est
2479 1024 2687 1095 accipi,
2739 1023 2784 1078 si
2831 1018 3230 1074 Alexandrinos
3270 1014 3500 1078 eximas,

1927 1140 2162 1199 quorum
2192 1123 2338 1178 velut
2365 1118 2642 1191 singulare
2676 1112 2819 1169 istud
2853 1126 2884 1166 a
2916 1108 3141 1164 Socrate
3166 1119 3504 1161 commemo-

1929 1230 2105 1283 ratur,
2134 1214 2281 1288 quod
2322 1213 2459 1269 feria
2487 1218 2680 1281 quarta
2712 1217 2877 1278 atque
2914 1212 3066 1261 sexta
3101 1200 3283 1256 Omnia
3312 1207 3505 1269 praeter

1927 1314 2154 1385 τελετήν
2184 1324 2463 1383 synaxeon
2495 1304 2718 1377 propria
2753 1297 3124 1375 praestiterint.
3145 1294 3223 1351 De
3244 1309 3353 1365 quo
3381 1308 3507 1363 pro-

1932 1408 2078 1463 xime
2111 1402 2437 1458 videbimus.

2002 1497 2246 1566 Denique
2283 1493 2426 1565 quod
2480 1486 2816 1559 Epiphanius
2872 1482 3166 1538 admonet:
3224 1476 3507 1544 Triplicem

1930 1590 2082 1645 illam
2111 1586 2335 1658 synaxin
2379 1584 2587 1636 dierum
2616 1578 2829 1632 totidem
2853 1575 2917 1627 ab
2963 1570 3215 1642 apostolis
3256 1584 3367 1622 esse
3396 1576 3509 1625 tra-

1932 1682 2137 1743 ditam,
2179 1674 2326 1730 haud
2380 1672 2500 1727 scio
2547 1685 2613 1723 an
2667 1666 2800 1722 satis
2839 1671 2992 1719 certo
3023 1668 3274 1717 constare
3320 1665 3506 1727 queat.

1933 1771 2068 1827 Nam
2111 1766 2304 1841 primis
2351 1762 2612 1819 Ecclesia:
2673 1757 3013 1827 temporibus
3058 1767 3204 1807 unus
3246 1751 3513 1806 duntaxat

256 1832 509 1917 Sabbatis
560 1832 906 1915 Alexandria:
957 1832 1229 1913 celebrata
1288 1832 1582 1925 mysteria,
1639 1860 1831 1905 contra

1946 1861 2256 1918 Dominicus
2286 1858 2407 1912 dies
2441 1855 2508 1910 ad
2537 1866 2658 1908 eam
2694 1864 2809 1904 rem
2835 1848 3155 1902 observatus
3189 1843 3422 1903 videtur,
3451 1846 3514 1892 ut

254 1966 422 2023 quam
469 1948 713 2004 Socratis
776 1954 935 2003 aetate
1004 1945 1206 2002 factum
1259 1952 1362 2000 est.
1410 1943 1575 2012 Atqui
1619 1940 1832 1997 fortean

254 2042 437 2115 Cyprii
463 2042 638 2111 (apud
669 2054 810 2111 quos
838 2038 943 2094 ista
978 2037 1199 2106 scripsit
1224 2034 1599 2107 Epiphanius)
1630 2035 1835 2089 Roma-

252 2150 381 2198 nos,
403 2141 499 2188 aut
522 2132 733 2186 vicinos
765 2144 898 2185 suos
919 2127 1315 2183 Alexandrinos
1348 2126 1567 2188 imitati,
1598 2140 1833 2195 synaxes

254 2226 438 2283 nullas
468 2222 722 2279 Sabbatis
765 2221 1117 2275 instituerunt
1144 2233 1158 2272 :
1195 2216 1420 2287 reliquis
1444 2229 1596 2280 vero,
1622 2214 1726 2269 hoc
1752 2221 1837 2267 cst

256 2327 455 2392 quarta
496 2325 715 2371 sextave
760 2312 917 2378 feria,
948 2311 1096 2366 nulla
1125 2310 1181 2365 in
1232 2302 1532 2380 synaxibus
1575 2306 1836 2378 mysteria

257 2412 629 2469 celebrarunt.
685 2406 761 2462 De
799 2404 1075 2477 mysteriis
1124 2408 1271 2457 certe
1312 2399 1519 2453 mentio
1561 2411 1833 2468 nusquam

256 2503 350 2558 hic
400 2501 660 2563 habetur,
743 2504 931 2552 contra
992 2506 1156 2564 quam
1216 2488 1577 2544 Casaubonus
1639 2486 1841 2555 aliique

258 2602 468 2648 temere
497 2588 881 2661 prodiderunt.

334 2685 391 2739 In
446 2682 697 2754 sequenti
754 2693 1025 2740 numero,
1087 2672 1424 2746 Epiphanius
1481 2672 1548 2727 de
1616 2667 1841 2724 Sabbali

261 2778 562 2852 synaxibus
605 2776 680 2830 ita
701 2773 961 2844 loquitur.
992 2780 1050 2826 ut
1079 2772 1135 2825 in
1166 2769 1410 2825 Ecclesia
1435 2782 1533 2823 sua
1564 2766 1841 2821 institutas

261 2884 462 2943 negare
488 2869 756 2923 videatur.
775 2864 975 2921 Scribit
1000 2864 1144 2920 enim
1166 2881 1181 2917 :
1200 2863 1300 2915 Ἔν
1325 2878 1436 2914 τισι
1461 2859 1518 2913 δὲ
1539 2858 1726 2920 τόποις
1749 2856 1843 2910 καὶ

262 2966 324 3019 ἐν
368 2965 481 3027 τοῖς
528 2960 769 3016 Σάϐὄασι
810 2956 1056 3025 συνάξεις
1118 2952 1475 3007 ἐπιτελοῦσιν.
1529 2950 1647 3005 Non
1681 2948 1844 3020 igitur

263 3055 321 3111 in
374 3053 593 3125 Cypro;
655 3063 719 3106 ac
784 3047 1013 3120 proinde
1050 3044 1335 3099 verissima
1393 3050 1476 3097 est
1530 3039 1844 3110 conjectura

265 3156 502 3204 nostra:
544 3142 776 3215 Cyprios
820 3137 1318 3197 Alexandrinorum
1353 3148 1563 3190 morem
1604 3131 1845 3187 imitatos

264 3256 408 3298 esse.
433 3238 514 3294 Ac
538 3251 663 3293 cum
707 3232 868 3305 paulo
895 3238 1021 3286 ante
1057 3229 1494 3285 demonstratum
1541 3225 1649 3291 sit,
1707 3239 1845 3295 qua-

268 3329 650 3404 dragesimalis
702 3324 897 3397 jejunii
926 3332 1171 3393 tempore
1202 3319 1354 3374 nulla
1404 3318 1459 3373 in
1510 3316 1682 3372 sacris
1713 3330 1846 3370 con-

271 3425 529 3483 ventibus
596 3420 870 3478 celebrata
940 3416 1111 3471 fuisse
1165 3411 1462 3484 mysteria,
1521 3409 1589 3463 de
1649 3414 1847 3477 quarta

274 3524 540 3585 sextaque
603 3511 735 3567 feria
790 3509 930 3564 idem
984 3504 1157 3561 videri
1218 3500 1421 3573 possit,
1466 3514 1590 3555 cum
1637 3497 1693 3551 in
1743 3495 1849 3549 illis

274 3610 523 3667 solemne
592 3624 842 3682 peraeque
874 3598 1148 3671 jejunium
1194 3594 1504 3657 exstitisse,
1546 3598 1737 3645 auctor
1778 3590 1850 3644 sit

271 3680 637 3771 Epiphanius.
689 3693 794 3748 Sed
836 3706 905 3747 ne
942 3688 1085 3745 istud
1132 3699 1546 3748 asseveremus,
1595 3680 1851 3754 prohibet

273 3793 330 3849 in
358 3792 550 3863 primis
583 3788 735 3851 illud,
758 3786 905 3857 quod
932 3787 966 3855 ή
993 3784 1101 3838 τῶν
1130 3778 1584 3855 προηγιασμένων
1607 3777 1850 3847 λειτουρ·

273 3884 370 3953 γία
405 3881 506 3938 soli
540 3877 983 3946 Quadragesimaa
1038 3873 1249 3943 jejunio
1302 3873 1358 3926 in
1397 3868 1678 3924 veteribus
1720 3880 1853 3921 con-

275 3979 424 4037 ciliis
452 3984 507 4031 et
539 3971 811 4042 liturgicis
841 3966 1164 4023 ascribatur.
1216 3964 1441 4020 Accedit
1473 3969 1528 4017 et
1555 3958 1853 4017 disertissi-

275 4087 401 4128 mus
448 4063 770 4124 Tertulliani
826 4062 1016 4125 locus;
1045 4059 1138 4129 qui
1194 4058 1250 4112 in
1296 4057 1392 4111 ιιι).
1444 4055 1523 4109 De
1567 4064 1704 4109 orat.
1751 4052 1853 4107 sub

276 4168 444 4223 ﬁnem
478 4158 738 4223 ostendit,
785 4154 917 4226 ipsis
964 4153 1262 4207 stationum
1303 4148 1518 4213 diebus,
1558 4162 1680 4216 quae
1718 4144 1853 4201 feria

278 4265 471 4328 quarta
513 4262 775 4321 sertaque
805 4262 930 4305 cum
963 4242 1189 4316 jejuniis
1232 4240 1378 4296 obiri
1432 4245 1852 4302 consueverant,

278 4325 342 4399 ut
374 4342 535 4413 paulo
565 4348 689 4411 post
718 4337 958 4401 dicetur,
1008 4331 1277 4389 sacriﬁcia
1319 4327 1609 4389 celebrari,
1643 4342 1708 4382 ac
1739 4325 1853 4381 Do-

280 4436 547 4494 mihicum
594 4446 796 4502 corpus
830 4430 888 4484 in
934 4426 1121 4482 ﬁdeles
1165 4422 1420 4478 distribui
1462 4421 1659 4476 solere.
1688 4418 1855 4473 Simi-

1933 1973 2000 2013 ex
2020 1937 2289 2026 'Apostolo
2314 1949 2333 2004 l
2358 1949 2426 2005 ad
2454 1947 2584 2003 Cor.
2610 1959 2730 2014 cap.
2752 1957 2843 1996 xvi
2865 1939 3154 2008 colligitur.
3186 1934 3329 2000 Quin
3347 1932 3511 1987 etiam

1932 2050 2181 2106 Justinus
2230 2044 2434 2114 Martyr
2481 2039 2638 2109 Apol.
2669 2036 2740 2104 2,
2798 2048 2923 2090 cum
2959 2031 3028 2086 de
3075 2026 3513 2084 Christianorum

1938 2138 2295 2199 conventibus
2345 2112 2491 2203 agit,
2532 2129 2706 2185 solius
2757 2123 3055 2179 Dominicse
3086 2117 3371 2180 meminit,
3417 2112 3518 2185 τὴν

1934 2232 1994 2288 δὲ
2040 2229 2133 2285 τοῦ
2180 2227 2336 2300 ἡλίου
2368 2221 2583 2295 ἡμέραν
2633 2219 2786 2287 κοινῇ
2821 2214 3022 2275 πάντες
3063 2211 3162 2282 τὴν
3207 2207 3517 2261 συνέλευσιν

1936 2325 2260 2399 ποιούμεθα.
2312 2320 2495 2387 Quare
2549 2313 2725 2385 magis
2780 2310 2835 2364 id
2868 2325 2933 2364 ex
2994 2307 3206 2377 privato
3260 2300 3519 2356 Ecclesiae

1936 2394 2207 2492 cujusque
2259 2415 2398 2479 ritu,
2451 2422 2617 2480 quam
2674 2419 2742 2459 ex
2792 2398 3070 2457 communi
3140 2394 3519 2465 apostolorum

1936 2516 2254 2592 praescripto
2298 2510 2603 2567 derivatum
2649 2499 2928 2563 existimo,
2954 2502 3016 2549 ut
3057 2497 3251 2562 quarta
3298 2492 3519 2541 sexlave

1939 2584 2096 2676 ieria,
2152 2584 2248 2662 aut
2300 2604 2466 2660 etiam
2533 2596 2772 2653 Sabbato
2824 2600 3058 2661 synaxes
3107 2584 3522 2644 conventusque

1941 2706 2153 2763 ﬁerent.
2189 2700 2364 2768 Quam
2395 2697 2449 2751 in
2474 2708 2589 2749 rem
2613 2686 2864 2760 egregius
2902 2691 2987 2738 est
3031 2673 3323 2747 Augustini
3370 2670 3523 2724 locus

1941 2759 2099 2868 epist.
2128 2759 2253 2857 iis,
2284 2790 2377 2861 qui
2411 2786 2546 2843 mihi
2584 2759 2671 2838 hic
2704 2773 3065 2835 ascribendus
3098 2768 3313 2823 videtur
3342 2781 3356 2817 ς
3398 2759 3523 2815 Alia

1943 2902 2097 2949 vero,
2128 2859 2325 2952 inquit,
2359 2893 2477 2948 qua:
2503 2889 2595 2945 per
2620 2871 2737 2924 loca
2770 2878 3032 2920 terrarum
3064 2859 3398 2928 regionesque
3428 2863 3525 2903 till-

1943 2981 2173 3040 riantur,
2205 2940 2382 3027 Isicuti
2415 2940 2667 3035 est'quod
2714 2959 2812 3014 alii
2852 2957 3099 3025 jejunant
3141 2946 3391 3007 Sabbato,
3428 2940 3525 2994 alii

1942 3086 2061 3127 vero
2087 3081 2230 3123 non:
2268 3062 2363 3117 alii
2386 3057 2619 3131 quotidie
2646 3051 3034 3107 communicant
3072 3039 3280 3110 corpori
3319 3045 3366 3090 et
3400 3049 3527 3088 san-

1872 3182 1915 3241 c
1948 3162 2099 3237 guini
2150 3124 2423 3215 Dominico
2446 3170 2466 3218 ;
2505 3149 2601 3203 alii
2637 3146 2791 3200 certis
2834 3138 3017 3194 diebus
3058 3132 3355 3241 accipiunt;

1945 3214 2126 3310 taiullus
2174 3247 2283 3301 dies
2327 3214 2698 3297 intermittitur
2727 3248 2827 3304 quo
2870 3246 2973 3285 non
3037 3225 3333 3293 oﬁ'eratur;
3396 3214 3529 3269 alibi

1948 3344 2181 3401 Sabbato
2231 3345 2439 3392 tantum
2472 3339 2520 3386 et
2567 3327 2876 3393 Dominico;
2925 3320 3054 3375 alibi
3092 3323 3298 3371 tantum
3338 3306 3529 3363 Domi-

1948 3438 2064 3491 nico
2088 3451 2107 3499 ;
2131 3442 2179 3487 et
2218 3431 2265 3485 si
2293 3427 2419 3499 quid
2465 3423 2615 3479 aliud
2655 3416 2917 3489 ejusmodi
2952 3406 3301 3466 animadverti
3338 3408 3532 3472 potest,

1951 3534 2118 3580 totum
2161 3522 2256 3574 hoc
2293 3492 2454 3589 genus
2487 3527 2665 3566 rerum
2705 3507 2899 3561 liberas
2935 3502 3089 3581 habet
3121 3492 3527 3551 obseruationes.

1949 3614 2302 3673 Innocentius
2350 3621 2518 3679 porro
2563 3602 2723 3673 epist.
2766 3598 2811 3666 l,
2838 3611 2958 3666 cap.
2995 3594 3050 3657 4,
3099 3589 3231 3644 feria
3280 3595 3431 3640 sexta
3478 3589 3534 3635 et

1952 3705 2193 3763 Sabbato
2242 3673 2585 3757 sacramenta
2621 3691 2846 3747 minime
2892 3681 3157 3741 celebrari
3204 3676 3418 3738 scribit,
3444 3673 3532 3726 his

1950 3794 2133 3851 verbis
2165 3808 2178 3845 :
2224 3789 2377 3856 Quod
2408 3787 2584 3856 utique
2617 3798 2718 3836 non
2742 3777 2960 3831 dubium
2992 3782 3091 3838 est,
3120 3773 3177 3823 in
3207 3774 3412 3821 tantum
3442 3777 3531 3816 eos

1944 3886 2218 3957 jejunasse
2246 3880 2345 3952 (de
2379 3873 2643 3947 apostolis
2696 3863 2969 3937 loquitur)
3016 3858 3175 3912 biduo
3220 3857 3532 3914 memorato,

2044 3950 2265 4030 traditio
2311 3968 2561 4023 Ecclesiae
2600 3960 2814 4021 habeat,
2850 3958 2952 4009 isto
2990 3950 3149 4006 biduo
3198 3950 3533 4000 sacramenta

1953 4068 2158 4140 penitus
2188 4078 2292 4117 non
2324 4055 2599 4113 celebrari.
2622 4054 2679 4106 ιιι
2713 4041 3103 4103 Mediolanensi
3128 4036 3366 4092 Ecclesia
3394 4045 3537 4102 quon

1955 4120 2083 4215 iidie
2117 4149 2447 4210 sacriﬁcium
2485 4145 2727 4199 oblatum
2753 4154 2815 4193 ex
2848 4132 3135 4191 Ambrosio
3158 4132 3407 4188 constat;
3439 4120 3537 4190 qui

1957 4263 2123 4306 serm.
2171 4243 2243 4299 ’54
2283 4242 2357 4296 ita
2385 4235 2628 4308 loquitur
2658 4250 2672 4285 :
2726 4229 2910 4283 Moneo
2948 4226 3137 4285 etiam,
3163 4230 3219 4273 ut
3256 4217 3346 4288 qui
3373 4215 3537 4284 juxta

1958 4336 2255 4394 Ecclesiam
2301 4338 2412 4391 est,
2447 4335 2498 4381 et
2554 4324 2665 4379 sine
2714 4319 2862 4393 gravi
2910 4312 3279 4384 impedimento
3333 4313 3535 4375 potest.

1958 4427 2191 4500 quotidie
2238 4421 2423 4476 audiat
2481 4416 2733 4479 missam;
2760 4419 2811 4465 et
2842 4409 2933 4479 qui
2964 4410 3152 4476 potest,
3196 4399 3337 4453 omni
3390 4402 3540 4447 nocte

282 4530 423 4591 liter,
450 4524 644 4596 inquit,
668 4486 731 4577 de
755 4521 1043 4575 stationum
1066 4516 1247 4571 diebus
1277 4532 1378 4568 non
1408 4520 1596 4583 putant
1620 4511 1844 4581 plerique

1960 4486 2029 4575 ad
2058 4515 2377 4571 matutinum
2404 4509 2597 4563 veniat.
2638 4504 2704 4557 Et
2733 4501 2895 4573 paulo
2921 4504 3047 4569 post
3073 4513 3087 4549 :
3132 4491 3194 4544 In
3228 4486 3541 4556 Quadrage-

281 4618 667 4688 sacriﬁciorum
694 4611 1022 4669 orationibus
1064 4606 1513 4663 interveniendum
1539 4620 1558 4669 ;
1584 4602 1721 4675 quod
1748 4609 1862 4656 sta-

285 4713 360 4768 tio
382 4707 631 4766 solvenda
665 4708 736 4761 sit
765 4713 973 4775 accepto
1004 4716 1218 4771 corpore
1248 4698 1483 4753 Domini.
1528 4695 1670 4765 Ergo
1701 4692 1860 4748 devo-

286 4815 395 4859 tum
441 4801 552 4856 Deo
589 4799 891 4868 obsequium
936 4794 1280 4850 Eucharistia
1321 4790 1555 4857 resolvit,
1595 4806 1664 4844 an
1692 4787 1861 4858 magis

283 4896 395 4955 Deo
426 4892 668 4965 obligat?
710 4888 901 4945 Nonne
929 4888 1212 4942 solemnior
1256 4886 1356 4939 erit
1390 4882 1550 4937 statio
1589 4890 1700 4947 tua,
1735 4881 1781 4934 si
1812 4886 1862 4933 et

285 4985 356 5041 ad
394 5000 545 5039 aram
586 4981 685 5036 Dei
726 4980 931 5037 steteris
957 4980 982 5032 ?
1011 4980 1235 5046 Accepto
1281 4988 1495 5044 corpore
1546 4970 1783 5037 Domini,
1812 4976 1862 5023 et

285 5086 572 5141 reservato,
608 5083 888 5142 utrumque
930 5069 1136 5126 salvum
1179 5076 1283 5133 est,
1306 5075 1355 5120 et
1386 5064 1725 5135 participatio
1770 5078 1862 5115 sa-

288 5171 507 5241 criﬁcii,
538 5178 586 5223 et
622 5166 889 5221 exsecutio
923 5163 1094 5233 ofﬁcii.
1126 5159 1229 5227 Qui
1260 5160 1409 5213 locus
1442 5156 1604 5228 paulo
1632 5171 1678 5209 a-
1702 5154 1862 5210 nobis

286 5272 477 5336 postea
510 5256 895 5315 declarabitur.
952 5254 1034 5309 Ad
1080 5254 1196 5307 hinc
1238 5250 1474 5306 Basilius
1518 5250 1572 5303 in
1619 5247 1863 5317 Epistola

288 5354 360 5409 ad
389 5351 705 5411 Cazsariam,
730 5348 886 5417 cujus
917 5360 1081 5415 supra
1121 5342 1492 5404 meminimus,
1523 5354 1647 5394 cum
1678 5339 1863 5409 quoti-

288 5446 507 5500 dianam
555 5440 997 5498 communionem
1048 5436 1346 5507 plurimum
1384 5431 1859 5496 commendasset,

289 5538 397 5593 ista
441 5533 660 5604 subjicit
686 5551 706 5587 ι
747 5530 941 5601 Ἡμεῖς
982 5529 1169 5600 μέντοι
1202 5543 1266 5595 γε
1304 5524 1561 5594 τέταρτον
1592 5521 1714 5576 καθ’
1743 5523 1865 5576 ἐκά-

293 5646 425 5700 στην
462 5625 735 5699 ἑϐδομάδα
780 5621 1162 5691 κοινωνοῦμεν,
1190 5619 1247 5671 ὲν
1285 5620 1352 5689 τῇ
1395 5618 1682 5687 Κυριακῇ,
1714 5617 1771 5668 ὲν
1798 5616 1864 5685 τῇ

292 5722 534 5790 τετράδι,
563 5718 659 5774 καὶ
712 5720 769 5772 ὲν
811 5717 877 5787 τῇ
921 5714 1283 5785 Πιρασκευῇ,
1314 5711 1408 5763 καὶ
1458 5707 1536 5779 τῷ
1578 5708 1862 5779 Σαϐϐάτῳ,

293 5812 397 5871 καὶ
427 5814 484 5866 ὲν
512 5814 629 5877 ταῖς
658 5810 845 5873 ἄλλαις
874 5806 1130 5880 ἡμέραις,
1164 5804 1257 5859 ἐὰν
1369 5803 1557 5874 μνήμη
1594 5801 1865 5874 μάρτυρός

1961 4612 2097 4665 sima
2139 4622 2257 4661 vero
2283 4616 2483 4665 moneo,
2517 4607 2574 4652 ut
2608 4596 2693 4649 die
2733 4592 2904 4659 omni,
2930 4597 3021 4642 aut
3049 4585 3260 4648 saltent,
3304 4592 3361 4634 ut
3401 4575 3544 4639 dimi,

1962 4692 2524 4775 Dominica,oﬁeratis
2583 4696 2633 4742 et
2686 4679 3101 4740 communicetis.
3169 4673 3327 4728 Varia
3377 4669 3548 4740 igitur

1963 4760 2259 4848 admodum
2305 4760 2400 4857 per
2432 4781 2704 4838 Ecclesias
2735 4772 3081 4834 consuetudo
3128 4768 3256 4823 fuit.
3300 4764 3419 4857 an
3473 4760 3548 4814 de

1962 4881 2352 4941 vetustissimis
2402 4876 2775 4948 temporibus,
2811 4872 2987 4940 deque
3027 4842 3391 4921 Orientalihu's
3425 4868 3549 4908 ma-

1964 4976 2137 5039 xime,
2159 4986 2280 5042 quas
2318 4969 2583 5032 diximus,
2617 4962 2847 5033 intelligi
2877 4960 3153 5014 volumus.

2034 5037 2225 5121 Exitio
2250 5078 2383 5119 vero
2417 5071 2693 5133 postremo
2736 5052 3013 5109 Ambrosii
3055 5050 3177 5103 loco
3227 5046 3403 5114 liquet
3434 5037 3538 5093 ial-

1965 5158 2245 5215 sissimum
2273 5170 2422 5222 esse,
2439 5152 2586 5224 quod
2625 5147 2897 5204 haereticis
2942 5138 3270 5213 quibusdam
3308 5132 3545 5188 nimium

1965 5250 2161 5308 stolide
2188 5260 2511 5319 persuasum
2546 5256 2668 5298 esse
2705 5238 2862 5292 video
2895 5244 3213 5301 :nunquam
3264 5228 3318 5280 in
3362 5232 3549 5277 vetere

1966 5318 2211 5401 Ecclesia
2239 5342 2463 5396 missam
2494 5335 2731 5392 auditam
2762 5347 2793 5386 a
2824 5327 3074 5383 ﬁdelibus
3105 5337 3246 5386 esse,
3278 5318 3408 5388 quin
3432 5330 3550 5369 una

1966 5436 2452 5495 communicarent.
2504 5428 2625 5494 Quo
2665 5427 2719 5480 in
2770 5436 2955 5479 errore
3004 5432 3133 5474 sane
3165 5409 3556 5483 stupidissimo

1965 5537 2215 5584 versatur
2263 5523 2619 5579 Casaubonus
2664 5515 2904 5573 Exercit.
2949 5512 3016 5565 16
3051 5509 3120 5563 ad
3166 5523 3293 5560 ann.
3336 5503 3548 5557 Baron.

1968 5637 2024 5676 n.
2060 5620 2147 5674 58.
2182 5617 2268 5684 Et,
2302 5615 2449 5687 quod
2478 5614 2677 5669 mirum
2710 5618 2815 5674 est,
2856 5608 3002 5662 hunc
3037 5600 3217 5669 ipsum
3266 5594 3548 5653 Ambrosii

1968 5713 2147 5769 locum
2186 5711 2353 5775 citat;
2404 5722 2507 5762 nec
2540 5705 2774 5760 advertit
2812 5700 3087 5763 eumdem,
3129 5710 3254 5751 cum
3293 5689 3553 5763 quotidie

1972 5806 2170 5863 missas
2197 5803 2408 5871 audire,
2430 5800 2482 5856 in
2508 5796 2935 5869 Quadragesima
2957 5807 3111 5860 vero,
3135 5790 3180 5845 si
3202 5788 3316 5845 ﬁeri
3342 5790 3552 5859 potest,
