  <div class='ocr_page' id='page_1' title='image "/cluster/home/n/w/nwhite01/storage/ocr_20150623/42/mdp.39015052824052/573.png"; bbox 0 0 3994 6222; ppageno 0'>
   <div class='ocr_carea' id='block_1_1' title="bbox 507 317 644 376">
    <p class='ocr_par' dir='ltr' id='par_1_1' title="bbox 507 317 644 376">
     <span class='ocr_line' id='line_1_1' title="bbox 507 317 644 376; baseline -0.022 -2"><span class='ocrx_word' id='word_1_1' title='bbox 507 317 644 376; x_wconf 81' lang='lat'><strong>1087</strong></span> 
     </span>
    </p>
   </div>
   <div class='ocr_carea' id='block_1_2' title="bbox 1608 316 2620 375">
    <p class='ocr_par' dir='ltr' id='par_1_2' title="bbox 1608 316 2620 375">
     <span class='ocr_line' id='line_1_2' title="bbox 1608 316 2620 375; baseline 0 -3"><span class='ocrx_word' id='word_1_2' title='bbox 1608 317 1950 374; x_wconf 78' lang='lat' dir='ltr'><strong>APPENDIX</strong></span> <span class='ocrx_word' id='word_1_3' title='bbox 1984 316 2620 375; x_wconf 76' lang='lat' dir='ltr'><strong>DlSSERTATlONUM.</strong></span> 
     </span>
    </p>
   </div>
   <div class='ocr_carea' id='block_1_3' title="bbox 3619 303 3754 360">
    <p class='ocr_par' dir='ltr' id='par_1_3' title="bbox 3619 303 3754 360">
     <span class='ocr_line' id='line_1_3' title="bbox 3619 303 3754 360; baseline 0.015 -2"><span class='ocrx_word' id='word_1_4' title='bbox 3619 303 3754 360; x_wconf 65' lang='lat'><strong>{0311</strong></span> 
     </span>
    </p>
   </div>
   <div class='ocr_carea' id='block_1_4' title="bbox 505 425 3756 506">
    <p class='ocr_par' dir='ltr' id='par_1_4' title="bbox 505 425 3756 506">
     <span class='ocr_line' id='line_1_4' title="bbox 505 425 3756 506; baseline -0.005 -15"><span class='ocrx_word' id='word_1_5' title='bbox 505 443 666 492; x_wconf 84' lang='lat' dir='ltr'><strong>ctam</strong></span> <span class='ocrx_word' id='word_1_6' title='bbox 692 433 1092 490; x_wconf 81' lang='lat' dir='ltr'><strong>communicare</strong></span> <span class='ocrx_word' id='word_1_7' title='bbox 1117 433 1328 504; x_wconf 86' lang='lat' dir='ltr'><strong>jubeat,</strong></span> <span class='ocrx_word' id='word_1_8' title='bbox 1372 435 1504 490; x_wconf 89' lang='lat' dir='ltr'><strong>satis</strong></span> <span class='ocrx_word' id='word_1_9' title='bbox 1562 435 1811 502; x_wconf 71' lang='lat' dir='ltr'><strong>innuero,</strong></span> <span class='ocrx_word' id='word_1_10' title='bbox 1865 452 2073 506; x_wconf 88' lang='lat' dir='ltr'><strong>nequa—</strong></span> <span class='ocrx_word' id='word_1_11' title='bbox 2101 443 2147 500; x_wconf 78' lang='grc' dir='ltr'>Α</span> <span class='ocrx_word' id='word_1_12' title='bbox 2177 434 2498 504; x_wconf 87' lang='lat' dir='ltr'><strong>Cujusmodi</strong></span> <span class='ocrx_word' id='word_1_13' title='bbox 2553 447 2718 504; x_wconf 91' lang='lat' dir='ltr'><strong>porro</strong></span> <span class='ocrx_word' id='word_1_14' title='bbox 2756 429 3021 486; x_wconf 77' lang='lat' dir='ltr'><strong>stationes</strong></span> <span class='ocrx_word' id='word_1_15' title='bbox 3067 427 3173 481; x_wconf 77' lang='lat' dir='ltr'><strong>illa:</strong></span> <span class='ocrx_word' id='word_1_16' title='bbox 3217 425 3436 486; x_wconf 77' lang='lat' dir='ltr'><strong>fuerint,</strong></span> <span class='ocrx_word' id='word_1_17' title='bbox 3485 434 3539 477; x_wconf 89' lang='lat' dir='ltr'><strong>et</strong></span> <span class='ocrx_word' id='word_1_18' title='bbox 3575 432 3756 475; x_wconf 87' lang='lat' dir='ltr'><strong>utrum</strong></span> 
     </span>
    </p>
   </div>
   <div class='ocr_carea' id='block_1_5' title="bbox 503 525 2077 599">
    <p class='ocr_par' dir='ltr' id='par_1_5' title="bbox 503 525 2077 599">
     <span class='ocr_line' id='line_1_5' title="bbox 503 525 2077 599; baseline -0.001 -18"><span class='ocrx_word' id='word_1_19' title='bbox 503 542 665 599; x_wconf 90' lang='lat' dir='ltr'><strong>quam</strong></span> <span class='ocrx_word' id='word_1_20' title='bbox 691 525 953 594; x_wconf 73' lang='lat' dir='ltr'><strong>quotidie,</strong></span> <span class='ocrx_word' id='word_1_21' title='bbox 993 525 1203 580; x_wconf 62' lang='lat' dir='ltr'><strong>caeteris</strong></span> <span class='ocrx_word' id='word_1_22' title='bbox 1236 525 1428 581; x_wconf 87' lang='lat' dir='ltr'><strong>saltem</strong></span> <span class='ocrx_word' id='word_1_23' title='bbox 1475 535 1670 596; x_wconf 77' lang='lat' dir='ltr'><strong>praeter</strong></span> <span class='ocrx_word' id='word_1_24' title='bbox 1709 525 2077 596; x_wconf 87' lang='lat' dir='ltr'><strong>Quadragesi-</strong></span> 
     </span>
    </p>
   </div>
   <div class='ocr_carea' id='block_1_6' title="bbox 501 615 2076 688">
    <p class='ocr_par' dir='ltr' id='par_1_6' title="bbox 501 615 2076 688">
     <span class='ocr_line' id='line_1_6' title="bbox 501 615 2076 688; baseline 0 -16"><span class='ocrx_word' id='word_1_25' title='bbox 501 633 648 672; x_wconf 90' lang='lat' dir='ltr'><strong>mam</strong></span> <span class='ocrx_word' id='word_1_26' title='bbox 704 617 918 679; x_wconf 91' lang='lat' dir='ltr'><strong>diebus,</strong></span> <span class='ocrx_word' id='word_1_27' title='bbox 976 615 1442 671; x_wconf 89' lang='lat' dir='ltr'><strong>communicatum</strong></span> <span class='ocrx_word' id='word_1_28' title='bbox 1493 616 1683 672; x_wconf 90' lang='lat' dir='ltr'><strong>fuisse.</strong></span> <span class='ocrx_word' id='word_1_29' title='bbox 1717 617 1874 688; x_wconf 82' lang='lat' dir='ltr'><strong>Apud</strong></span> <span class='ocrx_word' id='word_1_30' title='bbox 1905 617 2076 672; x_wconf 87' lang='lat' dir='ltr'><strong>Euse-</strong></span> 
     </span>
    </p>
   </div>
   <div class='ocr_carea' id='block_1_7' title="bbox 501 707 2074 780">
    <p class='ocr_par' dir='ltr' id='par_1_7' title="bbox 501 707 2074 780">
     <span class='ocr_line' id='line_1_7' title="bbox 501 707 2074 780; baseline 0.001 -17"><span class='ocrx_word' id='word_1_31' title='bbox 501 709 650 763; x_wconf 91' lang='lat' dir='ltr'><strong>bium</strong></span> <span class='ocrx_word' id='word_1_32' title='bbox 679 708 771 762; x_wconf 89' lang='lat' dir='ltr'><strong>lib.</strong></span> <span class='ocrx_word' id='word_1_33' title='bbox 806 724 878 763; x_wconf 84' lang='lat' dir='ltr'><strong>vn</strong></span> <span class='ocrx_word' id='word_1_34' title='bbox 914 707 1119 764; x_wconf 82' lang='lat' dir='ltr'><strong>Hister.</strong></span> <span class='ocrx_word' id='word_1_35' title='bbox 1147 724 1266 778; x_wconf 87' lang='lat' dir='ltr'><strong>cap.</strong></span> <span class='ocrx_word' id='word_1_36' title='bbox 1306 708 1435 774; x_wconf 88' lang='lat' dir='ltr'><strong>9,in</strong></span> <span class='ocrx_word' id='word_1_37' title='bbox 1483 709 1707 764; x_wconf 84' lang='lat' dir='ltr'><strong>historia</strong></span> <span class='ocrx_word' id='word_1_38' title='bbox 1765 709 2074 780; x_wconf 82' lang='lat' dir='ltr'><strong>cujusdam,</strong></span> 
     </span>
    </p>
   </div>
   <div class='ocr_carea' id='block_1_8' title="bbox 502 799 2073 870">
    <p class='ocr_par' dir='ltr' id='par_1_8' title="bbox 502 799 2073 870">
     <span class='ocr_line' id='line_1_8' title="bbox 502 799 2073 870; baseline 0.001 -16"><span class='ocrx_word' id='word_1_39' title='bbox 502 799 594 868; x_wconf 86' lang='lat' dir='ltr'><strong>qui</strong></span> <span class='ocrx_word' id='word_1_40' title='bbox 623 799 691 854; x_wconf 88' lang='lat' dir='ltr'><strong>ab</strong></span> <span class='ocrx_word' id='word_1_41' title='bbox 729 799 999 854; x_wconf 70' lang='lat' dir='ltr'><strong>luereticis</strong></span> <span class='ocrx_word' id='word_1_42' title='bbox 1031 800 1360 868; x_wconf 80' lang='lat' dir='ltr'><strong>baptismum</strong></span> <span class='ocrx_word' id='word_1_43' title='bbox 1392 807 1698 869; x_wconf 84' lang='lat' dir='ltr'><strong>acceperat,</strong></span> <span class='ocrx_word' id='word_1_44' title='bbox 1727 801 1802 855; x_wconf 90' lang='lat' dir='ltr'><strong>ita</strong></span> <span class='ocrx_word' id='word_1_45' title='bbox 1835 799 2032 870; x_wconf 83' lang='lat' dir='ltr'><strong>legitur</strong></span> <span class='ocrx_word' id='word_1_46' title='bbox 2059 820 2073 855; x_wconf 93' lang='lat'><strong>:</strong></span> 
     </span>
    </p>
   </div>
   <div class='ocr_carea' id='block_1_9' title="bbox 501 889 2079 962">
    <p class='ocr_par' dir='ltr' id='par_1_9' title="bbox 501 889 2079 962">
     <span class='ocr_line' id='line_1_9' title="bbox 501 889 2079 962; baseline -0.001 -17"><span class='ocrx_word' id='word_1_47' title='bbox 501 891 867 962; x_wconf 81' lang='grc' dir='ltr'>Εὑχαριστίας</span> <span class='ocrx_word' id='word_1_48' title='bbox 888 889 997 960; x_wconf 83' lang='grc' dir='ltr'><strong>γὰρ</strong></span> <span class='ocrx_word' id='word_1_49' title='bbox 1025 889 1426 954; x_wconf 77' lang='grc' dir='ltr'>ἐπακούσαντα,</span> <span class='ocrx_word' id='word_1_50' title='bbox 1459 889 1553 942; x_wconf 70' lang='grc' dir='ltr'>καὶ</span> <span class='ocrx_word' id='word_1_51' title='bbox 1582 891 2079 960; x_wconf 79' lang='grc' dir='ltr'>συνεπιφθεγξάμε-</span> 
     </span>
    </p>
   </div>
   <div class='ocr_carea' id='block_1_10' title="bbox 500 981 2077 1054">
    <p class='ocr_par' dir='ltr' id='par_1_10' title="bbox 500 981 2077 1054">
     <span class='ocr_line' id='line_1_10' title="bbox 500 981 2077 1054; baseline -0.003 -16"><span class='ocrx_word' id='word_1_52' title='bbox 500 1001 589 1038; x_wconf 83' lang='grc' dir='ltr'>νον</span> <span class='ocrx_word' id='word_1_53' title='bbox 604 986 685 1052; x_wconf 83' lang='grc' dir='ltr'>τὸ,</span> <span class='ocrx_word' id='word_1_54' title='bbox 705 981 894 1054; x_wconf 83' lang='grc' dir='ltr'><strong>Ἀμὴν,</strong></span> <span class='ocrx_word' id='word_1_55' title='bbox 919 983 1014 1036; x_wconf 73' lang='grc' dir='ltr'>καὶ</span> <span class='ocrx_word' id='word_1_56' title='bbox 1041 981 1290 1054; x_wconf 80' lang='grc' dir='ltr'><strong>τραπέζῃ</strong></span> <span class='ocrx_word' id='word_1_57' title='bbox 1331 981 1706 1052; x_wconf 79' lang='grc' dir='ltr'><strong>παραστάντα,</strong></span> <span class='ocrx_word' id='word_1_58' title='bbox 1747 982 1841 1034; x_wconf 75' lang='grc' dir='ltr'><strong>καὶ</strong></span> <span class='ocrx_word' id='word_1_59' title='bbox 1889 985 2077 1052; x_wconf 81' lang='grc' dir='ltr'>χεῖρας</span> 
     </span>
    </p>
   </div>
   <div class='ocr_carea' id='block_1_11' title="bbox 502 1073 2072 1145">
    <p class='ocr_par' dir='ltr' id='par_1_11' title="bbox 502 1073 2072 1145">
     <span class='ocr_line' id='line_1_11' title="bbox 502 1073 2072 1145; baseline 0 -18"><span class='ocrx_word' id='word_1_60' title='bbox 502 1077 581 1138; x_wconf 70' lang='grc' dir='ltr'>εἰς</span> <span class='ocrx_word' id='word_1_61' title='bbox 634 1073 898 1145; x_wconf 81' lang='grc' dir='ltr'>ὑποδοχὴν</span> <span class='ocrx_word' id='word_1_62' title='bbox 944 1075 1043 1144; x_wconf 83' lang='grc' dir='ltr'>τῆς</span> <span class='ocrx_word' id='word_1_63' title='bbox 1090 1074 1249 1142; x_wconf 81' lang='grc' dir='ltr'><strong>ἁγίας</strong></span> <span class='ocrx_word' id='word_1_64' title='bbox 1301 1073 1511 1144; x_wconf 81' lang='grc' dir='ltr'>τροφῆς</span> <span class='ocrx_word' id='word_1_65' title='bbox 1559 1073 1931 1144; x_wconf 73' lang='grc' dir='ltr'>προτείνοντα,</span> <span class='ocrx_word' id='word_1_66' title='bbox 1968 1084 2072 1128; x_wconf 88' lang='lat' dir='ltr'><strong>etc.</strong></span> 
     </span>
    </p>
   </div>
   <div class='ocr_carea' id='block_1_12' title="bbox 501 1163 2076 1236">
    <p class='ocr_par' dir='ltr' id='par_1_12' title="bbox 501 1163 2076 1236">
     <span class='ocr_line' id='line_1_12' title="bbox 501 1163 2076 1236; baseline -0.003 -14"><span class='ocrx_word' id='word_1_67' title='bbox 501 1167 865 1222; x_wconf 90' lang='lat' dir='ltr'><strong>Casaubonus</strong></span> <span class='ocrx_word' id='word_1_68' title='bbox 890 1173 951 1220; x_wconf 92' lang='lat' dir='ltr'><strong>ut</strong></span> <span class='ocrx_word' id='word_1_69' title='bbox 979 1165 1166 1220; x_wconf 87' lang='lat' dir='ltr'><strong>audire</strong></span> <span class='ocrx_word' id='word_1_70' title='bbox 1189 1167 1404 1219; x_wconf 86' lang='lat' dir='ltr'><strong>missam</strong></span> <span class='ocrx_word' id='word_1_71' title='bbox 1439 1166 1578 1220; x_wconf 90' lang='lat' dir='ltr'><strong>idem</strong></span> <span class='ocrx_word' id='word_1_72' title='bbox 1613 1179 1733 1220; x_wconf 90' lang='lat' dir='ltr'><strong>esse</strong></span> <span class='ocrx_word' id='word_1_73' title='bbox 1759 1163 1900 1236; x_wconf 89' lang='lat' dir='ltr'><strong>quod</strong></span> <span class='ocrx_word' id='word_1_74' title='bbox 1931 1181 2076 1218; x_wconf 89' lang='lat' dir='ltr'><strong>com-</strong></span> 
     </span>
    </p>
   </div>
   <div class='ocr_carea' id='block_1_13' title="bbox 503 1255 2072 1324">
    <p class='ocr_par' dir='ltr' id='par_1_13' title="bbox 503 1255 2072 1324">
     <span class='ocr_line' id='line_1_13' title="bbox 503 1255 2072 1324; baseline -0.001 -12"><span class='ocrx_word' id='word_1_75' title='bbox 503 1260 774 1313; x_wconf 82' lang='lat' dir='ltr'><strong>municare</strong></span> <span class='ocrx_word' id='word_1_76' title='bbox 830 1259 1135 1324; x_wconf 86' lang='lat' dir='ltr'><strong>conﬁrmet,</strong></span> <span class='ocrx_word' id='word_1_77' title='bbox 1191 1257 1337 1313; x_wconf 89' lang='lat' dir='ltr'><strong>hunc</strong></span> <span class='ocrx_word' id='word_1_78' title='bbox 1391 1255 1610 1312; x_wconf 89' lang='lat' dir='ltr'><strong>Eusebii</strong></span> <span class='ocrx_word' id='word_1_79' title='bbox 1665 1258 1843 1312; x_wconf 91' lang='lat' dir='ltr'><strong>locum</strong></span> <span class='ocrx_word' id='word_1_80' title='bbox 1899 1255 2072 1322; x_wconf 77' lang='lat' dir='ltr'><strong>affert,</strong></span> 
     </span>
    </p>
   </div>
   <div class='ocr_carea' id='block_1_14' title="bbox 503 1349 2077 1422">
    <p class='ocr_par' dir='ltr' id='par_1_14' title="bbox 503 1349 2077 1422">
     <span class='ocr_line' id='line_1_14' title="bbox 503 1349 2077 1422; baseline -0.001 -19"><span class='ocrx_word' id='word_1_81' title='bbox 503 1366 613 1422; x_wconf 90' lang='lat' dir='ltr'><strong>quo</strong></span> <span class='ocrx_word' id='word_1_82' title='bbox 647 1351 782 1405; x_wconf 88' lang='lat' dir='ltr'><strong>nihil</strong></span> <span class='ocrx_word' id='word_1_83' title='bbox 814 1359 898 1406; x_wconf 88' lang='lat' dir='ltr'><strong>est</strong></span> <span class='ocrx_word' id='word_1_84' title='bbox 928 1351 1187 1418; x_wconf 86' lang='lat' dir='ltr'><strong>alienius;</strong></span> <span class='ocrx_word' id='word_1_85' title='bbox 1221 1365 1347 1404; x_wconf 89' lang='lat' dir='ltr'><strong>nam</strong></span> <span class='ocrx_word' id='word_1_86' title='bbox 1394 1365 1458 1404; x_wconf 83' lang='lat' dir='ltr'><strong>ex</strong></span> <span class='ocrx_word' id='word_1_87' title='bbox 1507 1349 1695 1404; x_wconf 91' lang='lat' dir='ltr'><strong>eodem</strong></span> <span class='ocrx_word' id='word_1_88' title='bbox 1729 1349 1846 1419; x_wconf 89' lang='lat' dir='ltr'><strong>ipso</strong></span> <span class='ocrx_word' id='word_1_89' title='bbox 1879 1349 2077 1419; x_wconf 84' lang='lat' dir='ltr'><strong>proba-</strong></span> 
     </span>
    </p>
   </div>
   <div class='ocr_carea' id='block_1_15' title="bbox 500 1437 2075 1507">
    <p class='ocr_par' dir='ltr' id='par_1_15' title="bbox 500 1437 2075 1507">
     <span class='ocr_line' id='line_1_15' title="bbox 500 1437 2075 1507; baseline -0.003 -13"><span class='ocrx_word' id='word_1_90' title='bbox 500 1451 612 1503; x_wconf 91' lang='lat' dir='ltr'><strong>tur,</strong></span> <span class='ocrx_word' id='word_1_91' title='bbox 678 1440 951 1495; x_wconf 91' lang='lat' dir='ltr'><strong>diversum</strong></span> <span class='ocrx_word' id='word_1_92' title='bbox 1014 1455 1078 1496; x_wconf 86' lang='lat' dir='ltr'><strong>ac</strong></span> <span class='ocrx_word' id='word_1_93' title='bbox 1125 1440 1440 1494; x_wconf 89' lang='lat' dir='ltr'><strong>distinctum</strong></span> <span class='ocrx_word' id='word_1_94' title='bbox 1498 1454 1619 1494; x_wconf 90' lang='lat' dir='ltr'><strong>esse</strong></span> <span class='ocrx_word' id='word_1_95' title='bbox 1667 1437 1924 1507; x_wconf 86' lang='lat' dir='ltr'><strong>quiddam</strong></span> <span class='ocrx_word' id='word_1_96' title='bbox 1975 1439 2075 1490; x_wconf 83' lang='grc' dir='ltr'><strong>ὲπ-</strong></span> 
     </span>
    </p>
   </div>
   <div class='ocr_carea' id='block_1_16' title="bbox 501 1529 2077 1604">
    <p class='ocr_par' dir='ltr' id='par_1_16' title="bbox 501 1529 2077 1604">
     <span class='ocr_line' id='line_1_16' title="bbox 501 1529 2077 1604; baseline -0.001 -20"><span class='ocrx_word' id='word_1_97' title='bbox 501 1533 721 1586; x_wconf 81' lang='grc' dir='ltr'>ακούειν</span> <span class='ocrx_word' id='word_1_98' title='bbox 737 1533 835 1603; x_wconf 84' lang='grc' dir='ltr'>τῆς</span> <span class='ocrx_word' id='word_1_99' title='bbox 853 1531 1220 1604; x_wconf 77' lang='grc' dir='ltr'>εὐχαριστίας,</span> <span class='ocrx_word' id='word_1_100' title='bbox 1251 1539 1303 1586; x_wconf 90' lang='lat' dir='ltr'><strong>et</strong></span> <span class='ocrx_word' id='word_1_101' title='bbox 1320 1531 1640 1601; x_wconf 79' lang='lat' dir='ltr'><strong>participare</strong></span> <span class='ocrx_word' id='word_1_102' title='bbox 1667 1529 1937 1584; x_wconf 90' lang='lat' dir='ltr'><strong>Dominico</strong></span> <span class='ocrx_word' id='word_1_103' title='bbox 1960 1545 2077 1584; x_wconf 88' lang='lat' dir='ltr'><strong>cor-</strong></span> 
     </span>
    </p>
   </div>
   <div class='ocr_carea' id='block_1_17' title="bbox 501 1616 2072 1689">
    <p class='ocr_par' dir='ltr' id='par_1_17' title="bbox 501 1616 2072 1689">
     <span class='ocr_line' id='line_1_17' title="bbox 501 1616 2072 1689; baseline -0.001 -17"><span class='ocrx_word' id='word_1_104' title='bbox 501 1623 648 1689; x_wconf 88' lang='lat' dir='ltr'><strong>pori;</strong></span> <span class='ocrx_word' id='word_1_105' title='bbox 675 1619 924 1689; x_wconf 84' lang='lat' dir='ltr'><strong>quamvis</strong></span> <span class='ocrx_word' id='word_1_106' title='bbox 948 1621 1057 1673; x_wconf 91' lang='lat' dir='ltr'><strong>duo</strong></span> <span class='ocrx_word' id='word_1_107' title='bbox 1085 1619 1200 1673; x_wconf 65' lang='lat' dir='ltr'><strong>haec</strong></span> <span class='ocrx_word' id='word_1_108' title='bbox 1229 1627 1340 1672; x_wconf 90' lang='lat' dir='ltr'><strong>tum</strong></span> <span class='ocrx_word' id='word_1_109' title='bbox 1369 1619 1438 1673; x_wconf 88' lang='lat' dir='ltr'><strong>ab</strong></span> <span class='ocrx_word' id='word_1_110' title='bbox 1465 1619 1558 1672; x_wconf 91' lang='lat' dir='ltr'><strong>illo</strong></span> <span class='ocrx_word' id='word_1_111' title='bbox 1589 1617 1827 1687; x_wconf 66' lang='lat' dir='ltr'><strong>praestita</strong></span> <span class='ocrx_word' id='word_1_112' title='bbox 1849 1616 2072 1672; x_wconf 82' lang='lat' dir='ltr'><strong>fuerint.</strong></span> 
     </span>
    </p>
   </div>
   <div class='ocr_carea' id='block_1_18' title="bbox 501 1708 2076 1783">
    <p class='ocr_par' dir='ltr' id='par_1_18' title="bbox 501 1708 2076 1783">
     <span class='ocr_line' id='line_1_18' title="bbox 501 1708 2076 1783; baseline -0.003 -17"><span class='ocrx_word' id='word_1_113' title='bbox 501 1713 557 1766; x_wconf 92' lang='lat' dir='ltr'><strong>lu</strong></span> <span class='ocrx_word' id='word_1_114' title='bbox 589 1711 883 1783; x_wconf 88' lang='lat' dir='ltr'><strong>Agathensi</strong></span> <span class='ocrx_word' id='word_1_115' title='bbox 915 1726 1043 1766; x_wconf 86' lang='lat' dir='ltr'><strong>vero</strong></span> <span class='ocrx_word' id='word_1_116' title='bbox 1079 1711 1333 1774; x_wconf 91' lang='lat' dir='ltr'><strong>concilio,</strong></span> <span class='ocrx_word' id='word_1_117' title='bbox 1370 1709 1514 1779; x_wconf 88' lang='lat' dir='ltr'><strong>quod</strong></span> <span class='ocrx_word' id='word_1_118' title='bbox 1547 1725 1608 1763; x_wconf 80' lang='lat' dir='ltr'><strong>ex</strong></span> <span class='ocrx_word' id='word_1_119' title='bbox 1647 1709 1908 1764; x_wconf 89' lang='lat' dir='ltr'><strong>Gratiano</strong></span> <span class='ocrx_word' id='word_1_120' title='bbox 1947 1708 2076 1763; x_wconf 84' lang='lat' dir='ltr'><strong>citat</strong></span> 
     </span>
    </p>
   </div>
   <div class='ocr_carea' id='block_1_19' title="bbox 2179 513 3759 598">
    <p class='ocr_par' dir='ltr' id='par_1_19' title="bbox 2179 513 3759 598">
     <span class='ocr_line' id='line_1_19' title="bbox 2179 513 3759 598; baseline -0.007 -20"><span class='ocrx_word' id='word_1_121' title='bbox 2179 527 2383 598; x_wconf 82' lang='lat' dir='ltr'><strong>jejunia</strong></span> <span class='ocrx_word' id='word_1_122' title='bbox 2413 526 2529 594; x_wconf 83' lang='lat' dir='ltr'><strong>ipsa</strong></span> <span class='ocrx_word' id='word_1_123' title='bbox 2558 523 2824 579; x_wconf 89' lang='lat' dir='ltr'><strong>stationes</strong></span> <span class='ocrx_word' id='word_1_124' title='bbox 2856 520 3138 590; x_wconf 73' lang='lat' dir='ltr'><strong>appellata:</strong></span> <span class='ocrx_word' id='word_1_125' title='bbox 3172 518 3301 594; x_wconf 71' lang='lat' dir='ltr'><strong>sint,</strong></span> <span class='ocrx_word' id='word_1_126' title='bbox 3338 516 3500 587; x_wconf 88' lang='lat' dir='ltr'><strong>paulo</strong></span> <span class='ocrx_word' id='word_1_127' title='bbox 3536 523 3618 568; x_wconf 89' lang='lat' dir='ltr'><strong>est</strong></span> <span class='ocrx_word' id='word_1_128' title='bbox 3655 513 3759 567; x_wconf 87' lang='lat' dir='ltr'><strong>hoc</strong></span> 
     </span>
    </p>
   </div>
   <div class='ocr_carea' id='block_1_20' title="bbox 2185 607 3756 685">
    <p class='ocr_par' dir='ltr' id='par_1_20' title="bbox 2185 607 3756 685">
     <span class='ocr_line' id='line_1_20' title="bbox 2185 607 3756 685; baseline -0.009 -15"><span class='ocrx_word' id='word_1_129' title='bbox 2185 618 2302 671; x_wconf 87' lang='lat' dir='ltr'><strong>loco</strong></span> <span class='ocrx_word' id='word_1_130' title='bbox 2353 615 2664 685; x_wconf 88' lang='lat' dir='ltr'><strong>diligentius</strong></span> <span class='ocrx_word' id='word_1_131' title='bbox 2711 611 3121 682; x_wconf 87' lang='lat' dir='ltr'><strong>inquirendum.</strong></span> <span class='ocrx_word' id='word_1_132' title='bbox 3180 609 3288 664; x_wconf 79' lang='lat' dir='ltr'><strong>Res</strong></span> <span class='ocrx_word' id='word_1_133' title='bbox 3333 607 3479 663; x_wconf 89' lang='lat' dir='ltr'><strong>enim</strong></span> <span class='ocrx_word' id='word_1_134' title='bbox 3527 612 3611 660; x_wconf 88' lang='lat' dir='ltr'><strong>est</strong></span> <span class='ocrx_word' id='word_1_135' title='bbox 3649 619 3756 658; x_wconf 89' lang='lat' dir='ltr'><strong>non</strong></span> 
     </span>
    </p>
   </div>
   <div class='ocr_carea' id='block_1_21' title="bbox 2183 697 3756 774">
    <p class='ocr_par' dir='ltr' id='par_1_21' title="bbox 2183 697 3756 774">
     <span class='ocr_line' id='line_1_21' title="bbox 2183 697 3756 774; baseline -0.009 -12"><span class='ocrx_word' id='word_1_136' title='bbox 2183 709 2367 762; x_wconf 88' lang='lat' dir='ltr'><strong>minus</strong></span> <span class='ocrx_word' id='word_1_137' title='bbox 2419 707 2601 762; x_wconf 91' lang='lat' dir='ltr'><strong>studio</strong></span> <span class='ocrx_word' id='word_1_138' title='bbox 2645 705 2828 774; x_wconf 87' lang='lat' dir='ltr'><strong>digna,</strong></span> <span class='ocrx_word' id='word_1_139' title='bbox 2883 718 3044 774; x_wconf 89' lang='lat' dir='ltr'><strong>quam</strong></span> <span class='ocrx_word' id='word_1_140' title='bbox 3095 710 3320 771; x_wconf 87' lang='lat' dir='ltr'><strong>propter</strong></span> <span class='ocrx_word' id='word_1_141' title='bbox 3373 697 3756 768; x_wconf 77' lang='lat' dir='ltr'><strong>antiquitatem</strong></span> 
     </span>
    </p>
   </div>
   <div class='ocr_carea' id='block_1_22' title="bbox 2182 795 3270 868">
    <p class='ocr_par' dir='ltr' id='par_1_22' title="bbox 2182 795 3270 868">
     <span class='ocr_line' id='line_1_22' title="bbox 2182 795 3270 868; baseline -0.006 -13"><span class='ocrx_word' id='word_1_142' title='bbox 2182 801 2436 861; x_wconf 89' lang='lat' dir='ltr'><strong>obscura,</strong></span> <span class='ocrx_word' id='word_1_143' title='bbox 2466 813 2640 868; x_wconf 87' lang='lat' dir='ltr'><strong>neque</strong></span> <span class='ocrx_word' id='word_1_144' title='bbox 2675 797 2834 866; x_wconf 75' lang='lat' dir='ltr'><strong>vulgo</strong></span> <span class='ocrx_word' id='word_1_145' title='bbox 2863 796 2995 851; x_wconf 86' lang='lat' dir='ltr'><strong>satis</strong></span> <span class='ocrx_word' id='word_1_146' title='bbox 3030 795 3270 866; x_wconf 88' lang='lat' dir='ltr'><strong>cognita.</strong></span> 
     </span>
    </p>
   </div>
   <div class='ocr_carea' id='block_1_23' title="bbox 2256 879 3759 962">
    <p class='ocr_par' dir='ltr' id='par_1_23' title="bbox 2256 879 3759 962">
     <span class='ocr_line' id='line_1_23' title="bbox 2256 879 3759 962; baseline -0.009 -16"><span class='ocrx_word' id='word_1_147' title='bbox 2256 891 2530 946; x_wconf 88' lang='lat' dir='ltr'><strong>Stationes</strong></span> <span class='ocrx_word' id='word_1_148' title='bbox 2568 889 2733 962; x_wconf 80' lang='lat' dir='ltr'><strong>igitur</strong></span> <span class='ocrx_word' id='word_1_149' title='bbox 2768 895 2941 943; x_wconf 87' lang='lat' dir='ltr'><strong>statos</strong></span> <span class='ocrx_word' id='word_1_150' title='bbox 2985 887 3323 957; x_wconf 78' lang='lat' dir='ltr'><strong>jejuniorum</strong></span> <span class='ocrx_word' id='word_1_151' title='bbox 3357 898 3479 939; x_wconf 89' lang='lat' dir='ltr'><strong>esse</strong></span> <span class='ocrx_word' id='word_1_152' title='bbox 3507 882 3626 937; x_wconf 78' lang='lat' dir='ltr'><strong>dies</strong></span> <span class='ocrx_word' id='word_1_153' title='bbox 3659 879 3759 933; x_wconf 83' lang='lat' dir='ltr'><strong>Pa-</strong></span> 
     </span>
    </p>
   </div>
   <div class='ocr_carea' id='block_1_24' title="bbox 2185 973 3755 1047">
    <p class='ocr_par' dir='ltr' id='par_1_24' title="bbox 2185 973 3755 1047">
     <span class='ocr_line' id='line_1_24' title="bbox 2185 973 3755 1047; baseline -0.008 -11"><span class='ocrx_word' id='word_1_154' title='bbox 2185 983 2378 1039; x_wconf 90' lang='lat' dir='ltr'><strong>melius</strong></span> <span class='ocrx_word' id='word_1_155' title='bbox 2416 982 2482 1037; x_wconf 91' lang='lat' dir='ltr'><strong>ad</strong></span> <span class='ocrx_word' id='word_1_156' title='bbox 2527 981 2622 1036; x_wconf 90' lang='lat' dir='ltr'><strong>lib.</strong></span> <span class='ocrx_word' id='word_1_157' title='bbox 2670 981 2744 1034; x_wconf 88' lang='lat' dir='ltr'><strong>De</strong></span> <span class='ocrx_word' id='word_1_158' title='bbox 2787 995 2980 1034; x_wconf 85' lang='lat' dir='ltr'><strong>corona</strong></span> <span class='ocrx_word' id='word_1_159' title='bbox 3026 978 3166 1043; x_wconf 87' lang='lat' dir='ltr'><strong>mil.,</strong></span> <span class='ocrx_word' id='word_1_160' title='bbox 3201 991 3320 1047; x_wconf 86' lang='lat' dir='ltr'><strong>cap.</strong></span> <span class='ocrx_word' id='word_1_161' title='bbox 3372 975 3476 1040; x_wconf 90' lang='lat'><strong>11,</strong></span> <span class='ocrx_word' id='word_1_162' title='bbox 3527 973 3755 1028; x_wconf 89' lang='lat' dir='ltr'><strong>scribit:</strong></span> 
     </span>
    </p>
   </div>
   <div class='ocr_carea' id='block_1_25' title="bbox 2179 1067 3760 1144">
    <p class='ocr_par' dir='ltr' id='par_1_25' title="bbox 2179 1067 3760 1144">
     <span class='ocr_line' id='line_1_25' title="bbox 2179 1067 3760 1144; baseline -0.005 -17"><span class='ocrx_word' id='word_1_163' title='bbox 2179 1074 2490 1144; x_wconf 81' lang='lat' dir='ltr'><strong>Metaphora</strong></span> <span class='ocrx_word' id='word_1_164' title='bbox 2513 1091 2545 1128; x_wconf 89' lang='lat' dir='ltr'><strong>a</strong></span> <span class='ocrx_word' id='word_1_165' title='bbox 2572 1071 2827 1128; x_wconf 77' lang='lat' dir='ltr'><strong>militibus</strong></span> <span class='ocrx_word' id='word_1_166' title='bbox 2856 1081 2994 1130; x_wconf 88' lang='lat' dir='ltr'><strong>orta,</strong></span> <span class='ocrx_word' id='word_1_167' title='bbox 3025 1069 3164 1140; x_wconf 84' lang='lat' dir='ltr'><strong>quod</strong></span> <span class='ocrx_word' id='word_1_168' title='bbox 3191 1069 3428 1138; x_wconf 88' lang='lat' dir='ltr'><strong>quandiu</strong></span> <span class='ocrx_word' id='word_1_169' title='bbox 3453 1067 3506 1120; x_wconf 89' lang='lat' dir='ltr'><strong>in</strong></span> <span class='ocrx_word' id='word_1_170' title='bbox 3531 1067 3760 1120; x_wconf 77' lang='lat' dir='ltr'><strong>statione</strong></span> 
     </span>
    </p>
   </div>
   <div class='ocr_carea' id='block_1_26' title="bbox 2181 1156 3770 1233">
    <p class='ocr_par' dir='ltr' id='par_1_26' title="bbox 2181 1156 3770 1233">
     <span class='ocr_line' id='line_1_26' title="bbox 2181 1156 3770 1233; baseline -0.008 -13"><span class='ocrx_word' id='word_1_171' title='bbox 2181 1173 2332 1220; x_wconf 82' lang='lat' dir='ltr'><strong>erant</strong></span> <span class='ocrx_word' id='word_1_172' title='bbox 2369 1163 2615 1233; x_wconf 81' lang='lat' dir='ltr'><strong>jejunare</strong></span> <span class='ocrx_word' id='word_1_173' title='bbox 2649 1179 2736 1216; x_wconf 89' lang='lat' dir='ltr'><strong>eos</strong></span> <span class='ocrx_word' id='word_1_174' title='bbox 2761 1161 3050 1230; x_wconf 81' lang='lat' dir='ltr'><strong>Oportebat.</strong></span> <span class='ocrx_word' id='word_1_175' title='bbox 3102 1157 3256 1224; x_wconf 88' lang='lat' dir='ltr'><strong>Quod</strong></span> <span class='ocrx_word' id='word_1_176' title='bbox 3304 1165 3358 1212; x_wconf 90' lang='lat' dir='ltr'><strong>ct</strong></span> <span class='ocrx_word' id='word_1_177' title='bbox 3398 1156 3526 1210; x_wconf 87' lang='lat' dir='ltr'><strong>alibi</strong></span> <span class='ocrx_word' id='word_1_178' title='bbox 3555 1157 3770 1226; x_wconf 78' lang='lat' dir='ltr'><strong>passim</strong></span> 
     </span>
    </p>
   </div>
   <div class='ocr_carea' id='block_1_27' title="bbox 2183 1247 3758 1326">
    <p class='ocr_par' dir='ltr' id='par_1_27' title="bbox 2183 1247 3758 1326">
     <span class='ocr_line' id='line_1_27' title="bbox 2183 1247 3758 1326; baseline -0.007 -15"><span class='ocrx_word' id='word_1_179' title='bbox 2183 1257 2392 1326; x_wconf 88' lang='lat' dir='ltr'><strong>repetit.</strong></span> <span class='ocrx_word' id='word_1_180' title='bbox 2432 1257 2509 1310; x_wconf 77' lang='lat' dir='ltr'><strong>Ac</strong></span> <span class='ocrx_word' id='word_1_181' title='bbox 2546 1255 2820 1325; x_wconf 79' lang='lat' dir='ltr'><strong>jejunium</strong></span> <span class='ocrx_word' id='word_1_182' title='bbox 2868 1251 3089 1324; x_wconf 88' lang='lat' dir='ltr'><strong>quidem</strong></span> <span class='ocrx_word' id='word_1_183' title='bbox 3149 1249 3440 1304; x_wconf 85' lang='lat' dir='ltr'><strong>stationem</strong></span> <span class='ocrx_word' id='word_1_184' title='bbox 3495 1262 3622 1302; x_wconf 88' lang='lat' dir='ltr'><strong>cum</strong></span> <span class='ocrx_word' id='word_1_185' title='bbox 3669 1247 3758 1301; x_wconf 86' lang='lat' dir='ltr'><strong>alii</strong></span> 
     </span>
    </p>
   </div>
   <div class='ocr_carea' id='block_1_28' title="bbox 2180 1337 3756 1418">
    <p class='ocr_par' dir='ltr' id='par_1_28' title="bbox 2180 1337 3756 1418">
     <span class='ocr_line' id='line_1_28' title="bbox 2180 1337 3756 1418; baseline -0.008 -16"><span class='ocrx_word' id='word_1_186' title='bbox 2180 1349 2425 1418; x_wconf 87' lang='lat' dir='ltr'><strong>plerique</strong></span> <span class='ocrx_word' id='word_1_187' title='bbox 2455 1355 2670 1412; x_wconf 87' lang='lat' dir='ltr'><strong>vocant,</strong></span> <span class='ocrx_word' id='word_1_188' title='bbox 2693 1354 2806 1400; x_wconf 87' lang='lat' dir='ltr'><strong>tum</strong></span> <span class='ocrx_word' id='word_1_189' title='bbox 2837 1343 3066 1398; x_wconf 84' lang='lat' dir='ltr'><strong>Hermas</strong></span> <span class='ocrx_word' id='word_1_190' title='bbox 3097 1341 3192 1396; x_wconf 91' lang='lat' dir='ltr'><strong>lib.</strong></span> <span class='ocrx_word' id='word_1_191' title='bbox 3219 1357 3302 1406; x_wconf 90' lang='grc' dir='ltr'>ιιι,</span> <span class='ocrx_word' id='word_1_192' title='bbox 3329 1339 3496 1394; x_wconf 90' lang='lat' dir='ltr'><strong>simil.</strong></span> <span class='ocrx_word' id='word_1_193' title='bbox 3531 1337 3583 1400; x_wconf 85' lang='lat'><strong>5,</strong></span> <span class='ocrx_word' id='word_1_194' title='bbox 3617 1337 3756 1404; x_wconf 84' lang='lat' dir='ltr'><strong>Quid</strong></span> 
     </span>
    </p>
   </div>
   <div class='ocr_carea' id='block_1_29' title="bbox 2180 1431 3760 1510">
    <p class='ocr_par' dir='ltr' id='par_1_29' title="bbox 2180 1431 3760 1510">
     <span class='ocr_line' id='line_1_29' title="bbox 2180 1431 3760 1510; baseline -0.006 -16"><span class='ocrx_word' id='word_1_195' title='bbox 2180 1448 2278 1508; x_wconf 85' lang='lat' dir='ltr'><strong>est,</strong></span> <span class='ocrx_word' id='word_1_196' title='bbox 2319 1439 2530 1510; x_wconf 89' lang='lat' dir='ltr'><strong>inquit,</strong></span> <span class='ocrx_word' id='word_1_197' title='bbox 2569 1438 2776 1493; x_wconf 78' lang='lat' dir='ltr'><strong>statio?</strong></span> <span class='ocrx_word' id='word_1_198' title='bbox 2823 1434 2888 1488; x_wconf 87' lang='lat' dir='ltr'><strong>Et</strong></span> <span class='ocrx_word' id='word_1_199' title='bbox 2943 1435 3079 1498; x_wconf 77' lang='lat' dir='ltr'><strong>dixi,</strong></span> <span class='ocrx_word' id='word_1_200' title='bbox 3123 1432 3408 1502; x_wconf 82' lang='lat' dir='ltr'><strong>jejunium.</strong></span> <span class='ocrx_word' id='word_1_201' title='bbox 3459 1431 3760 1485; x_wconf 80' lang='lat' dir='ltr'><strong>Rhabauus</strong></span> 
     </span>
    </p>
   </div>
   <div class='ocr_carea' id='block_1_30' title="bbox 2181 1522 3760 1593">
    <p class='ocr_par' dir='ltr' id='par_1_30' title="bbox 2181 1522 3760 1593">
     <span class='ocr_line' id='line_1_30' title="bbox 2181 1522 3760 1593; baseline -0.006 -8"><span class='ocrx_word' id='word_1_202' title='bbox 2181 1531 2404 1585; x_wconf 87' lang='lat' dir='ltr'><strong>Maurus</strong></span> <span class='ocrx_word' id='word_1_203' title='bbox 2435 1529 2528 1584; x_wconf 92' lang='lat' dir='ltr'><strong>lib.</strong></span> <span class='ocrx_word' id='word_1_204' title='bbox 2571 1545 2609 1584; x_wconf 89' lang='grc' dir='ltr'><strong>ιι</strong></span> <span class='ocrx_word' id='word_1_205' title='bbox 2665 1527 2738 1582; x_wconf 87' lang='lat' dir='ltr'><strong>De</strong></span> <span class='ocrx_word' id='word_1_206' title='bbox 2760 1527 2932 1580; x_wconf 84' lang='lat' dir='ltr'><strong>instit.</strong></span> <span class='ocrx_word' id='word_1_207' title='bbox 2978 1525 3312 1593; x_wconf 82' lang='lat' dir='ltr'><strong>cleric.,cap.</strong></span> <span class='ocrx_word' id='word_1_208' title='bbox 3367 1522 3457 1584; x_wconf 90' lang='lat'><strong>18,</strong></span> <span class='ocrx_word' id='word_1_209' title='bbox 3507 1535 3572 1574; x_wconf 80' lang='lat' dir='ltr'><strong>ex</strong></span> <span class='ocrx_word' id='word_1_210' title='bbox 3623 1537 3760 1590; x_wconf 92' lang='lat' dir='ltr'><strong>quo-</strong></span> 
     </span>
    </p>
   </div>
   <div class='ocr_carea' id='block_1_31' title="bbox 2182 1611 3760 1688">
    <p class='ocr_par' dir='ltr' id='par_1_31' title="bbox 2182 1611 3760 1688">
     <span class='ocr_line' id='line_1_31' title="bbox 2182 1611 3760 1688; baseline -0.008 -10"><span class='ocrx_word' id='word_1_211' title='bbox 2182 1623 2429 1678; x_wconf 87' lang='lat' dir='ltr'><strong>rumdam</strong></span> <span class='ocrx_word' id='word_1_212' title='bbox 2469 1620 2735 1677; x_wconf 86' lang='lat' dir='ltr'><strong>sententia</strong></span> <span class='ocrx_word' id='word_1_213' title='bbox 2777 1619 2918 1673; x_wconf 90' lang='lat' dir='ltr'><strong>inter</strong></span> <span class='ocrx_word' id='word_1_214' title='bbox 2958 1617 3226 1688; x_wconf 86' lang='lat' dir='ltr'><strong>jejunium</strong></span> <span class='ocrx_word' id='word_1_215' title='bbox 3283 1623 3336 1669; x_wconf 91' lang='lat' dir='ltr'><strong>et</strong></span> <span class='ocrx_word' id='word_1_216' title='bbox 3375 1616 3668 1670; x_wconf 86' lang='lat' dir='ltr'><strong>stationem</strong></span> <span class='ocrx_word' id='word_1_217' title='bbox 3706 1611 3760 1666; x_wconf 88' lang='lat' dir='ltr'><strong>id</strong></span> 
     </span>
    </p>
   </div>
   <div class='ocr_carea' id='block_1_32' title="bbox 2183 1705 3750 1780">
    <p class='ocr_par' dir='ltr' id='par_1_32' title="bbox 2183 1705 3750 1780">
     <span class='ocr_line' id='line_1_32' title="bbox 2183 1705 3750 1780; baseline -0.008 -12"><span class='ocrx_word' id='word_1_218' title='bbox 2183 1716 2446 1769; x_wconf 89' lang='lat' dir='ltr'><strong>interesse</strong></span> <span class='ocrx_word' id='word_1_219' title='bbox 2484 1711 2692 1778; x_wconf 89' lang='lat' dir='ltr'><strong>scribit,</strong></span> <span class='ocrx_word' id='word_1_220' title='bbox 2717 1710 2862 1780; x_wconf 91' lang='lat' dir='ltr'><strong>quod</strong></span> <span class='ocrx_word' id='word_1_221' title='bbox 2887 1707 3157 1779; x_wconf 86' lang='lat' dir='ltr'><strong>jejunium</strong></span> <span class='ocrx_word' id='word_1_222' title='bbox 3193 1706 3554 1774; x_wconf 79' lang='lat' dir='ltr'><strong>indiﬂ&#39;erenter</strong></span> <span class='ocrx_word' id='word_1_223' title='bbox 3579 1705 3750 1773; x_wconf 85' lang='lat' dir='ltr'><strong>cujus-</strong></span> 
     </span>
    </p>
   </div>
   <div class='ocr_carea' id='block_1_33' title="bbox 503 1797 3758 1869">
    <p class='ocr_par' dir='ltr' id='par_1_33' title="bbox 503 1797 3758 1869">
     <span class='ocr_line' id='line_1_33' title="bbox 503 1797 3758 1869; baseline -0.006 -12"><span class='ocrx_word' id='word_1_224' title='bbox 503 1804 884 1867; x_wconf 74' lang='lat' dir='ltr'><strong>Casaubonus,</strong></span> <span class='ocrx_word' id='word_1_225' title='bbox 929 1809 1140 1855; x_wconf 89' lang='lat' dir='ltr'><strong>tantum</strong></span> <span class='ocrx_word' id='word_1_226' title='bbox 1182 1802 1353 1866; x_wconf 85' lang='lat' dir='ltr'><strong>abest,</strong></span> <span class='ocrx_word' id='word_1_227' title='bbox 1393 1809 1450 1852; x_wconf 83' lang='grc' dir='ltr'>ιιι</span> <span class='ocrx_word' id='word_1_228' title='bbox 1491 1799 1695 1869; x_wconf 83' lang='lat' dir='ltr'><strong>aliquid</strong></span> <span class='ocrx_word' id='word_1_229' title='bbox 1737 1799 1803 1852; x_wconf 88' lang='lat' dir='ltr'><strong>ad</strong></span> <span class='ocrx_word' id='word_1_230' title='bbox 1833 1811 2072 1854; x_wconf 89' lang='lat' dir='ltr'><strong>errorem</strong></span> <span class='ocrx_word' id='word_1_231' title='bbox 2105 1797 2146 1852; x_wconf 79' lang='grc' dir='ltr'>Β</span> <span class='ocrx_word' id='word_1_232' title='bbox 2176 1807 2301 1860; x_wconf 70' lang='lat' dir='ltr'><strong>libet</strong></span> <span class='ocrx_word' id='word_1_233' title='bbox 2343 1805 2448 1858; x_wconf 67' lang='lat' dir='ltr'><strong>diei</strong></span> <span class='ocrx_word' id='word_1_234' title='bbox 2492 1805 2559 1858; x_wconf 68' lang='lat' dir='ltr'><strong>sit</strong></span> <span class='ocrx_word' id='word_1_235' title='bbox 2609 1802 2952 1868; x_wconf 63' lang='lat' dir='ltr'><strong>abstinentia,</strong></span> <span class='ocrx_word' id='word_1_236' title='bbox 2989 1817 3092 1853; x_wconf 82' lang='lat' dir='ltr'><strong>non</strong></span> <span class='ocrx_word' id='word_1_237' title='bbox 3129 1816 3220 1868; x_wconf 80' lang='lat' dir='ltr'><strong>per</strong></span> <span class='ocrx_word' id='word_1_238' title='bbox 3247 1797 3430 1868; x_wconf 62' lang='lat' dir='ltr'><strong>legem,</strong></span> <span class='ocrx_word' id='word_1_239' title='bbox 3455 1799 3546 1850; x_wconf 63' lang='lat' dir='ltr'><strong>sed</strong></span> <span class='ocrx_word' id='word_1_240' title='bbox 3573 1813 3758 1852; x_wconf 73' lang='grc' dir='ltr'><strong>εεςιιη.</strong></span> 
     </span>
    </p>
   </div>
   <div class='ocr_carea' id='block_1_34' title="bbox 502 1887 2073 1954">
    <p class='ocr_par' dir='ltr' id='par_1_34' title="bbox 502 1887 2073 1954">
     <span class='ocr_line' id='line_1_34' title="bbox 502 1887 2073 1954; baseline -0.004 -7"><span class='ocrx_word' id='word_1_241' title='bbox 502 1894 654 1947; x_wconf 80' lang='lat' dir='ltr'><strong>illum</strong></span> <span class='ocrx_word' id='word_1_242' title='bbox 696 1891 1087 1946; x_wconf 82' lang='lat' dir='ltr'><strong>sublevaudum</strong></span> <span class='ocrx_word' id='word_1_243' title='bbox 1121 1892 1395 1944; x_wconf 90' lang='lat' dir='ltr'><strong>decretum</strong></span> <span class='ocrx_word' id='word_1_244' title='bbox 1429 1887 1609 1954; x_wconf 89' lang='lat' dir='ltr'><strong>fuerit,</strong></span> <span class='ocrx_word' id='word_1_245' title='bbox 1651 1897 1710 1942; x_wconf 92' lang='lat' dir='ltr'><strong>ut</strong></span> <span class='ocrx_word' id='word_1_246' title='bbox 1738 1888 2073 1942; x_wconf 88' lang='lat' dir='ltr'><strong>contrarium</strong></span> 
     </span>
    </p>
   </div>
   <div class='ocr_carea' id='block_1_35' title="bbox 502 1979 2072 2052">
    <p class='ocr_par' dir='ltr' id='par_1_35' title="bbox 502 1979 2072 2052">
     <span class='ocr_line' id='line_1_35' title="bbox 502 1979 2072 2052; baseline -0.004 -16"><span class='ocrx_word' id='word_1_247' title='bbox 502 1984 682 2052; x_wconf 84' lang='lat' dir='ltr'><strong>potius</strong></span> <span class='ocrx_word' id='word_1_248' title='bbox 716 1981 1002 2036; x_wconf 80' lang='lat' dir='ltr'><strong>manifeste</strong></span> <span class='ocrx_word' id='word_1_249' title='bbox 1057 1979 1238 2051; x_wconf 79' lang='lat' dir='ltr'><strong>colligi</strong></span> <span class='ocrx_word' id='word_1_250' title='bbox 1293 1981 1483 2050; x_wconf 90' lang='lat' dir='ltr'><strong>possit.</strong></span> <span class='ocrx_word' id='word_1_251' title='bbox 1539 1979 1752 2034; x_wconf 88' lang='lat' dir='ltr'><strong>Etenim</strong></span> <span class='ocrx_word' id='word_1_252' title='bbox 1809 1995 1930 2034; x_wconf 91' lang='lat' dir='ltr'><strong>can.</strong></span> <span class='ocrx_word' id='word_1_253' title='bbox 1981 1979 2072 2046; x_wconf 69' lang='grc'><strong>47,</strong></span> 
     </span>
    </p>
   </div>
   <div class='ocr_carea' id='block_1_36' title="bbox 503 2069 2072 2142">
    <p class='ocr_par' dir='ltr' id='par_1_36' title="bbox 503 2069 2072 2142">
     <span class='ocr_line' id='line_1_36' title="bbox 503 2069 2072 2142; baseline -0.003 -16"><span class='ocrx_word' id='word_1_254' title='bbox 503 2074 690 2127; x_wconf 76' lang='lat' dir='ltr'><strong>Patres</strong></span> <span class='ocrx_word' id='word_1_255' title='bbox 716 2074 788 2126; x_wconf 90' lang='lat' dir='ltr'><strong>ita</strong></span> <span class='ocrx_word' id='word_1_256' title='bbox 819 2071 1138 2142; x_wconf 71' lang='lat' dir='ltr'><strong>praecipiunt</strong></span> <span class='ocrx_word' id='word_1_257' title='bbox 1167 2089 1178 2123; x_wconf 91' lang='lat'><strong>:</strong></span> <span class='ocrx_word' id='word_1_258' title='bbox 1215 2071 1407 2124; x_wconf 83' lang='lat' dir='ltr'><strong>Missas</strong></span> <span class='ocrx_word' id='word_1_259' title='bbox 1438 2072 1521 2124; x_wconf 91' lang='lat' dir='ltr'><strong>die</strong></span> <span class='ocrx_word' id='word_1_260' title='bbox 1545 2069 1822 2124; x_wconf 90' lang='lat' dir='ltr'><strong>Dominica</strong></span> <span class='ocrx_word' id='word_1_261' title='bbox 1852 2069 2072 2125; x_wconf 75' lang='lat' dir='ltr'><strong>stecula-</strong></span> 
     </span>
    </p>
   </div>
   <div class='ocr_carea' id='block_1_37' title="bbox 502 2161 2076 2231">
    <p class='ocr_par' dir='ltr' id='par_1_37' title="bbox 502 2161 2076 2231">
     <span class='ocr_line' id='line_1_37' title="bbox 502 2161 2076 2231; baseline -0.001 -17"><span class='ocrx_word' id='word_1_262' title='bbox 502 2163 645 2216; x_wconf 87' lang='lat' dir='ltr'><strong>ribus</strong></span> <span class='ocrx_word' id='word_1_263' title='bbox 672 2171 842 2216; x_wconf 86' lang='lat' dir='ltr'><strong>tenere</strong></span> <span class='ocrx_word' id='word_1_264' title='bbox 871 2161 1093 2230; x_wconf 90' lang='lat' dir='ltr'><strong>speciali</strong></span> <span class='ocrx_word' id='word_1_265' title='bbox 1122 2162 1304 2214; x_wconf 82' lang='lat' dir='ltr'><strong>ordine</strong></span> <span class='ocrx_word' id='word_1_266' title='bbox 1328 2161 1690 2231; x_wconf 76' lang='lat' dir='ltr'><strong>prazcipimus,</strong></span> <span class='ocrx_word' id='word_1_267' title='bbox 1731 2162 1812 2213; x_wconf 88' lang='lat' dir='ltr'><strong>ita</strong></span> <span class='ocrx_word' id='word_1_268' title='bbox 1855 2169 1912 2213; x_wconf 87' lang='lat' dir='ltr'><strong>ut</strong></span> <span class='ocrx_word' id='word_1_269' title='bbox 1955 2167 2076 2213; x_wconf 84' lang='lat' dir='ltr'><strong>ante</strong></span> 
     </span>
    </p>
   </div>
   <div class='ocr_carea' id='block_1_38' title="bbox 507 2251 2078 2322">
    <p class='ocr_par' dir='ltr' id='par_1_38' title="bbox 507 2251 2078 2322">
     <span class='ocr_line' id='line_1_38' title="bbox 507 2251 2078 2322; baseline -0.003 -14"><span class='ocrx_word' id='word_1_270' title='bbox 507 2255 916 2308; x_wconf 63' lang='lat' dir='ltr'><strong>benedictionem</strong></span> <span class='ocrx_word' id='word_1_271' title='bbox 960 2253 1250 2306; x_wconf 86' lang='lat' dir='ltr'><strong>sacerdotis</strong></span> <span class='ocrx_word' id='word_1_272' title='bbox 1273 2253 1473 2322; x_wconf 81' lang='lat' dir='ltr'><strong>regredi</strong></span> <span class='ocrx_word' id='word_1_273' title='bbox 1493 2251 1716 2322; x_wconf 86' lang='lat' dir='ltr'><strong>populus</strong></span> <span class='ocrx_word' id='word_1_274' title='bbox 1753 2267 1852 2305; x_wconf 83' lang='lat' dir='ltr'><strong>non</strong></span> <span class='ocrx_word' id='word_1_275' title='bbox 1883 2267 2078 2319; x_wconf 71' lang='lat' dir='ltr'><strong>pra’su-</strong></span> 
     </span>
    </p>
   </div>
   <div class='ocr_carea' id='block_1_39' title="bbox 501 2343 2080 2414">
    <p class='ocr_par' dir='ltr' id='par_1_39' title="bbox 501 2343 2080 2414">
     <span class='ocr_line' id='line_1_39' title="bbox 501 2343 2080 2414; baseline 0 -17"><span class='ocrx_word' id='word_1_276' title='bbox 501 2355 634 2397; x_wconf 86' lang='lat' dir='ltr'><strong>mat.</strong></span> <span class='ocrx_word' id='word_1_277' title='bbox 663 2343 768 2408; x_wconf 78' lang='lat' dir='ltr'><strong>Qui</strong></span> <span class='ocrx_word' id='word_1_278' title='bbox 800 2345 846 2398; x_wconf 88' lang='lat' dir='ltr'><strong>si</strong></span> <span class='ocrx_word' id='word_1_279' title='bbox 869 2345 1107 2413; x_wconf 81' lang='lat' dir='ltr'><strong>fecerint,</strong></span> <span class='ocrx_word' id='word_1_280' title='bbox 1137 2343 1202 2397; x_wconf 87' lang='lat' dir='ltr'><strong>ab</strong></span> <span class='ocrx_word' id='word_1_281' title='bbox 1227 2347 1466 2414; x_wconf 86' lang='lat' dir='ltr'><strong>episcopo</strong></span> <span class='ocrx_word' id='word_1_282' title='bbox 1513 2343 1719 2413; x_wconf 83' lang='lat' dir='ltr'><strong>publice</strong></span> <span class='ocrx_word' id='word_1_283' title='bbox 1755 2345 2080 2412; x_wconf 79' lang='lat' dir='ltr'><strong>confundan-</strong></span> 
     </span>
    </p>
   </div>
   <div class='ocr_carea' id='block_1_40' title="bbox 503 2435 2077 2506">
    <p class='ocr_par' dir='ltr' id='par_1_40' title="bbox 503 2435 2077 2506">
     <span class='ocr_line' id='line_1_40' title="bbox 503 2435 2077 2506; baseline -0.001 -15"><span class='ocrx_word' id='word_1_284' title='bbox 503 2448 608 2491; x_wconf 87' lang='lat' dir='ltr'><strong>tur.</strong></span> <span class='ocrx_word' id='word_1_285' title='bbox 657 2437 820 2506; x_wconf 83' lang='lat' dir='ltr'><strong>Atqui</strong></span> <span class='ocrx_word' id='word_1_286' title='bbox 881 2451 1004 2490; x_wconf 86' lang='lat' dir='ltr'><strong>can.</strong></span> <span class='ocrx_word' id='word_1_287' title='bbox 1048 2435 1115 2490; x_wconf 90' lang='lat'><strong>18</strong></span> <span class='ocrx_word' id='word_1_288' title='bbox 1169 2437 1246 2490; x_wconf 80' lang='lat' dir='ltr'><strong>ita</strong></span> <span class='ocrx_word' id='word_1_289' title='bbox 1313 2438 1502 2492; x_wconf 89' lang='lat' dir='ltr'><strong>statuit</strong></span> <span class='ocrx_word' id='word_1_290' title='bbox 1548 2455 1561 2490; x_wconf 93' lang='lat'><strong>:</strong></span> <span class='ocrx_word' id='word_1_291' title='bbox 1625 2435 1938 2500; x_wconf 67' lang='lat' dir='ltr'><strong>Saeculares,</strong></span> <span class='ocrx_word' id='word_1_292' title='bbox 1987 2438 2077 2506; x_wconf 86' lang='lat' dir='ltr'><strong>qui</strong></span> 
     </span>
    </p>
   </div>
   <div class='ocr_carea' id='block_1_41' title="bbox 502 2525 2077 2591">
    <p class='ocr_par' dir='ltr' id='par_1_41' title="bbox 502 2525 2077 2591">
     <span class='ocr_line' id='line_1_41' title="bbox 502 2525 2077 2591; baseline -0.001 -9"><span class='ocrx_word' id='word_1_293' title='bbox 502 2531 556 2582; x_wconf 88' lang='lat' dir='ltr'><strong>in</strong></span> <span class='ocrx_word' id='word_1_294' title='bbox 601 2527 790 2582; x_wconf 82' lang='lat' dir='ltr'><strong>Natali</strong></span> <span class='ocrx_word' id='word_1_295' title='bbox 827 2527 1061 2590; x_wconf 84' lang='lat' dir='ltr'><strong>Domini,</strong></span> <span class='ocrx_word' id='word_1_296' title='bbox 1107 2525 1338 2591; x_wconf 84' lang='lat' dir='ltr'><strong>Pascha,</strong></span> <span class='ocrx_word' id='word_1_297' title='bbox 1369 2527 1678 2582; x_wconf 84' lang='lat' dir='ltr'><strong>Pentecoste</strong></span> <span class='ocrx_word' id='word_1_298' title='bbox 1707 2543 1810 2582; x_wconf 85' lang='lat' dir='ltr'><strong>non</strong></span> <span class='ocrx_word' id='word_1_299' title='bbox 1842 2543 2077 2581; x_wconf 88' lang='lat' dir='ltr'><strong>commu-</strong></span> 
     </span>
    </p>
   </div>
   <div class='ocr_carea' id='block_1_42' title="bbox 505 2618 2080 2687">
    <p class='ocr_par' dir='ltr' id='par_1_42' title="bbox 505 2618 2080 2687">
     <span class='ocr_line' id='line_1_42' title="bbox 505 2618 2080 2687; baseline -0.002 -12"><span class='ocrx_word' id='word_1_300' title='bbox 505 2623 820 2687; x_wconf 76' lang='lat' dir='ltr'><strong>nicauerint,</strong></span> <span class='ocrx_word' id='word_1_301' title='bbox 850 2619 1100 2674; x_wconf 82' lang='lat' dir='ltr'><strong>catholici</strong></span> <span class='ocrx_word' id='word_1_302' title='bbox 1129 2636 1233 2672; x_wconf 83' lang='lat' dir='ltr'><strong>non</strong></span> <span class='ocrx_word' id='word_1_303' title='bbox 1279 2619 1581 2683; x_wconf 85' lang='lat' dir='ltr'><strong>credantur,</strong></span> <span class='ocrx_word' id='word_1_304' title='bbox 1610 2635 1701 2672; x_wconf 82' lang='lat' dir='ltr'><strong>nec</strong></span> <span class='ocrx_word' id='word_1_305' title='bbox 1733 2621 1871 2672; x_wconf 84' lang='lat' dir='ltr'><strong>inter</strong></span> <span class='ocrx_word' id='word_1_306' title='bbox 1899 2618 2080 2672; x_wconf 85' lang='lat' dir='ltr'><strong>catho-</strong></span> 
     </span>
    </p>
   </div>
   <div class='ocr_carea' id='block_1_43' title="bbox 502 2709 2082 2781">
    <p class='ocr_par' dir='ltr' id='par_1_43' title="bbox 502 2709 2082 2781">
     <span class='ocr_line' id='line_1_43' title="bbox 502 2709 2082 2781; baseline -0.001 -16"><span class='ocrx_word' id='word_1_307' title='bbox 502 2713 631 2766; x_wconf 86' lang='lat' dir='ltr'><strong>licos</strong></span> <span class='ocrx_word' id='word_1_308' title='bbox 675 2711 986 2765; x_wconf 83' lang='lat' dir='ltr'><strong>habeantur.</strong></span> <span class='ocrx_word' id='word_1_309' title='bbox 1020 2709 1122 2764; x_wconf 84' lang='lat' dir='ltr'><strong>Hic</strong></span> <span class='ocrx_word' id='word_1_310' title='bbox 1147 2711 1320 2765; x_wconf 89' lang='lat' dir='ltr'><strong>tribus</strong></span> <span class='ocrx_word' id='word_1_311' title='bbox 1345 2710 1611 2766; x_wconf 81' lang='lat' dir='ltr'><strong>duntaxat</strong></span> <span class='ocrx_word' id='word_1_312' title='bbox 1633 2711 1824 2766; x_wconf 87' lang='lat' dir='ltr'><strong>diebus</strong></span> <span class='ocrx_word' id='word_1_313' title='bbox 1855 2721 2082 2781; x_wconf 88' lang='lat' dir='ltr'><strong>quotan-</strong></span> 
     </span>
    </p>
   </div>
   <div class='ocr_carea' id='block_1_44' title="bbox 503 2801 2082 2888">
    <p class='ocr_par' dir='ltr' id='par_1_44' title="bbox 503 2801 2082 2888">
     <span class='ocr_line' id='line_1_44' title="bbox 503 2801 2082 2888; baseline 0.001 -32"><span class='ocrx_word' id='word_1_314' title='bbox 503 2804 592 2888; x_wconf 70' lang='lat' dir='ltr'><strong>pis</strong></span> <span class='ocrx_word' id='word_1_315' title='bbox 642 2803 829 2859; x_wconf 80' lang='lat' dir='ltr'><strong>fideles</strong></span> <span class='ocrx_word' id='word_1_316' title='bbox 878 2803 946 2858; x_wconf 89' lang='lat' dir='ltr'><strong>ad</strong></span> <span class='ocrx_word' id='word_1_317' title='bbox 997 2803 1440 2857; x_wconf 88' lang='lat' dir='ltr'><strong>communionem</strong></span> <span class='ocrx_word' id='word_1_318' title='bbox 1481 2801 1799 2872; x_wconf 86' lang='lat' dir='ltr'><strong>compellit:</strong></span> <span class='ocrx_word' id='word_1_319' title='bbox 1831 2803 1942 2858; x_wconf 92' lang='lat' dir='ltr'><strong>illic</strong></span> <span class='ocrx_word' id='word_1_320' title='bbox 1976 2803 2082 2858; x_wconf 88' lang='lat' dir='ltr'><strong>Do-</strong></span> 
     </span>
    </p>
   </div>
   <div class='ocr_carea' id='block_1_45' title="bbox 503 2893 2083 2965">
    <p class='ocr_par' dir='ltr' id='par_1_45' title="bbox 503 2893 2083 2965">
     <span class='ocr_line' id='line_1_45' title="bbox 503 2893 2083 2965; baseline 0.001 -17"><span class='ocrx_word' id='word_1_321' title='bbox 503 2893 720 2950; x_wconf 89' lang='lat' dir='ltr'><strong>minicis</strong></span> <span class='ocrx_word' id='word_1_322' title='bbox 783 2894 1012 2965; x_wconf 82' lang='lat' dir='ltr'><strong>singulis</strong></span> <span class='ocrx_word' id='word_1_323' title='bbox 1067 2893 1226 2964; x_wconf 88' lang='lat' dir='ltr'><strong>jubet</strong></span> <span class='ocrx_word' id='word_1_324' title='bbox 1287 2894 1476 2948; x_wconf 91' lang='lat' dir='ltr'><strong>audire</strong></span> <span class='ocrx_word' id='word_1_325' title='bbox 1533 2895 1779 2950; x_wconf 91' lang='lat' dir='ltr'><strong>missam.</strong></span> <span class='ocrx_word' id='word_1_326' title='bbox 1839 2893 1958 2950; x_wconf 84' lang='lat' dir='ltr'><strong>Non</strong></span> <span class='ocrx_word' id='word_1_327' title='bbox 2000 2904 2083 2950; x_wconf 89' lang='lat' dir='ltr'><strong>est</strong></span> 
     </span>
    </p>
   </div>
   <div class='ocr_carea' id='block_1_46' title="bbox 505 2985 2082 3055">
    <p class='ocr_par' dir='ltr' id='par_1_46' title="bbox 505 2985 2082 3055">
     <span class='ocr_line' id='line_1_46' title="bbox 505 2985 2082 3055; baseline 0.001 -15"><span class='ocrx_word' id='word_1_328' title='bbox 505 2985 670 3055; x_wconf 76' lang='lat' dir='ltr'><strong>igitur</strong></span> <span class='ocrx_word' id='word_1_329' title='bbox 711 2986 852 3042; x_wconf 90' lang='lat' dir='ltr'><strong>idem</strong></span> <span class='ocrx_word' id='word_1_330' title='bbox 893 2987 1080 3040; x_wconf 84' lang='lat' dir='ltr'><strong>audire</strong></span> <span class='ocrx_word' id='word_1_331' title='bbox 1135 2986 1374 3048; x_wconf 80' lang='lat' dir='ltr'><strong>missam,</strong></span> <span class='ocrx_word' id='word_1_332' title='bbox 1431 2999 1494 3042; x_wconf 91' lang='lat' dir='ltr'><strong>ac</strong></span> <span class='ocrx_word' id='word_1_333' title='bbox 1539 2988 1956 3052; x_wconf 83' lang='lat' dir='ltr'><strong>communicare;</strong></span> <span class='ocrx_word' id='word_1_334' title='bbox 1980 3001 2082 3042; x_wconf 86' lang='lat' dir='ltr'><strong>nec</strong></span> 
     </span>
    </p>
   </div>
   <div class='ocr_carea' id='block_1_47' title="bbox 503 3076 2081 3150">
    <p class='ocr_par' dir='ltr' id='par_1_47' title="bbox 503 3076 2081 3150">
     <span class='ocr_line' id='line_1_47' title="bbox 503 3076 2081 3150; baseline -0.001 -16"><span class='ocrx_word' id='word_1_335' title='bbox 503 3078 670 3134; x_wconf 73' lang='lat' dir='ltr'><strong>ambo</strong></span> <span class='ocrx_word' id='word_1_336' title='bbox 701 3077 790 3132; x_wconf 87' lang='lat' dir='ltr'><strong>illa</strong></span> <span class='ocrx_word' id='word_1_337' title='bbox 827 3077 1066 3133; x_wconf 83' lang='lat' dir='ltr'><strong>fidelium</strong></span> <span class='ocrx_word' id='word_1_338' title='bbox 1095 3093 1196 3133; x_wconf 90' lang='lat' dir='ltr'><strong>usu</strong></span> <span class='ocrx_word' id='word_1_339' title='bbox 1251 3076 1620 3149; x_wconf 71' lang='lat' dir='ltr'><strong>Ecclesizeque</strong></span> <span class='ocrx_word' id='word_1_340' title='bbox 1654 3079 1858 3134; x_wconf 82' lang='lat' dir='ltr'><strong>veteris</strong></span> <span class='ocrx_word' id='word_1_341' title='bbox 1889 3093 2081 3150; x_wconf 85' lang='lat' dir='ltr'><strong>perpe-</strong></span> 
     </span>
    </p>
   </div>
   <div class='ocr_carea' id='block_1_48' title="bbox 507 3167 1117 3240">
    <p class='ocr_par' dir='ltr' id='par_1_48' title="bbox 507 3167 1117 3240">
     <span class='ocr_line' id='line_1_48' title="bbox 507 3167 1117 3240; baseline 0 -18"><span class='ocrx_word' id='word_1_342' title='bbox 507 3181 602 3224; x_wconf 93' lang='lat' dir='ltr'><strong>tuo</strong></span> <span class='ocrx_word' id='word_1_343' title='bbox 629 3167 779 3223; x_wconf 90' lang='lat' dir='ltr'><strong>fuere</strong></span> <span class='ocrx_word' id='word_1_344' title='bbox 806 3169 1117 3240; x_wconf 88' lang='lat' dir='ltr'><strong>conjuncta.</strong></span> 
     </span>
    </p>
   </div>
   <div class='ocr_carea' id='block_1_49' title="bbox 575 3259 2084 3332">
    <p class='ocr_par' dir='ltr' id='par_1_49' title="bbox 575 3259 2084 3332">
     <span class='ocr_line' id='line_1_49' title="bbox 575 3259 2084 3332; baseline 0.001 -16"><span class='ocrx_word' id='word_1_345' title='bbox 575 3259 691 3316; x_wconf 87' lang='lat' dir='ltr'><strong>Col.</strong></span> <span class='ocrx_word' id='word_1_346' title='bbox 723 3261 826 3316; x_wconf 85' lang='lat'><strong>885</strong></span> <span class='ocrx_word' id='word_1_347' title='bbox 849 3261 908 3316; x_wconf 90' lang='grc' dir='ltr'><strong>Β.</strong></span> <span class='ocrx_word' id='word_1_348' title='bbox 943 3261 1180 3330; x_wconf 82' lang='grc' dir='ltr'>Τετράδι</span> <span class='ocrx_word' id='word_1_349' title='bbox 1205 3261 1274 3316; x_wconf 74' lang='grc' dir='ltr'><em>δὲ</em></span> <span class='ocrx_word' id='word_1_350' title='bbox 1288 3261 1385 3316; x_wconf 78' lang='grc' dir='ltr'><strong>καὶ</strong></span> <span class='ocrx_word' id='word_1_351' title='bbox 1415 3261 1486 3316; x_wconf 83' lang='grc' dir='ltr'><strong>ἐν</strong></span> <span class='ocrx_word' id='word_1_352' title='bbox 1507 3261 1912 3332; x_wconf 76' lang='grc' dir='ltr'>προσασϐἁτῳ.</span> <span class='ocrx_word' id='word_1_353' title='bbox 1933 3261 2084 3317; x_wconf 82' lang='lat' dir='ltr'><strong>Anti-</strong></span> 
     </span>
    </p>
   </div>
   <div class='ocr_carea' id='block_1_50' title="bbox 405 3351 2084 3425">
    <p class='ocr_par' dir='ltr' id='par_1_50' title="bbox 405 3351 2084 3425">
     <span class='ocr_line' id='line_1_50' title="bbox 405 3351 2084 3425; baseline 0.002 -21"><span class='ocrx_word' id='word_1_354' title='bbox 405 3419 408 3422; x_wconf 21' lang='lat'><strong><em>.</em></strong></span> <span class='ocrx_word' id='word_1_355' title='bbox 503 3351 865 3422; x_wconf 90' lang='lat' dir='ltr'><strong>quissimacst</strong></span> <span class='ocrx_word' id='word_1_356' title='bbox 879 3353 1158 3424; x_wconf 88' lang='lat' dir='ltr'><strong>utriusque</strong></span> <span class='ocrx_word' id='word_1_357' title='bbox 1171 3353 1362 3425; x_wconf 84' lang='lat' dir='ltr'><strong>jejuuii</strong></span> <span class='ocrx_word' id='word_1_358' title='bbox 1377 3353 1583 3423; x_wconf 78' lang='lat' dir='ltr'><strong>religio,</strong></span> <span class='ocrx_word' id='word_1_359' title='bbox 1602 3353 2084 3422; x_wconf 78' lang='lat' dir='ltr'><strong>cujusetinAeria-</strong></span> 
     </span>
    </p>
   </div>
   <div class='ocr_carea' id='block_1_51' title="bbox 505 3441 2082 3514">
    <p class='ocr_par' dir='ltr' id='par_1_51' title="bbox 505 3441 2082 3514">
     <span class='ocr_line' id='line_1_51' title="bbox 505 3441 2082 3514; baseline 0.001 -18"><span class='ocrx_word' id='word_1_360' title='bbox 505 3441 592 3497; x_wconf 88' lang='lat' dir='ltr'><strong>nis</strong></span> <span class='ocrx_word' id='word_1_361' title='bbox 619 3457 784 3512; x_wconf 88' lang='lat' dir='ltr'><strong>supra</strong></span> <span class='ocrx_word' id='word_1_362' title='bbox 813 3443 1144 3498; x_wconf 88' lang='lat' dir='ltr'><strong>mentionem</strong></span> <span class='ocrx_word' id='word_1_363' title='bbox 1170 3444 1297 3514; x_wconf 90' lang='lat' dir='ltr'><strong>egit.</strong></span> <span class='ocrx_word' id='word_1_364' title='bbox 1323 3445 1377 3498; x_wconf 91' lang='lat' dir='ltr'><strong>ln</strong></span> <span class='ocrx_word' id='word_1_365' title='bbox 1399 3457 1596 3499; x_wconf 86' lang='lat' dir='ltr'><strong>canon.</strong></span> <span class='ocrx_word' id='word_1_366' title='bbox 1627 3441 1816 3514; x_wconf 81' lang='lat' dir='ltr'><strong>Apost.</strong></span> <span class='ocrx_word' id='word_1_367' title='bbox 1835 3441 1927 3509; x_wconf 85' lang='lat'><strong>69,</strong></span> <span class='ocrx_word' id='word_1_368' title='bbox 1958 3457 2082 3497; x_wconf 85' lang='lat' dir='ltr'><strong>cum</strong></span> 
     </span>
    </p>
   </div>
   <div class='ocr_carea' id='block_1_52' title="bbox 505 3533 2078 3607">
    <p class='ocr_par' dir='ltr' id='par_1_52' title="bbox 505 3533 2078 3607">
     <span class='ocr_line' id='line_1_52' title="bbox 505 3533 2078 3607; baseline 0.003 -23"><span class='ocrx_word' id='word_1_369' title='bbox 505 3533 983 3604; x_wconf 84' lang='lat' dir='ltr'><strong>quadragesimali,</strong></span> <span class='ocrx_word' id='word_1_370' title='bbox 1019 3535 1278 3607; x_wconf 80' lang='grc' dir='ltr'>τετράδος</span> <span class='ocrx_word' id='word_1_371' title='bbox 1331 3545 1386 3589; x_wconf 86' lang='lat' dir='ltr'><strong>et</strong></span> <span class='ocrx_word' id='word_1_372' title='bbox 1427 3537 1784 3607; x_wconf 80' lang='grc' dir='ltr'>παρασκευῆς</span> <span class='ocrx_word' id='word_1_373' title='bbox 1807 3533 2078 3605; x_wconf 73' lang='lat' dir='ltr'><strong>jejunium</strong></span> 
     </span>
    </p>
   </div>
   <div class='ocr_carea' id='block_1_53' title="bbox 505 3627 2082 3698">
    <p class='ocr_par' dir='ltr' id='par_1_53' title="bbox 505 3627 2082 3698">
     <span class='ocr_line' id='line_1_53' title="bbox 505 3627 2082 3698; baseline 0 -16"><span class='ocrx_word' id='word_1_374' title='bbox 505 3627 695 3682; x_wconf 83' lang='lat' dir='ltr'><strong>eadem</strong></span> <span class='ocrx_word' id='word_1_375' title='bbox 745 3627 1028 3682; x_wconf 90' lang='lat' dir='ltr'><strong>sanctione</strong></span> <span class='ocrx_word' id='word_1_376' title='bbox 1093 3629 1428 3698; x_wconf 71' lang='lat' dir='ltr'><strong>praecipitur.</strong></span> <span class='ocrx_word' id='word_1_377' title='bbox 1481 3628 1560 3682; x_wconf 83' lang='lat' dir='ltr'><strong>Ad</strong></span> <span class='ocrx_word' id='word_1_378' title='bbox 1607 3643 1769 3698; x_wconf 87' lang='lat' dir='ltr'><strong>quem</strong></span> <span class='ocrx_word' id='word_1_379' title='bbox 1831 3628 2082 3684; x_wconf 81' lang='lat' dir='ltr'><strong>Balsama</strong></span> 
     </span>
    </p>
   </div>
   <div class='ocr_carea' id='block_1_54' title="bbox 506 3718 2082 3789">
    <p class='ocr_par' dir='ltr' id='par_1_54' title="bbox 506 3718 2082 3789">
     <span class='ocr_line' id='line_1_54' title="bbox 506 3718 2082 3789; baseline -0.001 -15"><span class='ocrx_word' id='word_1_380' title='bbox 506 3719 654 3774; x_wconf 88' lang='lat' dir='ltr'><strong>istttd</strong></span> <span class='ocrx_word' id='word_1_381' title='bbox 685 3719 910 3774; x_wconf 84' lang='lat' dir='ltr'><strong>adnotat</strong></span> <span class='ocrx_word' id='word_1_382' title='bbox 939 3739 951 3774; x_wconf 89' lang='lat'><strong>:</strong></span> <span class='ocrx_word' id='word_1_383' title='bbox 985 3719 1206 3789; x_wconf 81' lang='lat' dir='ltr'><strong>perinde</strong></span> <span class='ocrx_word' id='word_1_384' title='bbox 1236 3719 1452 3773; x_wconf 86' lang='lat' dir='ltr'><strong>duabus</strong></span> <span class='ocrx_word' id='word_1_385' title='bbox 1496 3719 1601 3773; x_wconf 84' lang='lat' dir='ltr'><strong>illis</strong></span> <span class='ocrx_word' id='word_1_386' title='bbox 1631 3718 1802 3782; x_wconf 86' lang='lat' dir='ltr'><strong>feriis,</strong></span> <span class='ocrx_word' id='word_1_387' title='bbox 1829 3729 1994 3788; x_wconf 86' lang='lat' dir='ltr'><strong>atque</strong></span> <span class='ocrx_word' id='word_1_388' title='bbox 2029 3719 2082 3772; x_wconf 89' lang='lat' dir='ltr'><strong>in</strong></span> 
     </span>
    </p>
   </div>
   <div class='ocr_carea' id='block_1_55' title="bbox 506 3808 2086 3882">
    <p class='ocr_par' dir='ltr' id='par_1_55' title="bbox 506 3808 2086 3882">
     <span class='ocr_line' id='line_1_55' title="bbox 506 3808 2086 3882; baseline 0 -18"><span class='ocrx_word' id='word_1_389' title='bbox 506 3811 956 3882; x_wconf 85' lang='lat' dir='ltr'><strong>Quadragesima,</strong></span> <span class='ocrx_word' id='word_1_390' title='bbox 979 3809 1314 3882; x_wconf 71' lang='grc' dir='ltr'>ξηροφαγίαν</span> <span class='ocrx_word' id='word_1_391' title='bbox 1345 3811 1641 3879; x_wconf 74' lang='lat' dir='ltr'><strong>praescribi.</strong></span> <span class='ocrx_word' id='word_1_392' title='bbox 1675 3808 1814 3862; x_wconf 85' lang='lat' dir='ltr'><strong>Tum</strong></span> <span class='ocrx_word' id='word_1_393' title='bbox 1851 3825 1918 3864; x_wconf 90' lang='lat' dir='ltr'><strong>ne</strong></span> <span class='ocrx_word' id='word_1_394' title='bbox 1947 3825 2086 3879; x_wconf 75' lang='lat' dir='ltr'><strong>prae-</strong></span> 
     </span>
    </p>
   </div>
   <div class='ocr_carea' id='block_1_56' title="bbox 508 3901 2082 3974">
    <p class='ocr_par' dir='ltr' id='par_1_56' title="bbox 508 3901 2082 3974">
     <span class='ocr_line' id='line_1_56' title="bbox 508 3901 2082 3974; baseline -0.001 -18"><span class='ocrx_word' id='word_1_395' title='bbox 508 3905 646 3957; x_wconf 87' lang='lat' dir='ltr'><strong>senti</strong></span> <span class='ocrx_word' id='word_1_396' title='bbox 699 3903 919 3974; x_wconf 90' lang='lat' dir='ltr'><strong>quidem</strong></span> <span class='ocrx_word' id='word_1_397' title='bbox 969 3903 1163 3957; x_wconf 89' lang='lat' dir='ltr'><strong>mortis</strong></span> <span class='ocrx_word' id='word_1_398' title='bbox 1209 3901 1266 3956; x_wconf 92' lang='lat' dir='ltr'><strong>in</strong></span> <span class='ocrx_word' id='word_1_399' title='bbox 1329 3901 1570 3970; x_wconf 86' lang='lat' dir='ltr'><strong>periculo</strong></span> <span class='ocrx_word' id='word_1_400' title='bbox 1623 3902 1885 3956; x_wconf 89' lang='lat' dir='ltr'><strong>carnibus</strong></span> <span class='ocrx_word' id='word_1_401' title='bbox 1938 3901 2082 3957; x_wconf 88' lang='lat' dir='ltr'><strong>vesci</strong></span> 
     </span>
    </p>
   </div>
   <div class='ocr_carea' id='block_1_57' title="bbox 507 3993 2084 4065">
    <p class='ocr_par' dir='ltr' id='par_1_57' title="bbox 507 3993 2084 4065">
     <span class='ocr_line' id='line_1_57' title="bbox 507 3993 2084 4065; baseline -0.001 -16"><span class='ocrx_word' id='word_1_402' title='bbox 507 3995 690 4050; x_wconf 88' lang='lat' dir='ltr'><strong>licere.</strong></span> <span class='ocrx_word' id='word_1_403' title='bbox 737 3993 979 4065; x_wconf 86' lang='lat' dir='ltr'><strong>lgnatius</strong></span> <span class='ocrx_word' id='word_1_404' title='bbox 1018 3995 1178 4064; x_wconf 91' lang='lat' dir='ltr'><strong>epist.</strong></span> <span class='ocrx_word' id='word_1_405' title='bbox 1213 3993 1339 4048; x_wconf 81' lang='lat' dir='ltr'><strong>5nd</strong></span> <span class='ocrx_word' id='word_1_406' title='bbox 1383 3993 1616 4062; x_wconf 82' lang='lat' dir='ltr'><strong>Philipp.</strong></span> <span class='ocrx_word' id='word_1_407' title='bbox 1663 3993 1906 4062; x_wconf 81' lang='lat' dir='ltr'><strong>ejusdem</strong></span> <span class='ocrx_word' id='word_1_408' title='bbox 1948 4007 2084 4063; x_wconf 70' lang='lat' dir='ltr'><strong>pree-</strong></span> 
     </span>
    </p>
   </div>
   <div class='ocr_carea' id='block_1_58' title="bbox 508 4085 2081 4156">
    <p class='ocr_par' dir='ltr' id='par_1_58' title="bbox 508 4085 2081 4156">
     <span class='ocr_line' id='line_1_58' title="bbox 508 4085 2081 4156; baseline -0.001 -16"><span class='ocrx_word' id='word_1_409' title='bbox 508 4087 650 4156; x_wconf 87' lang='lat' dir='ltr'><strong>cepti</strong></span> <span class='ocrx_word' id='word_1_410' title='bbox 692 4087 962 4141; x_wconf 87' lang='lat' dir='ltr'><strong>meminit.</strong></span> <span class='ocrx_word' id='word_1_411' title='bbox 993 4085 1048 4140; x_wconf 88' lang='lat' dir='ltr'><strong>In</strong></span> <span class='ocrx_word' id='word_1_412' title='bbox 1079 4085 1308 4140; x_wconf 89' lang='lat' dir='ltr'><strong>Constit.</strong></span> <span class='ocrx_word' id='word_1_413' title='bbox 1353 4093 1522 4154; x_wconf 88' lang='lat' dir='ltr'><strong>apost.</strong></span> <span class='ocrx_word' id='word_1_414' title='bbox 1557 4085 1651 4138; x_wconf 88' lang='lat' dir='ltr'><strong>lib.</strong></span> <span class='ocrx_word' id='word_1_415' title='bbox 1690 4101 1788 4150; x_wconf 76' lang='lat' dir='ltr'><strong>vn,</strong></span> <span class='ocrx_word' id='word_1_416' title='bbox 1842 4100 1964 4154; x_wconf 85' lang='lat' dir='ltr'><strong>cap.</strong></span> <span class='ocrx_word' id='word_1_417' title='bbox 1991 4085 2081 4150; x_wconf 74' lang='lat'><strong>21,</strong></span> 
     </span>
    </p>
   </div>
   <div class='ocr_carea' id='block_1_59' title="bbox 507 4178 2081 4251">
    <p class='ocr_par' dir='ltr' id='par_1_59' title="bbox 507 4178 2081 4251">
     <span class='ocr_line' id='line_1_59' title="bbox 507 4178 2081 4251; baseline -0.001 -17"><span class='ocrx_word' id='word_1_418' title='bbox 507 4194 675 4234; x_wconf 88' lang='lat' dir='ltr'><strong>causa</strong></span> <span class='ocrx_word' id='word_1_419' title='bbox 724 4195 821 4234; x_wconf 89' lang='lat' dir='ltr'><strong>cur</strong></span> <span class='ocrx_word' id='word_1_420' title='bbox 873 4179 1088 4251; x_wconf 84' lang='grc' dir='ltr'>τετράδι</span> <span class='ocrx_word' id='word_1_421' title='bbox 1132 4179 1487 4249; x_wconf 90' lang='lat' dir='ltr'><strong>jejuuandum</strong></span> <span class='ocrx_word' id='word_1_422' title='bbox 1535 4179 1605 4233; x_wconf 85' lang='lat' dir='ltr'><strong>sit</strong></span> <span class='ocrx_word' id='word_1_423' title='bbox 1655 4179 1770 4233; x_wconf 80' lang='lat' dir='ltr'><strong>haec</strong></span> <span class='ocrx_word' id='word_1_424' title='bbox 1812 4178 2081 4234; x_wconf 70' lang='lat' dir='ltr'><strong>affertur:</strong></span> 
     </span>
    </p>
   </div>
   <div class='ocr_carea' id='block_1_60' title="bbox 509 4269 2084 4342">
    <p class='ocr_par' dir='ltr' id='par_1_60' title="bbox 509 4269 2084 4342">
     <span class='ocr_line' id='line_1_60' title="bbox 509 4269 2084 4342; baseline 0.001 -19"><span class='ocrx_word' id='word_1_425' title='bbox 509 4272 654 4342; x_wconf 89' lang='lat' dir='ltr'><strong>quod</strong></span> <span class='ocrx_word' id='word_1_426' title='bbox 686 4281 738 4326; x_wconf 90' lang='lat' dir='ltr'><strong>et</strong></span> <span class='ocrx_word' id='word_1_427' title='bbox 767 4270 899 4326; x_wconf 88' lang='lat' dir='ltr'><strong>feria</strong></span> <span class='ocrx_word' id='word_1_428' title='bbox 939 4283 1133 4341; x_wconf 85' lang='lat' dir='ltr'><strong>quarta</strong></span> <span class='ocrx_word' id='word_1_429' title='bbox 1178 4271 1538 4326; x_wconf 87' lang='lat' dir='ltr'><strong>deliberatum</strong></span> <span class='ocrx_word' id='word_1_430' title='bbox 1581 4287 1611 4326; x_wconf 91' lang='lat' dir='ltr'><strong>a</strong></span> <span class='ocrx_word' id='word_1_431' title='bbox 1640 4269 1843 4326; x_wconf 70' lang='lat' dir='ltr'><strong>Iudaeis</strong></span> <span class='ocrx_word' id='word_1_432' title='bbox 1890 4279 1975 4326; x_wconf 88' lang='lat' dir='ltr'><strong>est</strong></span> <span class='ocrx_word' id='word_1_433' title='bbox 2019 4271 2084 4325; x_wconf 92' lang='lat' dir='ltr'><strong>de</strong></span> 
     </span>
    </p>
   </div>
   <div class='ocr_carea' id='block_1_61' title="bbox 510 4361 2084 4434">
    <p class='ocr_par' dir='ltr' id='par_1_61' title="bbox 510 4361 2084 4434">
     <span class='ocr_line' id='line_1_61' title="bbox 510 4361 2084 4434; baseline -0.001 -17"><span class='ocrx_word' id='word_1_434' title='bbox 510 4363 887 4418; x_wconf 77' lang='lat' dir='ltr'><strong>interficiendo</strong></span> <span class='ocrx_word' id='word_1_435' title='bbox 916 4364 1158 4428; x_wconf 85' lang='lat' dir='ltr'><strong>Christo,</strong></span> <span class='ocrx_word' id='word_1_436' title='bbox 1200 4375 1252 4417; x_wconf 91' lang='lat' dir='ltr'><strong>et</strong></span> <span class='ocrx_word' id='word_1_437' title='bbox 1281 4361 1450 4420; x_wconf 72' lang='lat' dir='ltr'><strong>ludas</strong></span> <span class='ocrx_word' id='word_1_438' title='bbox 1483 4379 1702 4434; x_wconf 88' lang='lat' dir='ltr'><strong>operam</strong></span> <span class='ocrx_word' id='word_1_439' title='bbox 1747 4379 1902 4420; x_wconf 88' lang='lat' dir='ltr'><strong>suam</strong></span> <span class='ocrx_word' id='word_1_440' title='bbox 1925 4364 2084 4418; x_wconf 83' lang='lat' dir='ltr'><strong>detu-</strong></span> 
     </span>
    </p>
   </div>
   <div class='ocr_carea' id='block_1_62' title="bbox 2177 1891 3758 1966">
    <p class='ocr_par' dir='ltr' id='par_1_62' title="bbox 2177 1891 3758 1966">
     <span class='ocr_line' id='line_1_62' title="bbox 2177 1891 3758 1966; baseline -0.006 -16"><span class='ocrx_word' id='word_1_441' title='bbox 2177 1898 2302 1950; x_wconf 88' lang='lat' dir='ltr'><strong>dum</strong></span> <span class='ocrx_word' id='word_1_442' title='bbox 2343 1894 2612 1966; x_wconf 79' lang='lat' dir='ltr'><strong>propriam</strong></span> <span class='ocrx_word' id='word_1_443' title='bbox 2649 1894 2969 1947; x_wconf 83' lang='lat' dir='ltr'><strong>voluntatem</strong></span> <span class='ocrx_word' id='word_1_444' title='bbox 3000 1909 3020 1946; x_wconf 85' lang='lat'><strong>.&#39;</strong></span> <span class='ocrx_word' id='word_1_445' title='bbox 3059 1891 3246 1958; x_wconf 87' lang='lat' dir='ltr'><strong>statio,</strong></span> <span class='ocrx_word' id='word_1_446' title='bbox 3293 1891 3592 1944; x_wconf 83' lang='lat' dir='ltr'><strong>observatio</strong></span> <span class='ocrx_word' id='word_1_447' title='bbox 3643 1897 3758 1942; x_wconf 89' lang='lat' dir='ltr'><strong>sta-</strong></span> 
     </span>
    </p>
   </div>
   <div class='ocr_carea' id='block_1_63' title="bbox 2178 1979 3762 2056">
    <p class='ocr_par' dir='ltr' id='par_1_63' title="bbox 2178 1979 3762 2056">
     <span class='ocr_line' id='line_1_63' title="bbox 2178 1979 3762 2056; baseline -0.006 -14"><span class='ocrx_word' id='word_1_448' title='bbox 2178 1998 2414 2042; x_wconf 87' lang='lat' dir='ltr'><strong>tutorum</strong></span> <span class='ocrx_word' id='word_1_449' title='bbox 2447 1987 2674 2054; x_wconf 89' lang='lat' dir='ltr'><strong>dierum,</strong></span> <span class='ocrx_word' id='word_1_450' title='bbox 2714 1992 2997 2056; x_wconf 79' lang='lat' dir='ltr'><strong>utquarta:</strong></span> <span class='ocrx_word' id='word_1_451' title='bbox 3020 1995 3069 2038; x_wconf 86' lang='lat' dir='ltr'><strong>et</strong></span> <span class='ocrx_word' id='word_1_452' title='bbox 3112 1991 3274 2038; x_wconf 69' lang='lat' dir='ltr'><strong>sexta:</strong></span> <span class='ocrx_word' id='word_1_453' title='bbox 3309 1981 3476 2050; x_wconf 72' lang='lat' dir='ltr'><strong>ferite,</strong></span> <span class='ocrx_word' id='word_1_454' title='bbox 3511 1979 3590 2034; x_wconf 80' lang='lat' dir='ltr'><strong>vel</strong></span> <span class='ocrx_word' id='word_1_455' title='bbox 3617 1981 3762 2047; x_wconf 86' lang='lat' dir='ltr'><strong>Qua-</strong></span> 
     </span>
    </p>
   </div>
   <div class='ocr_carea' id='block_1_64' title="bbox 2177 2073 3760 2152">
    <p class='ocr_par' dir='ltr' id='par_1_64' title="bbox 2177 2073 3760 2152">
     <span class='ocr_line' id='line_1_64' title="bbox 2177 2073 3760 2152; baseline -0.006 -18"><span class='ocrx_word' id='word_1_456' title='bbox 2177 2080 2507 2152; x_wconf 73' lang='lat' dir='ltr'><strong>dragesimat.</strong></span> <span class='ocrx_word' id='word_1_457' title='bbox 2545 2075 2798 2132; x_wconf 84' lang='lat' dir='ltr'><strong>Citantur</strong></span> <span class='ocrx_word' id='word_1_458' title='bbox 2840 2082 2894 2130; x_wconf 91' lang='lat' dir='ltr'><strong>et</strong></span> <span class='ocrx_word' id='word_1_459' title='bbox 2937 2075 3052 2131; x_wconf 69' lang='lat' dir='ltr'><strong>haec</strong></span> <span class='ocrx_word' id='word_1_460' title='bbox 3090 2073 3230 2144; x_wconf 86' lang='lat' dir='ltr'><strong>apud</strong></span> <span class='ocrx_word' id='word_1_461' title='bbox 3279 2073 3580 2128; x_wconf 86' lang='lat' dir='ltr'><strong>Pamelium</strong></span> <span class='ocrx_word' id='word_1_462' title='bbox 3623 2073 3760 2125; x_wconf 82' lang='lat' dir='ltr'><strong>Am-</strong></span> 
     </span>
    </p>
   </div>
   <div class='ocr_carea' id='block_1_65' title="bbox 2178 2164 3758 2234">
    <p class='ocr_par' dir='ltr' id='par_1_65' title="bbox 2178 2164 3758 2234">
     <span class='ocr_line' id='line_1_65' title="bbox 2178 2164 3758 2234; baseline -0.008 -6"><span class='ocrx_word' id='word_1_463' title='bbox 2178 2171 2345 2228; x_wconf 88' lang='lat' dir='ltr'><strong>brosii</strong></span> <span class='ocrx_word' id='word_1_464' title='bbox 2391 2169 2554 2225; x_wconf 88' lang='lat' dir='ltr'><strong>verba</strong></span> <span class='ocrx_word' id='word_1_465' title='bbox 2585 2183 2750 2226; x_wconf 90' lang='lat' dir='ltr'><strong>serm.</strong></span> <span class='ocrx_word' id='word_1_466' title='bbox 2781 2165 2849 2221; x_wconf 82' lang='lat'><strong>&#39;56</strong></span> <span class='ocrx_word' id='word_1_467' title='bbox 2880 2185 2893 2222; x_wconf 91' lang='lat'>:</span> <span class='ocrx_word' id='word_1_468' title='bbox 2940 2165 3207 2221; x_wconf 87' lang='lat' dir='ltr'><strong>Stationes</strong></span> <span class='ocrx_word' id='word_1_469' title='bbox 3249 2173 3502 2219; x_wconf 79' lang='lat' dir='ltr'><strong>vocantur</strong></span> <span class='ocrx_word' id='word_1_470' title='bbox 3527 2164 3758 2234; x_wconf 73' lang='lat' dir='ltr'><strong>jejunio,</strong></span> 
     </span>
    </p>
   </div>
   <div class='ocr_carea' id='block_1_66' title="bbox 2177 2253 3760 2335">
    <p class='ocr_par' dir='ltr' id='par_1_66' title="bbox 2177 2253 3760 2335">
     <span class='ocr_line' id='line_1_66' title="bbox 2177 2253 3760 2335; baseline -0.007 -18"><span class='ocrx_word' id='word_1_471' title='bbox 2177 2263 2316 2335; x_wconf 89' lang='lat' dir='ltr'><strong>quod</strong></span> <span class='ocrx_word' id='word_1_472' title='bbox 2361 2271 2562 2316; x_wconf 89' lang='lat' dir='ltr'><strong>stantes</strong></span> <span class='ocrx_word' id='word_1_473' title='bbox 2621 2269 2672 2315; x_wconf 89' lang='lat' dir='ltr'><strong>et</strong></span> <span class='ocrx_word' id='word_1_474' title='bbox 2718 2266 3103 2313; x_wconf 85' lang='lat' dir='ltr'><strong>commorantes</strong></span> <span class='ocrx_word' id='word_1_475' title='bbox 3142 2259 3199 2310; x_wconf 86' lang='lat' dir='ltr'><strong>in</strong></span> <span class='ocrx_word' id='word_1_476' title='bbox 3229 2257 3304 2310; x_wconf 89' lang='lat' dir='ltr'><strong>eis</strong></span> <span class='ocrx_word' id='word_1_477' title='bbox 3350 2255 3594 2309; x_wconf 88' lang='lat' dir='ltr'><strong>inimicos</strong></span> <span class='ocrx_word' id='word_1_478' title='bbox 3625 2253 3760 2307; x_wconf 85' lang='lat' dir='ltr'><strong>insi-</strong></span> 
     </span>
    </p>
   </div>
   <div class='ocr_carea' id='block_1_67' title="bbox 2178 2345 3757 2422">
    <p class='ocr_par' dir='ltr' id='par_1_67' title="bbox 2178 2345 3757 2422">
     <span class='ocr_line' id='line_1_67' title="bbox 2178 2345 3757 2422; baseline -0.007 -13"><span class='ocrx_word' id='word_1_479' title='bbox 2178 2355 2386 2408; x_wconf 87' lang='lat' dir='ltr'><strong>diantes</strong></span> <span class='ocrx_word' id='word_1_480' title='bbox 2443 2353 2762 2422; x_wconf 83' lang='lat' dir='ltr'><strong>repellimus.</strong></span> <span class='ocrx_word' id='word_1_481' title='bbox 2831 2348 3032 2405; x_wconf 84' lang='lat' dir='ltr'><strong>Verum</strong></span> <span class='ocrx_word' id='word_1_482' title='bbox 3087 2364 3259 2418; x_wconf 90' lang='lat' dir='ltr'><strong>neque</strong></span> <span class='ocrx_word' id='word_1_483' title='bbox 3313 2362 3414 2417; x_wconf 89' lang='lat' dir='ltr'><strong>ego</strong></span> <span class='ocrx_word' id='word_1_484' title='bbox 3460 2345 3757 2402; x_wconf 81' lang='lat' dir='ltr'><strong>Slationem</strong></span> 
     </span>
    </p>
   </div>
   <div class='ocr_carea' id='block_1_68' title="bbox 2180 2435 3764 2512">
    <p class='ocr_par' dir='ltr' id='par_1_68' title="bbox 2180 2435 3764 2512">
     <span class='ocr_line' id='line_1_68' title="bbox 2180 2435 3764 2512; baseline -0.008 -13"><span class='ocrx_word' id='word_1_485' title='bbox 2180 2445 2320 2499; x_wconf 86' lang='lat' dir='ltr'><strong>idem</strong></span> <span class='ocrx_word' id='word_1_486' title='bbox 2352 2459 2473 2499; x_wconf 88' lang='lat' dir='ltr'><strong>esse</strong></span> <span class='ocrx_word' id='word_1_487' title='bbox 2520 2459 2645 2498; x_wconf 85' lang='lat' dir='ltr'><strong>cum</strong></span> <span class='ocrx_word' id='word_1_488' title='bbox 2671 2441 2881 2512; x_wconf 90' lang='lat' dir='ltr'><strong>jejunio</strong></span> <span class='ocrx_word' id='word_1_489' title='bbox 2921 2439 3180 2502; x_wconf 88' lang='lat' dir='ltr'><strong>arbitror,</strong></span> <span class='ocrx_word' id='word_1_490' title='bbox 3217 2452 3416 2507; x_wconf 88' lang='lat' dir='ltr'><strong>neque,</strong></span> <span class='ocrx_word' id='word_1_491' title='bbox 3453 2444 3516 2489; x_wconf 92' lang='lat' dir='ltr'><strong>ut</strong></span> <span class='ocrx_word' id='word_1_492' title='bbox 3549 2435 3764 2488; x_wconf 83' lang='lat' dir='ltr'><strong>intersit</strong></span> 
     </span>
    </p>
   </div>
   <div class='ocr_carea' id='block_1_69' title="bbox 2181 2523 3758 2604">
    <p class='ocr_par' dir='ltr' id='par_1_69' title="bbox 2181 2523 3758 2604">
     <span class='ocr_line' id='line_1_69' title="bbox 2181 2523 3758 2604; baseline -0.008 -16"><span class='ocrx_word' id='word_1_493' title='bbox 2181 2533 2408 2604; x_wconf 89' lang='lat' dir='ltr'><strong>aliquid,</strong></span> <span class='ocrx_word' id='word_1_494' title='bbox 2436 2533 2733 2589; x_wconf 88' lang='lat' dir='ltr'><strong>discrimen</strong></span> <span class='ocrx_word' id='word_1_495' title='bbox 2767 2530 2898 2584; x_wconf 92' lang='lat' dir='ltr'><strong>illud</strong></span> <span class='ocrx_word' id='word_1_496' title='bbox 2925 2529 3122 2600; x_wconf 89' lang='lat' dir='ltr'><strong>probo,</strong></span> <span class='ocrx_word' id='word_1_497' title='bbox 3173 2527 3318 2596; x_wconf 89' lang='lat' dir='ltr'><strong>quod</strong></span> <span class='ocrx_word' id='word_1_498' title='bbox 3354 2525 3497 2596; x_wconf 92' lang='lat' dir='ltr'><strong>apud</strong></span> <span class='ocrx_word' id='word_1_499' title='bbox 3535 2523 3758 2578; x_wconf 80' lang='lat' dir='ltr'><strong>Rhaba—</strong></span> 
     </span>
    </p>
   </div>
   <div class='ocr_carea' id='block_1_70' title="bbox 2181 2619 3754 2697">
    <p class='ocr_par' dir='ltr' id='par_1_70' title="bbox 2181 2619 3754 2697">
     <span class='ocr_line' id='line_1_70' title="bbox 2181 2619 3754 2697; baseline -0.007 -16"><span class='ocrx_word' id='word_1_500' title='bbox 2181 2643 2310 2681; x_wconf 91' lang='lat' dir='ltr'><strong>num</strong></span> <span class='ocrx_word' id='word_1_501' title='bbox 2350 2627 2563 2697; x_wconf 83' lang='lat' dir='ltr'><strong>legitur.</strong></span> <span class='ocrx_word' id='word_1_502' title='bbox 2598 2624 2754 2692; x_wconf 83' lang='lat' dir='ltr'><strong>Quod</strong></span> <span class='ocrx_word' id='word_1_503' title='bbox 2799 2624 2946 2679; x_wconf 89' lang='lat' dir='ltr'><strong>enim</strong></span> <span class='ocrx_word' id='word_1_504' title='bbox 3000 2637 3030 2676; x_wconf 90' lang='lat' dir='ltr'><strong>a</strong></span> <span class='ocrx_word' id='word_1_505' title='bbox 3076 2621 3289 2691; x_wconf 86' lang='lat' dir='ltr'><strong>jejunio</strong></span> <span class='ocrx_word' id='word_1_506' title='bbox 3337 2619 3632 2688; x_wconf 87' lang='lat' dir='ltr'><strong>discrepet,</strong></span> <span class='ocrx_word' id='word_1_507' title='bbox 3685 2631 3754 2670; x_wconf 76' lang='grc' dir='ltr'>ει</span> 
     </span>
    </p>
   </div>
   <div class='ocr_carea' id='block_1_71' title="bbox 2183 2709 3760 2788">
    <p class='ocr_par' dir='ltr' id='par_1_71' title="bbox 2183 2709 3760 2788">
     <span class='ocr_line' id='line_1_71' title="bbox 2183 2709 3760 2788; baseline -0.007 -15"><span class='ocrx_word' id='word_1_508' title='bbox 2183 2719 2517 2775; x_wconf 89' lang='lat' dir='ltr'><strong>Tertulliano</strong></span> <span class='ocrx_word' id='word_1_509' title='bbox 2545 2719 2748 2788; x_wconf 85' lang='lat' dir='ltr'><strong>liquet;</strong></span> <span class='ocrx_word' id='word_1_510' title='bbox 2779 2715 2872 2787; x_wconf 86' lang='lat' dir='ltr'><strong>qui</strong></span> <span class='ocrx_word' id='word_1_511' title='bbox 2906 2715 3001 2770; x_wconf 91' lang='lat' dir='ltr'><strong>lib.</strong></span> <span class='ocrx_word' id='word_1_512' title='bbox 3046 2729 3083 2768; x_wconf 88' lang='lat' dir='ltr'><strong>Il</strong></span> <span class='ocrx_word' id='word_1_513' title='bbox 3125 2713 3206 2767; x_wconf 84' lang='lat' dir='ltr'><strong>Ad</strong></span> <span class='ocrx_word' id='word_1_514' title='bbox 3257 2727 3501 2776; x_wconf 78' lang='lat' dir='ltr'><strong>uxorem,</strong></span> <span class='ocrx_word' id='word_1_515' title='bbox 3544 2723 3667 2778; x_wconf 88' lang='lat' dir='ltr'><strong>cap.</strong></span> <span class='ocrx_word' id='word_1_516' title='bbox 3704 2709 3760 2771; x_wconf 77' lang='grc'><strong>4,</strong></span> 
     </span>
    </p>
   </div>
   <div class='ocr_carea' id='block_1_72' title="bbox 2183 2799 3764 2882">
    <p class='ocr_par' dir='ltr' id='par_1_72' title="bbox 2183 2799 3764 2882">
     <span class='ocr_line' id='line_1_72' title="bbox 2183 2799 3764 2882; baseline -0.009 -16"><span class='ocrx_word' id='word_1_517' title='bbox 2183 2812 2256 2866; x_wconf 91' lang='lat' dir='ltr'><strong>ita</strong></span> <span class='ocrx_word' id='word_1_518' title='bbox 2279 2811 2552 2882; x_wconf 90' lang='lat' dir='ltr'><strong>loquitur:</strong></span> <span class='ocrx_word' id='word_1_519' title='bbox 2582 2809 2650 2864; x_wconf 88' lang='lat' dir='ltr'><strong>Ut</strong></span> <span class='ocrx_word' id='word_1_520' title='bbox 2681 2811 2726 2863; x_wconf 90' lang='lat' dir='ltr'><strong>si</strong></span> <span class='ocrx_word' id='word_1_521' title='bbox 2752 2809 2911 2864; x_wconf 90' lang='lat' dir='ltr'><strong>statio</strong></span> <span class='ocrx_word' id='word_1_522' title='bbox 2937 2805 3181 2876; x_wconf 82' lang='lat' dir='ltr'><strong>facienda</strong></span> <span class='ocrx_word' id='word_1_523' title='bbox 3208 2813 3306 2867; x_wconf 82' lang='lat' dir='ltr'><strong>est,</strong></span> <span class='ocrx_word' id='word_1_524' title='bbox 3331 2802 3558 2856; x_wconf 84' lang='lat' dir='ltr'><strong>maritus</strong></span> <span class='ocrx_word' id='word_1_525' title='bbox 3586 2800 3652 2854; x_wconf 89' lang='lat' dir='ltr'><strong>de</strong></span> <span class='ocrx_word' id='word_1_526' title='bbox 3680 2799 3764 2852; x_wconf 87' lang='lat' dir='ltr'><strong>die</strong></span> 
     </span>
    </p>
   </div>
   <div class='ocr_carea' id='block_1_73' title="bbox 2183 2894 3760 2968">
    <p class='ocr_par' dir='ltr' id='par_1_73' title="bbox 2183 2894 3760 2968">
     <span class='ocr_line' id='line_1_73' title="bbox 2183 2894 3760 2968; baseline -0.008 -12"><span class='ocrx_word' id='word_1_527' title='bbox 2183 2903 2426 2956; x_wconf 88' lang='lat' dir='ltr'><strong>condicat</strong></span> <span class='ocrx_word' id='word_1_528' title='bbox 2471 2901 2541 2955; x_wconf 89' lang='lat' dir='ltr'><strong>ad</strong></span> <span class='ocrx_word' id='word_1_529' title='bbox 2590 2901 2839 2966; x_wconf 87' lang='lat' dir='ltr'><strong>balneas;</strong></span> <span class='ocrx_word' id='word_1_530' title='bbox 2889 2901 2936 2954; x_wconf 88' lang='lat' dir='ltr'><strong>si</strong></span> <span class='ocrx_word' id='word_1_531' title='bbox 2977 2899 3188 2968; x_wconf 77' lang='lat' dir='ltr'><strong>jejunio</strong></span> <span class='ocrx_word' id='word_1_532' title='bbox 3233 2894 3558 2950; x_wconf 80' lang='lat' dir='ltr'><strong>observanda</strong></span> <span class='ocrx_word' id='word_1_533' title='bbox 3619 2899 3760 2957; x_wconf 86' lang='lat' dir='ltr'><strong>sunt,</strong></span> 
     </span>
    </p>
   </div>
   <div class='ocr_carea' id='block_1_74' title="bbox 2185 2983 3762 3051">
    <p class='ocr_par' dir='ltr' id='par_1_74' title="bbox 2185 2983 3762 3051">
     <span class='ocr_line' id='line_1_74' title="bbox 2185 2983 3762 3051; baseline -0.008 -3"><span class='ocrx_word' id='word_1_534' title='bbox 2185 2995 2416 3048; x_wconf 86' lang='lat' dir='ltr'><strong>maritus</strong></span> <span class='ocrx_word' id='word_1_535' title='bbox 2447 2993 2630 3048; x_wconf 87' lang='lat' dir='ltr'><strong>eadem</strong></span> <span class='ocrx_word' id='word_1_536' title='bbox 2674 2993 2758 3046; x_wconf 87' lang='lat' dir='ltr'><strong>die</strong></span> <span class='ocrx_word' id='word_1_537' title='bbox 2806 2991 3100 3046; x_wconf 82' lang='lat' dir='ltr'><strong>convivium</strong></span> <span class='ocrx_word' id='word_1_538' title='bbox 3139 2996 3397 3042; x_wconf 73' lang='lat' dir='ltr'><strong>exerceat.</strong></span> <span class='ocrx_word' id='word_1_539' title='bbox 3421 2983 3566 3051; x_wconf 86' lang='lat' dir='ltr'><strong>Quin</strong></span> <span class='ocrx_word' id='word_1_540' title='bbox 3598 2983 3762 3038; x_wconf 87' lang='lat' dir='ltr'><strong>etiam</strong></span> 
     </span>
    </p>
   </div>
   <div class='ocr_carea' id='block_1_75' title="bbox 2185 3076 3765 3150">
    <p class='ocr_par' dir='ltr' id='par_1_75' title="bbox 2185 3076 3765 3150">
     <span class='ocr_line' id='line_1_75' title="bbox 2185 3076 3765 3150; baseline -0.009 -9"><span class='ocrx_word' id='word_1_541' title='bbox 2185 3087 2305 3144; x_wconf 92' lang='lat' dir='ltr'><strong>loco</strong></span> <span class='ocrx_word' id='word_1_542' title='bbox 2331 3087 2422 3141; x_wconf 91' lang='lat' dir='ltr'><strong>illo</strong></span> <span class='ocrx_word' id='word_1_543' title='bbox 2447 3086 2612 3142; x_wconf 89' lang='lat' dir='ltr'><strong>citato</strong></span> <span class='ocrx_word' id='word_1_544' title='bbox 2643 3099 2707 3139; x_wconf 81' lang='lat' dir='ltr'><strong>ex</strong></span> <span class='ocrx_word' id='word_1_545' title='bbox 2736 3083 2832 3138; x_wconf 92' lang='lat' dir='ltr'><strong>lib.</strong></span> <span class='ocrx_word' id='word_1_546' title='bbox 2881 3093 3068 3136; x_wconf 89' lang='lat' dir='ltr'><strong>contra</strong></span> <span class='ocrx_word' id='word_1_547' title='bbox 3111 3079 3307 3150; x_wconf 82' lang='lat' dir='ltr'><strong>Psych.</strong></span> <span class='ocrx_word' id='word_1_548' title='bbox 3337 3092 3455 3147; x_wconf 89' lang='lat' dir='ltr'><strong>cap.</strong></span> <span class='ocrx_word' id='word_1_549' title='bbox 3501 3076 3597 3140; x_wconf 71' lang='lat'><strong>14,</strong></span> <span class='ocrx_word' id='word_1_550' title='bbox 3657 3083 3765 3130; x_wconf 90' lang='lat' dir='ltr'><strong>sta-</strong></span> 
     </span>
    </p>
   </div>
   <div class='ocr_carea' id='block_1_76' title="bbox 2187 3166 3764 3247">
    <p class='ocr_par' dir='ltr' id='par_1_76' title="bbox 2187 3166 3764 3247">
     <span class='ocr_line' id='line_1_76' title="bbox 2187 3166 3764 3247; baseline -0.011 -14"><span class='ocrx_word' id='word_1_551' title='bbox 2187 3179 2364 3233; x_wconf 88' lang='lat' dir='ltr'><strong>tiones</strong></span> <span class='ocrx_word' id='word_1_552' title='bbox 2392 3193 2420 3232; x_wconf 95' lang='lat' dir='ltr'><strong>a</strong></span> <span class='ocrx_word' id='word_1_553' title='bbox 2436 3175 2663 3247; x_wconf 89' lang='lat' dir='ltr'><strong>jejuniis</strong></span> <span class='ocrx_word' id='word_1_554' title='bbox 2692 3171 2963 3238; x_wconf 90' lang='lat' dir='ltr'><strong>secernit;</strong></span> <span class='ocrx_word' id='word_1_555' title='bbox 2995 3184 3120 3226; x_wconf 87' lang='lat' dir='ltr'><strong>cum</strong></span> <span class='ocrx_word' id='word_1_556' title='bbox 3148 3166 3479 3225; x_wconf 89' lang='lat' dir='ltr'><strong>stationibus</strong></span> <span class='ocrx_word' id='word_1_557' title='bbox 3509 3172 3764 3235; x_wconf 76' lang='lat' dir='ltr'><strong>quartam</strong></span> 
     </span>
    </p>
   </div>
   <div class='ocr_carea' id='block_1_77' title="bbox 2184 3255 3764 3330">
    <p class='ocr_par' dir='ltr' id='par_1_77' title="bbox 2184 3255 3764 3330">
     <span class='ocr_line' id='line_1_77' title="bbox 2184 3255 3764 3330; baseline -0.009 -7"><span class='ocrx_word' id='word_1_558' title='bbox 2184 3278 2237 3323; x_wconf 84' lang='lat' dir='ltr'><strong>et</strong></span> <span class='ocrx_word' id='word_1_559' title='bbox 2263 3276 2472 3323; x_wconf 82' lang='lat' dir='ltr'><strong>sextam</strong></span> <span class='ocrx_word' id='word_1_560' title='bbox 2515 3263 2742 3321; x_wconf 88' lang='lat' dir='ltr'><strong>Sabbati</strong></span> <span class='ocrx_word' id='word_1_561' title='bbox 2785 3257 3019 3320; x_wconf 88' lang='lat' dir='ltr'><strong>dicatam</strong></span> <span class='ocrx_word' id='word_1_562' title='bbox 3053 3275 3175 3318; x_wconf 89' lang='lat' dir='ltr'><strong>esse</strong></span> <span class='ocrx_word' id='word_1_563' title='bbox 3222 3259 3378 3325; x_wconf 89' lang='lat' dir='ltr'><strong>dicit,</strong></span> <span class='ocrx_word' id='word_1_564' title='bbox 3409 3255 3764 3330; x_wconf 75' lang='lat' dir='ltr'><strong>Parascevem</strong></span> 
     </span>
    </p>
   </div>
   <div class='ocr_carea' id='block_1_78' title="bbox 2179 3348 3764 3430">
    <p class='ocr_par' dir='ltr' id='par_1_78' title="bbox 2179 3348 3764 3430">
     <span class='ocr_line' id='line_1_78' title="bbox 2179 3348 3764 3430; baseline -0.008 -16"><span class='ocrx_word' id='word_1_565' title='bbox 2179 3360 2426 3430; x_wconf 79' lang='lat' dir='ltr'><strong>jejuuiis.</strong></span> <span class='ocrx_word' id='word_1_566' title='bbox 2457 3357 2662 3414; x_wconf 89' lang='lat' dir='ltr'><strong>Contra</strong></span> <span class='ocrx_word' id='word_1_567' title='bbox 2689 3357 2782 3410; x_wconf 92' lang='lat' dir='ltr'><strong>lib.</strong></span> <span class='ocrx_word' id='word_1_568' title='bbox 2815 3355 2888 3410; x_wconf 89' lang='lat' dir='ltr'><strong>De</strong></span> <span class='ocrx_word' id='word_1_569' title='bbox 2923 3371 3119 3409; x_wconf 87' lang='lat' dir='ltr'><strong>corona</strong></span> <span class='ocrx_word' id='word_1_570' title='bbox 3146 3351 3259 3407; x_wconf 88' lang='lat' dir='ltr'><strong>mil.</strong></span> <span class='ocrx_word' id='word_1_571' title='bbox 3299 3366 3420 3421; x_wconf 93' lang='lat' dir='ltr'><strong>cap.</strong></span> <span class='ocrx_word' id='word_1_572' title='bbox 3459 3349 3550 3412; x_wconf 88' lang='lat'><strong>11,</strong></span> <span class='ocrx_word' id='word_1_573' title='bbox 3577 3348 3764 3404; x_wconf 87' lang='lat' dir='ltr'><strong>statio-</strong></span> 
     </span>
    </p>
   </div>
   <div class='ocr_carea' id='block_1_79' title="bbox 2185 3439 3765 3520">
    <p class='ocr_par' dir='ltr' id='par_1_79' title="bbox 2185 3439 3765 3520">
     <span class='ocr_line' id='line_1_79' title="bbox 2185 3439 3765 3520; baseline -0.008 -14"><span class='ocrx_word' id='word_1_574' title='bbox 2185 3467 2283 3506; x_wconf 85' lang='lat' dir='ltr'><strong>nes</strong></span> <span class='ocrx_word' id='word_1_575' title='bbox 2305 3449 2648 3520; x_wconf 87' lang='lat' dir='ltr'><strong>projcjuniis</strong></span> <span class='ocrx_word' id='word_1_576' title='bbox 2679 3447 2932 3514; x_wconf 89' lang='lat' dir='ltr'><strong>usurpari</strong></span> <span class='ocrx_word' id='word_1_577' title='bbox 2967 3445 3242 3501; x_wconf 90' lang='lat' dir='ltr'><strong>Pamelius</strong></span> <span class='ocrx_word' id='word_1_578' title='bbox 3272 3442 3576 3508; x_wconf 78' lang='lat' dir='ltr'><strong>existimat,</strong></span> <span class='ocrx_word' id='word_1_579' title='bbox 3605 3441 3688 3495; x_wconf 89' lang='lat' dir='ltr'><strong>his</strong></span> <span class='ocrx_word' id='word_1_580' title='bbox 3711 3439 3765 3494; x_wconf 87' lang='lat' dir='ltr'><strong>in</strong></span> 
     </span>
    </p>
   </div>
   <div class='ocr_carea' id='block_1_80' title="bbox 2183 3531 3766 3604">
    <p class='ocr_par' dir='ltr' id='par_1_80' title="bbox 2183 3531 3766 3604">
     <span class='ocr_line' id='line_1_80' title="bbox 2183 3531 3766 3604; baseline -0.006 -13"><span class='ocrx_word' id='word_1_581' title='bbox 2183 3539 2367 3593; x_wconf 81' lang='lat' dir='ltr'><strong>verbis</strong></span> <span class='ocrx_word' id='word_1_582' title='bbox 2401 3556 2414 3591; x_wconf 88' lang='lat'><strong>:</strong></span> <span class='ocrx_word' id='word_1_583' title='bbox 2444 3535 2570 3590; x_wconf 83' lang='lat' dir='ltr'><strong>Jam</strong></span> <span class='ocrx_word' id='word_1_584' title='bbox 2591 3547 2640 3591; x_wconf 91' lang='lat' dir='ltr'><strong>et</strong></span> <span class='ocrx_word' id='word_1_585' title='bbox 2675 3539 2928 3590; x_wconf 88' lang='lat' dir='ltr'><strong>stationes</strong></span> <span class='ocrx_word' id='word_1_586' title='bbox 2953 3544 3046 3589; x_wconf 89' lang='lat' dir='ltr'><strong>aut</strong></span> <span class='ocrx_word' id='word_1_587' title='bbox 3079 3535 3176 3588; x_wconf 87' lang='lat' dir='ltr'><strong>alii</strong></span> <span class='ocrx_word' id='word_1_588' title='bbox 3201 3535 3370 3604; x_wconf 84' lang='lat' dir='ltr'><strong>magis</strong></span> <span class='ocrx_word' id='word_1_589' title='bbox 3403 3531 3590 3602; x_wconf 74' lang='lat' dir='ltr'><strong>(deiet,</strong></span> <span class='ocrx_word' id='word_1_590' title='bbox 3610 3547 3766 3601; x_wconf 85' lang='lat' dir='ltr'><strong>quam</strong></span> 
     </span>
    </p>
   </div>
   <div class='ocr_carea' id='block_1_81' title="bbox 2187 3621 3766 3690">
    <p class='ocr_par' dir='ltr' id='par_1_81' title="bbox 2187 3621 3766 3690">
     <span class='ocr_line' id='line_1_81' title="bbox 2187 3621 3766 3690; baseline -0.005 -6"><span class='ocrx_word' id='word_1_591' title='bbox 2187 3627 2436 3684; x_wconf 83' lang='lat' dir='ltr'><strong>Christo?</strong></span> <span class='ocrx_word' id='word_1_592' title='bbox 2474 3635 2566 3682; x_wconf 89' lang='lat' dir='ltr'><strong>aut</strong></span> <span class='ocrx_word' id='word_1_593' title='bbox 2599 3635 2646 3683; x_wconf 83' lang='lat' dir='ltr'><strong>et</strong></span> <span class='ocrx_word' id='word_1_594' title='bbox 2680 3626 2962 3682; x_wconf 86' lang='lat' dir='ltr'><strong>Dominico</strong></span> <span class='ocrx_word' id='word_1_595' title='bbox 3001 3626 3108 3690; x_wconf 85' lang='lat' dir='ltr'><strong>die,</strong></span> <span class='ocrx_word' id='word_1_596' title='bbox 3141 3624 3356 3690; x_wconf 86' lang='lat' dir='ltr'><strong>quando</strong></span> <span class='ocrx_word' id='word_1_597' title='bbox 3395 3639 3490 3678; x_wconf 84' lang='lat' dir='ltr'><strong>nec</strong></span> <span class='ocrx_word' id='word_1_598' title='bbox 3517 3621 3766 3676; x_wconf 74' lang='lat' dir='ltr'><strong>Christo?</strong></span> 
     </span>
    </p>
   </div>
   <div class='ocr_carea' id='block_1_82' title="bbox 2185 3711 3764 3786">
    <p class='ocr_par' dir='ltr' id='par_1_82' title="bbox 2185 3711 3764 3786">
     <span class='ocr_line' id='line_1_82' title="bbox 2185 3711 3764 3786; baseline -0.006 -12"><span class='ocrx_word' id='word_1_599' title='bbox 2185 3720 2252 3774; x_wconf 90' lang='lat' dir='ltr'><strong>Et</strong></span> <span class='ocrx_word' id='word_1_600' title='bbox 2278 3721 2449 3775; x_wconf 90' lang='lat' dir='ltr'><strong>multo</strong></span> <span class='ocrx_word' id='word_1_601' title='bbox 2467 3719 2810 3775; x_wconf 88' lang='lat' dir='ltr'><strong>manifestius</strong></span> <span class='ocrx_word' id='word_1_602' title='bbox 2843 3719 2938 3773; x_wconf 90' lang='lat' dir='ltr'><strong>lib.</strong></span> <span class='ocrx_word' id='word_1_603' title='bbox 2972 3718 3049 3772; x_wconf 87' lang='lat' dir='ltr'><strong>De</strong></span> <span class='ocrx_word' id='word_1_604' title='bbox 3071 3718 3273 3782; x_wconf 87' lang='lat' dir='ltr'><strong>anima,</strong></span> <span class='ocrx_word' id='word_1_605' title='bbox 3308 3731 3427 3786; x_wconf 90' lang='lat' dir='ltr'><strong>cap.</strong></span> <span class='ocrx_word' id='word_1_606' title='bbox 3465 3714 3536 3768; x_wconf 74' lang='grc'>48</span> <span class='ocrx_word' id='word_1_607' title='bbox 3569 3732 3584 3766; x_wconf 89' lang='lat'><strong>:</strong></span> <span class='ocrx_word' id='word_1_608' title='bbox 3623 3711 3764 3778; x_wconf 83' lang='lat' dir='ltr'><strong>Quia</strong></span> 
     </span>
    </p>
   </div>
   <div class='ocr_carea' id='block_1_83' title="bbox 2184 3806 3762 3867">
    <p class='ocr_par' dir='ltr' id='par_1_83' title="bbox 2184 3806 3762 3867">
     <span class='ocr_line' id='line_1_83' title="bbox 2184 3806 3762 3867; baseline -0.007 0"><span class='ocrx_word' id='word_1_609' title='bbox 2184 3823 2232 3867; x_wconf 89' lang='lat' dir='ltr'><strong>et</strong></span> <span class='ocrx_word' id='word_1_610' title='bbox 2267 3811 2457 3866; x_wconf 89' lang='lat' dir='ltr'><strong>Daniel</strong></span> <span class='ocrx_word' id='word_1_611' title='bbox 2496 3811 2653 3865; x_wconf 87' lang='lat' dir='ltr'><strong>trium</strong></span> <span class='ocrx_word' id='word_1_612' title='bbox 2684 3809 3069 3865; x_wconf 80' lang='lat' dir='ltr'><strong>hebdomadam</strong></span> <span class='ocrx_word' id='word_1_613' title='bbox 3099 3809 3331 3862; x_wconf 86' lang='lat' dir='ltr'><strong>statione</strong></span> <span class='ocrx_word' id='word_1_614' title='bbox 3363 3806 3508 3859; x_wconf 87' lang='lat' dir='ltr'><strong>aruit</strong></span> <span class='ocrx_word' id='word_1_615' title='bbox 3548 3807 3762 3858; x_wconf 80' lang='lat' dir='ltr'><strong>victum.</strong></span> 
     </span>
    </p>
   </div>
   <div class='ocr_carea' id='block_1_84' title="bbox 2264 3898 3760 3975">
    <p class='ocr_par' dir='ltr' id='par_1_84' title="bbox 2264 3898 3760 3975">
     <span class='ocr_line' id='line_1_84' title="bbox 2264 3898 3760 3975; baseline -0.007 -15"><span class='ocrx_word' id='word_1_616' title='bbox 2264 3905 2369 3960; x_wconf 88' lang='lat' dir='ltr'><strong>Sed</strong></span> <span class='ocrx_word' id='word_1_617' title='bbox 2401 3920 2503 3975; x_wconf 84' lang='lat' dir='ltr'><strong>ego</strong></span> <span class='ocrx_word' id='word_1_618' title='bbox 2535 3905 2822 3960; x_wconf 89' lang='lat' dir='ltr'><strong>stationem</strong></span> <span class='ocrx_word' id='word_1_619' title='bbox 2851 3903 2994 3972; x_wconf 87' lang='lat' dir='ltr'><strong>apud</strong></span> <span class='ocrx_word' id='word_1_620' title='bbox 3023 3901 3416 3957; x_wconf 86' lang='lat' dir='ltr'><strong>Tertullianum</strong></span> <span class='ocrx_word' id='word_1_621' title='bbox 3453 3898 3760 3968; x_wconf 65' lang='lat' dir='ltr'><strong>praesertim</strong></span> 
     </span>
    </p>
   </div>
   <div class='ocr_carea' id='block_1_85' title="bbox 2184 3988 3763 4070">
    <p class='ocr_par' dir='ltr' id='par_1_85' title="bbox 2184 3988 3763 4070">
     <span class='ocr_line' id='line_1_85' title="bbox 2184 3988 3763 4070; baseline -0.009 -17"><span class='ocrx_word' id='word_1_622' title='bbox 2184 3997 2501 4070; x_wconf 75' lang='lat' dir='ltr'><strong>religiosum</strong></span> <span class='ocrx_word' id='word_1_623' title='bbox 2549 3995 2681 4050; x_wconf 90' lang='lat' dir='ltr'><strong>illud</strong></span> <span class='ocrx_word' id='word_1_624' title='bbox 2742 4009 2865 4050; x_wconf 88' lang='lat' dir='ltr'><strong>esse</strong></span> <span class='ocrx_word' id='word_1_625' title='bbox 2919 3993 3160 4048; x_wconf 82' lang='lat' dir='ltr'><strong>fidelium</strong></span> <span class='ocrx_word' id='word_1_626' title='bbox 3211 3991 3448 4045; x_wconf 81' lang='lat' dir='ltr'><strong>cilicium</strong></span> <span class='ocrx_word' id='word_1_627' title='bbox 3503 3988 3763 4052; x_wconf 87' lang='lat' dir='ltr'><strong>arbitror,</strong></span> 
     </span>
    </p>
   </div>
   <div class='ocr_carea' id='block_1_86' title="bbox 2186 4080 3766 4163">
    <p class='ocr_par' dir='ltr' id='par_1_86' title="bbox 2186 4080 3766 4163">
     <span class='ocr_line' id='line_1_86' title="bbox 2186 4080 3766 4163; baseline -0.008 -18"><span class='ocrx_word' id='word_1_628' title='bbox 2186 4107 2296 4163; x_wconf 89' lang='lat' dir='ltr'><strong>quo</strong></span> <span class='ocrx_word' id='word_1_629' title='bbox 2327 4091 2491 4146; x_wconf 91' lang='lat' dir='ltr'><strong>certis</strong></span> <span class='ocrx_word' id='word_1_630' title='bbox 2529 4091 2721 4144; x_wconf 90' lang='lat' dir='ltr'><strong>diebus</strong></span> <span class='ocrx_word' id='word_1_631' title='bbox 2771 4089 2836 4142; x_wconf 90' lang='lat' dir='ltr'><strong>ad</strong></span> <span class='ocrx_word' id='word_1_632' title='bbox 2871 4089 3100 4157; x_wconf 75' lang='lat' dir='ltr'><strong>synaxin</strong></span> <span class='ocrx_word' id='word_1_633' title='bbox 3145 4088 3426 4145; x_wconf 85' lang='lat' dir='ltr'><strong>adeuntes,</strong></span> <span class='ocrx_word' id='word_1_634' title='bbox 3456 4082 3662 4136; x_wconf 88' lang='lat' dir='ltr'><strong>ibidem</strong></span> <span class='ocrx_word' id='word_1_635' title='bbox 3701 4080 3766 4132; x_wconf 90' lang='lat' dir='ltr'><strong>ad</strong></span> 
     </span>
    </p>
   </div>
   <div class='ocr_carea' id='block_1_87' title="bbox 2185 4175 3769 4252">
    <p class='ocr_par' dir='ltr' id='par_1_87' title="bbox 2185 4175 3769 4252">
     <span class='ocr_line' id='line_1_87' title="bbox 2185 4175 3769 4252; baseline -0.01 -13"><span class='ocrx_word' id='word_1_636' title='bbox 2185 4199 2388 4239; x_wconf 90' lang='lat' dir='ltr'><strong>nouam</strong></span> <span class='ocrx_word' id='word_1_637' title='bbox 2445 4197 2620 4252; x_wconf 88' lang='lat' dir='ltr'><strong>usque</strong></span> <span class='ocrx_word' id='word_1_638' title='bbox 2673 4181 3131 4250; x_wconf 72' lang='lat' dir='ltr'><strong>perseverabant,</strong></span> <span class='ocrx_word' id='word_1_639' title='bbox 3189 4177 3256 4230; x_wconf 89' lang='lat' dir='ltr'><strong>ad</strong></span> <span class='ocrx_word' id='word_1_640' title='bbox 3324 4189 3490 4244; x_wconf 85' lang='lat' dir='ltr'><strong>quam</strong></span> <span class='ocrx_word' id='word_1_641' title='bbox 3544 4175 3769 4241; x_wconf 83' lang='lat' dir='ltr'><strong>insuper</strong></span> 
     </span>
    </p>
   </div>
   <div class='ocr_carea' id='block_1_88' title="bbox 2181 4264 3770 4348">
    <p class='ocr_par' dir='ltr' id='par_1_88' title="bbox 2181 4264 3770 4348">
     <span class='ocr_line' id='line_1_88' title="bbox 2181 4264 3770 4348; baseline -0.009 -18"><span class='ocrx_word' id='word_1_642' title='bbox 2181 4276 2389 4348; x_wconf 89' lang='lat' dir='ltr'><strong>jejunia</strong></span> <span class='ocrx_word' id='word_1_643' title='bbox 2421 4273 2814 4345; x_wconf 88' lang='lat' dir='ltr'><strong>producebant.</strong></span> <span class='ocrx_word' id='word_1_644' title='bbox 2869 4270 3022 4326; x_wconf 90' lang='lat' dir='ltr'><strong>Unde</strong></span> <span class='ocrx_word' id='word_1_645' title='bbox 3057 4277 3111 4324; x_wconf 90' lang='lat' dir='ltr'><strong>et</strong></span> <span class='ocrx_word' id='word_1_646' title='bbox 3134 4285 3231 4339; x_wconf 90' lang='lat' dir='ltr'><strong>pro</strong></span> <span class='ocrx_word' id='word_1_647' title='bbox 3260 4265 3614 4321; x_wconf 87' lang='lat' dir='ltr'><strong>multitudine</strong></span> <span class='ocrx_word' id='word_1_648' title='bbox 3653 4264 3770 4334; x_wconf 88' lang='lat' dir='ltr'><strong>ipsa</strong></span> 
     </span>
    </p>
   </div>
   <div class='ocr_carea' id='block_1_89' title="bbox 2188 4358 3766 4438">
    <p class='ocr_par' dir='ltr' id='par_1_89' title="bbox 2188 4358 3766 4438">
     <span class='ocr_line' id='line_1_89' title="bbox 2188 4358 3766 4438; baseline -0.008 -14"><span class='ocrx_word' id='word_1_649' title='bbox 2188 4377 2572 4438; x_wconf 83' lang='lat' dir='ltr'><strong>conventuque</strong></span> <span class='ocrx_word' id='word_1_650' title='bbox 2600 4379 2995 4436; x_wconf 86' lang='lat' dir='ltr'><strong>nonnunquam</strong></span> <span class='ocrx_word' id='word_1_651' title='bbox 3037 4363 3174 4418; x_wconf 90' lang='lat' dir='ltr'><strong>solet</strong></span> <span class='ocrx_word' id='word_1_652' title='bbox 3205 4361 3400 4430; x_wconf 88' lang='lat' dir='ltr'><strong>accipi.</strong></span> <span class='ocrx_word' id='word_1_653' title='bbox 3431 4358 3552 4413; x_wconf 84' lang='lat' dir='ltr'><strong>Non</strong></span> <span class='ocrx_word' id='word_1_654' title='bbox 3586 4373 3766 4422; x_wconf 88' lang='lat' dir='ltr'><strong>secus,</strong></span> 
     </span>
    </p>
   </div>
   <div class='ocr_carea' id='block_1_90' title="bbox 509 4453 3770 4532">
    <p class='ocr_par' dir='ltr' id='par_1_90' title="bbox 509 4453 3770 4532">
     <span class='ocr_line' id='line_1_90' title="bbox 509 4453 3770 4532; baseline -0.001 -25"><span class='ocrx_word' id='word_1_655' title='bbox 509 4454 590 4508; x_wconf 90' lang='lat' dir='ltr'><strong>lit.</strong></span> <span class='ocrx_word' id='word_1_656' title='bbox 616 4453 716 4508; x_wconf 88' lang='lat' dir='ltr'><strong>Cui</strong></span> <span class='ocrx_word' id='word_1_657' title='bbox 750 4455 1079 4526; x_wconf 89' lang='lat' dir='ltr'><strong>astipulatur</strong></span> <span class='ocrx_word' id='word_1_658' title='bbox 1103 4465 1156 4509; x_wconf 90' lang='lat' dir='ltr'><strong>et</strong></span> <span class='ocrx_word' id='word_1_659' title='bbox 1177 4455 1372 4510; x_wconf 85' lang='lat' dir='ltr'><strong>Petrus</strong></span> <span class='ocrx_word' id='word_1_660' title='bbox 1403 4455 1808 4509; x_wconf 81' lang='lat' dir='ltr'><strong>Alexandrinus</strong></span> <span class='ocrx_word' id='word_1_661' title='bbox 1837 4469 1961 4509; x_wconf 91' lang='lat' dir='ltr'><strong>can.</strong></span> <span class='ocrx_word' id='word_1_662' title='bbox 1991 4454 2076 4509; x_wconf 81' lang='lat'><strong>15.</strong></span> <span class='ocrx_word' id='word_1_663' title='bbox 2110 4471 2160 4532; x_wconf 75' lang='grc' dir='ltr'>ι)</span> <span class='ocrx_word' id='word_1_664' title='bbox 2187 4461 2401 4530; x_wconf 85' lang='lat' dir='ltr'><strong>opinor,</strong></span> <span class='ocrx_word' id='word_1_665' title='bbox 2442 4475 2506 4514; x_wconf 91' lang='lat' dir='ltr'><strong>ac</strong></span> <span class='ocrx_word' id='word_1_666' title='bbox 2542 4457 2798 4512; x_wconf 89' lang='lat' dir='ltr'><strong>militaris</strong></span> <span class='ocrx_word' id='word_1_667' title='bbox 2825 4457 2991 4511; x_wconf 89' lang='lat' dir='ltr'><strong>statio</strong></span> <span class='ocrx_word' id='word_1_668' title='bbox 3017 4465 3126 4508; x_wconf 92' lang='lat' dir='ltr'><strong>tam</strong></span> <span class='ocrx_word' id='word_1_669' title='bbox 3156 4469 3257 4524; x_wconf 86' lang='lat' dir='ltr'><strong>pro</strong></span> <span class='ocrx_word' id='word_1_670' title='bbox 3292 4453 3434 4518; x_wconf 89' lang='lat' dir='ltr'><strong>loco,</strong></span> <span class='ocrx_word' id='word_1_671' title='bbox 3463 4467 3630 4521; x_wconf 87' lang='lat' dir='ltr'><strong>quam</strong></span> <span class='ocrx_word' id='word_1_672' title='bbox 3671 4466 3770 4519; x_wconf 88' lang='lat' dir='ltr'><strong>pro</strong></span> 
     </span>
    </p>
   </div>
   <div class='ocr_carea' id='block_1_91' title="bbox 513 4543 2084 4614">
    <p class='ocr_par' dir='ltr' id='par_1_91' title="bbox 513 4543 2084 4614">
     <span class='ocr_line' id='line_1_91' title="bbox 513 4543 2084 4614; baseline 0.002 -18"><span class='ocrx_word' id='word_1_673' title='bbox 513 4543 575 4598; x_wconf 86' lang='lat' dir='ltr'><strong>Et</strong></span> <span class='ocrx_word' id='word_1_674' title='bbox 614 4546 828 4614; x_wconf 88' lang='lat' dir='ltr'><strong>quidem</strong></span> <span class='ocrx_word' id='word_1_675' title='bbox 861 4547 1157 4614; x_wconf 82' lang='lat' dir='ltr'><strong>probabilis</strong></span> <span class='ocrx_word' id='word_1_676' title='bbox 1188 4554 1270 4600; x_wconf 83' lang='lat' dir='ltr'><strong>est</strong></span> <span class='ocrx_word' id='word_1_677' title='bbox 1295 4545 1398 4600; x_wconf 85' lang='lat' dir='ltr'><strong>ista</strong></span> <span class='ocrx_word' id='word_1_678' title='bbox 1437 4547 1595 4600; x_wconf 90' lang='lat' dir='ltr'><strong>ratio.</strong></span> <span class='ocrx_word' id='word_1_679' title='bbox 1635 4543 1809 4611; x_wconf 89' lang='lat' dir='ltr'><strong>Quam</strong></span> <span class='ocrx_word' id='word_1_680' title='bbox 1839 4559 1970 4599; x_wconf 79' lang='lat' dir='ltr'><strong>vero</strong></span> <span class='ocrx_word' id='word_1_681' title='bbox 1998 4545 2084 4599; x_wconf 90' lang='lat' dir='ltr'><strong>hic</strong></span> 
     </span>
    </p>
   </div>
   <div class='ocr_carea' id='block_1_92' title="bbox 510 4633 2084 4706">
    <p class='ocr_par' dir='ltr' id='par_1_92' title="bbox 510 4633 2084 4706">
     <span class='ocr_line' id='line_1_92' title="bbox 510 4633 2084 4706; baseline 0 -18"><span class='ocrx_word' id='word_1_682' title='bbox 510 4633 849 4704; x_wconf 89' lang='lat' dir='ltr'><strong>Epiphanius</strong></span> <span class='ocrx_word' id='word_1_683' title='bbox 877 4637 1073 4698; x_wconf 89' lang='lat' dir='ltr'><strong>reddit,</strong></span> <span class='ocrx_word' id='word_1_684' title='bbox 1103 4635 1239 4690; x_wconf 85' lang='lat' dir='ltr'><strong>falsa</strong></span> <span class='ocrx_word' id='word_1_685' title='bbox 1266 4643 1368 4700; x_wconf 90' lang='lat' dir='ltr'><strong>est,</strong></span> <span class='ocrx_word' id='word_1_686' title='bbox 1411 4643 1464 4690; x_wconf 85' lang='lat' dir='ltr'><strong>et</strong></span> <span class='ocrx_word' id='word_1_687' title='bbox 1497 4635 1824 4706; x_wconf 69' lang='lat' dir='ltr'><strong>evangelicae</strong></span> <span class='ocrx_word' id='word_1_688' title='bbox 1865 4633 2084 4690; x_wconf 81' lang='lat' dir='ltr'><strong>veritati</strong></span> 
     </span>
    </p>
   </div>
   <div class='ocr_carea' id='block_1_93' title="bbox 511 4725 2087 4782">
    <p class='ocr_par' dir='ltr' id='par_1_93' title="bbox 511 4725 2087 4782">
     <span class='ocr_line' id='line_1_93' title="bbox 511 4725 2087 4782; baseline -0.001 0"><span class='ocrx_word' id='word_1_689' title='bbox 511 4727 808 4782; x_wconf 86' lang='lat' dir='ltr'><strong>contraria.</strong></span> <span class='ocrx_word' id='word_1_690' title='bbox 864 4727 992 4782; x_wconf 86' lang='lat' dir='ltr'><strong>Vult</strong></span> <span class='ocrx_word' id='word_1_691' title='bbox 1042 4729 1186 4782; x_wconf 90' lang='lat' dir='ltr'><strong>enim</strong></span> <span class='ocrx_word' id='word_1_692' title='bbox 1244 4727 1525 4782; x_wconf 90' lang='lat' dir='ltr'><strong>Christum</strong></span> <span class='ocrx_word' id='word_1_693' title='bbox 1585 4725 1884 4781; x_wconf 89' lang='lat' dir='ltr'><strong>Dominum</strong></span> <span class='ocrx_word' id='word_1_694' title='bbox 1947 4725 2087 4780; x_wconf 84' lang='lat' dir='ltr'><strong>feria</strong></span> 
     </span>
    </p>
   </div>
   <div class='ocr_carea' id='block_1_94' title="bbox 513 4817 2086 4890">
    <p class='ocr_par' dir='ltr' id='par_1_94' title="bbox 513 4817 2086 4890">
     <span class='ocr_line' id='line_1_94' title="bbox 513 4817 2086 4890; baseline -0.001 -17"><span class='ocrx_word' id='word_1_695' title='bbox 513 4829 707 4890; x_wconf 85' lang='lat' dir='ltr'><strong>quarta</strong></span> <span class='ocrx_word' id='word_1_696' title='bbox 726 4819 1202 4888; x_wconf 84' lang='lat' dir='ltr'><strong>comprehensum.</strong></span> <span class='ocrx_word' id='word_1_697' title='bbox 1223 4817 1382 4884; x_wconf 84' lang='lat' dir='ltr'><strong>Quod</strong></span> <span class='ocrx_word' id='word_1_698' title='bbox 1407 4819 1459 4873; x_wconf 94' lang='lat' dir='ltr'><strong>in</strong></span> <span class='ocrx_word' id='word_1_699' title='bbox 1484 4818 1735 4872; x_wconf 89' lang='lat' dir='ltr'><strong>Diatriba</strong></span> <span class='ocrx_word' id='word_1_700' title='bbox 1758 4819 1821 4873; x_wconf 87' lang='lat' dir='ltr'><strong>de</strong></span> <span class='ocrx_word' id='word_1_701' title='bbox 1843 4819 2086 4888; x_wconf 88' lang='lat' dir='ltr'><strong>passione</strong></span> 
     </span>
    </p>
   </div>
   <div class='ocr_carea' id='block_1_95' title="bbox 515 4908 2086 4980">
    <p class='ocr_par' dir='ltr' id='par_1_95' title="bbox 515 4908 2086 4980">
     <span class='ocr_line' id='line_1_95' title="bbox 515 4908 2086 4980; baseline 0.001 -15"><span class='ocrx_word' id='word_1_702' title='bbox 515 4911 726 4975; x_wconf 78' lang='lat' dir='ltr'><strong>Domini</strong></span> <span class='ocrx_word' id='word_1_703' title='bbox 779 4925 943 4980; x_wconf 87' lang='lat' dir='ltr'><strong>supra</strong></span> <span class='ocrx_word' id='word_1_704' title='bbox 1005 4910 1316 4964; x_wconf 87' lang='lat' dir='ltr'><strong>discussum</strong></span> <span class='ocrx_word' id='word_1_705' title='bbox 1361 4925 1424 4965; x_wconf 91' lang='lat' dir='ltr'><strong>ac</strong></span> <span class='ocrx_word' id='word_1_706' title='bbox 1473 4909 1770 4964; x_wconf 88' lang='lat' dir='ltr'><strong>refutatum</strong></span> <span class='ocrx_word' id='word_1_707' title='bbox 1829 4919 1933 4966; x_wconf 89' lang='lat' dir='ltr'><strong>est.</strong></span> <span class='ocrx_word' id='word_1_708' title='bbox 2011 4908 2086 4966; x_wconf 88' lang='lat' dir='ltr'><strong>De</strong></span> 
     </span>
    </p>
   </div>
   <div class='ocr_carea' id='block_1_96' title="bbox 509 5002 2088 5074">
    <p class='ocr_par' dir='ltr' id='par_1_96' title="bbox 509 5002 2088 5074">
     <span class='ocr_line' id='line_1_96' title="bbox 509 5002 2088 5074; baseline -0.001 -14"><span class='ocrx_word' id='word_1_709' title='bbox 509 5006 706 5062; x_wconf 89' lang='lat' dir='ltr'><strong>iisdem</strong></span> <span class='ocrx_word' id='word_1_710' title='bbox 761 5003 987 5074; x_wconf 88' lang='lat' dir='ltr'><strong>jejuuiis</strong></span> <span class='ocrx_word' id='word_1_711' title='bbox 1036 5003 1370 5057; x_wconf 88' lang='lat' dir='ltr'><strong>mentionem</strong></span> <span class='ocrx_word' id='word_1_712' title='bbox 1424 5002 1552 5058; x_wconf 88' lang='lat' dir='ltr'><strong>facit</strong></span> <span class='ocrx_word' id='word_1_713' title='bbox 1581 5019 1688 5058; x_wconf 91' lang='lat' dir='ltr'><strong>non</strong></span> <span class='ocrx_word' id='word_1_714' title='bbox 1727 5020 1836 5059; x_wconf 89' lang='lat' dir='ltr'><strong>uno</strong></span> <span class='ocrx_word' id='word_1_715' title='bbox 1871 5005 1924 5058; x_wconf 92' lang='lat' dir='ltr'><strong>in</strong></span> <span class='ocrx_word' id='word_1_716' title='bbox 1966 5005 2088 5059; x_wconf 91' lang='lat' dir='ltr'><strong>loco</strong></span> 
     </span>
    </p>
   </div>
   <div class='ocr_carea' id='block_1_97' title="bbox 513 5093 2088 5165">
    <p class='ocr_par' dir='ltr' id='par_1_97' title="bbox 513 5093 2088 5165">
     <span class='ocr_line' id='line_1_97' title="bbox 513 5093 2088 5165; baseline 0 -15"><span class='ocrx_word' id='word_1_717' title='bbox 513 5095 902 5164; x_wconf 89' lang='lat' dir='ltr'><strong>Tcrtullianus,</strong></span> <span class='ocrx_word' id='word_1_718' title='bbox 931 5103 984 5150; x_wconf 88' lang='lat' dir='ltr'><strong>et</strong></span> <span class='ocrx_word' id='word_1_719' title='bbox 1033 5093 1296 5151; x_wconf 89' lang='lat' dir='ltr'><strong>stationes</strong></span> <span class='ocrx_word' id='word_1_720' title='bbox 1351 5095 1460 5151; x_wconf 87' lang='lat' dir='ltr'><strong>illis</strong></span> <span class='ocrx_word' id='word_1_721' title='bbox 1510 5095 1644 5165; x_wconf 86' lang='lat' dir='ltr'><strong>ipsis</strong></span> <span class='ocrx_word' id='word_1_722' title='bbox 1707 5095 1901 5152; x_wconf 86' lang='lat' dir='ltr'><strong>diebus</strong></span> <span class='ocrx_word' id='word_1_723' title='bbox 1947 5097 2088 5151; x_wconf 85' lang='lat' dir='ltr'><strong>obiri</strong></span> 
     </span>
    </p>
   </div>
   <div class='ocr_carea' id='block_1_98' title="bbox 513 5187 2088 5258">
    <p class='ocr_par' dir='ltr' id='par_1_98' title="bbox 513 5187 2088 5258">
     <span class='ocr_line' id='line_1_98' title="bbox 513 5187 2088 5258; baseline -0.002 -13"><span class='ocrx_word' id='word_1_724' title='bbox 513 5189 865 5245; x_wconf 84' lang='lat' dir='ltr'><strong>consuevisse</strong></span> <span class='ocrx_word' id='word_1_725' title='bbox 895 5187 1164 5258; x_wconf 74' lang='lat' dir='ltr'><strong>signiﬁcat</strong></span> <span class='ocrx_word' id='word_1_726' title='bbox 1201 5205 1214 5242; x_wconf 91' lang='lat'><strong>:</strong></span> <span class='ocrx_word' id='word_1_727' title='bbox 1247 5195 1306 5242; x_wconf 88' lang='lat' dir='ltr'><strong>ut</strong></span> <span class='ocrx_word' id='word_1_728' title='bbox 1333 5187 1387 5242; x_wconf 90' lang='lat' dir='ltr'><strong>in</strong></span> <span class='ocrx_word' id='word_1_729' title='bbox 1424 5189 1519 5244; x_wconf 90' lang='lat' dir='ltr'><strong>lib.</strong></span> <span class='ocrx_word' id='word_1_730' title='bbox 1563 5187 1874 5258; x_wconf 85' lang='lat' dir='ltr'><strong>Dejejuniis</strong></span> <span class='ocrx_word' id='word_1_731' title='bbox 1902 5199 2088 5242; x_wconf 84' lang='lat' dir='ltr'><strong>contra</strong></span> 
     </span>
    </p>
   </div>
   <div class='ocr_carea' id='block_1_99' title="bbox 517 5279 2089 5353">
    <p class='ocr_par' dir='ltr' id='par_1_99' title="bbox 517 5279 2089 5353">
     <span class='ocr_line' id='line_1_99' title="bbox 517 5279 2089 5353; baseline 0.001 -17"><span class='ocrx_word' id='word_1_732' title='bbox 517 5281 802 5353; x_wconf 80' lang='lat' dir='ltr'><strong>Psychicos</strong></span> <span class='ocrx_word' id='word_1_733' title='bbox 854 5297 872 5334; x_wconf 91' lang='lat'><strong><em>:</em></strong></span> <span class='ocrx_word' id='word_1_734' title='bbox 919 5279 1027 5336; x_wconf 85' lang='lat' dir='ltr'><strong>Cur</strong></span> <span class='ocrx_word' id='word_1_735' title='bbox 1098 5281 1414 5336; x_wconf 87' lang='lat' dir='ltr'><strong>stationibus</strong></span> <span class='ocrx_word' id='word_1_736' title='bbox 1487 5293 1732 5352; x_wconf 86' lang='lat' dir='ltr'><strong>quartam</strong></span> <span class='ocrx_word' id='word_1_737' title='bbox 1785 5293 1834 5336; x_wconf 87' lang='lat' dir='ltr'><strong>et</strong></span> <span class='ocrx_word' id='word_1_738' title='bbox 1883 5293 2089 5337; x_wconf 70' lang='lat' dir='ltr'><strong>sextam</strong></span> 
     </span>
    </p>
   </div>
   <div class='ocr_carea' id='block_1_100' title="bbox 515 5369 2085 5444">
    <p class='ocr_par' dir='ltr' id='par_1_100' title="bbox 515 5369 2085 5444">
     <span class='ocr_line' id='line_1_100' title="bbox 515 5369 2085 5444; baseline 0.001 -18"><span class='ocrx_word' id='word_1_739' title='bbox 515 5369 736 5427; x_wconf 86' lang='lat' dir='ltr'><strong>Sabbati</strong></span> <span class='ocrx_word' id='word_1_740' title='bbox 763 5373 1021 5438; x_wconf 86' lang='lat' dir='ltr'><strong>dicamus,</strong></span> <span class='ocrx_word' id='word_1_741' title='bbox 1057 5385 1104 5427; x_wconf 90' lang='lat' dir='ltr'><strong>et</strong></span> <span class='ocrx_word' id='word_1_742' title='bbox 1119 5373 1341 5444; x_wconf 78' lang='lat' dir='ltr'><strong>jejuniis</strong></span> <span class='ocrx_word' id='word_1_743' title='bbox 1372 5375 1752 5430; x_wconf 85' lang='lat' dir='ltr'><strong>Parascevem?</strong></span> <span class='ocrx_word' id='word_1_744' title='bbox 1777 5375 1842 5428; x_wconf 82' lang='lat' dir='ltr'><strong>Et</strong></span> <span class='ocrx_word' id='word_1_745' title='bbox 1863 5389 1982 5444; x_wconf 87' lang='lat' dir='ltr'><strong>cap.</strong></span> <span class='ocrx_word' id='word_1_746' title='bbox 2013 5375 2048 5428; x_wconf 75' lang='lat'><strong>2</strong></span> <span class='ocrx_word' id='word_1_747' title='bbox 2073 5393 2085 5428; x_wconf 96' lang='lat'>:</span> 
     </span>
    </p>
   </div>
   <div class='ocr_carea' id='block_1_101' title="bbox 517 5465 2090 5537">
    <p class='ocr_par' dir='ltr' id='par_1_101' title="bbox 517 5465 2090 5537">
     <span class='ocr_line' id='line_1_101' title="bbox 517 5465 2090 5537; baseline 0.001 -16"><span class='ocrx_word' id='word_1_748' title='bbox 517 5465 604 5521; x_wconf 80' lang='lat' dir='ltr'><strong>Sic</strong></span> <span class='ocrx_word' id='word_1_749' title='bbox 635 5475 684 5521; x_wconf 90' lang='lat' dir='ltr'><strong>et</strong></span> <span class='ocrx_word' id='word_1_750' title='bbox 709 5467 975 5537; x_wconf 82' lang='lat' dir='ltr'><strong>apostolos</strong></span> <span class='ocrx_word' id='word_1_751' title='bbox 1009 5467 1330 5533; x_wconf 80' lang='lat' dir='ltr'><strong>observasse,</strong></span> <span class='ocrx_word' id='word_1_752' title='bbox 1354 5468 1558 5522; x_wconf 88' lang='lat' dir='ltr'><strong>nullum</strong></span> <span class='ocrx_word' id='word_1_753' title='bbox 1594 5469 1741 5521; x_wconf 86' lang='lat' dir='ltr'><strong>aliud</strong></span> <span class='ocrx_word' id='word_1_754' title='bbox 1773 5467 2090 5537; x_wconf 87' lang='lat' dir='ltr'><strong>imponentes</strong></span> 
     </span>
    </p>
   </div>
   <div class='ocr_carea' id='block_1_102' title="bbox 483 5559 2091 5628">
    <p class='ocr_par' dir='ltr' id='par_1_102' title="bbox 483 5559 2091 5628">
     <span class='ocr_line' id='line_1_102' title="bbox 483 5559 2091 5628; baseline 0.003 -17"><span class='ocrx_word' id='word_1_755' title='bbox 483 5559 696 5628; x_wconf 80' lang='lat' dir='ltr'><strong>jugum</strong></span> <span class='ocrx_word' id='word_1_756' title='bbox 744 5571 1026 5615; x_wconf 65' lang='lat' dir='ltr'><strong>certorum.</strong></span> <span class='ocrx_word' id='word_1_757' title='bbox 1075 5570 1122 5616; x_wconf 84' lang='lat' dir='ltr'><strong>et</strong></span> <span class='ocrx_word' id='word_1_758' title='bbox 1162 5565 1217 5614; x_wconf 88' lang='lat' dir='ltr'><strong>in</strong></span> <span class='ocrx_word' id='word_1_759' title='bbox 1259 5579 1531 5616; x_wconf 86' lang='lat' dir='ltr'><strong>commune</strong></span> <span class='ocrx_word' id='word_1_760' title='bbox 1558 5563 1796 5616; x_wconf 86' lang='lat' dir='ltr'><strong>omnibus</strong></span> <span class='ocrx_word' id='word_1_761' title='bbox 1823 5563 2091 5616; x_wconf 87' lang='lat' dir='ltr'><strong>obeundo-</strong></span> 
     </span>
    </p>
   </div>
   <div class='ocr_carea' id='block_1_103' title="bbox 521 5651 2093 5725">
    <p class='ocr_par' dir='ltr' id='par_1_103' title="bbox 521 5651 2093 5725">
     <span class='ocr_line' id='line_1_103' title="bbox 521 5651 2093 5725; baseline 0.009 -27"><span class='ocrx_word' id='word_1_762' title='bbox 521 5663 636 5702; x_wconf 84' lang='lat' dir='ltr'><strong>rum</strong></span> <span class='ocrx_word' id='word_1_763' title='bbox 661 5651 982 5720; x_wconf 83' lang='lat' dir='ltr'><strong>jejuniorunt</strong></span> <span class='ocrx_word' id='word_1_764' title='bbox 1007 5669 1024 5705; x_wconf 93' lang='lat'><strong><em>:</em></strong></span> <span class='ocrx_word' id='word_1_765' title='bbox 1046 5655 1262 5722; x_wconf 88' lang='lat' dir='ltr'><strong>proinde</strong></span> <span class='ocrx_word' id='word_1_766' title='bbox 1289 5673 1378 5708; x_wconf 88' lang='lat' dir='ltr'><strong>nec</strong></span> <span class='ocrx_word' id='word_1_767' title='bbox 1410 5657 1718 5720; x_wconf 87' lang='lat' dir='ltr'><strong>stationum,</strong></span> <span class='ocrx_word' id='word_1_768' title='bbox 1751 5673 1867 5725; x_wconf 66' lang='lat' dir='ltr'><strong>qua:</strong></span> <span class='ocrx_word' id='word_1_769' title='bbox 1887 5666 1938 5710; x_wconf 86' lang='lat' dir='ltr'><strong>et</strong></span> <span class='ocrx_word' id='word_1_770' title='bbox 1967 5658 2093 5724; x_wconf 72' lang='grc' dir='ltr'><strong>ἔρδω</strong></span> 
     </span>
    </p>
   </div>
   <div class='ocr_carea' id='block_1_104' title="bbox 520 5742 2086 5818">
    <p class='ocr_par' dir='ltr' id='par_1_104' title="bbox 520 5742 2086 5818">
     <span class='ocr_line' id='line_1_104' title="bbox 520 5742 2086 5818; baseline 0.011 -31"><span class='ocrx_word' id='word_1_771' title='bbox 520 5751 643 5790; x_wconf 72' lang='lat' dir='ltr'><strong>suos</strong></span> <span class='ocrx_word' id='word_1_772' title='bbox 687 5742 894 5808; x_wconf 84' lang='lat' dir='ltr'><strong>quidem</strong></span> <span class='ocrx_word' id='word_1_773' title='bbox 931 5745 1040 5798; x_wconf 85' lang='lat' dir='ltr'><strong>dies</strong></span> <span class='ocrx_word' id='word_1_774' title='bbox 1083 5744 1328 5810; x_wconf 81' lang='lat' dir='ltr'><strong>habeant,</strong></span> <span class='ocrx_word' id='word_1_775' title='bbox 1377 5759 1580 5816; x_wconf 80' lang='lat' dir='ltr'><strong>quarta:</strong></span> <span class='ocrx_word' id='word_1_776' title='bbox 1619 5750 1765 5818; x_wconf 78' lang='lat' dir='ltr'><strong>feria:</strong></span> <span class='ocrx_word' id='word_1_777' title='bbox 1804 5761 1850 5802; x_wconf 84' lang='lat' dir='ltr'><strong>et</strong></span> <span class='ocrx_word' id='word_1_778' title='bbox 1905 5759 2086 5805; x_wconf 76' lang='lat' dir='ltr'><strong>sea&#39;tce.</strong></span> 
     </span>
    </p>
   </div>
   <div class='ocr_carea' id='block_1_105' title="bbox 2187 4543 3772 4613">
    <p class='ocr_par' dir='ltr' id='par_1_105' title="bbox 2187 4543 3772 4613">
     <span class='ocr_line' id='line_1_105' title="bbox 2187 4543 3772 4613; baseline -0.008 -7"><span class='ocrx_word' id='word_1_779' title='bbox 2187 4551 2368 4607; x_wconf 89' lang='lat' dir='ltr'><strong>standi</strong></span> <span class='ocrx_word' id='word_1_780' title='bbox 2393 4561 2446 4606; x_wconf 91' lang='lat' dir='ltr'><strong>et</strong></span> <span class='ocrx_word' id='word_1_781' title='bbox 2471 4549 2774 4606; x_wconf 80' lang='lat' dir='ltr'><strong>excubandi</strong></span> <span class='ocrx_word' id='word_1_782' title='bbox 2801 4547 3082 4602; x_wconf 76' lang='lat' dir='ltr'><strong>iunctione</strong></span> <span class='ocrx_word' id='word_1_783' title='bbox 3105 4588 3118 4612; x_wconf 89' lang='lat'><strong>,</strong></span> <span class='ocrx_word' id='word_1_784' title='bbox 3155 4547 3266 4600; x_wconf 88' lang='lat' dir='ltr'><strong>imo</strong></span> <span class='ocrx_word' id='word_1_785' title='bbox 3293 4553 3346 4599; x_wconf 88' lang='lat' dir='ltr'><strong>et</strong></span> <span class='ocrx_word' id='word_1_786' title='bbox 3383 4559 3482 4613; x_wconf 88' lang='lat' dir='ltr'><strong>pro</strong></span> <span class='ocrx_word' id='word_1_787' title='bbox 3521 4545 3640 4613; x_wconf 86' lang='lat' dir='ltr'><strong>ipsa</strong></span> <span class='ocrx_word' id='word_1_788' title='bbox 3671 4543 3772 4596; x_wconf 85' lang='lat' dir='ltr'><strong>mi-</strong></span> 
     </span>
    </p>
   </div>
   <div class='ocr_carea' id='block_1_106' title="bbox 2183 4635 3771 4713">
    <p class='ocr_par' dir='ltr' id='par_1_106' title="bbox 2183 4635 3771 4713">
     <span class='ocr_line' id='line_1_106' title="bbox 2183 4635 3771 4713; baseline -0.007 -13"><span class='ocrx_word' id='word_1_789' title='bbox 2183 4646 2329 4701; x_wconf 91' lang='lat' dir='ltr'><strong>litari</strong></span> <span class='ocrx_word' id='word_1_790' title='bbox 2413 4660 2580 4700; x_wconf 89' lang='lat' dir='ltr'><strong>mauu</strong></span> <span class='ocrx_word' id='word_1_791' title='bbox 2662 4641 2804 4713; x_wconf 91' lang='lat' dir='ltr'><strong>apud</strong></span> <span class='ocrx_word' id='word_1_792' title='bbox 2873 4641 3096 4696; x_wconf 88' lang='lat' dir='ltr'><strong>Latinos</strong></span> <span class='ocrx_word' id='word_1_793' title='bbox 3173 4647 3492 4706; x_wconf 87' lang='lat' dir='ltr'><strong>usurpatur.</strong></span> <span class='ocrx_word' id='word_1_794' title='bbox 3585 4635 3771 4690; x_wconf 74' lang='lat' dir='ltr'><strong>Livius</strong></span> 
     </span>
    </p>
   </div>
   <div class='ocr_carea' id='block_1_107' title="bbox 2185 4727 3770 4803">
    <p class='ocr_par' dir='ltr' id='par_1_107' title="bbox 2185 4727 3770 4803">
     <span class='ocr_line' id='line_1_107' title="bbox 2185 4727 3770 4803; baseline -0.008 -11"><span class='ocrx_word' id='word_1_795' title='bbox 2185 4739 2280 4793; x_wconf 92' lang='lat' dir='ltr'><strong>lib.</strong></span> <span class='ocrx_word' id='word_1_796' title='bbox 2347 4753 2553 4792; x_wconf 79' lang='lat' dir='ltr'><strong>xxxvm</strong></span> <span class='ocrx_word' id='word_1_797' title='bbox 2614 4756 2626 4791; x_wconf 93' lang='lat'><strong>:</strong></span> <span class='ocrx_word' id='word_1_798' title='bbox 2676 4735 3031 4789; x_wconf 86' lang='lat' dir='ltr'><strong>Pabulatores</strong></span> <span class='ocrx_word' id='word_1_799' title='bbox 3101 4731 3492 4803; x_wconf 84' lang='lat' dir='ltr'><strong>lignatoresque</strong></span> <span class='ocrx_word' id='word_1_800' title='bbox 3545 4727 3770 4781; x_wconf 82' lang='lat' dir='ltr'><strong>Romani</strong></span> 
     </span>
    </p>
   </div>
   <div class='ocr_carea' id='block_1_108' title="bbox 2185 4827 3768 4900">
    <p class='ocr_par' dir='ltr' id='par_1_108' title="bbox 2185 4827 3768 4900">
     <span class='ocr_line' id='line_1_108' title="bbox 2185 4827 3768 4900; baseline -0.006 -15"><span class='ocrx_word' id='word_1_801' title='bbox 2185 4833 2243 4885; x_wconf 90' lang='lat' dir='ltr'><strong>in</strong></span> <span class='ocrx_word' id='word_1_802' title='bbox 2270 4848 2386 4885; x_wconf 89' lang='lat' dir='ltr'><strong>eam</strong></span> <span class='ocrx_word' id='word_1_803' title='bbox 2435 4841 2660 4900; x_wconf 89' lang='lat' dir='ltr'><strong>partem,</strong></span> <span class='ocrx_word' id='word_1_804' title='bbox 2719 4831 2774 4884; x_wconf 88' lang='lat' dir='ltr'><strong>in</strong></span> <span class='ocrx_word' id='word_1_805' title='bbox 2819 4845 2922 4899; x_wconf 90' lang='lat' dir='ltr'><strong>qua</strong></span> <span class='ocrx_word' id='word_1_806' title='bbox 2973 4827 3294 4898; x_wconf 86' lang='lat' dir='ltr'><strong>colloquium</strong></span> <span class='ocrx_word' id='word_1_807' title='bbox 3339 4827 3582 4896; x_wconf 75' lang='lat' dir='ltr'><strong>futurum</strong></span> <span class='ocrx_word' id='word_1_808' title='bbox 3633 4833 3768 4890; x_wconf 89' lang='lat' dir='ltr'><strong>erat,</strong></span> 
     </span>
    </p>
   </div>
   <div class='ocr_carea' id='block_1_109' title="bbox 2187 4918 3772 4990">
    <p class='ocr_par' dir='ltr' id='par_1_109' title="bbox 2187 4918 3772 4990">
     <span class='ocr_line' id='line_1_109' title="bbox 2187 4918 3772 4990; baseline -0.004 -14"><span class='ocrx_word' id='word_1_809' title='bbox 2187 4924 2332 4976; x_wconf 87' lang='lat' dir='ltr'><strong>ducti</strong></span> <span class='ocrx_word' id='word_1_810' title='bbox 2376 4931 2518 4986; x_wconf 86' lang='lat' dir='ltr'><strong>sunt,</strong></span> <span class='ocrx_word' id='word_1_811' title='bbox 2566 4921 2730 4978; x_wconf 87' lang='lat' dir='ltr'><strong>tutius</strong></span> <span class='ocrx_word' id='word_1_812' title='bbox 2778 4921 2832 4975; x_wconf 89' lang='lat' dir='ltr'><strong>id</strong></span> <span class='ocrx_word' id='word_1_813' title='bbox 2885 4921 3126 4990; x_wconf 81' lang='lat' dir='ltr'><strong>futurum</strong></span> <span class='ocrx_word' id='word_1_814' title='bbox 3177 4919 3399 4973; x_wconf 87' lang='lat' dir='ltr'><strong>tribunis</strong></span> <span class='ocrx_word' id='word_1_815' title='bbox 3445 4919 3604 4981; x_wconf 89' lang='lat' dir='ltr'><strong>ratis,</strong></span> <span class='ocrx_word' id='word_1_816' title='bbox 3647 4918 3772 4988; x_wconf 84' lang='lat' dir='ltr'><strong>quia</strong></span> 
     </span>
    </p>
   </div>
   <div class='ocr_carea' id='block_1_110' title="bbox 2187 5011 3771 5086">
    <p class='ocr_par' dir='ltr' id='par_1_110' title="bbox 2187 5011 3771 5086">
     <span class='ocr_line' id='line_1_110' title="bbox 2187 5011 3771 5086; baseline -0.003 -17"><span class='ocrx_word' id='word_1_817' title='bbox 2187 5032 2321 5070; x_wconf 81' lang='lat' dir='ltr'><strong>coss.</strong></span> <span class='ocrx_word' id='word_1_818' title='bbox 2349 5013 2654 5086; x_wconf 65' lang='lat' dir='ltr'><strong>praesidium</strong></span> <span class='ocrx_word' id='word_1_819' title='bbox 2675 5021 2723 5066; x_wconf 89' lang='lat' dir='ltr'><strong>et</strong></span> <span class='ocrx_word' id='word_1_820' title='bbox 2747 5014 2918 5081; x_wconf 87' lang='lat' dir='ltr'><strong>ipsum</strong></span> <span class='ocrx_word' id='word_1_821' title='bbox 2941 5029 3036 5082; x_wconf 89' lang='lat' dir='ltr'><strong>pro</strong></span> <span class='ocrx_word' id='word_1_822' title='bbox 3061 5013 3288 5066; x_wconf 88' lang='lat' dir='ltr'><strong>statione</strong></span> <span class='ocrx_word' id='word_1_823' title='bbox 3311 5011 3548 5064; x_wconf 80' lang='lat' dir='ltr'><strong>habituri</strong></span> <span class='ocrx_word' id='word_1_824' title='bbox 3571 5021 3724 5064; x_wconf 81' lang='lat' dir='ltr'><strong>erant</strong></span> <span class='ocrx_word' id='word_1_825' title='bbox 3751 5026 3771 5064; x_wconf 91' lang='lat'><strong><em>:</em></strong></span> 
     </span>
    </p>
   </div>
   <div class='ocr_carea' id='block_1_111' title="bbox 2187 5103 3773 5173">
    <p class='ocr_par' dir='ltr' id='par_1_111' title="bbox 2187 5103 3773 5173">
     <span class='ocr_line' id='line_1_111' title="bbox 2187 5103 3773 5173; baseline -0.004 -11"><span class='ocrx_word' id='word_1_826' title='bbox 2187 5124 2343 5162; x_wconf 80' lang='lat' dir='ltr'><strong>suam</strong></span> <span class='ocrx_word' id='word_1_827' title='bbox 2403 5115 2577 5159; x_wconf 83' lang='lat' dir='ltr'><strong>tamen</strong></span> <span class='ocrx_word' id='word_1_828' title='bbox 2615 5106 2839 5158; x_wconf 82' lang='lat' dir='ltr'><strong>alterum</strong></span> <span class='ocrx_word' id='word_1_829' title='bbox 2894 5106 3180 5158; x_wconf 88' lang='lat' dir='ltr'><strong>stationem</strong></span> <span class='ocrx_word' id='word_1_830' title='bbox 3225 5103 3440 5173; x_wconf 85' lang='lat' dir='ltr'><strong>propius</strong></span> <span class='ocrx_word' id='word_1_831' title='bbox 3483 5113 3664 5156; x_wconf 87' lang='lat' dir='ltr'><strong>castra</strong></span> <span class='ocrx_word' id='word_1_832' title='bbox 3704 5117 3773 5156; x_wconf 83' lang='lat' dir='ltr'><strong>Dc</strong></span> 
     </span>
    </p>
   </div>
   <div class='ocr_carea' id='block_1_112' title="bbox 2189 5195 3774 5274">
    <p class='ocr_par' dir='ltr' id='par_1_112' title="bbox 2189 5195 3774 5274">
     <span class='ocr_line' id='line_1_112' title="bbox 2189 5195 3774 5274; baseline -0.004 -18"><span class='ocrx_word' id='word_1_833' title='bbox 2189 5203 2424 5274; x_wconf 85' lang='lat' dir='ltr'><strong>equitum</strong></span> <span class='ocrx_word' id='word_1_834' title='bbox 2479 5209 2783 5270; x_wconf 83' lang='lat' dir='ltr'><strong>posuerunt.</strong></span> <span class='ocrx_word' id='word_1_835' title='bbox 2821 5196 2986 5250; x_wconf 85' lang='lat' dir='ltr'><strong>Erant</strong></span> <span class='ocrx_word' id='word_1_836' title='bbox 3031 5197 3254 5260; x_wconf 88' lang='lat' dir='ltr'><strong>milites,</strong></span> <span class='ocrx_word' id='word_1_837' title='bbox 3293 5195 3386 5266; x_wconf 91' lang='lat' dir='ltr'><strong>qui</strong></span> <span class='ocrx_word' id='word_1_838' title='bbox 3425 5195 3710 5265; x_wconf 88' lang='lat' dir='ltr'><strong>aliquanto</strong></span> <span class='ocrx_word' id='word_1_839' title='bbox 3741 5209 3774 5249; x_wconf 86' lang='lat' dir='ltr'><strong>a</strong></span> 
     </span>
    </p>
   </div>
   <div class='ocr_carea' id='block_1_113' title="bbox 2189 5287 3770 5350">
    <p class='ocr_par' dir='ltr' id='par_1_113' title="bbox 2189 5287 3770 5350">
     <span class='ocr_line' id='line_1_113' title="bbox 2189 5287 3770 5350; baseline -0.006 0"><span class='ocrx_word' id='word_1_840' title='bbox 2189 5295 2384 5350; x_wconf 88' lang='lat' dir='ltr'><strong>castris</strong></span> <span class='ocrx_word' id='word_1_841' title='bbox 2446 5292 2730 5346; x_wconf 85' lang='lat' dir='ltr'><strong>intervallo</strong></span> <span class='ocrx_word' id='word_1_842' title='bbox 2786 5290 2850 5344; x_wconf 87' lang='lat' dir='ltr'><strong>ad</strong></span> <span class='ocrx_word' id='word_1_843' title='bbox 2893 5303 3083 5344; x_wconf 88' lang='lat' dir='ltr'><strong>eorum</strong></span> <span class='ocrx_word' id='word_1_844' title='bbox 3131 5289 3357 5342; x_wconf 84' lang='lat' dir='ltr'><strong>tutelam</strong></span> <span class='ocrx_word' id='word_1_845' title='bbox 3397 5287 3770 5341; x_wconf 70' lang='lat' dir='ltr'><strong>excubabant.</strong></span> 
     </span>
    </p>
   </div>
   <div class='ocr_carea' id='block_1_114' title="bbox 2191 5380 3776 5440">
    <p class='ocr_par' dir='ltr' id='par_1_114' title="bbox 2191 5380 3776 5440">
     <span class='ocr_line' id='line_1_114' title="bbox 2191 5380 3776 5440; baseline -0.003 -3"><span class='ocrx_word' id='word_1_846' title='bbox 2191 5384 2394 5440; x_wconf 85' lang='lat' dir='ltr'><strong>Eodem</strong></span> <span class='ocrx_word' id='word_1_847' title='bbox 2439 5383 2601 5438; x_wconf 91' lang='lat' dir='ltr'><strong>modo</strong></span> <span class='ocrx_word' id='word_1_848' title='bbox 2644 5381 3084 5436; x_wconf 88' lang='lat' dir='ltr'><strong>Christianorum</strong></span> <span class='ocrx_word' id='word_1_849' title='bbox 3129 5380 3397 5436; x_wconf 86' lang='lat' dir='ltr'><strong>stationes</strong></span> <span class='ocrx_word' id='word_1_850' title='bbox 3455 5387 3564 5432; x_wconf 90' lang='lat' dir='ltr'><strong>tam</strong></span> <span class='ocrx_word' id='word_1_851' title='bbox 3603 5393 3776 5432; x_wconf 75' lang='lat' dir='ltr'><strong>saera:</strong></span> 
     </span>
    </p>
   </div>
   <div class='ocr_carea' id='block_1_115' title="bbox 2191 5467 3776 5542">
    <p class='ocr_par' dir='ltr' id='par_1_115' title="bbox 2191 5467 3776 5542">
     <span class='ocr_line' id='line_1_115' title="bbox 2191 5467 3776 5542; baseline -0.006 -12"><span class='ocrx_word' id='word_1_852' title='bbox 2191 5477 2296 5531; x_wconf 76' lang='lat' dir='ltr'><strong>illa:</strong></span> <span class='ocrx_word' id='word_1_853' title='bbox 2331 5477 2526 5531; x_wconf 89' lang='lat' dir='ltr'><strong>diebus</strong></span> <span class='ocrx_word' id='word_1_854' title='bbox 2553 5474 2714 5530; x_wconf 88' lang='lat' dir='ltr'><strong>certis</strong></span> <span class='ocrx_word' id='word_1_855' title='bbox 2745 5473 3156 5533; x_wconf 77' lang='lat' dir='ltr'><strong>excubatioues,</strong></span> <span class='ocrx_word' id='word_1_856' title='bbox 3193 5485 3356 5542; x_wconf 85' lang='lat' dir='ltr'><strong>quam</strong></span> <span class='ocrx_word' id='word_1_857' title='bbox 3385 5469 3610 5538; x_wconf 89' lang='lat' dir='ltr'><strong>ipsimet</strong></span> <span class='ocrx_word' id='word_1_858' title='bbox 3641 5467 3776 5520; x_wconf 88' lang='lat' dir='ltr'><strong>fide-</strong></span> 
     </span>
    </p>
   </div>
   <div class='ocr_carea' id='block_1_116' title="bbox 2189 5554 3776 5635">
    <p class='ocr_par' dir='ltr' id='par_1_116' title="bbox 2189 5554 3776 5635">
     <span class='ocr_line' id='line_1_116' title="bbox 2189 5554 3776 5635; baseline -0.008 -13"><span class='ocrx_word' id='word_1_859' title='bbox 2189 5568 2321 5622; x_wconf 88' lang='lat' dir='ltr'><strong>lium</strong></span> <span class='ocrx_word' id='word_1_860' title='bbox 2360 5577 2657 5622; x_wconf 80' lang='lat' dir='ltr'><strong>conventus</strong></span> <span class='ocrx_word' id='word_1_861' title='bbox 2691 5565 2967 5635; x_wconf 83' lang='lat' dir='ltr'><strong>appellati.</strong></span> <span class='ocrx_word' id='word_1_862' title='bbox 3011 5561 3241 5616; x_wconf 89' lang='lat' dir='ltr'><strong>Tertull.</strong></span> <span class='ocrx_word' id='word_1_863' title='bbox 3287 5562 3340 5613; x_wconf 90' lang='lat' dir='ltr'><strong>in</strong></span> <span class='ocrx_word' id='word_1_864' title='bbox 3383 5560 3534 5613; x_wconf 88' lang='lat' dir='ltr'><strong>calce</strong></span> <span class='ocrx_word' id='word_1_865' title='bbox 3563 5559 3660 5612; x_wconf 90' lang='lat' dir='ltr'><strong>lib.</strong></span> <span class='ocrx_word' id='word_1_866' title='bbox 3693 5554 3776 5609; x_wconf 86' lang='lat' dir='ltr'><strong>De</strong></span> 
     </span>
    </p>
   </div>
   <div class='ocr_carea' id='block_1_117' title="bbox 2195 5645 3776 5718">
    <p class='ocr_par' dir='ltr' id='par_1_117' title="bbox 2195 5645 3776 5718">
     <span class='ocr_line' id='line_1_117' title="bbox 2195 5645 3776 5718; baseline -0.009 -5"><span class='ocrx_word' id='word_1_867' title='bbox 2195 5668 2328 5713; x_wconf 91' lang='lat' dir='ltr'><strong>orat.</strong></span> <span class='ocrx_word' id='word_1_868' title='bbox 2362 5675 2380 5711; x_wconf 90' lang='lat'><strong><em>:</em></strong></span> <span class='ocrx_word' id='word_1_869' title='bbox 2413 5657 2470 5712; x_wconf 86' lang='lat' dir='ltr'><strong>Si</strong></span> <span class='ocrx_word' id='word_1_870' title='bbox 2503 5659 2665 5711; x_wconf 87' lang='lat' dir='ltr'><strong>statio</strong></span> <span class='ocrx_word' id='word_1_871' title='bbox 2699 5655 2760 5709; x_wconf 86' lang='lat' dir='ltr'><strong>de</strong></span> <span class='ocrx_word' id='word_1_872' title='bbox 2801 5654 3024 5708; x_wconf 86' lang='lat' dir='ltr'><strong>militari</strong></span> <span class='ocrx_word' id='word_1_873' title='bbox 3055 5645 3289 5718; x_wconf 68' lang='lat' dir='ltr'><strong>exemplo</strong></span> <span class='ocrx_word' id='word_1_874' title='bbox 3336 5664 3528 5703; x_wconf 88' lang='lat' dir='ltr'><strong>nomen</strong></span> <span class='ocrx_word' id='word_1_875' title='bbox 3578 5647 3776 5716; x_wconf 64' lang='lat' dir='ltr'><strong>accipit</strong></span> 
     </span>
    </p>
   </div>
   <div class='ocr_carea' id='block_1_118' title="bbox 2194 5739 3777 5822">
    <p class='ocr_par' dir='ltr' id='par_1_118' title="bbox 2194 5739 3777 5822">
     <span class='ocr_line' id='line_1_118' title="bbox 2194 5739 3777 5822; baseline -0.006 -20"><span class='ocrx_word' id='word_1_876' title='bbox 2194 5749 2340 5822; x_wconf 86' lang='lat' dir='ltr'><strong>(nam</strong></span> <span class='ocrx_word' id='word_1_877' title='bbox 2373 5758 2420 5804; x_wconf 86' lang='lat' dir='ltr'><strong>et</strong></span> <span class='ocrx_word' id='word_1_878' title='bbox 2463 5749 2660 5804; x_wconf 88' lang='lat' dir='ltr'><strong>militia</strong></span> <span class='ocrx_word' id='word_1_879' title='bbox 2709 5748 2802 5803; x_wconf 83' lang='lat' dir='ltr'><strong>Dei</strong></span> <span class='ocrx_word' id='word_1_880' title='bbox 2849 5745 3078 5816; x_wconf 87' lang='lat' dir='ltr'><strong>sumus),</strong></span> <span class='ocrx_word' id='word_1_881' title='bbox 3125 5745 3304 5817; x_wconf 85' lang='lat' dir='ltr'><strong>utique</strong></span> <span class='ocrx_word' id='word_1_882' title='bbox 3353 5741 3506 5798; x_wconf 84' lang='lat' dir='ltr'><strong>nulla</strong></span> <span class='ocrx_word' id='word_1_883' title='bbox 3561 5739 3777 5802; x_wconf 61' lang='lat' dir='ltr'><strong>latlitt&#39;u,</strong></span> 
     </span>
    </p>
   </div>
  </div>
