3994 6222
259 315 396 371 1089

1032 310 1119 363 DE
1158 286 1546 366 versamus
1584 310 1982 379 QUIBUSDAM
2023 314 2376 373 ECCLESIAE
2420 316 2707 372 RlTlBUS.

3366 324 3499 381 £0130

256 430 362 481 sive
412 423 632 477 tristitia
707 422 980 487 obveniens
1037 425 1228 478 castris
1300 425 1549 479 stationes
1600 428 1826 481 militum
1856 432 1900 488 Α
1931 430 2249 494 stationum,
2286 430 2362 484 uti
2414 446 2512 485 nec
2559 432 2822 486 stationes
2879 431 3030 500 ipsae,
3092 432 3314 489 minime
3358 438 3498 493 ultra

257 516 532 573 rescindit.
575 515 785 582 Quibus
836 515 1017 570 verbis
1062 517 1401 571 demonstrat
1447 531 1823 587 nequaquam,

256 610 400 677 quod
446 608 608 676 vulgo
661 622 986 676 persuasum
1041 618 1190 673 erat,
1244 608 1507 662 stationes
1559 607 1826 662 Dominici

257 697 500 765 corporis
549 696 935 749 communione
967 696 1215 761 dissolvi,
1260 698 1519 767 quoniam
1563 699 1826 768 quidquid

257 787 311 838 in
344 785 538 839 castris
572 784 801 847 accidat,
830 784 945 837 sive
973 799 1321 853 prosperum,
1359 784 1475 838 sive
1515 784 1689 846 triste,
1725 786 1828 838 mi-

257 874 432 927 litaris
488 872 847 926 nihilominus
911 874 1076 926 statio
1144 881 1475 941 perseverat.
1536 872 1825 940 Perperam

266 964 432 1031 igitur
487 960 785 1015 Rhabanus
852 962 965 1015 haec
1023 963 1327 1030 posteriora
1378 980 1393 1016 :
1454 964 1633 1031 utique
1678 963 1827 1016 nulla

257 1052 471 1115 laztitia,
520 1053 627 1104 sive
677 1052 917 1113 tristitia,
970 1063 1100 1113 etc.,
1153 1051 1300 1105 velut
1351 1067 1571 1105 causam
1626 1053 1825 1117 attulit,

255 1161 355 1199 cur
379 1145 819 1199 Christianorum
845 1143 1008 1196 statio
1039 1159 1067 1196 a
1099 1143 1321 1196 militari
1363 1158 1561 1198 nomen
1595 1143 1829 1212 accepis-

256 1249 356 1293 set.
390 1237 509 1302 Quo
540 1237 730 1291 eodem
767 1252 953 1289 errore
985 1236 1258 1290 Pamelius
1297 1236 1364 1288 ad
1393 1236 1484 1290 lib.
1515 1236 1594 1289 De
1630 1252 1827 1289 corona

256 1327 370 1380 mil.
417 1342 536 1395 cap.
594 1327 681 1388 ll,
733 1327 1024 1380 stationem
1065 1326 1198 1379 dicit
1253 1341 1349 1393 per
1393 1327 1764 1395 metaphoram
1796 1341 1828 1404 a

257 1418 586 1471 militaribus
626 1416 954 1471 stationibus
1008 1416 1295 1485 usurpari;
1333 1418 1469 1485 quod
1509 1417 1743 1487 quandiu
1772 1418 1829 1469 in

255 1510 483 1562 statione
503 1508 695 1561 milites
718 1518 893 1574 erant,
910 1507 1158 1577 jejunare
1190 1507 1312 1562 illos
1335 1508 1604 1576 oportebat
1635 1525 1652 1562 :
1683 1509 1829 1577 quod

256 1616 389 1655 sane
418 1602 707 1655 ridiculum
757 1611 863 1655 est.
896 1601 1083 1670 Neque
1137 1615 1265 1656 vero
1308 1602 1496 1656 tandiu
1550 1600 1829 1656 famelicos

257 1707 381 1747 esse
429 1693 807 1762 praesidiarios
846 1693 969 1747 illos
1017 1700 1072 1746 et
1124 1693 1489 1760 excubitores,
1559 1694 1829 1748 exercitus

1930 537 2127 574 nonam
2187 522 2634 575 observabuntur.
2673 525 2853 587 Quare
2910 533 3107 577 merito
3157 539 3184 577 a
3215 527 3500 585 catholicis

1929 615 2187 682 castigata
2226 613 2677 666 lilontanistarum
2714 614 2802 665 illa
2838 615 3052 669 novitas
3079 624 3182 679 est,
3219 618 3360 686 quod
3389 629 3500 673 sta-

1932 705 2110 757 t’o'ncs
2142 713 2193 756 et
2217 704 2423 772 jejunia
2476 703 2620 768 aliis,
2650 720 2809 772 quam
2846 719 2967 773 quas
2993 705 3061 759 ab
3097 704 3334 761 Ecclesia
3371 725 3503 779 prae-

1930 794 2127 862 scripta
2150 802 2348 858 essent,
2376 795 2709 864 temporibus
2734 796 2798 849 ad
2818 812 3097 866 veSperam
3118 800 3497 855 extenderent:

1931 900 2055 937 nam
2091 885 2223 937 feria
2250 894 2440 953 quarta
2477 895 2738 956 scxtaque
2770 886 2836 939 ad
2869 902 3065 942 nonam
3091 889 3361 963 duntaxat
3378 906 3500 958 per-

1929 991 2206 1031 severasse
2250 979 2301 1031 in
2339 978 2569 1032 statione
2614 977 2970 1034 Montanistas
3012 981 3200 1034 eodem
3239 983 3329 1035 illo
3360 983 3501 1038 libro

1929 1083 2048 1137 cap.
2081 1068 2146 1121 iO
2181 1067 2403 1123 Tertull.
2437 1070 2635 1125 indicat
2669 1090 2679 1123 :
2712 1069 2830 1124 Non
2868 1073 3019 1141 quasi
3047 1089 3350 1140 respuantus
3400 1091 3498 1127 no-

1932 1177 2073 1221 nam,
2098 1162 2290 1230 inquit,
2315 1162 2400 1214 cui
2425 1173 2470 1215 et
2497 1175 2688 1232 quarta
2715 1161 2956 1228 Sabbati,
2976 1173 3021 1215 et
3047 1173 3192 1216 sexta
3213 1166 3500 1232 plurimum

1932 1251 2220 1320 fungimur.
2252 1251 2542 1321 Propterea
2574 1268 2702 1307 vero
2731 1254 3023 1307 stationum
3052 1253 3258 1322 jejunia
3290 1254 3378 1307 illa
3419 1271 3501 1306 se-

1930 1341 2207 1409 mijejunia
2232 1342 2298 1396 ab
2326 1343 2515 1397 eodem
2551 1352 2772 1398 auctore
2806 1343 3185 1409 nominantur,
3227 1360 3345 1413 cap.
3381 1345 3446 1397 15
3484 1363 3495 1397 :

1932 1430 2069 1485 Ecce
2103 1433 2239 1486 enim
2271 1432 2381 1501 (ait
2419 1434 2675 1487 adversus
2706 1434 3039 1503 catholicos)
3065 1434 3308 1487 convenio
3335 1450 3419 1487 vos
3451 1442 3502 1486 et

1930 1528 2122 1588 prieter
2154 1518 2379 1573 'Pascha
2428 1520 2753 1589 jejunantes,
2790 1524 2923 1575 citra
2970 1524 3091 1576 illos
3132 1526 3263 1589 dies,
3311 1524 3499 1593 quibus

1933 1609 2140 1662 ablatus
2170 1619 2245 1662 est
2270 1625 2525 1679 sponsus;
2555 1620 2601 1664 et
2636 1613 2925 1667 stationum
2964 1613 3297 1683 semijt-junia
3333 1616 3499 1667 inter-

1933 1712 2197 1770 ponentes.

259 1782 433 1852 ipsius
490 1792 651 1851 atque
681 1783 1022 1853 imperatoris
1054 1783 1319 1837 interfuit.
1350 1782 1455 1838 Sed
1489 1798 1589 1837 nec
1615 1798 1645 1837 a
1674 1784 1830 1839 statis
1860 1780 1903 1834 B
2004 1788 2109 1845 Sed
2176 1790 2603 1846 obscurissimus
2661 1800 2743 1846 est
2806 1792 2996 1847 iisdem
3057 1795 3122 1848 de
3174 1794 3499 1849 stationibus

257 1875 596 1942 temporibus
658 1876 923 1929 stationes
968 1874 1261 1927 nominatae
1306 1874 1577 1937 videntur,
1622 1874 1719 1929 sed
1761 1872 1829 1926 ab

256 1966 375 2035 ipsa
410 1966 723 2031 assistendi,
764 1968 867 2020 hoc
906 1974 989 2020 est
1030 1964 1389 2021 conveniendi
1423 1964 1827 2018 commorandi-

253 2070 362 2124 que
417 2054 730 2120 iunctione;
788 2057 933 2125 quod
995 2056 1139 2110 ultra
1205 2055 1506 2124 legitimum
1551 2069 1829 2125 synaxeon

252 2156 488 2214 tempus,
540 2148 790 2202 videlicet
823 2148 1175 2211 matutinum,
1207 2147 1451 2201 divinum
1486 2145 1721 2202 ofﬁcium
1760 2147 1827 2201 ad

249 2252 454 2292 nonam
500 2254 672 2307 usque
722 2241 1109 2309 producerent,
1162 2249 1215 2293 et
1246 2239 1616 2294 diuturniores
1653 2240 1706 2292 in
1734 2254 1827 2293 ec-

251 2329 413 2383 clesia
449 2343 630 2382 moras
672 2338 913 2399 agerent.
959 2329 1116 2399 Apud
1159 2329 1490 2400 Cyprianum
1534 2328 1695 2397 epiSt.
1734 2328 1825 2392 41,

249 2420 334 2474 Ad
378 2419 680 2474 Cornelium
712 2435 919 2489 papam,
933 2420 1180 2475 stationis
1212 2435 1411 2475 nomen
1453 2427 1563 2474 tam
1597 2419 1663 2475 de
1699 2434 1831 2475 con-

250 2521 414 2566 ventu
449 2509 589 2580 ipso,
627 2527 791 2581 quam
823 2514 889 2567 de
920 2526 1163 2581 tempore
1204 2528 1269 2569 ac
1311 2512 1398 2568 die
1443 2522 1621 2583 potest
1664 2513 1826 2567 intel-

248 2601 376 2672 ligi;
410 2617 533 2656 cum
572 2603 639 2657 de
677 2600 970 2658 Novatiani
1018 2605 1212 2675 legatis
1255 2604 1308 2658 in
1360 2604 1600 2658 Africam
1645 2603 1828 2659 missis

252 2710 420 2764 agens
454 2712 468 2749 :
500 2695 607 2759 Qui
635 2712 752 2749 cum
782 2697 837 2750 in
863 2698 1112 2762 statione,
1152 2699 1365 2769 inquit,‘
1387 2697 1663 2753 invidiosis
1695 2714 1828 2768 quo-

254 2802 351 2854 que
403 2789 650 2842 conviciis
722 2798 773 2842 et
836 2789 1157 2844 clamoribus
1219 2790 1534 2845 turbulentis
1606 2807 1829 2861 prorue-

254 2887 397 2939 rant,
434 2888 537 2932 etc.

324 2968 690 3034 Quamobrem
727 2971 990 3027 stationes
1020 2985 1129 3025 non
1159 2971 1368 3042 jejunia
1407 2972 1523 3043 ipsa
1556 2984 1702 3039 sunt,
1734 2974 1827 3029 sed

253 3076 377 3114 cum
408 3061 631 3129 jejuniis
659 3061 972 3130 conjuncta.
1007 3060 1331 3133 Quanquam
1356 3063 1557 3134 duplex
1591 3066 1831 3134 jejunio-

254 3166 374 3204 rum
404 3167 573 3221 genus
604 3153 744 3221 apud
772 3153 1031 3223 antiquos
1059 3152 1160 3208 fuit
1194 3173 1207 3209 :
1239 3170 1364 3209 nam
1401 3156 1547 3211 aliud
1592 3157 1830 3226 exquisi-

254 3244 364 3297 tius
394 3252 529 3307 erat,
564 3244 706 3313 quod
735 3244 970 3315 longius,
1009 3246 1112 3299 hoc
1136 3254 1221 3301 est
1244 3246 1312 3300 ad
1334 3262 1618 3317 vesperam
1654 3264 1831 3317 usque

253 3335 671 3403 prorogabatur,
708 3335 787 3387 uti
839 3335 1314 3406 quadragesimale
1352 3338 1642 3406 jejunium.
1702 3337 1832 3408 Epi-

252 3426 487 3496 phanius
535 3426 676 3479 enim
726 3424 891 3490 infra,
922 3425 1109 3480 eodem
1157 3426 1263 3481 isto
1315 3440 1566 3491 numero,
1594 3441 1829 3497 synaxes

254 3517 771 3587 quadragesimales,
803 3517 869 3571 ab
896 3519 1030 3573 hora
1059 3532 1204 3572 nona
1242 3518 1309 3572 ad
1346 3532 1627 3587 vesperam
1655 3533 1831 3587 usque

254 3609 518 3664 celebrari
556 3610 715 3663 docet
743 3625 759 3661 :
791 3617 916 3662 ante
938 3624 1076 3677 quas
1104 3623 1335 3679 synaxes
1358 3608 1568 3678 jejunia
1606 3610 1830 3664 minime

255 3700 629 3756 solvebantur.
653 3700 813 3755 Aliud
848 3708 966 3754 erat
986 3700 1149 3769 paulo
1173 3700 1459 3755 remissius
1490 3715 1553 3754 ac
1586 3700 1826 3768 brevius,

254 3793 399 3860 quod
429 3792 495 3845 ad
532 3807 730 3846 nonam
758 3792 1021 3847 duntaxat
1049 3791 1444 3861 produceretur
1470 3812 1484 3847 :
1519 3793 1830 3862 cujusmudi

255 3883 405 3937 ferire
462 3892 670 3951 quartae
726 3892 999 3952 sextaeque
1044 3885 1312 3953 jejunium
1362 3885 1636 3940 exstitisse
1685 3886 1828 3939 idem

256 3973 591 4042 Epiphanius
632 3974 863 4027 asserit:
896 3974 1125 4042 Τετράδι
1144 3975 1223 4038 δὲ,
1251 3976 1345 4028 καὶ
1369 3977 1426 4029 ὲν
1457 3975 1820 4046 προσαὸϐάτῳ

254 4068 314 4121 ὲν
350 4066 567 4136 νηστείᾳ
600 4066 705 4128 ἓως
741 4064 890 4136 ὥρας
920 4065 1135 4135 ἐνάτης.
1178 4064 1316 4121 Hinc
1344 4075 1450 4131 est,
1487 4068 1651 4136 quod,
1679 4076 1738 4120 ut
1762 4082 1827 4121 ex

260 4156 599 4211 Tertulliano
633 4157 992 4224 conspicuum
1019 4165 1124 4218 est,
1156 4158 1420 4214 stationes
1442 4174 1549 4212 non
1577 4159 1718 4213 ultra
1737 4174 1830 4213 no-

256 4263 381 4301 nam
409 4246 848 4305 extenderentur.
882 4247 1002 4311 Quo
1037 4244 1259 4303 nomin'e
1293 4264 1323 4302 a
1351 4249 1658 4313 catholicis,
1690 4265 1829 4319 quos

256 4335 551 4407 Psychicos
574 4336 828 4405 appellat,
855 4336 1194 4391 Montanistte
1214 4339 1532 4406 reprehensi
1560 4349 1707 4402 sunt.
1728 4356 1826 4409 pro

1932 1889 2143 1951 quarta:
2196 1889 2469 1951 sextaeque
2514 1880 2662 1935 feriae
2694 1880 3009 1935 Tertulliani
3041 1882 3194 1939 locus
3231 1898 3350 1952 cap.
3385 1883 3449 1935 Μ
3484 1899 3497 1935 :

1930 1972 2040 2026 Cur
2070 1972 2405 2036 stationibus,
2438 1972 2633 2041 inquit,
2679 1981 2925 2041 quartam
2969 1981 3017 2025 et
3043 1983 3244 2026 sextam
3280 1970 3500 2027 Sabbati

1931 2065 2195 2129 dicamus,
2243 2072 2292 2117 et
2339 2064 2557 2133 jejuniis
2603 2062 2969 2117 Parasceven?
3014 2063 3147 2118 Nam
3205 2064 3503 2119 Parasceve

1929 2156 2059 2225 quid
2088 2155 2231 2209 aliud
2263 2162 2345 2209 est
2378 2170 2542 2224 quam
2577 2166 2722 2209 sexta
2755 2152 3011 2210 Sabbati?
3050 2155 3318 2211 Praeterea
3360 2157 3503 2225 jeju-

1929 2248 2079 2301 nium
2120 2246 2419 2300 Parasceve
2472 2246 2571 2300 soli
2633 2247 2841 2309 tribuit,
2892 2248 3048 2317 quasi
3102 2263 3208 2302 non
3259 2257 3310 2303 et
3367 2249 3501 2303 feria

1929 2348 2121 2409 quarta
2155 2347 2212 2393 ut
2240 2340 2423 2402 statio,
2455 2338 2527 2390 ita
2548 2337 2821 2406 jejunium
2854 2339 3095 2393 solemne
3126 2338 3306 2392 fuerit.
3328 2338 3502 2408 Hujus

1930 2430 1981 2483 in
2037 2430 2140 2483 loci
2195 2429 2636 2497 interpretatione
2702 2430 2903 2483 mirum
2963 2428 3091 2497 quid
3154 2427 3394 2482 Pamelio
3444 2430 3499 2482 in

1928 2530 2166 2575 mentem
2219 2519 2447 2583 venerit,
2502 2534 2624 2574 cum
2678 2517 3018 2573 Parasceven
3075 2534 3105 2571 a
3164 2516 3501 2571 Tertulliano

1928 2628 2069 2668 nove
2122 2612 2418 2667 Sabbatum
2468 2611 2727 2682 appellari
2770 2610 3020 2666 credidit.
3073 2609 3377 2676 Stationes,
3416 2609 3501 2662 in-

1928 2705 2065 2775 quit,
2106 2704 2334 2774 appellat
2363 2702 2567 2774 quartte
2612 2712 2660 2757 et
2702 2712 2865 2756 sexta:
2910 2694 3057 2770 ferite
3100 2701 3327 2769 jejunio,
3361 2700 3499 2769 quod

1928 2806 2127 2852 statuta
2161 2806 2328 2851 essent
2364 2796 2471 2850 illis
2494 2795 2676 2849 diebus
2693 2794 2925 2863 jejunia,
2956 2810 3057 2847 non
3080 2795 3204 2846 item
3232 2793 3318 2846 die
3337 2790 3503 2844 Para-

1928 2905 2115 2951 sceves,
2142 2904 2258 2958 qua:
2298 2896 2449 2940 erant
2492 2886 2815 2940 voluntaria.
2844 2884 2909 2937 Et
2944 2898 3169 2938 numero
3195 2889 3455 2951 sequente
3483 2900 3496 2935 :

1929 2983 2252 3035 Parasceven
2316 2980 2392 3033 ait
2428 2995 2539 3033 esse
2582 2977 2877 3033 Sabbatum
2904 3014 2920 3039 ,
2980 2976 3117 3045 quod
3166 2974 3500 3027 ﬂaminicam

1931 3073 2260 3143 praecederet.
2293 3071 2407 3137 Quo
2440 3072 2522 3124 die
2549 3070 2814 3139 jejunium
2840 3084 2933 3137 pro
2954 3068 3202 3137 cujusque
3233 3066 3499 3119 voluntate

1931 3173 2192 3218 servatum
2222 3174 2319 3217 est.
2353 3160 2495 3215 Nihil
2532 3169 2625 3215 aut
2652 3160 2963 3221 absurdius,
3007 3169 3098 3212 aut
3130 3158 3273 3227 quod
3305 3172 3335 3211 a
3366 3156 3493 3211 Ter-

1931 3254 2140 3308 tulliani
2195 3263 2377 3308 mente
2433 3253 2606 3323 magis
2658 3251 3011 3314 abhorreret,
3067 3247 3247 3303 aﬂ'erri
3296 3248 3496 3317 potuit.

1930 3344 2161 3399 Tantum
2192 3345 2338 3399 enim
2387 3343 2557 3407 abest,
2589 3350 2647 3395 ut
2686 3340 3051 3395 Tertullianus
3092 3337 3387 3391 Sabbatum
3416 3336 3499 3406 je-

1923 3439 2094 3508 juniis
2138 3436 2374 3492 dicatum
2405 3449 2524 3489 esse
2553 3431 3000 3502 pronuntiaverit,
3036 3438 3097 3484 ut
3126 3429 3193 3484 de
3224 3444 3289 3482 eo
3316 3429 3498 3484 statim

1927 3531 2031 3586 ista
2058 3528 2316 3599 subjiciat
2349 3544 2363 3580 :
2400 3526 2716 3595 Quanquam
2757 3539 2844 3577 vos
2888 3522 3050 3575 etiam
3094 3519 3405 3585 Sabbatum,
3453 3520 3501 3574 si

1926 3622 2157 3692 quando,
2189 3618 2530 3683 continuatis,
2574 3631 2838 3685 nunquam
2883 3615 2987 3667 nisi
3030 3614 3083 3666 in
3111 3611 3321 3666 Pascha
3358 3613 3503 3681 jeju-

1928 3713 2183 3775 nandum,
2212 3709 2495 3765 secundum
2527 3708 2784 3760 rationem
2813 3705 2941 3758 alibi
2977 3704 3254 3757 redditam.
3284 3702 3339 3755 Si
3364 3719 3502 3756 nun-

1928 3818 2092 3874 quam
2118 3801 2357 3858 Sabbato
2383 3796 2761 3870 jejunandtun,
2797 3810 2908 3850 uno
2938 3794 3209 3848 duntaxat
3248 3802 3496 3861 excepto,

1929 3895 2205 3965 quomodo
2235 3895 2474 3949 dicatum
2500 3907 2530 3946 a
2569 3890 2708 3955 suis,
2742 3888 2965 3959 perinde
2992 3902 3055 3941 ac
3081 3885 3385 3947 catholicis,
3413 3885 3499 3953 je-

1925 3988 2081 4057 junio
2109 3986 2404 4040 Sabbatum
2430 3983 2799 4038 Tertullianus
2821 3980 3002 4035 dicere
3031 3978 3246 4048 potuit?
3267 3976 3500 4030 Aliunde

1929 4081 2094 4149 igitur
2126 4078 2411 4147 quaerenda
2453 4084 2535 4130 est
2580 4075 2685 4128 loci
2726 4073 2872 4128 illius
2920 4072 3228 4141 explicatio.
3259 4069 3390 4135 Quae
3429 4084 3497 4121 an

1928 4168 2197 4239 ejusmodi
2222 4166 2395 4236 possit
2419 4180 2558 4227 esse,
2607 4162 3062 4218 considerandum
3090 4168 3210 4214 est:
3237 4158 3496 4212 nimirum

1930 4256 2249 4313 Tertulliani
2281 4265 2541 4325 tempore,
2572 4269 2695 4309 cum
2746 4252 3008 4306 stationes
3052 4248 3183 4303 feria
3218 4256 3410 4317 quarta
3443 4253 3497 4299 et

1930 4358 2080 4406 sexta
2109 4350 2317 4409 tierent,
2352 4346 2525 4400 amba:
2550 4345 2765 4415 quidem
2793 4342 2859 4396 ad
2888 4356 3087 4397 nonam
3118 4340 3382 4394 duntaxat
3406 4338 3499 4391 ho-

256 4443 322 4481 eo
375 4428 520 4496 quod
575 4429 840 4482 stationes
893 4443 1022 4484 suas
1072 4428 1140 4482 ad
1188 4444 1469 4499 vesperam
1502 4432 1823 4499 proferrent.
1858 4468 1902 4523 ο
1931 4457 2045 4497 ram
2078 4446 2378 4509 prorogatae
2422 4444 2577 4501 sunt;
2616 4434 2709 4489 sed
2761 4433 2891 4487 feria
2933 4439 3127 4500 quarta
3162 4429 3342 4483 statim
3373 4434 3499 4495 post

256 4518 577 4573 Tertulliani
606 4521 765 4575 verba
804 4528 933 4574 sunt
956 4520 1047 4573 lib.
1067 4519 1140 4573 De
1151 4520 1374 4588 jejuniis
1400 4533 1585 4576 contra
1610 4522 1823 4591 Page/tn

254 4607 433 4677 JEque
461 4611 714 4663 stationes
750 4620 979 4673 nostras,
1012 4620 1068 4663 ut
1101 4611 1380 4680 indignas;
1424 4611 1683 4673 quasdam
1710 4628 1826 4665 vero

254 4708 304 4753 et
328 4701 381 4752 in
398 4716 566 4753 serunt
588 4703 899 4755 constitutas
924 4702 1173 4755 novitatis
1192 4703 1398 4754 nomine
1426 4703 1669 4757 incusant
1693 4717 1708 4754 :
1734 4703 1829 4755 hoc

255 4808 457 4862 quoque
485 4808 671 4846 munus
696 4806 741 4847 et
765 4810 829 4847 ex
860 4795 1082 4847 arbitrio
1109 4795 1402 4847 obeundum
1440 4811 1548 4847 esse
1577 4796 1826 4859 dicentes,

254 4892 304 4936 et
330 4900 431 4935 non
458 4883 602 4936 ultra
633 4900 826 4937 nonam
852 4885 1212 4950 detinendam,
1232 4884 1293 4938 de
1324 4900 1418 4938 suo
1434 4884 1639 4961 scilicet
1664 4901 1824 4940 more.

174 4978 187 4983 “
255 4972 458 5027 Ibidem
490 4984 745 5042 praeterea
783 4993 796 5028 :
829 4977 1071 5046 Arguunt
1103 4993 1196 5031 nos
1228 4976 1366 5046 quod
1382 4976 1592 5045 jejunio
1614 4979 1829 5047 propria

256 5068 636 5133 custodiamus,
679 5069 816 5137 quod
851 5071 1101 5123 stationes
1123 5070 1428 5142 plerumque
1468 5070 1521 5123 in
1565 5087 1829 5137 vesperam

257 5158 627 5227 producamus.
675 5159 795 5225 Quo
847 5162 899 5215 in
952 5163 1072 5216 loco
1106 5177 1213 5216 non
1244 5161 1431 5216 leviter
1464 5161 1829 5218 ballueinatus

255 5258 342 5304 est
385 5249 696 5315 Pamelius,
750 5252 878 5305 dum
928 5251 1319 5307 Tertullianum
1352 5267 1445 5320 per
1496 5253 1825 5307 calumniam

258 5342 375 5396 htee
426 5340 481 5394 in
529 5342 861 5396 orthodoxos
906 5342 1090 5412 jacere
1127 5344 1337 5407 scribit,
1373 5344 1518 5413 quod
1563 5352 1827 5412 negarent

257 5433 543 5494 stationes.
584 5434 685 5489 hoc
715 5444 795 5487 est
817 5434 1023 5505 jejunia
1056 5436 1197 5490 ultra
1224 5452 1424 5490 nonam
1455 5438 1825 5507 propaganda,

256 5540 406 5590 cum,
440 5535 496 5579 ut
525 5541 588 5579 ex
625 5525 852 5581 inﬁnitis
880 5535 1118 5581 veterum
1148 5528 1475 5582 testimoniis
1500 5536 1736 5593 constat,
1759 5528 1826 5582 ad

256 5616 391 5673 Solis
462 5632 719 5673 occasum
788 5632 959 5686 usque
1017 5617 1226 5687 jejunia
1277 5618 1656 5688 produxerim.
1704 5617 1826 5673 .Sed

255 5707 402 5764 aliud
430 5710 678 5766 videlicet
700 5708 862 5764 statio
884 5717 985 5775 cst,
1016 5724 1178 5781 quam
1202 5709 1499 5781 jejunium;
1528 5720 1581 5767 et
1608 5709 1817 5781 jejttnia

1930 4531 2184 4587 stationis
2209 4529 2412 4584 exitum
2440 4528 2743 4593 horamque
2768 4537 2967 4577 nonam
2986 4521 3254 4591 jejunium
3286 4519 3499 4575 solvere

1931 4623 2132 4679 licitum
2165 4621 2294 4675 fuit:
2326 4628 2476 4674 sexta
2498 4631 2628 4671 vero
2660 4615 2814 4681 feria,
2838 4614 3049 4684 expleto
3078 4611 3331 4668 stationis
3360 4620 3498 4665 tem-

1929 4727 2079 4782 pore,
2121 4725 2227 4764 non
2264 4709 2448 4765 statim
2495 4706 2578 4761 fas
2609 4714 2725 4761 erat
2757 4704 2923 4767 vesci,
2967 4704 3060 4759 sed
3108 4703 3176 4757 ad
3214 4716 3495 4771 vesperam

1929 4810 2139 4855 tantum
2174 4817 2186 4853 :
2219 4799 2360 4853 unde
2410 4797 2541 4851 feria
2589 4806 2779 4867 quarta
2805 4795 3229 4865 semijejunium,
3266 4802 3326 4848 ut
3359 4791 3495 4846 Ter-

1930 4893 2190 4947 tullianus
2242 4897 2418 4952 vocat,
2454 4889 2799 4943 observatum
2848 4895 2950 4951 est,
2990 4894 3140 4941 sexta
3203 4882 3494 4953 jejunium.

1929 4984 2007 5038 lla
2047 4982 2323 5036 nonnullis
2353 4984 2407 5035 in
2436 4979 2591 5045 locis,
2623 4988 2682 5033 ttt
2722 4978 2885 5048 paulo
2927 4980 3047 5045 post
3090 4982 3316 5028 testatur
3366 4970 3499 5039 Epi-

1929 5078 2187 5148 phanius,
2218 5076 2347 5131 feria
2377 5075 2565 5145 quinta
2599 5073 2821 5143 majoris
2847 5068 3196 5125 hebdomadas
3226 5081 3349 5120 cum
3386 5072 3499 5119 sta-

1931 5171 2107 5225 tiones
2152 5177 2205 5222 et
2248 5182 2480 5238 synaxes
2504 5165 2569 5218 ad
2597 5165 2787 5217 horam
2830 5175 3029 5214 nonam
3073 5156 3495 5219 celebrarentur,

1931 5277 2034 5315 non
2089 5268 2271 5314 tamen
2318 5256 2549 5313 subinde
2598 5253 2806 5323 jejunia
2859 5249 3229 5306 solvebantur.
3268 5244 3331 5298 Et
3370 5260 3499 5299 vero

1929 5352 2161 5406 arctiore
2200 5349 2411 5420 jejunio
2461 5361 2527 5402 ac
2577 5345 2920 5400 diuturniore
2966 5338 3143 5394 inedia
3173 5335 3495 5392 celebranda

1928 5444 2044 5499 dies
2070 5422 2079 5433 κ
2096 5443 2186 5497 illa
2227 5442 2424 5504 fuerat,
2456 5452 2577 5509 quae
2618 5434 2915 5491 Dominicis
2944 5430 3193 5486 Passieni
3228 5428 3498 5498 praecipue

1929 5544 2302 5591 consecratur.
2323 5530 2587 5603 Equidem
2612 5543 2722 5582 non
2750 5527 2906 5581 video
2931 5524 3058 5594 quid
3097 5523 3163 5577 de
3181 5517 3495 5574 Tertulliani

1930 5614 2048 5680 loco
2083 5625 2175 5680 illo
2204 5624 2310 5678 dici
2338 5621 2675 5694 probabilius
2702 5618 2896 5690 possit.
2930 5615 3047 5670 Jam
3083 5628 3210 5667 vero
3246 5627 3343 5681 per
3376 5610 3497 5663 ilius

1931 5717 2226 5775 stationum
2263 5715 2402 5782 dies,
2429 5731 2550 5786 qua:
2581 5729 2706 5770 cum
2744 5710 2953 5783 jejunio
2979 5706 3284 5777 conjuncta:
3313 5711 3495 5767 erait,
