3994 6222
497 268 631 327 ιιθι

1625 261 1969 319 ΛΡΡΕΝΒΙΙ
2010 256 2633 316 DISSERTATIONUM.

3607 258 3747 316 1092

488 396 679 443 contra
710 392 873 453 atque
904 381 954 436 in
988 380 1527 453 majoribusjejuniis
1554 379 1811 449 usurpari
1839 392 2066 434 consue-

2169 385 2322 431 ratur
2350 395 2362 431 :
2412 374 2480 427 Εἰ
2505 393 2589 439 τις
2630 373 2887 446 κληρικὸς
2914 371 3113 445 εὑρεθῇ
3157 370 3255 444 τὴν
3287 372 3575 444 Κυριακὴν
3606 373 3747 444 ὴμέ-

490 486 664 543 verat,
690 476 873 530 divina
912 474 1167 545 mysteria
1220 484 1275 529 et
1320 474 1592 531 sacrilicia
1642 471 2063 542 peragebantur,

490 568 780 624 distributa
808 581 1027 635 quoque
1054 566 1109 621 in
1140 565 1324 621 ﬁdeles
1356 564 1705 620 Eucharistia
1735 581 1748 616 :
1782 576 1945 632 quam
1982 569 2064 615 ta-

490 671 614 711 men
646 671 753 709 non
784 655 1014 711 subinde
1066 656 1118 709 in
1146 671 1208 711 os
1238 656 1437 726 trajici,
1470 655 1562 711 sed
1598 654 1865 710 reservari
1904 666 2067 721 opor-

491 757 604 803 tere
642 746 1008 801 Tertullianus
1040 746 1313 811 admonet,
1360 747 1416 801 in
1458 746 1605 802 calce
1637 746 1734 800 lih.
1780 743 1858 797 De
1902 750 2065 807 orat.,

487 839 664 894 donec
692 838 944 894 absoluta
967 839 1038 894 sit
1064 839 1246 894 statio.
1280 837 1464 909 Neque
1498 847 1611 893 tum
1642 836 2067 908 praetermissum

422 946 427 1001 ξ
487 931 705 986 videtur
733 931 883 1001 pacis
910 932 1185 995 osculum,
1213 929 1358 1001 quod
1394 944 1504 984 uno
1536 927 1762 985 Pascha
1801 926 1889 982 die
1923 942 2070 982 com-

487 1020 726 1075 muniter
762 1021 830 1074 ab
868 1019 1127 1075 omnibus
1160 1019 1430 1074 omissum
1462 1018 1605 1073 idem
1635 1027 1826 1072 auctor
1860 1015 2067 1087 signiﬁ-

488 1122 596 1168 cat.
638 1114 742 1167 Sed
774 1115 842 1167 de
867 1112 1035 1168 variis
1060 1111 1429 1168 Ecclesiarum
1473 1110 1668 1165 ritibus
1691 1108 1917 1163 consule
1946 1122 2067 1178 qua:

488 1206 542 1258 in
578 1205 858 1274 superiore
885 1214 1013 1259 nota
1045 1220 1109 1259 ex
1132 1204 1436 1279 Augustino
1460 1210 1514 1258 et
1540 1200 1857 1257 Innocentio
1884 1200 2067 1255 decla-

489 1296 751 1350 ravituus.
786 1294 948 1348 Plura
995 1294 1061 1348 de
1095 1295 1197 1350 hoc
1232 1294 1529 1348 stationum
1581 1292 1690 1345 ritu
1733 1289 2068 1359 antiquitatis

488 1387 869 1441 ecclesiasticae
912 1386 1145 1442 studiosi
1202 1385 1573 1456 pervestigare
1612 1392 1901 1453 poterunt;
1941 1395 2066 1436 cum

487 1488 539 1533 ει
583 1494 683 1533 nos
724 1478 979 1548 pleraque
1011 1478 1264 1534 consulto
1291 1476 1737 1547 praeterierimus,
1771 1483 1917 1529 utea
1951 1473 2068 1528 sola

486 1571 999 1639 complecteremur,
1025 1584 1260 1640 quorum
1292 1568 1605 1625 obscuritas
1626 1566 1804 1621 lucem
1826 1565 2067 1636 aliquam

487 1668 685 1713 nostra:
714 1658 1099 1728 disputationis
1129 1660 1389 1729 exigeret.

2173 484 2270 539 ραν
2304 466 2596 537 νηστεύων,
2629 465 2662 537 ἢ
2688 466 2749 519 τὸ
2776 464 3049 520 Σάϐϐατον
3071 454 3233 535 (πλὴν
3265 462 3359 516 τοῦ
3395 463 3514 527 ἑνὸς
3536 464 3748 535 μόνον),

2168 558 2564 628 καθαιρείσθωο
2617 559 2666 610 εἰ
2717 556 2773 609 δὲ
2818 556 3040 619 λαῖκὸς,
3084 554 3455 626 άφοριζέσθωο
3510 554 3749 610 Clericus

2167 653 2256 721 qui
2298 650 2575 705 Dominico
2617 649 2743 714 die,
2777 648 2855 701 vel
2901 646 3134 701 Sabbato
3190 647 3315 716 (uno
3356 646 3615 700 duntaxat
3657 663 3752 701 ea:-

2168 742 2335 812 cepto)
2382 742 2627 811 jejunare
2664 739 3011 809 deprehensus
3060 741 3161 803 sit,
3210 739 3537 807 deponatur;
3579 738 3748 793 laicus

2167 833 2667 887 excommunicetur.
2712 830 2831 885 NOn
2862 838 3039 900 potest
3073 830 3176 886 hoc
3206 830 3276 885 ab
3304 831 3570 901 apostolis
3599 845 3749 887 com-

2169 925 2321 978 muni
2347 939 2468 979 esse
2504 924 2722 979 decreto
2774 923 3156 977 constitutum.
3186 923 3292 977 Aut
3321 923 3368 978 si
3399 922 3751 992 Apostolicus

2168 1018 2272 1072 iste
2312 1032 2489 1073 canon
2522 1026 2640 1082 est,
2688 1016 2803 1071 haec
2841 1015 3036 1081 verba,
3071 1014 3105 1085 ἢ
3156 1015 3217 1068 τὸ
3261 1014 3540 1069 Σάὁὸατον
3564 1055 3580 1080 ,
3609 1016 3753 1087 πλὴν

2167 1107 2261 1163 τοῦ
2305 1109 2423 1172 ἐνὸς
2456 1108 2618 1179 μόνου
2643 1146 2659 1174 ,
2706 1107 2775 1163 ab
2823 1106 3015 1162 otiosis
3056 1105 3317 1161 Graeculis
3346 1107 3556 1161 intexta
3600 1118 3750 1163 sunt.

2167 1200 2277 1257 Nec
2329 1201 2574 1257 melioris
2634 1208 2776 1254 nota:
2825 1206 2992 1263 sunt,
3034 1210 3158 1266 quae
3215 1197 3270 1251 in
3308 1199 3494 1265 Apost.
3531 1198 3749 1251 constit.

2168 1295 2416 1367 leguntur
2450 1294 2544 1349 lib.
2587 1309 2694 1358 vn,
2719 1308 2839 1363 cap.
2870 1291 2975 1357 24,
3005 1291 3097 1346 ubi
3125 1291 3194 1345 τὰ
3215 1290 3467 1345 Σάϐϐατα
3508 1292 3606 1345 καὶ
3649 1294 3751 1355 τὰς

2168 1387 2454 1459 Κυριακὰς
2486 1385 2762 1457 ἑορτάζειν
2784 1384 3050 1455 praecipit.
3082 1383 3237 1451 Quod
3265 1385 3335 1440 ab
3362 1385 3625 1455 apostolis
3652 1386 3751 1440 leti

2168 1479 2427 1537 Ecclesia:
2454 1495 2735 1550 nunquam
2773 1494 2897 1535 esse
2926 1478 3322 1550 praescriptum,
3364 1478 3749 1534 sanctissimo-

2169 1587 2290 1626 rum
2322 1571 2543 1627 Patrum
2592 1585 2896 1627 consensus
2922 1571 3262 1640 approbavit.
3294 1570 3414 1625 Alia
3449 1578 3535 1625 est
3557 1568 3750 1640 lgnatii

2168 1663 2332 1729 ratio,
2361 1662 2453 1733 qui
2492 1662 2558 1717 ad
2591 1660 2969 1732 Philippenses
2992 1661 3240 1718 scribens
3268 1701 3284 1727 ,
3318 1675 3426 1715 non
3455 1660 3752 1717 universali

556 1751 670 1807 Col.
694 1752 798 1807 888
812 1744 2069 1822 A.Alxaydmctﬁeﬂsrtnxodtﬁc.VideNi-
2098 1731 2143 1789 Β
2170 1731 2429 1837 Ecclesia.
2464 1753 2582 1815 iura
2612 1731 2973 1818 constituens,
2995 1753 3155 1822 epist.
3186 1752 3242 1818 4,
3265 1750 3370 1806 ista
3403 1752 3747 1821 pronuntiat:

488 1859 699 1899 caenum
735 1859 999 1900 canonem
1027 1845 1149 1911 ult.,
1170 1844 1497 1899 Cassianum
1519 1842 1698 1897 collat.
1722 1841 1813 1903 21,
1835 1855 1955 1910 cap.
1976 1839 2064 1894 11.

558 1937 693 1991 Ibid.
712 1935 771 1989 Β.
794 1938 939 1990 οὔτε
953 1936 1009 1989 ἐν
1034 1935 1110 2005 τῇ
1134 1935 1323 2004 ἡμέρᾳ
1338 1935 1458 1989 τῶν
1482 1932 1865 2003 Ἐπιερανίων.
1885 1930 2068 1987 Multis

489 2029 652 2099 igitur
683 2029 858 2084 modis
876 2028 1195 2083 admirabile
1221 2037 1305 2084 est
1325 2028 1600 2084 decretum
1624 2025 1752 2081 illud
1780 2024 2066 2096 Theophili

488 2120 844 2177 Alexandrini
903 2121 1186 2192 episcopi,
1252 2122 1399 2192 quod
1477 2119 1620 2191 apud
1684 2118 2066 2174 Balsamonem

488 2223 665 2269 exstat
713 2229 835 2285 pag.
867 2212 1037 2279 1067,
1087 2214 1144 2269 in
1193 2228 1305 2284 quo
1336 2222 1390 2269 et
1414 2211 1768 2282 Theophauia
1805 2212 2067 2282 νήστιμον

488 2304 699 2374 ἡμέραν
730 2319 850 2359 esse
878 2304 1009 2359 dicit
1034 2322 1048 2358 ι
1078 2315 1152 2371 et,
1183 2306 1443 2375 quoniam
1492 2304 1584 2359 illo
1613 2318 1757 2359 anno
1797 2302 1850 2357 in
1881 2301 2068 2356 Domi-

488 2396 665 2449 nicam
701 2395 989 2461 inciderat,
1040 2396 1230 2465 paucis
1261 2396 1636 2450 tantummodo
1664 2394 1893 2466 dactylis
1920 2393 2066 2448 vesci

484 2488 672 2557 jubet,
704 2501 815 2557 quo
870 2487 937 2542 ab
971 2488 1241 2543 haereticis
1270 2488 1549 2559 sejunctos
1594 2503 1654 2543 se
1696 2501 1817 2541 esse
1846 2485 2067 2556 proﬁte-

489 2587 701 2645 rentur,
733 2579 826 2648 qui
857 2576 1153 2633 Dominicte
1185 2579 1605 2635 resurrectionis
1651 2578 1795 2633 diem
1830 2592 1937 2632 non
1971 2591 2067 2632 co—

488 2669 694 2734 lerent,
754 2680 808 2725 et
866 2670 971 2725 hoc
1025 2673 1165 2740 ipso,
1220 2671 1368 2741 quod
1426 2671 1785 2741 vespertinam
1837 2670 2064 2741 synaxin

487 2761 956 2831 praestolarentur,
1003 2762 1194 2833 jejunii
1256 2762 1505 2833 religioni
1566 2761 1969 2828 satisfacerent;
2004 2775 2072 2815 ac

488 2861 763 2922 postremo
800 2870 1035 2929 synaxes
1075 2853 1143 2909 ab
1176 2852 1309 2908 hora
1361 2867 1504 2907 nona
1531 2852 1880 2907 celebrandas
1927 2853 2068 2907 indi-

491 2942 586 2997 cit.
645 2942 811 3013 Atqui
869 2942 1168 3000 Dominicis
1231 2943 1425 3000 diebus
1493 2958 1726 3014 synaxes
1787 2943 2069 2997 matutinae.

2168 1844 2237 1897 Ετ
2277 1860 2362 1908 τις
2386 1842 2697 1916 Κυριακὴν,
2737 1843 2771 1913 ἢ
2822 1842 3100 1896 Σάϐὄατον
3147 1840 3419 1912 νηστεύει,
3461 1842 3603 1913 πλὴν
3631 1843 3751 1906 ἑνὸς

2168 1934 2449 1990 Σαὸὃάτου
2476 1974 2492 2001 ,
2536 1929 2693 1999 οὗτος
2732 1934 3128 2007 Χριστοκτόνος
3163 1933 3331 1989 ἐστίν.
3374 1933 3751 1990 Graeculorum

2167 2044 2297 2084 vero
2330 2043 2462 2083 sane
2500 2028 2858 2083 intolerabilis
2895 2037 2981 2083 est
3031 2025 3241 2094 fastus;
3278 2026 3373 2097 qui
3424 2027 3477 2080 in
3518 2028 3756 2097 pseudo-

2168 2118 2378 2188 synodo
2429 2116 2685 2173 Trullana
2756 2133 2879 2173 can.
2935 2117 3026 2185 55,
3081 2116 3383 2173 Romanam
3443 2117 3750 2176 Ecelesiam

2167 2211 2448 2277 damnant,
2483 2211 2627 2281 quod
2666 2226 2763 2281 per
2791 2210 3276 2282 Quadragesimam
3313 2211 3567 2269 Sabbatis
3606 2212 3753 2282 jeju-

2169 2313 2379 2359 narent.
2414 2303 2579 2374 Atqui
2614 2303 2869 2360 Socrates
2897 2304 2994 2359 lib.
3028 2320 3082 2369 v,
3109 2320 3240 2375 cap.
3268 2303 3359 2371 22,
3400 2302 3590 2360 Roma:
3613 2304 3754 2360 scri-

2168 2396 2249 2452 bit
2281 2397 2534 2454 Sabbatis
2575 2398 2627 2452 in
2655 2396 3084 2469 Quadragesima
3126 2398 3429 2469 jejunatum
3458 2412 3572 2453 non
3604 2412 3749 2454 esse.

2170 2488 2276 2545 Sed
2303 2490 2561 2545 nimirum
2592 2490 2953 2546 hallucinatus
2981 2499 3087 2554 est,
3104 2499 3198 2545 aut
3228 2490 3294 2545 ad
3314 2505 3502 2546 vocem
3536 2489 3750 2564 Ῥώμῃ,

2168 2580 2527 2651 adjiciendum
2553 2590 2638 2637 est
2660 2580 2757 2651 νέᾳ
2774 2623 2790 2648 ,
2816 2589 2877 2636 ut
2902 2581 3028 2635 νέαν
3060 2580 3277 2652 Ῥώμην
3292 2580 3754 2653 Constantinopo-

2169 2675 2262 2730 lim
2297 2673 2550 2744 appellet.
2595 2670 2733 2727 Nam
2768 2673 3001 2729 subinde
3034 2672 3203 2729 refert
3245 2675 3353 2727 πᾶν
3385 2674 3663 2729 Σάδδατσν
3690 2677 3753 2727 ὲν

2178 2762 2365 2834 Ῥώμῃ
2392 2761 2767 2835 νηστεύεσθαι.
2791 2761 2869 2819 De
2906 2762 3129 2819 Sabbati
3156 2763 3363 2833 jejunio
3391 2774 3611 2821 exstant
3643 2764 3752 2822 Οε-
3842 2814 3850 2825 .

2169 2854 2523 2910 cidentalium
2552 2854 2890 2924 synodorum
2920 2869 3191 2922 canones,
3229 2866 3287 2912 ut
3328 2856 3648 2913 Eliberitani
3680 2858 3751 2913 26

2167 2953 2223 2999 et
2254 2944 2450 3015 Agath.
2484 2943 2573 3011 12,
2633 2958 2846 3001 necnon
2885 2954 2940 3000 et
2983 2943 3283 3002 Innocentii
3311 2947 3474 3017 primi
3503 2947 3668 3017 epist.
3712 2965 3750 3015 ι,

492 3050 683 3128 omnes
711 3045 896 3103 erant;
921 3036 1152 3128 etquod
1170 3052 1373 3107 paucos
1392 3036 1631 3128 dac1ylos
1660 3035 1762 3090 sub
1784 3049 2064 3128 vesperam
2095 3068 2140 3128 α
2169 3056 2289 3111 cap.
2330 3041 2385 3096 4.
2426 3040 2598 3107 Quem
2649 3041 2867 3112 quidem
2907 3040 3139 3098 ridicule
3178 3042 3474 3098 admodum
3507 3042 3751 3115 Scaliger

488 3125 877 3192 comederent,
920 3127 1057 3181 nihil
1108 3127 1395 3192 obstabat,
1453 3127 1743 3195 quominus
1798 3126 2067 3197 jejunium

488 3229 635 3273 esset
668 3219 971 3289 ejusmodi,
1004 3220 1166 3290 quale
1217 3219 1517 3275 Dominicis
1569 3219 1761 3274 diebus
1812 3219 2068 3273 omnibus

491 3305 839 3361 interdictum
876 3306 1047 3363 fuisse
1074 3324 1199 3362 cum
1245 3307 1584 3379 Epiphanius
1624 3309 1728 3364 hoc
1760 3308 1916 3373 loco,
1951 3318 2068 3363 tum

490 3398 582 3449 alii
638 3405 849 3453 veteres
899 3414 1089 3455 omnes
1138 3398 1423 3455 affirmant.
1476 3400 1743 3456 (Steterunt
1788 3401 1929 3456 idem
1979 3403 2069 3457 ille

491 3488 779 3557 Theophili
809 3490 963 3544 locus
1007 3490 1261 3552 admonet
1291 3511 1305 3546 :
1336 3494 1377 3547 si
1422 3489 1773 3563 Theophania
1803 3494 1970 3549 alium
2011 3494 2066 3549 in

490 3579 653 3643 diem,
689 3596 851 3650 quam
886 3579 1254 3647 Dominicum,
1294 3583 1671 3648 incurrissent,
1700 3585 2065 3656 xerophagiis,

491 3670 596 3724 hoc
624 3679 708 3725 est
737 3686 896 3740 pane,
931 3688 1053 3727 cum
1088 3673 1198 3728 sale
1227 3683 1277 3728 et
1300 3689 1461 3745 aqua,
1497 3676 1844 3746 transigenda
1878 3675 2064 3733 fuisse.

491 3760 651 3817 Nunc
684 3763 757 3816 oh
784 3763 891 3819 diei
923 3763 1241 3834 religionem
1278 3781 1482 3835 paucos
1508 3766 1751 3839 dactylos
1774 3768 2063 3825 remissos:

490 3868 630 3922 quos
654 3862 856 3919 tamen,
890 3863 948 3907 ut
974 3854 1168 3923 jejunii
1195 3857 1337 3911 ratio
1365 3857 1677 3923 haberetur,
1700 3867 1827 3915 ante
1850 3874 2067 3932 vesper-

494 3941 660 3996 tinam
693 3943 923 4014 synaxin
963 3944 1250 4015 degustare
1280 3946 1465 4003 vetuit.

563 4033 696 4089 Ibid.
749 4034 857 4100 Τὰς
893 4034 965 4087 δὲ
1003 4036 1300 4106 Κυριακὰς
1345 4038 1607 4107 ἁπάσας.
1638 4039 1716 4096 De
1767 4041 2062 4098 Dominicis

492 4126 643 4191 solis,
674 4142 781 4180 non
811 4128 939 4183 item
964 4127 1237 4197 Sabbatis,
1272 4132 1565 4201 prudenter
1590 4134 1692 4189 hoc
1722 4135 1975 4202 advertit,
2005 4146 2066 4191 ut

490 4226 547 4271 et
569 4216 770 4290 Gangr.
795 4220 1036 4291 synodus
1063 4236 1185 4277 can.
1214 4223 1279 4278 I8
1304 4223 1369 4279 de
1384 4224 1594 4294 jejunio
1610 4224 1905 4283 Dominicis
1924 4228 2065 4282 dun-

505 4319 655 4364 taxat
687 4310 993 4377 interdixit;
1024 4327 1128 4367 non
1161 4314 1304 4367 enim
1334 4314 1531 4384 ubique
1551 4354 1565 4377 ,
1608 4331 1707 4370 nec
1740 4317 1793 4369 in
1821 4325 1930 4371 tota
1963 4317 2065 4373 Ec-

2170 3131 2267 3188 lib.
2297 3146 2374 3186 vn
2412 3132 2484 3189 De
2513 3132 2716 3187 emend.
2768 3142 2925 3203 temp.
2958 3149 3082 3206 pag.
3113 3132 3212 3189 641
3238 3175 3252 3201 ,
3284 3134 3475 3191 scribit
3508 3135 3750 3205 primum

2167 3226 2414 3280 omnium
2443 3224 2749 3282 instituisse
2772 3266 2788 3291 ,
2822 3236 2885 3281 ut
2916 3224 3155 3282 Sabbato
3178 3226 3542 3297 jejunaretur.
3573 3227 3747 3294 Quasi

2165 3331 2297 3373 vero
2327 3324 2479 3372 tanto
2508 3325 2634 3372 ante
2666 3315 3043 3373 Innocentium
3082 3333 3192 3374 non
3219 3319 3351 3375 illud
3373 3320 3750 3377 Occidentales

2167 3409 2578 3475 consuetudine,
2614 3424 2737 3480 quae
2770 3410 2947 3465 tacitae
2981 3409 3118 3480 legis
3154 3410 3330 3467 instar
3356 3422 3524 3479 esset,
3559 3413 3749 3469 obser-

2164 3500 2429 3556 vaverint.
2455 3498 2641 3571 Neque
2690 3515 2818 3556 vero
2862 3501 3211 3557 Innocentius
3241 3512 3352 3559 tam
3400 3504 3470 3560 de
3522 3504 3747 3560 Sabbati

2160 3584 2373 3662 jejunio
2396 3592 2682 3663 precepit,
2715 3608 2878 3663 quam
2908 3608 3107 3651 causas
3139 3595 3340 3662 attulit,
3375 3610 3474 3652 cur
3502 3594 3747 3653 Sabbato

2161 3683 2519 3754 jejuuandum
2572 3684 2842 3741 videatur.
2884 3686 2967 3742 Ad
3021 3695 3322 3742 extremum
3347 3726 3363 3751 ,
3404 3688 3475 3743 de
3520 3686 3746 3744 Sabbati

2167 3773 2429 3845 religione
2488 3776 2629 3830 inter
2678 3775 3137 3845 pseudodiataxes
3184 3777 3515 3847 apostolicas
3566 3787 3749 3835 exstat

2165 3863 2311 3920 Petri
2339 3880 2406 3920 ac
2432 3862 2585 3921 Pauli
2637 3866 2858 3922 nomine
2884 3866 3030 3922 edita
3081 3867 3294 3923 sanctio
3328 3867 3424 3922 lib.
3459 3883 3581 3935 vui,
3620 3884 3744 3939 cap.

2166 3957 2267 4012 ὅδε
2304 3956 2372 4012 Ut
2400 3974 2460 4013 eo
2481 3958 2565 4011 die
2594 3974 2656 4012 ac
2681 3956 2959 4013 Dominico
2982 3959 3115 4013 servi
3142 3959 3205 4011 ab
3231 3975 3383 4028 opere
3411 3960 3593 4028 feriati
3617 3960 3743 4013 sint.

2178 4045 2631 4117 Ἐργαζέσθωσαν
2652 4049 2702 4102 οἱ
2730 4048 2904 4102 δοῦλοι
2926 4048 3084 4102 πέντε
3123 4048 3357 4121 ἡμέρας,
3392 4048 3669 4103 Σάὀσατον
3689 4050 3747 4103 δὲ

2166 4141 2261 4194 καὶ
2298 4142 2583 4212 Κυριακὴν
2630 4139 3041 4213 σχολαζέτωσαν
3084 4142 3144 4196 ὲν
3196 4146 3262 4213 τῇ
3315 4144 3615 4215 Ἐκκλησίᾳ
3659 4144 3747 4198 διὰ

2165 4234 2264 4305 τὴν
2304 4233 2652 4288 διδασκαλίαν
2677 4235 2775 4306 τῆς
2823 4235 3125 4298 εὐσεϐείας.
3158 4233 3273 4290 Hoc
3303 4250 3433 4291 vero
3464 4251 3744 4307 nunquam

2167 4329 2235 4381 ab
2266 4327 2527 4396 apostolis
2558 4342 2808 4382 manasse
2831 4327 3107 4381 decretum
3134 4336 3358 4397 apparet
3381 4342 3448 4381 ex
3479 4343 3565 4391 eo,
3598 4329 3745 4397 quod

492 4399 659 4453 clesia
687 4398 980 4455 Sabbatum
1008 4402 1201 4472 jejunii
1245 4420 1437 4473 expers
1479 4404 1600 4460 fuit.
1631 4404 1740 4461 Nec
1784 4407 2066 4478 ignorabat
2096 4418 2141 4473 Ι)
2170 4420 2502 4476 Laodicense
2528 4422 2726 4477 conci].
2778 4436 2902 4476 can.
2956 4421 3027 4475 29
3075 4422 3276 4477 diserte
3308 4430 3457 4476 vetat
3505 4422 3746 4477 Sabbato

496 4491 829 4560 Epiphanius
852 4495 1008 4549 aliter
1034 4494 1220 4550 Romae
1270 4505 1325 4551 et
1369 4497 1422 4551 in
1453 4497 1727 4569 plerisque
1752 4497 2065 4557 Occidentis

492 4585 824 4654 regionibus,
859 4601 1023 4655 quam
1060 4587 1114 4640 in
1157 4585 1377 4643 Oriente
1406 4590 1658 4659 usurpari
1691 4592 2061 4647 eonsuevisse.

492 4676 703 4731 Etenim
736 4675 990 4743 Romani,
1015 4679 1159 4748 quod
1189 4681 1444 4735 Socrates
1467 4681 1559 4735 lib.
1586 4697 1639 4745 ν,
1680 4697 1799 4751 cap.
1828 4683 1899 4736 22
1928 4684 2067 4739 scri-

491 4769 605 4834 bit,
644 4772 751 4823 πᾶν
781 4769 1058 4823 Σάΰόατον
1107 4772 1446 4842 νηστεύουσι.
1500 4773 1575 4828 De
1626 4790 1737 4844 quo
1788 4774 2067 4831 fusissime

491 4859 735 4931 disputat
762 4861 994 4930 August.
1026 4861 1185 4930 epist.
1228 4860 1296 4915 86
1334 4872 1387 4917 et
1418 4862 1578 4932 epist.
1612 4863 1713 4917 118
1737 4902 1752 4927 ,
1785 4873 1838 4919 et
1866 4864 1919 4918 in
1948 4863 2063 4918 An-

491 4954 704 5011 nalibus
756 4952 1023 5007 Baronius
1068 4953 1136 5007 ad
1185 4968 1277 5007 an.
1313 4953 1403 5009 58.
1443 4954 1621 5020 Quare
1671 4956 1819 5009 nulla
1864 4965 1947 5012 est
1996 4957 2065 5011 ab

492 5048 758 5117 apostolis
784 5046 927 5101 edita
954 5046 1167 5101 sanctio
1188 5087 1203 5113 ,
1233 5062 1338 5115 qua
1364 5046 1631 5117 jejunium
1661 5063 1727 5101 eo
1760 5048 1847 5103 die
1879 5049 2065 5118 prohi-

493 5143 729 5207 beretur,
768 5151 828 5195 ut
875 5140 1214 5210 Augustinus
1261 5140 1458 5196 asserit
1488 5139 1647 5211 epist.
1686 5142 1787 5196 118
1812 5186 1826 5209 ,
1869 5144 1960 5198 ubi
2009 5146 2063 5201 in

491 5233 655 5288 rebus
687 5232 1000 5302 hujusmodi
1027 5241 1185 5302 negat
1213 5232 1507 5302 quidquam
1532 5248 1653 5288 esse
1674 5234 1751 5288 vel
1773 5234 2065 5306 Scripturw

486 5339 690 5382 sancta
740 5328 1059 5382 auctoritate
1084 5369 1099 5395 ,
1135 5328 1212 5383 vel
1256 5330 1569 5383 universalis
1612 5328 1861 5386 Ecclesia:
1892 5333 2065 5429 τίαάί-

487 5422 633 5476 tione
650 5421 1095 5487 determinatam;
1122 5422 1213 5477 sed
1242 5422 1391 5491 ejus,
1422 5423 1473 5477 in
1515 5438 1619 5493 qua
1655 5425 1889 5480 verseris
1911 5421 2062 5491 ,'Ec-

488 5513 669 5567 clesiae
696 5513 1074 5567 tonsuetudini
1104 5514 1585 5584 obtemperantium
1619 5532 1759 5572 esse.
1797 5515 1915 5583 Qua
1942 5518 2064 5586 qui—

486 5602 612 5655 dem
670 5605 1073 5673 praescriptione
1129 5617 1388 5676 tanquam
1449 5609 1669 5679 spurius
1731 5618 1785 5663 et
1850 5609 2063 5665 alienus

490 5704 664 5745 (agnon
694 5694 780 5749 ille
822 5696 1082 5765 rejicitur,
1110 5700 1202 5769 qui
1237 5700 1378 5755 inter
1417 5702 1747 5772 apostolicos
1778 5700 1846 5757 68
1874 5718 2062 5759 nume-
2088 5768 2109 5775 α

2170 4512 2379 4567 Otiosos
2418 4526 2539 4568 esse
2578 4512 2941 4567 Christianos.
2998 4512 3122 4566 Ὀτι
3166 4512 3228 4565 οὑ
3265 4511 3347 4564 δεῖ
3385 4512 3747 4585 Χριστιανοὺς

2181 4603 2521 4669 Ἰουδαΐζειν,
2570 4605 2665 4657 καὶ
2711 4605 2768 4656 ἐν
2816 4603 2894 4675 τῷ
2945 4604 3209 4677 Σαϐϐάτῳ
3250 4606 3567 4678 σχολάζειν,
3608 4607 3748 4660 ἀλλὰ

2168 4692 2495 4764 ἐργάζεσθαι
2545 4695 2741 4757 αὐτοὺς
2792 4696 2850 4748 ὲν
2891 4699 2958 4766 τῇ
2996 4698 3131 4767 αὐτῇ
3164 4698 3347 4770 ἡμέρᾳ
3371 4739 3385 4761 ,
3421 4698 3520 4769 τὴν
3545 4698 3609 4769 δὴ
3637 4700 3748 4752 Κυ-

2172 4784 2365 4856 ριακὴν
2394 4786 2800 4856 προτιμῶντας,
2833 4787 2887 4840 εῐ
2927 4804 2990 4853 γε
3040 4786 3288 4842 δύνὰιντο
3326 4788 3609 4861 σχολάζειν
3629 4830 3644 4852 ,
3672 4791 3748 4853 ὡς

2167 4877 2478 4947 Χριστιανοὶ
2505 4892 2518 4905 ·
2557 4880 2605 4931 εξ
2651 4878 2708 4932 δὲ
2738 4878 3009 4949 εὑρεθεῖεν
3079 4880 3394 4935 Ἰουδαῖσταὶ
3421 4921 3436 4945 ,
3500 4881 3747 4935 ἔστωσαν

2166 4967 2409 5039 ἀνάθεμα
2438 4972 2589 5042 παρὰ
2616 4970 2856 5041 Χριστῷ.
2883 4971 3180 5029 Dominicis
3211 4973 3392 5043 potius
3415 4988 3579 5042 quam
3610 4972 3751 5028 Sab-

2166 5062 2307 5119 batis
2338 5079 2532 5118 vacare
2558 5063 2742 5134 jubet:
2770 5075 2825 5119 et
2861 5066 3007 5121 addit
3032 5075 3235 5130 tamen,
3268 5067 3314 5120 si
3345 5066 3559 5120 illorum
3594 5081 3750 5120 com-

2167 5154 2331 5209 modo
2365 5156 2479 5209 lieri
2520 5165 2715 5225 potest.
2751 5154 2823 5211 Ut
2861 5157 3104 5211 nondum
3157 5156 3264 5211 illis
3304 5157 3643 5226 temporibus
3680 5157 3750 5207 alt

2166 5248 2314 5302 omni
2340 5263 2503 5317 opere
2533 5247 2757 5303 feriatos
2783 5264 2903 5305 esse
2925 5250 3141 5318 penitus
3171 5249 3530 5304 constitutum
3560 5249 3745 5307 fuerit.

2166 5341 2242 5393 uti
2259 5338 2500 5396 Zonaras
2517 5350 2569 5395 et
2582 5341 2833 5396 Balsamo
2857 5342 2923 5396 ad
2946 5342 3096 5395 illum
3111 5357 3375 5398 canonem
3392 5343 3677 5397 adnotant.

2236 5429 2368 5486 Ibid.
2391 5432 2589 5500 Τὴνδὲ
2606 5432 3130 5502 Τεσσαρακοστήν.
3147 5435 3226 5489 Ad
3256 5433 3748 5505 quadragesimalia

2165 5520 2355 5590 jejunii
2410 5523 2860 5579 consuetudinem
2914 5526 2983 5579 ab
3037 5526 3417 5581 haereticorum
3470 5525 3748 5580 calumnia

2165 5611 2553 5667 vindicandum
2629 5614 2861 5685 insignis
2915 5615 3002 5669 hic
3072 5614 3359 5685 Epiphanii
3424 5615 3580 5669 locus
3638 5626 3752 5667 est.

2166 5703 2488 5776 Quanquam
2517 5721 2582 5762 ea
2640 5722 2728 5765 res
2762 5707 2989 5765 inﬁnitis
3022 5708 3370 5779 antiquorum
3410 5706 3628 5762 Patrum
3680 5722 3750 5763 ac
