3994 6222
280 285 420 344 1005

1054 284 1143 339 DE
1176 278 1572 339 VETERIBUS
1603 280 2005 349 QUIBUSDAM
2047 281 2403 339 ECCLESIIE
2444 281 2743 340 RlTlBUS.

3406 287 3542 342 1094

280 400 641 459 conciliorum
681 397 1006 455 testimoniis
1032 399 1314 470 explorata
1370 401 1506 455 adeo
1552 408 1671 466 est,
1728 399 1862 453 nihil
1891 403 1938 459 Α
1965 398 2051 452 vel
2086 406 2332 454 extremo
2364 398 2486 453 vitae
2530 399 2796 470 periculo,
2824 398 2970 455 vesci
3019 398 3198 455 liceat.
3251 401 3407 472 Apud
3442 401 3544 463 So-

283 502 345 549 ut
372 492 739 561 impudentius
786 492 854 546 ab
888 490 1169 547 hodiernis
1199 492 1472 546 haareticis
1519 491 1732 546 irrideri
1774 506 1864 545 re-

284 585 609 655 pudi'arique
648 585 837 641 soleat.
870 583 1109 639 Consule
1136 598 1259 654 quae
1305 584 1359 639 in
1393 584 1604 655 magnis
1641 582 1864 638 Annali-

284 678 410 744 bus,
466 687 629 747 atque
658 677 726 731 ab
752 676 874 732 aliis
900 677 1141 732 studiose
1195 677 1420 732 collecta
1450 684 1609 741 sunt,
1643 677 1735 746 qui
1769 676 1866 730 ad-

285 784 480 824 versus
510 768 790 823 haereticos
821 768 1173 837 scripserunt.
1208 767 1315 822 Sed
1358 767 1494 821 mira
1526 768 1771 837 quaedam
1808 768 1863 821 in

286 857 778 930 quadragesimalis
803 857 995 928 jejunii
1032 858 1293 929 religione
1319 858 1558 913 varietas
1585 860 1725 928 apud
1767 874 1866 912 an-

288 953 471 1023 tiquos
497 950 725 1015 exstitit,
750 949 818 1006 de
852 966 959 1020 qua
988 950 1225 1006 lrenaeus
1257 950 1400 1020 apud
1438 950 1733 1006 Eusebium
1767 952 1862 1006 lib.

287 1062 341 1112 v,
369 1060 490 1113 cap.
522 1043 615 1110 ‘24,
654 1052 709 1099 et
747 1024 998 1099 Socrates
1038 1042 1131 1097 lib.
1165 1059 1219 1109 ν,
1250 1058 1371 1112 cap.
1402 1041 1492 1097 22.
1517 1041 1620 1109 Qui
1647 1042 1865 1112 quidem

288 1137 574 1208 insigniter
603 1136 839 1201 aberrat,
864 1135 993 1190 dum
1022 1133 1207 1190 Romae
1240 1134 1434 1191 scribit
1464 1144 1575 1189 tres
1604 1135 1871 1189 duntaxat

289 1230 655 1286 hebdomadas
694 1239 820 1285 ante
877 1229 1085 1285 Pascha
1134 1228 1397 1284 continuo
1450 1228 1727 1298 jejunari,
1774 1242 1870 1282 ex-

287 1335 445 1393 cepto
485 1323 725 1377 Sabbato
750 1338 813 1377 ac
839 1322 1140 1377 Dominica.
1167 1319 1321 1387 Quod
1353 1335 1518 1390 supra
1574 1318 1868 1374 refutatum

287 1423 391 1470 est.
442 1413 676 1483 Suhjicit
712 1413 905 1468 deinde
941 1427 1033 1467 sex
1082 1411 1150 1466 ab
1182 1411 1305 1465 aliis
1338 1409 1708 1465 hebdomadas
1746 1417 1871 1463 ante

290 1506 523 1573 Pascha,
575 1506 643 1561 ab
669 1506 790 1561 aliis
826 1513 1028 1575 septem
1050 1544 1066 1570 ,
1110 1503 1324 1574 jejunio
1355 1503 1703 1571 consecrari;
1735 1502 1871 1556 alios

289 1613 357 1653 xv
383 1599 532 1653 solos
562 1598 679 1653 dies
732 1612 827 1666 per
875 1613 947 1653 vn
983 1594 1358 1651 hebdomadas
1388 1595 1740 1665 dispensare:
1776 1594 1870 1663 qui

290 1705 483 1745 omnes
526 1704 684 1745 suum
735 1689 887 1744 illum
927 1688 1141 1743 dierum
1194 1702 1480 1744 numerum
1531 1703 1869 1759 τεσσαρακο-

293 1781 424 1850 στήν
471 1779 828 1849 appellabant.
889 1777 1035 1834 Sane
1076 1779 1220 1850 apud
1252 1777 1507 1833 Photium
1559 1794 1713 1833 num.
1768 1777 1867 1832 101

290 1870 528 1928 Basilius
568 1870 705 1926 Cilix
731 1869 1090 1926 Nestorianus
1148 1870 1410 1927 adversus
1443 1868 1707 1925 Joannem
1739 1868 1873 1941 Scy-

292 1962 690 2032 thopolitanum
736 1962 982 2017 scribens
1007 2001 1022 2026 ,
1074 1960 1262 2031 objicit
1302 1961 1442 2015 inter
1484 1970 1714 2017 caetera:
1751 1962 1872 2015 Ὀτι

290 2051 391 2123 τὴν
444 2052 601 2121 ἁγίαν
629 2052 1070 2125 τεσσαρακοστὴν
1115 2055 1194 2117 εἰς
1221 2056 1369 2126 τρεῖς
1412 2053 1713 2125 ἑϐδομάδας
1744 2066 1874 2123 συγ-

292 2144 517 2211 κλείων,
561 2145 683 2199 οὐδὲ
715 2147 773 2199 ὲν
816 2144 1044 2210 ταύταις
1093 2145 1191 2218 τῆς
1227 2145 1337 2200 τῶν
1371 2146 1590 2217 πτηνῶν
1630 2164 1876 2219 κρεωφαο

291 2238 418 2306 γίας
456 2236 736 2307 ἀπείχετο.
786 2236 915 2291 Fuit
945 2238 1091 2292 enim
1144 2254 1251 2293 non
1306 2239 1488 2293 minor
1523 2240 1577 2294 in
1625 2240 1872 2295 ciborum

292 2325 506 2379 delectu
554 2324 991 2395 abstinentiaque
1056 2325 1379 2393 diversitas,
1436 2328 1503 2383 de
1566 2345 1674 2399 qua
1732 2328 1873 2384 idem

295 2414 570 2471 Socrates.
604 2414 735 2471 Vide
774 2425 826 2471 et
870 2416 1191 2473 Cassianum
1239 2419 1435 2476 Collat.
1479 2420 1585 2488 2i;
1639 2420 1875 2477 Ambro-

293 2508 438 2562 sium
492 2522 656 2563 serm.
702 2509 773 2563 25
816 2518 870 2564 et
914 2511 1308 2579 sequentibus;
1349 2510 1568 2568 Sozom.
1625 2514 1721 2569 lib.
1775 2530 1871 2581 vn,

294 2616 415 2670 cap.
456 2602 542 2655 l9.
586 2600 919 2671 Epiphanius
952 2618 1115 2673 porro
1168 2620 1265 2674 per
1313 2606 1452 2659 ἐπτά
1512 2607 1724 2679 ἡμέρας
1776 2609 1870 2662 τοῦ

295 2693 521 2763 Πάσχα,
552 2703 675 2748 ante
712 2710 851 2764 quas
878 2695 977 2766 τὴν
1008 2700 1455 2769 τεσσαρακοστήν
1488 2701 1752 2756 celebrari
1785 2704 1870 2758 di-

296 2784 403 2846 cit,
445 2799 552 2837 non
604 2800 723 2839 eam
756 2786 1145 2842 hebdomadem
1186 2789 1437 2859 intelligit
1466 2830 1480 2854 ,
1511 2807 1633 2861 quae
1663 2790 1870 2848 Pascha

294 2877 549 2945 praecedit
576 2919 591 2943 ,
619 2879 697 2931 uti
732 2888 919 2948 postea
966 2895 1089 2935 cum
1118 2880 1214 2945 τὰς
1240 2881 1299 2946 ἒξ
1327 2882 1539 2955 ἡμέρας
1562 2884 1657 2937 τοῦ
1684 2886 1875 2957 Πάσχα

296 2968 583 3035 nominat,
618 2970 712 3024 sed
766 2970 833 3025 de
880 2972 1227 3041 paschalibus
1283 2990 1354 3029 vn
1394 2976 1547 3032 feriis
1587 2977 1830 3048 loquitur
1858 3020 1873 3044 ,

295 3075 434 3127 quas
505 3062 771 3166 antecedit
822 3063 1291 3135 quadragesimale
1341 3066 1635 3136 jejunium.
1683 3067 1871 3124 Utrum
1901 3104 1947 3166 ο

295 3167 426 3207 vero
459 3154 599 3224 apud
629 3153 893 3226 Cyprios,
947 3158 1039 3215 uhi
1080 3158 1195 3213 haec
1222 3160 1493 3215 scribebat
1516 3160 1868 3232 Epiphanius,

298 3243 535 3299 Sabbata
576 3247 1141 3317 quadragesimalibus
1178 3250 1403 3319 jejuniis
1447 3261 1699 3322 exempta
1739 3253 1870 3318 sint,

298 3351 408 3391 non
468 3337 602 3393 satis
666 3347 911 3408 apparet.
966 3340 1046 3395 Ac
1096 3341 1349 3397 videntur
1396 3358 1463 3398 ex
1502 3342 1871 3399 Romanorum

295 3427 641 3498 aliorumque
667 3429 1061 3486 consuetudine
1116 3433 1279 3485 etiam
1334 3432 1525 3487 diebus
1576 3433 1682 3488 illis
1731 3433 1874 3504 jeju-

298 3532 462 3571 nasse
484 3559 499 3582 ,
527 3532 650 3571 cum
679 3518 828 3573 solos
860 3518 1174 3576 Dominicos
1202 3521 1318 3576 dies
1341 3522 1590 3591 excipiat.
1623 3521 1874 3579 Profecto

296 3606 441 3661 enim
484 3607 552 3662 de
606 3606 859 3664 Sabbatis
912 3610 1136 3667 minime
1199 3612 1503 3667 tacuisset:
1559 3628 1873 3685 quanquam

299 3700 663 3755 Sabbatorum
697 3700 821 3755 ideo
866 3700 1101 3758 fortasse
1132 3717 1240 3757 non
1273 3704 1541 3769 meminit,
1585 3704 1731 3775 quod
1763 3721 1872 3760 non

296 3792 544 3845 eamdem
592 3793 735 3862 apud
776 3808 966 3849 omnes
992 3794 1267 3851 Ecclesias
1310 3795 1539 3851 formam
1581 3813 1705 3853 esse
1742 3813 1874 3853 con-

298 3884 752 3954 suetudinemque
790 3896 1071 3954 cerneret,
1130 3903 1307 3957 neque
1364 3889 1662 3960 quidquam
1710 3906 1875 3961 super

297 3993 362 4032 ca
418 3992 477 4032 re
535 3976 702 4031 sciret
749 3979 819 4032 ab
853 3980 1114 4048 apostolis
1160 3996 1281 4036 esse
1328 3982 1725 4051 praescriptum.
1776 3980 1876 4038 Hic

297 4079 480 4125 autem
514 4070 652 4125 ritus
699 4084 794 4125 eos
841 4072 989 4126 solos
1021 4074 1305 4143 complecti
1359 4074 1564 4137 voluit,
1622 4090 1760 4144 quos
1806 4074 1874 4128 ab

299 4162 561 4233 apostolis
595 4162 692 4218 toti
722 4163 979 4218 Ecclesiae
1012 4166 1259 4231 traditos,
1291 4182 1399 4222 non
1427 4176 1699 4223 certorum
1729 4166 1877 4221 loco-

297 4272 424 4311 rum
474 4257 776 4327 peculiares
809 4273 933 4314 esse
977 4260 1239 4315 crederet.
1280 4260 1568 4331 Perperam
1616 4277 1744 4316 vero
1772 4260 1875 4315 Pa-

298 4350 497 4406 melius
529 4351 598 4403 ad
647 4349 870 4405 Tertull.
901 4351 1094 4405 librum
1126 4355 1376 4408 adversus
1422 4354 1618 4425 Psych.
1648 4370 1768 4424 cap.
1807 4355 1875 4409 l5

1965 498 2165 545 cratem
2220 500 2398 547 tamen
2427 492 2522 547 lib.
2562 508 2613 558 v,
2641 507 2762 562 cap.
2790 490 2881 559 εει,
2919 491 3008 547 ubi
3043 492 3274 549 diversa:
3307 496 3546 565 quadra-

1965 583 2242 653 gesimalis
2285 584 2481 654 jejunii
2546 585 2971 641 consuetudines
3019 586 3379 656 explicantur,
3433 603 3545 644 non

1966 689 2157 731 omnes
2197 675 2575 745 xerOphagiam
2624 676 2971 732 adhibebant.
3008 676 3112 732 Sed
3152 677 3245 731 alii
3302 677 3546 747 piscibus

1967 766 2349 822 tantummodo
2376 810 2391 834 ,
2440 768 2530 822 alii
2577 768 2770 823 avibus
2801 768 3026 837 insuper
3060 770 3371 836 utebantur,
3405 784 3547 840 quos

1966 872 2031 912 ex
2072 873 2213 928 aqua
2255 869 2571 929 procreatos
2612 861 2838 931 perinde
2871 876 2936 916 ac
2968 862 3145 931 pisces
3173 862 3336 933 Moys-
3360 879 3386 919 s
3422 878 3547 916 nar-

1968 960 2073 1006 rat.
2110 952 2214 1006 Alii
2248 952 2517 1009 fructibus
2545 955 2773 1023 ovisque
2797 954 3069 1020 contenti;
3109 954 3199 1009 alii
3225 970 3364 1025 pane
3393 955 3543 1023 solo;

1970 1043 2062 1097 alii
2097 1058 2166 1099 ne
2200 1044 2346 1100 hunc
2375 1045 2597 1115 quidem
2634 1046 2738 1101 sibi
2774 1046 3180 1116 permittebant.
3204 1047 3249 1099 A
3283 1047 3546 1102 carnibus

1968 1136 2188 1206 quidem
2211 1138 2497 1193 universos
2520 1138 2854 1194 abstinuisse
2880 1148 3076 1209 prazter
3103 1148 3328 1196 caeteros
3350 1142 3542 1212 Augu—

1973 1229 2153 1283 stinus
2202 1242 2385 1286 contra
2418 1228 2683 1283 Faustum
2711 1229 2902 1286 scribit
2928 1230 3025 1287 lib.
3058 1247 3187 1297 xxx.
3217 1231 3263 1283 A
3290 1232 3550 1288 carnibus

1972 1330 2028 1375 et
2055 1320 2203 1387 vino,
2237 1322 2522 1391 Chrysost.
2557 1321 2744 1377 homil.
2777 1321 2810 1376 8
2854 1324 2933 1376 De
2955 1323 3137 1392 paenit.
3187 1321 3262 1378 De
3288 1323 3550 1378 carnibus

1973 1412 2138 1467 etiam
2191 1412 2514 1482 Spiridionis
2553 1415 2696 1484 apud
2729 1412 2947 1471 Sozom.
2982 1415 3212 1469 historia
3260 1416 3553 1470 conﬁrmat.

1979 1501 2074 1555 lib.
2108 1516 2165 1567 ι,
2200 1516 2319 1571 cap.
2358 1501 2419 1555 ll
2446 1542 2459 1569 ,
2494 1511 2552 1559 ut
2582 1512 2774 1557 caetera
2804 1504 3236 1573 praetermittam,
3267 1520 3389 1573 quae
3422 1513 3551 1559 sunt

1974 1592 2283 1647 innumera.
2329 1591 2626 1648 Postremis
2660 1594 2843 1664 itaque
2885 1594 3328 1666 Quadragesimae
3355 1597 3548 1653 diebus

1974 1701 2071 1740 sex
2127 1680 2473 1755 xerophagia
2531 1686 2648 1757 lege
2707 1689 2944 1757 quadam
3003 1690 3260 1745 omnibus
3325 1690 3548 1745 indicta.

1901 1757 1945 1813 Β
1973 1774 2105 1842 Quae
2129 1777 2257 1846 quid
2290 1779 2380 1842 sit,
2410 1778 2650 1834 declarat
2682 1779 2909 1837 Tertull.
2951 1783 3088 1838 libro
3122 1782 3320 1837 Contra
3351 1782 3549 1852 Psych.

1970 1884 2091 1939 cap.
2124 1869 2150 1922 1
2187 1886 2200 1921 :
2243 1871 2487 1940 Arguunt
2516 1888 2639 1935 nos,
2671 1871 2883 1942 inquit,
2919 1874 3058 1943 quod
3090 1875 3252 1927 etiam
3298 1873 3553 1942 a'eroplta-

1972 1961 2084 2031 gias
2132 1963 2485 2027 observemus,
2520 1964 2778 2018 siccantes
2806 1963 2979 2018 cibum
3006 1965 3069 2018 ab
3114 1966 3255 2019 omni
3283 1981 3471 2031 carne,
3501 1974 3553 2018 et

1974 2054 2117 2107 omni
2150 2053 2471 2123 jurulentia,
2502 2067 2547 2108 et
2580 2056 2921 2114 viridioribus
2948 2057 3236 2129 quibusque
3264 2058 3455 2127 pomis,
3489 2075 3553 2113 ne

1972 2145 2100 2215 quid
2137 2145 2441 2199 vinositatis
2484 2145 2562 2199 vel
2609 2150 2862 2211 edamus,
2913 2147 2991 2201 vel
3032 2158 3300 2218 potemus;
3350 2148 3554 2202 lavacri

1972 2251 2174 2306 quoque
2207 2235 2585 2289 abstinentiam
2629 2244 2996 2305 congruentem
3037 2237 3191 2290 arido
3212 2236 3393 2292 victui.
3429 2234 3555 2292 Pas-

1974 2328 2076 2383 sim
2120 2342 2250 2382 vero
2298 2335 2408 2382 toto
2468 2326 2561 2381 illo
2604 2327 2743 2381 libro
2785 2327 3144 2398 xerophagias
3184 2342 3216 2381 a
3265 2327 3554 2383 catholicis

1974 2420 2223 2475 damnari
2273 2418 2566 2488 signiﬁcat,
2602 2419 2757 2487 quasi
2798 2434 2988 2473 novum
3020 2418 3256 2487 a/I‘cctati
3285 2419 3439 2491 ofﬁcii
3468 2436 3554 2473 no-

1974 2530 2112 2578 men,
2141 2521 2188 2566 et
2219 2513 2517 2582 proximum
2562 2513 2784 2567 ethnicaz
2818 2513 3215 2580 superstitioni;
3247 2513 3427 2581 quales
3460 2529 3552 2566 ca-

1975 2603 2237 2658 stimonia:
2265 2602 2425 2673 Apin,
2456 2601 2655 2657 Isidem
2690 2614 2738 2657 et
2772 2620 3018 2673 magnam
3043 2603 3269 2657 Matrem
3295 2616 3555 2657 certorum

1975 2694 2269 2751 eduliorum
2304 2697 2606 2765 exceptione
2634 2695 2940 2765 puriﬁcant.
2974 2693 3172 2749 Verum
3202 2711 3309 2750 non
3342 2711 3555 2761 omnes,

1975 2783 2201 2853 opinor,
2267 2792 2379 2838 tum
2442 2799 2474 2838 a
2552 2783 2838 2840 catholicis
2890 2784 3159 2839 damnatae
3212 2785 3555 2855 xcrophagia?

1976 2884 2135 2941 sunt;
2201 2875 2295 2930 sed
2348 2875 2454 2929 illae
2510 2876 2729 2940 solum,
2786 2866 2925 2945 q'uas
2984 2875 3147 2930 certis
3196 2875 3555 2945 temporibus,

1975 2974 2341 3036 praeterquam
2390 2965 2458 3021 ab
2503 2964 2762 3021 Ecclesiae
2796 2966 3149 3028 constitutis,
3197 2981 3263 3020 ex
3313 2965 3555 3020 Montani

1976 3056 2265 3127 disciplina
2313 3057 2633 3123 servabant;
2687 3072 2825 3127 quas
2880 3056 3020 3111 idem
3089 3067 3283 3112 auctor
3342 3057 3556 3112 duabus

1977 3149 2332 3204 hebdomadis
2380 3148 2604 3213 definit,
2651 3164 2773 3220 cap.
2816 3165 2928 3202 xv:
2966 3147 3240 3213 Quantulo
3297 3150 3436 3202 enim
3478 3158 3556 3203 est

1976 3244 2117 3311 apud
2147 3257 2241 3295 nos
2275 3241 2579 3295 interdictio
2616 3239 2853 3293 ciborum
2873 3240 2898 3292 ?
2930 3238 3079 3293 Duas
3108 3238 3165 3291 in
3191 3254 3328 3293 anno
3362 3238 3556 3293 hebdo-

1975 3335 2163 3387 madas
2195 3333 2635 3403 xerophagiarum
2656 3373 2671 3398 ,
2723 3348 2815 3385 nec
2842 3340 2981 3385 totas
3002 3372 3017 3396 ,
3069 3331 3300 3400 exceptis
3349 3332 3551 3385 scilicet

1977 3423 2226 3479 Sabbatis
2256 3435 2306 3479 et
2334 3425 2651 3487 Dominicis,
2685 3424 2958 3492 offerimus
2985 3422 3114 3476 Deo.
3162 3420 3266 3477 Ubi
3317 3437 3427 3476 non
3469 3438 3557 3477 as-

1979 3519 2248 3573 sentimur
2276 3517 2519 3573 Pamelio
2555 3556 2568 3580 ,
2603 3517 2696 3587 qui
2727 3516 3079 3569 hebdomadas
3105 3530 3212 3571 non
3243 3530 3341 3585 pro
3364 3524 3557 3583 septem

1975 3608 2180 3673 diebus,
2202 3607 2295 3662 sed
2328 3622 2427 3677 pro
2459 3606 2681 3661 totidem
2708 3604 3120 3658 hebdomadibus
3149 3603 3319 3673 accipi
3356 3612 3509 3673 putat
3539 3644 3554 3666 ,

1975 3709 2030 3755 et
2061 3700 2128 3755 de
2161 3697 2479 3769 Telesphori
2526 3699 2833 3764 sanctione,
2866 3712 2970 3767 qua
3000 3694 3371 3751 Tertullianus
3402 3697 3557 3751 cleri-

1976 3809 2075 3849 cus
2098 3802 2395 3855 teneretur,
2421 3790 2604 3846 nescio
2630 3790 2759 3860 quid
2792 3797 3011 3855 narrat;
3038 3787 3185 3858 quod
3210 3787 3363 3842 nullo
3392 3787 3556 3842 modo

1978 3885 2292 3953 persuadet.
2344 3882 2481 3938 Nam
2531 3883 2576 3939 si
2630 3898 2720 3937 xiv
2780 3882 3150 3937 hebdomadas
3206 3879 3563 3949 xerophagiis,

1977 3976 2271 4031 Montanus
2296 3976 2617 4040 addixisset,
2648 3991 2757 4031 non
2794 3974 2925 4029 illud
2955 3987 3131 4043 usque
3159 3971 3297 4027 adeo
3325 3970 3550 4027 Tertull.

1976 4070 2194 4125 elevans
2228 4069 2433 4123 diceret
2474 4086 2488 4122 :
2530 4066 2803 4134 Quantulo
2836 4074 2913 4119 est
2954 4065 3096 4135 apud
3132 4081 3225 4118 nos
3255 4063 3558 4117 interdictio

1977 4162 2265 4217 ciborum?
2311 4158 2580 4226 Quocirca
2614 4160 2752 4215 duas
2784 4159 2921 4213 alias
2952 4175 2980 4212 τι
3016 4157 3443 4228 Quadragesima
3473 4171 3558 4211 sc-

1972 4254 2194 4324 junctas
2237 4267 2301 4307 ac
2329 4252 2576 4306 diversas
2614 4249 2786 4306 fuisse
2824 4249 3084 4304 credibile
3122 4256 3241 4314 est;
3271 4248 3325 4301 in
3357 4247 3560 4316 quibus

1983 4346 2281 4401 Sabbatum
2340 4359 2405 4399 ac
2456 4342 2742 4397 Dominica
2781 4341 2900 4396 dies
2930 4341 3283 4395 eximeretur.
3334 4337 3557 4393 Sozom.

301 4442 448 4498 hunc
495 4444 672 4513 ipsum
712 4442 998 4514 Epiphanii
1056 4444 1232 4499 locum
1289 4446 1575 4517 interpolat
1605 4464 1619 4513 ;
1677 4456 1731 4501 et
1779 4462 1878 4516 pro
1909 4442 1953 4497 D
1982 4439 2077 4494 lib.
2106 4454 2205 4503 vn,
2235 4452 2355 4508 cap.
2384 4436 2473 4502 l9,
2503 4435 2571 4490 de
2602 4436 2819 4490 diverso
2854 4431 3341 4503 quadragesimalis
3364 4430 3559 4501 jejunii

299 4547 493 4606 septem
519 4538 653 4602 dies,
684 4538 827 4592 haud
855 4537 1019 4592 dubie
1039 4537 1346 4609 legendum,
1375 4551 1569 4609 septem
1594 4540 1877 4593 hebdoma-

247 4598 256 4701 ξ
300 4598 418 4695 das,
452 4598 701 4685 aflirmat.
736 4631 959 4687 Frustra
989 4598 1386 4702 est:inquam.
1424 4598 1633 4688 Etenim
1663 4632 1874 4705 ἡμέρας

250 4708 262 4822 l
299 4721 467 4775 estin
498 4720 708 4786 Graeco,
754 4738 862 4777 non
902 4722 1225 4794 ἑϐδομάδας.
1268 4722 1333 4778 Et
1356 4724 1569 4796 ἡμέρας
1604 4726 1873 4797 intelligit,

299 4829 423 4884 quae
454 4828 482 4866 a
513 4814 739 4868 solemni
782 4813 1064 4872 Paschalis
1092 4817 1282 4873 ineunt
1308 4836 1320 4871 :
1366 4826 1491 4871 ante
1519 4820 1712 4890 quasi)
1753 4835 1878 4871 τεσ-

300 4908 616 4978 σαρακοστή
648 4906 821 4961 solida
847 4908 1108 4964 decurrit.

371 5000 490 5055 Coi.
510 4998 614 5054 888
627 4998 686 5051 Β.
708 4998 818 5065 Τὰς
837 4999 904 5053 δὲ
918 4999 987 5065 ἐξ
1008 5000 1233 5069 ἡμέρας
1251 5000 1359 5055 τοῦ
1384 5000 1620 5069 Πάσχα.
1646 5000 1751 5056 Sex
1769 5001 1877 5057 illis

300 5095 567 5147 duntaxat
611 5090 804 5147 diebus
856 5093 1102 5162 majoris,
1147 5103 1208 5147 ut
1254 5102 1469 5155 vocant,
1504 5093 1874 5171 hebdomadis,

300 5184 647 5255 Xerophagia
668 5183 994 5241 Christianis
1018 5185 1279 5254 imperata
1311 5184 1427 5238 fuit.
1460 5184 1619 5253 Atqui
1651 5184 1873 5240 Laodic.

301 5295 427 5336 can.
480 5277 550 5331 50
579 5294 594 5332 :
626 5278 718 5329 Δεῖ
766 5278 977 5341 πᾶσαν,
1028 5278 1236 5347 inquit,
1281 5276 1378 5347 τὴν
1422 5276 1877 5347 Τεσσαρακοστὴν

301 5367 584 5440 νηστεύειν
630 5365 1090 5437 ξηροφαγοὼτας.
1143 5364 1208 5420 Et
1252 5365 1506 5421 Balsamo
1553 5366 1618 5418 ad
1654 5380 1777 5419 can.
1811 5365 1879 5419 69

301 5468 479 5531 apost.
553 5474 662 5513 non
704 5456 879 5512 solum
934 5457 987 5511 in
1043 5456 1510 5527 Quadragesima,
1568 5455 1663 5511 sed
1711 5455 1877 5509 etiam

303 5563 498 5625 quarta
543 5560 804 5620 sextaque
867 5550 1000 5605 feria
1033 5549 1363 5620 ξηροφαγεῖν
1393 5556 1646 5617 oportere
1671 5546 1830 5602 docet
1862 5564 1876 5601 :

304 5648 441 5702 adeo
474 5655 535 5701 ut
579 5660 644 5699 ne
676 5642 895 5713 aegrotis
936 5641 1155 5710 quidem
1190 5641 1339 5697 aliud
1392 5642 1638 5695 ciborum
1683 5655 1875 5710 genus,

303 5751 470 5808 quam
520 5737 747 5807 piscium
780 5732 1126 5805 indulgeatur
1147 5775 1161 5798 ,
1194 5748 1293 5790 nec
1320 5748 1563 5804 unquam
1595 5732 1875 5800 carnibus,

1927 5819 1977 5831 δια.

1982 4535 2194 4589 dierum
2234 4548 2464 4587 numero
2500 4546 2688 4601 agens,
2741 4528 3100 4585 Montanistas
3148 4528 3226 4581 ait
3259 4527 3398 4583 duas
3432 4536 3562 4582 ante

1984 4627 2193 4681 Pascha
2220 4626 2485 4680 duntaxat
2511 4622 2886 4679 hebdomadas
2908 4620 3178 4691 jejunare.
3206 4618 3403 4674 Verum
3433 4634 3559 4674 cum

1983 4720 2038 4776 in
2076 4719 2472 4787 secundahhoc
2502 4726 2587 4773 est
2620 4717 2874 4787 proxima
2922 4724 3049 4771 ante
3093 4714 3303 4771 Pascha
3349 4715 3559 4772 hebdo-

1984 4812 2163 4879 made,
2203 4811 2502 4867 Sabbatum
2531 4826 2561 4865 a
2586 4809 2798 4881 jejunio
2830 4818 3142 4878 exemptum
3175 4809 3317 4878 apud
3352 4808 3560 4862 Monta-

1983 4906 2159 4969 nistas
2188 4920 2299 4961 non
2335 4903 2533 4971 fuerit,
2581 4913 2641 4959 ut
2666 4903 2891 4960 Tertull.
2937 4903 3051 4973 jam
3094 4900 3420 4956 Montanista
3461 4899 3558 4952 lib.

1986 4995 2187 5051 Contra
2231 4994 2426 5064 Psyclt.
2466 5003 2681 5059 narrat,
2726 5009 2836 5048 non
2876 4992 3131 5046 videntur
3157 4988 3224 5042 ad
3256 4987 3391 5042 duas
3424 4985 3562 5039 istas

1984 5090 2355 5146 hebdomadas
2407 5089 2633 5143 totidem
2685 5087 2793 5142 illae
2837 5081 3289 5153 ierophagiarum
3348 5091 3563 5132 accomo

1986 5183 2194 5238 modari
2224 5197 2403 5252 posse.
2432 5180 2490 5235 ln
2520 5180 2701 5236 Const.
2735 5189 2905 5248 apost.
2940 5177 3101 5238 lib.v,
3126 5187 3246 5241 cap.
3266 5170 3558 5241 l7,eadem

1986 5273 2315 5342 xerophagia
2357 5287 2451 5327 sex
2478 5272 2583 5326 illis
2614 5270 2807 5324 diebus
2831 5264 3171 5322 observanda
3199 5262 3556 5333 proponitur:

1998 5366 2087 5420 Ἐν
2115 5367 2235 5428 ταῖς
2268 5362 2503 5436 ἡμέραις
2542 5356 2635 5415 οὖν
2668 5360 2762 5414 τοῦ
2808 5360 3002 5429 Πάσχα
3033 5354 3360 5429 νηστεύετε,
3392 5354 3561 5425 ἀρχό-

1990 5474 2142 5528 μενοι
2205 5455 2315 5510 ἀπὸ
2361 5453 2619 5526 δευτέρας
2677 5452 2838 5524 μέχρι
2888 5451 2990 5521 τῆς
3055 5447 3411 5521 παρασκευῆς
3468 5445 3564 5499 καί

1987 5546 2264 5602 Σαὸϐἀτου
2295 5546 2354 5614 ἒξ
2380 5545 2615 5617 ἡμέρας,
2654 5545 2799 5616 μόνῳ
2836 5542 3108 5615 χρώμενοι
3133 5542 3304 5612 ἄρτῳ,
3330 5540 3424 5592 καὶ
3448 5536 3563 5599 ἁλὶ,

1987 5642 2080 5695 καὶ
2105 5641 2387 5710 λαχάνοις,
2431 5640 2524 5692 καὶ
2560 5637 2708 5709 ποτῷ
2752 5637 2933 5691 ὕδατι·
2979 5636 3122 5688 οἴνου
3157 5634 3214 5686 δὲ
3254 5632 3346 5685 καὶ
3385 5628 3566 5702 κρεῶν

1988 5730 2257 5802 ἀπέχεσθε
2288 5733 2347 5785 ὲν
2373 5730 2620 5794 ταύταις.
2657 5728 2784 5785 Hac
2819 5728 2983 5799 igitur
3021 5722 3368 5795 Xerophagia
3399 5734 3567 5793 palm,
