3994 6222
431 296 569 357 ili-'55

1529 295 1871 384 APPENDI‘X
1908 291 2538 353 DISSERTATIONUM.

3549 295 3569 348 ί
3579 243 3690 352 098

427 416 562 474 sale.
589 428 756 483 aqua,
787 421 872 475 ct,
906 412 952 467 si
985 410 1149 476 forte,
1200 411 1361 467 etiam
1406 413 1647 469 oleribus
1692 413 1996 468 constabat.
2027 417 2076 474 Α
2101 415 2343 481 videtur;
2374 415 2626 483 idemque
2655 411 2812 477 forte,
2844 425 3012 484 quem
3042 412 3266 468 uilicum
3301 411 3512 482 jejunio
3539 414 3682 470 diem

425 504 508 560 Ad
543 505 655 558 haec
703 517 822 570 cap.
873 503 938 555 12
984 501 1229 568 ejusdem
1264 501 1388 556 libri
1421 501 1889 572 quadragesimalc
1921 500 2006 570 jc-

425 599 635 668 juniqu
663 611 692 650 a
735 595 978 664 paschali
1011 595 1366 665 distinguitur
1414 610 1426 646 :
1467 592 1853 649 Ἐπιτελείσθω
1881 591 1938 645 δὲ
1971 593 2004 663 ή

431 688 652 758 νηστεία
710 691 845 758 αὕτη
903 687 1130 756 (nempe
1180 685 1704 757 quadragesimalis)
1755 685 1860 755 πρὸ
1910 685 2008 754 τῆς

428 779 684 850 νηστείας
721 776 815 830 τοῦ
847 777 1072 848 Πάσχα,
1118 777 1398 848 ἀρχομένη
1445 778 1540 848 μὲν
1577 775 1684 829 ἀπὸ
1715 775 2004 844 δευτέρας,

429 869 780 940 πληρουμένη
807 869 864 922 δὲ
887 871 966 932 εἰς
1000 869 1385 940 παρασκευὴν,
1423 869 1539 939 μεθ’
1573 868 1640 931 ἃς
1669 865 2007 937 ἀπονηστεύ-

431 976 623 1022 σαντες
667 957 904 1030 ἄρξασθε
950 959 1050 1028 τῆς
1097 959 1256 1028 ἁγίας
1306 959 1398 1013 τοῦ
1438 959 1631 1029 Πάσχα
1680 958 2005 1027 ἑϐδομάδος,

429 1051 782 1122 νηστεύοντες
825 1052 1028 1122 αὐτήν·
1057 1051 1360 1106 Celebretur
1397 1052 1854 1122 quadragesimale
1875 1049 2012 1118 jeju-

431 1145 578 1198 nium
626 1153 746 1198 ante
787 1143 1084 1212 paschale;
1132 1156 1179 1198 et
1219 1145 1473 1212 incipiens
1527 1161 1559 1197 a
1600 1143 1829 1198 secunda
1875 1142 2011 1212 feria

431 1238 636 1290 desinat
687 1237 745 1289 in
793 1236 1122 1290 Parasceven
1157 1253 1173 1290 :
1213 1244 1330 1306 post
1376 1251 1556 1305 quam,
1584 1235 1756 1288 soluto
1777 1233 2007 1304 jejunio,

433 1338 670 1383 sanctam
699 1327 977 1382 Paschatis
996 1327 1372 1382 hebdomadam
1402 1329 1453 1381 in
1471 1327 1678 1397 jejunio
1711 1327 2006 1397 transigite.

433 1421 929 1491 Quadragesimalis
977 1435 1140 1491 porro
1183 1421 1330 1475 illius
1383 1419 1614 1490 jcjunii,
1661 1428 1932 1489 quatenus
1979 1434 2010 1473 a

431 1513 674 1585 paschali
719 1513 898 1568 dili'ert
922 1554 937 1578 ,
990 1513 1203 1567 initium
1235 1512 1380 1567 haud
1419 1513 1534 1568 scio
1568 1527 1634 1566 an
1668 1511 2004 1566 constitutio-

433 1621 529 1660 nes
559 1606 662 1659 illae
689 1621 718 1660 a
743 1605 1022 1660 Dominica
1043 1604 1520 1675 Quinquagesimze
1543 1620 1609 1659 an
1641 1601 2013 1674 Sexagesima

433 1708 700 1768 repetant.
767 1697 926 1753 Prius
978 1697 1124 1753 enim
1171 1697 1304 1752 illud
1344 1697 1560 1752 initium
1621 1698 1660 1752 ii
1703 1696 2011 1768 sumpsisse

431 1789 707 1852 videntur,
743 1787 836 1858 qui
877 1803 953 1842 vn
999 1787 1369 1843 hebdomadas
1407 1795 1460 1842 et
1485 1785 1694 1857 jejunio
1721 1787 2007 1854 dicabant,

433 1895 560 1936 cum
610 1881 700 1935 alii
750 1895 842 1935 sex
888 1881 1154 1934 duntaxat
1199 1880 1539 1946 tribuerent,
1595 1879 1668 1934 ita
1720 1889 1902 1934 tamen
1952 1889 2014 1934 ut

435 1973 727 2042 utrobique
757 1989 852 2029 sex
877 1973 1162 2038 duntaxat,
1203 1981 1255 2028 et
1283 1971 1504 2042 triginta
1537 1987 1657 2027 sese
1687 1971 1804 2028 dies
1827 1972 2008 2027 inedia

436 2073 796 2118 maccrarent.
851 2067 924 2118 Hi
976 2065 1113 2118 enim
1167 2063 1277 2134 (ait
1325 2062 1625 2120 Cassianus
1677 2065 1870 2122 Collat.
1909 2065 2011 2130 21,

435 2169 484 2209 c.
517 2153 610 2226 27)
642 2155 745 2209 sibi
789 2171 880 2210 sea:
917 2157 1371 2211 hebdomadarum
1407 2159 1792 2212 observantiam
1836 2159 2015 2230 praeﬁ-

435 2258 647 2315 xerunt,
681 2249 772 2319 qui
797 2258 986 2318 putant
1015 2249 1100 2302 die
1165 2265 1366 2320 quoque
1391 2247 1612 2306 Sabbati
1637 2251 2014 2322 jejunandum.

437 2335 542 2394 Sea:
567 2355 688 2410 ergo
733 2341 790 2393 in
813 2340 1142 2394 hebdomade
1156 2341 1371 2410 jejunio
1397 2343 1720 2412 persolvunt,
1753 2360 1871 2414 qua:
1897 2361 2016 2398 eos-

435 2431 554 2485 dem
579 2446 670 2484 sea:
692 2440 740 2485 et
766 2433 983 2502 triginta
1013 2435 1123 2488 dies
1156 2435 1326 2489 sexies
1352 2433 1591 2490 revoluta
1624 2447 2012 2494 consummant.

341 2533 344 2535 ‘
435 2520 482 2575 A
513 2521 863 2594 Sexagesima
911 2539 1042 2579 vero
1083 2524 1256 2580 Graeci
1295 2525 1626 2582 recentiores
1654 2525 2018 2600 Quadragcsi-

438 2629 584 2668 mam
633 2614 902 2684 auspicati
949 2626 1112 2682 sunt,
1150 2617 1229 2670 uti
1261 2615 1512 2686 pluribus
1541 2617 1609 2672 ad
1643 2614 2015 2688 Nicephorum

439 2713 565 2760 ante
593 2704 803 2773 aliquot
835 2719 1010 2760 annos
1043 2707 1431 2762 disseruimus.
1464 2705 1585 2773 Quo
1635 2707 1896 2763 nimirum
1949 2724 2016 2762 ιιι.

439 2795 649 2852 solidos
680 2796 798 2852 dies
839 2797 1050 2868 jejunio
1099 2797 1419 2854 tribuerent.
1458 2799 1712 2855 Ambros.
1751 2815 1916 2856 scrin.
1949 2801 2013 2856 51

437 2897 492 2942 et
519 2887 590 2942 32
628 2902 719 2944 sex
752 2889 1127 2954 hebdomadis,
1174 2904 1239 2944 ac
1277 2889 1469 2945 diebus
1513 2906 1624 2945 χιιι
1654 2888 2020 2963 Quadragesi-

439 2995 582 3034 mam
608 2979 814 3047 deﬁnit,
843 2997 1044 3052 eosque
1067 2983 1158 3054 qui
1190 2980 1719 3054 Quinquagesimam
1751 2999 1850 3054 pro
1879 2999 2018 3056 qua—

439 3071 739 3143 dragesima
763 3074 1075 3144 jejunarent
1105 3075 1406 3146 redarguit.

508 3161 776 3216 Cancrum
808 3171 919 3218 tam
947 3163 1012 3219 de
1043 3165 1147 3220 hoc
1173 3163 1454 3220 Paschalis
1483 3165 1712 3236 jejunio,
1749 3182 1913 3238 quam
1949 3167 2015 3221 de

440 3251 867 3325 Quadragesima
913 3255 1234 3313 Timotheus
1274 3259 1675 3314 Alexandrinus
1724 3259 2014 3330 episcopus

439 3338 666 3410 intelligi
713 3351 893 3410 potest
937 3344 992 3396 in
1047 3347 1326 3402 canonicis
1379 3347 1709 3418 Responsis,
1751 3347 2012 3420 lnterrog.

441 3431 474 3484 8
507 3441 560 3486 et
597 3431 682 3486 10.
715 3433 958 3498 Quarum
999 3437 1052 3490 in
1099 3439 1280 3507 priore
1304 3441 1596 3510 quaeritur:
1632 3451 1814 3496 utrum
1849 3458 2015 3512 puer-

440 3539 572 3594 pera
602 3523 812 3580 Pascha
839 3525 1091 3595 jejunare
1121 3530 1332 3597 debeat,
1365 3548 1433 3586 an
1457 3533 1508 3586 ei
1540 3534 1651 3587 vini
1679 3551 1812 3589 usus
1837 3535 2017 3590 indul-

443 3617 671 3686 geatur?
697 3615 755 3671 ln
786 3621 1076 3688 posteriori
1105 3623 1171 3678 de
1203 3637 1406 3696 aegroto
1437 3626 1738 3696 dubitatur,
1765 3645 1834 3684 an
1864 3630 2019 3685 simi-

442 3707 564 3762 liter
597 3707 876 3767 Paschalis
903 3711 1115 3782 jcjunio
1151 3724 1419 3781 teneatur,
1451 3729 1615 3789 atque
1644 3719 1820 3776 oleum
1861 3730 1914 3777 et
1939 3723 2019 3777 vi-

443 3813 574 3852 num
603 3799 864 3856 adhibere
894 3804 1086 3871 possit.
1120 3801 1238 3871 Qua
1283 3821 1346 3860 ex
1379 3807 1670 3878 posteriori
1719 3813 2018 3882 quaestione

443 3889 694 3947 Balsamo
719 3891 953 3963 colligit:
978 3893 1100 3948 Ὀτι
1129 3898 1161 3968 ἡ
1186 3897 1412 3968 νηστεία
1438 3899 1536 3970 τῆς
1557 3899 2019 3977 Τεσσαρακοστῆς

442 3977 537 4030 τοῦ
577 3978 772 4050 Πάσχα
803 3979 1111 4052 ξηροφαγία
1157 3985 1304 4039 ἐστί·
1341 3987 1479 4042 ἀλλὰ
1518 3991 1613 4044 καὶ
1641 3991 1785 4046 οἴνου
1816 3994 2017 4066 ἀποχή.

443 4069 610 4123 Addit
639 4079 818 4126 tamen
839 4112 854 4134 ,
889 4075 1186 4131 nonnullos
1223 4077 1276 4131 in
1314 4085 1547 4150 utroque
1578 4097 1788 4140 canone
1813 4085 2021 4141 hebdo-

445 4159 618 4212 madae
650 4169 852 4215 sanctae
876 4161 1141 4231 jejunium
1172 4207 1186 4232 ,
1239 4183 1346 4222 non
1380 4167 1821 4242 Quadragesimaa
1856 4175 2023 4232 totius

443 4243 818 4306 intellexissc.'
857 4253 1194 4325 Epiphanius
1243 4275 1461 4330 quoque
1510 4262 1565 4318 in
1617 4265 1867 4322 Aerianis
1916 4267 2025 4323 bte-

443 4357 554 4397 rcs.
583 4343 670 4408 75,
703 4361 855 4400 num.
882 4347 934 4410 5,
958 4347 1022 4403 de
1055 4349 1156 4405 hac
1183 4351 1524 4408 hcbdomada
1555 4355 1786 4426 loquens
1815 4359 1944 4413 :"Ev
1965 4377 2022 4412 τε

2107 522 2140 562 a
2171 507 2451 562 nonnullis
2501 506 2742 560 dicatum
2795 503 2965 560 fuisse
3014 503 3250 558 lrcnasus
3295 504 3361 558 ad
3409 504 3684 560 Victorem

2109 599 2320 665 scribit,
2353 597 2588 652 Eusebio
2618 605 2774 662 teste,
2808 595 2903 651 lib.
2942 613 2994 662 v,
3033 610 3155 666 cap.
3191 595 3298 650 24:
3337 597 3400 649 Οἱ
3436 595 3536 666 μὲν
3574 597 3686 667 γάρ

2107 691 2309 745 οἴονται
2361 690 2488 762 μίαν
2521 689 2732 762 ἡμέραν
2783 689 2894 742 δεῖν
2945 689 3144 754 αὐτοὺς
3175 685 3492 760 νηστεύειν’
3533 689 3584 742 οἱ
3627 688 3684 742 δὲ

2107 780 2201 834 δύο
2220 797 2232 811 ·
2263 782 2311 834 οἱ
2339 780 2393 833 δὲ
2420 771 2520 834 καὶ.Δ
2549 779 2818 842 πλείονας.

2179 872 2296 928 Col.
2335 872 2438 926 888
2471 871 2533 927 C.
2571 873 2752 927 Ἀλλὰ
2776 871 2937 926 καὶοὶ
2957 869 3271 924 σπουδαῖοι
3297 867 3536 932 διπλᾶς.
3559 869 3692 923 Dio-

2112 966 2302 1036 nysius
2347 965 2748 1020 Alexandrinus
2795 962 3036 1032 Epistola
3067 962 3136 1015 ad
3175 962 3492 1016 Basiliden:
3535 959 3690 1014 Ἐπεὶ

2119 1057 2253 1129 μηδὲ
2283 1058 2380 1121 τάς
2403 1057 2460 1124 ἓξ
2482 1056 2588 1110 τῶν
2610 1056 2872 1128 νηστειῶν
2895 1055 3104 1127 ἡμέρας
3127 1055 3258 1119 ἴσως
3279 1094 3294 1120 ,
3322 1055 3457 1125 μηδὲ
3487 1055 3694 1126 ὁμοίως

2121 1150 2320 1214 πάντες
2362 1149 2728 1220 διαμένουσιν.
2779 1148 2917 1201 Ἀλλ’
2957 1149 3005 1202 οἱ
3037 1148 3133 1218 μὲν
3167 1148 3261 1202 καὶ
3303 1147 3481 1210 πάσας
3513 1147 3692 1218 ὑπερ-

2118 1245 2382 1309 τιθέασιν,
2411 1243 2585 1298 ἄσιτοι
2621 1242 3024 1309 διατελοῦντες,
3065 1244 3114 1295 οί
3137 1243 3194 1296 δὲ
3215 1241 3330 1306 δύο,
3358 1242 3407 1295 οἱ
3429 1241 3488 1294 δὲ
3518 1243 3691 1312 τρεῖς,

2120 1339 2170 1392 οἱ
2204 1338 2260 1391 δὲ
2289 1337 2590 1408 τέσσαρας,
2626 1337 2675 1389 οἱ
2709 1334 2766 1390 δὲ
2793 1335 3070 1405 οὐδεμίαν.
3113 1333 3450 1416 Epiphanius
3473 1335 3692 1398 eodem,

2113 1445 2222 1498 quo
2279 1425 2618 1500 Dionysius,
2675 1427 2842 1484 verbo
2900 1427 3102 1489 utitur,
3153 1425 3414 1480 nimirum
3467 1424 3696 1496 ὑπερτί-

2115 1519 2324 1574 θεσθαι.
2377 1519 2534 1586 Quod
2583 1527 2666 1574 est
2716 1522 2891 1574 cibum
2931 1518 3166 1587 differre.
3234 1514 3373 1571 llinc
3425 1513 3694 1585 jejunium

2114 1611 2482 1680 superpositio,
2532 1610 2640 1667 nisi
2691 1607 2872 1678 fallor,
2917 1626 2948 1664 a
2994 1607 3205 1666 Latinis
3238 1618 3486 1672 vocatur,
3535 1618 3598 1663 ut
3639 1607 3695 1664 in

2119 1705 2361 1760 Eliberit.
2409 1719 2565 1760 conc.
2609 1718 2734 1759 can.
2778 1702 2890 1758 26ε
2942 1699 3193 1756 Eri-orem
3241 1701 3440 1771 placuit
3473 1699 3694 1770 corrigi,

2117 1806 2173 1850 ut
2219 1795 2363 1849 omni
2397 1793 2619 1849 Sabbati
2653 1794 2739 1848 die
2766 1793 3099 1865 jejuniorum
3133 1792 3574 1862 superpositiones
3621 1806 3702 1844 cc»

2116 1885 2400 1939 lebrentur.
2437 1883 2497 1938 In
2524 1881 2755 1940 Constit.
2785 1895 2954 1954 apost.
2998 1883 3092 1938 lib.
3123 1899 3177 1946 ν,
3207 1897 3254 1938 c.
3285 1883 3350 1936 17
3378 1897 3392 1934 :
3423 1881 3534 1950 Τὴν
3563 1881 3698 1952 μὲν-

2115 1993 2197 2030 τοι
2224 1976 2599 2048 παρασκευὴν.
2637 1977 2733 2030 καὶ
2760 1975 2820 2030 τὸ
2845 1973 3125 2030 Σάϐϐατον
3151 1973 3443 2044 ὁλόκληρον
3467 1969 3700 2044 νηστεύ-

2119 2085 2246 2123 σατε
2268 2108 2282 2134 ,
2311 2063 2392 2132 οἷς
2418 2067 2646 2140 δύναμις
2691 2069 2951 2138 πρόσεστι
2979 2066 3201 2136 τοιαύτη
3230 2106 3246 2130 ,
3277 2064 3508 2136 μηδενὸς
3537 2062 3702 2132 γευό-

2121 2177 2314 2232 μενοι,
2369 2159 2562 2232 μέχρις
2611 2158 3082 2230 ἀλεκτοροφωνίας
3125 2157 3317 2221 νυκτός
3344 2173 3358 2186 ·
3417 2157 3466 2208 εἰ
3519 2154 3578 2207 δέ
3614 2171 3704 2217 τις

2117 2251 2368 2304 ἀδυνατεῖ
2395 2249 2492 2313 τὰς
2515 2247 2608 2302 δύο
2633 2247 2926 2302 συνάπτειν
2951 2245 3108 2317 ὁμοῦ,
3157 2243 3478 2315 φυλασσέτω
3501 2241 3608 2294 κᾶν
3639 2240 3702 2294 τὸ

2119 2341 2420 2398 Σάϐϐατον.
2461 2339 2699 2396 Causam
2749 2339 2970 2410 subjicit
3006 2357 3018 2392 :
3053 2337 3199 2406 quod
3239 2335 3326 2391 his
3370 2333 3562 2390 diebus
3601 2331 3705 2387 ab-

2117 2433 2263 2491 latus
2313 2433 2386 2490 sit
2431 2447 2686 2504 sponsus.
2742 2429 2919 2498 Quam
2966 2440 3022 2486 et
3067 2427 3298 2484 Tertull.
3339 2425 3526 2494 attigit
3597 2422 3700 2478 lib.

2119 2523 2323 2584 Contra
2363 2523 2582 2599 Psych.,
2604 2539 2724 2595 cap.
2765 2521 2799 2576 8
2833 2541 2844 2577 :
2879 2519 3014 2576 Ecce
3057 2521 3195 2575 enim
3242 2518 3487 2573 convenio
3526 2531 3616 2570 eos
3648 2525 3704 2568 et
3801 2557 3808 2564 .

2119 2631 2310 2692 praeter
2357 2617 2571 2674 Pascha
2609 2615 2936 2686 jejunantes,
2994 2613 3134 2667 citra
3178 2609 3300 2665 illos
3347 2609 3478 2675 dies,
3509 2607 3704 2678 quibus

2120 2713 2330 2768 ablatus
2355 2718 2431 2767 est
2465 2709 2716 2780 Sponsus.

2193 2803 2326 2858 lbid.
2351 2801 2460 2858 Καὶ
2485 2801 2639 2869 ὅλην
2659 2798 2774 2868 τὴν
2795 2795 3300 2866 Τεσσαρακοστὴν
3323 2793 3440 2850 ἀπὸ
3459 2791 3702 2859 ἐνάτης.

2132 2891 2325 2949 Utrum
2354 2893 2611 2948 omnibus
2641 2889 3082 2960 Quadragesimze
3121 2887 3314 2943 diebus
3345 2898 3578 2957 synaxes
3613 2898 3709 2937 ce-

2121 2985 2318 3042 lebrari
2353 2985 2518 3048 dicat,
2551 2983 2788 3038 dubitari
2815 2989 3026 3052 potest:
3064 2995 3132 3034 an
3160 2979 3292 3033 illud
3321 2977 3502 3047 potius
3531 2974 3704 3040 velit;

2125 3087 2234 3133 tam
2287 3093 2382 3134 sex
2429 3077 2550 3131 illas
2595 3074 2900 3138 Paschalis,
2937 3081 2992 3128 et
3045 3070 3270 3141 majoris
3325 3067 3706 3132 hebdomade.

2120 3187 2282 3241 quam
2318 3177 2540 3225 czeteras
2571 3165 3019 3238 Quadragcsimie
3045 3178 3304 3235 synaxes,
3361 3161 3710 3232 quibuscun-

2117 3279 2224 3334 que
2251 3261 2470 3317 tandem
2510 3261 2705 3316 diebus
2735 3259 3038 3322 obeantur,
3073 3273 3104 3311 a
3139 3271 3281 3310 nona
3306 3254 3374 3309 ad
3418 3267 3707 3322 vesperam

2117 3370 2292 3426 usque
2327 3353 2681 3424 frequentari.
2734 3347 2850 3404 Hoc
2871 3363 3002 3404 vero
3028 3357 3233 3404 certum
3262 3357 3344 3401 est
3385 3361 3450 3399 ex
3479 3345 3546 3398 iis
3573 3343 3706 3414 Epi-

2117 3445 2303 3514 phanii
2339 3443 2549 3506 verbis,
2581 3439 2847 3512 jejunium
2880 3439 2932 3493 in
2956 3437 3378 3507 Quadragesima
3428 3451 3536 3489 non
3576 3445 3707 3489 ante

2119 3549 2400 3604 vesperam
2443 3545 2606 3604 atque
2652 3547 2909 3588 occasura
2957 3530 3128 3586 solem
3180 3545 3210 3584 a
3257 3529 3508 3583 fidelibus
3563 3529 3706 3582 solu-

2121 3635 2255 3681 tum.
2279 3623 2380 3679 Cui
2409 3635 2837 3681 consentaneum
2855 3633 2962 3689 est,
2983 3622 3132 3694 quod
3162 3637 3286 3677 cum
3309 3621 3376 3676 de
3402 3620 3708 3691 synaxibus

2119 3733 2428 3789 ageremus,
2475 3733 2540 3772 ex
2573 3715 2914 3772 Tertulliano
2955 3715 3244 3771 docuimus
3277 3733 3290 3767 :
3321 3713 3588 3767 stationes
3635 3711 3708 3766 ob

2121 3809 2172 3863 id
2205 3809 2541 3880 semijejunia
2563 3809 2767 3874 vocari,
2802 3806 2948 3877 quod
2977 3806 3046 3861 ad
3079 3806 3271 3861 horam
3297 3818 3499 3858 nonam
3525 3817 3706 3872 usque

2121 3907 2544 3969 prorogarentur
2569 3940 2582 3964 ,
2616 3913 2743 3954 cum
2779 3897 3011 3966 majora,
3053 3893 3360 3965 cujusmodi
3400 3893 3706 3964 quadrage-

2123 3991 2332 4047 simalia
2369 3989 2541 4056 luere,
2567 4006 2676 4046 non
2707 3999 2834 4044 ante
2859 3989 2998 4044 lucis
3021 3988 3230 4043 exitum
3259 3985 3596 4042 desinerent.
3635 3987 3708 4040 At

2124 4083 2350 4137 Constit.
2401 4092 2570 4152 apost.
2621 4081 2716 4136 lib.
2751 4097 2802 4148 ν,
2843 4095 2965 4150 cap.
3015 4079 3103 4146 -l3,
3159 4094 3302 4133 nona
3342 4077 3430 4133 vel
3472 4091 3705 4148 vespera

2125 4190 2222 4243 pro
2259 4173 2528 4243 cujusque
2566 4172 2774 4226 viribus
2817 4170 2962 4228 vesci
2999 4169 3155 4241 jubet
3188 4181 3203 4223 :
3243 4165 3331 4223 Ἐν
3359 4167 3416 4222 δὲ
3446 4171 3566 4232 ταῖς
3597 4167 3706 4221 λοι-

2126 4269 2255 4328 παῖς
2301 4267 2422 4330 ταῖς
2480 4263 2585 4337 πρὸ
2627 4264 2726 4336 τῆς
2784 4262 3140 4336 παρασκευῆς
3199 4263 3394 4334 ἐνάτην
3443 4261 3614 4333 ὥραν,
3671 4261 3706 4332 ἢ

2126 4363 2366 4435 ἑσπέραν
2411 4362 2642 4425 ἕκαστος
2686 4360 2932 4424 ἐσθιέτω,
2977 4359 3009 4430 ἦ
3055 4359 3204 4421 ὅπως
3242 4357 3306 4410 ἄν
3333 4373 3418 4419 τις
3465 4355 3704 4408 δύναιτο.

446 4435 566 4498 ταῖς
597 4436 832 4528 ἡμέραις
869 4439 962 4493 τοῦ
1003 4441 1218 4514 Πάσχα,
1256 4444 1451 4515 inquit,
1478 4447 1568 4500 ὅτε
1603 4451 1732 4520 παρ’
1761 4452 1891 4521 ἡμῖν
1927 4471 2015 4522 χα-

2127 4456 2450 4511 Ambrosius
2502 4470 2670 4510 serm.
2693 4453 2763 4507 26
2796 4470 2807 4506 :
2841 4451 2984 4522 Rogo
3011 4469 3119 4518 vos,
3159 4449 3352 4519 fratres
3377 4447 3702 4508 clrarissimi,

445 4527 686 4594 μευνίαι,
732 4529 964 4598 ἁγνεῖαι,
1013 4535 1400 4603 κακοπάθειαι,
1446 4537 1793 4612 ξηροφαγίαι,
1841 4545 2017 4616 εὐχαὶ,

446 4619 742 4690 ἀγρυπνίαι
772 4641 830 4676 τε
877 4627 970 4680 καὶ
1006 4633 1278 4698 νηστεῖαί,
1319 4633 1414 4687 καὶ
1475 4637 1646 4690 πᾶσαι
1678 4636 1788 4690 τῶν
1833 4637 2021 4710 ψυχῶν

443 4713 503 4764 αἱ
559 4713 860 4786 σωτηρίαι,
896 4726 1002 4771 etc.
1049 4717 1194 4775 Idem
1245 4731 1298 4778 et
1345 4725 1536 4780 haeres.
1595 4726 1684 4793 70,
1741 4743 1892 4783 num.
1922 4731 2018 4784 ,12

449 4805 838 4861 hebdomadcm
871 4807 1016 4864 illam
1055 4809 1339 4871 Paschatis
1370 4817 1706 4888 ξηροφαγιας
1729 4819 2018 4891 ἑϐδομάδα,

447 4900 541 4952 καί
573 4899 667 4952 τοῦ
716 4899 906 4970 Πάσχα
943 4903 1208 4960 nominat.
1253 4903 1388 4962 Vide
1431 4918 1485 4963 et
1529 4927 1586 4965 n.
1629 4911 1710 4966 14.
1743 4911 1854 4968 Nec
1887 4915 2021 4969 nam

448 4994 974 5060 prtetermittcndum
1008 5003 1110 5061 est,
1145 4997 1219 5050 uti
1251 4995 1458 5054 Pascha
1491 5017 1589 5071 pro
1620 5003 1728 5057 tcta
1775 5004 2021 5070 Quadra-

447 5084 674 5152 gcsima,
701 5093 793 5140 aut
818 5101 916 5156 pro
941 5087 1130 5141 ultima
1163 5089 1353 5144 saltem
1389 5091 1535 5146 illius
1565 5093 1904 5150 hebdomada
1927 5113 2022 5152 su-

449 5177 638 5230 mitur.
671 5175 831 5233 Velut
875 5195 997 5234 cum
1039 5177 1360 5236 Timotheus
1391 5184 1680 5251 νηστεῦσαι
1715 5187 1908 5258 Πάσχα
1937 5189 2019 5243 di-

449 5268 526 5322 xit
564 5285 578 5320 :
614 5269 686 5322 ita
719 5285 1114 5340 nmmunquam
1144 5281 1352 5327 certum
1384 5274 1626 5343 ejusdem
1661 5275 2020 5334 hebdomadis

444 5359 588 5414 diem
619 5361 950 5430 signiﬁcare,
995 5371 1054 5416 ut
1085 5363 1225 5433 apud
1250 5361 1476 5418 Tertull.
1510 5365 1604 5420 lib.
1643 5365 1716 5420 De
1737 5379 1879 5422 erat.
1917 5369 2020 5423 sub

447 5452 607 5506 linem
645 5471 658 5507 :
698 5453 786 5508 Sic
821 5463 868 5508 et
894 5455 980 5509 die
1012 5456 1256 5524 Pasrltte,
1299 5473 1416 5528 qua:
1465 5461 1756 5514 communis
1789 5471 1835 5514 et
1869 5463 2022 5530 quasi

445 5543 653 5606 publica
692 5545 890 5615 jejunii
923 5548 1109 5618 religio
1161 5558 1272 5612 est,
1309 5551 1492 5604 merito
1524 5552 1830 5622 deponimus
1867 5569 2022 5606 oscu-

450 5629 580 5681 lum.
631 5634 734 5698 Qui
780 5637 916 5700 dies,
972 5636 1270 5692 Parascevc
1313 5649 1523 5706 sancta,
1583 5657 1688 5710 qua
1740 5639 2021 5696 Passionis

449 5723 713 5777 memoria
758 5725 1085 5793 celebratur,
1122 5743 1186 5784 ac
1232 5730 1423 5800 Πάσχα
1470 5731 1848 5803 σταυρώσιμον
1900 5749 2022 5790 esse

2123 4559 2178 4601 ut
2213 4547 2269 4600 in
2299 4547 2401 4600 ista
2437 4545 2670 4616 legitimo
2715 4554 2976 4614 tempore,
3027 4543 3257 4611 exceptis
3304 4537 3592 4593 Dominica
3655 4544 3704 4590 et

2123 4636 2356 4694 Sabbato
2403 4637 2605 4702 diebus,
2640 4635 2817 4690 nullus
2868 4644 2990 4690 ante
3033 4650 3226 4688 nonam
3278 4631 3539 4700 prandere
3572 4645 3712 4698 pra:-

2123 4739 2316 4794 sumat,
2359 4729 2462 4782 nisi
2497 4728 2632 4797 forte
2679 4744 2829 4798 quem
2867 4726 3112 4796 jejunare
3161 4725 3448 4792 inﬁrmitas
3472 4739 3574 4776 non
3600 4738 3714 4788 per-

2122 4823 2301 4876 mittit.
2331 4819 2468 4887 Quia
2511 4819 2631 4874 aliis
2657 4819 2838 4873 diebus
2859 4819 3104 4888 jejunare
3131 4825 3222 4870 aut
3259 4815 3562 4876 remedium,
3617 4821 3712 4867 aut

2123 4911 2400 4982 prtemium
2430 4919 2506 4964 est
2539 4927 2554 4966 :
2589 4909 2644 4962 in
2674 4909 3096 4978 Quadragesima
3130 4922 3248 4959 vero
3299 4922 3398 4959 non
3430 4904 3706 4972 jejunarc,

2125 5012 2394 5074 peccatum
2432 5011 2528 5056 est.
2576 5001 2680 5068 Qui
2735 5000 2956 5071 quidem
3013 5015 3195 5056 sermo
3249 4999 3475 5054 totidem
3525 4996 3712 5051 verbis

2125 5091 2266 5160 apud
2299 5089 2662 5160 Augustinum
2711 5090 2937 5160 legitur;
2974 5097 3169 5159 estque
3216 5103 3399 5144 sermo
3431 5089 3498 5142 de
3529 5095 3700 5154 temp.

2127 5185 2216 5236 62.
2249 5181 2354 5238 Sed
2379 5185 2446 5238 de
2467 5181 2706 5238 Sabbato
2729 5183 2954 5238 verbum
2979 5183 3212 5238 nullum.
3243 5181 3347 5237 Sed
3373 5182 3476 5235 hoc
3501 5179 3711 5244 solum,

2127 5288 2186 5330 ut
2217 5277 2445 5346 exceptis
2480 5275 2774 5330 Dominicis
2804 5276 3007 5339 diebus,
3053 5274 3233 5328 nullus
3268 5273 3530 5343 prandere
3575 5287 3712 5341 prte-

2124 5376 2321 5422 sumat.
2349 5365 2506 5434 Quod
2545 5367 2686 5420 idem
2717 5375 2796 5420 est
2830 5379 2895 5420 ac
2923 5367 2969 5420 si
2999 5372 3122 5420 ante
3157 5379 3357 5418 nonam
3395 5363 3544 5418 vesci
3575 5375 3714 5432 pro-

2127 5459 2360 5524 hiberet,
2401 5459 2528 5529 quia
2560 5459 2847 5528 prandium
2892 5465 3018 5512 ante
3047 5459 3236 5511 horam
3286 5463 3496 5510 sextam
3523 5453 3716 5522 capie-

2125 5553 2304 5607 batur.
2340 5551 2473 5606 Vide
2505 5553 2734 5622 August.
2781 5551 2944 5621 epist.
2981 5549 3067 5604 86.
3127 5547 3206 5603 Ita
3239 5547 3539 5604 Cassianus
3581 5543 3714 5598 Col-

2081 5681 2090 5686 --
2125 5643 2220 5697 lat.
2257 5641 2348 5706 21,
2390 5657 2508 5712 cap.
2537 5641 2626 5708 25,
2659 5641 2740 5696 vel
2769 5639 3020 5696 Theonas
3058 5639 3202 5708 apud
3239 5639 3390 5692 illum
3419 5637 3708 5696 admonet,

2127 5743 2184 5794 ut
2222 5733 2275 5787 in
2311 5733 2502 5788 diebus
2533 5731 2708 5800 festis,
2740 5731 2903 5800 cibus,
2933 5731 3025 5802 qui
3057 5729 3186 5783 liora
3227 5729 3334 5782 diei
3363 5743 3502 5782 nona
3527 5726 3708 5796 fuerat
