3994 6222
306 297 440 353 ιοεν

1084 296 1173 353 DE
1211 297 1610 359 VETERIBUS
1647 294 2056 369 QUIBUSDAM
2098 293 2456 351 ECCLESLE
2503 292 2799 350 RlTlBUS.

3453 294 3590 350 ΝΜ

303 412 613 485 capiendus,
645 413 807 485 paulo
837 413 1017 479 citius,
1055 414 1111 467 id
1145 427 1222 469 est
1257 427 1405 471 sexta
1435 420 1567 473 hora
1600 435 1696 490 pro
1725 418 1879 488 {csti—
1909 419 1957 477 Α
1984 413 2258 485 acjejunii
2282 414 2565 482 relaxatio,
2595 423 2654 468 ut
2687 412 2826 482 Aug.
2853 409 3057 466 indicat
3094 411 3254 482 epist.
3290 413 3419 480 HS,
3456 429 3506 469 (ο.
3536 416 3588 468 4.

301 505 487 562 vitatis
514 516 744 575 tempore
778 507 1043 574 capiatur.
1078 506 1144 559 At
1180 507 1377 576 priscis
1406 511 1746 580 temporibus
1779 523 1886 563 non

303 607 433 653 ante
456 613 739 668 vesperam
771 598 954 653 cibum
979 613 1175 668 capere
1196 613 1623 667 consueverant;
1661 602 1713 657 id
1743 599 1889 671 quod

1993 505 2153 572 Quod
2179 504 2491 559 Laodiccna
2528 503 2771 573 synodus
2804 500 3058 570 usurpari
3109 501 3282 554 vetuit
3319 517 3440 556 can.
3473 500 3544 556 iit
3577 520 3590 554 :

1994 596 2118 652 ’Ὁτι
2167 596 2228 650 οὐ
2269 595 2355 649 δεῖ
2401 599 2458 650 ὲν
2505 595 2922 665 τεσσαρακοστῇ
2971 594 3037 663 τῇ
3091 592 3291 670 ὑστέρα
3345 592 3596 664 savage-vt

305 688 532 759 insuper
565 688 849 758 Theophili
881 689 1236 744 Alexandrini
1270 691 1424 748 locus
1458 693 1546 748 ille
1580 693 1888 759 conﬁrmat,

2013 692 2093 762 τὴν
2136 690 2399 762 πέμπτην
2447 687 2632 744 λύειν.
2679 687 2775 741 καὶ
2823 686 2952 758 ὅλην
2993 686 3092 756 τὴν
3139 687 3594 758 τεσσαρακοστὴν

306 794 471 848 quem
501 793 668 847 supra
698 778 1085 834 discessimus.
1124 779 1489 851 Posteaquam
1525 799 1654 839 vero
1688 782 1756 837 ad
1793 783 1894 836 ho-

310 886 424 926 ram
459 886 661 925 nonam
692 871 947 926 vescendi
981 881 1196 942 tempus
1234 889 1266 927 a
1305 889 1533 944 vespera
1568 875 1893 930 translatum

309 970 414 1030 est,
471 972 588 1018 tum
625 963 907 1018 sublatum
945 962 1077 1018 illud
1122 962 1420 1020 discrimen
1455 966 1716 1031 arbitror,
1749 965 1895 1036 quod

313 1057 579 1112 hactenus
623 1057 763 1111 inter
809 1057 1073 1112 stationes
1114 1069 1168 1114 et
1193 1057 1403 1128 jejunis
1436 1057 1606 1114 fuisse
1641 1057 1894 1113 vidimus.

314 1147 552 1219 Indeque
597 1158 711 1213 est,
765 1150 910 1220 quod
962 1151 1291 1206 Ambrosius
1337 1167 1503 1208 serm.
1556 1155 1628 1208 56
1688 1153 1896 1224 jejunia

314 1242 749 1312 Quadragesimae
772 1246 1025 1298 stationes
1051 1246 1313 1314 appellari
1338 1245 1494 1299 dixit.

390 1336 504 1388 Ἓν
552 1350 675 1390 τισι
719 1334 788 1389 δὲ
828 1337 1036 1403 τόποις
1080 1336 1188 1406 τῆς
1231 1339 1382 1407 μετὰ
1426 1338 1542 1408 τὴν
1597 1337 1897 1408 πέμπτην.

328 1427 761 1498 Ἀπονηστισμύς
827 1440 908 1484 est
952 1430 1147 1500 jejunii
1205 1433 1442 1496 solatio;
1500 1441 1553 1486 et
1607 1431 1902 1501 ἁπονηστί-

313 1515 507 1582 Caelica
523 1518 787 1588 jejunium
817 1520 1036 1576 solvere.
1071 1520 1183 1578 Nec
1215 1523 1370 1578 aliter
1393 1523 1450 1577 in
1481 1523 1670 1579 Graeco
1701 1522 1904 1593 Hippo-

315 1611 408 1681 lyti
436 1626 646 1666 canone
676 1613 902 1667 verbum
942 1615 1072 1669 illud
1119 1616 1407 1685 accipitur,
1435 1631 1563 1670 cum
1597 1615 1711 1670 ait:
1749 1615 1904 1668 Ἀπο-

313 1701 664 1772 νηστίςεσοαι
721 1703 777 1756 δὲ
821 1704 902 1757 δεῖ
930 1697 991 1759 οὗ
1022 1705 1089 1758 ἂν
1119 1705 1338 1777 ἐμπέσῃ
1354 1705 1628 1777 Κυριακή.
1658 1702 1900 1758 Tametsi

1993 783 2284 855 ἀτιμάζειν
2305 799 2318 814 ·
2351 781 2490 836 ἀλλὰ
2521 781 2602 834 δεῖ
2638 781 2819 834 πᾶσαν
2858 779 2958 850 τὴν
3007 778 3460 850 τεσσαρακοστὴν
3498 794 3593 845 νη-

1998 876 2210 931 στεύειν
2272 874 2741 947 ξηροφαγοῦντας.
2799 871 2877 926 Ex
2935 889 3044 941 quo
3099 872 3319 928 notabis
3379 872 3593 932 obiter,

1996 967 2279 1024 Passionis
2305 966 2703 1022 hebdomadam
2733 963 3179 1034 Quadragesimce
3213 971 3421 1033 partem
3450 978 3596 1024 esse,

1998 1073 2107 1113 non
2143 1058 2210 1112 ab
2251 1057 2344 1112 illa
2383 1057 2722 1112 distinctam.
2767 1053 3027 1109 Trullana
3082 1069 3304 1124 quoque
3352 1052 3596 1123 synodus

2001 1165 2122 1205 can.
2148 1148 2240 1216 29,
2296 1150 2443 1220 quod
2487 1149 2542 1202 in
2584 1147 3030 1218 Carthaginiensi
3081 1146 3314 1201 concilio
3361 1147 3428 1201 de
3460 1143 3597 1200 l'eria

2001 1244 2092 1299 illa
2121 1243 2312 1312 quinta
2357 1242 2682 1296 nominatim
2725 1249 3012 1310 exceptum
3071 1238 3292 1294 fuerat:
3331 1239 3394 1294 Ut
3422 1254 3600 1290 sacra-

2001 1341 2176 1386 menta
2215 1331 2404 1386 altaris
2447 1333 2658 1386 nonnisi
2717 1350 2750 1386 a
2777 1332 2974 1402 iejunis
3006 1331 3305 1387 hominibus
3337 1329 3600 1384 celebren-

2005 1434 2112 1491 tur,
2141 1434 2355 1492 excepto
2394 1441 2500 1479 uno
2533 1425 2618 1479 die
2661 1425 3049 1488 anniversario,
3073 1440 3178 1495 quo
3213 1439 3358 1478 caena
3387 1422 3604 1476 Domini

2005 1516 2297 1571 celebratur
2351 1517 2471 1588 (qui
2505 1528 2588 1572 est
2627 1517 2813 1573 Carth.
2852 1532 2934 1584 In,
2960 1532 3083 1573 can.
3113 1516 3226 1587 ‘29),
3257 1512 3544 1586 abrOgavit
3578 1531 3591 1565 :

2003 1608 2282 1679 vetuitque
2309 1609 2408 1662 illo
2440 1609 2527 1664 die
2561 1609 2697 1664 solvi
2739 1609 3033 1681 jejunium.
3065 1609 3135 1663 At
3173 1608 3510 1679 Augustinus
3542 1607 3596 1661 in

2006 1700 2232 1770 cpistola
2264 1700 2512 1770 proxime
2555 1701 2720 1755 citata
2771 1702 3052 1756 nonnullis
3095 1701 3150 1756 in
3188 1700 3452 1756 Ecclesiis
3487 1714 3602 1753 mo-

319 1770 563 1865 Scaliger
587 1796 645 1850 in
695 1794 854 1850 Notis
899 1797 966 1852 ad
1013 1770 1166 1851 illum
1203 1770 1502 1861 canoncm,
1542 1770 1898 1868 anovqatigs-
1935 1770 1978 1829 Β
2010 1807 2122 1846 rem
2160 1789 2330 1847 fuisse
2378 1793 2652 1857 declarat,
2694 1801 2753 1846 ut
2802 1794 2878 1847 bis
2927 1794 3112 1864 quinta
3154 1792 3377 1848 Sabbali
3404 1791 3600 1847 hebdo-

318 1882 444 1936 σθαι
479 1891 630 1954 putat
656 1901 780 1940 esse
815 1885 1108 1955 transferre
1131 1886 1400 1955 jejunium
1427 1901 1446 1941 :
1473 1887 1624 1957 quod
1671 1886 1898 1940 minime

316 1977 584 2045 procedit.
612 1975 848 2047 Tempus
872 1993 1003 2033 vero
1033 1977 1362 2033 dissolvendi
1388 1977 1606 2048 jejunii,
1625 1977 1740 2032 sive
1767 1978 1900 2031 hora

317 2065 413 2119 τοῦ
464 2067 876 2139 ἀπονησττσμοῦ
947 2068 1230 2138 multiplex
1273 2069 1397 2123 fuit.
1447 2068 1675 2123 Constit.
1721 2066 1897 2122 Clem.

320 2157 414 2211 lib.
447 2175 500 2225 ν,
528 2175 651 2229 cap.
681 2159 780 2214 l9:
805 2158 896 2230 Τῷ
919 2159 976 2212 δὲ
1003 2159 1266 2232 Σαδϐἁτῳ
1300 2161 1494 2231 μέχρις
1524 2159 1905 2231 ἀλεκτοροφω-

319 2249 438 2314 νίτας
489 2250 945 2321 παρατείνοντες,
1005 2252 1433 2324 ἁπονηστίζεσθε
1483 2250 1904 2322 ὲπιφωσκούσης

321 2343 453 2412 μιᾶς
481 2342 588 2395 τῶν
611 2341 927 2409 Σαϐὅάτων,
965 2343 1088 2414 ἥτις
1121 2343 1240 2397 ἐστὶ
1263 2344 1501 2416 κυριακὴ
1528 2343 1637 2397 ἀπὸ
1667 2342 1906 2416 ἑσπέρας

319 2434 428 2498 ἕως
454 2433 922 2506 ἀλεκτοροφωνίας
962 2435 1370 2509 ἀγρυπνοῦντες
1391 2480 1405 2505 ,
1433 2437 1528 2491 καὶ
1560 2438 1653 2491 ἐπὶ
1676 2436 1738 2490 τὸ
1773 2435 1906 2491 αὐτὸ

321 2527 381 2578 ὲν
410 2527 475 2597 τῇ
545 2525 809 2597 ἐκκλησίᾳ
841 2526 1318 2600 συναθροιζόμενοι
1353 2531 1700 2601 γρηγορεῖτε.
1741 2527 1904 2584 lubet

321 2617 797 2687 quadragesimale
838 2618 1107 2690 jejunium
1156 2619 1292 2675 solvi
1342 2620 1408 2675 ad
1445 2620 1812 2691 gallicinium,
1848 2628 1907 2674 ut

323 2718 381 2764 et
410 2711 682 2780 superiori
717 2712 918 2783 capite.
953 2710 1246 2783 Dionysius
1275 2711 1680 2769 Alexandrinus
1704 2712 1771 2768 ad
1803 2712 1906 2768 Ba-

324 2800 551 2868 siliden,
585 2802 939 2872 reprehendit
1001 2817 1096 2858 eos
1160 2803 1254 2874 qui
1302 2805 1466 2872 paulo
1495 2813 1624 2859 ante
1672 2802 1907 2859 mediam

325 2902 539 2944 noctem
566 2903 689 2962 post
718 2892 1017 2948 Sabbatum
1041 2893 1308 2964 jejunium
1339 2893 1671 2960 dissolvunt,
1691 2894 1771 2959 ὡς
1795 2892 1911 2947 ὀλι-

325 2989 540 3062 γώρους
595 2987 689 3039 καὶ
715 2987 995 3058 ἀκρατεῖς.
1036 2986 1142 3043 Eos
1177 2996 1358 3042 autem
1393 2987 1768 3052 commendat,
1816 2985 1912 3057 qui

329 3096 502 3152 usque
535 3079 600 3134 ad
646 3087 900 3148 quartam
936 3078 1243 3134 custodiam
1306 3079 1618 3145 sustinent;
1668 3091 1770 3132 nec
1817 3091 1914 3132 eos

329 3139 512 3244 magni
558 3139 841 3226 faciendos
873 3171 982 3238 ait,
1018 3171 1110 3240 qui
1158 3187 1225 3226 ex
1272 3171 1381 3227 illis
1427 3139 1654 3243 majoris
1703 3170 1913 3225 hcbdo-
1940 3139 1984 3197 δ

329 3265 504 3320 madas
534 3279 626 3319 sex
664 3263 856 3318 diebus
882 3303 896 3328 ,
930 3262 1206 3331 prioribus
1241 3271 1480 3334 quatuor
1527 3264 1646 3320 sine
1695 3261 1912 3332 jejunio

327 3356 622 3412 transactis
647 3394 662 3420 ,
709 3353 1047 3409 Parasccven
1080 3364 1135 3409 et
1161 3355 1460 3412 Sabbatum
1500 3355 1618 3411 sine
1645 3355 1758 3411 ullo
1787 3353 1912 3410 cibo

329 3446 652 3509 traducunt,
683 3444 828 3513 quod
875 3443 1225 3515 ὑπερτιθέναι
1273 3445 1538 3501 ιιοιιιίιιειι.
1590 3443 1718 3499 Fuit
1760 3443 1906 3497 enim

329 3540 436 3595 hoc
465 3537 740 3593 veteribus
773 3526 1100 3591 Christianis
1147 3536 1416 3593 familiare
1442 3577 1456 3602 ,
1509 3537 1735 3592 biduum
1778 3534 1911 3589 illud

328 3633 535 3702 absque
565 3631 688 3685 cibo
709 3643 1082 3699 perseverare,
1121 3638 1175 3684 et
1206 3630 1262 3684 in
1289 3629 1535 3685 Ecclesia
1563 3629 1817 3698 precibus
1847 3643 1913 3683 ac

330 3724 528 3795 vigiliis
565 3723 838 3778 insistere.
866 3721 1030 3776 Sexta
1071 3723 1314 3794 synodus
1346 3723 1400 3776 in
1432 3721 1620 3778 Trullo
1647 3737 1772 3777 can.
1805 3722 1864 3776 9|
1893 3739 1908 3776 :

327 3817 440 3879 Τὰς
486 3814 580 3867 τοῦ
619 3813 887 3885 σωτηρίου
920 3813 1127 3876 πάθους
1166 3813 1380 3885 ἡμέρας
1418 3816 1477 3867 ὲν
1519 3815 1773 3886 νηστείᾳ,
1820 3815 1913 3868 καὶ

329 3909 609 3979 προσευχῇ
631 3945 645 3970 ,
675 3905 772 3959 καὶ
801 3905 1092 3971 κατανύξει
1130 3905 1357 3975 καρδίας
1388 3906 1774 3970 ἐπιτελοῦντας
1803 3905 1911 3976 χρὴ

327 4001 454 4063 τοὺς
474 3999 699 4061 πιστοὺς
731 3997 859 4068 περὶ
885 3997 1058 4067 μέσας
1083 3996 1183 4067 τῆς
1210 3996 1339 4068 περὶ
1369 3997 1429 4050 τὸ
1467 3997 1607 4068 μετὰ
1635 3997 1912 4052 Σάϐϐατον

327 4091 521 4156 νυκτὸς
545 4090 693 4162 ὧρας
718 4088 1199 4160 ἁπονηστίζεσθαι.
1231 4089 1308 4144 Ad
1332 4104 1454 4160 qua:
1480 4089 1732 4145 Balsama
1761 4089 1915 4144 dubi-

329 4192 431 4250 tat,
465 4199 535 4238 an
569 4183 699 4236 illud
727 4182 1077 4253 praecipiatur
1107 4197 1119 4234 :
1149 4180 1393 4236 triduum
1415 4223 1429 4248 ,
1466 4182 1614 4251 quod
1647 4190 1731 4236 est
1773 4180 1913 4252 μετὰ

327 4277 430 4350 τὴν
462 4275 726 4346 τετράδα,
774 4274 1028 4344 quodque
1053 4272 1303 4329 Passieni
1350 4275 1623 4344 praecipue
1669 4273 1910 4327 dicatum

329 4377 431 4435 est,
461 4368 706 4438 adusque
737 4366 969 4421 mediam
1013 4373 1229 4420 noctem
1278 4375 1404 4420 ante
1433 4365 1772 4420 Dominicam
1807 4363 1912 4418 Pa-

2007 1884 2180 1938 made:
2209 1884 2414 1939 ultimae
2466 1885 2910 1956 quadragesimae,
2943 1896 2991 1940 et
3035 1901 3188 1940 mane
3224 1893 3274 1940 et
3318 1885 3388 1938 ad
3434 1900 3600 1954 vespe-

2008 1993 2125 2030 ram
2169 1978 2453 2045 offerretur
2498 1993 2514 2031 :
2569 1977 2716 2048 quod
2765 1976 3188 2046 improbandum
3241 1989 3364 2032 esse
3411 1986 3597 2046 negat.

2009 2068 2162 2134 Quod
2214 2054 2392 2138 ipsum
2423 2069 2554 2125 olim
2590 2070 2643 2123 in
2675 2079 2860 2124 vetere
2889 2068 3133 2124 Ecclesia
3164 2067 3376 2124 caeteris
3403 2066 3600 2122 diebus

2010 2162 2273 2216 usitatum
2311 2161 2499 2225 fuisse,
2540 2161 2748 2216 indicat
2792 2159 3107 2232 Cyprianus
3137 2159 3301 2230 epist.
3347 2157 3418 2212 65
3465 2158 3600 2213 edit.

2009 2252 2164 2308 Pam.
2199 2252 2302 2308 Ubi
2338 2254 2630 2310 nonnullos
2682 2254 3068 2324 reprehendit,
3097 2253 3192 2324 qui
3235 2253 3288 2308 in
3321 2253 3604 2309 matutinis

2013 2343 2300 2399 sacriﬁciis
2323 2360 2522 2415 aquam
2554 2344 2724 2399 solam
2762 2343 3120 2407 adhibebant,
3145 2359 3210 2398 ne
3241 2359 3332 2412 per
3354 2359 3601 2413 saporem

2014 2435 2123 2492 vini
2157 2436 2448 2490 redolerent
2473 2437 2784 2507 sanguinem
2809 2435 3028 2491 Christi.
3048 2433 3200 2502 Quos
3232 2434 3307 2489 ita
3333 2435 3598 2506 castigat:

2016 2531 2099 2582 An
2144 2527 2244 2582 illa
2274 2528 2375 2582 sibi
2420 2528 2616 2599 aliquis
2649 2527 3091 2595 contemplatione
3127 2526 3421 2592 bianditur,
3462 2527 3602 2598 quod

2015 2622 2115 2676 etsi
2145 2637 2297 2676 mane
2346 2637 2486 2692 aqua
2531 2620 2646 2674 sola
2681 2621 2864 2690 offerri
2899 2620 3126 2685 videtur,
3172 2628 3346 2674 tamen
3377 2637 3497 2674 cum
3533 2621 3602 2674 ad

2017 2714 2328 2768 cmuandum
2357 2715 2624 2779 venimus,
2674 2714 2889 2769 mistum
2927 2713 3145 2767 calicem
3172 2713 3481 2782 offerimus;
3513 2715 3602 2770 scd

2017 2823 2137 2860 cum
2163 2821 2460 2871 canamus,
2495 2806 2564 2860 ad
2592 2805 2886 2860 convivium
2911 2814 3150 2860 nostrum
3186 2805 3387 2874 plebem
3415 2821 3606 2860 convo-

2018 2913 2140 2952 care
2160 2913 2264 2950 non
2287 2913 2590 2967 possumus,
2622 2906 2677 2950 ut
2702 2897 3023 2950 sacramenti
3050 2897 3327 2952 veritatem
3356 2899 3605 2968 fraterni-

2021 2996 2129 3042 tate
2168 2989 2312 3042 omni
2339 2996 2594 3057 premente
2625 2987 2980 3042 celebremus?
2997 2986 3090 3043 Bis
3121 2987 3287 3060 igitur
3331 2990 3603 3046 sacrilit-ia

2021 3080 2284 3136 celebrari
2331 3079 2599 3144 solebant,
2635 3094 2818 3148 mane,
2859 3087 2915 3135 et
2944 3079 3166 3150 quidem
3196 3079 3448 3152 publice;
3488 3091 3603 3138 tum

2016 3173 2268 3246 privatim
2301 3173 2404 3229 sub
2436 3187 2738 3243 vesperam.

2085 3264 2197 3319 Kal
2245 3265 2436 3331 οὕτως
2478 3265 2756 3320 ἀπολύει.
2821 3265 3106 3332 ’Λπόλυσις
3146 3277 3230 3323 est
3273 3267 3445 3323 Missa
3491 3269 3606 3324 sive

2014 3357 2219 3423 missio,
2254 3372 2379 3411 cum
2420 3356 2699 3424 diaconus,
2738 3373 2794 3412 re
2847 3373 3003 3413 sacra
3035 3358 3307 3426 conlecta,
3346 3361 3603 3432 populum

2013 3448 2253 3503 dimittit.
2289 3447 2467 3514 Quare
2497 3447 2906 3504 subaudiendus
2934 3457 3036 3516 est,
3065 3450 3094 3502 ὁ
3125 3450 3390 3516 διάκονος.

2097 3539 2192 3592 Ἐν
2246 3538 2322 3608 τῇ
2383 3537 2778 3608 tit-actaeque
2835 3537 3046 3608 ἡμέρᾳ.
3104 3538 3330 3611 Proprie
3391 3542 3605 3613 μεγάλη

2017 3631 2202 3703 ἡμέρα
2228 3631 2437 3687 Pascha
2469 3631 2800 3686 nominatur.
2836 3630 2906 3687 Ut
2941 3633 2995 3688 in
3042 3634 3355 3705 Ancyrano,
3390 3651 3512 3690 can.
3549 3638 3601 3700 6,

2018 3723 2205 3789 Ἔδοξε
2241 3724 2404 3796 μέχρι
2431 3724 2530 3794 τῆς
2562 3723 2805 3796 μεγάλης
2838 3727 3053 3797 ἡμέρας
3091 3726 3172 3788 είς
3222 3726 3486 3797 ἀκρόασιν
3520 3726 3605 3779 δε-

2014 3815 2228 3887 χθῆναι.
2259 3815 2326 3870 Ει
2352 3809 2608 3886 quoniam
2640 3818 2695 3870 in
2727 3817 3065 3872 illustrandis
3098 3817 3295 3872 veteris
3347 3817 3604 3873 Ecclesia:

2015 3908 2211 3962 ritibus
2257 3915 2488 3962 navatur
2519 3923 2550 3961 a
2597 3907 2754 3963 nobis
2798 3922 2984 3978 opera,
3019 3908 3086 3963 de
3126 3923 3234 3963 uno
3265 3909 3501 3964 alterove
3529 3909 3605 3963 le-

2015 4008 2219 4054 ctorem
2262 3999 2700 4064 admonebimus,
2729 4000 2819 4070 qui
2862 4015 2958 4070 per
3003 4001 3274 4056 solemnes
3317 3999 3600 4056 Paschalis

2018 4093 2188 4148 ferias
2221 4091 2475 4162 usurpari
2523 4093 2789 4148 solebant.
2842 4094 2946 4160 Qui
2989 4094 3091 4149 etsi
3140 4095 3206 4149 ad
3239 4093 3600 4166 Epiphaniun‘.

2016 4195 2262 4240 nostrum
2308 4185 2444 4238 nihil
2491 4185 2784 4240 admodum
2830 4187 3174 4257 pertineant,
3232 4189 3369 4244 alias
3419 4197 3599 4244 tamen

2015 4283 2217 4338 habent
2255 4283 2709 4351 opportunitates,
2747 4285 2818 4340 ob
2856 4301 2991 4356 quas
3046 4286 3261 4341 illorum
3309 4303 3417 4342 non
3466 4303 3602 4358 pra:-

2016 4377 2362 4432 termittenda
2415 4377 2617 4431 mentio
2673 4379 2906 4434 videtur.
2967 4377 3211 4435 Primum
3264 4381 3465 4452 igitur,
3504 4398 3601 4452 per

329 4459 571 4514 801³³1θηῖ
617 4458 832 4529 ieiunos
876 4457 1203 4527 βενεὶδῐονος
1265 4472 1333 4511 an
1383 4457 1450 4512 de
1495 4472 1606 4511 υηο
1647 4457 1911 4511 ἀυιιιπίη
1943 4475 1985 4530 D
2016 4469 2136 4524 illos
2168 4469 2284 4524 dies
2313 4483 2342 4522 a
2382 4466 2711 4524 Christianis
2748 4469 3171 4540 imperatoribus
3211 4471 3380 4530 vincti
3429 4474 3601 4544 capti-

331 4551 571 4606 Sabbato
597 4561 892 4606 caveatur:
923 4551 977 4605 in
1019 4566 1131 4622 quo
1165 4551 1388 4623 rigidior
1423 4565 1489 4606 ac
1522 4549 1766 4607 severior
1787 4564 1910 4606 esse

325 4644 522 4716 jejunii
553 4643 836 4714 disciplina
872 4645 1090 4700 debeat.

403 4736 511 4788 Ἕν
557 4748 679 4788 τισι
706 4734 797 4787 οδὲ
831 4737 1037 4802 τόποις
1083 4736 1328 4805 λατρεία
1382 4734 1496 4804 τῆς
1541 4737 1905 4806 οἰκονομίας.

329 4825 604 4894 Λατρείαν
636 4825 736 4894 τῆς
761 4827 1072 4897 οἰκονομίας
1102 4827 1338 4880 divinum
1362 4837 1410 4880 et
1438 4828 1773 4882 incruentum
1830 4846 1912 4881 sa-

330 4918 591 4987 criﬁcium
637 4917 907 4987 appellat;
957 4929 1017 4973 ut
1046 4927 1100 4974 et
1146 4919 1310 4989 paulo
1344 4927 1468 4988 post
1511 4919 1783 4988 disjuncte
1822 4921 1909 4974 λα-

327 5006 516 5080 τρείας
539 5007 631 5058 καὶ
652 5007 983 5076 οἰκονομίας,
1008 5017 1061 5062 et
1093 5007 1148 5062 in
1177 5008 1451 5073 Aerianis,
1494 5007 1626 5062 lner.
1656 5009 1724 5060 77
1752 5027 1764 5063 :
1796 5010 1908 5080 Τὴν

328 5095 643 5166 οἰκονομίαν
669 5095 769 5165 τῆς
800 5095 1075 5166 λατρείας,
1104 5098 1208 5152 hoc
1237 5107 1322 5153 est
1359 5099 1598 5151 missam.
1640 5096 1777 5152 Nam
1809 5099 1906 5152 λαα

329 5185 488 5257 τρεία
520 5185 738 5240 divinus
786 5185 964 5240 cultus
1015 5194 1180 5255 atque
1208 5187 1443 5242 ollicium
1478 5193 1594 5257 est,
1634 5187 1778 5255 quod
1821 5203 1908 5242 sa-

329 5277 539 5334 criﬁcio
595 5277 1218 5347 ρτςιεειειυηοίκονομία
1259 5276 1653 5333 lncarnalionis
1698 5275 1910 5334 Passio-

328 5371 525 5439 nisque
556 5367 853 5422 Dominicae
891 5369 1211 5439 mysterium
1245 5369 1536 5441 signiﬁcat,
1577 5370 1662 5425 cui
1706 5385 1907 5439 reprae-

327 5459 596 5516 sentando
641 5460 945 5515 institutum
1002 5460 1134 5515 illud
1176 5470 1260 5516 est
1314 5478 1342 5516 a
1394 5459 1506 5515 Deo
1553 5462 1907 5521 sacriﬁcium.

328 5550 444 5606 Etsi
470 5551 523 5606 in
548 5550 798 5605 Aerianis
829 5565 883 5606 n.
913 5552 948 5605 5
971 5551 1293 5621 simpliciter
1325 5553 1663 5623 οἰκονομίαν,
1692 5553 1798 5607 hoc
1828 5562 1911 5608 est

329 5645 650 5727 mysterium
696 5652 878 5700 vocat.
956 5643 1128 5700 Porro
1185 5645 1320 5701 l‘eria
1371 5647 1560 5716 quinta
1613 5645 1912 5703 Dominicae

321 5731 610 5792 Passionis
639 5737 692 5792 in
716 5737 1043 5806 quibusdam
1074 5737 1331 5794 Ecclesiis
1353 5739 1763 5812 ἁπονηστισμός
1809 5740 1911 5799 fuit

730 5837 1000 5899 Parnm.
1043 5836 1162 5898 Gn.
1195 5838 1388 5902 XLII.

2013 4561 2174 4630 vique
2241 4575 2271 4614 e
2323 4573 2543 4615 carcere
2607 4561 2983 4617 mittebantur.
3034 4562 3287 4619 Monachi
3343 4564 3601 4637 Eutycbis

2012 4651 2250 4708 haeretici
2283 4651 2336 4705 in
2361 4650 2541 4707 libello
2569 4651 2800 4722 supplici
2825 4653 2907 4705 Ad
2931 4654 3396 4724 pseudosynodum
3430 4655 3602 4726 Ephe-

2011 4743 2204 4809 sinam,
2237 4741 2293 4797 in
2319 4741 2471 4798 Actis
2499 4741 2828 4799 Chalcedon.
2872 4744 3111 4812 concilii,
3149 4746 3216 4801 de
3245 4745 3333 4801 die
3364 4745 3602 4801 Pascha-

2013 4835 2081 4889 lis
2127 4834 2412 4905 loquentes
2448 4853 2460 4889 :
2494 4833 2630 4887 Καθ’
2670 4835 2754 4905 ἢν,
2807 4835 3082 4906 inquiunt,
3115 4835 3302 4889 λύεται
3345 4835 3443 4905 μὲν
3489 4837 3602 4896 τοῖς

2011 4923 2283 4987 πλείστοις
2307 4923 2414 4977 τῶν
2436 4925 2836 4997 ἡμαρτηκότων
2870 4927 2978 4980 ἀπὸ
3006 4927 3114 4980 τῶν
3146 4927 3316 4995 ἁγίων
3347 4923 3600 4996 πατέρων

2008 5017 2167 5088 ἡμῶν
2198 5017 2263 5070 τὰ
2300 5014 2584 5087 ἐπιτίμια·
2617 5019 2803 5073 λύεται
2842 5019 2897 5071 δὲ
2936 5019 3086 5090 παρὰ
3128 5018 3235 5070 τῶν
3271 5013 3602 5087 βασιλευόν-

2009 5126 2117 5162 των
2145 5108 2238 5160 ὲπὶ
2268 5107 2376 5160 τῶν
2406 5109 2767 5181 ἐγκλημάτων
2795 5112 2863 5165 τὰ
2891 5111 3066 5184 δεσμὰ
3099 5112 3213 5175 τοῖς
3254 5109 3598 5173 ὑπευθύνοις.

2009 5201 2201 5256 Exstat
2230 5201 2418 5256 eadem
2450 5202 2515 5257 de
2563 5219 2621 5258 re
2657 5204 2821 5274 impp.
2854 5203 3241 5272 Valentiniani,
3271 5204 3515 5264 Valentis
3549 5217 3603 5265 et

2011 5292 2254 5347 Gratiani
2284 5294 2606 5363 rescriptum
2644 5296 2712 5350 53
2745 5296 2811 5352 de
2858 5296 3066 5370 indulg.
3109 5299 3233 5354 cod.
3275 5298 3550 5358 Theodos.
3585 5322 3598 5358 ;

2016 5383 2092 5437 Ob
2147 5385 2286 5438 diem
2345 5383 2567 5440 Pascha:
2619 5403 2770 5456 quem
2817 5389 3006 5444 intimo
3053 5392 3209 5444 corde
3255 5392 3600 5457 celebramus,

2012 5474 2276 5541 omnibus,
2312 5492 2441 5546 quos
2468 5485 2643 5530 reatus
2664 5481 2930 5551 astringit,
2957 5497 3140 5536 carcer
3168 5484 3408 5539 inclusit.
3450 5485 3602 5540 clau-

2014 5574 2128 5620 stra
2156 5567 2512 5623 dissolvimus.
2548 5569 2722 5642 Hujus
2753 5573 2913 5629 nobis
2942 5576 3435 5631 commemoranda:
3469 5593 3602 5632 con-

2016 5658 2322 5714 suetudinis
2365 5663 2710 5720 occasionem
2746 5665 2894 5721 dedit
2942 5665 3316 5722 Themistiana
3351 5667 3602 5738 quaedam

2015 5750 2228 5820 oratio;
2279 5752 2439 5824 cujus
2503 5770 2888 5828 argumentum
2938 5762 3202 5819 hactenus
3259 5765 3590 5832 ignoratum.

3285 5860 3363 5926 35
