3994 6222
449 280 580 339 ιοςδο

1215 274 1306 330 DE
1344 273 1743 337 VETERIBUS
1783 273 2189 341 QUIBUSDAM
2226 275 2586 336 ECCLESIIE
2625 276 2926 335 RITIBUS.

3571 277 3706 338 “00

443 414 544 454 nec
574 414 604 454 a
641 396 798 453 nobis
835 395 997 450 etiam
1033 393 1086 447 in
1115 394 1412 449 novissima
1443 404 1628 450 nostra
1659 393 1896 449 editione
1927 409 2019 447 sa-
2051 399 2094 454 Α
2121 409 2213 464 per
2239 396 2652 452 solemnissimos
2701 396 2984 452 Paschales
3035 395 3145 451 dies
3195 406 3583 452 sacramentum
3620 415 3702 454 ca-

443 493 512 545 tis
535 490 888 550 intellectum,
915 486 1210 556 plurhnum
1247 485 1372 541 huic
1395 485 1757 541 observationi
1783 485 2018 542 debebit.

443 581 516 636 l"a
555 590 637 636 est
686 579 826 649 inter
856 577 1261 632 Themistianas
1305 577 1495 632 ordine
1535 578 1723 647 quinta
1761 596 1775 632 :
1818 579 1870 632 in
1916 591 2021 648 qua

439 671 731 726 Theodosii
801 669 1038 725 senioris
1109 669 1452 725 clementiam
1522 671 2026 740 humanitatemque

439 763 718 831 pmdicat.
759 759 934 827 Quam
973 760 1191 830 quidem
1239 760 1537 815 orationem
1587 761 1746 831 vulgo
1799 776 2025 832 persua-

441 869 561 908 sum
597 860 714 908 erat
756 851 1011 906 omnibus
1062 851 1129 906 ad
1177 851 1602 906 Antiochensem
1636 852 1782 906 illam
1813 854 2020 923 procel-

440 947 548 1002 lam
589 944 1064 1014 calamitatemque
1112 942 1302 998 referri
1341 962 1353 998 :
1396 943 1616 1014 quando
1660 944 1732 999 ob
1783 945 2024 1016 deiectas

441 1037 688 1108 populari
722 1035 989 1091 seditione
1026 1034 1264 1090 Placillze
1306 1043 1520 1090 statuas
1550 1035 1894 1092 exulceratos
1922 1037 2026 1092 im-

439 1129 704 1200 peratoris
739 1128 978 1192 animus,
1031 1137 1088 1183 et
1137 1127 1205 1182 ad
1251 1129 1634 1183 vindicandam
1682 1130 2021 1200 maiestatem

438 1223 810 1278 inﬂammatus
857 1221 1102 1277 Flaviani
1153 1223 1404 1292 praesulis
1444 1223 1710 1293 legatione
1745 1223 2024 1294 mitigatus

437 1325 538 1370 est.
575 1314 682 1371 Sed
723 1329 826 1371 nos
879 1315 1205 1370 necessariis
1253 1314 1580 1384 quibusdam
1632 1315 1936 1372 rationibus
1969 1317 2021 1370 in

437 1406 824 1462 Themistianis
881 1407 1026 1463 notis
1089 1408 1476 1476 ostendimus,
1534 1409 1677 1471 alio,
1733 1424 1896 1479 quam
1954 1410 2024 1465 ad

439 1496 883 1552 Theodosianum
916 1495 1050 1551 illud
1086 1495 1309 1561 factum,
1345 1503 1588 1567 spectare
1623 1494 2020 1563 Themistium;

437 1602 616 1658 neque
648 1595 830 1642 tamen
875 1587 1180 1656 cujusmodi
1226 1585 1440 1642 facinus
1486 1585 1618 1641 illud
1660 1597 1824 1653 esset,
1852 1588 2024 1642 extri-

437 1695 562 1734 care
589 1687 703 1734 tum
731 1679 1032 1750 potuimus.
1072 1678 1256 1746 Quare
1301 1678 1372 1733 ita
1406 1678 1828 1748 disputationem
1865 1679 2019 1734 clau-

435 1768 648 1823 simus:
687 1743 896 1822 Habent
943 1743 1109 1838 igitur
1159 1766 1354 1821 eruditi
1410 1743 1510 1821 uiri
1572 1777 1728 1838 atque
1783 1768 2020 1824 historia!
2054 1743 2094 1798 Β

433 1861 683 1924 studiosi,
738 1861 794 1914 in
846 1876 947 1930 quo
986 1858 1265 1928 quierendo
1309 1867 1464 1928 atque
1508 1859 1834 1914 enucleando
1882 1861 2027 1932 inge-

433 1952 584 2005 nium
638 1967 793 2006 suum
848 1959 1142 2007 exerceant.
1197 1949 1354 2016 Quod
1400 1966 1534 2007 sane
1585 1953 1776 2007 merito
1833 1964 1944 2008 tum
1993 1968 2024 2008 a

433 2042 594 2098 nobis
621 2051 705 2097 est
755 2041 982 2097 factum.
1039 2042 1234 2098 Postea
1289 2058 1418 2098 vero
1475 2043 1604 2099 dum
1645 2043 2026 2115 Chrysostomi

433 2136 584 2190 hom.
638 2152 710 2190 xx
755 2135 822 2190 ad
869 2135 1129 2206 populum
1169 2136 1570 2191 Antiochenum
1625 2138 2022 2206 percurrimus,

433 2227 488 2282 in
509 2243 616 2298 qua
641 2227 708 2282 de
735 2227 977 2282 Flaviani
1005 2228 1290 2298 legatione,
1313 2237 1368 2282 et
1398 2229 1680 2295 impetrata
1713 2229 2026 2300 abimpera-

430 2327 549 2376 tore
565 2320 718 2376 venia
741 2321 1249 2392 gratulatur,vcram
1269 2319 1803 2376 Themistianaeillius
1819 2322 2024 2377 oratio-

433 2411 522 2468 nis
553 2412 842 2470 historiam
895 2422 948 2468 et
993 2413 1296 2484 argumenti
1340 2427 1610 2468 summam
1650 2429 1755 2468 non
1793 2413 1907 2468 sine
1940 2415 2025 2470 in-

430 2503 579 2573 genti
633 2503 800 2559 animi
858 2502 1034 2560 fructu
1097 2518 1163 2558 ac
1208 2503 1486 2574 voluptate
1531 2503 1843 2562 didicimus.
1883 2503 2019 2560 Cum

428 2596 574 2650 enim
602 2596 840 2651 habitam
873 2611 903 2650 a
936 2595 1192 2652 Flaviano
1217 2597 1299 2651 Ad
1333 2596 1680 2651 Theodosium
1710 2588 2017 2652 orationem

429 2701 496 2742 ac
541 2684 983 2756 deprecationem
1023 2687 1277 2756 explicat,
1327 2687 1408 2742 sic
1457 2703 1582 2743 eum
1637 2689 1778 2743 inter
1825 2697 2019 2745 caetera

430 2780 744 2848 loquentem
778 2778 985 2833 inducit
1016 2793 1031 2831 :
1065 2779 1177 2834 Καὶ
1219 2779 1272 2832 τί
1314 2778 1420 2851 χρὴ
1459 2779 1637 2848 λέγειν
1671 2781 2020 2834 Κωνσταντῖ-

427 2888 518 2924 νον
591 2871 686 2924 καὶ
735 2868 805 2924 τὰ
851 2870 1106 2942 ἀλλότρια
1158 2872 1598 2942 παραδείγματα,
1645 2872 1761 2926 δέον
1810 2872 2020 2930 οἴκοθέν

427 2978 510 3024 σε,
537 2962 633 3016 καὶ
658 2963 722 3016 ὲκ
754 2960 862 3016 τῶν
886 2961 994 3015 σῶν
1021 2962 1359 3034 παρακαλεῖν
1414 2963 1884 3036 κατορθωμάτωνς
1922 2965 2020 3035 μέ-

2129 487 2444 542 techumenis
2471 505 2572 542 non
2601 489 2775 549 detur,
2792 488 2897 541 nisi
2920 486 3134 540 solitum
3157 486 3260 540 sal.
3286 486 3426 552 Quia
3451 488 3496 540 si
3529 488 3705 556 ﬁdeles

2126 594 2216 647 per
2242 577 2362 633 illos
2401 579 2513 632 dies
2559 586 2891 632 sacramenta
2941 593 3042 630 non
3075 585 3307 639 mutant,
3345 591 3436 628 nec
3466 575 3709 629 catechu-

2127 671 2290 725 menis
2320 681 2522 741 oportet
2551 680 2778 726 mutare.
2825 668 2961 726 Cum
3007 669 3086 726 sal
3141 668 3545 723 catcchumenis
3573 684 3708 738 pne-

2127 760 2240 816 beri
2295 771 2615 817 consuetum
2675 770 2843 826 esset,
2893 759 3268 831 appetentibus
3310 757 3592 814 Pasehatis
3629 757 3708 812 fe-

2126 854 2224 910 riis
2249 854 2742 910 extraordinarium
2784 852 3044 924 quiddam
3087 867 3410 907 concessum
3456 850 3563 905 illis
3605 858 3704 906 est.

2125 943 2244 1001 Non
2293 946 2484 1017 utique
2522 943 2902 1008 Eucharistia;
2948 958 3049 997 nec
3095 943 3241 996 enim
3291 949 3504 995 tantum
3561 939 3709 995 insa-

2125 1037 2294 1094 niisse
2319 1053 2650 1109 quemquam
2677 1035 2935 1093 arbitror.
2978 1033 3164 1105 Neque
3205 1049 3333 1089 vero
3383 1048 3482 1104 per
3520 1048 3708 1087 sacra-

2125 1141 2366 1188 mentum
2399 1132 2628 1202 intelligi
2650 1140 2780 1202 puto
2809 1131 3139 1202 symbolum,
3175 1129 3266 1184 sed
3308 1143 3500 1197 panem
3529 1127 3706 1196 ipsum

2123 1237 2190 1278 ac
2228 1223 2437 1288 vinum,
2470 1237 2536 1276 ex
2571 1236 2682 1291 quo
2731 1220 3074 1276 Eucharistia
3125 1225 3441 1274 consecrata
3489 1216 3704 1272 fuerat:

2124 1330 2252 1370 nam
2285 1314 2527 1384 reliquiae
2551 1314 2706 1383 panis
2749 1322 2802 1368 et
2847 1311 2981 1376 vini,
3015 1326 3137 1381 quze
3173 1326 3203 1364 a
3231 1309 3482 1364 ﬁdelibus
3507 1307 3575 1362 ad
3615 1322 3706 1362 sa-

2125 1407 2388 1462 criﬁcium
2423 1405 2805 1462 celebrandum
2833 1405 3011 1459 oblata
3051 1403 3281 1464 fuerant,
3313 1414 3704 1470 nonnunquam

2125 1498 2180 1553 in
2237 1498 2658 1553 catechumenos
2709 1495 3190 1552 distribuebantur.
3261 1491 3418 1559 Quod
3475 1489 3706 1560 amplius

2125 1589 2379 1660 usurpari
2406 1597 2550 1644 vetat
2576 1587 2913 1659 TheOphilus
2958 1585 3110 1640 Alex.
3160 1601 3281 1641 can.
3311 1584 3344 1638 8
3376 1602 3389 1639 :
3434 1584 3514 1637 Τὰ
3541 1599 3708 1654 προσ-

2126 1681 2400 1754 φερόμενα
2432 1681 2513 1743 είς
2549 1679 2704 1749 λόγον
2738 1678 2926 1743 θυσίας
2957 1677 3096 1748 μετὰ
3131 1677 3240 1730 τῶν
3272 1675 3707 1747 ἀναλισκομένων

2124 1776 2202 1838 εἰς
2232 1773 2330 1844 τὴν
2356 1773 2464 1826 τῶν
2497 1771 2808 1844 μυστηρίων
2831 1770 3018 1845 χρείαν
3049 1770 3096 1823 οἰ
3136 1769 3385 1839 κληρικοὶ
3428 1768 3710 1837 διανειμά-

2126 1866 2360 1931 σθωσαν,
2403 1865 2498 1919 καὶ
2549 1865 2688 1936 μήτε
2729 1861 3134 1934 κατηχούμενος
3177 1863 3240 1914 ὲκ
3295 1859 3498 1913 τούτων
3535 1857 3710 1912 ἐσθιε-

2123 1974 2200 2010 τω
2275 1955 2308 2026 ἢ
2365 1955 2567 2009 πινέτω
2608 1971 2623 1988 ο
2675 1952 2812 2009 ἀλλὰ
2871 1952 3070 2022 μᾶλλον
3111 1952 3161 2005 οἱ
3218 1948 3470 2020 κληρικοὶ
3514 1948 3610 2001 καὶ
3656 1947 3706 2001 οἱ

2126 2046 2223 2100 σὺν
2245 2047 2426 2111 αὐτοῖς
2453 2045 2632 2100 πιστοὶ
2657 2044 2892 2113 ἀδελφοί.
2931 2043 3009 2098 Ad
3057 2056 3219 2112 quem
3270 2055 3533 2096 canonem
3579 2039 3706 2094 Bal-

2124 2155 2275 2194 samo
2301 2138 2517 2195 scribit:
2551 2135 2864 2193 Oblationes
2890 2136 3008 2191 illas
3034 2149 3226 2205 panem
3249 2142 3302 2190 et
3328 2133 3510 2187 vinum
3541 2147 3664 2187 esse
3687 2150 3702 2186 :

2126 2247 2191 2288 ex
2227 2231 2427 2301 quibus
2462 2238 2642 2300 partes
2669 2229 2772 2284 illa:
2817 2237 3048 2298 sumptae
3097 2237 3224 2282 sunt
3245 2225 3493 2298 (μερίδας
3525 2233 3705 2291 vocat,

2127 2322 2204 2377 uti
2227 2320 2396 2377 Graeci
2417 2319 2588 2376 ferme
2611 2315 3033 2388 consueverunt)
3053 2332 3175 2386 qua:
3203 2332 3235 2371 a
3261 2314 3546 2371 sacerdote
3566 2329 3705 2371 con-

2126 2422 2429 2470 secrantur.
2455 2410 2534 2466 Ex
2559 2426 2670 2482 quo
2699 2411 2777 2476 ﬁt,
2799 2419 2857 2466 ut
2881 2410 3122 2480 reliquias
3149 2409 3276 2478 ipsae
3297 2409 3708 2478 quodammodo

2124 2505 2475 2562 sanctiﬁcata;
2490 2504 2618 2569 sint,
2647 2517 2748 2558 nec
2769 2503 2822 2556 in
2841 2499 3100 2572 profanos
3118 2499 3439 2554 dividendae.
3457 2496 3710 2554 Hasreli-

2119 2596 2278 2668 quias
2290 2594 2732 2665 Carthaginensis
2751 2593 2994 2664 synodus
3007 2599 3346 2647 sacramenta
3363 2600 3540 2656 vocat,
3559 2591 3711 2661 quod

2121 2705 2187 2745 ex
2220 2688 2324 2744 illis
2352 2695 2694 2744 sacramenta
2722 2685 2928 2749 ﬁerent,
2954 2685 3032 2739 uti
3065 2699 3164 2738 nos
3198 2684 3398 2738 hostias
3423 2683 3587 2754 vulgo
3607 2683 3710 2747 τὰς

2124 2781 2369 2854 μερίδας,
2405 2779 2520 2836 sive
2555 2779 2848 2848 particulas
2889 2777 3050 2832 etiam
3082 2786 3208 2832 ante
3239 2775 3711 2832 consecrationem

2121 2873 2477 2945 appellamus.
2522 2870 2847 2941 Quanquam
2886 2878 2941 2924 et
2979 2877 3320 2923 sacramenta
3376 2867 3490 2923 scio
3540 2867 3710 2922 etiam

2121 2966 2371 3022 absolute
2412 2978 2510 3035 pro
2546 2962 2879 3034 quibuslibet
2922 2960 3166 3032 mysticis
3213 2959 3384 3030 signis
3425 2958 3710 3028 usurpari,

430 3069 630 3122 μνησαι
665 3052 858 3124 πρώην
883 3096 899 3120 ,
940 3054 1030 3108 ὅτε
1060 3053 1161 3124 τῆς
1209 3055 1404 3126 ἑορτῆς
1434 3055 1638 3126 ταύτης
1680 3057 2015 3112 καταλαϐού-

2121 3061 2364 3130 adeoque
2389 3071 2489 3128 pro
2520 3056 2634 3112 sale
2668 3072 2733 3113 ac
2771 3055 2982 3110 caeteris
3009 3069 3131 3124 qua:
3168 3052 3578 3109 catcchumenis
3605 3053 3709 3107 da-

399 3160 529 3214 cng
569 3143 856 3214 ἐπιστολὴν
912 3143 1162 3216 ἔπεμψας
1215 3146 1490 3217 πανταχοῦ
1529 3147 1630 3217 τῆς
1685 3149 2007 3220 οἰκουμένης

427 3231 752 3287 κελεύουσαν
781 3235 907 3298 τοὺς
947 3233 1006 3287 τὸ
1054 3235 1427 3307 δεσμωτήριον
1467 3237 1747 3302 οἰκοῦντας
1773 3241 2007 3308 ἀφεῖναι,

425 3323 521 3375 καὶ
559 3327 863 3395 συγχωρεῖν
907 3326 1090 3388 αὐτοῖς
1138 3326 1208 3380 τὰ
1253 3328 1606 3399 ἐγκλήματα·
1661 3331 1753 3383 καὶ
1797 3330 1871 3396 ὡς
1909 3331 2010 3386 οὐκ

425 3412 741 3482 ἀρκούντων
791 3414 1016 3468 ἐκείνων
1065 3416 1237 3483 δεῖξαί
1292 3435 1385 3472 σου
1429 3419 1527 3491 τὴν
1575 3420 2007 3493 φιλανθρωπίαν,

425 3504 476 3556 53'-
489 3521 610 3570 εγες
638 3503 726 3557 διὰ
754 3503 863 3556 τῶν
891 3505 1252 3576 γραμμάτων,
1283 3507 1365 3560 ὅτι
1395 3508 1518 3562 Εἴθε
1562 3526 1651 3580 μοι
1677 3509 1899 3564 δυνατὸν
1943 3505 2010 3582 ἦν

427 3596 519 3647 καὶ
562 3595 689 3660 τοὺς
741 3596 1071 3661 ἀπελθόντας
1115 3597 1362 3663 καλέσαι,
1417 3600 1511 3654 καὶ
1559 3603 1886 3672 ἀναστῆσαι,
1915 3603 2010 3656 καὶ

428 3686 562 3758 πρὸς
584 3687 682 3758 τὴν
711 3688 982 3760 προτέραν
1014 3690 1310 3758 ἀναγαγεῖν
1337 3691 1500 3763 ζωήν.
1535 3693 1848 3764 Quanquam
1881 3695 2008 3765 quid

425 3781 613 3832 attinet
668 3779 1097 3848 Constantinum,
1131 3789 1224 3835 aut
1275 3783 1506 3836 aliorum
1549 3785 1788 3854 exempla
1819 3802 2011 3840 memo-

425 3885 564 3935 rare,
605 3887 723 3924 cum
759 3881 808 3924 te
835 3871 1137 3926 domesticis
1167 3873 1268 3926 tuis
1294 3873 1446 3928 rebus
1491 3891 1558 3928 ac
1597 3875 1755 3945 factis
1787 3878 2009 3934 incitare

424 3964 710 4030 oporteat?
740 3961 1031 4018 Meministi
1082 3979 1247 4033 nuper
1294 3981 1432 4030 cum,
1477 3967 1654 4020 eodem
1706 3967 1800 4021 illo
1851 3986 2011 4039 appe—

425 4061 562 4105 tente
595 4053 748 4122 festo,
781 4053 988 4108 litteras
1025 4062 1133 4109 toto
1170 4065 1433 4110 terrarum
1471 4059 1592 4112 orbe
1631 4062 1853 4128 misisti,
1887 4064 2008 4133 qui-

425 4141 518 4194 bus
549 4159 634 4196 eos
666 4159 863 4209 omnes,
893 4145 984 4214 qui
1031 4145 1088 4198 in
1135 4161 1343 4202 carcere
1373 4161 1543 4215 erant,
1577 4151 1797 4220 dimitti,
1835 4155 2009 4223 eisque

424 4233 716 4287 condonari
754 4235 980 4290 crimina
1017 4236 1254 4306 jussisti.
1286 4239 1419 4294 Tum
1462 4243 1675 4310 perinde
1706 4261 1766 4298 ac
1799 4246 1844 4300 si
1879 4263 2010 4300 non-

423 4323 551 4375 dum
579 4324 688 4379 hinc
722 4327 1069 4396 testiﬁcanda
1101 4330 1423 4387 humanitati
1454 4344 1558 4388 tua:
1607 4335 1918 4406 suﬂicerent,
1953 4339 2006 4392 in

2112 3152 2329 3207 bantur.
2359 3147 2497 3216 Aug.
2527 3144 2620 3199 lib.
2653 3158 2691 3198 ιι
2727 3145 2802 3198 De
2835 3154 3032 3215 peccat.
3059 3145 3284 3210 meritis,
3313 3158 3434 3214 cap.
3475 3141 3545 3198 26
3577 3161 3592 3198 :
3633 3141 3707 3198 Et

2109 3239 2247 3311 quod
2287 3238 2576 3307 accipiunt,
2627 3237 2867 3306 quamvis
2899 3253 3003 3291 non
3033 3236 3105 3290 sit
3136 3252 3326 3306 corpus
3377 3236 3582 3291 Christi
3615 3236 3710 3302 (de

2110 3329 2516 3388 catcchumenis
2546 3327 2807 3400 loquitur)
2842 3339 3087 3384 sanctum
3123 3338 3200 3384 est
3244 3340 3441 3395 tamen,
3489 3339 3538 3382 et
3575 3345 3709 3383 san-

2111 3426 2247 3478 ctius
2275 3438 2432 3493 quam
2461 3423 2564 3476 cibi
2593 3421 2781 3493 quibus
2831 3421 3051 3486 alimur,
3091 3421 3343 3492 quoniam
3391 3436 3706 3474 sacramen-

2112 3524 2225 3569 tum
2251 3523 2348 3568 est.
2382 3512 2516 3580 Quae
2546 3513 2837 3584 Augustini
2865 3513 3032 3568 verba
3070 3521 3257 3567 utrum
3290 3511 3357 3567 ad
3391 3527 3588 3582 panem
3623 3512 3710 3566 vi-

2112 3620 2373 3674 numque,
2423 3619 2489 3658 ex
2542 3617 2653 3674 quo
2704 3603 3048 3658 Eucharistia
3097 3602 3344 3658 confecta
3397 3602 3512 3673 jam
3561 3611 3707 3669 erat,

2111 3695 2302 3752 referri
2340 3697 2594 3764 debeant,
2633 3696 2982 3766 cogitandum
3019 3696 3254 3765 amplius
3292 3703 3393 3751 est.
3432 3694 3573 3750 Cum
3604 3695 3708 3764 igi-

2113 3797 2201 3844 tur
2229 3788 2416 3844 ﬁdeles
2449 3789 2638 3844 eadem
2671 3789 2865 3846 diebus
2909 3789 3163 3845 omnibus
3196 3797 3561 3853 sacramenta,
3599 3788 3708 3843 hoc

2111 3891 2194 3937 est
2226 3881 2648 3947 Eucharistiam,
2691 3897 2814 3954 quae
2861 3881 3100 3938 ﬁdelium
3151 3883 3368 3952 propria
3403 3892 3506 3949 est,
3543 3898 3706 3939 usur-

2111 3982 2278 4043 pent,
2343 3989 2454 4029 non
2503 3973 2722 4042 debent,
2771 3974 2928 4029 aiunt
2976 3973 3440 4045 Carthaginenses
3488 3975 3704 4047 Patres,

2111 4065 2489 4120 catechumeni
2529 4065 2747 4135 propria
2796 4064 3004 4121 ordinis
3047 4066 3131 4120 sui
3184 4081 3249 4120 ac
3300 4076 3472 4122 status
3519 4083 3707 4124 sacra-

2111 4163 2294 4210 menta
2334 4165 2585 4221 mutare,
2644 4171 2821 4226 neque
2871 4157 3075 4228 aliquid
3121 4169 3316 4228 praeter
3338 4160 3507 4215 salem
3557 4162 3705 4216 acci-

2110 4261 2259 4316 pere.

2187 4339 2264 4394 Τὰ
2294 4338 2362 4392 δὲ
2388 4339 2549 4394 ἄλλα
2597 4340 2920 4410 μυστήρια.
2965 4340 3139 4397 Caute
3182 4358 3247 4398 ac
3304 4344 3705 4416 circumspecte

425 4413 534 4466 haec
567 4415 720 4468 verba
743 4418 1027 4486 scripseras
1057 4437 1075 4474 :
1108 4418 1323 4477 Utinam
1352 4440 1443 4493 ego
1485 4434 1718 4479 mortuos
1761 4427 1828 4480 ad
1852 4430 2016 4483 vitam
2047 4429 2095 4489 D
2120 4431 2187 4486 de
2211 4431 2569 4486 sacramentis
2594 4439 2648 4487 et
2679 4432 3030 4487 interioribus
3054 4434 3328 4503 mysteriis
3359 4413 3700 4492 mentionem

425 4519 665 4559 revocare
687 4516 842 4576 atque
867 4512 1098 4566 excitare
1123 4528 1323 4582 possem
1345 4514 1364 4567 !
1387 4515 1542 4581 Quod
1565 4526 1649 4572 est
1675 4517 2008 4588 ipsissimum

424 4595 774 4666 benignitatis
805 4601 1219 4675 clementiaeque
1271 4607 1570 4676 specimen,
1602 4611 1746 4679 quod
1787 4609 2010 4667 Themi-

423 4683 562 4738 stius
617 4683 668 4738 in
732 4684 823 4740 illa
876 4689 1123 4746 oratione
1189 4693 1450 4762 pra-dicat
1487 4737 1502 4761 ,
1560 4696 1837 4768 aliquanto
1889 4711 2016 4758 ante

420 4774 822 4833 Antiochenum
853 4779 984 4835 illud
1026 4781 1259 4847 editum,
1291 4800 1416 4839 cum
1462 4787 1642 4843 adhuc
1676 4789 1896 4847 Placilla
1937 4794 2016 4848 vi-

420 4877 591 4929 veret,
624 4875 684 4922 ut
716 4883 782 4923 ex
825 4869 1078 4928 oratione
1116 4872 1234 4942 ipsa
1283 4885 1515 4932 constat.
1553 4877 1671 4934 Non
1716 4884 1866 4952 potui
1903 4893 2013 4941 tam

375 5032 383 5040 l
419 4957 691 5021 illustrem
726 4961 1034 5032 historiam,
1062 4972 1284 5036 tamque
1329 4966 1657 5027 luculentam
1689 4974 1758 5029 ad
1793 4975 2016 5033 Themi-

369 5049 390 5122 -ξ
420 5049 588 5104 stium
641 5059 892 5108 nostrum
929 5055 1300 5112 accessionem
1341 5059 1538 5116 tacitus
1581 5068 2011 5132 praetermittere.

418 5140 865 5200 Commodiorem
897 5156 1100 5214 autem,
1129 5147 1220 5202 ubi
1264 5149 1406 5205 hanc
1458 5151 1776 5225 intexerem,
1808 5159 2011 5230 locum,

417 5247 582 5300 quam
639 5232 784 5290 hunc
829 5234 1030 5306 ipsum,
1082 5237 1247 5295 habui
1305 5241 1536 5299 nullum.
1577 5245 1727 5302 Alter
1758 5266 1865 5304 non
1902 5262 2010 5308 tam

417 5324 556 5380 ritus
586 5340 750 5394 quam
780 5325 984 5383 rituum
1021 5345 1085 5386 ac
1119 5329 1430 5402 disciplinae
1455 5340 1762 5407 corruptela
1791 5340 1914 5407 fuit,
1952 5354 2012 5398 ut

415 5417 609 5472 iisdem
640 5417 832 5475 diebus
859 5424 1270 5480 catcchumenis
1299 5428 1737 5486 extraordinaria
1762 5435 2009 5501 quaedam

415 5519 755 5564 sacramenta
785 5514 1249 5580 permitterentur.
1285 5515 1416 5582 Qua:
1447 5521 1755 5589 cujusmodi
1783 5523 2006 5591 fuerint,

418 5598 654 5651 nondum
690 5602 876 5671 liquet.
906 5604 962 5658 ln
1019 5605 1274 5678 Carthag.
1310 5611 1528 5679 quidem
1581 5629 1735 5671 conc.
1769 5632 1847 5682 Ill,
1880 5631 2007 5673 can.

420 5682 474 5749 5,
505 5699 624 5737 mos
673 5689 758 5742 ille
796 5692 1090 5761 abrogatur
1123 5697 1207 5752 his
1247 5700 1425 5754 verbis
1463 5720 1476 5756 :
1511 5702 1646 5758 Item
1685 5707 1910 5777 placuit,
1949 5722 2007 5765 ut

2118 4523 2377 4593 aspergit.
2415 4521 2491 4576 lta
2520 4523 2833 4592 complures
2864 4533 3107 4578 veterum
3133 4540 3257 4579 cum
3285 4526 3351 4580 de
3379 4541 3700 4582 sacramen-

2118 4616 2188 4670 tis
2230 4630 2532 4684 eorumque
2583 4615 2776 4670 formis
2814 4615 3110 4682 disserunt,
3138 4618 3389 4672 consulto
3424 4634 3540 4672 rem
3569 4620 3702 4674 obs-

2116 4718 2330 4772 curant,
2384 4723 2562 4779 neque
2618 4709 2775 4779 plena
2855 4718 3152 4780 apertaque
3202 4724 3334 4766 voce
3390 4710 3698 4767 declarant.

2114 4799 2320 4867 Pauca,
2353 4816 2474 4871 qua:
2506 4802 2572 4856 ad
2605 4817 2828 4858 manum
2855 4803 3018 4858 modo
3044 4811 3193 4869 sunt,
3224 4803 3473 4873 exempla
3496 4805 3701 4874 produ-

2114 4903 2252 4944 cam.
2274 4888 2503 4960 August.
2522 4889 2679 4960 epist.
2698 4889 2766 4944 57
2786 4889 2856 4944 ad
2883 4889 3196 4946 Dardanum
3229 4905 3248 4944 :
3275 4891 3432 4946 Nosti
3449 4903 3626 4947 autem
3643 4895 3702 4949 in

2113 4996 2215 5050 quo
2241 4981 2507 5052 sacri/icio
2538 4982 2792 5036 dicatur:
2826 4982 3044 5038 Gratias
3073 4999 3295 5054 agamus
3330 4983 3552 5040 Domino
3589 4988 3702 5040 Deo

2115 5081 2314 5128 nostro.
2345 5074 2696 5131 Innocentius
2713 5075 2924 5145 primus
2955 5075 3117 5146 epist.
3153 5078 3178 5131 i
3212 5079 3280 5131 ad
3304 5077 3612 5134 Decentium
3629 5081 3704 5137 de

2114 5174 2462 5221 sacramento
2503 5168 2932 5225 conﬁrmationis
2962 5187 2976 5224 :
3021 5169 3188 5225 Verba
3222 5189 3339 5225 vero
3375 5172 3549 5227 dicere
3593 5191 3701 5229 non

2111 5273 2344 5325 possum,
2382 5274 2443 5311 ne
2471 5259 2636 5328 magis
2656 5261 2874 5329 prodere
2900 5262 3101 5327 uidear,
3138 5279 3298 5332 quam
3321 5265 3392 5316 ad
3420 5264 3705 5318 consulta-

2111 5349 2303 5404 tionem
2342 5351 2665 5420 respondere.
2691 5346 2781 5408 Sic
2807 5351 3142 5423 Epiphanius
3171 5355 3463 5426 aliquoties
3491 5355 3558 5412 de
3583 5355 3706 5410 Eu—

2111 5439 2370 5496 charistia
2409 5441 2595 5496 timide
2649 5442 2994 5514 obscureque
3029 5444 3250 5501 locutus
3281 5453 3385 5501 est.

2195 5529 2327 5583 Ἐπὶ
2357 5529 2424 5583 δὲ
2444 5531 2563 5585 τῶν
2590 5535 3103 5603 τελευτησάντων.
3149 5536 3222 5592 De
3252 5537 3596 5593 orationibus
3638 5547 3708 5594 el.

2109 5620 2418 5686 sacriﬁciis,
2453 5639 2574 5693 quae
2616 5641 2716 5695 pro
2749 5629 2981 5684 mortuis
3015 5631 3083 5685 ab
3120 5629 3357 5687 Ecclesia
3401 5632 3704 5687 celebran-

2113 5721 2222 5777 tur,
2247 5712 2476 5784 insignis
2493 5732 2556 5772 ac
2581 5720 2949 5777 memorabilis
2974 5722 3057 5779 hic
3080 5723 3231 5780 locus
3250 5736 3351 5780 cst.
3383 5724 3489 5782 Sed
3514 5726 3706 5783 multo
