3994 6222
361 362 495 423 illi!

1060 405 1068 409 -
1133 359 1224 418 DE
1263 357 1656 419 VETERlBUS
1694 310 2102 428 QUlIlUSDAM
2138 358 2499 418 ECCLESIAS
2543 361 2841 421 RlTlBUS.

3490 366 3626 426 “02

356 497 637 556 copiosius
667 493 828 554 atque
882 482 1198 552 expressius
1247 483 1301 536 in
1348 481 1708 535 Aerianorum
1743 479 1938 535 hzeresl
1969 485 2015 540 Α
2043 477 2296 534 Balsamo
2330 479 2398 534 ad
2422 491 2548 534 can.
2574 481 2608 534 4
2630 480 2819 550 Apost.
2841 479 3056 534 Citatur
3077 490 3130 535 et
3151 479 3437 552 Epipltantt
3471 495 3626 541 locus

360 579 527 631 ritum
565 577 716 631 illum
751 575 1011 631 Ecclesia:
1050 583 1369 645 pertractat,
1407 590 1530 644 qua:
1555 583 1640 630 est
1685 576 1815 629 liter.
1848 573 1937 640 75,

361 683 516 723 num.
556 667 606 722 7.
639 666 774 721 Nam
817 667 1012 722 Acrius
1045 667 1261 732 eodem,
1287 682 1398 736 quo
1457 666 1698 722 btet'etici
1743 666 1938 732 nostri,

359 757 548 814 furore
596 759 943 829 amentiaque
989 759 1231 830 percitus
1277 768 1620 814 mortuorum
1662 759 1728 813 ad
1772 757 1942 813 altare

357 851 940 906 commemorationem
1013 851 1273 920 fusasque
1326 865 1426 920 pro
1480 850 1587 904 illis
1628 866 1818 920 preces
1886 861 1942 904 et

359 943 629 999 sacriﬁcia
660 943 942 999 deridebat
970 961 984 997 :
1019 953 1208 999 contra
1235 958 1398 1013 quem
1425 943 1762 1013 Epiphanius
1789 948 1943 998 lucu-

358 1035 666 1090 lentissime
691 1036 951 1106 disputat.
997 1036 1209 1105 Ὠφελεῖ
1241 1036 1322 1102 δὲ,
1356 1037 1553 1105 inquit,
1594 1036 1686 1090 καὶ
1729 1037 1762 1106 ὴ
1799 1035 1939 1107 ὑπὲρ

355 1129 537 1183 αὐτῶν
582 1129 861 1200 γινομένη,
891 1129 938 1181 εἰ
982 1124 1077 1181 καὶ
1118 1127 1186 1181 τὰ
1221 1127 1318 1181 ὅλα
1359 1125 1467 1179 τῶν
1495 1127 1829 1197 αἰτιαμάτων
1865 1126 1939 1197 μὴ

358 1219 682 1273 ἀποκόπτοι.
717 1217 849 1284 Quae
880 1233 974 1288 pro
1006 1219 1229 1272 mortuis
1251 1219 1620 1286 concipiuntur
1649 1231 1844 1286 preces,
1872 1218 1938 1272 iis

359 1315 517 1369 utiles
566 1323 710 1379 sunt,
761 1315 972 1368 tametsi
1005 1328 1111 1367 non
1141 1328 1319 1366 omnes
1351 1309 1537 1380 culpas
1576 1310 1935 1378 exstinguant.

358 1407 516 1475 Quod
554 1407 806 1479 pluribus
831 1407 1152 1476 exsequitur
1177 1404 1408 1475 August.
1442 1404 1537 1457 lib.
1573 1402 1648 1456 De
1675 1419 1805 1456 cura
1843 1417 1939 1470 pro

359 1508 520 1552 mort.
553 1499 764 1569 agend.,
798 1513 920 1567 cap.
952 1499 1002 1563 l,
1039 1497 1131 1552 ubi
1179 1511 1428 1568 quaenam
1463 1503 1808 1565 peccatorum
1848 1508 1942 1562 ge-

359 1606 493 1646 nera
527 1591 581 1645 in
611 1591 840 1646 mortuis
875 1589 1128 1660 precibus
1177 1589 1285 1644 illis
1321 1595 1375 1643 et
1418 1586 1704 1643 sacriﬁciis
1731 1585 1938 1655 expiari

357 1684 592 1752 possint,
647 1683 918 1738 edisserit.
951 1682 1017 1736 Et
1063 1682 1224 1752 paulo
1273 1689 1445 1736 ante:
1494 1679 1562 1733 In
1607 1678 1938 1732 Maenaliam-

355 1791 498 1837 rum,
531 1775 729 1845 inquit,
762 1775 912 1830 libris
939 1776 1172 1844 legimus
1210 1775 1442 1829 oblatum
1473 1789 1566 1843 pro
1595 1777 1817 1825 mortuis
1850 1787 1940 1825 sa-

2043 586 2109 625 ex
2157 586 2320 640 opere
2368 573 2604 642 quodam
2658 576 2714 625 in
2762 570 3048 626 Proverbia
3097 574 3236 643 apud
3274 575 3623 631 Anastasium

2043 663 2547 735 Nicennm,qua:st.
2582 664 2652 718 ΞΟ
2686 666 2743 719 in
2777 665 3133 736 Scripturam,
3179 667 3234 721 in
3281 682 3391 736 quo
3436 683 3624 738 preces

2041 771 2141 828 pro
2166 759 2397 814 mortuis
2423 761 2896 815 commendantur.
2941 758 3042 824 Qui
3074 760 3228 818 locus
3257 763 3479 817 totidem
3511 762 3625 819 fere

2041 845 2223 906 verbis
2275 849 2510 921 sparsim
2582 852 2685 907 hoc
2736 867 2898 922 opere
2955 852 3286 908 continetur.
3342 853 3416 908 De
3471 870 3622 909 mor-

2040 952 2261 998 tuorum
2291 951 2551 1013 praeterea
2600 945 3120 999 commemoratione
3177 944 3232 998 in
3289 944 3624 1000 salutaribus

2042 1029 2218 1085 sacris
2271 1029 2522 1085 meminit
2564 1032 2858 1086 concilium
2905 1031 3144 1089 Vasense
3189 1049 3311 1088 can.
3341 1033 3377 1086 2
3409 1045 3459 1089 et
3491 1033 3625 1089 Car-

2042 1121 2188 1190 thag.
2227 1137 2308 1186 ιιι,
2363 1136 2488 1178 can.
2529 1122 2620 1189 29,
2654 1135 2706 1178 et
2750 1140 2828 1191 tv,
2856 1140 2978 1179 can.
3016 1125 3104 1192 79,
3138 1133 3196 1180 ut
3252 1127 3355 1180 alia
3410 1127 3624 1182 inﬁnita

2041 1213 2473 1282 praetermittam,
2504 1215 2849 1287 maximeque
2877 1215 3196 1272 Graecorum
3217 1233 3282 1273 ac
3298 1216 3619 1274 Latinorum

2041 1304 2457 1373 antiquissimas
2508 1306 2774 1377 litm-gias.
2830 1307 3325 1366 Luculentissimus
3367 1325 3497 1364 vero
3539 1318 3624 1366 est

2041 1394 2179 1448 alter
2210 1394 2297 1450 ille
2341 1394 2630 1466 Epiphanii
2662 1397 2816 1453 locus
2848 1398 2981 1452 hair.
3009 1397 3099 1462 75',
3146 1415 3296 1455 num.
3333 1399 3386 1464 7,
3424 1400 3478 1454 in
3512 1415 3622 1471 quo

2042 1494 2383 1542 mortuorum
2432 1489 2665 1558 duplicis
2699 1490 2913 1560 generis
2942 1493 3514 1547 commemorationem
3567 1494 3623 1548 in

2043 1579 2316 1636 sacriﬁcio
2385 1581 2500 1636 ﬁeri
2560 1584 2770 1649 docet,
2815 1584 3085 1655 justorum
3133 1594 3189 1641 et
3253 1593 3624 1655 peccatorum.

2043 1671 2247 1726 llorum
2279 1673 2522 1742 quidem,
2546 1674 2623 1728 uti
2656 1675 2894 1730 divinam
2922 1692 3022 1746 pro
3056 1676 3164 1732 illis
3189 1677 3622 1733 misericordiam

2042 1762 2429 1832 imploremus;
2458 1765 2733 1834 justorum
2761 1776 2940 1821 autem
2969 1781 3032 1822 ac
3057 1777 3396 1833 sanctorum,
3420 1777 3478 1822 ut
3509 1769 3626 1823 sin-

353 1867 639 1935 criﬁcium.
672 1868 778 1922 Sed
818 1868 918 1922 etsi
963 1882 1223 1938 nusquam
1267 1870 1321 1921 in
1359 1867 1652 1935 Scripturis
1684 1863 1940 1918 veteribus
1972 1855 2014 1910 Β
2043 1855 2230 1924 gulare
2265 1855 2466 1922 Christi
2513 1855 2724 1911 Domini
2759 1858 3101 1928 privilegium
3139 1873 3489 1932 agnoscatur,
3526 1863 3623 1934 qui

353 1959 571 2012 omnino
603 1958 876 2029 legeretur,
911 1976 1016 2014 non
1043 1975 1206 2028 parua
1252 1968 1330 2013 est
1374 1959 1630 2012 universa:
1662 1955 1940 2022 Ecclesiaz,

352 2064 476 2119 qua:
525 2049 578 2102 in
604 2048 702 2102 hac
747 2049 1127 2104 consuetudine
1171 2047 1357 2116 claret,
1393 2049 1721 2110 auctoritas;
1766 2047 1856 2100 ubi
1889 2048 1942 2099 in

365 2137 606 2206 precibus
638 2139 951 2205 sacerdotis,
982 2154 1102 2209 qua:
1133 2137 1360 2191 Domino
1394 2135 1502 2191 Deo
1527 2137 1596 2190 ad
1620 2136 1738 2205 ejus
1773 2135 1943 2189 altam

355 2226 677 2300 funduntur,
726 2229 902 2285 locum
944 2245 1097 2286 suum
1147 2231 1298 2284 habet
1344 2231 1508 2285 etiam
1556 2227 1941 2283 commendatio

356 2333 708 2376 mortuorum.
731 2319 796 2377 Et
812 2337 932 2393 cap.
958 2324 1059 2379 ult.
1089 2339 1102 2378 :
1139 2324 1269 2389 Quae
1296 2337 1415 2377 cum
1444 2323 1524 2376 ita
1551 2321 1681 2387 sint,
1699 2336 1800 2374 non
1827 2321 1942 2375 exi-

354 2413 629 2466 stimemsts
680 2413 754 2466 ad
803 2422 1062 2481 mortuos,
1089 2429 1184 2484 pro
1232 2413 1418 2484 quibus
1461 2427 1646 2466 curam
1687 2412 1938 2482 gerimus,

354 2504 641 2573 pervenire,
671 2505 777 2559 nisi
819 2507 957 2575 quod
985 2522 1079 2575 pro
1102 2505 1182 2560 eis
1220 2507 1329 2560 sive
1361 2503 1574 2570 altaris,
1606 2505 1712 2559 sive
1740 2505 1940 2558 oratio-

355 2611 504 2661 num,
527 2596 636 2649 sive
663 2594 1113 2667 eleemosynarum
1157 2597 1438 2666 sacriﬁciis
1485 2597 1784 2651 solemniter
1822 2608 1943 2665 sup-

354 2686 652 2756 plicamus;
680 2688 918 2758 quamvis
942 2704 1044 2743 non
1071 2704 1165 2759 pro
1187 2689 1378 2760 quibus
1407 2688 1542 2758 [iant
1567 2688 1808 2743 omnibus
1826 2705 1941 2758 pro-

353 2781 482 2844 sint,
508 2780 597 2834 sed
629 2781 697 2834 iis
733 2789 964 2848 tantum,
990 2781 1182 2850 quibus
1207 2783 1332 2834 dum
1359 2782 1558 2844 vivunt,
1598 2790 1940 2850 comparatur

354 2879 415 2925 ut
441 2872 666 2941 prosint.
697 2870 1165 2943 Frequentissima
1193 2881 1275 2929 est
1304 2882 1359 2928 et
1395 2872 1544 2928 illius
1577 2873 1938 2928 consuetudi-

354 2962 444 3016 nis
479 2963 621 3032 apud
653 2961 987 3034 Cyprianum
1033 2964 1261 3020 mentio.
1294 2962 1362 3018 Ut
1395 2964 1617 3033 inepist.
1641 2963 1728 3028 66,
1755 2963 1808 3017 in
1829 2979 1936 3034 qua

355 3050 633 3107 decretum
656 3051 733 3106 ait
753 3051 806 3105 in
831 3051 1097 3118 concilio,
1126 3062 1182 3105 ut
1212 3052 1258 3106 si
1284 3052 1400 3120 quis
1432 3055 1658 3104 moriens
1690 3049 1938 3103 clericum

355 3151 583 3197 tutorem
617 3142 935 3214 reliquisset,
959 3159 1064 3196 non
1117 3143 1395 3212 o/ferretur
1422 3159 1516 3213 pro
1546 3159 1626 3210 eo,
1661 3157 1750 3196 nec
1777 3143 1940 3196 sacri-

354 3235 533 3305 ﬁcium
583 3250 675 3305 pro
726 3224 1044 3289 dormitione
1097 3235 1212 3304 ejus
1263 3234 1636 3292 celebraretur.
1674 3233 1938 3304 Vetatque

355 3341 486 3381 mox
517 3325 955 3396 deprecationem
1001 3340 1102 3396 pro
1149 3339 1214 3381 eo
1264 3325 1432 3380 ullam
1479 3325 1548 3380 ad
1597 3325 1768 3381 altare
1798 3326 1936 3380 lieri.

353 3416 579 3472 Tertull.
619 3415 695 3470 De
715 3431 825 3471 cor.
861 3416 999 3481 mil.,
1033 3431 1153 3488 cap.
1179 3417 1213 3471 3
1243 3435 1256 3470 :
1298 3415 1602 3472 Oblationes
1629 3432 1724 3486 pro
1748 3415 1939 3484 defun-

353 3507 473 3575 ctis,
508 3523 602 3576 pro
627 3507 888 3563 natalitiis
925 3525 1104 3562 annua
1143 3508 1229 3563 die
1263 3509 1513 3576 facimus,
1537 3517 1591 3563 et
1615 3508 1744 3563 alibi
1774 3523 1936 3578 smpe.

354 3597 622 3653 Eusebius
643 3597 732 3653 lib.
761 3615 812 3652 IV
842 3597 919 3654 De
940 3600 1049 3654 vita
1077 3598 1430 3664 Constantini,
1465 3615 1587 3654 cum
1616 3599 1682 3654 de
1708 3599 1826 3668 ejus
1855 3598 1941 3653 lu-

355 3703 484 3742 nere
530 3688 722 3743 scribit
751 3707 764 3743 :
799 3689 876 3744 Τά
930 3707 985 3742 τε
1022 3689 1121 3761 τῆς
1175 3690 1358 3744 ἐνθέου
1389 3689 1644 3762 λατρείας
1673 3689 1741 3742 δι’
1764 3688 1939 3760 εὐχῶν

353 3779 715 3852 ἀνεπλήρουν,
759 3781 1016 3852 λατρείαν
1063 3782 1298 3852 appellat
1338 3782 1526 3837 altaris
1582 3781 1934 3836 sacrificium.

355 3869 499 3935 Mox,
533 3871 630 3923 σὺν
657 3871 922 3941 κλαυθμῷ
944 3871 1001 3924 δὲ
1036 3872 1216 3926 πλέονι
1245 3874 1342 3937 τὰς
1369 3872 1533 3944 εὐχὰς
1556 3873 1696 3945 ὑπὲρ
1718 3876 1816 3946 τῆς
1841 3876 1938 3947 βα-

359 3962 553 4025 σιλέως
583 3963 762 4035 ψυχῆς
788 3965 1108 4019 ἀπεδίδοσαν
1139 3965 1216 4036 τῷ
1244 3965 1380 4036 Θεῷ.
1406 3967 1606 4022 Atlian.
1633 3967 1837 4034 Quazst.
1868 3969 1938 4023 ad

359 4055 699 4120 Antiochum,
731 4066 922 4126 quaest.
957 4056 1048 4122 54,
1083 4072 1207 4111 cum
1233 4059 1524 4127 quaesitum
1553 4069 1715 4125 esset,
1753 4069 1936 4116 utrum

359 4158 703 4203 mortuorum
737 4155 1088 4219 peccatorum
1118 4150 1316 4206 animae
1356 4151 1619 4206 beneﬁcia
1649 4153 1703 4207 in
1733 4169 1793 4209 se
1818 4153 1935 4209 col-

358 4239 465 4295 lata
498 4240 787 4306 sentirent,
840 4242 1131 4312 γινομένων
1154 4242 1297 4314 ὑπὲρ
1319 4243 1498 4300 αὐτῶν
1521 4244 1814 4310 συνάξεων,
1842 4247 1936 4299 καὶ

357 4332 636 4398 εὐποιιῶν,
692 4332 788 4386 καὶ
841 4333 1200 4405 προσφορῶν,
1261 4335 1548 4403 respondet
1599 4353 1612 4389 :
1664 4337 1775 4399 Τὰς
1826 4337 1936 4390 τῶν

357 4421 696 4492 ἁμαρτωλῶν
722 4420 900 4492 ψυχὰς
931 4423 1178 4492 μετέχειν
1209 4423 1524 4493 εὐεργεσίας
1551 4425 1694 4488 τινὸς
1734 4427 1798 4479 ὲκ
1835 4426 1936 4497 τῆς

2045 1944 2114 1999 ab
2143 1945 2483 2015 reliquorum
2512 1949 2822 2004 mortalium
2852 1952 3166 2008 conditione
3191 1965 3526 2025 segregatur.
3551 1957 3624 2012 De

2043 2047 2345 2108 martyrum
2394 2043 2916 2098 commemoratione
2962 2045 3168 2113 passim
3224 2047 3468 2117 loquitur
3514 2047 3624 2120 (2y-

2042 2129 2288 2198 prianus,
2325 2138 2386 2185 ut
2415 2131 2470 2185 in
2491 2132 2652 2202 epist.
2687 2132 2758 2188 34
2796 2153 2808 2187 :
2843 2133 3124 2206 Sacriﬁcia
3151 2154 3247 2206 pro
3281 2140 3381 2202 eis,
3424 2141 3622 2212 inquit,

2040 2235 2262 2288 semper,
2295 2231 2352 2275 ut
2394 2224 2726 2288 meministis,
2760 2226 3056 2294 offerimus,
3094 2231 3295 2299 quoties
3327 2243 3626 2302 martyrum

2040 2311 2314 2378 passiones
2336 2322 2384 2366 et
2413 2313 2526 2368 dies
2578 2315 2942 2371 anniversaria
2968 2320 3462 2378 commemoratione
3490 2324 3626 2378 cele-

2040 2403 2278 2456 bramus.
2334 2402 2490 2470 Quod
2550 2405 2619 2460 ad
2678 2408 3003 2463 memoriam
3069 2411 3627 2485 praedicationequ

2042 2501 2343 2566 martyrum
2365 2493 2528 2551 debet
2551 2495 2763 2565 referri,
2790 2500 3249 2568 quemadmodum
3271 2513 3327 2558 et
3350 2503 3402 2559 in
3429 2520 3620 2562 eorum

2041 2586 2341 2642 memorias
2389 2587 2580 2643 altaria
2629 2590 3128 2650 constituebantur.
3158 2595 3387 2666 August.
3425 2597 3520 2655 lib.
3550 2616 3623 2656 xx

2040 2685 2225 2730 contra
2253 2674 2302 2729 F
2304 2685 2540 2745 austum,
2575 2694 2695 2750 cap.
2724 2679 2815 2748 21,
2848 2681 3111 2738 adversus
3163 2683 3490 2744 Manicltteos
3512 2689 3625 2744 dis-

2041 2775 2264 2836 putans,
2295 2770 2390 2838 qui
2419 2770 2673 2826 similiter
2694 2781 2861 2842 atque
2895 2773 3145 2830 hodierni
3174 2779 3466 2833 στασιῶται
3508 2796 3625 2836 me-

2040 2857 2249 2916 morias
2299 2869 2604 2932 martyrum
2656 2863 2709 2917 in
2752 2863 2894 2920 idola
2950 2877 3271 2924 convertere
3321 2871 3625 2928 catholicos

2039 2952 2512 3022 impudentissime
2566 2955 3025 3023 criminabantur,
3063 2959 3148 3014 bis
3178 2961 3358 3017 verbis
3404 2964 3624 3021 utitur:

2040 3043 2274 3116 Populus
2305 3055 2479 3100 autem
2508 3047 2844 3104 Christianus
2870 3053 3152 3106 memorias
3175 3067 3470 3124 martyrum
3504 3056 3626 3111 reli-

2041 3138 2189 3208 giosa
2213 3137 2543 3193 solemnitate
2572 3141 2917 3208 concelebrat,
2945 3153 2997 3197 et
3023 3144 3092 3197 ad
3136 3147 3475 3200 excitandam
3502 3149 3624 3201 imi-

2044 3230 2316 3297 tationem,
2350 3240 2406 3285 ut
2430 3233 2632 3288 meritis
2667 3251 2846 3288 eorum
2874 3236 3202 3290 consocietur
3249 3247 3406 3308 atque
3430 3242 3600 3294 oratio

2042 3319 2194 3373 nibus
2234 3319 2534 3389 adjuvetur.
2575 3320 2664 3376 Ita
2705 3333 2880 3377 tamen
2909 3332 2967 3377 ut
2996 3323 3134 3379 nulli
3180 3336 3498 3396 martyrum,
3535 3332 3625 3384 sed

2040 3410 2143 3480 ipsi
2185 3410 2295 3466 Deo
2339 3423 2634 3483 martyrum
2667 3416 3046 3486 sacriﬁcemus,
3075 3420 3314 3488 quamvis
3342 3420 3397 3474 in
3427 3437 3611 3476 memo-

2041 3505 2152 3558 rias
2182 3514 2478 3577 martyrum
2507 3509 2890 3564 constituamus
2916 3510 3133 3565 altaria.
3162 3511 3294 3578 Quis
3316 3512 3458 3566 enim
3484 3515 3618 3568 anti-

2040 3597 2226 3651 stitum
2255 3599 2310 3652 in
2343 3598 2472 3654 locis
2514 3609 2821 3654 sanctorum
2862 3619 3143 3672 corporum
3171 3605 3422 3658 assistens
3460 3606 3624 3661 altari

2040 3688 2326 3759 aliquando
2350 3690 2488 3745 dixit
2513 3709 2532 3747 :
2558 3692 2844 3763 0/ferimus
2864 3696 2978 3761 tibi,
2998 3695 3170 3760 Petre,
3203 3709 3292 3751 aut
3316 3696 3509 3764 Paule,
3529 3705 3622 3754 aut

2041 3777 2307 3850 Cypriane
2325 3784 2352 3836 .9
2380 3793 2485 3840 etc.

2123 3872 2383 3929 Ἐωθινοι
2430 3891 2494 3930 τε
2538 3875 2714 3947 ὕμνοι
2759 3876 2829 3931 ὲν
2877 3877 3052 3947 αὐτῇ.
3113 3877 3188 3935 De
3239 3881 3509 3937 matutino
3555 3899 3620 3939 ac

2038 3974 2359 4022 czeterarum
2390 3969 2650 4024 horarum
2690 3971 2866 4025 ollicio
2900 3970 3186 4042 diligenter
3210 3973 3264 4028 in
3294 3973 3616 4038 Annalibus,

2039 4067 2094 4113 et
2119 4061 2188 4114 ab
2216 4060 2338 4116 aliis
2363 4061 2688 4130 disputatur.
2738 4063 2813 4119 De
2855 4065 3220 4120 lucernalibus
3252 4065 3476 4135 psalmis
3516 4065 3620 4120 hoc

2039 4152 2367 4209 ascribimus
2385 4172 2396 4207 :
2415 4152 2689 4209 Socratem
2706 4155 2796 4209 lib.
2814 4171 2866 4219 v,
2881 4171 3000 4226 cap.
3015 4155 3104 4222 22,
3118 4172 3212 4212 eas
3229 4158 3500 4227 appellare
3519 4157 3619 4221 τὰς

2039 4250 2096 4301 ὲν
2119 4250 2239 4310 ταῖς
2257 4247 2577 4318 λυχναψίαις
2603 4247 2786 4318 εὐχάς.
2811 4248 2912 4315 Qui
2944 4249 3144 4306 ibidem
3170 4251 3337 4315 addit,
3363 4252 3414 4307 in
3437 4253 3619 4325 Cypro

2038 4355 2101 4395 ac
2130 4341 2399 4403 Caesarea,
2430 4339 2668 4394 Sabbato
2696 4350 2748 4395 ct
2781 4338 3061 4397 Dominica
3099 4343 3188 4397 ἀεὶ
3225 4346 3352 4414 περὶ
3377 4346 3618 4415 ἑσπέραν

2041 4430 2177 4501 μετὰ
2222 4431 2320 4501 τῆς
2343 4431 2640 4501 λυχναψίας
2664 4433 2790 4495 τοὺς
2820 4432 3222 4504 πρεσϐυτέρους
3271 4437 3363 4488 καὶ
3399 4439 3620 4492 ἐπισκό-

356 4511 496 4582 ὑπὲρ
527 4513 706 4566 αὐτῶν
738 4513 1038 4585 γενομένης
1087 4514 1426 4584 ἀναιμάκτου
1481 4516 1692 4584 θυσίας,
1722 4517 1816 4570 καὶ
1843 4519 1935 4571 εὑ-

2043 4538 2176 4584 πους
2206 4520 2304 4584 τὰς
2332 4521 2548 4591 Γραφὰς
2571 4521 2915 4592 ἑρμηνεύειν.
2935 4523 3143 4578 Concil.
3162 4525 3336 4581 Tolet.
3358 4544 3396 4592 l,
3422 4546 3545 4586 can.
3562 4531 3618 4597 9,

357 4605 560 4668 ποιίας.
595 4606 812 4675 Alioqui
855 4607 900 4660 si
957 4606 1092 4660 nihil
1139 4607 1254 4661 haec
1294 4607 1426 4676 ipsis
1461 4607 1802 4676 prodessent,
1835 4612 1934 4663 οὐκ

355 4696 422 4750 ἂν
453 4700 509 4750 ἐν
538 4700 604 4769 τῇ
636 4699 972 4770 προσκομιδῇ
997 4698 1448 4769 ἐμνημονεύοντο,
1469 4699 1572 4755 hoc
1598 4711 1684 4755 est
1708 4705 1758 4755 in
1781 4703 1934 4756 oblu-

357 4789 524 4843 tione.
556 4789 691 4843 Nam
737 4791 1076 4862 προσκομιδή
1108 4799 1192 4846 est
1226 4793 1529 4863 προσφορά.
1565 4794 1702 4849 Male
1750 4807 1930 4849 autem

356 4880 644 4947 interpres,
663 4878 725 4933 In
750 4897 878 4934 cura
900 4892 949 4934 et
972 4883 1248 4952 exsequiis.
1268 4882 1570 4953 Scripserat
1601 4885 1738 4938 idem
1763 4887 1935 4940 Atha-

357 4971 544 5027 nasius
579 4972 735 5042 λόγον
769 4977 849 5038 εἰς
883 4975 1011 5039 τοὺς
1043 4975 1436 5047 κοιμηθέντας;
1479 4977 1637 5047 cujus
1686 4980 1933 5034 meminit

357 5058 728 5119 Damascenus
779 5066 833 5120 in
887 5066 1131 5137 ejusdem
1182 5068 1486 5140 argumenti
1543 5070 1822 5136 oratione,
1881 5083 1933 5126 ct

2044 4612 2404 4666 lneernarium
2452 4615 2704 4682 appellat.
2737 4613 2894 4669 Vetat
2930 4616 3076 4670 enim
3109 4619 3398 4687 professas,
3423 4635 3514 4677 aut
3547 4625 3622 4677 vi-

2043 4706 2174 4757 duas
2206 4706 2350 4758 domi
2383 4722 2494 4758 sua:
2521 4706 2863 4775 antipltonam
2895 4722 3013 4761 cum
3039 4711 3354 4779 confessore,
3376 4715 3452 4768 vel
3475 4733 3620 4770 servo

2042 4813 2136 4850 suo
2169 4797 2359 4865 facere,
2397 4797 2608 4852 absente
2645 4800 2905 4869 episcopo,
2949 4801 3024 4854 vel
3059 4803 3377 4874 presbytero.
3423 4807 3619 4860 Lucer-

2040 4889 2253 4941 narium
2284 4905 2423 4951 vero,
2450 4889 2643 4958 inquit,
2675 4891 2778 4944 nisi
2811 4892 2865 4946 in
2892 4893 3111 4947 ecclesia
3137 4911 3241 4948 non
3272 4897 3499 4965 legatur.
3543 4898 3618 4952 De

2042 4981 2202 5034 nonis
2230 4989 2284 5034 ct
2311 4985 2554 5052 vesperis
2596 4984 2813 5040 Laodic.
2855 4987 3103 5041 meminit
3132 5005 3252 5041 can.
3294 4990 3377 5044 l8.
3415 4989 3542 5046 Vide
3567 5003 3614 5048 ct

2042 5072 2264 5129 Tertull.
2299 5074 2390 5129 lib.
2413 5086 2596 5130 contra
2627 5075 2838 5147 Page/1.,
2869 5079 3176 5150 Agalhense
3201 5095 3324 5136 can.
3352 5080 3440 5138 '50.
