4076 6392
1077 602 1309 691 ΤΟΥ
1360 606 1505 690 ΕΝ
1570 602 1936 689 ΑΓΙΟΙΣ
1993 604 2430 693 ΠΑΤΡΟΣ
2506 607 2835 696 ΗΜΩΝ

962 814 2948 1057 ΕΠΙΦΑΝΙΟΥ

1223 1142 1626 1195 ΕΠΙΣΚΟΠΟΥ
1658 1143 2191 1196 ΚΩΝΣΤΑΝΤΕῘΑΣ
2240 1144 2376 1196 ΤΗΣ
2410 1145 2697 1198 ΚΥΠΡΟΥ

636 1309 1106 1447 ΚΑΤΑ
1177 1312 1989 1447 ΑΙΡΕΣΕΩΝ
2090 1315 3282 1457 ΟΓΔΟΗΚΟΝΤΑ

1682 1553 1769 1603 T0
1807 1553 2247 1605 ΕΠΙΚΛΗΘΕΝ

1222 1712 1777 1805 ΠΑΝΑΡΙΟΣ
1825 1740 1957 1795 EIT'
1994 1742 2135 1795 orN
2171 1717 2717 1808 ΚΙΒΩΤΙΟΣ.

817 2199 823 2205 -
949 2091 1124 2273 S.
1235 2097 1436 2269 P.
1539 2096 1739 2270 N.
1848 2086 2981 2271 EPIPHANII

1161 2387 1634 2448 CONSTANTIzE
1674 2388 1843 2457 (ὶοΕ
1879 2388 1945 2444 IN
1975 2388 2205 2446 CYPRO
2242 2389 2372 2448 EST
2414 2387 2732 2447 EPISCOPI

586 2564 1437 2703 ADVERSUS
1532 2570 2455 2702 OCTOGINTA
2549 2575 3312 2706 HAERESES

1460 2806 1653 2864 OPUS
1691 2806 1896 2875 QUOD
1949 2805 2441 2867 INSCRIBITUR

1151 2980 1842 3091 PANABIUM
1939 3032 2095 3088 sm;
2188 2980 2744 3094 ARCULA.

1204 3191 1506 3272 Dionysio
1526 3191 1780 3254 Petavio
1803 3192 2131 3255 Societatis
2153 3194 2188 3255 J
2190 3209 2303 3255 esu
2322 3193 2688 3276 interprete.

1708 3400 2205 3427 ο--οοο--η

1200 3577 1383 3631 ΤΑΔΕ
1414 3575 1687 3631 ΕΝΕΣΤΙ
1714 3573 1847 3630 ΚΑΙ
1875 3575 1976 3631 EN
2026 3578 2111 3648 Τῼ
2152 3577 2480 3650 ΔΕΥΤῈΡῼ
2523 3584 2716 3653 ΤΟΜῼ

1377 3732 1518 3786 ΤΟΥ
1548 3730 1790 3789 ΑΥΤΟΥ
1821 3729 2186 3788 ΔΕΥΤΕΡΟΥ
2220 3733 2521 3802 ΒΙΒΛΙΟΥ,

604 3893 856 3966 Πόμπτῳ
886 3890 956 3947 δὲ
984 3890 1112 3947 ὄντι
1144 3890 1297 3946 κατὰ
1325 3890 1436 3945 τὸν
1468 3887 1905 3959 προειρημένον
1931 3887 2204 3959 ἀριθμὸν,
2235 3889 2308 3946 ἐν
2336 3881 2386 3957 ᾧ
2413 3893 2573 3947 εἰσιν
2605 3894 2862 3964 αἱρέσεις
2895 3898 3077 3954 πέντε
3096 3900 3306 3971 οὕτως.

984 4199 1390 4267 INDICULUS
1431 4197 1855 4261 HERESEON
1895 4198 2067 4273 QUfE
2110 4199 2192 4262 IN
2231 4199 2439 4261 TOMO
2478 4200 2536 4263 II
2564 4202 2772 4263 LIBRI
2809 4205 2863 4263 II

1732 4378 2140 4432 CORTINENTUR,

372 4531 486 4604 Qui
524 4535 619 4592 est
652 4545 755 4605 eo,
798 4541 991 4609 quem
1026 4542 1219 4606 supra
1247 4522 1599 4605 posuimus,
1626 4521 1850 4584 ordine
1887 4520 1937 4583 V
1964 4543 1981 4597 ;
2010 4521 2077 4583 in
2107 4539 2238 4598 quo
2266 4521 2542 4586 haereses
2587 4523 2639 4584 V
2678 4524 3081 4588 continentur
3111 4527 3234 4591 hoc
3265 4532 3477 4594 modo.

364 4721 445 4775 ΑΖ
469 4719 713 4773 Παύλου
746 4716 854 4771 τοῦ
876 4715 1291 4785 Σαμοσατέως.
1328 4702 1499 4775 Οὗτος
1530 4710 1883 4787 ἀνύπαρκτον
1911 4723 1959 4780 Α
2058 4712 2223 4787 605
2277 4711 2319 4767 1.
2386 4711 2552 4767 Pauli
2612 4712 2738 4768 Sam

2058 4712 2223 4787 305
2277 4711 2319 4767 l.
2386 4711 2552 4767 Pauli
2612 4712 2972 4770 Samosatem’.
3035 4714 3135 4772 Hic
3182 4722 3572 4790 propemodum

285 4816 383 4868 ⁴ιίὸν
416 4810 653 4884 Χριστὸν
684 4808 869 4878 ὀλίγου
901 4809 1011 4863 δεῖν
1033 4805 1463 4870 διαὸεὖαιοῦται,
1500 4805 1658 4875 λόγον
1690 4823 1892 4878 προφο-
1990 4822 2102 4863 non
2149 4804 2419 4862 exsistere
2460 4805 2738 4861 Christum

1990 4822 2102 4863 non
2149 4804 2419 4862 exsistere
2460 4805 2741 4861 Christum
2783 4804 3036 4871 affirmat,
3082 4816 3251 4879 alque
3299 4810 3573 4881 ejusmodi

293 4904 453 4981 ρικδν
497 4904 629 4957 ὄντα
658 4902 1026 4974 σχηματίσας.
1070 4898 1205 4953 Ἀπὸ
1237 4897 1295 4951 δὲ
1329 4896 1551 4970 Μαρίας
1581 4900 1677 4952 καὶ
1725 4898 1889 4972 δεῦρο
1990 4898 2217 4953 verbum
2247 4910 2373 4952 esse
2415 4895 2603 4968 ﬁngit,
2645 4913 2738 4968 quc

1990 4898 2217 4953 verbum
2247 4910 2373 4952 esse
2415 4895 2603 4968 ﬁngit,
2645 4896 2793 4968 quod
2838 4898 2892 4953 in
2937 4899 3246 4969 prolatione
3279 4905 3571 4973 consistit;

286 4998 438 5054 εἶναι
467 4993 1022 5068 προκαταγγελτικῶς
1056 4993 1126 5047 τὰ
1147 4992 1276 5063 περὶ
1293 4991 1458 5046 αὐτοῦ
1483 4992 1542 5048 ὲν
1563 4993 1686 5057 ταῖς
1714 4992 1888 5058 θείαις
1987 4988 2242 5044 eumdem
2275 5002 2439 5057 porro
2476 5002 2599 5043 esse
2636 5003 2666 5042 a
2711 4988 2738 5042 Β

1987 4988 2242 5044 eumdem
2275 5002 2439 5057 porro
2476 5002 2599 5043 esse
2636 5003 2666 5042 a
2711 4987 2882 5043 Maria
2923 4991 3180 5061 coepisse.
3223 4992 3302 5049 Ac
3331 5011 3453 5065 quae
3482 5012 3576 5053 sa-

286 5091 547 5162 Γραφαῖς
593 5088 861 5161 εἰρημένα
897 5086 1132 5157 ἔχοντας’
1181 5084 1257 5157 μὴ
1298 5084 1453 5148 ὄντος
1491 5084 1569 5152 δὲ,
1605 5085 1742 5140 ἀλλὰ
1779 5084 1888 5141 ἀπὸ
1988 5079 2101 5135 eris
2134 5079 2189 5133 in
2216 5078 2440 5134 Litteris
2478 5079 2547 5135 de
2582 5094 2649 5135 eo
2676 5095 2738 5150 pr

1988 5079 2101 5135 eris
2134 5079 2189 5133 in
2216 5078 2440 5134 Litteris
2478 5079 2547 5135 de
2582 5094 2649 5135 eo
2676 5082 3032 5150 pronuntiata
3071 5090 3238 5150 sunt,
3267 5086 3573 5155 praedicen-

1986 5172 2060 5229 tis
2089 5186 2213 5228 esse
2241 5186 2394 5227 more
2424 5170 2591 5237 dicta,
2629 5187 2755 5228 cum
2796 5175 2917 5246 ipse
2958 5174 3202 5231 nondum
3241 5178 3570 5244 exsisteret,

1989 5265 2085 5319 sed
2126 5279 2157 5318 a
2196 5263 2388 5328 Maria,
2421 5264 2500 5319 uti
2537 5263 2800 5330 diximus,
2828 5266 2981 5322 etab
3013 5281 3079 5323 eo
3124 5268 3391 5324 duntaxat
3428 5278 3570 5325 tem~

1988 5370 2121 5425 pore
2153 5370 2263 5427 quo
2290 5370 2458 5411 carne
2484 5355 2745 5426 praeditus
2770 5356 3018 5423 advenit,
3058 5373 3184 5413 esse
3209 5359 3459 5430 coeperit.

2057 5444 2125 5501 ll.
2165 5444 2486 5511 Manichwi,
2531 5461 2671 5517 quos
2711 5447 3086 5515 etAcuanitas
3114 5455 3346 5517 vocant,
3393 5448 3569 5506 Manis

283 5180 517 5254 Μαρίας
550 5181 643 5234 καὶ
666 5179 826 5252 δεῦρο
854 5176 964 5233 ἀπὸ
985 5178 1086 5250 τῆς
1115 5176 1387 5249 ὲνσάρκου
1416 5178 1742 5250 παρουσίας.

360 5453 441 5507 Β’.
495 5451 835 5521 Μανιχαῖοι,
870 5450 918 5503 οἱ
968 5450 1064 5505 καὶ
1118 5450 1484 5515 Ἀκουανῖται,
1512 5448 1562 5501 οἱ
1601 5445 1756 5519 [ἀπὸ]
1786 5446 1882 5501 τοῦ

291 5544 454 5615 Μάνη
487 5542 729 5614 μαθηταὶ
750 5540 844 5595 τοῦ
872 5541 1108 5612 Πέρσου.
1143 5538 1381 5611 Χριστὸν
1414 5538 1654 5609 σχήματι
1698 5537 1885 5607 λέγον·
1988 5538 2171 5595 Persas
2197 5539 2474 5611 discipuli.
2510 5539 2732 5598 Christu

1988 5538 2171 5595 Persas
2197 5539 2474 5611 discipuli.
2510 5539 2793 5598 Christum
2842 5540 3071 5611 ﬁguram
3105 5543 3400 5614 quamdam
3444 5560 3569 5600 esse

290 5653 404 5701 τες,
455 5636 607 5709 ἥλιον
638 5634 891 5697 σέϐοντες
942 5633 1038 5688 καὶ
1084 5631 1335 5704 σελήνην.
1392 5631 1653 5702 Ἀστροις
1689 5647 1751 5683 τε
1784 5631 1879 5684 καὶ
1986 5632 2308 5699 defendunt,
2353 5633 2524 5689 solem
2558 5633 2738 5688 lunam

1987 5632 2308 5699 defendunt,
2353 5633 2524 5689 solem
2558 5633 2855 5705 lunamque
2895 5643 3249 5692 venerantur.
3291 5635 3478 5692 Stellis
3501 5652 3565 5692 ac

292 5728 559 5799 δυνάμεσι
596 5724 694 5779 καὶ
753 5723 1003 5795 δαίμοσιν
1057 5721 1362 5793 εὐχόμενοι,
1398 5722 1575 5795 ἀρχὰς
1627 5722 1722 5777 δύο
1761 5724 1876 5777 είς·
1984 5726 2282 5781 virtu-ﬁlms
2332 5736 2385 5781 et
2429 5725 2737 5784 dmmonibu

1987 5726 2282 5781 virtutibus
2332 5736 2385 5781 et
2429 5725 2772 5785 daemonibus
2823 5728 3151 5800 supplicant.
3219 5728 3563 5801 Sempiterna

571 5821 843 5883 ΡΑΤιιοι..
874 5818 989 5881 Gn.
1016 5817 1209 5880 XLII.

3012 5910 3015 5912 η
3253 5825 3280 5885 1

3800 6256 4063 6363 Α]
