4076 6392
467 397 528 454 Η
1894 397 1952 454 S.
1995 397 2052 454 ΕΙ

2157 397 2343 454 HANII
3684 402 3754 457 ἃ

467 507 580 565 duo
641 504 952 579 principia,
1009 507 1211 562 bonum
1265 523 1331 564 ac
1391 507 1618 573 malum,
1682 511 2048 566 constituunt.

2161 514 2412 582 ἀγοντες,
2455 513 2696 585 πονηράν
2728 529 2786 565 τε
2815 511 2910 566 καὶ
2941 508 3172 584 ἀγαθὴν,
3198 507 3482 575 ἀεὶοῦσας.
3519 512 3752 577 Χριστὸν
3792 520 3808 585 ς

465 600 751 659 Christum
779 601 964 671 specie
1009 607 1169 656 tenus
1205 601 1548 672 apparuisse,
1579 603 1868 673 specieque
1897 613 2058 662 tenus

466 706 591 748 esse
617 705 868 762 passum.
893 687 1064 746 Vetus
1109 692 1544 756 Testamentum,
1577 691 1858 764 Deumque
1882 695 2060 765 quiin

468 782 562 838 illo
601 782 822 838 locutus
855 788 964 844 est,
990 781 1299 838 maledictis
1338 792 1590 839 onerant.
1641 784 1904 840 Mundum
1949 803 2060 842 non

468 873 790 930 universum
823 887 854 926 a
890 871 1033 937 Dec,
1066 873 1160 928 sed
1195 874 1316 943 ejus
1340 883 1553 945 partem
1587 875 1911 932 fabricatam
1940 894 2062 934 esse

468 979 740 1025 statuunt.

555 1059 641 1120 ill.
696 1063 988 1120 Hieracin
1035 1062 1104 1118 ab
1140 1060 1372 1118 Hierace
1405 1062 1705 1134 interprete
1737 1079 1802 1120 ac
1836 1065 2063 1123 doctore

469 1154 709 1226 quodam
760 1154 1113 1226 Leontopoli,
1168 1153 1317 1225 quod
1371 1153 1595 1227 Egypti
1638 1157 1899 1229 Oppidum
1953 1167 2059 1224 est,

470 1248 729 1304 oriundo.
764 1245 871 1314 Qui
901 1248 1364 1306 msurrectionem
1403 1251 1588 1306 carnis
1617 1250 1848 1321 respuit.
1886 1249 2062 1307 Utun-

468 1351 562 1397 tur
592 1342 672 1397 illi
703 1339 888 1398 Veteri
918 1356 982 1398 ac
1022 1339 1178 1399 Novo
1231 1335 1613 1399 Testamento.
1653 1341 1870 1414 Nuptiis
1915 1345 2064 1415 peni-

471 1444 562 1493 tus
602 1435 960 1492 interdicunt.
993 1435 1292 1494 Monachos
1331 1443 1387 1494 et
1418 1437 2054 1508 virgines,continentes

469 1541 536 1582 ac
560 1527 758 1583 viduos
787 1527 1104 1583 admittunt.
1136 1527 1345 1584 Pueros
1373 1535 1587 1585 matura
1616 1529 1858 1584 nondum
1899 1538 2062 1587 astate

469 1618 624 1690 regni
655 1619 898 1676 caelestis
931 1620 1229 1691 participes
1270 1635 1393 1676 esse
1421 1629 1642 1692 negant,
1696 1620 1846 1692 quod
1903 1637 2052 1677 non-

469 1712 600 1769 dum
629 1713 927 1770 certamine
955 1711 1228 1785 perfuncti
1258 1718 1410 1769 sunt.

538 1803 629 1860 IV.
672 1804 947 1861 Meleliam'
993 1805 1310 1862 schismatis
1343 1805 1399 1860 in
1429 1803 1689 1878 Egypto,
1733 1819 1846 1861 non
1887 1806 2060 1862 haere-

2160 603 2217 656 δὲ
2245 604 2465 675 δοκήσει
2501 603 2823 675 πεφηνέναι,
2855 604 2952 658 καὶ
2977 603 3198 676 δοκήσει
3253 604 3604 659 πεπονθέναι.
3625 607 3747 668 ⁴Πειι-

2160 696 2319 751 λαιὰν
2333 697 2608 770 Διαθήκην
2633 696 3096 768 βλασφημοῦντες,
3124 695 3219 750 καὶ
3240 697 3330 750 τὸν
3351 698 3409 750 ὲν
3433 698 3570 770 αὐτῇ
3597 699 3751 772 λαλή-

2164 806 2332 842 σαντα
2364 788 2515 843 Θεόν.
2555 789 2775 860 Κόσμον
2802 789 2858 843 δὲ
2891 790 2952 844 οὑ
2986 789 3077 843 τὸν
3103 788 3301 855 πάντα,
3329 789 3464 844 ἀλλὰ
3501 791 3665 864 μέρος
3688 795 3754 848 ἐκ

2161 881 2296 935 Θεοῦ
2314 881 2643 953 γεγενῆσθαι
2669 879 2996 955 ὁριζόμενοι.

2233 1067 2307 1119 Γ¹.
2361 1063 2691 1135 Ἦερακῒται,
2745 1065 2796 1118 οἱ
2835 1063 2944 1118 ἀπὸ
2979 1062 3074 1117 τοῦ
3115 1063 3356 1134 Ἱέρακος
3395 1061 3488 1115 τοῦ
3528 1062 3753 1116 Λεοντο-

2165 1158 2384 1212 πολίτου
2433 1159 2532 1228 τῆς
2563 1156 2868 1226 Αίγῦπτου,
2897 1155 3165 1228 ἐξηγητῷ
3195 1173 3338 1219 τινος
3384 1154 3585 1227 σαρκός
3618 1155 3754 1208 ἀνά-

2165 1267 2355 1304 στασιν
2383 1248 2724 1312 ἀθετοῦντος.
2779 1247 3066 1320 Χρώμενοι
3115 1248 3327 1319 Παλαιᾷ
3358 1249 3451 1302 καὶ
3479 1247 3593 1318 Νέᾳ
3631 1251 3757 1300 Δια-

2166 1340 2329 1415 θήκῃ,
2356 1341 2451 1395 καὶ
2483 1339 2917 1410 ἀπαγορεύοντες
2949 1339 3128 1410 γάμον
3157 1339 3459 1403 παντελῶς,
3498 1339 3752 1410 μονάζονα

2160 1434 2260 1497 τάς
2309 1451 2368 1487 τε
2402 1435 2497 1488 καὶ
2528 1431 2834 1505 παρθένους
2881 1431 3186 1503 δεχόμενοι,
3222 1433 3317 1486 καὶ
3350 1431 3756 1505 ὲγκρατευομέ-

2161 1544 2305 1589 νους,
2338 1527 2431 1580 καὶ
2461 1527 2684 1597 χήρους.
2716 1525 2799 1578 Τὰ
2835 1525 2892 1578 δὲ
2928 1524 3156 1596 μηδέπω
3185 1526 3243 1579 ὲν
3271 1524 3458 1595 ἡλικίᾳ
3488 1523 3753 1593 γεγονότα

2162 1618 2351 1672 παιδία
2407 1617 2681 1689 βασιλείας
2747 1617 2822 1688 μὴ
2883 1616 3154 1688 μετέχειν,
3212 1615 3301 1670 διὰ
3361 1615 3421 1669 τὸ
3467 1619 3542 1687 μὴ
3585 1615 3754 1687 ἠθλη-

2162 1709 2338 1763 κέναι.

2234 1805 2305 1856 Δθ.
2348 1801 2732 1869 Μελητιανοί,
2774 1802 2824 1855 oi
2853 1802 2911 1854 ὲν
2934 1800 3197 1871 Αἰγύπτῳ
3217 1801 3422 1871 σχίσμα
3441 1799 3612 1863 ὄντες,
3635 1799 3752 1853 ἀλλ’

390 1893 396 1900 ’
466 1899 546 1955 sis
575 1899 755 1955 locum
796 1898 1067 1955 obtinent.
1105 1898 1210 1966 Qui
1249 1913 1373 1953 cum
1407 1898 1514 1954 illis
1549 1914 1773 1968 precum
1809 1914 2052 1954 commu-

2161 1895 2259 1965 οὑχ
2315 1895 2549 1965 αἵρεσις,
2604 1894 2680 1966 μὴ
2731 1894 3117 1965 συνευξάμενοι
3164 1897 3276 1956 τοῖς
3318 1895 3375 1946 ἐν
3403 1893 3481 1962 τῷ
3527 1891 3753 1964 διωγμῷ

467 1986 634 2042 nione
687 1985 950 2056 conjungi
1011 1987 1343 2052 noluerunt,
1402 1986 1495 2057 qui
1552 1987 1607 2040 in
1672 1987 2054 2057 persecutione

477 2076 618 2148 lapsi
653 2083 804 2131 sunt.
842 2075 1000 2132 Nunc
1033 2091 1094 2133 se
1126 2077 1195 2131 ad
1223 2075 1459 2133 Arianos
1494 2087 1881 2148 aggregarunt.

539 2169 706 2240 606
743 2167 1034 2234 V.Ariani,
1068 2169 1183 2225 sive
1198 2169 1544 2223 Ariomanita:
1561 2167 1654 2223 Dei
1685 2167 1880 2223 Filium
1903 2184 2053 2225 crea-

468 2267 650 2316 turam
693 2275 817 2318 esse
848 2261 1078 2328 dicunt;
1131 2260 1394 2331 Spiritum
1426 2275 1556 2316 vero
1587 2267 1836 2316 sanctum
1890 2262 2050 2315 aliam

466 2370 592 2412 esse
625 2361 958 2410 creaturam.
992 2353 1333 2410 Salvatorem
1367 2361 1620 2410 nostrum
1663 2368 1886 2409 carnem
1910 2354 2053 2409 dun-

467 2453 619 2502 taxat
650 2461 682 2500 a
712 2445 902 2510 Maria.
945 2463 1057 2503 non
1097 2447 1336 2503 animam
1383 2451 1667 2527 accepisse
1698 2447 2048 2504 conﬁrmant.

465 2536 593 2594 Fuit
651 2539 743 2596 hic
806 2537 972 2594 Arius
1029 2539 1330 2596 Alexandri
1388 2541 1632 2612 episcopi
1704 2540 2051 2598 Alexandria!

465 2631 776 2704 presbyter.

537 2720 665 2779 Haec
690 2729 776 2780 cst
803 2723 1045 2794 quinque
1088 2723 1370 2781 haereseon
1407 2739 1649 2792 summa,
1684 2740 1806 2796 quae
1849 2724 1903 2779 in
1946 2725 2051 2780 hoc

467 2827 509 2870 tt
545 2813 686 2870 libro
707 2814 822 2870 sive
849 2815 1041 2872 ordine
1063 2814 1108 2869 Υ
1138 2817 1516 2872 continentur.

2161 1988 2648 2058 παραπεπτωκόσισ
2679 1985 2774 2042 νῦν
2797 1986 2854 2039 δὲ
2899 1987 3197 2058 Ἀρειανοῖς
3223 1987 3606 2057 συναφθέντες.

2233 2165 2309 2217 E’.
2346 2165 2654 2234 Ἀρειαγοὶ,
2694 2169 2742 2222 οἱ
2784 2167 2876 2222 καὶ
2933 2167 3377 2237 Ἀρειομανῖται,
3412 2171 3460 2221 οἱ
3501 2167 3592 2222 τὸν
3622 2168 3752 2221 Υἱὺν

2162 2257 2256 2312 τοῦ
2289 2257 2425 2312 Θεοῦ
2455 2260 2662 2332 κτίσμα
2695 2261 2967 2330 λέγοντες,
3017 2265 3111 2316 καὶ
3149 2262 3209 2314 τὸ
3250 2261 3474 2332 Πνεῦμα
3506 2263 3567 2315 τὸ
3596 2262 3751 2331 ἆγιον

2159 2347 2362 2419 κτίσμα
2415 2349 2736 2421 κτίσματος,
2791 2351 2969 2423 σάρκα
3022 2353 3182 2424 μόνον
3222 2353 3314 2407 τὸν
3370 2355 3600 2426 Σωτῆρα
3640 2356 3750 2408 ἀπὸ

2159 2440 2378 2511 Μαρίας
2409 2439 2692 2512 εἰληφέναι
2731 2443 3223 2515 διαϐεϐαιούμενοι,
3256 2447 3351 2499 καὶ
3379 2448 3500 2516 οὐχὶ
3546 2447 3747 2518 ψυχήν.

2157 2526 2266 2586 Ἦν
2322 2532 2380 2585 δὲ
2434 2526 2589 2598 οὗτος
2640 2536 2668 2586 ὁ
2699 2535 2919 2607 Ἀρειος
2976 2536 3350 2611 πρεσϐύτερος
3400 2537 3750 2610 Ἀλεξάνδρου

2159 2624 2462 2678 ἐπισκόπου
2493 2625 2919 2698 Ἀλεξανδρείας.

2227 2717 2377 2789 Αὕτη
2409 2719 2504 2771 καὶ
2538 2720 2572 2789 ή
2603 2719 2698 2772 τοῦ
2733 2721 2989 2792 δευτέρου
3017 2720 3244 2792 βιϐλίου,
3287 2722 3536 2794 πέμπτου
3571 2724 3627 2777 δὲ
3653 2723 3750 2777 ἀπ’

2159 2809 2334 2881 ἀρχῆς
2375 2809 2474 2881 τῆς
2507 2810 2832 2876 ἀκολουθίας
2869 2812 3041 2879 ὄντος,
3082 2815 3558 2884 ἀνακεφαλαίωσις
3593 2819 3748 2888 αἱρέ-

2162 2918 2300 2955 σεων
2342 2919 2475 2956 πεντ
2479 2919 2502 2955 ε
2511 2943 2524 2956 .

501 3095 3720 3132 ._.__.._______________.___________________________________

783 3245 947 3320 θ⁰7
1019 3259 1404 3350 ΤΟΜΟΣ
1469 3257 2035 3349 ΔΕΥΤΕΡΟΣ
2071 3261 2301 3348 ΤΟΥ
2340 3259 2921 3352 ΔΕΥΤΕΡΟΥ
2986 3266 3458 3356 ΒΙΒΛΙΟΥ.

1508 3651 1836 3741 LIBRI
1918 3655 2006 3742 II
2068 3653 2475 3749 TOMUS
2552 3662 2680 3748 ll.

660 3991 941 4051 CONTRA
976 3991 1264 4052 PAULUM
1304 3992 1714 4051 SAMOSATEN
1725 3997 1818 4053 ωι
1835 4041 1851 4067 ,

851 4107 1086 4165 Ηωνεδὶε
1120 4107 1294 4175 XLV,
1335 4109 1442 4164 sive
1476 4109 1649 4167 LXV.

532 4221 575 4276 l.
607 4219 921 4278 Secundum
948 4221 1072 4277 illos
1103 4219 1309 4278 Paulus
1348 4218 1746 4280 Samosatenus
1783 4224 2053 4295 sequitur,

461 4313 558 4384 qui
583 4320 706 4386 post
728 4311 1000 4368 Novatum
1032 4320 1200 4384 atque
1233 4310 1524 4385 Origenem
1559 4316 1787 4370 exstitit.
1815 4315 2056 4388 Quiqui-

459 4408 587 4463 dem
618 4405 886 4478 Origenes
919 4415 1198 4477 postremo
1233 4405 1378 4462 inter
1411 4407 1701 4464 haereticos
1726 4417 2053 4466 numeratus

457 4505 587 4562 est,
641 4496 712 4552 ob
759 4498 1134 4567 arrogantiam
1173 4497 1324 4554 illam
1350 4537 1366 4564 ,
1409 4512 1578 4569 quam
1617 4501 1892 4556 asciscere
1944 4502 2050 4557 sibi

459 4590 638 4646 voluit
673 4597 730 4646 et
767 4591 1032 4646 insolenti
1072 4605 1138 4645 ac
1176 4605 1450 4661 nugarum
1493 4592 1816 4664 plenissima
1855 4595 2050 4666 loqua-

457 4685 662 4752 citate,
714 4683 1072 4754 immissaque
1105 4698 1137 4738 a
1167 4683 1388 4739 diabolo
1427 4683 1608 4741 mente
1646 4686 1913 4742 adversus
1952 4703 2047 4743 ve-

456 4779 676 4834 ritatem
699 4779 1006 4848 insurgere.
1027 4778 1171 4834 Sane
1195 4780 1242 4835 is
1265 4779 1533 4850 lugendus
1565 4781 1723 4837 nobis
1753 4783 2046 4838 admodum

456 4871 646 4936 venit,
679 4870 774 4941 qui
807 4869 1010 4925 diaboli
1046 4869 1253 4925 invidia
1287 4871 1476 4940 lapsus
1504 4887 1572 4926 ex
1603 4871 1712 4926 alto
1737 4875 2048 4944 praecipita-

455 4963 554 5016 vit.
589 4959 726 5016 Nam
758 4961 813 5016 in
858 4961 954 5016 illo
1000 4959 1304 5032 Scriptum
1335 4961 1542 5016 dictum
1580 4962 1714 5017 illud
1747 4964 2042 5034 impletur:

455 5053 772 5110 Fuscinatio
811 5059 951 5111 enim
997 5055 1322 5126 nugacitatis
1367 5055 1618 5110 obscurat
1666 5056 1837 5121 bona,
1876 5067 1926 5112 et
1959 5059 2042 5112 in-

455 5147 759 5202 constantia
808 5148 1248 5212 concupiscentiw
1303 5149 1612 5201 transvertit
1653 5157 1877 5203 mentem
1932 5151 2044 5205 sine

453 5237 668 5292 malitia
707 5237 751 5292 ί.

521 5329 744 5387 Recedo
785 5345 934 5386 nunc
967 5329 1037 5385 ad
1077 5329 1232 5385 illum
1256 5371 1270 5394 ,
1313 5328 1476 5400 cujus
1508 5329 1900 5400 explicandum
1938 5330 2041 5386 do-

448 5438 575 5494 gma
631 5423 1012 5493 suscepimus,
1064 5421 1296 5478 Paulum
1353 5422 1818 5489 Samosatenum,
1877 5423 2041 5493 cujus

451 5513 695 5569 nominis
731 5529 898 5584 supra
939 5513 1276 5569 mentionem
1315 5510 1549 5568 fecimus
1573 5549 1589 5576 ,
1620 5519 1676 5565 et
1708 5526 1858 5566 nunc
1889 5512 2039 5569 illius

2349 4002 2539 4063 ΚΑΤΑ
2577 4002 2862 4057 ΠΑΥΛΟΥ
2900 3999 3036 4058 ΤΟΥ
3073 4003 3552 4064 ΣΑΜΟΣΑΤΕΩΣ,

2166 4116 2632 4186 Τεσσαρακοστὴ
2658 4117 2916 4187 πέμπτη,
2945 4118 2984 4186 ἡ
3015 4117 3115 4173 καὶ
3145 4117 3452 4186 ἐξηκοστὴ
3483 4116 3744 4187 πέμπτη.

2227 4230 2305 4284 A’.
2346 4227 2559 4292 Παῦλος
2609 4231 2638 4282 ό
2694 4229 3044 4299 Σαμοσατεὺς
3115 4227 3452 4299 καλούμενος
3519 4226 3745 4292 τούτους

2155 4319 2484 4391 διαδέχεται,
2528 4318 2769 4389 γεγονὼς
2807 4320 2945 4391 μετὰ
3002 4320 3251 4374 Ναυᾶτον
3297 4321 3391 4372 καὶ
3437 4320 3743 4391 Ὠριγέν-ην,

2155 4409 2246 4462 τὸν
2286 4409 2470 4463 λοιπὸν
2515 4410 2573 4464 ὲν
2607 4409 2817 4481 αἱρέσει
2852 4409 3257 4482 ἀριθμούμενον
3289 4409 3354 4462 δι’
3379 4410 3446 4481 ἢν
3477 4410 3744 4482 ἠθέλησεν

2155 4499 2486 4570 ὑψαυχενίαν
2551 4498 2731 4570 ἑαυτῷ
2784 4499 3228 4564 ἐπισπάσασθαι,
3283 4499 3376 4554 καὶ
3434 4501 3742 4572 ἐπαρθῆναι

2153 4592 2295 4646 κατὰ
2325 4592 2424 4663 τῆς
2462 4591 2718 4663 ἀληθείας
2748 4591 2834 4647 διὰ
2869 4593 2964 4665 τῆς
3009 4591 3328 4664 κομπιέἣους
3371 4593 3537 4646 αὐτοῦ
3575 4594 3745 4662 φλυα-

2157 4684 2276 4756 ρίας
2316 4685 2408 4737 καὶ
2457 4687 2521 4736 ἐκ
2566 4684 2816 4738 διαϐόλου
2864 4685 3300 4757 ὲπισπεισμένης
3327 4689 3347 4716 ²
3379 4685 3608 4748 ἑννοίας.
3644 4686 3742 4738 Ὃν

2153 4777 2366 4832 πενθεῖν
2394 4778 2495 4842 δεῖ,
2527 4777 2602 4842 ὡς
2635 4779 2852 4850 ἀληθῶς
2886 4780 3066 4851 φθόνῳ
3099 4779 3348 4834 διαϐόλου
3371 4780 3746 4845 ἐξοκείλαντα,
3852 4781 3853 4784 ’

2151 4870 2246 4923 καὶ
2303 4870 2413 4924 ἀπὸ
2470 4863 2639 4941 ὕψους
2697 4872 3204 4942 παραπεπτωκότα.
3262 4872 3382 4926 Ἐπ’
3432 4872 3581 4943 αὐτῷ
3635 4874 3743 4943 γὰρ

2150 4960 2454 5033 πληροῦται
2505 4961 2568 5015 τὸ
2620 4962 2910 5033 εἰρημένον
2932 4980 2943 4996 σ
2997 4963 3312 5017 Βασκανία
3362 4966 3743 5032 φαυλότητος

2148 5052 2411 5122 ἀμαυροῖ
2445 5051 2518 5106 τὰ
2550 5056 2726 5117 καλὰ,
2764 5054 2863 5106 καὶ
2889 5053 3239 5123 ρεμϐασμὸς
3268 5055 3586 5125 ἐπιθυμίας
3601 5071 3743 5124 μετ-

2147 5144 2393 5198 αλλεύει
2430 5143 2582 5198 νοῦν
2611 5144 2860 5198 ἄκακον.

2222 5315 2391 5387 Οὗτος
2405 5323 2468 5396 δὴ
2487 5319 2581 5378 οῦν
2600 5327 2628 5379 ὁ
2648 5327 2778 5397 ἡμῖν
2795 5325 2874 5390 εἰς
2891 5325 3150 5398 ἐξήγησιν
3169 5328 3738 5398 ὲπιμνημονευόμενος

2149 5413 2358 5479 Παῦλος
2399 5417 2428 5467 ὁ
2488 5418 2871 5488 Σαμοσατεὺς,
2911 5412 2972 5472 οῦ
3023 5420 3118 5473 τοῦ
3165 5421 3430 5491 ὀνόματος
3478 5422 3536 5472 ἐν
3593 5421 3735 5490 ἀρχῇ

2147 5507 2520 5578 ἐμνήσθημεν,
2550 5511 2644 5563 καὶ
2677 5510 2776 5581 τῆς
2811 5514 3077 5583 αἱρέσεως
3105 5512 3271 5566 αὐτοῦ
3307 5511 3607 5582 ποιούμεθα
3634 5512 3737 5580 τὴν

446 5606 702 5663 haeresim
737 5607 1113 5677 proponimus.
1158 5603 1257 5660 Hic
1287 5603 1593 5659 Samosatis
1629 5602 2037 5674 Mesopotamiae

2157 5600 2416 5672 διήγησιν,
2464 5601 2570 5654 ἀπὸ
2610 5603 2940 5674 Σαμοσάτων
2983 5602 3052 5678 ἦν
3087 5605 3189 5677 τῆς
3223 5606 3314 5659 ἐπὶ
3352 5605 3421 5658 τὰ
3455 5606 3596 5676 μέρη
3633 5605 3736 5675 τῆς

446 5701 518 5757 ad
575 5698 910 5770 Euphratem
960 5698 1095 5753 urbe
1148 5705 1340 5763 natus,
1387 5697 1684 5752 Aureliano
1735 5711 1801 5753 ac
1849 5695 2032 5753 Probo

2157 5697 2563 5770 lisconorattiag
2578 5698 2673 5752 καὶ
2701 5700 2988 5769 Εὐφράτου
3009 5716 3022 5730 ο
3053 5698 3112 5763 ὃς
3137 5699 3195 5752 ἐν
3223 5696 3399 5767 τούτῳ
3429 5696 3504 5767 τῷ
3533 5695 3734 5768 χρόνῳ,

527 5861 544 5892 ³
578 5856 708 5930 Sap.
732 5825 809 5926 vi,
837 5856 924 5912 12.
1003 5859 1022 5890 ³
1054 5854 1183 5913 Cor.
1218 5856 1695 5924 ὲπισεσεισμένης,
