4076 6392
310 425 383 485 13
964 420 1338 480 ADVERSUS
1377 420 1722 480 HAERESES
1763 422 1890 477 LIB.
1937 422 2002 476 ll.
2048 421 2213 479 T031.
2257 421 2317 476 ll.
2361 453 2429 461 —
2463 418 2741 476 HAZRES.
2780 418 2939 476 LXV.
3525 413 3594 472 Η

306 544 369 594 ὲν
422 541 664 612 ἡμέραις
713 539 1050 612 Αὐρηλιανοῦ
1098 541 1172 611 (1)
1209 542 1304 594 καὶ
1344 539 1554 610 Πρόὸου
1597 539 1707 593 τῶν
1757 540 1908 610 βασι-

2033 541 2427 611 mperantibus,
2464 540 2818 594 Antiochenze
2869 537 3036 610 608
3089 534 3346 602 Ecclesiae
3380 549 3594 609 pra'po-

308 637 474 701 λέων,
515 637 610 688 ἐπὶ
642 634 744 704 τῆς
787 634 1102 704 Ἀντιοχέων
1137 633 1460 686 καθίσταται
1493 632 1790 695 ἐπίσκοπος
1812 634 1910 703 τῆς

307 731 477 797 ἁγίας
510 727 811 797 καθολικῆς
855 726 1203 796 Ἐκκλησίας.
1269 724 1486 794 Ἀρθεὶς
1510 724 1569 778 δὲ
1605 727 1673 795 τῇ
1706 725 1913 796 διανοίᾳ

306 819 539 884 ἐξέπεσε
569 818 669 887 τῆς
718 816 1010 887 ἀληθείας,
1057 816 1153 867 καὶ
1203 814 1515 868 ἀνεκαίνισε
1549 815 1650 885 τὴν
1701 815 1912 886 αἰρεσιν

306 910 404 962 τοῦ
449 911 795 981 Ἀρτέμωνος
850 907 959 977 (Ξ),
991 906 1084 959 τοῦ
1134 923 1262 958 ποτε
1298 905 1449 968 ὄντος
1509 906 1566 958 ὲν
1617 906 1757 976 ἀρχῇ
1809 904 1914 976 πρὸ

307 1001 451 1054 ἐτῶν
490 1000 699 1053 πολλῶν
731 999 825 1052 καὶ
856 997 1213 1068 ὲσὸεσμένου.

381 1094 588 1146 Φάσκει
615 1093 672 1144 δὲ
701 1086 853 1154 οὗτος
889 1091 1020 1144 Θεὸν
1055 1091 1272 1161 Πατέρα
1329 1089 1420 1143 καὶ
1454 1090 1580 1143 Υίὸν
1614 1090 1708 1144 καὶ
1762 1091 1914 1159 ἆγιον

310 1183 543 1253 Πνεῦμα
587 1183 684 1235 ἕνα
721 1183 882 1234 Θεόν·
918 1184 976 1233 ἐν
1030 1180 1150 1250 Θεῷ
1192 1181 1249 1232 δὲ
1291 1181 1378 1233 ἀεὶ
1426 1179 1556 1234 ὅντα
1602 1181 1694 1232 τὸν
1749 1181 1913 1233 αὑτοῦ

309 1276 490 1342 Λόγον
532 1276 625 1328 καὶ
675 1275 735 1326 τὸ
782 1271 1005 1343 Πνεῦμα
1063 1272 1252 1334 αὑτοῦ,
1299 1273 1489 1344 ὥσπερ
1541 1276 1599 1326 ἐν
1631 1274 1914 1346 ἀνθρώπου

312 1369 522 1438 καρδία
550 1368 580 1418 ὁ
613 1367 741 1428 ἴδιος
771 1367 957 1434 λόγος·
996 1366 1072 1436 μὴ
1113 1360 1256 1419 εἶναι
1289 1365 1348 1418 δὲ
1377 1366 1468 1418 τὸν
1503 1367 1630 1419 Υίὸν
1658 1368 1751 1420 τοῦ
1781 1368 1914 1421 Θεοῦ

311 1461 706 1524 ὲνυπόστατον,
733 1459 871 1513 ἀλλὰ
897 1461 956 1511 ὲν
990 1458 1137 1529 αὐτῷ
1171 1457 1324 1529 Θεῷ*
1359 1458 1555 1531 ὥσπερ
1592 1459 1783 1530 ἀμέλει
1823 1463 1918 1514 καὶ

313 1556 346 1607 6
400 1551 688 1614 Σαδέλλιος
735 1551 812 1620 (5)
877 1552 1025 1602 καὶὸ
1053 1551 1305 1613 Ναυᾶτος
1360 1551 1454 1603 καὶ
1510 1553 1541 1603 6
1573 1552 1780 1621 Νόητος
1824 1554 1920 1606 καὶ

315 1645 471 1700 ἄλλοι
493 1659 510 1673 ο
547 1643 650 1696 οὐκ
693 1643 824 1703 iam;
853 1639 910 1692 δὲ
941 1641 1171 1704 ἐκείνοις
1201 1635 1374 1705 οὗτος,
1407 1642 1543 1695 ἀλλὰ
1574 1643 1749 1706 ἄλλως
1788 1644 1916 1716 παρ’

318 1735 584 1798 ἐκείνους.
626 1732 885 1787 Ἐλθόντα
927 1733 984 1786 δὲ
1035 1733 1127 1786 τὸν
1177 1733 1373 1802 Λόγον,
1419 1734 1514 1788 καὶ
1564 1736 1920 1806 ὲνοικήσαντα

315 1829 377 1881 ὲν
406 1826 586 1897 Ἰησοῦ
613 1825 889 1897 ἀνθρώπῳ
913 1825 1047 1878 ὄντι.
1067 1826 1177 1878 Καὶ
1202 1825 1398 1890 οὕτως,
1434 1827 1623 1897 φησὶν,
1657 1823 1738 1892 εἷς
1775 1829 1920 1882 ἐστιν

2014 635 2157 690 situs
2185 641 2289 687 est.
2321 632 2426 698 Qui
2455 632 2630 688 elatus
2668 632 2981 702 arrogantia
3017 643 3079 683 ac
3117 628 3262 684 fastu
3296 642 3326 680 a
3363 628 3597 682 veritate

2013 723 2257 785 excidit,
2293 733 2457 799 atque
2490 725 2804 779 Artemonis
2838 723 3070 778 haeresi"
3103 720 3453 786 instauravit,
3501 721 3596 790 qui

2015 831 2139 870 cum
2194 825 2322 872 ante
2375 817 2579 872 multos
2632 832 2808 872 annos
2852 816 3199 879 exstitisset,
3245 816 3466 884 penitus
3510 818 3598 867 est

2015 911 2348 973 exstinctus.

2091 1089 2187 1146 Est
2218 1097 2400 1145 autem
2442 1090 2558 1145 haec
2612 1091 2758 1144 illius
2810 1092 3038 1160 Opinio:
3076 1090 3244 1144 Deum
3279 1087 3496 1142 Patrem
3545 1093 3601 1140 et

2018 1180 2217 1236 Filium
2267 1197 2332 1236 ac
2386 1180 2655 1252 Spiritum
2695 1193 2948 1236 sanctum
2999 1196 3166 1234 unum
3217 1179 3341 1235 esse
3383 1178 3598 1242 Deum;

2019 1273 2256 1328 Verbum
2307 1271 2402 1328 Dei
2447 1273 2676 1342 ejusque
2726 1269 2990 1340 Spiritum
3027 1273 3208 1325 inesse
3239 1269 3350 1323 Deo
3397 1283 3600 1339 perpe-

2020 1377 2136 1432 tuo,
2161 1367 2305 1422 sicut
2327 1366 2566 1421 hominis
2591 1367 2644 1419 in
2669 1365 2835 1421 corde
2856 1365 3136 1435 proprium
3150 1363 3392 1418 werbum
3419 1362 3601 1416 inesse

2019 1462 2342 1525 cernimus;
2390 1457 2587 1513 Filium
2632 1456 2727 1513 Dei
2776 1457 3192 1513 subsistentiam
3255 1456 3454 1510 habere
3503 1468 3602 1524 per

2022 1570 2144 1611 sese
2174 1553 2413 1616 nullam,
2450 1553 2545 1607 sed
2587 1552 2642 1606 in
2681 1551 2792 1606 Deo
2832 1551 3176 1606 subsistere:
3221 1549 3274 1603 id
3310 1548 3454 1618 quod
3498 1546 3600 1600 Sa-

2021 1647 2183 1702 bellio
2246 1659 2466 1716 quoque
2526 1644 2734 1716 placuit
2786 1651 2842 1700 et
2892 1642 3101 1698 Novato
3150 1651 3204 1697 et
3235 1641 3410 1697 Noeto
3453 1640 3622 1695 aliis-

2023 1754 2129 1809 que
2180 1737 2502 1801 nonnullis,
2555 1750 2870 1807 quanquam
2919 1751 3029 1790 non
3083 1735 3274 1790 eodem
3308 1748 3433 1787 cum
3483 1731 3604 1787 istis

2025 1830 2217 1894 modo,
2251 1828 2348 1886 sed
2381 1829 2601 1886 diverso
2641 1830 2880 1900 quodam
2926 1828 3016 1883 ille
3062 1827 3280 1883 sentiat.
3325 1825 3406 1879 Ad
3453 1824 3603 1886 haec,

315 1922 350 1973 ὁ
378 1920 537 1982 Θεὸς,
576 1918 673 1972 καὶ
703 1918 826 1987 οὐχὶ
869 1917 1060 1989 Πατὴρ
1093 1919 1122 1971 ὁ
1151 1917 1360 1990 Πατὴρ,
1392 1920 1486 1972 καὶ
1517 1919 1645 1982 Υίδς
1681 1921 1711 1972 ὁ
1755 1921 1880 1985 Υἱὸς
1901 1961 1915 1985 ,

2029 1923 2114 1978 Dei
2142 1921 2381 1978 Verbum
2415 1924 2469 1977 in
2504 1933 2680 1979 terras
2705 1922 2992 1993 delapsum
3024 1923 3081 1976 in
3113 1921 3243 1977 Jesu
3266 1961 3280 1986 ,
3318 1919 3412 1989 qui
3442 1918 3607 1972 homo

318 2013 420 2066 iul.
447 2012 604 2079 ἅγιον
637 2010 864 2079 Πνεῦμα
893 2009 953 2062 τὸ
995 2009 1151 2078 ἇγιον
1192 2010 1421 2082 Πνεῦμα
1441 2028 1454 2041 ·
1489 2010 1626 2064 ἀλλά
1661 2006 1741 2076 εἷς
1786 2012 1918 2076 Θεὸς

319 2104 354 2155 ὁ
395 2101 590 2173 Πατὴρ
630 2102 725 2153 καὶ
761 2100 892 2163 Υἱὸς
933 2100 1099 2153 αὑτοῦ
1136 2102 1194 2154 ἐν
1240 2101 1410 2173 αὐτῷ,
1441 2101 1518 2166 ὡς
1552 2101 1710 2170 λόγος
1738 2104 1797 2156 ἐν
1827 2104 1920 2156 ἀν-

2028 2029 2214 2069 merus
2267 2021 2452 2080 esset,
2518 2014 2819 2069 habitasse.
2890 2014 2965 2066 ita
3019 2028 3192 2073 unus,
3243 2010 3421 2079 inquit
3475 2011 3604 2072 ille,

2029 2105 2172 2161 Deus
2203 2121 2329 2172 e5t;
2369 2121 2549 2176 neque
2578 2115 2672 2159 aut
2714 2105 2877 2160 Pater
2913 2113 3002 2160 est
3038 2102 3237 2168 Pater,
3291 2113 3386 2157 aut
3431 2102 3620 2157 Filius

320 2187 552 2259 θρώπῳ.
601 2187 772 2259 Δῆθεν
803 2187 911 2240 ἀπὸ
952 2187 1062 2241 τῶν
1110 2190 1423 2262 μαρτυριῶν
1465 2190 1671 2245 τούτων
1721 2193 1917 2245 ἑαυτοῦ

2029 2196 2202 2252 Filius
2225 2237 2241 2263 ,
2278 2205 2370 2251 aut
2403 2195 2644 2268 Spiritus
2681 2204 2911 2252 sanctus
2945 2195 3186 2265 Spiritus
3234 2204 3320 2250 est
3353 2204 3604 2250 sanctus.

319 2286 426 2356 τὴν
485 2285 698 2356 αἵρεσιν
734 2284 1194 2355 προϐαλλόμενος,
1237 2286 1346 2338 ἀπὸ
1381 2284 1476 2338 τοῦ
1509 2285 1788 2356 εἰρηκέναι
1827 2284 1919 2338 τὸν

2029 2288 2141 2343 lmo
2198 2303 2329 2343 vero
2372 2287 2517 2343 Deus
2562 2304 2706 2344 unus
2742 2295 2828 2344 est
2858 2287 3022 2343 Pater
3065 2297 3120 2343 et
3160 2289 3324 2358 hujus
3371 2288 3426 2342 in
3486 2289 3606 2359 ipso

321 2376 601 2429 Μωῦσέα·
635 2377 855 2445 Κύριος
894 2379 928 2430 ὀ
965 2377 1111 2442 Θεός
1161 2391 1299 2441 σου,
1334 2376 1554 2445 Κύριος
1594 2372 1682 2441 εἷς
1724 2377 1915 2431 ἐστιν.

2029 2380 2248 2444 Filius,
2298 2390 2358 2435 ut
2391 2389 2489 2438 esti
2534 2382 2588 2436 in
2637 2382 2858 2437 homine
2916 2396 3120 2436 sermo.
3167 2380 3342 2447 Quam
3385 2381 3605 2451 quidem

323 2471 404 2523 υὺ
449 2470 650 2538 φάσκει
695 2471 754 2523 δὲ
800 2462 955 2534 οὗτος
989 2470 1130 2524 κατὰ
1173 2469 1266 2523 τὸν
1292 2468 1525 2540 Νόητον,
1561 2469 1652 2522 τὸν
1695 2469 1920 2541 Πατέρα

2031 2474 2353 2545 Opinionem
2396 2478 2462 2529 ex
2511 2474 2645 2530 iisce
2679 2474 2796 2529 fere
2839 2473 3172 2530 testimoniis
3210 2474 3437 2543 colligit.
3485 2472 3610 2526 Pri-

325 2563 692 2618 πεπονθέναι·
727 2565 864 2618 ἀλλά
891 2581 1086 2636 φησιν,
1132 2562 1332 2619 Ἐλθὼν
1369 2565 1398 2617 6
1432 2565 1604 2634 Λόγος
1655 2565 1924 2636 ἐνήργησε

2034 2583 2215 2632 mum,
2255 2568 2402 2638 quod
2438 2566 2651 2639 Moyses
2696 2567 2935 2622 dixerit:
2968 2566 3228 2620 Dominus
3265 2565 3406 2619 Deus
3454 2575 3572 2618 tuus
3594 2604 3608 2628 ,

327 2657 495 2728 μόνος
513 2696 530 2721 ,
576 2657 669 2710 καὶ
724 2657 926 2728 ἀνῆλθε
964 2657 1101 2730 πρὸς
1150 2657 1242 2711 τὸν
1299 2656 1538 2728 Πατέρα.
1603 2657 1714 2710 Καὶ
1755 2657 1924 2728 πολλὴ

2033 2655 2292 2712 Dominus
2323 2675 2459 2712 unus
2487 2667 2566 2713 est
2595 2661 2636 2713 '.
2670 2657 2856 2728 Neque
2887 2674 3016 2713 vero
3042 2673 3166 2711 eum
3195 2655 3366 2712 Noeto
3396 2656 3609 2710 Patrem

324 2748 484 2822 παρὰ
507 2748 684 2821 τούτῳ
711 2751 745 2820 ἡ
777 2748 1000 2804 ἀτοπία.

2034 2750 2125 2806 ille
2153 2766 2376 2823 passum
2420 2766 2544 2806 esse
2585 2749 2814 2815 definit;
2867 2749 2962 2804 sed
2992 2749 3167 2805 solum
3195 2789 3210 2812 ,
3250 2748 3462 2819 inquit,
3509 2751 3608 2803 ad-

325 2844 561 2897 veniens
590 2842 830 2897 Verbum
882 2851 1058 2898 totum
1097 2842 1236 2898 illud
1288 2842 1734 2908 administravit,
1769 2851 1825 2898 et
1857 2842 1926 2897 ad
1970 2841 2188 2901 Patrem
2225 2846 2468 2902 revertit.
2501 2846 2579 2899 Ac
2623 2853 2751 2898 sunt
2774 2845 2958 2899 onmia
3004 2859 3125 2915 quae
3159 2843 3229 2898 ab
3268 2844 3362 2897 illo
3415 2844 3612 2898 dicun-

324 2942 422 2987 tur
455 2951 591 2990 sane
616 2951 776 3005 quam
808 2935 1069 2991 absurda.

402 3028 482 3080 B'.
525 3028 752 3099 Ἴδωμεν
796 3028 855 3081 δὲ
896 3030 944 3082 εὶ
987 3031 1035 3082 οἱ
1082 3029 1229 3098 λόγοι
1275 3029 1442 3084 αὐτοῦ
1491 3030 1922 3100 συσταθήσονται

2105 3027 2170 3084 ll.
2199 3027 2496 3084 Videamus
2529 3030 2700 3099 igitur
2731 3028 2929 3098 ecquid
2964 3029 3225 3099 opinione
3259 3028 3384 3084 falsi
3433 3031 3613 3085 Immi-

325 3120 427 3172 τοῦ
482 3120 856 3191 ἠπατημένου.
904 3121 1106 3175 Φάσκει
1139 3122 1276 3193 γὰρ,
1324 3123 1409 3175 ὅτι
1460 3119 1641 3176 εἴπενο
1686 3120 1826 3190 Ἐγὼ
1858 3122 1924 3175 ἐν

2034 3124 2121 3178 nis
2143 3132 2396 3177 constare
2420 3124 2597 3192 possit
2625 3126 2825 3176 oratio.
2854 3122 2986 3175 Nam
3015 3123 3089 3175 ita
3113 3124 3368 3193 proponit
3392 3141 3404 3176 :
3442 3123 3610 3186 Dixit,

326 3211 414 3277 τῷ
456 3211 678 3279 Πατρὶ,
722 3213 822 3267 καὶ
867 3215 901 3267 ὀ
933 3213 1138 3284 Πατὴρ
1186 3215 1256 3267 ἐν
1297 3213 1448 3284 ἐμοί.
1502 3215 1612 3266 Καὶ
1663 3213 1820 3266 αὐτοὶ
1869 3213 1928 3266 δέ

327 3321 517 3374 φαμεν
559 3305 627 3359 ὲκ
673 3305 889 3377 Πατρὸς
935 3306 1069 3360 Θεὸν
1122 3307 1314 3376 Λόγον,
1369 3307 1464 3360 καὶ
1501 3306 1616 3377 μετ’
1648 3303 1812 3358 αὐτοῦ
1842 3305 1931 3359 ἀεὶ

326 3397 464 3452 ὄντα
497 3398 557 3464 ἐξ
597 3398 760 3451 αὑτοῦ
793 3399 1213 3470 γεγεννημένον.
1251 3399 1390 3452 Ἀλλ’
1411 3400 1532 3470 οὐχὶ
1575 3399 1667 3452 τὸν
1712 3397 1930 3469 Πατέρα

327 3491 566 3561 λέγομεν
599 3491 726 3546 ἄνευ
765 3493 940 3562 Λόγου
973 3493 1361 3547 ἐνυποστάτου.
1403 3493 1540 3546 Ἀλλ’
1566 3495 1594 3547 6
1623 3493 1795 3561 Λόγος
1833 3491 1929 3545 τοῦ

330 3585 551 3657 Πατρὺς
574 3586 602 3638 ὁ
638 3586 934 3657 μονογενὴς
961 3585 1090 3650 Υἱὸς
1116 3585 1250 3650 Θεὸς
1278 3586 1471 3654 Λόγος,
1500 3585 1576 3648 ὡς
1605 3585 1739 3655 φησί
1758 3603 1771 3614 ·
1804 3584 1931 3651 Πᾶς

328 3681 367 3732 ό
396 3676 710 3747 ὁμολογῶν
749 3677 821 3731 ἐν
860 3677 1024 3745 ἐμοὶ,
1071 3677 1428 3750 ὁμολογήσω
1468 3676 1632 3747 κάγὼ
1665 3678 1734 3731 ἐν
1771 3676 1932 3743 αὐτῷ

327 3769 680 3838 ἔμπροσθεν
705 3769 813 3824 τοῦ
853 3771 1084 3839 Πατρός
1131 3788 1271 3840 μου,
1314 3770 1388 3822 Τὸ
1420 3769 1496 3832 δὲ,
1529 3769 1602 3822 ἐν
1643 3769 1798 3837 ἐμοὶ,
1831 3770 1930 3838 ἐμ-

330 3862 610 3929 προσθεν
647 3859 754 3914 τοῦ
795 3862 1028 3929 Πατρός
1055 3879 1198 3931 μου,
1243 3861 1412 3927 ἔδειξε
1444 3860 1603 3930 φύσει
1634 3861 1932 3913 ἐνυπόστα-

329 3968 427 4003 τον
465 3949 557 4003 τὸν
594 3951 833 4023 Πατέρα.
889 3946 1048 4006 υῦτοι
1089 3953 1181 4016 δὲ,
1230 3951 1324 4006 τὸν
1376 3951 1704 4022 Ἰουδαῖσμὸν
1748 3968 1930 4022 παρα-

331 4043 676 4114 φθείροντες,
703 4043 860 4098 οὐδὲν
887 4045 1278 4117 περισσότερον
1303 4043 1414 4098 τῶν
1440 4042 1708 4098 Ἰουδαίων
1735 4060 1934 4111 κεκτη-

337 4135 516 4206 μένοι,
556 4135 800 4207 δεύτεροι
835 4137 1080 4191 Ἰουδαῖοι
1128 4137 1517 4207 κληθήσονται,
1550 4135 1646 4189 καὶ
1679 4137 1931 4206 Σαμοσα-

331 4229 519 4292 τίται,
567 4228 734 4299 μηδὲν
786 4228 976 4301 ἕτερον
1030 4229 1184 4294 ὄντες
1238 4229 1272 4300 ἧ
1324 4229 1403 4299 τῷ
1454 4229 1678 4299 ὀνόματι
1710 4229 1726 4258 ¹
1774 4228 1933 4297 μόνον

331 4318 514 4389 οἰήσει
567 4319 980 4390 προῖσχημένοι.
1017 4321 1122 4372 Τὸν
1168 4319 1279 4390 γὰρ
1328 4322 1392 4373 ὲκ
1437 4319 1572 4372 Θεοῦ
1628 4318 1759 4372 Θεὸν
1806 4319 1932 4372 Υἰὸν

337 4410 608 4480 μονογενῆ
642 4411 737 4464 καὶ
769 4411 940 4480 Λόγον
970 4411 1334 4482 ἀρνούμενοι,
1364 4411 1564 4465 ἐκεῖνοι
1596 4411 1732 4464 εἰσιν
1759 4413 1932 4465 όποῖοι

2031 3213 2239 3286 inquit,
2263 3212 2549 3268 Christus:
2574 3211 2687 3283 Ego
2713 3214 2769 3265 in
2787 3211 2952 3268 Patre
2970 3257 2984 3280 ,
3009 3223 3059 3267 et
3082 3214 3242 3268 Pater
3267 3216 3323 3267 in
3356 3232 3437 3268 me
3461 3227 3538 3269 est
3568 3218 3610 3268 ³.

2031 3305 2100 3360 Et
2130 3319 2231 3360 nos
2261 3303 2408 3359 istud
2453 3319 2562 3358 una
2605 3304 2946 3374 proﬁtemur,
2998 3319 3085 3359 οι·
3119 3303 3280 3361 Patre
3310 3306 3614 3375 profectum

2031 3413 2155 3454 esse
2186 3398 2357 3452 Deum
2388 3393 2657 3463 Verbum,
2698 3411 2763 3452 ac
2791 3413 2917 3452 cum
2947 3397 3138 3452 eodem
3163 3413 3286 3453 esse
3315 3409 3578 3470 perpetuo
3599 3443 3611 3460 .

2030 3491 2101 3546 ab
2129 3505 2305 3560 eoque
2339 3488 2710 3559 progenitum.
2745 3487 2854 3544 Sed
2904 3504 3014 3542 non
3063 3489 3184 3542 ideo
3231 3487 3448 3543 Patrem
3496 3490 3618 3544 sine

2033 3582 2368 3638 subsistente
2399 3579 2579 3636 Verbo
2611 3595 2736 3636 esse
2773 3580 3032 3636 dicimus.
3078 3579 3338 3647 Quinimo
3372 3579 3614 3638 Verbum

2031 3673 2249 3740 Patris,
2304 3671 2538 3743 unigena
2586 3670 2762 3728 Filius
2808 3671 2951 3728 Deus
3011 3681 3095 3728 est
3134 3671 3405 3739 Verbum,
3453 3683 3514 3728 ut
3562 3685 3618 3728 ct

2033 3767 2150 3836 ipse
2175 3765 2420 3820 declarat
2445 3783 2459 3819 :
2500 3763 2728 3819 Omnino
2757 3765 2848 3836 qui
2876 3767 3156 3834 conﬁtetur
3187 3767 3242 3820 in
3275 3783 3357 3848 ille
3379 3808 3393 3833 ,
3442 3769 3615 3834 con/i—

2035 3857 2180 3911 tebor
2208 3867 2256 3911 et
2278 3873 2368 3928 ego
2399 3858 2452 3910 in
2482 3857 2576 3910 illo
2599 3873 2780 3910 coram
2808 3856 2970 3911 Patre
3000 3875 3114 3912 meo
3147 3865 3190 3921 ι,
3222 3859 3313 3912 ubi
3349 3859 3464 3915 haec
3498 3860 3616 3931 ipsa

2032 3951 2222 4014 verba,
2254 3950 2308 4002 in
2338 3965 2448 4016 me,
2486 3965 2667 4002 coram
2699 3947 2862 4003 Patre
2890 3966 3024 4015 meo,
3056 3949 3270 4005 Patrem
3308 3951 3484 4020 ipsum
3519 3968 3618 4006 na—

2033 4052 2155 4096 tura
2184 4055 2283 4094 sua
2315 4040 2622 4096 subsistere
2659 4040 3063 4096 demonstrant.
3098 4042 3167 4094 At
3199 4042 3290 4098 isti
3327 4041 3618 4099 Judaicam

2033 4133 2348 4204 Opinionem
2402 4133 2834 4203 interpolantes,
2881 4149 3057 4204 neque
3090 4135 3388 4205 quidquam
3418 4135 3487 4189 iis
3523 4135 3622 4189 ha-

2034 4226 2224 4281 bentes
2253 4225 2521 4295 amplius,
2566 4225 2736 4280 Judaei
2785 4227 2941 4281 alteri
2991 4226 3317 4282 nominandi
3361 4240 3527 4291 sunt,
3567 4240 3620 4278 ιιι

2036 4317 2418 4386 Samosateni,
2454 4335 2634 4388 neque
2673 4319 2821 4374 aliud
2856 4319 3082 4374 omnino
3127 4327 3292 4386 sunt,
3331 4335 3396 4375 ac
3440 4321 3618 4375 solum

2035 4425 2232 4464 nomen
2261 4407 2391 4465 Jesu
2417 4426 2529 4480 prae
2554 4426 2612 4465 se
2636 4408 2844 4465 ferunt.
2868 4408 3004 4463 Nam
3028 4426 3152 4465 cum
3185 4410 3355 4467 Deum
3387 4427 3454 4465 ex
3487 4409 3623 4474 Deo,

332 4505 432 4557 καὶ
457 4504 510 4555 οἱ
542 4503 706 4556 αὑτὸν
757 4505 814 4556 ὲν
843 4507 908 4574 τῇ
942 4505 1213 4576 παρουσίᾳ
1244 4505 1630 4575 ἀρνησάμενοι,
1662 4502 1924 4557 θεοκτόνοι

2040 4504 2443 4574 unigenamque
2486 4494 2684 4561 Filium
2729 4519 2794 4565 ac
2831 4501 3070 4558 Verbum
3123 4504 3429 4574 abnegeut,
3474 4503 3624 4571 ejus-

329 4611 396 4647 τε
450 4595 546 4647 καὶ
601 4595 937 4666 κυριοκτόνοι
961 4636 976 4660 ,
1033 4599 1121 4650 καὶ
1181 4595 1568 4668 ὲπαρνησίθεοι
1627 4597 1929 4665 γεγονότες.

331 4686 566 4757 Τάληθῆ
611 4687 698 4750 δὲ,
743 4688 826 4740 ὄτι
865 4686 988 4741 οὔτε
1029 4689 1332 4759 περιτομὴν
1381 4689 1458 4759 (4)
1518 4687 1752 4758 ἔχουσιν,
1807 4687 1931 4741 οὕτε

335 4778 613 4832 σάϐϐατον
657 4780 1016 4850 φυλάσσουσι,
1059 4781 1154 4834 καὶ
1187 4780 1255 4834 τὰ
1285 4779 1421 4834 ἀλλα
1468 4776 1647 4833 πάντα
1681 4781 1931 4852 καθάπερ

347 4871 617 4926 Ἰουδαῖοι.

2040 4596 2183 4651 modi
2215 4605 2379 4660 sunt,
2413 4597 2605 4666 quales
2639 4596 2676 4650 ii
2713 4595 2937 4650 fuerunt
2965 4596 3058 4666 qui
3095 4602 3420 4666 praesentem
3465 4595 3620 4648 illum

2034 4691 2358 4760 cjurarunt,
2410 4690 2512 4744 hoc
2547 4699 2633 4744 est
2666 4688 2761 4742 Dei
2813 4704 2877 4744 ac
2929 4688 3147 4745 Domini
3187 4689 3478 4759 parricida:
3506 4727 3520 4750 ,
3565 4695 3622 4741 et

2035 4783 2278 4850 ejusdem
2317 4782 2412 4836 Dei
2447 4790 2757 4852 negatores.
2795 4782 3119 4851 Quanquam
3162 4796 3340 4851 neque
3383 4780 3624 4834 circum-

2033 4875 2301 4929 cisionem
2331 4874 2620 4934 adhibent.
2655 4891 2832 4944 neque
2856 4875 3025 4945 609
3050 4874 3347 4929 Sabbatum
3371 4913 3385 4937 ,
3413 4873 3623 4926 aliosve

2033 4965 2343 5020 ludatur-usu
2378 4966 2516 5020 ritus
2543 4966 2858 5021 observant.

411 5078 429 5108 ¹
463 5075 592 5130 For.
617 5079 808 5148 ὅνομα,
839 5089 893 5134 ει
923 5079 1337 5151 προϊσχόμενον.
1415 5083 1436 5112 ²
1468 5081 1623 5137 Deut.
1652 5097 1725 5146 vi,
1752 5083 1805 5138 ί.
1884 5082 1904 5113 ³

2029 5099 2100 5136 ιη.
2135 5096 2247 5145 xxv,
2292 5082 2382 5136 10.
2456 5083 2477 5112 ⁸
2515 5080 2704 5136 Matth.
2736 5098 2789 5146 Χ,
2819 5082 2905 5136 5'2.

407 5237 490 5310 (Ι)
544 5239 641 5291 Ἐν
672 5240 1336 5312 ἡμέραις-Αὐρηλιανοῦ.
1359 5241 1473 5297 lmo
1505 5258 1638 5298 vero
1671 5255 1775 5299 sun
1803 5241 1925 5297 Gal-

331 5310 484 5364 lieno
527 5317 656 5379 post
703 5310 1034 5366 Demetriaui
1078 5310 1310 5378 obitum.
1361 5313 1633 5370 Eusebius
1693 5314 1789 5368 lib.
1845 5330 1926 5368 νιι

334 5379 550 5455 Hister.
576 5395 698 5455 cap.
727 5380 819 5433 22.
855 5381 1122 5452 Imposuit
1170 5384 1477 5455 Epiphanio
1513 5384 1656 5455 quod
1683 5386 1786 5440 sub
1814 5383 1927 5438 Au-

333 5451 552 5525 reliano
615 5451 1018 5525 damnatus’et
1101 5451 1420 5525 episcopatu
1485 5451 1733 5524 dejectus
1804 5465 1925 5520 est;

334 5522 590 5595 adeoque
618 5522 1169 5595 Aurelianidecrcto,
1207 5522 1355 5595 quod
1388 5522 1689 5582 Christiani
1719 5527 1931 5579 antisti-

290 5601 429 5679 .tes
465 5593 856 5679 impetrarunt.
899 5593 1005 5650 Sed
1059 5593 1440 5667 episcopatum
1499 5598 1709 5668 aliquot
1768 5598 1930 5651 annis

333 5671 470 5716 ante
501 5674 745 5730 ceperat.

409 5731 489 5808 (2)
537 5732 659 5808 Τὴν
682 5735 918 5802 αἵρεσιν·
939 5737 1478 5808 τοῦνῘΑρτὲμωνος.
1507 5737 1753 5793 Meminit
1812 5737 1923 5792 Eu-

336 5804 532 5881 sebius
563 5805 659 5881 lib.
695 5822 747 5868 ν,
781 5822 904 5881 cap.
929 5806 1022 5881 27;
1057 5804 1284 5878 Niceph'.
1310 5811 1402 5866 lib.
1436 5804 1509 5876 iv,
1535 5825 1655 5881 cap.
1671 5811 1762 5866 20.
1790 5808 1925 5866 Vide

336 5874 483 5946 Aug.
513 5875 569 5930 in
599 5875 797 5932 hazrcsi
829 5874 1236 5936 Paulianorum.

2100 5243 2176 5313 ('5)
2195 5242 2423 5310 Ὥσπερ
2440 5241 2644 5311 ἀμέλει
2668 5243 2765 5296 καὶ
2783 5241 3178 5313 agitat-5.1.1109
3197 5239 3410 5313 Novati
3421 5256 3620 5296 nomen

2031 5310 2317 5384 perperam
2351 5310 2590 5382 irrepsit.
2637 5313 2770 5366 Nam
2824 5311 3138 5384 Novatiaui,
3170 5310 3320 5380 quod
3371 5311 3621 5365 Trinita-

2032 5381 2149 5439 teni
2179 5387 2394 5447 attinet,
2430 5381 2566 5437 nihil
2610 5400 2638 5437 a
2671 5383 2975 5436 Catholicis
3018 5381 3426 5448 dissenserunt,
3463 5392 3520 5435 ut
3563 5385 3619 5437 in

2034 5455 2332 5510 Annalibus
2358 5454 2545 5509 docuit
2568 5454 2768 5510 Baron.
2802 5468 2892 5506 au.
2924 5452 3055 5507 9.65.

2107 5527 2185 5594 (4)
2220 5524 2458 5593 Τάληθῆ
2486 5523 2680 5586 ὃὲ,ὅτι
2709 5527 2848 5579 οὔτε
2877 5520 3222 5591 περιτομήν.
3254 5521 3484 5577 Frustra
3517 5523 3620 5592 igi-

2038 5605 2129 5650 tur
2158 5593 2212 5649 in
2244 5596 2364 5664 ejus
2380 5597 2573 5650 haeresi
2602 5596 2930 5650 Philastrius
2954 5593 3435 5648 circumcisionem
3465 5594 3619 5647 illiilli

2041 5668 2298 5722 docuisse
2326 5667 2648 5732 conﬁrmat;
2676 5666 2821 5736 quod
2848 5681 3022 5734 neque
3045 5665 3415 5736 Augustinus,
3438 5680 3618 5733 neque

2035 5741 2297 5809 synodica
2359 5738 2450 5790 illa
2504 5734 2830 5792 Antiocheni
2884 5736 3128 5809 concilii,
3173 5735 3319 5809 quod
3353 5734 3622 5788 adversus

2034 5807 2290 5936 Ξιιᾶιιάειυ
2325 5809 2663 5865 celebratum
2710 5816 2814 5877 est,
2848 5822 2949 5865 nec
2991 5807 3132 5864 alius
3171 5807 3464 5880 quisquam
3501 5817 3624 5874 pro-

2075 5896 2088 5933 l
2133 5891 2193 5936 it.

2075 5891 2193 5937 ιαιι.
