4076 6392
418 437 488 496 ιτς
1834 426 1888 482 S.
1933 426 2008 481 ΕΡ

2111 424 2278 482 IAN"
3623 428 3693 484 16

489 554 576 610 Ill.
621 551 910 616 Enimvero
939 563 1113 619 neque
1138 562 1237 603 nos
1263 545 1366 618 ipsi
1392 545 1530 601 duos
1570 561 1694 601 esse
1731 543 1868 600 Deos
1909 546 1991 600 di-

2165 547 2236 598 l“.
2278 545 2390 598 Καὶ
2433 543 2541 618 γὰρ
2587 543 2665 616 τῷ
2717 543 2831 598 ὄντι
2880 543 2974 597 καὶ
3026 542 3180 598 αὑτοὶ
3241 542 3302 597 οὑ
3367 541 3458 598 δὺο
3511 545 3692 616 φαμὲν

433 647 806 716 vinitatesque
829 643 966 698 duas
987 684 1000 709 ,
1042 639 1136 697 sed
1165 655 1328 695 unam
1358 639 1623 693 duntaxat
1657 639 1956 694 asserimus
1983 679 1998 703 ,

426 753 553 796 cum
587 753 764 810 neque
795 735 985 791 Patres
1011 734 1412 790 constituamus
1441 731 1602 797 duos,
1634 747 1810 802 neque
1835 730 2002 787 Filios

427 832 558 886 item
587 829 750 895 duos,
781 837 876 884 aut
905 826 1043 883 duos
1096 825 1334 897 Spiritus
1382 832 1602 880 sanctos
1654 824 1748 880 sed
1785 823 2001 880 Patrem

427 927 480 976 et
510 919 710 976 Filium
735 935 797 975 ac
825 919 1090 989 Spiritum
1123 925 1409 982 sanctum,
1435 915 1773 971 divinitatem
1798 931 1962 970 unam
1985 957 2000 981 ,

423 1027 701 1084 unamque
721 1013 884 1067 trium
910 1009 1356 1082 praedicationem
1382 1024 1446 1063 ac
1470 1009 1718 1080 gloriam.
1747 1007 1853 1063 Iste
1875 1023 2004 1063 vero

426 1119 536 1158 non
569 1119 738 1158 unum
773 1101 978 1157 idcirco
1002 1097 1174 1154 Deum
1197 1112 1320 1154 esse
1341 1097 1657 1161 confitetur,
1682 1095 1826 1166 quod
1855 1095 2006 1149 velut

424 1193 551 1250 fons
582 1193 804 1266 quidam
850 1194 922 1247 sit
960 1189 1144 1253 Pater,
1199 1189 1292 1245 sed
1343 1202 1510 1242 unum
1555 1186 1804 1242 absolute
1832 1183 2004 1240 Deum

425 1286 591 1351 facit,
627 1300 727 1345 ac.
761 1290 1027 1355 quantum
1062 1281 1118 1335 in
1150 1280 1271 1351 ipso
1313 1286 1429 1346 est,
1469 1276 1594 1333 Filii
1641 1292 1707 1333 ac
1760 1275 2002 1346 Spiritus

426 1378 601 1434 sancti
629 1377 970 1432 divinitatem
1007 1389 1071 1430 ac
1099 1372 1507 1429 subsistentiam
1537 1370 1762 1427 evertit:
1785 1367 2005 1424 Patrem

423 1467 606 1539 ipsum
654 1473 914 1537 praeterea
957 1465 1030 1518 ita
1063 1478 1187 1520 esse
1228 1460 1398 1518 Deum
1434 1476 1604 1516 unum
1647 1458 1912 1524 aﬂirmat,
1946 1467 2008 1514 ut

425 1560 573 1614 omni
604 1559 668 1613 ad
704 1555 1114 1629 producendum
1155 1553 1356 1609 Filium
1400 1551 1735 1608 fecunditate
1780 1557 2004 1618 careat;

426 1650 670 1721 adeoque
710 1647 1028 1720 imperfecta
1063 1647 1156 1702 illa
1189 1644 1302 1702 duo
1333 1646 1474 1711 sint,
1509 1643 1671 1701 Pater
1701 1651 1757 1700 et
1789 1643 1967 1700 Filius
1989 1684 2005 1710 ,

426 1756 660 1812 quorum
685 1740 774 1794 ille
799 1738 863 1793 ad
896 1736 1304 1808 producendum
1332 1735 1530 1790 Filium
1560 1736 1852 1808 genitalem
1890 1735 2004 1790 vim

425 1833 632 1888 nullam
671 1830 908 1896 habeat;
945 1829 1034 1883 hic
1069 1837 1248 1884 autem
1280 1867 1294 1893 ,
1335 1828 1479 1899 quod
1516 1835 1602 1884 est
1631 1825 1868 1882 viventis
1905 1823 2003 1880 Dei

2105 633 2241 689 εἶναι
2289 636 2491 699 Θεους,
2545 635 2666 689 οὑδὲ
2699 635 2990 708 θεότητας,
3031 635 3167 689 ἀλλὰ
3217 636 3345 706 μίαν
3418 635 3647 708 θεότητα
3673 655 3686 669 ·

2105 729 2292 800 ἐπειδὴ
2341 729 2450 800 γὰρ
2497 727 2622 781 οὔτε
2665 728 2759 781 δύο
2803 727 3036 799 λέγομεν
3089 727 3377 798 Πατέρας,
3432 725 3552 781 οὔτε
3599 729 3694 782 δύο

2106 822 2290 885 Υίοὺς,
2322 820 2445 876 οὒτε
2492 820 2585 874 δύο
2623 821 2920 892 Πνεὺματα
2951 820 3115 889 ἆγιαο
3163 818 3301 872 ἀλλὰ
3344 819 3566 890 Πατέρα
3598 821 3693 872 καὶ

2106 915 2236 967 Υίὸν
2277 916 2371 968 καὶ
2397 915 2551 983 ἅγιον
2591 913 2836 983 Πνεῦμα,
2881 912 3008 984 μίαν
3043 911 3292 982 Θεότητα,
3318 911 3457 982 μίαν
3485 909 3694 976 δοξολο-

2105 1007 2250 1075 γίαν.
2277 1001 2445 1070 Οὗτος
2469 1007 2526 1060 δὲ
2568 1007 2628 1060 οὑ
2671 1007 2818 1076 λέγει
2869 1007 3029 1078 μόνον
3075 1005 3233 1069 Θεὸν,
3269 1004 3360 1058 διὰ
3401 1004 3465 1058 τὸ
3509 1005 3692 1077 πηγὴν

2105 1092 2246 1154 εἶναι
2274 1097 2363 1151 τὸν
2392 1099 2631 1168 Πατέρα,
2667 1097 2803 1151 ἀλλὰ
2838 1098 2997 1168 μόνον
3023 1096 3177 1160 Θεὸν,
3207 1095 3448 1167 ἀναιρῶν
3477 1097 3602 1151 ὅσον
3631 1098 3693 1151 τὸ

2107 1188 2228 1239 κατ’
2255 1187 2417 1240 αὑτὸν
2449 1187 2550 1258 τὴν
2577 1186 2670 1240 τοῦ
2699 1186 2832 1241 Υἱοῦ
2860 1185 3090 1258 Θεότητα
3123 1187 3219 1239 καὶ
3247 1186 3568 1249 ὑπόστασιν,
3599 1187 3697 1240 καὶ

2107 1279 2200 1333 τοῦ
2242 1281 2398 1350 ἁγίου
2446 1281 2799 1351 Πνεὺματος·
2841 1280 2981 1351 ἔχων
3024 1279 3082 1333 δὲ
3118 1279 3281 1334 αὑτὸν
3335 1279 3427 1332 τὸν
3473 1279 3696 1350 Πατέρα

2108 1371 2203 1425 ἕνα
2230 1373 2385 1438 Θεὸν,
2427 1375 2620 1442 ἄγονον
2649 1371 2779 1427 Υίοῦ
2803 1389 2817 1402 ο
2847 1373 2922 1436 ὡς
2961 1367 3100 1426 εἴναι
3131 1371 3197 1425 τὰ
3233 1371 3328 1425 δύο
3359 1371 3543 1442 ἀτελῆ,
3583 1372 3695 1424 Ila-

2108 1466 2241 1537 τέρα
2280 1468 2374 1519 καὶ
2427 1466 2590 1520 Υἱόν·
2633 1466 2724 1520 τὸν
2779 1466 2878 1538 μὲν
2914 1466 3134 1537 Πατέρα
3170 1465 3364 1534 ἄγονον
3411 1464 3563 1533 Υίοῦ,
3599 1464 3695 1518 καὶ

2109 1557 2354 1629 ἄκαρπον
2385 1557 2475 1612 τὸν
2521 1558 2694 1627 Λόγον
2737 1557 2874 1612 Θεοῦ
2921 1557 3145 1624 ζῶντος,
3179 1559 3274 1612 καὶ
3323 1557 3512 1626 σοφίας
3563 1557 3694 1627 ἀλη-

2109 1648 2282 1720 θινῆς.
2325 1651 2496 1720 Λόγον
2556 1650 2685 1722 γὰρ,
2735 1645 2844 1705 οἷον
2898 1651 2988 1704 τὸν
3037 1652 3097 1704 ὲν
3157 1649 3357 1722 καρδίᾳ
3411 1645 3548 1703 εἶναι
3607 1665 3695 1701 νο·

2112 1741 2354 1815 μίζουσι,
2387 1744 2478 1796 καὶ
2516 1743 2727 1813 σοφίαν,
2767 1739 2878 1796 οἷον
2920 1745 2978 1797 ὲν
3020 1742 3168 1814 ψυχῇ
3221 1741 3512 1814 ἀνθρώπου
3563 1741 3695 1795 ἕκα-

2112 1852 2232 1898 στος
2261 1835 2393 1904 ἔχει,
2434 1833 2532 1906 τὴν
2563 1837 2626 1889 ὲκ
2660 1834 2796 1888 Θεοῦ
2845 1835 3104 1906 φρόνησιν
3137 1835 3202 1887 ὲκ
3237 1831 3372 1886 Θεοῦ
3423 1831 3696 1902 κεκτημέ

425 1922 665 1979 Verbum
714 1936 951 1992 veraque
988 1919 1291 1991 sapientia,
1357 1918 1507 1973 nullo
1557 1916 1720 1973 modo
1769 1915 1842 1972 sit
1884 1914 2005 1970 fru-

2111 1941 2215 1986 vo;.
2251 1924 2349 1976 Διὰ
2377 1923 2534 1976 τοῦτο
2570 1924 2862 1994 πρόσωπον
2891 1923 2950 1976 ἓν
2977 1923 3068 1977 τὸν
3100 1922 3234 1976 Θεὸν
3263 1922 3382 1993 ἅμα
3416 1921 3495 1991 τῷ
3533 1922 3693 1991 Λόγῳ

424 2023 671 2070 ctuosus.
718 2011 959 2068 Verbum
991 2012 1136 2066 enim
1185 2012 1292 2066 tale
1337 2026 1459 2066 esse
1488 2019 1722 2080 putant,
1754 2009 1918 2081 quale
1950 2009 2007 2063 in

425 2107 667 2164 hominis
691 2114 776 2163 est
804 2113 1026 2178 pectore
1047 2145 1062 2168 ,
1110 2113 1165 2160 et
1193 2103 1463 2173 ejusmodi
1494 2104 1848 2174 sapientiam,
1881 2118 2011 2173 qua-

428 2203 533 2257 lem
566 2201 621 2255 in
651 2200 834 2254 animo
857 2197 1085 2270 quilibet
1113 2196 1394 2251 hominum
1428 2195 1648 2251 insitam
1692 2209 1725 2248 a
1766 2192 1878 2250 Deo
1926 2197 2012 2248 in-

428 2293 720 2363 fusamque
747 2290 1008 2362 possidet.
1037 2288 1220 2356 Quare
1251 2301 1415 2342 unam
1461 2303 1585 2344 esse
1618 2285 1713 2342 Dei
1734 2285 2012 2357 Verbique

426 2397 717 2454 personam
751 2381 1107 2444 existimant,
1140 2395 1251 2434 non
1282 2393 1445 2434 secus
1477 2385 1643 2449 atque
1673 2379 1837 2434 homo
1865 2394 2011 2433 unus

426 2487 512 2532 est
541 2491 666 2531 cum
697 2474 866 2531 verbo
907 2487 1011 2530 suo
1042 2490 1056 2528 :
1089 2487 1267 2544 neque
1295 2470 1594 2543 quidquam
1635 2472 1899 2541 amplius,
1933 2471 2021 2526 nti'

425 2567 577 2631 dixi,
623 2580 785 2638 quam
833 2563 1046 2630 Judaei,
1095 2563 1152 2618 in
1203 2563 1462 2633 opinione
1513 2577 1614 2617 sua
1670 2573 2007 2633 posuerunt;

429 2659 558 2714 caeci
608 2657 898 2722 homines,
952 2672 1022 2710 ne
1067 2655 1350 2711 veritatem
1407 2654 1610 2710 intueri
1655 2656 1915 2725 possint,
1956 2662 2013 2710 et

428 2749 614 2816 surdi,
666 2765 736 2804 ne
783 2747 1030 2803 divinum
1085 2746 1310 2801 verbum
1379 2754 1544 2816 atque
1606 2753 1828 2801 aeterna:
1886 2747 2011 2807 vitae

428 2841 869 2914 pmdicationem
923 2838 1249 2910 percipiant.
1288 2836 1408 2892 Non
1457 2837 1602 2893 enim
1663 2838 1741 2892 illi
1785 2838 2010 2894 verissi-

427 2950 575 2989 mum
609 2933 884 3004 Evangelii
916 2931 1288 3003 testimonium
1321 2937 1581 2986 verentur
1609 2949 1622 2986 ε
1657 2929 1725 2985 1η
1751 2932 2012 3000 principio

427 3032 541 3077 erat
590 3021 810 3076 Verbum
834 3062 846 3085 ,
885 3030 933 3076 et
975 3019 1204 3074 Verbum
1232 3029 1346 3074 erat
1392 3019 1532 3088 apud
1564 3019 1758 3085 Deum,
1788 3030 1839 3076 et
1869 3020 2011 3075 Deus

425 3124 541 3168 erat
582 3113 827 3169 Verbum.
866 3113 1063 3168 Omnia
1107 3128 1200 3182 per
1231 3111 1406 3180 ipsum
1437 3113 1583 3178 facta
1607 3121 1760 3175 sunt,
1804 3120 1855 3167 et
1901 3113 2013 3168 sine

426 3209 540 3278 ipso
568 3209 768 3273 factum
799 3216 876 3261 est
906 3205 1070 3267 nihil,
1101 3204 1243 3275 quod
1284 3203 1487 3273 factum
1528 3219 1606 3258 est
1636 3198 1745 3257 '.Si
1764 3205 1907 3260 enim
1956 3207 2013 3262 in

2112 2015 2296 2088 φασὶν,
2327 2015 2402 2078 ὡς
2433 2015 2720 2087 ἄνθρωπον
2753 2017 2848 2070 ἕνα
2884 2017 2978 2070 καὶ
3003 2015 3092 2068 τὸν
3123 2015 3288 2068 αὑτοῦ
3319 2014 3476 2083 λόγον
3497 2030 3510 2043 ·
3541 2013 3692 2066 οὐδὲν

2112 2107 2271 2160 πλέον
2313 2107 2422 2160 τῶν
2460 2107 2747 2172 Ἰουδαίων,
2775 2108 2851 2171 ὼς
2880 2108 3038 2180 ἔφην,
3069 2106 3403 2173 δοξάζοντες,
3443 2103 3693 2174 τυφλώτ-

2109 2217 2290 2263 τοντες
2326 2199 2433 2252 ἀπὸ
2464 2200 2562 2270 τῆς
2593 2200 2870 2272 ἀληθείας,
2906 2201 3002 2254 καὶ
3039 2198 3431 2270 κεκωφωμένοι
3460 2196 3571 2250 ἀπὸ
3599 2196 3696 2250 τοῦ

2112 2293 2256 2347 θείου
2305 2293 2466 2361 λόγου
2530 2293 2625 2346 καὶ
2673 2292 3028 2365 κηρύγματος
3072 2293 3170 2364 τῆς
3219 2291 3365 2362 ζωῆς
3409 2292 3509 2362 τῆς
3561 2292 3695 2344 αἰω-

2111 2384 2247 2438 νίου.
2289 2383 2426 2438 Οὑτε
2468 2384 2577 2457 γὰρ
2604 2384 2875 2439 αἰδοῦνται
2899 2384 2991 2439 τὸν
3031 2383 3204 2456 ἀληθῆ
3231 2383 3326 2437 τοῦ
3363 2382 3695 2453 Εὑαγγελίου

2110 2475 2267 2545 λόγον
2303 2475 2395 2529 τὸν
2427 2475 2681 2545 λέγονταο
2723 2477 2820 2530 Ἐν
2855 2474 3014 2545 ἀρχῇ
3056 2472 3134 2546 ἦν
3174 2478 3208 2530 ὁ
3255 2476 3475 2546 Λόγος,
3525 2474 3625 2528 καὶ
3663 2476 3696 2527 ό

2110 2567 2302 2636 Λόγος
2333 2561 2412 2634 ἦν
2447 2566 2595 2634 πρὸς
2630 2564 2737 2619 τὸν
2781 2564 2949 2630 Θεὸν,
2989 2564 3090 2619 καὶ
3127 2564 3274 2632 Θεὸς
3299 2560 3380 2635 ἦν
3414 2566 3447 2618 ό
3478 2563 3694 2632 Λόγος.

2111 2659 2314 2713 Πάντα
2347 2658 2420 2712 δι’
2460 2659 2648 2713 αὑτοῦ
2691 2657 2948 2729 ἐγένετο,
2986 2657 3086 2712 καί
3125 2657 3304 2727 χωρὶς
3337 2656 3525 2711 αὐτοῦ
3566 2653 3698 2725 ὲγέ-

2110 2757 2247 2804 νετο
2287 2750 2429 2806 οὐδὲ
2468 2749 2558 2817 ἐν,
2599 2751 2630 2804 ὃ
2664 2750 2930 2821 γέγονεν.
2977 2751 3041 2805 Εἰ
3079 2750 3190 2822 γὰρ
3229 2750 3301 2803 ἐν
3335 2748 3493 2819 ἀρχῇ
3544 2745 3623 2818 ἦν
3663 2749 3698 2800 ό

2111 2842 2334 2912 Λόγος,
2387 2841 2484 2895 καὶ
2523 2844 2556 2895 ό
2608 2839 2799 2911 Λόγος
2842 2837 2921 2911 ἦν
2964 2840 3114 2910 πρὸς
3165 2840 3273 2894 τὸν
3317 2841 3485 2904 Θεὸν,
3529 2839 3592 2892 τὸ
3638 2839 3697 2891 ὂν

2113 2930 2252 2986 εἶναι
2281 2935 2304 2966 ⁵
2343 2933 2406 2987 οὑ
2444 2933 2587 2988 κατὰ
2635 2933 2734 3005 τὴν
2797 2933 3082 3005 προφορὰν
3143 2933 3302 3004 μόνον
3345 2932 3512 2994 ἐστὶν,
3561 2930 3696 2984 ἀλλὰ

2115 3024 2258 3079 κατὰ
2296 3025 2394 3097 τὴν
2422 3025 2744 3081 ὑπόστασιν.
2779 3025 2891 3080 Kal.
2931 3027 2978 3080 εί
3020 3029 3053 3080 ό
3076 3027 3265 3096 Λόγος
3301 3020 3380 3096 ἦν
3408 3021 3558 3092 πρὸς
3592 3022 3698 3075 τὸν

2115 3117 2285 3184 Θεὸν,
2316 3117 2414 3188 οὑχ
2441 3117 2470 3169 ὁ
2493 3117 2665 3186 Λόγος
2695 3118 2810 3170 ἐστὶ
2840 3118 2980 3189 πρὸς
3004 3117 3064 3170 δν
3090 3112 3179 3189 ἦν.
3203 3116 3336 3171 Οὑδὲ
3363 3117 3472 3186 γὰρ
3499 3117 3527 3168 ὁ
3562 3115 3697 3186 πρὸς

2111 3207 2171 3261 ὃν
2197 3205 2288 3280 ἦν,
2319 3207 2435 3264 ἐστι
2467 3209 2658 3277 Λόγος.

425 3303 685 3371 principio
729 3299 949 3355 Verbum
973 3309 1120 3367 erat,
1167 3308 1216 3354 et
1257 3297 1484 3352 Verbum
1524 3307 1639 3352 erat
1675 3297 1817 3368 apud
1852 3297 2020 3354 Deum
2042 3341 2057 3367 ,
2099 3301 2204 3357 hoc
2239 3302 2414 3372 ipsum
2448 3304 2594 3372 quod
2625 3302 2826 3358 dicitur
2853 3316 3010 3365 esse,
3065 3315 3172 3355 non
3211 3299 3279 3353 ad
3314 3299 3484 3355 solam
3519 3297 3699 3369 prola-

427 3398 630 3452 tionem
659 3435 674 3461 ,
710 3395 806 3451 sed
844 3393 911 3447 ad
964 3393 1309 3465 bypostasim
1365 3407 1466 3463 par
1505 3399 1590 3447 est
1635 3395 1930 3461 pertinere.
1967 3395 2046 3450 Ac
2084 3395 2130 3450 si
2177 3395 2404 3450 Verbum
2443 3406 2559 3452 erat
2610 3397 2752 3467 apud
2806 3388 3016 3461 Deum,
3077 3411 3188 3450 non
3232 3403 3411 3450 potest
3457 3393 3694 3448 Verbum

429 3490 519 3544 ille
554 3503 676 3544 esse
709 3487 824 3555 ipse
853 3484 995 3555 apud
1027 3499 1186 3555 quem
1217 3490 1354 3538 erat.
1389 3481 1576 3552 Neque
1615 3484 1760 3538 enim
1810 3484 1951 3555 apud
1997 3501 2160 3554 quem
2197 3493 2344 3550 erat,
2376 3495 2460 3543 est
2489 3485 2750 3543 Verbum.

497 3581 654 3650 Quod
693 3581 740 3636 si
768 3579 1016 3635 Verbum
1047 3575 1181 3632 illud
1212 3577 1360 3631 velut
1394 3577 1450 3631 in
1478 3579 1645 3633 corde
1689 3577 1834 3633 Deus
1873 3593 2005 3633 con-

2185 3582 2249 3635 El
2282 3581 2392 3652 γὰρ
2422 3583 2481 3636 ὲν
2509 3581 2707 3653 καρδίᾳ
2743 3581 2912 3652 Λόγον
2945 3581 3078 3644 Θεὸς
3109 3580 3242 3652 ἔχει,
3286 3579 3379 3634 καὶ
3415 3580 3475 3634 οὑ
3507 3597 3697 3650 γεγεν-

426 3677 597 3739 tinet,
631 3673 890 3743 nulloque
933 3669 1096 3725 modo
1135 3668 1416 3740 genitum,
1457 3672 1682 3740 quinam
1724 3671 1858 3726 illud
1906 3672 2010 3726 im-

427 3766 560 3837 pleri
589 3769 796 3835 potest,
825 3761 974 3834 quod
1000 3762 1216 3832 legitur,
1244 3773 1355 3815 erat
1378 3779 1398 3826 ;
1426 3763 1664 3831 itemque
1682 3802 1697 3826 ,
1725 3761 1869 3816 Deus
1898 3771 2013 3816 erat

438 3857 704 3913 Verbum?
748 3853 867 3910 Non
943 3854 1089 3909 enim
1142 3853 1372 3909 verbum
1426 3853 1664 3909 hominis
1727 3854 1890 3910 homo
1927 3862 2013 3910 est

428 3951 573 4022 apud
599 3949 907 4005 hominem:
937 3945 1085 4018 quod
1115 3961 1294 4017 neque
1321 3947 1491 4011 vivit,
1519 3961 1700 4016 neque
1726 3946 2011 4014 subsistit;

427 4043 525 4100 sed
556 4043 786 4098 viventis
815 4055 880 4095 ac
918 4040 1273 4096 subsistentis
1311 4037 1532 4108 quidam
1587 4038 1770 4093 cordis
1834 4046 2013 4092 motus

425 4147 543 4201 est,
572 4151 680 4191 non
707 4134 1044 4206 hypostasis.
1077 4131 1252 4186 Simul
1283 4135 1427 4188 enim
1459 4131 1755 4202 profertur,
1780 4132 2014 4187 subinde

426 4245 701 4301 nusquam
724 4236 849 4284 est:
888 4241 952 4282 ac
987 4225 1180 4280 tandiu
1211 4224 1341 4280 dum
1378 4225 1767 4297 pronuntiatur
1799 4240 2013 4295 perma-

427 4331 541 4378 net.
590 4323 659 4376 Λι
703 4319 796 4374 Dei
840 4317 1082 4374 Verbum
1125 4316 1355 4386 perinde
1399 4331 1458 4372 se
1503 4315 1701 4378 habet,
1733 4331 1796 4370 ac
1825 4331 1923 4386 per
1948 4332 2013 4372 os

425 4414 711 4484 Propheta:
773 4410 1012 4482 Spiritus
1066 4417 1292 4465 sanctus
1346 4407 1716 4480 pronuntiat:
1785 4406 2013 4462 Verbum

423 4507 592 4579 διο
619 4516 766 4559 ιιιιιηι
795 4506 850 4558 in
877 4513 1130 4559 wternum
1159 4511 1428 4571 permanet
1457 4502 1500 4556 '.
1533 4499 1672 4555 Huic
1696 4515 1861 4570 porro
1889 4514 2015 4553 con-

426 4608 686 4654 sentanea
718 4595 966 4668 quaedam
999 4593 1280 4665 Evangelii
1311 4591 1548 4664 scriptor
1578 4591 1809 4646 afﬁrmat
1831 4631 1846 4656 ,
1881 4605 2010 4646 cum

425 4688 598 4746 Deum
633 4687 950 4744 hominibus
972 4685 1296 4756 apparuisse
1337 4695 1499 4754 atque
1541 4682 1831 4738 advenisse
1880 4697 2008 4752 pro-

426 4781 546 4848 dit;
579 4795 757 4850 neque
786 4794 911 4834 cum
944 4787 1256 4847 susceptam
1301 4791 1332 4830 a
1361 4774 1542 4830 Verbo
1580 4788 1804 4830 carnem
1854 4787 2012 4830 asse-

425 4873 498 4926 rit
527 4911 542 4934 ,
576 4869 794 4925 Patrem
825 4866 1093 4937 adiungit.
1143 4864 1366 4920 Verbum
1395 4865 1542 4920 enim
1565 4904 1580 4928 ,
1621 4864 1838 4934 inquit,
1881 4879 2011 4917 caro

2114 3675 2366 3747 νημένον,
2417 3674 2532 3738 πῶς
2573 3674 2875 3746 πληροῦται
2911 3675 2994 3738 τὸ,
3029 3671 3129 3745 ἦν,
3156 3674 3250 3727 καὶ
3302 3675 3383 3726 ὅτι
3424 3673 3569 3740 Θεὸς
3617 3671 3698 3745 ἦν

2114 3771 2148 3822 ό
2179 3767 2406 3837 Λόγος;
2439 3767 2514 3820 Οὑ
2553 3767 2662 3838 γὰρ
2692 3770 2721 3820 ό
2744 3766 2851 3820 ⁸τοῦ
2891 3765 3181 3836 ἀνθρώπου
3214 3765 3370 3833 λόγος
3411 3765 3699 3835 ἄνθρωπος

2115 3857 2251 3929 πρὸς
2296 3858 2385 3911 τὸν
2433 3857 2754 3930 ἄνθρωπον
2797 3857 2921 3911 οὔτε
2976 3857 3083 3930 γὰρ
3129 3857 3230 3928 ζῇ,
3272 3855 3394 3908 οὔτε
3453 3857 3693 3927 ὑπέστη·

2114 3950 2341 4021 καρδίας
2373 3949 2432 4003 δὲ
2463 3947 2645 4021 ζώσης
2684 3950 2777 4003 καὶ
2805 3948 3127 4020 ὑφεστώσης
3175 3947 3387 4018 κίνημα
3431 3949 3547 4000 ἐστι
3597 3946 3694 4015 μό-

2113 4059 2224 4109 νον,
2255 4043 2348 4096 καὶ
2381 4042 2480 4114 οὑχ
2524 4043 2843 4106 ὑπόστασις.
2883 4041 3116 4110 Λέγεται
3157 4040 3268 4112 γὰρ
3297 4039 3433 4111 ἅμα,
3466 4040 3558 4093 καὶ
3590 4057 3696 4092 πα-

2115 4135 2374 4207 ραχρῆμα
2425 4135 2607 4189 οὐκέτι
2646 4136 2822 4190 ἐστίν·
2857 4135 2994 4190 ἀλλὰ
3042 4133 3370 4204 λαλούμενος
3424 4133 3690 4204 διαμένει.

2113 4225 2221 4280 Τοῦ
2261 4228 2318 4281 δὲ
2347 4226 2483 4281 Θεοῦ
2509 4230 2538 4281 ό
2564 4228 2756 4298 Λόγος,
2784 4228 2860 4293 ὡς
2900 4230 3036 4299 φησι
3065 4227 3129 4281 τὸ
3175 4228 3329 4297 ἅγιον
3366 4227 3590 4298 Πνεῦμα
3636 4229 3698 4280 ὲν

2116 4317 2344 4390 στόματι
2402 4317 2494 4372 τοῦ
2554 4321 2878 4392 Προφήτουο
2925 4319 2979 4372 Ὁ
3035 4321 3226 4390 Λόγος
3289 4334 3407 4374 σου
3450 4321 3538 4384 είς
3588 4317 3700 4372 τὸν

2113 4409 2299 4465 αἰῶνα
2330 4410 2612 4480 διαμένει.
2652 4411 2968 4483 Συμφὼνως
3005 4412 3062 4467 δὲ
3095 4412 3269 4484 τούτῳ
3308 4413 3699 4484 εὑαγγελιστὴς

2114 4501 2285 4570 λέγει,
2329 4501 2461 4556 Θεὸν
2507 4503 2786 4575 ὁμολογῶν
2831 4505 3217 4575 φανερωθέντα
3251 4505 3348 4558 καὶ
3387 4507 3700 4576 παραγενό-

2117 4611 2299 4665 μενον,
2340 4596 2402 4648 οὑ
2455 4597 3018 4668 συμπαραλαμϐάνων
3065 4599 3130 4669 τῇ
3192 4596 3286 4650 τοῦ
3334 4597 3512 4665 Λόγου
3565 4613 3698 4670 σαρ-

2114 4687 2280 4741 κώσει
2336 4688 2428 4740 τὸν
2487 4689 2729 4761 Πατέρα.
2781 4690 2834 4742 Ὁ
2882 4693 3074 4760 Λόγος
3123 4689 3272 4762 γὰρ,
3320 4691 3490 4760 φησι,
3539 4689 3697 4760 σὰρξ

2115 4779 2372 4850 ἐγένετο,
2404 4782 2501 4836 καί
2537 4781 2892 4850 ἐσκήνωσεν
2929 4783 2999 4837 ἐν
3032 4782 3196 4852 ἡμῖν.
3228 4783 3339 4836 Kal.
3375 4784 3476 4836 οὑκ
3509 4779 3694 4836 εἶπεν·

2126 4871 2185 4924 '0
2218 4872 2389 4940 Λόγος
2430 4872 2525 4926 καὶ
2555 4875 2584 4927 ό
2617 4874 2802 4946 Πατὴρ
2841 4874 2974 4946 σὰρξ
3007 4874 3240 4942 ἐγένετο.
3298 4875 3409 4928 Kal.
3454 4875 3555 4936 ὅτι,
3603 4872 3702 4927 Ἑν

425 4964 627 5034 factum
657 4970 769 5024 est,
806 4969 855 5013 et
887 4957 1141 5011 habitavit
1172 4958 1226 5010 in
1254 4957 1406 5011 nobis
1441 4956 1485 5010 ³.
1516 4954 1636 5010 Non
1671 4955 1846 5019 dixit,
1873 4953 2008 5009 Ver-

2115 4963 2274 5033 ἀρχῇ
2308 4937 2415 5035 *ἦν
2462 4969 2494 5019 ό
2533 4937 2980 5036 Λόγος-,Παιαίό
3029 4937 3219 5034 Λόγος
3270 4961 3350 5036 ἦν
3385 4965 3536 5034 πρὸς
3595 4967 3702 5019 τὸν

424 5056 553 5111 bum
583 5060 637 5108 et
674 5052 834 5106 Pater
871 5064 999 5104 caro
1030 5048 1233 5104 factum
1278 5057 1384 5104 est.
1433 5047 1701 5102 Similiter
1746 5045 1877 5101 dum
1919 5046 2007 5102 his

424 5149 606 5207 verbis
638 5147 807 5203 utitur
838 5167 848 5201 :
883 5143 951 5199 In
978 5144 1237 5214 principio
1258 5153 1375 5198 erat
1412 5142 1632 5197 Verbum
1653 5185 1668 5209 ,
1691 5150 1740 5196 et
1777 5139 2006 5194 Verbum

421 5250 539 5298 erat
568 5238 709 5310 apud
742 5236 914 5293 Deum
935 5276 950 5302 ,
980 5245 1030 5291 et
1061 5235 1200 5290 Deus
1233 5243 1350 5289 erat
1386 5232 1612 5288 Verbum
1633 5272 1649 5299 ,
1685 5248 1796 5288 non
1827 5230 2001 5297 dixit,

421 5330 483 5386 In
511 5329 624 5386 Deo
655 5335 776 5384 erat
805 5324 1068 5382 Verbum.

492 5421 583 5478 IV.
624 5422 703 5476 Ac
737 5435 807 5476 ne
834 5419 1091 5476 fortassis
1119 5417 1290 5489 aliqui
1314 5430 1601 5488 perperam
1631 5429 1695 5470 ac
1727 5413 2008 5470 malitiose

422 5515 540 5571 haec
573 5514 1025 5582 interpretentur,
1058 5517 1112 5566 et
1140 5508 1448 5564 clarissima
1481 5509 1763 5578 vitamque
1817 5505 2008 5562 conci-

424 5605 613 5662 liantia
642 5601 810 5658 verba
837 5601 905 5657 ad
937 5616 1092 5658 suam
1121 5599 1452 5672 pravitatem
1487 5597 1845 5666 fraudemque
1879 5611 2009 5651 con-

422 5701 639 5754 vertant
681 5695 894 5765 (neque
930 5693 1076 5749 enim
1121 5707 1232 5747 uno
1260 5691 1561 5761 eodemque
1588 5688 1751 5744 modo
1776 5701 1874 5743 cor
1908 5686 2008 5742 ho-

2117 5060 2284 5123 Θεὸν,
2327 5059 2426 5112 καὶ
2461 5060 2606 5126 Θεὸς
2653 5057 2732 5132 ἦν
2777 5063 2810 5114 ὁ
2845 5060 3053 5129 Λόγος.
3105 5060 3215 5112 Καὶ
3254 5060 3355 5114 οὑκ
3400 5053 3576 5122 εἶπεν,
3613 5061 3701 5111 Ἐν

2115 5152 2236 5224 Θεῷ
2263 5148 2331 5226 ἦν
2359 5155 2389 5206 ὁ
2415 5153 2606 5222 Λόγος.

2185 5415 2259 5466 Δ’.
2301 5413 2410 5467 Kal.
2467 5412 2552 5467 ἵνα
2587 5413 2662 5484 μή
2711 5430 2858 5478 τινες
2887 5415 3150 5486 νομίσωσι
3199 5416 3578 5484 κακοϐούλως,
3629 5430 3700 5471 τα

2115 5505 2353 5577 φωτεινὰ
2380 5505 2474 5560 καὶ
2503 5505 2708 5571 ζωτικὰ
2752 5508 2971 5578 ῥήματα
3014 5507 3441 5579 μεταϐάλλοντες
3468 5511 3548 5573 είς
3598 5528 3697 5563 κα-

2115 5594 2237 5648 κίαν
2269 5593 2479 5646 ἑαυτῶν
2507 5596 2601 5646 καὶ
2643 5596 2725 5658 εἰς
2767 5593 2973 5667 eadem
3010 5596 3204 5667 (ἄλλως
3240 5597 3348 5671 γὰρ
3397 5599 3491 5653 καὶ
3521 5599 3696 5662 ἄλλως

2115 5685 2357 5755 ἔγκειται
2389 5686 2424 5756 ἡ
2469 5686 2667 5758 καρδία
2708 5687 2802 5742 τοῦ
2849 5687 3134 5760 ἀνθρώπου
3161 5690 3449 5761 ’ἐπιμελῶς
3496 5691 3588 5745 ἐπὶ
3625 5689 3697 5746 τὰ

491 5866 518 5913 ί
554 5876 714 5935 Joan.
764 5892 805 5937 ι,
830 5875 885 5933 3.
962 5876 983 5908 ⁸
1012 5871 1157 5932 Psal.
1185 5888 1376 5943 cxvm,
1402 5873 1492 5930 89.
1567 5874 1588 5906 ³
1624 5871 1782 5929 Joan.
1809 5888 1848 5939 ι,
1876 5870 1964 5927 14.

2111 5869 2218 5925 ?or.
2257 5869 2316 5921 τὸ
2345 5860 2436 5923 οῦν
2465 5860 2627 5923 εἶναι.
