4076 6392
344 393 415 447 Π

994 391 1372 449 ADVERSUS
1413 391 1757 448 HERESES
1787 391 1916 448 LIB.
1959 392 2021 449 ll.
2067 391 2230 449 ΤΟΜ.
2275 393 2337 450 ΙΙ.
2380 426 2449 436 —-
2488 392 2762 448 HERES.
2808 390 2967 448 LXV.

3555 393 3628 450 18

337 509 556 581 πονηρὰ
614 512 681 564 ἐκ
727 511 1053 584 νεότητος),
1105 513 1202 568 καὶ
1253 512 1527 586 ἄρξωνται
1576 514 1784 582 λέγειν·
1823 517 1936 570 Οὐκ

2052 516 2207 572 minis
2241 517 2310 572 ab
2334 517 2620 588 juventute
2647 513 2888 585 quodam
2921 527 3004 568 est
3032 512 3086 567 in
3126 512 3265 566 mala
3299 509 3478 567 studio
3505 527 3625 581 pro-

334 599 512 664 εἶπεν,
557 601 645 656 Ἐν
671 601 793 675 Θεῷ
813 599 883 675 ἦν
909 604 1170 673 όΛόγος,
1214 604 1290 668 ὡς
1339 608 1434 660 καὶ
1475 608 1538 660 σὺ
1585 609 1712 678 φῂς,
1759 607 1894 660 ἀλλὰ
1921 649 1936 674 ,

337 695 496 764 Ιιῇοός
537 695 694 750 Θεὸν
731 688 820 764 ἦν
849 699 886 752 ό
924 697 1134 768 Λόγος.
1165 699 1312 770 Ἀρα
1344 698 1476 766 γοῦν
1521 699 1620 752 οὐκ
1671 699 1818 752 ἐστιν
1868 701 1932 752 ἐκ

335 789 436 854 τῆς
468 788 823 852 ὑποστάσεως
869 786 965 842 τοῦ
1016 788 1231 860 Πατρὸς
1277 791 1306 843 ό
1353 788 1548 856 Λόγος.
1591 789 1726 843 ἀλλὰ
1779 789 1937 852 ἐκτὸς

337 877 478 930 Θεοῦ
511 880 540 930 ὁ
580 879 776 947 Λόγος.
817 879 989 934 Πάλιν
1026 880 1348 950 ἐπιστρέφει
1392 881 1750 952 διορθουμένη
1805 883 1934 945 τοὺς

337 971 547 1041 ἑαυτῆς
585 971 737 1034 υἱοὺς
783 973 813 1042 ἡ
851 971 1122 1043 Ἀλήθεια,
1155 972 1515 1044 ὲξελέγχουσα
1557 975 1656 1039 τὰς
1698 975 1936 1036 διανοίας

337 1066 442 1128 τὰς
496 1067 618 1118 κατ’
672 1065 848 1134 αὐτῆς
894 1066 1298 1138 πορνευούσας’
1344 1067 1436 1122 καί
1484 1085 1650 1138 φησιν
1696 1068 1858 1133 αὐτὸς
1905 1070 1934 1122 ὁ

337 1159 660 1229 Μονογενής
684 1174 700 1188 ⁶
743 1157 892 1228 Ἐγὼ
937 1157 1006 1212 ἐκ
1064 1158 1171 1213 τοῦ
1226 1159 1457 1229 Πατρός
1499 1159 1786 1230 ἐξῆλθον,
1831 1161 1933 1215 καὶ

339 1248 489 1316 ἦκω.
515 1249 626 1301 Καὶ
660 1244 852 1300 πάλιν·
899 1246 1046 1317 Ἑορὼ
1075 1247 1146 1302 ἐν
1171 1247 1251 1314 τῷ
1289 1249 1493 1319 Πατρὶ,
1526 1250 1625 1303 καὶ
1655 1253 1688 1304 ό
1729 1249 1933 1318 Πατὴρ

340 1339 410 1390 ἐν
455 1339 608 1408 ἐμοί.
644 1339 706 1392 '0
747 1339 806 1392 δὲ
849 1341 908 1392 ἐν
951 1341 1064 1402 τοῖς
1115 1342 1425 1411 προφήταις
1477 1341 1606 1415 περὶ
1647 1340 1742 1394 τοῦ
1778 1341 1929 1406 Υἰοῦ,

343 1432 697 1502 σωματικοῦς
741 1431 882 1502 ἔχων
915 1431 1133 1500 ὄγκους,
1180 1434 1551 1503 νοηματικοὺς
1578 1434 1636 1487 δὲ
1670 1433 1809 1504 ἔχων
1845 1433 1934 1487 λό-

345 1542 504 1592 γους,
545 1523 1000 1577 ὑποκαταϐαίνων
1052 1524 1150 1594 τὴν
1202 1524 1487 1578 ἀσθένειαν
1519 1525 1616 1594 τῆς
1648 1525 1933 1597 ἀνθρωπό-

347 1627 517 1680 εητος.
553 1612 633 1674 εἰς
666 1611 918 1682 αἴσθησιν
949 1611 1366 1682 παραστάσεως,
1411 1612 1500 1667 διὰ
1545 1612 1652 1668 τῶν
1683 1615 1742 1666 ὲν
1798 1615 1931 1685 ἡμῖν

349 1701 682 1772 γιγνομένων
713 1703 812 1772 τὴν
857 1703 1200 1774 παράστασιν
1235 1703 1329 1757 τοῦ
1366 1704 1522 1770 Υἰοῦ,
1558 1705 1642 1759 ὅτι
1675 1705 1734 1773 ἐξ
1765 1706 1929 1760 αὐτοῦ

341 1793 558 1863 ἀληθῶς
578 1793 901 1866 γεγέννηται
942 1795 1075 1858 Θεὸς
1117 1798 1182 1849 ὲκ
1212 1795 1370 1860 Θεοῦ,
1401 1795 1536 1861 Θεὸς
1565 1797 1818 1870 ἀληθινὸς
1864 1800 1929 1852 ἐκ

2042 605 2326 679 pensum),
2389 618 2551 677 atque
2600 606 2676 660 ita
2719 605 2901 660 dicere
2935 603 3321 675 aggrediantur
3352 620 3366 656 :
3397 601 3515 656 Non
3552 606 3630 657 ita

2042 698 2264 767 scripsit
2294 696 2536 753 Joannes
2558 739 2572 764 ,
2605 696 2666 751 In
2699 695 2812 752 Deo
2843 705 2961 752 erat
2993 693 3232 751 Verbum
3260 735 3274 759 ,
3315 700 3374 747 ttt
3407 703 3461 749 et
3506 694 3630 764 ipse

2040 804 2269 852 narras,
2297 790 2390 845 sed
2411 831 2424 852 ,
2467 788 2616 858 Apud
2643 787 2810 843 Deum
2845 796 2961 840 erat
3001 784 3245 840 Verbum.
3277 783 3460 852 Quare
3511 801 3628 842 non

2039 889 2124 935 est
2153 897 2218 935 ex
2251 880 2430 938 Patris
2460 881 2766 938 substantia
2792 878 3027 935 Verbum
3051 919 3066 944 ,
3097 878 3192 936 sed
3225 886 3380 933 extra
3414 876 3614 932 Deum.

2041 967 2110 1024 Ut
2141 969 2307 1041 igitur
2337 970 2402 1025 iis
2428 979 2721 1036 occurrat,
2759 969 2900 1026 filios
2930 983 3149 1023 rursum
3179 982 3312 1024 suos
3341 967 3625 1037 corrigens

2041 1061 2257 1118 Veritas
2283 1061 2350 1116 ad
2379 1063 2653 1118 saniorem
2685 1064 2922 1118 mentem
2950 1063 3164 1118 reducit
3188 1102 3203 1126 ,
3235 1061 3624 1131 cogitationes-

2038 1169 2144 1224 que
2175 1153 2321 1209 velut
2350 1163 2542 1209 contra
2576 1170 2635 1210 se
2667 1154 2978 1210 meretricio
3009 1170 3161 1210 more
3193 1161 3504 1210 scortantes
3535 1169 3618 1210 re-

2037 1245 2278 1316 darguit.
2312 1245 2388 1300 Ita
2422 1245 2657 1316 denique
2688 1244 3016 1316 Unigenittts
3042 1246 3160 1316 ipse
3199 1253 3480 1302 testatur:
3509 1242 3620 1315 Ego

2037 1354 2069 1390 α
2117 1337 2281 1392 Patre
2323 1339 2463 1392 exivi
2532 1347 2581 1392 et
2627 1337 2772 1392 venio
2812 1340 2856 1391 ².
2895 1337 3028 1393 Item
3062 1357 3076 1392 :
3112 1337 3225 1408 Ego
3265 1339 3317 1392 in
3369 1337 3534 1391 Patre
3572 1345 3624 1390 et
3695 1387 3699 1392 .

2038 1427 2204 1482 Pater
2246 1431 2298 1483 in
2331 1447 2409 1484 me
2439 1440 2516 1484 est
2547 1429 2593 1488 ³.
2622 1431 2691 1482 At
2722 1428 2885 1484 Pater
2932 1429 2998 1485 de
3031 1429 3171 1486 Filio
3203 1446 3301 1502 per
3329 1431 3625 1501 prophetas

2038 1520 2303 1590 loquens,
2356 1536 2466 1575 non
2519 1521 2676 1591 quasi
2730 1535 2994 1590 corporea
3048 1521 3196 1577 mole
3241 1528 3488 1587 constet,
3525 1521 3623 1577 sed

2035 1612 2469 1683 intelligibilibus
2501 1613 2683 1668 verbis
2710 1614 2970 1684 praeditus
3003 1621 3167 1684 atque
3223 1612 3291 1668 ad
3324 1613 3622 1668 humanam

2037 1721 2097 1760 se
2151 1705 2576 1761 imbecillitatem
2606 1707 3054 1771 accommodans,
3095 1722 3205 1778 quo
3255 1705 3470 1762 facilius
3524 1720 3623 1760 no-

2037 1803 2169 1853 stris
2189 1797 2353 1852 veluti
2378 1798 2631 1854 sensibus
2673 1813 2733 1854 se
2751 1797 2993 1868 objiciat,
3011 1813 3074 1852 ac
3092 1812 3189 1868 per
3203 1811 3291 1863 ea,
3312 1812 3434 1868 qua:
3449 1797 3504 1851 in
3522 1812 3624 1852 no-

342 1884 478 1937 Θεοῦ
515 1885 792 1956 ἀληθινοῦ,
837 1887 937 1939 οὐκ
980 1887 1179 1952 ἔξωθεν
1212 1887 1308 1948 ὢν,
1339 1887 1477 1942 ἀλλὰ
1520 1891 1585 1942 ὲκ
1615 1889 1719 1960 τῆς
1765 1891 1931 1944 αὐτοῦ

2052 1887 2120 1942 ῆς
2149 1885 2305 1952 ﬁunt,
2339 1885 2536 1941 Filium
2569 1901 2726 1943 suum
2762 1885 3102 1941 demonstret
3131 1900 3162 1940 a
3181 1901 3241 1940 se
3279 1901 3469 1941 revera
3499 1901 3625 1942 esse

341 1979 564 2041 οὐσίας,
591 1980 791 2048 φάσκει
834 1981 893 2032 ὲν
939 1979 1018 2050 τῷ
1069 1980 1233 2033 Δαϐὶδ
1277 1979 1485 2049 λέγων·
1536 1982 1638 2035 Ἐκ
1679 1985 1939 2052 γαστρὸς

343 2073 457 2136 πρὸ
501 2068 848 2138 Ἑωσφόρου
875 2071 1176 2141 ἐγέννησά
1215 2090 1306 2140 σε,
1334 2071 1409 2136 ὡς
1439 2075 1487 2127 ol
1539 2073 1938 2145 Ἐϐδομήκοντα

343 2162 732 2232 ἡρμήνευσανο
792 2161 870 2226 ὡς
914 2161 973 2215 δὲ
1018 2163 1069 2215 οἱ
1123 2163 1272 2218 ἄλλοι
1329 2163 1547 2219 ὲκδόται
1613 2165 1719 2235 (5),
1779 2165 1938 2218 Ἀκύ-

341 2254 443 2317 λας
476 2254 605 2322 μέν·
654 2254 790 2308 Ἀπὸ
814 2254 1048 2325 μήτρας
1077 2256 1557 2328 ἐξωρθρισμένης
1591 2273 1691 2312 σοι
1718 2257 1938 2328 δρόσος

342 2347 730 2416 παιδιότητός
761 2362 909 2403 σου⁶
949 2348 1245 2420 Σύμμαχος
1277 2349 1363 2404 δέ’
1427 2350 1521 2417 Ὠς
1572 2350 1697 2404 κατ’
1725 2350 1938 2420 ὄρθρον

342 2440 575 2509 δρόσου
602 2443 642 2509 ἠ
675 2441 890 2510 νεότης
923 2457 1076 2496 σου·
1132 2442 1426 2498 Θεοδοτίων
1450 2444 1538 2498 δέ’
1583 2445 1682 2498 Ἐκ
1707 2444 1938 2514 μήτρας

343 2533 467 2587 dm)
493 2533 647 2602 πρωῒ
673 2533 957 2602 νεότητός
989 2549 1106 2588 σου
1125 2551 1138 2564 ·
1185 2534 1419 2607 Πέμπτη
1455 2535 1511 2588 δὲ
1545 2535 1754 2600 ἔκδυσις
1773 2553 1786 2567 ·
1835 2537 1936 2590 Ἐκ

344 2627 577 2696 μήτρας
588 2627 704 2681 ἀπὸ
719 2626 933 2696 ὄρθρου
955 2641 1053 2681 σοι
1068 2627 1291 2697 δρόσος
1305 2629 1374 2682 ὲν
1398 2631 1637 2697 νεότητί
1661 2647 1776 2684 σου
1796 2649 1808 2661 ·
1832 2633 1863 2702 ἡ
1883 2631 1937 2683 δὲ

346 2720 527 2789 Ἐκτη
555 2719 768 2782 ἐκδοσις
791 2733 802 2750 ’
829 2719 932 2773 Ἐκ
953 2718 1215 2788 γαστρὸς
1243 2717 1575 2787 ζητήσουσι
1603 2737 1697 2786 σε,
1719 2720 1938 2790 δρόσος

345 2811 774 2878 νεανικότητός
812 2826 961 2864 σουο
1023 2811 1083 2863 ὲν
1126 2809 1183 2862 δὲ
1234 2810 1311 2882 τῷ
1376 2810 1648 2883 Ἐϐρύκῷ
1670 2830 1682 2844 ο
1727 2812 1940 2882 Μηρὲμ

346 2901 646 2971 μεσσαὰρ,
681 2901 938 2970 Juxta},
977 2901 1294 2972 ὶελεδεχέθ.

425 3183 607 3256 Ὅπερ
652 3185 771 3238 ἐστὶ
822 3185 1010 3254 σαφῶς
1069 3189 1165 3242 καὶ
1222 3187 1632 3259 ἀναμφιϐόλως·
1683 3193 1785 3244 Ἐκ
1833 3209 1940 3260 γα-

2045 1981 2323 2053 genitum,
2352 1979 2519 2036 Deum
2547 1996 2612 2037 ex
2645 1980 2785 2047 Deo,
2817 1979 2984 2035 Deum
3011 1994 3202 2036 verum
3231 1978 3300 2034 de
3327 1977 3438 2035 Deo
3466 1995 3621 2046 vero,

2045 2089 2158 2128 non
2187 2071 2533 2128 extrinsecus
2561 2072 2794 2128 ascitum
2817 2112 2833 2137 ,
2867 2072 2961 2129 sed
2993 2087 3062 2127 ex
3096 2071 3270 2141 ipsius
3308 2071 3619 2127 substantia

2045 2181 2436 2237 progressum;
2469 2165 2551 2220 sic
2585 2164 2751 2235 igitur
2791 2163 2932 2227 apud
2972 2162 3232 2218 Davidem
3266 2162 3621 2233 pronuntiat:

2047 2256 2130 2310 Ea:
2163 2265 2312 2311 utero
2344 2265 2465 2310 ante
2484 2254 2783 2326 Luciferum
2809 2255 2962 2325 genui
2995 2264 3044 2308 te
3073 2255 3124 2322 ‘,
3155 2254 3236 2310 uti
3271 2253 3625 2326 Septuaginta

2045 2352 2496 2419 interpretantur.
2549 2347 2631 2403 Ex
2677 2347 2801 2402 aliis
2849 2353 3031 2402 autem
3081 2346 3384 2402 editoribus
3428 2346 3627 2418 Aquila

2045 2438 2118 2492 ita
2153 2437 2370 2494 reddit:
2409 2437 2487 2492 Ab
2521 2447 2670 2493 utero
2715 2437 2952 2492 diluculo
2982 2440 3212 2494 excitato
3254 2439 3350 2492 tibi
3375 2455 3463 2492 ros
3505 2454 3628 2508 pue-

2045 2531 2185 2585 ritia:
2215 2539 2321 2586 tute
2346 2549 2365 2597 ;
2398 2530 2763 2603 Symmachus
2791 2545 2957 2601 porro
2982 2551 2994 2586 :
3040 2530 3190 2586 Velut
3222 2530 3458 2587 diluculo
3488 2532 3624 2586 reris

2034 2625 2285 2693 jurentus
2315 2632 2448 2689 tua;
2481 2623 2784 2679 Theodotio
2815 2638 2945 2678 vero
2971 2643 2984 2679 :
3015 2623 3100 2678 Eo;
3124 2632 3272 2679 utero
3301 2644 3333 2679 a
3363 2626 3626 2680 matutino

2046 2723 2269 2783 tempore
2291 2715 2584 2784 juventutis
2619 2724 2723 2769 tua
2747 2731 2766 2779 ;
2795 2721 2850 2767 at
2882 2713 3086 2780 Quinta
3113 2715 3279 2772 editio
3318 2735 3331 2772 ι
3368 2714 3452 2769 Ex
3476 2726 3627 2771 utero

2047 2806 2111 2858 ab
2139 2805 2374 2860 diluculo
2411 2806 2503 2860 tibi
2535 2823 2622 2862 ros
2667 2807 2722 2861 in
2754 2806 3028 2876 juventute
3065 2817 3198 2864 tua:
3256 2807 3421 2864 Sexta
3465 2822 3632 2879 porro

2046 2899 2258 2954 editio:
2297 2897 2383 2952 Ea:
2411 2909 2562 2954 utero
2605 2909 2838 2970 quaerent
2887 2909 2968 2964 te,
3020 2915 3107 2953 ros
3149 2901 3438 2969 juventutis
3483 2909 3630 2962 tum;

2049 2997 2329 3061 postremo
2377 2990 2434 3044 in
2464 2988 2726 3046 Hebraeo:
2761 2990 2959 3045 Merem
3000 3007 3238 3046 messaar
3277 2991 3442 3046 lactat
3508 2991 3633 3045 icte-

2048 3079 2279 3135 decheth.

2120 3193 2275 3260 Quod
2307 3193 2593 3250 manifeste
2626 3208 2692 3248 ae
2718 3193 2856 3248 citra
2901 3194 3067 3249 ullam
3099 3195 3510 3266 ambiguitatem
3555 3195 3640 3250 id-

349 3277 538 3342 στρύς
569 3277 684 3344 πρὸ
712 3277 1055 3346 Ἑωσφόρου
1075 3279 1378 3349 ἐγέννησά
1397 3296 1490 3335 σε.
1513 3283 1586 3336 Τὸ
1611 3283 1720 3355 γὰρ
1763 3285 1947 3356 μηρὲμ

2052 3286 2230 3357 ipsqu
2265 3285 2536 3358 signiﬁcat
2565 3304 2578 3340 :
2611 3289 2698 3339 Ea:
2726 3294 2874 3340 utero
2910 3297 3034 3341 ante
3056 3286 3353 3357 Luciferum
3381 3289 3536 3359 genui
3570 3297 3636 3342 te.

350 3369 1058 3441 γαστρός¹ὲστνμεσσαὰρ
1085 3369 1141 3423 δὲ
1173 3370 1239 3424 τὸ
1265 3372 1667 3442 όρθριαίτερον
1679 3373 1942 3438 πάντων,

352 3459 496 3528 ὅπερ
525 3459 644 3512 ἐστὶ
679 3460 793 3527 πρὸ
849 3461 1225 3531 Ἑωσφόρου·
1275 3463 1513 3529 λακτὰλ,
1545 3465 1645 3519 καὶ
1693 3467 1807 3535 πρὸ
1836 3465 1948 3535 τῆς

356 3548 590 3619 δρόσου
631 3551 898 3605 παιδίονο
929 3552 1220 3625 ιελεδεχὲθ,
1249 3555 1498 3609 τουτέστι
1528 3555 1612 3620 τὸ,
1644 3556 1950 3628 ἐγέννησά

355 3656 466 3695 σε’
515 3643 661 3706 ὅπως
710 3644 775 3697 ἐκ
821 3643 914 3698 τοῦ
966 3645 1126 3714 λόγου
1165 3646 1376 3720 γνῲης,
1411 3649 1494 3701 ὅτι
1525 3651 1554 3703 ό
1587 3650 1950 3716 ὲνυπόστατος

357 3734 496 3796 Θεὸς
548 3734 721 3803 Λόγος
769 3737 834 3788 ὲκ
886 3736 1101 3806 Πατρός
1157 3738 1319 3807 φύσει
1379 3741 1499 3794 ἐστὶ
1553 3741 1950 3813 γεγεννημένος

356 3823 616 3894 ἀνάρχως
655 3825 747 3878 καὶ
777 3826 1044 3897 ἀχρόνως,
1073 3828 1181 3900 πρὸ
1207 3829 1303 3882 τοῦ
1331 3848 1386 3883 τι
1416 3827 1574 3886 εἶναι.
1610 3832 1684 3886 Οὐ
1715 3833 1822 3905 γὰρ
1859 3832 1952 3886 τὸν

372 3916 688 3988 Ἑωσφόρον
735 3920 893 3972 μόνον
922 3919 1076 3989 ἔλεγε
1121 3921 1215 3974 τὸν
1249 3922 1478 3996 ἀστέρα,
1510 3923 1687 3978 καίτοι
1718 3942 1782 3994 γε
1822 3927 1953 3989 παλ*

360 4005 470 4064 ὶόι
503 4009 670 4063 ὄντων
701 4010 809 4062 τῶν
851 4009 1088 4083 ἄστρων,
1127 4014 1222 4066 καὶ
1263 4013 1414 4085 ἡλίου
1466 4017 1561 4069 καὶ
1595 4017 1848 4093 σελήνης,
1896 4023 1954 4075 ἐν

358 4103 430 4169 τῇ
486 4099 722 4172 τετάρτῃ
787 4101 971 4173 ἡμέρᾳ
1023 4103 1353 4174 γενομένων,
1415 4112 1833 4182 προγενομένων
1897 4113 1955 4167 δὲ

363 4192 665 4262 Θαλάσσης,
703 4193 796 4246 καὶ
828 4192 1022 4259 ξύλων,
1054 4194 1151 4248 καὶ
1180 4195 1444 4272 καρπῶνο
1487 4202 1868 4275 στερεὼματός
1896 4222 1955 4258 τε

361 4283 470 4353 γῆς
494 4285 587 4335 καὶ
599 4284 658 4336 οὐ
669 4282 850 4354 ρανοῦ,
883 4286 978 4338 καὶ
989 4286 1238 4359 ἀγγέλων
1257 4292 1374 4363 ἅμα
1396 4295 1494 4348 σὺν
1508 4295 1718 4359 τούτοις
1739 4298 1958 4367 γεγονό-

363 4395 497 4430 των.
525 4376 589 4428 El
613 4376 689 4446 μὴ
710 4377 817 4447 γὰρ
835 4378 952 4453 ἅμα
982 4383 1198 4456 οὐρανῷ
1223 4386 1319 4439 καὶ
1347 4389 1418 4458 γῇ
1449 4387 1544 4441 καὶ¹
1564 4387 1785 4458 ἄγγελοι
1812 4390 1959 4444 tacti--

367 4468 717 4536 c'msatv,oz'nt
733 4469 798 4526 ἂν
815 4470 967 4542 ἔλεγε
994 4475 1073 4541 τῷ
1109 4476 1250 4541 Ἰὼϐ,
1289 4479 1372 4532 ὅτι
1415 4480 1545 4533 Ὅτε
1585 4481 1962 4550 ἐγενήθησαν

363 4559 587 4660 ἄστρα,
615 4564 852 4660 art-20117:
867 4583 944 4636 με
986 4567 1210 4633 πάντες
1241 4569 1485 4640 ἄγγελοι
1515 4589 1653 4660 μου⁸
1673 4572 1862 4660 φωνῇ.
1889 4574 1963 4627 Τὸ

2048 3377 2166 3433 Vox
2225 3379 2373 3434 enim
2414 3378 2506 3432 illa
2569 3394 2766 3432 merem
2809 3379 2950 3434 idem
3007 3386 3094 3435 est
3151 3388 3316 3450 atque
3366 3389 3640 3446 euentre;

2048 3488 2288 3525 ntessaar
2327 3485 2460 3526 vero
2502 3469 2743 3524 diluculo
2768 3487 2881 3540 prae
2907 3471 3149 3526 omnibus
3171 3514 3186 3539 ,
3215 3473 3377 3544 611
3405 3473 3506 3528 hoc
3527 3482 3636 3537 est,

2049 3571 2172 3617 ante
2214 3559 2563 3628 Luciferum;
2609 3560 2807 3627 lactat,
2849 3560 2902 3616 id
2944 3569 3059 3629 est,
3100 3572 3254 3633 atque
3301 3575 3422 3618 ante
3472 3581 3642 3618 rorem

2049 3669 2313 3722 puerum;
2358 3651 2676 3722 ieledecheth
2695 3653 2933 3724 denique
2961 3655 3102 3710 idem
3136 3663 3223 3711 est
3261 3671 3327 3712 ac
3351 3659 3505 3728 genui
3555 3668 3602 3713 te
3623 3675 3642 3713 :

2053 3755 2112 3799 ut
2140 3760 2206 3799 ex
2235 3758 2301 3798 eo
2342 3758 2596 3800 sermone
2638 3759 2945 3816 cognoscas
2995 3745 3165 3801 Deum
3199 3746 3438 3805 Verbum
3467 3749 3643 3824 hypo—

2053 3835 2186 3892 stasi
2215 3837 2440 3910 propria
2465 3835 2757 3907 prmditutn
2789 3853 2818 3893 a
2847 3837 3009 3897 Patre
3035 3855 3159 3899 esse
3183 3843 3426 3915 genitum
3447 3885 3464 3912 ,
3494 3846 3648 3900 nullo

2055 3943 2235 4002 neque
2285 3932 2480 3999 initio,
2526 3947 2705 4003 neque
2747 3941 3027 4004 tempore.
3075 3935 3403 4007 priusquam
3439 3937 3648 4008 aliquid

2058 4025 2208 4081 aliud
2242 4025 2576 4105 exsisteret:
2609 4041 2737 4081 nam
2779 4042 2890 4081 non
2939 4025 3176 4082 Luciferi
3222 4027 3389 4083 modo
3432 4029 3648 4085 stellam

2057 4118 2362 4184 intellexit,
2401 4133 2527 4174 cum
2553 4119 2661 4174 alia
2687 4119 2797 4175 sint
2828 4120 3096 4190 permulta
3136 4120 3314 4176 sidera
3340 4161 3355 4186 ,
3401 4131 3534 4193 puta
3567 4122 3649 4177 sol

2057 4217 2112 4264 et
2142 4209 2291 4274 luna,
2311 4222 2430 4279 qua:
2445 4207 2535 4264 die
2561 4216 2762 4278 quarto
2790 4207 3010 4261 condita
3034 4217 3181 4271 sunt,
3218 4214 3276 4262 et
3301 4215 3428 4263 ante
3463 4221 3647 4270 mare.

2059 4301 2285 4357 arbores
2306 4341 2324 4367 ,
2358 4300 2681 4371 fructusque
2718 4305 3042 4370 procreata;
3071 4307 3272 4371 praeter
3305 4317 3426 4372 qua:
3467 4303 3650 4355 firma-

2060 4399 2304 4448 mentum
2348 4395 2546 4457 etiam,
2595 4406 2662 4447 ac
2712 4401 2894 4457 terra,
2942 4393 3256 4464 coelumque
3321 4392 3649 4464 productum

2059 4490 2178 4549 est,
2209 4492 2264 4538 et
2294 4484 2508 4554 angeli,
2541 4485 2636 4554 qui
2666 4499 2792 4538 cum
2843 4484 2954 4540 illis
2985 4485 3334 4540 exstiterunt.
3376 4484 3488 4540 Nisi
3506 4486 3650 4539 enim

2067 4590 2192 4630 cum
2229 4575 2370 4629 caelo
2401 4583 2655 4644 terraque
2678 4576 2846 4631 creati
2875 4573 3054 4630 forent
3087 4577 3302 4648 angeli,
3333 4593 3442 4632 non
3473 4578 3627 4631 dixis-

366 4652 486 4721 οὖν,
517 4655 634 4724 πρὸ
676 4657 1037 4726 Ἑωσφόρου,
1067 4659 1153 4714 ἵνα
1174 4660 1306 4732 εἴπῃ
1336 4661 1441 4734 πρὸ
1465 4661 1560 4714 τοῦ
1611 4652 1749 4716 εἶνάί
1780 4681 1834 4716 τι
1876 4668 1947 4719 κα

2073 4677 2156 4722 set
2204 4664 2356 4721 Job:
2400 4665 2533 4722 Cum
2576 4667 2724 4735 facta
2762 4677 2885 4722 sunt
2915 4667 3126 4732 sidera,
3173 4668 3524 4724 laudauerunt
3573 4687 3654 4723 me

445 4835 462 4865 ⁸
498 4833 624 4890 For.
662 4836 726 4888 ὲκ
746 4852 944 4904 γαστρ.
1022 4838 1042 4868 ²
1067 4836 1224 4892 Joan.
1250 4853 1359 4905 xvt,
1401 4837 1490 4894 28.
1573 4840 1592 4871 ³
1621 4838 1784 4894 Joan.
1814 4857 1924 4905 xtv,

2052 4885 2056 4897 .
2134 4842 2155 4873 ⁸
2184 4841 2330 4898 Psal.
2361 4859 2473 4912 (ιιι,
2505 4844 2559 4900 '5.

448 5013 529 5083 (5)
573 5014 672 5080 Ὠς
697 5014 766 5068 δὲ
812 5018 868 5069 οἱ
905 5015 1086 5070 ἄλλοι
1119 5015 1378 5071 ἐκδόται.
1415 5015 1704 5072 Paululum
1740 5018 1960 5073 diversa

373 5092 509 5158 sunt
540 5097 786 5158 veterum
816 5086 1177 5158 interpretum
1217 5089 1402 5158 verba,
1428 5104 1552 5158 quae
1584 5091 1639 5143 in
1673 5089 1844 5143 variis
1871 5089 1961 5142 Bi-

373 5157 616 5228 bliorum
638 5156 969 5228 lectionibus
996 5156 1483 5213 circumferuntur.
1507 5157 1642 5213 Nam
1667 5174 1733 5214 ex
1751 5160 1962 5228 Aquila:

375 5226 622 5302 editione
646 5231 720 5279 ita
750 5227 1088 5302 concipitur:
1123 5229 1498 5302 Ἀπδμῄτρας
1523 5226 1966 5302 ὲξωρθρισμένου

378 5313 466 5349 σοι
497 5296 691 5371 δρόσος
720 5296 1060 5371 παιδιότητός
1093 5316 1206 5354 σου.
1241 5296 1646 5371 Ε’δγίῐιιιιοιᾏιό
1677 5296 1838 5354 vero:
1873 5303 1969 5364 Ὠς

377 5366 736 5457 κστἛρθρον
775 5385 858 5456 σοι
896 5366 1088 5440 δρόσος
1115 5366 1372 5492 ιλνεὸτης
1401 5387 1516 5423 σου.
1552 5369 1631 5423 Ex
1660 5372 1861 5439 Quinta
1882 5372 1972 5427 de-

379 5453 552 5492 nique
585 5454 598 5491 :
660 5435 738 5490 Εκ
777 5455 989 5492 timeat:
1018 5439 1111 5492 ἐπὶ
1167 5440 1331 5492 οθοου
1377 5458 1458 5492 σοι
1501 5441 1745 5492 δρόσοεή
1778 5442 1971 5492 νεότης

379 5435 598 5506 nique‘:
642 5435 738 5490 Ἐκ
776 5435 989 5510 μήτρας
1018 5439 1111 5492 ἐπὶ
1133 5435 1332 5522 ὄρθρου
1377 5458 1458 5494 σοι
1501 5435 1745 5514 δρόσοςή
1778 5442 1971 5513 νεότης

383 5525 504 5561 σου.
540 5505 684 5562 LXX
714 5508 784 5582 ad
835 5525 1057 5563 sensum
1110 5519 1294 5580 potius
1351 5527 1514 5582 quam
1559 5511 1628 5565 ad
1675 5515 1837 5568 verba
1892 5530 1971 5569 re-

380 5586 705 5652 spexerunt.
725 5577 900 5652 Quam
928 5577 1125 5652 autem
1143 5583 1309 5636 variae
1332 5577 1442 5635 tam
1462 5594 1774 5638 nostrorum
1804 5600 1967 5652 quam

384 5649 746 5702 rabbinorum
790 5651 901 5704 sint
931 5651 999 5706 de
1047 5666 1114 5705 eo
1163 5652 1284 5707 loco
1320 5655 1626 5717 sententiae,
1657 5671 1722 5709 ex
1751 5649 1966 5708 illorum

383 5719 800 5775 commentariis
850 5728 1099 5790 repetere
1160 5723 1308 5780 licet.
1390 5722 1615 5779 Hebraea
1669 5726 1742 5779 ita
1809 5724 1970 5779 hodie

383 5823 784 5896 concipiuntur
852 5810 1027 5898 1:115:
1085 5809 1167 5886 ‘m
1227 5811 1299 5893 πθ
1367 5839 1554 5892 anim:
1621 5841 1815 5894 arma.
1857 5831 1970 5888 lloc

2066 5025 2152 5075 est
2182 5037 2196 5074 :
2231 5017 2314 5073 Ex
2383 5029 2565 5085 utero,
2619 5030 2741 5076 ante
2803 5039 3081 5088 auroram,
3136 5025 3221 5080 vel
3285 5025 3350 5079 ab
3407 5043 3647 5091 aurora,

2071 5109 2166 5167 tibi
2196 5127 2283 5166 ros
2313 5112 2606 5166 nativitatis
2633 5121 2758 5168 tute.
2789 5111 2932 5168 LXX
2984 5115 3232 5187 legerunt
3263 5101 3459 5197 jln‘tbl
3489 5119 3648 5187 genui

2075 5202 2313 5280 te._llinc
2362 5205 2507 5280 apud
2559 5203 2925 5280 Epiphaniam
2974 5223 3076 5278 pro
3119 5209 3384 5280 ἰελεδέχεθ
3419 5210 3654 5266 fortasse

2077 5274 2519 5348 substituendum
2563 5283 2648 5348 est
2669 5274 2944 5347 ἷελεδεθέχ
2967 5274 2992 5337 .’
3015 5287 3073 5332 ut
3106 5280 3159 5333 in
3195 5274 3454 5348 Heiaplis
3487 5279 3652 5335 Geta-

2073 5344 2245 5420 plisve
2273 5346 2434 5420 colon
2464 5344 3102 5420 illud__repraesent'abat,
3153 5350 3209 5403 in
3241 5344 3358 5420 quo
3378 5351 3649 5420 liebraim

2074 5412 2279 5488 Graecis
2311 5412 2727 5488 c_haracteribus
2764 5418 2968 5488 scripta
2998 5412 3338 5487 legebantur.
3365 5419 3486 5475 lam
3514 5420 3650 5476 illud

2074 5484 2280 5564 λακτὰλ
2327 5485 2662 5564 Epiphanius
2697 5484 2894 5564 vertit,—
2917 5489 3012 5542 καὶ
3045 5484 3152 5564 πρό
3189 5492 3286 5560 τῆς
3309 5492 3502 5564 δρόσου
3523 5509 3648 5546 παι-

2072 5555 2202 5610 δίον.
2233 5555 2512 5634 Quaesunt
2540 5557 2650 5611 duo
2673 5572 2737 5611 ac
2769 5557 2989 5634 diversa
3021 5555 3172 5615 vocis
3212 5555 3456 5630 ejusdem
3509 5565 3654 5634 glos-

2075 5653 2304 5699 semata.
2330 5632 2412 5705 51:
2436 5659 2604 5698 rorem
2628 5647 2918 5717 significat.
2956 5632 3081 5713 r'm.
3114 5650 3196 5705 vel
3221 5635 3361 5710 n‘m.
3394 5653 3474 5708 vel
3499 5632 3646 5712 {2:513

2071 5731 2294 5781 puerum
2328 5727 2381 5770 et
2410 5719 2672 5786 infantem
2698 5735 2718 5781 ;
2740 5718 2834 5772 sed
2861 5718 3179 5780 Chaldaice.
3217 5738 3323 5776 non
3363 5722 3646 5779 Hebraice.
3694 5754 3704 5766 ι

2076 5787 2257 5910 Qurare
2289 5788 2449 5910 lnihil
2489 5788 2554 5844 ad
2600 5787 2746 5844 hunc
2803 5789 2980 5845 locum
3029 5794 3297 5862 posterior
3341 5794 3447 5850 ista
3497 5795 3648 5849 notio

2077 5873 2142 5910 ne
2199 5874 2284 5910 tne
2312 5895 2326 5909 .

2077 5873 2326 5927 pertinet.
