4076 6392
457 403 525 460 19
1833 407 1889 462 S.
1931 401 2274 468 EPIPHANII
3651 413 3726 470 20

458 533 636 572 omnes
691 517 864 587 angeli
909 518 1012 572 mei
1051 535 1172 574 voce
1215 535 1314 574 sua
1346 520 1384 577 ¹.
1437 519 1622 592 Itaque
1657 521 1832 581 'roces
1887 526 2030 594 illae,

2137 527 2556 600 mwﬁﬁvau'liv
2573 529 2678 601 γὰρ
2695 531 2780 584 ἀεὶ
2799 531 2969 600 Λόγος
2989 532 3084 585 σὺν
3097 529 3273 603 Πατρί
3289 545 3304 562 ⁸
3319 529 3402 583 Δι’
3415 527 3604 584 αὐτοῦ
3615 529 3724 600 γὰρ

457 619 578 662 ante
639 607 980 678 Luciferum,
1035 611 1176 668 idem
1230 613 1554 684 signiﬁcant]
1601 631 1664 670 ac
1709 617 1754 672 si
1803 618 2036 687 diceret,

2149 620 2345 675 πάντα
2373 621 2600 691 γέγονε,
2633 623 2730 676 καὶ
2767 625 2945 692 χωρίς
2985 623 3174 677 αὑτοῦ
3199 622 3436 692 ἐγένετο
3465 620 3608 674 οὐδὲ
3629 621 3719 674 ἓν.

456 705 776 772 priusquam
809 713 957 760 esset
985 706 1424 780 condereturque
1493 711 1796 782 quidpiam.
1872 713 2112 770 Verbum
2152 717 2297 771 enim
2363 733 2488 771 cum
2533 717 2693 772 Patre
2735 733 2951 788 semper
3002 719 3228 774 exstitit.
3254 716 3388 772 Nam
3431 733 3524 786 per
3553 717 3722 786 ipsum

455 801 634 851 omnia
669 799 813 865 facta
845 810 967 856 sunt
988 843 1002 864 ,
1035 812 1084 855 et
1113 805 1224 856 sine
1255 805 1367 874 ipso
1399 805 1597 874 factum
1627 817 1706 862 est
1737 809 1886 864 nihil.

529 889 592 944 V.
617 889 824 944 Etenim
861 893 1007 946 dicat
1033 896 1230 962 aliquis
1252 913 1264 946 :
1286 898 1520 968 Angelos
1551 911 1676 954 ante
1703 903 1881 956 sidera
1911 919 2034 958 esse

457 985 798 1038 monstrasti.
849 983 1004 1051 Quod
1039 997 1218 1042 autem
1253 991 1416 1044 situul
1451 1007 1574 1046 cum
1609 995 1749 1049 cmlo
1777 1005 2034 1066 terraque

456 1075 754 1142 productos
805 1090 928 1131 esse
982 1077 1189 1142 dixisti,
1236 1081 1372 1136 cedo
1421 1099 1657 1152 quanam
1715 1087 1770 1142 Id
1819 1089 2034 1145 ratione

453 1165 864 1234 comprobasti?
891 1165 1082 1224 Nonne
1111 1177 1236 1224 ante
1259 1173 1458 1226 caelum
1489 1190 1552 1229 ac
1582 1185 1782 1232 terram
1807 1180 2034 1236 omnino

454 1256 820 1325 prodierunt?
847 1258 1131 1332 Nusquam
1174 1264 1320 1319 enim
1363 1275 1551 1337 aperte
1579 1267 1861 1340 Scriptura
1891 1282 2028 1326 tem-

455 1363 554 1416 pus
605 1352 870 1420 expressit
923 1369 1034 1424 quo
1079 1355 1255 1427 angeli
1299 1360 1570 1426 procreati
1629 1369 1778 1416 sunt.
1835 1362 1914 1418 Ac
1953 1369 2012 1418 tu

453 1437 670 1510 quidem
697 1442 909 1512 priores
934 1445 1056 1502 illos
1096 1448 1368 1505 sideribus
1412 1453 1691 1508 exstitisse
1734 1468 1846 1508 non
1887 1455 2032 1512 male

453 1535 867 1590 demonstras-ti.
923 1537 1142 1608 Alioqui
1183 1542 1326 1595 enim
1359 1544 1633 1611 quomodo
1659 1543 1828 1600 Deum
1851 1545 1923 1600 ob
1947 1545 2030 1600 fa-

455 1625 658 1680 bricata
705 1626 888 1683 sidera
937 1629 1338 1700 praedicarent?
1385 1631 1497 1688 Nos
1532 1643 1713 1690 autem
1759 1640 2030 1708 cujusque

452 1720 769 1787 quaestionis
808 1722 1225 1792 dissolutionem
1278 1741 1390 1782 non
1433 1743 1500 1783 ex
1553 1729 1772 1800 ingenio
1813 1739 2028 1796 nostro,

2213 899 2290 951 E'.
2323 897 2507 962 Λέξειε
2535 898 2578 951 δ’
2612 900 2676 954 ἄν
2705 917 2806 963 τις’
2840 899 3090 964 Ἐδειξας
3117 899 3194 969 (6)
3225 895 3362 953 εἶναι
3384 901 3490 972 πρὸ
3509 900 3724 974 ἄστρων

2141 991 2268 1055 τοὺς
2297 992 2582 1060 ἀγγέλους*
2623 991 2742 1063 ἅμα
2773 991 2828 1045 δὲ
2861 993 3076 1064 οὐρανῷ
3101 993 3196 1046 καὶ
3223 995 3294 1064 γῇ
3327 993 3550 1058 τούτους
3589 994 3728 1065 ἔφης»

2139 1082 2444 1151 γεγονέναι.
2497 1082 2670 1137 Πόθεν
2741 1085 3037 1154 πεποίησαι
3089 1083 3192 1154 τὴν
3245 1083 3551 1152 ἀπόδειξινς
3599 1083 3722 1153 λέγε

2136 1176 2289 1246 ἡμῖν·
2323 1175 2445 1246 οὐχὶ
2474 1175 2582 1248 ἄρα
2613 1175 2720 1246 πρὸ
2739 1175 2834 1228 τοῦ
2861 1175 3093 1249 οὐρανοῦ
3123 1177 3218 1230 καὶ
3238 1177 3340 1248 τῆς
3375 1177 3482 1248 γῆς
3503 1178 3722 1242 πάντως

2137 1267 2454 1335 γεγόνασιν;
2523 1267 2759 1338 οὐδαμοῦ
2805 1257 2914 1340 γᾶρ
2970 1267 3258 1338 τηλαυγῶς
3329 1269 3583 1340 σημαίνει
3627 1269 3723 1324 τὸν

2137 1359 2329 1429 χρόνον
2364 1359 2466 1429 τῆς
2497 1358 2605 1412 τῶν
2641 1359 2892 1428 ἀγγέλων
2929 1362 3198 1431 ποιήσεως
3223 1378 3237 1390 ·
3273 1361 3368 1414 καὶ
3389 1363 3472 1414 ὅτι
3499 1361 3597 1432 μὲν
3621 1379 3724 1415 κα-

2136 1447 2246 1512 λῶς
2287 1449 2482 1511 αὐτοὺς
2531 1447 2740 1513 ἔδειξας
2789 1443 2928 1502 εἶναι
2978 1450 3085 1520 πρὸ
3133 1450 3366 1517 ἄστρων.
3403 1451 3466 1502 ΙΞί
3501 1451 3575 1522 μὴ
3611 1453 3722 1521 γὰρ

2133 1537 2295 1612 ἦσαν,
2323 1539 2440 1604 πῶς
2467 1539 2672 1612 ὕμνουν
2703 1541 2840 1596 Θεὸν
2865 1541 2960 1595 ἐπὶ
2989 1544 3055 1614 τῇ
3087 1541 3197 1594 τῶν
3225 1542 3444 1613 ἄστρων
3471 1543 3718 1614 ποιήσεις

2145 1634 2334 1703 Ἡμεῖς
2361 1631 2418 1686 δὲ
2447 1633 2687 1706 ἑκάστην
2717 1634 3036 1705 ζητήματος
3061 1633 3282 1706 εὕρεσιν
3311 1636 3412 1688 οὐκ
3433 1635 3543 1688 ἀπὸ
3573 1635 3720 1691 ἰδίων

2131 1721 2408 1793 λογισμῶν
2449 1724 2726 1796 δυνάμεθα
2753 1725 2955 1794 λέγειν,
2991 1725 3128 1778 ἀλλὰ
3151 1727 3260 1780 ἀπὸ
3289 1727 3387 1797 τῆς
3431 1727 3542 1780 τῶν
3574 1728 3720 1800 Γρα-

453 1812 545 1866 sed
581 1827 648 1867 ex
681 1813 1092 1886 Scripturarnm
1135 1820 1278 1875 serie
1306 1835 1370 1876 ac
1402 1825 1800 1892 consequentia
1835 1824 2030 1881 afferre

2134 1813 2246 1882 φῶν
2281 1816 2615 1881 ἀκολουθίας.
2651 1817 2948 1889 Τηλαυγῶς
2969 1817 3078 1889 γὰρ
3117 1813 3372 1890 σημαίνεί
3409 1822 3436 1872 6
3457 1819 3552 1872 τοῦ
3582 1820 3722 1874 Θεοῦ

451 1923 766 1976 possumus.
829 1911 994 1980 Atqui
1053 1913 1188 1968 illud
1243 1913 1527 1972 evidenter
1575 1887 1795 1976 divinus
1846 1935 2028 1975 sermo

2134 1906 2309 1974 λόγος,
2339 1909 2420 1961 ὅτι
2436 1907 2560 1962 οὔτε
2591 1887 2729 1980 μετά
2750 1909 2817 1963 τὰ
2843 1910 3018 1981 ἄστρα
3033 1887 3320 1980 γεγόνασιν
3342 1911 3718 1980 ἀγγελοι,οὖτε

451 2001 714 2066 declarat,
769 2018 949 2072 neque
1005 2013 1128 2075 post
1189 2005 1372 2062 sidera
1425 2009 1727 2079 productos
1783 2014 2024 2084 angelos,

449 2111 628 2165 neque
658 2105 786 2151 ante
816 2097 1014 2152 coelum
1045 2107 1354 2171 terramque
1381 2104 1736 2161 constitutos.
1764 2103 1859 2161 Est
1883 2107 2028 2162 enim

450 2197 600 2241 certa
653 2189 742 2242 illa
777 2197 830 2244 et
867 2190 1226 2248 immutabilis
1281 2194 1590 2261 sententia,
1645 2207 1776 2253 ante
1823 2199 2026 2253 cmlum

450 2293 515 2334 ac
561 2285 766 2333 terram
813 2279 944 2334 nihil
979 2282 1204 2335 omnino
1247 2285 1589 2340 conditarum
1637 2301 1820 2341 rerum
1855 2287 2029 2343 exsti-

451 2369 606 2432 tisse,
631 2370 888 2439 qnoniam
923 2371 991 2424 In
1042 2373 1304 2440 principio
1345 2375 1540 2428 creavit
1573 2373 1714 2429 Deus
1753 2377 1940 2428 caelum
1980 2385 2030 2430 et

453 2473 650 2517 terram
681 2465 722 2528 ³,
749 2471 808 2516 ut
839 2463 970 2518 illud
1005 2465 1076 2518 sit
1101 2467 1322 2521 creandi
1349 2467 1702 2537 principium,
1735 2476 1862 2522 ante
1883 2467 2028 2538 quod

450 2555 654 2608 creatis
687 2570 754 2608 ex
783 2555 945 2610 rebus
974 2556 1198 2610 omnino
1229 2558 1374 2611 nulla
1411 2557 1593 2612 inierit.

523 2640 886 2707 Quamobrem
929 2659 1038 2698 non
1073 2653 1274 2715 potest,
1307 2647 1384 2701 uti
1413 2647 1674 2716 diximus,
1699 2649 1847 2720 quod
1877 2651 2021 2706 inest

453 2749 509 2786 in
545 2733 768 2789 homine
812 2737 1060 2799 verbum,
1115 2739 1278 2792 homo
1301 2741 1632 2809 nuncupari,
1669 2741 1764 2798 sed
1793 2742 2030 2798 hominis

453 2827 698 2882 verbum.
753 2826 906 2894 Quod
934 2827 980 2882 si
1007 2829 1098 2884 Dei
1135 2829 1374 2886 Verbum
1411 2830 1553 2887 Deus
1584 2843 1687 2895 est,
1723 2833 2030 2888 subsisten~

453 2919 528 2970 tia
589 2919 812 2972 minime
863 2928 1044 2984 caret;
1107 2919 1354 2990 adeoque
1404 2919 1548 2975 Deus
1603 2919 1842 2976 Verbum
1893 2923 2028 2978 sub-

454 3011 621 3074 sistit,
677 3027 706 3064 a
765 3011 876 3066 Deo
928 3013 1185 3083 genitus,
1237 3013 1356 3069 sine
1402 3013 1558 3068 initio
1608 3013 1720 3068 ullo
1773 3029 1838 3069 ac
1892 3021 2030 3068 tem.

453 3121 620 3174 pore:
661 3104 885 3158 Verbum
945 3107 1088 3160 enim
1145 3123 1270 3160 caro
1326 3105 1529 3176 factum
1584 3115 1700 3168 est,
1765 3115 1817 3161 et
1874 3105 2029 3160 habi-

2132 1999 2238 2070 πρὸ
2264 2000 2492 2071 οὐρανοῦ
2541 2001 2636 2054 καὶ
2669 2002 2792 2071 γῆς,
2831 2002 3018 2069 σαφῶς
3071 2001 3408 2070 ἀμεταθέτου
3439 2003 3592 2066 ὃντος
3621 2003 3720 2056 τοῦ

2133 2089 2322 2162 ῥητοῦ,
2345 2092 2428 2144 ὅτι
2461 2093 2568 2163 πρὸ
2589 2091 2820 2163 οὐρανοῦ
2872 2094 2964 2146 καὶ
2985 2093 3087 2164 γῆς
3117 2094 3268 2147 οὐδὲν
3301 2090 3370 2166 ἦν
3397 2094 3507 2148 τῶν
3541 2112 3721 2148 κεκτι-

2133 2185 2360 2255 σμὲνων·
2394 2185 2478 2238 ὅτι
2539 2185 2635 2238 Ἑν
2671 2184 2828 2255 ἀρχῇ
2861 2186 3152 2253 ἐποίησεν
3195 2189 3231 2241 ό
3277 2187 3420 2254 Θεὸς
3459 2187 3568 2242 τὸν
3617 2189 3720 2241 οὺ-

2123 2273 2316 2340 ρανόν
2349 2273 2448 2327 καὶ
2475 2273 2590 2343 τὴν
2615 2275 2751 2346 γῆν,
2783 2277 2857 2340 ὡς
2890 2279 3064 2349 ἀρχῆς
3109 2276 3276 2350 οὔσης
3317 2280 3564 2346 κτίσεως,
3623 2280 3720 2334 καὶ

2130 2363 2281 2418 οὐδὲν
2304 2365 2410 2434 πρὸ
2443 2365 2614 2434 αὐτῆς
2655 2366 2763 2418 τῶν
2794 2369 3198 2440 κεκτισμένων.

2201 2637 2276 2691 Οὐ
2299 2637 2520 2692 δύναται
2543 2635 2658 2702 οὖν,
2691 2639 2768 2704 ὡς
2801 2644 3080 2712 προεῖπον,
3107 2643 3134 2694 6
3161 2644 3216 2695 ὲν
3245 2643 3516 2714 ἀνθρώπῳ
3540 2645 3716 2712 λόγος,

2131 2730 2416 2802 ἄνθρωπος
2435 2731 2735 2791 καλεῖσθαι,
2768 2733 2901 2787 ἀλλὰ
2916 2734 3072 2802 λόγος
3093 2733 3399 2805 ἀνθρώπου.
3417 2736 3478 2788 Εἰ
3495 2736 3549 2788 δὲ
3569 2739 3596 2790 6
3611 2739 3715 2790 Λό-

2130 2837 2226 2889 γος
2253 2821 2346 2874 τοῦ
2375 2821 2508 2874 Θεοῦ
2525 2822 2657 2886 Θεός
2674 2825 2841 2887 ἐστιν,
2860 2823 2959 2876 οὐκ
2975 2824 3119 2876 ἔστιν
3142 2823 3509 2886 ἀνυπόστατος
3527 2824 3717 2892 Λόγος,

2131 2913 2268 2966 ἀλλά
2281 2915 2638 2978 ὲνυπόστατος
2651 2915 2784 2979 Θεὸς
2801 2917 2970 2982 Λόγος
2982 2917 3045 2968 ὲκ
3065 2913 3158 2968 τοῦ
3173 2915 3310 2968 Θεοῦ
3325 2933 3551 2986 γεγεννη
3561 2915 3719 2985 μένοις

2131 3009 2383 3080 ἀνάρχως
2395 3009 2488 3062 καὶ
2499 3009 2764 3080 ἀχρόνως-
2782 3010 2843 3062 Ὀ
2855 3009 2964 3080 γὰρ
2979 3010 3166 3078 Λόγος
3177 3009 3333 3076 σὰρξ
3347 3008 3604 3078 ἐγένετο,
3619 3009 3716 3062 καὶ

2131 3099 2488 3164 ἐσκήνωσεν
2506 3099 2576 3152 ἐν
2593 3098 2756 3167 ἡμῖν,
2784 3099 2880 3153 καὶ
2904 3099 3144 3167 εἴδομεν
3169 3099 3284 3167 τὴν
3301 3098 3489 3163 δόξαν
3509 3099 3716 3162 αὑτοῦ,

453 3196 582 3250 tavit
635 3196 689 3250 in
737 3197 920 3261 nobis,
965 3207 1015 3250 et
1069 3196 1296 3250 uidimus
1345 3197 1572 3268 gloriam
1620 3197 1757 3266 ejus.
1804 3198 2027 3268 gloriam

2134 3189 2322 3253 δόξαν
2343 3191 2424 3256 ὡς
2444 3191 2826 3260 Μονογενοῦς
2853 3191 3012 3258 παρὰ
3054 3192 3302 3258 Πατρός,
3344 3192 3584 3260 πλήρης
3617 3191 3721 3262 χά-

451 3289 604 3358 quasi
643 3285 910 3358 Unigeniti
953 3305 986 3342 a
1034 3287 1228 3353 Patre,
1278 3289 1490 3357 plenum
1535 3289 1724 3358 gratiae
1767 3291 1931 3360 612
1979 3301 2030 3345 et

2134 3299 2292 3348 ριτος
2319 3281 2418 3334 καὶ
2447 3281 2750 3350 ἀληθείας.
2803 3282 3085 3350 Ἰωάννης
3117 3285 3410 3352 μαρτυρεῖ
3455 3285 3588 3353 περὶ
3615 3287 3722 3338 αὐ-

451 3382 708 3435 υενίεαιίε.
755 3379 987 3434 Joannes
1016 3379 1080 3434 de
1105 3379 1200 3434 illo
1224 3389 1469 3445 testatur,
1505 3392 1556 3436 et
1589 3383 1786 3436 clamat
1815 3381 1991 3436 dicens
2011 3397 2030 3434 :

459 3471 559 3526 llic
607 3483 684 3527 est
741 3489 893 3542 quem
935 3472 1050 3526 dixi
1094 3471 1278 3526 vobis:
1313 3472 1418 3538 Qui
1457 3483 1574 3542 post
1605 3491 1686 3528 me
1709 3475 1869 3540 venit,
1905 3483 2027 3528 ante

455 3580 534 3618 me
564 3563 740 3632 factus
773 3571 872 3628 est,
921 3563 1048 3632 quia
1101 3563 1250 3631 prior
1297 3577 1379 3616 me
1424 3571 1538 3615 erat
1573 3562 1632 3615 ἐ
1673 3562 1765 3616 hic
1799 3561 1948 3616 venit
1975 3561 2032 3615 in

454 3654 738 3718 mundum,
795 3661 857 3708 ut
907 3655 1148 3709 salvetur
1199 3653 1439 3710 mundus
1493 3669 1588 3724 per
1643 3654 1822 3724 ipsum
1853 3654 1895 3709 ⁵.
1961 3652 2030 3707 1η

453 3746 650 3800 mundo
701 3756 839 3810 erat,
863 3756 913 3800 et
963 3745 1192 3802 mundus
1241 3764 1334 3818 per
1386 3749 1560 3818 ipsum
1601 3748 1776 3818 factus
1825 3755 1925 3812 est,
1983 3755 2031 3800 et

453 3839 680 3894 mundus
709 3856 828 3894 eum
865 3856 969 3893 non
995 3841 1233 3910 cognovit
1265 3841 1312 3894 ⁸.
1339 3839 1503 3897 Vides
1532 3841 1870 3911 unigenitum
1901 3839 2034 3895 Ver-

455 3931 628 3987 bum?
667 3931 830 3986 Vides
859 3932 914 3985 in
962 3931 1168 3986 mundo
1215 3933 1544 4004 completum
1595 3932 1737 3986 inter
1781 3932 2034 3988 homines

453 4041 519 4080 ac
563 4025 780 4095 plenam
819 4039 848 4078 a
895 4023 1060 4078 Patre
1096 4023 1372 4095 Unigcniti
1399 4024 1628 4094 gloriam
1657 4023 2034 4079 obtinentem?

449 4117 570 4173 Non
601 4125 663 4172 ut
699 4116 858 4172 Pater
887 4116 1006 4187 ipse
1033 4117 1104 4172 sit
1129 4115 1390 4176 Verbum.
1422 4123 1516 4170 aut
1543 4131 1668 4170 cum
1700 4116 1882 4173 Verbo
1907 4133 2036 4172 coa-

455 4211 666 4264 lescens
709 4207 1043 4277 apparuerit.
1083 4207 1228 4262 velut
1272 4207 1435 4261 homo
1483 4221 1606 4260 cum
1646 4207 1814 4262 verbo
1861 4207 2033 4271 ipsius

453 4305 702 4368 apparet,
743 4313 922 4366 neque
956 4297 1106 4351 illius
1135 4297 1362 4352 verbum
1397 4312 1660 4366 apparere
1691 4305 1893 4366 potest,
1927 4298 2034 4352 nisi

453 4388 598 4443 adsit
629 4387 728 4456 qui-
767 4386 900 4440 illud
952 4387 1244 4456 eloquitur.
1281 4386 1508 4441 Cuinam
1561 4387 1726 4456 igitur
1759 4387 2034 4442 adhibebo

453 4481 662 4536 ﬁdem?
697 4479 928 4536 Cuinam
971 4481 1278 4536 assentiar?
1323 4479 1364 4532 Α
1410 4480 1738 4548 quibusnam
1781 4480 1946 4533 vitam
1979 4479 2033 4534 in

2133 3373 2261 3437 τοῦ,
2315 3373 2412 3427 καὶ
2445 3373 2700 3444 κέκραγε
2739 3375 2952 3444 λέγων·
2999 3371 3188 3442 Οὗτός
3231 3377 3403 3430 ἐστιν
3444 3377 3517 3430 ὃν
3547 3373 3724 3431 εἷπον

2131 3466 2293 3536 ὑμῖν·
2359 3469 2422 3522 '0
2453 3471 2646 3524 ὀπίσω
2679 3489 2800 3540 μου
2858 3471 3182 3540 ἐρχόμενος
3217 3471 3560 3540 ἔμπροσθέν
3601 3491 3724 3542 μου

2133 3559 2398 3629 γέγονεν,
2431 3561 2517 3614 ὅτι
2543 3561 2775 3630 πρῶτός
2801 3581 2920 3632 μου
2969 3559 3068 3632 ἦν.
3105 3557 3274 3630 υῦτος
3313 3561 3476 3636 ἦλθεν
3500 3567 3578 3628 εἰς
3628 3566 3720 3617 τὸν

2133 3651 2356 3722 κόσμον,
2388 3652 2477 3705 ἵνα
2497 3653 2643 3724 σωθῇ
2670 3654 2698 3705 6
2728 3653 2932 3722 κόσμος
2953 3654 3020 3710 δι’
3054 3655 3240 3710 αὐτοῦ.
3295 3658 3398 3711 Ἐν
3418 3655 3498 3721 τῷ
3515 3658 3722 3726 κόσμῳ

2133 3739 2230 3812 ἦν,
2263 3743 2362 3797 καὶ
2391 3747 2424 3798 ὁ
2457 3745 2685 3813 κόσμος
2715 3745 2992 3802 διἀὑτοῦ
3014 3749 3269 3818 ἐγένετο,
3305 3748 3404 3801 καὶ
3435 3752 3470 3802 ὁ
3493 3749 3724 3818 κόσμος

2134 3835 2322 3889 αὐτὸν
2350 3838 2462 3890 οὐκ
2489 3837 2663 3906 ἔγνω.
2703 3839 2868 3911 Ὁρᾷς
2903 3841 3166 3911 μονογενῆ
3195 3841 3400 3909 Λόγον;
3459 3840 3622 3911 Ὁρᾷς
3659 3841 3722 3892 ὲν

2138 3927 2328 3998 κόσμῳ
2389 3928 2820 4001 πεπληρωμένον
2875 3933 2932 3984 ἐν
2993 3930 3333 4001 ἀνθρώποις,
3392 3931 3489 3985 καὶ
3538 3930 3717 4000 πλήρη

2135 4020 2324 4092 ἔχοντα
2357 4020 2514 4086 δόξαν
2547 4023 2886 4091 Μονογενοῦς
2923 4023 3072 4094 παρά
3108 4023 3358 4092 Πατρός;
3397 4025 3496 4093 οὐχ
3521 4022 3597 4086 ὡς
3627 4022 3720 4074 τοῦ

2136 4113 2348 4183 Πατρὸς
2373 4111 2526 4178 ὄντος
2557 4115 2750 4183 Λόγουο
2775 4115 2834 4168 οὐ
2863 4115 3070 4186 Πατρός
3103 4115 3218 4186 ἅμα
3257 4115 3415 4186 Λόγῳ
3453 4114 3722 4185 συναλιφῇ

2137 4203 2466 4274 πεφηνότος·
2498 4205 2574 4270 ῶς
2601 4206 2886 4279 ἄνθρωπος
2933 4207 3049 4278 ἅμα
3081 4207 3159 4277 τῷ
3194 4207 3388 4261 ἑαυτοῦ
3412 4206 3555 4276 λόγῳ
3593 4223 3720 4273 φαι-

2137 4297 2378 4365 νόμενος,
2413 4297 2508 4350 καὶ
2545 4301 2576 4352 6
2597 4298 2752 4366 λόγος
2785 4297 2950 4352 αὑτοῦ
2974 4300 3034 4352 οὐ
3070 4299 3290 4353 δύναται
3325 4299 3578 4370 φανῆναι,
3625 4297 3720 4350 ἐὰν

2139 4385 2215 4454 μὴ
2270 4388 2417 4456 παρῇ
2452 4387 2481 4439 6
2511 4387 2881 4457 φθεγγόμενος
2911 4387 3001 4440 τὸν
3047 4388 3204 4456 λόγον
3269 4389 3386 4442 Τίνι
3427 4386 3605 4440 τοίνυν
3633 4403 3724 4439 πι-

2141 4477 2384 4540 στεύσω;
2417 4478 2535 4531 Τίνι
2571 4479 2885 4550 συνθῶμαι;
2921 4481 3076 4550 Παρὰ
3106 4481 3266 4533 τίνων
3302 4480 3450 4533 λάϐω
3482 4479 3624 4550 ζωὴν
3663 4479 3722 4530 ἐν

451 4571 760 4643 disciplinis
814 4571 1120 4640 accipiam?
1163 4569 1306 4625 Num
1355 4570 1424 4624 ab
1471 4571 1677 4624 sanctis
1711 4571 2030 4640 Evangelia-

2143 4571 2462 4642 μαθήμασι;
2529 4571 2686 4645 Παρὰ
2744 4573 2852 4626 τῶν
2917 4573 3087 4640 ἁγίων
3148 4573 3570 4642 εὐαγγελιστῶν,
3627 4571 3720 4624 καὶ

453 4681 576 4718 ι·ιιιη
629 4665 1014 4733 scriptoribus,
1047 4671 1102 4717 et
1130 4663 1310 4716 alﬂatu
1349 4662 1525 4716 sancti
1562 4659 1804 4730 Spiritus.
1833 4661 2030 4730 impul-

2138 4663 2628 4736 πνευματοφόρων,
2684 4665 2792 4718 τῶν
2825 4665 2917 4719 τὸν
2947 4665 3118 4734 Λόγον
3169 4665 3323 4736 παρὰ
3367 4665 3579 4735 Πατρὸς
3617 4666 3724 4717 ἀπ·-

451 4757 552 4815 sis.
581 4757 672 4824 qui
706 4753 940 4810 Verbum
974 4769 1002 4808 a
1029 4753 1191 4808 Patre
1231 4754 1458 4807 missum
1488 4768 1611 4807 esse
1641 4753 2030 4821 prodiderunt?

2137 4756 2462 4826 εσταλμένον
2513 4757 2832 4828 φησάντων;
2865 4757 2897 4828 ἢ
2927 4755 3128 4814 τούτων
3195 4755 3302 4810 τῶν
3367 4755 3475 4809 ἀπὸ
3508 4752 3720 4807 Παύλου

451 4849 534 4902 Λη
581 4864 610 4901 a
653 4847 804 4901 Pauli
853 4845 1198 4900 Samosaleni
1235 4843 1540 4913 discipuiis,
1573 4845 1664 4913 qui
1697 4860 1822 4898 cum
1851 4843 2030 4900 Verbo

2137 4847 2232 4900 τοῦ
2265 4849 2645 4918 Σαμοσατέως,
2685 4847 2804 4900 τῶν.
2827 4850 2921 4901 σὺν
2947 4848 3021 4917 τῷ
3053 4849 3209 4918 Λόγῳ
3237 4847 3369 4902 Θεὸν
3412 4847 3507 4900 καὶ
3549 4845 3720 4912 Λόγον

449 4939 622 4994 Deum
659 4947 713 4993 et
761 4953 885 4993 cum
921 4936 1030 4991 Deo
1058 4935 1295 4990 Verbum
1320 4951 1443 4990 esse
1472 4935 1701 4989 dicunt?
1736 4935 1826 5003 qui
1852 4934 2030 4990 Patris

2142 4940 2238 4990 σὺν
2277 4939 2352 5008 τῷ
2388 4939 2508 5009 Θεῷ
2557 4939 2900 5008 φασκόντων,
2929 4941 3036 4996 τῶν
3081 4940 3139 4993 ἓν
3187 4940 3476 5012 πρόσωπον
3507 4939 3721 5010 Πατρὸς

451 5047 577 5086 cum
619 5021 808 5086 Verbo
857 5038 910 5084 et
958 5029 1120 5084 Verbi
1181 5043 1306 5082 cum
1339 5027 1500 5082 Patre
1531 5029 1830 5097 comparati
1867 5045 2029 5082 unam

2141 5031 2274 5100 πρὸς
2301 5031 2390 5082 τὸν
2415 5032 2607 5099 Λόγον,
2645 5033 2738 5084 καὶ
2767 5033 2855 5084 τὸν
2887 5032 3057 5100 Λόγον
3085 5031 3218 5102 πρὸς
3241 5032 3329 5084 τὸν
3354 5031 3573 5104 Πατέρα
3608 5031 3724 5102 ὁρι-

391 5145 394 5147 λ
452 5140 576 5180 esse
619 5137 908 5194 personam
937 5121 1243 5176 deﬁniunt?
1273 5120 1339 5171 At
1369 5121 1414 5172 si
1450 5120 1606 5174 unica
1637 5121 1902 5174 duntaxat
1941 5127 2027 5174 est

2141 5120 2372 5186 ζόντων;
2399 5123 2460 5175 Εἰ
2479 5123 2536 5175 δὲ
2559 5123 2616 5176 ἓν
2645 5123 2706 5176 τὸ
2736 5124 3045 5194 πρόσωπον,
3067 5125 3181 5188 πῶς
3201 5127 3230 5178 ό
3257 5125 3354 5196 μὲν
3377 5123 3718 5187 ἀποστέλλει,

525 5285 543 5314 ³
581 5279 683 5336 Iob
712 5295 940 5345 xxxvm,
988 5277 1040 5334 7.
1120 5277 1139 5307 ’
1174 5275 1309 5331 Gen.
1344 5293 1382 5340 ι,
1421 5277 1468 5328 i.
1549 5277 1568 5308 ³
1601 5275 1758 5329 Joan.
1801 5287 1845 5337 ι,
1878 5275 2030 5338 14,1.

2156 5276 2176 5305 ⁵
2206 5275 2364 5330 loan.
2398 5293 2484 5344 ιιι,
2519 5279 2604 5332 17.
2682 5281 2702 5311 ⁵
2728 5277 2886 5334 Joan.
2929 5297 2969 5344 ι,
2999 5281 3082 5334 10.

523 5439 602 5506 (6)
643 5437 846 5500 Λέξειε
901 5435 952 5487 δ’
1005 5434 1082 5488 ἄν
1128 5449 1237 5498 τις·
1271 5431 1836 5506 '_E6.sr.§ac.'Angelos
1898 5439 2024 5506 ante
2131 5432 2404 5506 rationem
2461 5437 2657 5490 merito
2737 5437 3014 5493 desiderat
3078 5436 3325 5506 Vasquez
3387 5437 3441 5490 in
3507 5437 3526 5490 Ῑ
3583 5435 3711 5491 Par.

453 5501 644 5564 mundi
703 5506 1140 5576 procreationem
1197 5520 1225 5556 a
1283 5502 1393 5576 Deo
1418 5503 1605 5576 factos
1629 5517 1752 5557 esse
1781 5501 2025 5576 plerique
2132 5503 2277 5576 disp.
2307 5505 2434 5576 224,
2481 5508 2571 5559 ubi
2606 5507 2944 5562 validissime
2981 5501 3340 5568 demonstrat,
3375 5523 3474 5560 nec
3505 5509 3714 5563 erroris

451 5571 720 5635 veterum'
753 5575 998 5637 Patrum,
1053 5574 1354 5646 praeserth
1409 5571 1742 5646 Griecorum,
1765 5572 2024 5646 arbitrati
2133 5571 2508 5646 datimandam
2537 5577 2684 5629 illam
2713 5593 2837 5632 esse
2887 5593 3059 5646 neque
3079 5577 3406 5632 abEcelesia
3433 5577 3712 5644 rejeetam;

453 5659 611 5718 sunt,
671 5656 724 5718 et
767 5648 925 5718 inter
985 5641 1214 5718 caeteros
1277 5641 1574 5718 Gregorius
1647 5641 2026 5718 Nazianzenus
2137 5645 2356 5697 tametsi
2399 5645 2558 5714 longe
2589 5647 2668 5718 sit
2715 5649 2884 5700 altera
2943 5641 3298 5718 probabilior,
3328 5663 3455 5718 quae
3491 5641 3714 5718 angelos

451 5717 602 5775 Orat.
633 5717 723 5773 38.
754 5715 926 5788 Quam
963 5713 1556 5788 sententiam_thcol0gi
1586 5713 1808 5782 quidam
1859 5722 2029 5766 teme-
2138 5721 2296 5788 negat.
2328 5723 2456 5768 ante
2499 5713 2637 5788 caeli,
2676 5713 3012 5788 creationem
3051 5733 3174 5772 esse
3207 5713 3525 5787 productos,
3567 5713 3713 5788 quod

452 5791 654 5844 rariam
693 5796 746 5842 et
783 5781 908 5840 ’hoc
958 5794 1203 5856 tempore
1241 5783 1404 5856 etiam
1451 5781 1762 5856 haeret-eam
1795 5799 2029 5856 prouun-
2137 5781 2473 5853 Epiphanius
2498 5787 2868 5856 amplectitur.

453 5862 589 5915 tiarc
607 5875 712 5916 non
732 5868 858 5916 sunt
885 5853 1145 5912 veritifln
1175 5854 1375 5926 quibus
1402 5853 1748 5924 prudentiam
1763 5867 1824 5907 ac
1851 5853 2028 5908 mode-
