  <div class='ocr_page' id='page_1' title='image "/cluster/home/n/w/nwhite01/storage/ocr_20150623/42/nnc1.0046978682/019.png"; bbox 0 0 4076 6392; ppageno 0'>
   <div class='ocr_carea' id='block_1_1' title="bbox 441 389 3709 459">
    <p class='ocr_par' dir='ltr' id='par_1_1' title="bbox 441 389 3709 459">
     <span class='ocr_line' id='line_1_1' title="bbox 441 389 3709 459; baseline 0.007 -22"><span class='ocrx_word' id='word_1_1' title='bbox 441 394 516 452; x_wconf 61' lang='grc' dir='ltr'><strong>εδ</strong></span> <span class='ocrx_word' id='word_1_2' title='bbox 1827 390 1887 448; x_wconf 93' lang='lat' dir='ltr'><strong>s.</strong></span> <span class='ocrx_word' id='word_1_3' title='bbox 1929 389 2272 447; x_wconf 77' lang='lat' dir='ltr'><strong>EPlPﬂANll</strong></span> <span class='ocrx_word' id='word_1_4' title='bbox 3642 403 3709 459; x_wconf 73' lang='lat' dir='ltr'><strong>si</strong></span> 
     </span>
    </p>
   </div>
   <div class='ocr_carea' id='block_1_2' title="bbox 444 512 2025 602">
    <p class='ocr_par' dir='ltr' id='par_1_2' title="bbox 444 512 2022 602">
     <span class='ocr_line' id='line_1_2' title="bbox 444 512 2022 602; baseline -0.003 -33"><span class='ocrx_word' id='word_1_5' title='bbox 444 527 589 570; x_wconf 69' lang='lat' dir='ltr'><strong>mrsu</strong></span> <span class='ocrx_word' id='word_1_6' title='bbox 614 531 706 602; x_wconf 43' lang='lat' dir='ltr'><strong>me.</strong></span> <span class='ocrx_word' id='word_1_7' title='bbox 729 515 888 568; x_wconf 72' lang='lat' dir='ltr'><strong>Pater</strong></span> <span class='ocrx_word' id='word_1_8' title='bbox 915 515 956 567; x_wconf 86' lang='lat'><strong>&#39;.</strong></span> <span class='ocrx_word' id='word_1_9' title='bbox 981 513 1157 580; x_wconf 85' lang='lat' dir='ltr'><strong>Quam</strong></span> <span class='ocrx_word' id='word_1_10' title='bbox 1187 513 1358 567; x_wconf 89' lang='lat' dir='ltr'><strong>multa</strong></span> <span class='ocrx_word' id='word_1_11' title='bbox 1385 521 1515 569; x_wconf 88' lang='lat' dir='ltr'><strong>sunt</strong></span> <span class='ocrx_word' id='word_1_12' title='bbox 1542 527 1769 568; x_wconf 84' lang='lat' dir='ltr'><strong>numero</strong></span> <span class='ocrx_word' id='word_1_13' title='bbox 1797 512 2022 568; x_wconf 91' lang='lat' dir='ltr'><strong>totidem</strong></span> 
     </span>
    </p>
   </div>
   <div class='ocr_carea' id='block_1_3' title="bbox 2126 512 3710 602">
    <p class='ocr_par' dir='ltr' id='par_1_3' title="bbox 2126 514 3710 588">
     <span class='ocr_line' id='line_1_3' title="bbox 2126 514 3710 588; baseline 0.005 -22"><span class='ocrx_word' id='word_1_14' title='bbox 2126 514 2500 582; x_wconf 76' lang='grc' dir='ltr'><strong>ἀποστείλας</strong></span> <span class='ocrx_word' id='word_1_15' title='bbox 2526 531 2605 585; x_wconf 81' lang='grc' dir='ltr'><em>με</em></span> <span class='ocrx_word' id='word_1_16' title='bbox 2636 516 2864 588; x_wconf 80' lang='grc' dir='ltr'><em>Πατήρ.</em></span> <span class='ocrx_word' id='word_1_17' title='bbox 2899 514 3047 570; x_wconf 84' lang='grc' dir='ltr'><em>Πόσα</em></span> <span class='ocrx_word' id='word_1_18' title='bbox 3078 515 3135 569; x_wconf 82' lang='grc' dir='ltr'><strong>δὲ</strong></span> <span class='ocrx_word' id='word_1_19' title='bbox 3165 515 3298 570; x_wconf 79' lang='grc' dir='ltr'><em>ἄλλα</em></span> <span class='ocrx_word' id='word_1_20' title='bbox 3329 515 3587 581; x_wconf 85' lang='grc' dir='ltr'><em>τοσαῦτα,</em></span> <span class='ocrx_word' id='word_1_21' title='bbox 3617 519 3710 574; x_wconf 84' lang='grc' dir='ltr'><em>καὶ</em></span> 
     </span>
    </p>
   </div>
   <div class='ocr_carea' id='block_1_4' title="bbox 443 603 2023 678">
    <p class='ocr_par' dir='ltr' id='par_1_4' title="bbox 443 603 2023 678">
     <span class='ocr_line' id='line_1_4' title="bbox 443 603 2023 678; baseline -0.003 -16"><span class='ocrx_word' id='word_1_22' title='bbox 443 608 690 678; x_wconf 81' lang='lat' dir='ltr'><strong>adeoque</strong></span> <span class='ocrx_word' id='word_1_23' title='bbox 731 607 890 676; x_wconf 90' lang='lat' dir='ltr'><strong>plura</strong></span> <span class='ocrx_word' id='word_1_24' title='bbox 932 605 1280 661; x_wconf 82' lang='lat' dir='ltr'><strong>testimonia!</strong></span> <span class='ocrx_word' id='word_1_25' title='bbox 1330 603 1471 661; x_wconf 87' lang='lat' dir='ltr'><strong>Ecce</strong></span> <span class='ocrx_word' id='word_1_26' title='bbox 1505 605 1602 660; x_wconf 77' lang='lat' dir='ltr'><strong>tibi</strong></span> <span class='ocrx_word' id='word_1_27' title='bbox 1637 606 1716 661; x_wconf 89' lang='lat' dir='ltr'><strong>sic</strong></span> <span class='ocrx_word' id='word_1_28' title='bbox 1762 604 1853 660; x_wconf 90' lang='lat' dir='ltr'><strong>ille</strong></span> <span class='ocrx_word' id='word_1_29' title='bbox 1885 618 2023 674; x_wconf 90' lang='lat' dir='ltr'><strong>quo-</strong></span> 
     </span>
    </p>
   </div>
   <div class='ocr_carea' id='block_1_5' title="bbox 441 695 2025 767">
    <p class='ocr_par' dir='ltr' id='par_1_5' title="bbox 441 695 2025 767">
     <span class='ocr_line' id='line_1_5' title="bbox 441 695 2025 767; baseline 0 -14"><span class='ocrx_word' id='word_1_30' title='bbox 441 700 569 754; x_wconf 86' lang='lat' dir='ltr'><strong>dam</strong></span> <span class='ocrx_word' id='word_1_31' title='bbox 605 698 806 753; x_wconf 91' lang='lat' dir='ltr'><strong>inloco</strong></span> <span class='ocrx_word' id='word_1_32' title='bbox 835 707 1065 753; x_wconf 89' lang='lat' dir='ltr'><strong>narrat:</strong></span> <span class='ocrx_word' id='word_1_33' title='bbox 1107 695 1380 767; x_wconf 77' lang='lat' dir='ltr'><strong>Conﬁteor</strong></span> <span class='ocrx_word' id='word_1_34' title='bbox 1419 698 1546 763; x_wconf 93' lang='lat' dir='ltr'><strong>tibi,</strong></span> <span class='ocrx_word' id='word_1_35' title='bbox 1576 695 1764 763; x_wconf 87' lang='lat' dir='ltr'><strong>Pater,</strong></span> <span class='ocrx_word' id='word_1_36' title='bbox 1800 695 2025 753; x_wconf 87' lang='lat' dir='ltr'><strong>Domine</strong></span> 
     </span>
    </p>
   </div>
   <div class='ocr_carea' id='block_1_6' title="bbox 441 785 2022 859">
    <p class='ocr_par' dir='ltr' id='par_1_6' title="bbox 441 785 2022 859">
     <span class='ocr_line' id='line_1_6' title="bbox 441 785 2022 859; baseline -0.003 -15"><span class='ocrx_word' id='word_1_37' title='bbox 441 790 564 845; x_wconf 53' lang='lat' dir='ltr'><strong>emli&#39;</strong></span> <span class='ocrx_word' id='word_1_38' title='bbox 587 806 648 843; x_wconf 83' lang='lat' dir='ltr'><strong>ac</strong></span> <span class='ocrx_word' id='word_1_39' title='bbox 675 798 849 853; x_wconf 65' lang='lat' dir='ltr'><strong>terror,</strong></span> <span class='ocrx_word' id='word_1_40' title='bbox 873 789 1120 859; x_wconf 80' lang='lat' dir='ltr'><strong>quoniam</strong></span> <span class='ocrx_word' id='word_1_41' title='bbox 1152 785 1476 841; x_wconf 76' lang='lat' dir='ltr'><strong>abscondisti</strong></span> <span class='ocrx_word' id='word_1_42' title='bbox 1501 785 1610 840; x_wconf 63' lang='lat' dir='ltr'><strong>haec</strong></span> <span class='ocrx_word' id='word_1_43' title='bbox 1639 803 1671 840; x_wconf 90' lang='lat' dir='ltr'><strong>a</strong></span> <span class='ocrx_word' id='word_1_44' title='bbox 1695 787 2022 856; x_wconf 73' lang='lat' dir='ltr'><strong>sapientibus</strong></span> 
     </span>
    </p>
   </div>
   <div class='ocr_carea' id='block_1_7' title="bbox 440 876 2021 950">
    <p class='ocr_par' dir='ltr' id='par_1_7' title="bbox 440 876 2021 950">
     <span class='ocr_line' id='line_1_7' title="bbox 440 876 2021 950; baseline -0.004 -14"><span class='ocrx_word' id='word_1_45' title='bbox 440 891 490 936; x_wconf 88' lang='lat' dir='ltr'><strong>et</strong></span> <span class='ocrx_word' id='word_1_46' title='bbox 522 878 870 950; x_wconf 72' lang='lat' dir='ltr'><strong>prudentibus</strong></span> <span class='ocrx_word' id='word_1_47' title='bbox 895 920 911 944; x_wconf 91' lang='lat'><strong>,</strong></span> <span class='ocrx_word' id='word_1_48' title='bbox 941 888 991 932; x_wconf 88' lang='lat' dir='ltr'><strong>et</strong></span> <span class='ocrx_word' id='word_1_49' title='bbox 1021 878 1265 933; x_wconf 79' lang='lat' dir='ltr'><strong>reeelasti</strong></span> <span class='ocrx_word' id='word_1_50' title='bbox 1291 895 1355 933; x_wconf 80' lang='lat' dir='ltr'><strong>ea</strong></span> <span class='ocrx_word' id='word_1_51' title='bbox 1391 877 1648 946; x_wconf 82' lang='lat' dir='ltr'><strong>parvulis.</strong></span> <span class='ocrx_word' id='word_1_52' title='bbox 1683 876 1806 942; x_wconf 80' lang='lat' dir='ltr'><strong>Ita,</strong></span> <span class='ocrx_word' id='word_1_53' title='bbox 1836 876 2021 946; x_wconf 87' lang='lat' dir='ltr'><strong>Pater,</strong></span> 
     </span>
    </p>
   </div>
   <div class='ocr_carea' id='block_1_8' title="bbox 439 969 2022 1042">
    <p class='ocr_par' dir='ltr' id='par_1_8' title="bbox 439 969 2022 1042">
     <span class='ocr_line' id='line_1_8' title="bbox 439 969 2022 1042; baseline 0 -18"><span class='ocrx_word' id='word_1_54' title='bbox 439 972 691 1042; x_wconf 88' lang='lat' dir='ltr'><strong>quoniam</strong></span> <span class='ocrx_word' id='word_1_55' title='bbox 736 971 813 1025; x_wconf 84' lang='lat' dir='ltr'><strong>sic</strong></span> <span class='ocrx_word' id='word_1_56' title='bbox 848 970 1108 1040; x_wconf 83' lang='lat' dir='ltr'><strong>placitum</strong></span> <span class='ocrx_word' id='word_1_57' title='bbox 1146 985 1224 1026; x_wconf 82' lang='lat' dir='ltr'><strong>est</strong></span> <span class='ocrx_word' id='word_1_58' title='bbox 1255 980 1378 1025; x_wconf 89' lang='lat' dir='ltr'><strong>ante</strong></span> <span class='ocrx_word' id='word_1_59' title='bbox 1402 980 1470 1025; x_wconf 91' lang='lat' dir='ltr'><strong>te.</strong></span> <span class='ocrx_word' id='word_1_60' title='bbox 1509 969 1705 1026; x_wconf 85' lang='lat' dir='ltr'><strong><em>Omnia</em></strong></span> <span class='ocrx_word' id='word_1_61' title='bbox 1733 969 1864 1024; x_wconf 84' lang='lat' dir='ltr'><strong>mihi</strong></span> <span class='ocrx_word' id='word_1_62' title='bbox 1905 980 2022 1024; x_wconf 85' lang='lat' dir='ltr'><strong>tra-</strong></span> 
     </span>
    </p>
   </div>
   <div class='ocr_carea' id='block_1_9' title="bbox 439 1059 2023 1129">
    <p class='ocr_par' dir='ltr' id='par_1_9' title="bbox 439 1059 2023 1129">
     <span class='ocr_line' id='line_1_9' title="bbox 439 1059 2023 1129; baseline 0.001 -12"><span class='ocrx_word' id='word_1_63' title='bbox 439 1065 556 1118; x_wconf 86' lang='lat' dir='ltr'><strong>dita</strong></span> <span class='ocrx_word' id='word_1_64' title='bbox 597 1071 722 1118; x_wconf 83' lang='lat' dir='ltr'><strong>sunt</strong></span> <span class='ocrx_word' id='word_1_65' title='bbox 761 1080 795 1117; x_wconf 90' lang='lat' dir='ltr'><strong>a</strong></span> <span class='ocrx_word' id='word_1_66' title='bbox 825 1061 987 1116; x_wconf 88' lang='lat' dir='ltr'><strong>Patre</strong></span> <span class='ocrx_word' id='word_1_67' title='bbox 1015 1079 1162 1126; x_wconf 88' lang='lat' dir='ltr'><strong>meo;</strong></span> <span class='ocrx_word' id='word_1_68' title='bbox 1205 1072 1255 1118; x_wconf 90' lang='lat' dir='ltr'><strong>et</strong></span> <span class='ocrx_word' id='word_1_69' title='bbox 1283 1078 1433 1117; x_wconf 85' lang='lat' dir='ltr'><strong>nemo</strong></span> <span class='ocrx_word' id='word_1_70' title='bbox 1474 1063 1616 1117; x_wconf 86' lang='lat' dir='ltr'><strong>novit</strong></span> <span class='ocrx_word' id='word_1_71' title='bbox 1660 1059 1881 1129; x_wconf 83' lang='lat' dir='ltr'><strong>Filium,</strong></span> <span class='ocrx_word' id='word_1_72' title='bbox 1917 1063 2023 1118; x_wconf 86' lang='lat' dir='ltr'><strong>nisi</strong></span> 
     </span>
    </p>
   </div>
   <div class='ocr_carea' id='block_1_10' title="bbox 440 1152 2024 1221">
    <p class='ocr_par' dir='ltr' id='par_1_10' title="bbox 440 1152 2024 1221">
     <span class='ocr_line' id='line_1_10' title="bbox 440 1152 2024 1221; baseline -0.001 -11"><span class='ocrx_word' id='word_1_73' title='bbox 440 1157 641 1221; x_wconf 85' lang='lat' dir='ltr'><strong>Pater;</strong></span> <span class='ocrx_word' id='word_1_74' title='bbox 687 1164 737 1209; x_wconf 91' lang='lat' dir='ltr'><strong>et</strong></span> <span class='ocrx_word' id='word_1_75' title='bbox 773 1155 992 1209; x_wconf 86' lang='lat' dir='ltr'><strong>Patrem</strong></span> <span class='ocrx_word' id='word_1_76' title='bbox 1032 1171 1186 1209; x_wconf 86' lang='lat' dir='ltr'><strong>nemo</strong></span> <span class='ocrx_word' id='word_1_77' title='bbox 1233 1154 1405 1220; x_wconf 78' lang='lat' dir='ltr'><strong>novit,</strong></span> <span class='ocrx_word' id='word_1_78' title='bbox 1445 1154 1547 1208; x_wconf 83' lang='lat' dir='ltr'><strong>nisi</strong></span> <span class='ocrx_word' id='word_1_79' title='bbox 1592 1152 1641 1206; x_wconf 87' lang='lat' dir='ltr'><strong><em>F</em></strong></span> <span class='ocrx_word' id='word_1_80' title='bbox 1645 1154 1769 1208; x_wconf 81' lang='lat' dir='ltr'><strong>ilius</strong></span> <span class='ocrx_word' id='word_1_81' title='bbox 1793 1194 1808 1218; x_wconf 95' lang='lat'><strong>,</strong></span> <span class='ocrx_word' id='word_1_82' title='bbox 1857 1163 1910 1208; x_wconf 82' lang='lat' dir='ltr'><strong>et</strong></span> <span class='ocrx_word' id='word_1_83' title='bbox 1937 1156 2024 1209; x_wconf 87' lang='lat' dir='ltr'><strong>cui</strong></span> 
     </span>
    </p>
   </div>
   <div class='ocr_carea' id='block_1_11' title="bbox 443 1244 2020 1315">
    <p class='ocr_par' dir='ltr' id='par_1_11' title="bbox 443 1244 2020 1315">
     <span class='ocr_line' id='line_1_11' title="bbox 443 1244 2020 1315; baseline -0.002 -13"><span class='ocrx_word' id='word_1_84' title='bbox 443 1246 620 1302; x_wconf 84' lang='lat' dir='ltr'><strong>Filius</strong></span> <span class='ocrx_word' id='word_1_85' title='bbox 658 1245 984 1301; x_wconf 65' lang='lat' dir='ltr'><strong>revelaverit.</strong></span> <span class='ocrx_word' id='word_1_86' title='bbox 1047 1244 1330 1310; x_wconf 84' lang='lat' dir='ltr'><strong>Revelasti,</strong></span> <span class='ocrx_word' id='word_1_87' title='bbox 1368 1245 1584 1315; x_wconf 85' lang='lat' dir='ltr'><strong>inquit,</strong></span> <span class='ocrx_word' id='word_1_88' title='bbox 1615 1263 1678 1300; x_wconf 88' lang='lat' dir='ltr'><strong>ea</strong></span> <span class='ocrx_word' id='word_1_89' title='bbox 1707 1247 1942 1314; x_wconf 73' lang='lat' dir='ltr'><strong>parvulis</strong></span> <span class='ocrx_word' id='word_1_90' title='bbox 1963 1250 1983 1279; x_wconf 80' lang='lat'><strong>’</strong></span> <span class='ocrx_word' id='word_1_91' title='bbox 2005 1287 2020 1299; x_wconf 94' lang='lat'><strong>.</strong></span> 
     </span>
    </p>
   </div>
   <div class='ocr_carea' id='block_1_12' title="bbox 441 1337 2023 1409">
    <p class='ocr_par' dir='ltr' id='par_1_12' title="bbox 441 1337 2023 1409">
     <span class='ocr_line' id='line_1_12' title="bbox 441 1337 2023 1409; baseline 0 -16"><span class='ocrx_word' id='word_1_92' title='bbox 441 1339 529 1405; x_wconf 87' lang='lat' dir='ltr'><strong>Et,</strong></span> <span class='ocrx_word' id='word_1_93' title='bbox 557 1337 751 1396; x_wconf 84' lang='lat' dir='ltr'><strong><em>Omnia</em></strong></span> <span class='ocrx_word' id='word_1_94' title='bbox 777 1338 907 1392; x_wconf 83' lang='lat' dir='ltr'><strong>mihi</strong></span> <span class='ocrx_word' id='word_1_95' title='bbox 936 1339 1140 1393; x_wconf 82' lang='lat' dir='ltr'><strong>tradita</strong></span> <span class='ocrx_word' id='word_1_96' title='bbox 1177 1348 1300 1393; x_wconf 80' lang='lat' dir='ltr'><strong>sunt</strong></span> <span class='ocrx_word' id='word_1_97' title='bbox 1325 1355 1358 1392; x_wconf 89' lang='lat' dir='ltr'><strong>a</strong></span> <span class='ocrx_word' id='word_1_98' title='bbox 1390 1338 1550 1393; x_wconf 81' lang='lat' dir='ltr'><strong>Patre</strong></span> <span class='ocrx_word' id='word_1_99' title='bbox 1582 1355 1695 1394; x_wconf 86' lang='lat' dir='ltr'><strong>meo</strong></span> <span class='ocrx_word' id='word_1_100' title='bbox 1723 1339 1764 1404; x_wconf 87' lang='grc'><em>³,</em></span> <span class='ocrx_word' id='word_1_101' title='bbox 1813 1348 1873 1394; x_wconf 92' lang='lat' dir='ltr'><strong>ut</strong></span> <span class='ocrx_word' id='word_1_102' title='bbox 1898 1355 2023 1409; x_wconf 90' lang='lat' dir='ltr'><strong>per-</strong></span> 
     </span>
    </p>
   </div>
   <div class='ocr_carea' id='block_1_13' title="bbox 438 1430 2023 1504">
    <p class='ocr_par' dir='ltr' id='par_1_13' title="bbox 438 1430 2023 1504">
     <span class='ocr_line' id='line_1_13' title="bbox 438 1430 2023 1504; baseline 0 -16"><span class='ocrx_word' id='word_1_103' title='bbox 438 1434 685 1504; x_wconf 79' lang='lat' dir='ltr'><strong>egrinam</strong></span> <span class='ocrx_word' id='word_1_104' title='bbox 733 1432 804 1488; x_wconf 89' lang='lat' dir='ltr'><strong>ab</strong></span> <span class='ocrx_word' id='word_1_105' title='bbox 851 1430 977 1489; x_wconf 88' lang='lat' dir='ltr'><strong>istis</strong></span> <span class='ocrx_word' id='word_1_106' title='bbox 1030 1433 1396 1502; x_wconf 80' lang='lat' dir='ltr'><strong>excogitatam</strong></span> <span class='ocrx_word' id='word_1_107' title='bbox 1452 1431 1708 1501; x_wconf 86' lang='lat' dir='ltr'><strong>loquendi</strong></span> <span class='ocrx_word' id='word_1_108' title='bbox 1755 1433 2023 1488; x_wconf 87' lang='lat' dir='ltr'><strong>rationem</strong></span> 
     </span>
    </p>
   </div>
   <div class='ocr_carea' id='block_1_14' title="bbox 437 1523 781 1596">
    <p class='ocr_par' dir='ltr' id='par_1_14' title="bbox 437 1523 781 1596">
     <span class='ocr_line' id='line_1_14' title="bbox 437 1523 781 1596; baseline 0 -16"><span class='ocrx_word' id='word_1_109' title='bbox 437 1523 781 1596; x_wconf 63' lang='lat' dir='ltr'><strong>praecideret.</strong></span> 
     </span>
    </p>
   </div>
   <div class='ocr_carea' id='block_1_15' title="bbox 512 1638 2024 1712">
    <p class='ocr_par' dir='ltr' id='par_1_15' title="bbox 512 1638 2024 1712">
     <span class='ocr_line' id='line_1_15' title="bbox 512 1638 2024 1712; baseline 0.002 -17"><span class='ocrx_word' id='word_1_110' title='bbox 512 1639 623 1696; x_wconf 81' lang='lat' dir='ltr'><strong>Vll.</strong></span> <span class='ocrx_word' id='word_1_111' title='bbox 663 1640 865 1712; x_wconf 79' lang='lat' dir='ltr'><strong>Aspice</strong></span> <span class='ocrx_word' id='word_1_112' title='bbox 899 1655 1049 1697; x_wconf 90' lang='lat' dir='ltr'><strong>nunc</strong></span> <span class='ocrx_word' id='word_1_113' title='bbox 1086 1638 1223 1711; x_wconf 90' lang='lat' dir='ltr'><strong>quid</strong></span> <span class='ocrx_word' id='word_1_114' title='bbox 1259 1639 1486 1694; x_wconf 89' lang='lat' dir='ltr'><strong>humani</strong></span> <span class='ocrx_word' id='word_1_115' title='bbox 1515 1639 1733 1710; x_wconf 75' lang='lat' dir='ltr'><strong>generis</strong></span> <span class='ocrx_word' id='word_1_116' title='bbox 1767 1639 2024 1698; x_wconf 83' lang='lat' dir='ltr'><strong>assiduus</strong></span> 
     </span>
    </p>
   </div>
   <div class='ocr_carea' id='block_1_16' title="bbox 441 1732 2025 1804">
    <p class='ocr_par' dir='ltr' id='par_1_16' title="bbox 441 1732 2025 1804">
     <span class='ocr_line' id='line_1_16' title="bbox 441 1732 2025 1804; baseline 0.001 -16"><span class='ocrx_word' id='word_1_117' title='bbox 441 1734 618 1790; x_wconf 88' lang='lat' dir='ltr'><strong>hostis</strong></span> <span class='ocrx_word' id='word_1_118' title='bbox 649 1732 905 1790; x_wconf 80' lang='lat' dir='ltr'><strong>diabolus</strong></span> <span class='ocrx_word' id='word_1_119' title='bbox 964 1733 1021 1789; x_wconf 88' lang='lat' dir='ltr'><strong>in</strong></span> <span class='ocrx_word' id='word_1_120' title='bbox 1063 1747 1254 1789; x_wconf 92' lang='lat' dir='ltr'><strong>eorum</strong></span> <span class='ocrx_word' id='word_1_121' title='bbox 1297 1732 1498 1789; x_wconf 86' lang='lat' dir='ltr'><strong>animis</strong></span> <span class='ocrx_word' id='word_1_122' title='bbox 1539 1733 1839 1803; x_wconf 86' lang='lat' dir='ltr'><strong>pepererit,</strong></span> <span class='ocrx_word' id='word_1_123' title='bbox 1875 1733 2025 1804; x_wconf 89' lang='lat' dir='ltr'><strong>quod</strong></span> 
     </span>
    </p>
   </div>
   <div class='ocr_carea' id='block_1_17' title="bbox 438 1825 2024 1898">
    <p class='ocr_par' dir='ltr' id='par_1_17' title="bbox 438 1825 2024 1898">
     <span class='ocr_line' id='line_1_17' title="bbox 438 1825 2024 1898; baseline 0.003 -19"><span class='ocrx_word' id='word_1_124' title='bbox 438 1828 589 1882; x_wconf 84' lang='lat' dir='ltr'><strong>velut</strong></span> <span class='ocrx_word' id='word_1_125' title='bbox 623 1827 775 1883; x_wconf 89' lang='lat' dir='ltr'><strong>illius</strong></span> <span class='ocrx_word' id='word_1_126' title='bbox 819 1826 1005 1882; x_wconf 80' lang='lat' dir='ltr'><strong>afllstu</strong></span> <span class='ocrx_word' id='word_1_127' title='bbox 1037 1825 1235 1898; x_wconf 83' lang='lat' dir='ltr'><strong>perciti</strong></span> <span class='ocrx_word' id='word_1_128' title='bbox 1276 1827 1717 1898; x_wconf 87' lang='lat' dir='ltr'><strong>pronuntiarent.</strong></span> <span class='ocrx_word' id='word_1_129' title='bbox 1759 1825 1895 1881; x_wconf 84' lang='lat' dir='ltr'><strong>Nam</strong></span> <span class='ocrx_word' id='word_1_130' title='bbox 1926 1827 2024 1883; x_wconf 91' lang='lat' dir='ltr'><strong>ad-</strong></span> 
     </span>
    </p>
   </div>
   <div class='ocr_carea' id='block_1_18' title="bbox 2130 606 3710 680">
    <p class='ocr_par' dir='ltr' id='par_1_18' title="bbox 2130 606 3710 680">
     <span class='ocr_line' id='line_1_18' title="bbox 2130 606 3710 680; baseline 0.003 -20"><span class='ocrx_word' id='word_1_131' title='bbox 2130 607 2389 660; x_wconf 78' lang='grc' dir='ltr'><em>ὲπέκεινα</em></span> <span class='ocrx_word' id='word_1_132' title='bbox 2436 606 2674 663; x_wconf 73' lang='grc' dir='ltr'><em>τούτωνε</em></span> <span class='ocrx_word' id='word_1_133' title='bbox 2720 607 2850 661; x_wconf 86' lang='grc' dir='ltr'>Ἰδοὺ</span> <span class='ocrx_word' id='word_1_134' title='bbox 2891 607 3019 680; x_wconf 83' lang='grc' dir='ltr'><em>γὰρ,</em></span> <span class='ocrx_word' id='word_1_135' title='bbox 3043 607 3240 678; x_wconf 88' lang='grc' dir='ltr'><em>φησίν·</em></span> <span class='ocrx_word' id='word_1_136' title='bbox 3283 607 3710 680; x_wconf 74' lang='grc' dir='ltr'><em>Ἐξομολογοῦ-</em></span> 
     </span>
    </p>
   </div>
   <div class='ocr_carea' id='block_1_19' title="bbox 2125 700 3710 773">
    <p class='ocr_par' dir='ltr' id='par_1_19' title="bbox 2125 700 3710 773">
     <span class='ocr_line' id='line_1_19' title="bbox 2125 700 3710 773; baseline 0.003 -19"><span class='ocrx_word' id='word_1_137' title='bbox 2125 701 2236 770; x_wconf 84' lang='grc' dir='ltr'><em>μαί</em></span> <span class='ocrx_word' id='word_1_138' title='bbox 2256 716 2389 764; x_wconf 87' lang='grc' dir='ltr'><em>σοι,</em></span> <span class='ocrx_word' id='word_1_139' title='bbox 2407 700 2621 770; x_wconf 80' lang='grc' dir='ltr'><strong>Πάτερ,</strong></span> <span class='ocrx_word' id='word_1_140' title='bbox 2650 704 2830 773; x_wconf 86' lang='grc' dir='ltr'><em>Κύριε</em></span> <span class='ocrx_word' id='word_1_141' title='bbox 2855 702 3113 771; x_wconf 79' lang='grc' dir='ltr'><em>οὐρανοῦ</em></span> <span class='ocrx_word' id='word_1_142' title='bbox 3139 702 3236 756; x_wconf 75' lang='grc' dir='ltr'><em>καὶ</em></span> <span class='ocrx_word' id='word_1_143' title='bbox 3274 701 3422 772; x_wconf 73' lang='grc' dir='ltr'><em>γῆς’</em></span> <span class='ocrx_word' id='word_1_144' title='bbox 3478 701 3568 756; x_wconf 86' lang='grc' dir='ltr'><em>ὅτι</em></span> <span class='ocrx_word' id='word_1_145' title='bbox 3599 703 3710 758; x_wconf 68' lang='grc' dir='ltr'><em>ἀδι-</em></span> 
     </span>
    </p>
   </div>
   <div class='ocr_carea' id='block_1_20' title="bbox 2132 794 3711 866">
    <p class='ocr_par' dir='ltr' id='par_1_20' title="bbox 2132 794 3711 866">
     <span class='ocr_line' id='line_1_20' title="bbox 2132 794 3711 866; baseline 0.003 -19"><span class='ocrx_word' id='word_1_146' title='bbox 2132 795 2405 864; x_wconf 68' lang='grc' dir='ltr'><em>ἐκρυψας</em></span> <span class='ocrx_word' id='word_1_147' title='bbox 2433 795 2616 851; x_wconf 80' lang='grc' dir='ltr'><em>ταῦτα</em></span> <span class='ocrx_word' id='word_1_148' title='bbox 2649 796 2769 852; x_wconf 78' lang='grc' dir='ltr'><strong>ἀπὸ</strong></span> <span class='ocrx_word' id='word_1_149' title='bbox 2793 795 3002 866; x_wconf 71' lang='grc' dir='ltr'><em>σοφῶν</em></span> <span class='ocrx_word' id='word_1_150' title='bbox 3029 797 3127 851; x_wconf 75' lang='grc' dir='ltr'><em>καὶ</em></span> <span class='ocrx_word' id='word_1_151' title='bbox 3160 794 3454 860; x_wconf 85' lang='grc' dir='ltr'><em>συνετῶν,</em></span> <span class='ocrx_word' id='word_1_152' title='bbox 3474 797 3571 851; x_wconf 75' lang='grc' dir='ltr'><em>καὶ</em></span> <span class='ocrx_word' id='word_1_153' title='bbox 3599 797 3711 851; x_wconf 80' lang='grc' dir='ltr'><strong>ἀπ-</strong></span> 
     </span>
    </p>
   </div>
   <div class='ocr_carea' id='block_1_21' title="bbox 2130 884 3713 972">
    <p class='ocr_par' dir='ltr' id='par_1_21' title="bbox 2130 884 3713 972">
     <span class='ocr_line' id='line_1_21' title="bbox 2130 884 3713 972; baseline 0.003 -34"><span class='ocrx_word' id='word_1_154' title='bbox 2130 884 2446 972; x_wconf 43' lang='grc' dir='ltr'><em>εκάλυψας</em></span> <span class='ocrx_word' id='word_1_155' title='bbox 2463 887 2614 942; x_wconf 83' lang='grc' dir='ltr'><em>αὐτὰ</em></span> <span class='ocrx_word' id='word_1_156' title='bbox 2642 890 2902 957; x_wconf 82' lang='grc' dir='ltr'><em>νηπίοις.</em></span> <span class='ocrx_word' id='word_1_157' title='bbox 2931 889 3066 956; x_wconf 77' lang='grc' dir='ltr'><em>Ναὶ,</em></span> <span class='ocrx_word' id='word_1_158' title='bbox 3099 891 3134 943; x_wconf 83' lang='grc' dir='ltr'><strong>ό</strong></span> <span class='ocrx_word' id='word_1_159' title='bbox 3164 889 3385 958; x_wconf 81' lang='grc' dir='ltr'><em>Πατήρ·</em></span> <span class='ocrx_word' id='word_1_160' title='bbox 3408 889 3500 943; x_wconf 85' lang='grc' dir='ltr'><em>ὅτι</em></span> <span class='ocrx_word' id='word_1_161' title='bbox 3525 889 3713 957; x_wconf 85' lang='grc' dir='ltr'><em>οὕτως</em></span> 
     </span>
    </p>
   </div>
   <div class='ocr_carea' id='block_1_22' title="bbox 2131 979 3712 1052">
    <p class='ocr_par' dir='ltr' id='par_1_22' title="bbox 2131 979 3712 1052">
     <span class='ocr_line' id='line_1_22' title="bbox 2131 979 3712 1052; baseline 0.001 -19"><span class='ocrx_word' id='word_1_162' title='bbox 2131 979 2377 1050; x_wconf 75' lang='grc' dir='ltr'><em>γέγονεν</em></span> <span class='ocrx_word' id='word_1_163' title='bbox 2400 981 2644 1036; x_wconf 81' lang='grc' dir='ltr'><em>εὐδοκία</em></span> <span class='ocrx_word' id='word_1_164' title='bbox 2671 981 3014 1052; x_wconf 75' lang='grc' dir='ltr'><em>ἔμπροσθέν</em></span> <span class='ocrx_word' id='word_1_165' title='bbox 3045 997 3182 1037; x_wconf 81' lang='grc' dir='ltr'><em>σου.</em></span> <span class='ocrx_word' id='word_1_166' title='bbox 3212 983 3416 1037; x_wconf 83' lang='grc' dir='ltr'><em>Πάντα</em></span> <span class='ocrx_word' id='word_1_167' title='bbox 3438 1000 3539 1052; x_wconf 80' lang='grc' dir='ltr'><em>μοι</em></span> <span class='ocrx_word' id='word_1_168' title='bbox 3563 998 3712 1050; x_wconf 81' lang='grc' dir='ltr'><em>παρ-</em></span> 
     </span>
    </p>
   </div>
   <div class='ocr_carea' id='block_1_23' title="bbox 2130 1067 3714 1140">
    <p class='ocr_par' dir='ltr' id='par_1_23' title="bbox 2130 1067 3714 1140">
     <span class='ocr_line' id='line_1_23' title="bbox 2130 1067 3714 1140; baseline 0 -16"><span class='ocrx_word' id='word_1_169' title='bbox 2130 1068 2307 1138; x_wconf 81' lang='grc' dir='ltr'><em>εδόθη</em></span> <span class='ocrx_word' id='word_1_170' title='bbox 2351 1068 2471 1124; x_wconf 80' lang='grc' dir='ltr'><em>ὑπὸ</em></span> <span class='ocrx_word' id='word_1_171' title='bbox 2511 1070 2619 1124; x_wconf 83' lang='grc' dir='ltr'><strong>τοῦ</strong></span> <span class='ocrx_word' id='word_1_172' title='bbox 2652 1073 2883 1140; x_wconf 82' lang='grc' dir='ltr'><strong>Πατρός</strong></span> <span class='ocrx_word' id='word_1_173' title='bbox 2901 1090 3050 1140; x_wconf 85' lang='grc' dir='ltr'><em>μου,</em></span> <span class='ocrx_word' id='word_1_174' title='bbox 3090 1071 3191 1125; x_wconf 77' lang='grc' dir='ltr'><em>καὶ</em></span> <span class='ocrx_word' id='word_1_175' title='bbox 3223 1071 3423 1138; x_wconf 78' lang='grc' dir='ltr'><em>οὐδεὶς</em></span> <span class='ocrx_word' id='word_1_176' title='bbox 3459 1067 3583 1126; x_wconf 81' lang='grc' dir='ltr'><em>οἵδε</em></span> <span class='ocrx_word' id='word_1_177' title='bbox 3607 1071 3714 1124; x_wconf 85' lang='grc' dir='ltr'><strong>τὸν</strong></span> 
     </span>
    </p>
   </div>
   <div class='ocr_carea' id='block_1_24' title="bbox 2141 1160 3714 1233">
    <p class='ocr_par' dir='ltr' id='par_1_24' title="bbox 2141 1160 3714 1233">
     <span class='ocr_line' id='line_1_24' title="bbox 2141 1160 3714 1233; baseline 0.001 -19"><span class='ocrx_word' id='word_1_178' title='bbox 2141 1160 2276 1216; x_wconf 81' lang='grc' dir='ltr'><em>Υίὸν</em></span> <span class='ocrx_word' id='word_1_179' title='bbox 2299 1164 2350 1216; x_wconf 84' lang='grc' dir='ltr'><em>εὶ</em></span> <span class='ocrx_word' id='word_1_180' title='bbox 2364 1161 2452 1231; x_wconf 81' lang='grc' dir='ltr'><strong>μὴ</strong></span> <span class='ocrx_word' id='word_1_181' title='bbox 2480 1165 2514 1216; x_wconf 83' lang='grc' dir='ltr'><em>ὁ</em></span> <span class='ocrx_word' id='word_1_182' title='bbox 2538 1161 2766 1231; x_wconf 76' lang='grc' dir='ltr'><em>Πατὴρ,</em></span> <span class='ocrx_word' id='word_1_183' title='bbox 2809 1163 2908 1216; x_wconf 78' lang='grc' dir='ltr'><em>καὶ</em></span> <span class='ocrx_word' id='word_1_184' title='bbox 2939 1164 3047 1218; x_wconf 86' lang='grc' dir='ltr'><strong>τὸν</strong></span> <span class='ocrx_word' id='word_1_185' title='bbox 3079 1165 3308 1233; x_wconf 81' lang='grc' dir='ltr'><em>Πατέρα</em></span> <span class='ocrx_word' id='word_1_186' title='bbox 3337 1163 3538 1229; x_wconf 78' lang='grc' dir='ltr'><em>οὐδεὶς</em></span> <span class='ocrx_word' id='word_1_187' title='bbox 3561 1164 3714 1232; x_wconf 79' lang='grc' dir='ltr'><em>ἕτνω</em></span> 
     </span>
    </p>
   </div>
   <div class='ocr_carea' id='block_1_25' title="bbox 2130 1246 3714 1326">
    <p class='ocr_par' dir='ltr' id='par_1_25' title="bbox 2130 1246 3714 1326">
     <span class='ocr_line' id='line_1_25' title="bbox 2130 1246 3714 1326; baseline 0.002 -20"><span class='ocrx_word' id='word_1_188' title='bbox 2130 1255 2183 1306; x_wconf 85' lang='grc' dir='ltr'><em>εὶ</em></span> <span class='ocrx_word' id='word_1_189' title='bbox 2200 1253 2287 1323; x_wconf 76' lang='grc' dir='ltr'><em>μὴ</em></span> <span class='ocrx_word' id='word_1_190' title='bbox 2319 1256 2352 1307; x_wconf 85' lang='grc' dir='ltr'><strong>ό</strong></span> <span class='ocrx_word' id='word_1_191' title='bbox 2390 1253 2544 1320; x_wconf 81' lang='grc' dir='ltr'><em>Υἱὸς,</em></span> <span class='ocrx_word' id='word_1_192' title='bbox 2579 1246 2871 1321; x_wconf 74' lang='grc' dir='ltr'><em>καὶῷἐὰν</em></span> <span class='ocrx_word' id='word_1_193' title='bbox 2896 1258 2929 1309; x_wconf 82' lang='grc' dir='ltr'><em>ὁ</em></span> <span class='ocrx_word' id='word_1_194' title='bbox 2963 1257 3096 1323; x_wconf 77' lang='grc' dir='ltr'><em>Υἱὸς</em></span> <span class='ocrx_word' id='word_1_195' title='bbox 3126 1257 3518 1326; x_wconf 65' lang='grc' dir='ltr'><em>ἀποκαλύψῃ.</em></span> <span class='ocrx_word' id='word_1_196' title='bbox 3578 1257 3714 1311; x_wconf 76' lang='grc' dir='ltr'><strong>Ἀπ-</strong></span> 
     </span>
    </p>
   </div>
   <div class='ocr_carea' id='block_1_26' title="bbox 2129 1345 3713 1419">
    <p class='ocr_par' dir='ltr' id='par_1_26' title="bbox 2129 1345 3713 1419">
     <span class='ocr_line' id='line_1_26' title="bbox 2129 1345 3713 1419; baseline 0.004 -21"><span class='ocrx_word' id='word_1_197' title='bbox 2129 1345 2444 1414; x_wconf 64' lang='lat' dir='ltr'><strong>extilch</strong></span> <span class='ocrx_word' id='word_1_198' title='bbox 2464 1345 2575 1418; x_wconf 79' lang='grc' dir='ltr'><strong>γάρ</strong></span> <span class='ocrx_word' id='word_1_199' title='bbox 2611 1348 2870 1416; x_wconf 75' lang='grc' dir='ltr'><em>νηπίοις.</em></span> <span class='ocrx_word' id='word_1_200' title='bbox 2894 1348 3002 1401; x_wconf 77' lang='grc' dir='ltr'><strong>Καὶ</strong></span> <span class='ocrx_word' id='word_1_201' title='bbox 3019 1389 3036 1416; x_wconf 89' lang='grc'><strong>,</strong></span> <span class='ocrx_word' id='word_1_202' title='bbox 3056 1347 3259 1402; x_wconf 83' lang='grc' dir='ltr'><em>Πάντα</em></span> <span class='ocrx_word' id='word_1_203' title='bbox 3281 1366 3384 1419; x_wconf 78' lang='grc' dir='ltr'><em>μοι</em></span> <span class='ocrx_word' id='word_1_204' title='bbox 3411 1349 3713 1419; x_wconf 76' lang='grc' dir='ltr'><strong>παρεδόθη</strong></span> 
     </span>
    </p>
   </div>
   <div class='ocr_carea' id='block_1_27' title="bbox 2130 1439 3713 1514">
    <p class='ocr_par' dir='ltr' id='par_1_27' title="bbox 2130 1439 3713 1514">
     <span class='ocr_line' id='line_1_27' title="bbox 2130 1439 3713 1514; baseline 0.003 -22"><span class='ocrx_word' id='word_1_205' title='bbox 2130 1439 2250 1492; x_wconf 80' lang='grc' dir='ltr'><strong>ὑπὸ</strong></span> <span class='ocrx_word' id='word_1_206' title='bbox 2283 1439 2389 1493; x_wconf 86' lang='grc' dir='ltr'><strong>τοῦ</strong></span> <span class='ocrx_word' id='word_1_207' title='bbox 2418 1440 2651 1509; x_wconf 85' lang='grc' dir='ltr'><em>Πατρός</em></span> <span class='ocrx_word' id='word_1_208' title='bbox 2676 1458 2818 1510; x_wconf 82' lang='grc' dir='ltr'><em>μου,</em></span> <span class='ocrx_word' id='word_1_209' title='bbox 2861 1440 2948 1494; x_wconf 82' lang='grc' dir='ltr'><em>ἶνα</em></span> <span class='ocrx_word' id='word_1_210' title='bbox 2980 1441 3190 1514; x_wconf 63' lang='grc' dir='ltr'><em>ἐκκόψῃ</em></span> <span class='ocrx_word' id='word_1_211' title='bbox 3219 1441 3318 1514; x_wconf 81' lang='grc' dir='ltr'><em>τὴν</em></span> <span class='ocrx_word' id='word_1_212' title='bbox 3350 1441 3556 1497; x_wconf 83' lang='grc' dir='ltr'><em>τούτων</em></span> <span class='ocrx_word' id='word_1_213' title='bbox 3590 1443 3713 1496; x_wconf 78' lang='grc' dir='ltr'><em>ἑπι-</em></span> 
     </span>
    </p>
   </div>
   <div class='ocr_carea' id='block_1_28' title="bbox 2132 1533 2827 1607">
    <p class='ocr_par' dir='ltr' id='par_1_28' title="bbox 2132 1533 2827 1607">
     <span class='ocr_line' id='line_1_28' title="bbox 2132 1533 2827 1607; baseline 0.004 -19"><span class='ocrx_word' id='word_1_214' title='bbox 2132 1552 2285 1606; x_wconf 84' lang='grc' dir='ltr'><em>νενοη</em></span> <span class='ocrx_word' id='word_1_215' title='bbox 2293 1535 2464 1607; x_wconf 86' lang='grc' dir='ltr'><em>μένην</em></span> <span class='ocrx_word' id='word_1_216' title='bbox 2503 1533 2827 1601; x_wconf 81' lang='grc' dir='ltr'><em>ξενολεξίαν.</em></span> 
     </span>
    </p>
   </div>
   <div class='ocr_carea' id='block_1_29' title="bbox 2203 1626 3712 1701">
    <p class='ocr_par' dir='ltr' id='par_1_29' title="bbox 2203 1626 3712 1701">
     <span class='ocr_line' id='line_1_29' title="bbox 2203 1626 3712 1701; baseline 0.004 -22"><span class='ocrx_word' id='word_1_217' title='bbox 2203 1628 2278 1681; x_wconf 91' lang='lat' dir='ltr'><strong>Z&#39;.</strong></span> <span class='ocrx_word' id='word_1_218' title='bbox 2326 1626 2464 1680; x_wconf 86' lang='grc' dir='ltr'><em>Ἀλλ’</em></span> <span class='ocrx_word' id='word_1_219' title='bbox 2501 1628 2604 1699; x_wconf 82' lang='grc' dir='ltr'><em>ὅρα</em></span> <span class='ocrx_word' id='word_1_220' title='bbox 2634 1627 2726 1682; x_wconf 86' lang='grc' dir='ltr'><strong>τὸν</strong></span> <span class='ocrx_word' id='word_1_221' title='bbox 2767 1629 2855 1683; x_wconf 79' lang='grc' dir='ltr'><em>ἀεὶ</em></span> <span class='ocrx_word' id='word_1_222' title='bbox 2886 1628 3352 1701; x_wconf 82' lang='grc' dir='ltr'><em>ἀντιπολεμοῦντα</em></span> <span class='ocrx_word' id='word_1_223' title='bbox 3385 1631 3453 1701; x_wconf 79' lang='grc' dir='ltr'><em>τῇ</em></span> <span class='ocrx_word' id='word_1_224' title='bbox 3481 1630 3590 1684; x_wconf 85' lang='grc' dir='ltr'><em>τῶν</em></span> <span class='ocrx_word' id='word_1_225' title='bbox 3626 1630 3712 1684; x_wconf 68' lang='grc' dir='ltr'><strong>άνε</strong></span> 
     </span>
    </p>
   </div>
   <div class='ocr_carea' id='block_1_30' title="bbox 2133 1714 3715 1790">
    <p class='ocr_par' dir='ltr' id='par_1_30' title="bbox 2133 1714 3715 1790">
     <span class='ocr_line' id='line_1_30' title="bbox 2133 1714 3715 1790; baseline 0.002 -21"><span class='ocrx_word' id='word_1_226' title='bbox 2133 1714 2366 1786; x_wconf 81' lang='grc' dir='ltr'><em>θρὼπων</em></span> <span class='ocrx_word' id='word_1_227' title='bbox 2414 1716 2573 1787; x_wconf 84' lang='grc' dir='ltr'><em>φύσει</em></span> <span class='ocrx_word' id='word_1_228' title='bbox 2614 1717 2889 1783; x_wconf 77' lang='grc' dir='ltr'><em>διάϐολον,</em></span> <span class='ocrx_word' id='word_1_229' title='bbox 2916 1719 2970 1772; x_wconf 86' lang='grc' dir='ltr'><strong>τί</strong></span> <span class='ocrx_word' id='word_1_230' title='bbox 3013 1719 3072 1774; x_wconf 85' lang='grc' dir='ltr'><em>ὲν</em></span> <span class='ocrx_word' id='word_1_231' title='bbox 3113 1720 3294 1783; x_wconf 78' lang='grc' dir='ltr'><em>αὐτοῖς</em></span> <span class='ocrx_word' id='word_1_232' title='bbox 3341 1719 3715 1790; x_wconf 80' lang='grc' dir='ltr'><em>ὲνεκίσσησεν,</em></span> 
     </span>
    </p>
   </div>
   <div class='ocr_carea' id='block_1_31' title="bbox 2132 1806 3716 1881">
    <p class='ocr_par' dir='ltr' id='par_1_31' title="bbox 2132 1806 3716 1881">
     <span class='ocr_line' id='line_1_31' title="bbox 2132 1806 3716 1881; baseline 0.003 -21"><span class='ocrx_word' id='word_1_233' title='bbox 2132 1806 2321 1878; x_wconf 79' lang='grc' dir='ltr'><em>ὥσπερ</em></span> <span class='ocrx_word' id='word_1_234' title='bbox 2352 1808 2462 1861; x_wconf 83' lang='grc' dir='ltr'><strong>ἀπὸ</strong></span> <span class='ocrx_word' id='word_1_235' title='bbox 2498 1808 2810 1878; x_wconf 78' lang='grc' dir='ltr'><em>διαϐολικῆς</em></span> <span class='ocrx_word' id='word_1_236' title='bbox 2855 1809 3134 1880; x_wconf 74' lang='grc' dir='ltr'><strong>ἐνεργείας</strong></span> <span class='ocrx_word' id='word_1_237' title='bbox 3166 1809 3259 1863; x_wconf 90' lang='grc' dir='ltr'><strong>τοῦ</strong></span> <span class='ocrx_word' id='word_1_238' title='bbox 3302 1807 3502 1879; x_wconf 89' lang='grc' dir='ltr'><em>λέγειν.</em></span> <span class='ocrx_word' id='word_1_239' title='bbox 3541 1809 3716 1881; x_wconf 75' lang='grc' dir='ltr'><em>Δῆθεν</em></span> 
     </span>
    </p>
   </div>
   <div class='ocr_carea' id='block_1_32' title="bbox 441 1879 2025 1990">
    <p class='ocr_par' dir='ltr' id='par_1_32' title="bbox 441 1879 2025 1990">
     <span class='ocr_line' id='line_1_32' title="bbox 441 1879 2025 1990; baseline 0.001 -18"><span class='ocrx_word' id='word_1_240' title='bbox 441 1933 634 1975; x_wconf 85' lang='lat' dir='ltr'><strong>versus</strong></span> <span class='ocrx_word' id='word_1_241' title='bbox 672 1919 763 1974; x_wconf 90' lang='lat' dir='ltr'><strong>illa</strong></span> <span class='ocrx_word' id='word_1_242' title='bbox 792 1879 1187 1990; x_wconf 42' lang='lat' dir='ltr'><strong>purgare‘sese</strong></span> <span class='ocrx_word' id='word_1_243' title='bbox 1217 1879 1440 1973; x_wconf 68' lang='lat' dir='ltr'><strong>student</strong></span> <span class='ocrx_word' id='word_1_244' title='bbox 1472 1915 1716 1973; x_wconf 68' lang='lat' dir='ltr'><strong>Iudaica:</strong></span> <span class='ocrx_word' id='word_1_245' title='bbox 1748 1918 2025 1990; x_wconf 83' lang='lat' dir='ltr'><strong>Opinionis</strong></span> 
     </span>
    </p>
   </div>
   <div class='ocr_carea' id='block_1_33' title="bbox 2126 1879 3717 1990">
    <p class='ocr_par' dir='ltr' id='par_1_33' title="bbox 2131 1879 3717 1973">
     <span class='ocr_line' id='line_1_33' title="bbox 2131 1879 3717 1973; baseline 0.003 -21"><span class='ocrx_word' id='word_1_246' title='bbox 2131 1900 2238 1970; x_wconf 80' lang='grc' dir='ltr'><em>γὰρ</em></span> <span class='ocrx_word' id='word_1_247' title='bbox 2263 1899 2653 1970; x_wconf 81' lang='grc' dir='ltr'><strong>ἀπολογοῦνται</strong></span> <span class='ocrx_word' id='word_1_248' title='bbox 2695 1901 2833 1973; x_wconf 86' lang='grc' dir='ltr'><em>πρὸς</em></span> <span class='ocrx_word' id='word_1_249' title='bbox 2869 1879 3040 1956; x_wconf 82' lang='grc' dir='ltr'><em>ταῦτα</em></span> <span class='ocrx_word' id='word_1_250' title='bbox 3076 1904 3124 1955; x_wconf 84' lang='grc' dir='ltr'><em>οἱ</em></span> <span class='ocrx_word' id='word_1_251' title='bbox 3159 1902 3258 1973; x_wconf 83' lang='grc' dir='ltr'><em>τῆς</em></span> <span class='ocrx_word' id='word_1_252' title='bbox 3292 1901 3402 1956; x_wconf 87' lang='grc' dir='ltr'><em>τῶν</em></span> <span class='ocrx_word' id='word_1_253' title='bbox 3443 1879 3717 1956; x_wconf 75' lang='grc' dir='ltr'><strong>Ἰουδαίων</strong></span> 
     </span>
    </p>
   </div>
   <div class='ocr_carea' id='block_1_34' title="bbox 439 2010 2024 2084">
    <p class='ocr_par' dir='ltr' id='par_1_34' title="bbox 439 2010 2024 2084">
     <span class='ocr_line' id='line_1_34' title="bbox 439 2010 2024 2084; baseline 0.001 -18"><span class='ocrx_word' id='word_1_254' title='bbox 439 2010 727 2075; x_wconf 84' lang='lat' dir='ltr'><strong>satellites.</strong></span> <span class='ocrx_word' id='word_1_255' title='bbox 760 2010 930 2084; x_wconf 57' lang='grc' dir='ltr'><strong>διε</strong></span> <span class='ocrx_word' id='word_1_256' title='bbox 965 2010 1416 2082; x_wconf 85' lang='lat' dir='ltr'><strong>quandoquidem</strong></span> <span class='ocrx_word' id='word_1_257' title='bbox 1459 2011 1552 2066; x_wconf 82' lang='lat' dir='ltr'><strong>lux</strong></span> <span class='ocrx_word' id='word_1_258' title='bbox 1591 2011 1685 2066; x_wconf 90' lang='lat' dir='ltr'><strong>illa</strong></span> <span class='ocrx_word' id='word_1_259' title='bbox 1726 2011 2024 2078; x_wconf 59' lang='lat' dir='ltr'><strong>doctrina,</strong></span> 
     </span>
    </p>
   </div>
   <div class='ocr_carea' id='block_1_35' title="bbox 437 2102 2028 2176">
    <p class='ocr_par' dir='ltr' id='par_1_35' title="bbox 437 2102 2028 2176">
     <span class='ocr_line' id='line_1_35' title="bbox 437 2102 2028 2176; baseline 0.001 -19"><span class='ocrx_word' id='word_1_260' title='bbox 437 2118 562 2174; x_wconf 67' lang='lat' dir='ltr'><strong>qua:</strong></span> <span class='ocrx_word' id='word_1_261' title='bbox 593 2103 651 2158; x_wconf 90' lang='lat' dir='ltr'><strong>in</strong></span> <span class='ocrx_word' id='word_1_262' title='bbox 701 2103 906 2160; x_wconf 85' lang='lat' dir='ltr'><strong>divinis</strong></span> <span class='ocrx_word' id='word_1_263' title='bbox 948 2102 1263 2176; x_wconf 83' lang='lat' dir='ltr'><strong>Evangeliis</strong></span> <span class='ocrx_word' id='word_1_264' title='bbox 1307 2103 1617 2160; x_wconf 87' lang='lat' dir='ltr'><strong>clarissime</strong></span> <span class='ocrx_word' id='word_1_265' title='bbox 1645 2102 1853 2175; x_wconf 80' lang='lat' dir='ltr'><strong>fulget,</strong></span> <span class='ocrx_word' id='word_1_266' title='bbox 1882 2118 2028 2159; x_wconf 85' lang='lat' dir='ltr'><strong>non-</strong></span> 
     </span>
    </p>
   </div>
   <div class='ocr_carea' id='block_1_36' title="bbox 440 2195 2026 2268">
    <p class='ocr_par' dir='ltr' id='par_1_36' title="bbox 440 2195 2026 2268">
     <span class='ocr_line' id='line_1_36' title="bbox 440 2195 2026 2268; baseline 0.001 -18"><span class='ocrx_word' id='word_1_267' title='bbox 440 2195 595 2251; x_wconf 88' lang='lat' dir='ltr'><strong>nullo</strong></span> <span class='ocrx_word' id='word_1_268' title='bbox 639 2195 853 2268; x_wconf 91' lang='lat' dir='ltr'><strong>pudore</strong></span> <span class='ocrx_word' id='word_1_269' title='bbox 903 2195 1033 2252; x_wconf 89' lang='lat' dir='ltr'><strong>illos</strong></span> <span class='ocrx_word' id='word_1_270' title='bbox 1091 2196 1293 2261; x_wconf 74' lang='lat' dir='ltr'><strong>allicit,</strong></span> <span class='ocrx_word' id='word_1_271' title='bbox 1338 2211 1411 2252; x_wconf 88' lang='lat' dir='ltr'><strong>ne</strong></span> <span class='ocrx_word' id='word_1_272' title='bbox 1461 2197 1692 2252; x_wconf 68' lang='lat' dir='ltr'><strong>sincera:</strong></span> <span class='ocrx_word' id='word_1_273' title='bbox 1745 2195 2026 2267; x_wconf 82' lang='lat' dir='ltr'><strong>Evangelii</strong></span> 
     </span>
    </p>
   </div>
   <div class='ocr_carea' id='block_1_37' title="bbox 438 2287 2027 2360">
    <p class='ocr_par' dir='ltr' id='par_1_37' title="bbox 438 2287 2027 2360">
     <span class='ocr_line' id='line_1_37' title="bbox 438 2287 2027 2360; baseline -0.001 -16"><span class='ocrx_word' id='word_1_274' title='bbox 438 2288 740 2360; x_wconf 81' lang='lat' dir='ltr'><strong>cognitioni</strong></span> <span class='ocrx_word' id='word_1_275' title='bbox 783 2287 1007 2360; x_wconf 79' lang='lat' dir='ltr'><strong>penitus</strong></span> <span class='ocrx_word' id='word_1_276' title='bbox 1037 2303 1346 2360; x_wconf 84' lang='lat' dir='ltr'><strong>repugnare</strong></span> <span class='ocrx_word' id='word_1_277' title='bbox 1381 2287 1695 2344; x_wconf 83' lang='lat' dir='ltr'><strong>videantur.</strong></span> <span class='ocrx_word' id='word_1_278' title='bbox 1737 2287 1920 2354; x_wconf 85' lang='lat' dir='ltr'><strong>Quare</strong></span> <span class='ocrx_word' id='word_1_279' title='bbox 1951 2289 2027 2343; x_wconf 88' lang='lat' dir='ltr'><strong>ita</strong></span> 
     </span>
    </p>
   </div>
   <div class='ocr_carea' id='block_1_38' title="bbox 439 2377 2028 2452">
    <p class='ocr_par' dir='ltr' id='par_1_38' title="bbox 439 2377 2028 2452">
     <span class='ocr_line' id='line_1_38' title="bbox 439 2377 2028 2452; baseline -0.001 -17"><span class='ocrx_word' id='word_1_280' title='bbox 439 2381 744 2452; x_wconf 79' lang='lat' dir='ltr'><strong>disputant,</strong></span> <span class='ocrx_word' id='word_1_281' title='bbox 802 2379 1084 2436; x_wconf 87' lang='lat' dir='ltr'><strong>hominem</strong></span> <span class='ocrx_word' id='word_1_282' title='bbox 1142 2379 1313 2436; x_wconf 82' lang='lat' dir='ltr'><strong>fuisse</strong></span> <span class='ocrx_word' id='word_1_283' title='bbox 1371 2377 1583 2447; x_wconf 80' lang='lat' dir='ltr'><strong>Jesum,</strong></span> <span class='ocrx_word' id='word_1_284' title='bbox 1639 2379 1729 2435; x_wconf 93' lang='lat' dir='ltr'><strong>cui</strong></span> <span class='ocrx_word' id='word_1_285' title='bbox 1771 2379 1842 2434; x_wconf 89' lang='lat' dir='ltr'><strong>de</strong></span> <span class='ocrx_word' id='word_1_286' title='bbox 1884 2379 2028 2434; x_wconf 65' lang='lat' dir='ltr'><strong>caelo</strong></span> 
     </span>
    </p>
   </div>
   <div class='ocr_carea' id='block_1_39' title="bbox 439 2471 2024 2544">
    <p class='ocr_par' dir='ltr' id='par_1_39' title="bbox 439 2471 2024 2544">
     <span class='ocr_line' id='line_1_39' title="bbox 439 2471 2024 2544; baseline 0 -16"><span class='ocrx_word' id='word_1_287' title='bbox 439 2473 683 2529; x_wconf 78' lang='lat' dir='ltr'><strong>Verbum</strong></span> <span class='ocrx_word' id='word_1_288' title='bbox 724 2473 1071 2544; x_wconf 84' lang='lat' dir='ltr'><strong>aspiraverit.</strong></span> <span class='ocrx_word' id='word_1_289' title='bbox 1119 2471 1274 2529; x_wconf 91' lang='lat' dir='ltr'><strong>Unde</strong></span> <span class='ocrx_word' id='word_1_290' title='bbox 1317 2473 1410 2528; x_wconf 88' lang='lat' dir='ltr'><strong>illa</strong></span> <span class='ocrx_word' id='word_1_291' title='bbox 1455 2474 1642 2528; x_wconf 88' lang='lat' dir='ltr'><strong>omnia</strong></span> <span class='ocrx_word' id='word_1_292' title='bbox 1685 2471 1755 2528; x_wconf 91' lang='lat' dir='ltr'><strong>de</strong></span> <span class='ocrx_word' id='word_1_293' title='bbox 1781 2487 1842 2529; x_wconf 89' lang='lat' dir='ltr'><strong>se</strong></span> <span class='ocrx_word' id='word_1_294' title='bbox 1881 2472 2024 2543; x_wconf 90' lang='lat' dir='ltr'><strong>ipso,</strong></span> 
     </span>
    </p>
   </div>
   <div class='ocr_carea' id='block_1_40' title="bbox 437 2562 2026 2636">
    <p class='ocr_par' dir='ltr' id='par_1_40' title="bbox 437 2562 2026 2636">
     <span class='ocr_line' id='line_1_40' title="bbox 437 2562 2026 2636; baseline 0 -18"><span class='ocrx_word' id='word_1_295' title='bbox 437 2573 713 2635; x_wconf 83' lang='lat' dir='ltr'><strong>quatenus</strong></span> <span class='ocrx_word' id='word_1_296' title='bbox 741 2572 826 2620; x_wconf 88' lang='lat' dir='ltr'><strong>est</strong></span> <span class='ocrx_word' id='word_1_297' title='bbox 866 2564 1064 2629; x_wconf 92' lang='lat' dir='ltr'><strong>homo,</strong></span> <span class='ocrx_word' id='word_1_298' title='bbox 1092 2563 1398 2636; x_wconf 82' lang='lat' dir='ltr'><strong>proﬁtetur.</strong></span> <span class='ocrx_word' id='word_1_299' title='bbox 1433 2563 1648 2620; x_wconf 73' lang='lat' dir='ltr'><strong>Etenim</strong></span> <span class='ocrx_word' id='word_1_300' title='bbox 1689 2562 1851 2618; x_wconf 83' lang='lat' dir='ltr'><strong>Pater</strong></span> <span class='ocrx_word' id='word_1_301' title='bbox 1880 2578 2026 2618; x_wconf 89' lang='lat' dir='ltr'><strong>unus</strong></span> 
     </span>
    </p>
   </div>
   <div class='ocr_carea' id='block_1_41' title="bbox 438 2655 2029 2724">
    <p class='ocr_par' dir='ltr' id='par_1_41' title="bbox 438 2655 2029 2724">
     <span class='ocr_line' id='line_1_41' title="bbox 438 2655 2029 2724; baseline 0.001 -14"><span class='ocrx_word' id='word_1_302' title='bbox 438 2664 528 2711; x_wconf 88' lang='lat' dir='ltr'><strong>est</strong></span> <span class='ocrx_word' id='word_1_303' title='bbox 555 2670 682 2712; x_wconf 91' lang='lat' dir='ltr'><strong>cum</strong></span> <span class='ocrx_word' id='word_1_304' title='bbox 717 2655 861 2712; x_wconf 84' lang='lat' dir='ltr'><strong>Filio</strong></span> <span class='ocrx_word' id='word_1_305' title='bbox 891 2655 1074 2724; x_wconf 85' lang='lat' dir='ltr'><strong>Deus;</strong></span> <span class='ocrx_word' id='word_1_306' title='bbox 1105 2655 1271 2712; x_wconf 87' lang='lat' dir='ltr'><strong>homo</strong></span> <span class='ocrx_word' id='word_1_307' title='bbox 1295 2672 1430 2713; x_wconf 83' lang='lat' dir='ltr'><strong>vero</strong></span> <span class='ocrx_word' id='word_1_308' title='bbox 1453 2672 1520 2712; x_wconf 76' lang='lat' dir='ltr'><strong>ex</strong></span> <span class='ocrx_word' id='word_1_309' title='bbox 1550 2655 1804 2712; x_wconf 80' lang='lat' dir='ltr'><strong>inferiori</strong></span> <span class='ocrx_word' id='word_1_310' title='bbox 1833 2655 2029 2712; x_wconf 85' lang='lat' dir='ltr'><strong>ordine</strong></span> 
     </span>
    </p>
   </div>
   <div class='ocr_carea' id='block_1_42' title="bbox 440 2747 2028 2822">
    <p class='ocr_par' dir='ltr' id='par_1_42' title="bbox 440 2747 2028 2822">
     <span class='ocr_line' id='line_1_42' title="bbox 440 2747 2028 2822; baseline 0.003 -21"><span class='ocrx_word' id='word_1_311' title='bbox 440 2747 716 2820; x_wconf 87' lang='lat' dir='ltr'><strong>propriam</strong></span> <span class='ocrx_word' id='word_1_312' title='bbox 742 2762 1036 2818; x_wconf 85' lang='lat' dir='ltr'><strong>personam</strong></span> <span class='ocrx_word' id='word_1_313' title='bbox 1060 2763 1172 2820; x_wconf 76' lang='lat' dir='ltr'><strong>prie</strong></span> <span class='ocrx_word' id='word_1_314' title='bbox 1209 2764 1270 2805; x_wconf 84' lang='lat' dir='ltr'><strong>se</strong></span> <span class='ocrx_word' id='word_1_315' title='bbox 1297 2749 1422 2806; x_wconf 77' lang='lat' dir='ltr'><strong>fert.</strong></span> <span class='ocrx_word' id='word_1_316' title='bbox 1465 2749 1543 2804; x_wconf 88' lang='lat' dir='ltr'><strong>ita</strong></span> <span class='ocrx_word' id='word_1_317' title='bbox 1572 2765 1820 2822; x_wconf 61' lang='lat' dir='ltr'><strong>personae</strong></span> <span class='ocrx_word' id='word_1_318' title='bbox 1851 2749 2028 2807; x_wconf 83' lang='lat' dir='ltr'><strong>omni-</strong></span> 
     </span>
    </p>
   </div>
   <div class='ocr_carea' id='block_1_43' title="bbox 438 2838 2028 2908">
    <p class='ocr_par' dir='ltr' id='par_1_43' title="bbox 438 2838 2028 2908">
     <span class='ocr_line' id='line_1_43' title="bbox 438 2838 2028 2908; baseline 0.006 -17"><span class='ocrx_word' id='word_1_319' title='bbox 438 2853 514 2892; x_wconf 88' lang='lat' dir='ltr'><strong>no</strong></span> <span class='ocrx_word' id='word_1_320' title='bbox 559 2838 931 2895; x_wconf 86' lang='lat' dir='ltr'><strong>coniiciuntur</strong></span> <span class='ocrx_word' id='word_1_321' title='bbox 965 2839 1117 2894; x_wconf 57' lang='lat' dir='ltr'><strong>dum</strong></span> <span class='ocrx_word' id='word_1_322' title='bbox 1166 2838 1369 2897; x_wconf 77' lang='lat' dir='ltr'><strong>Verum</strong></span> <span class='ocrx_word' id='word_1_323' title='bbox 1422 2842 1588 2898; x_wconf 86' lang='lat' dir='ltr'><strong>homo</strong></span> <span class='ocrx_word' id='word_1_324' title='bbox 1617 2841 1762 2899; x_wconf 88' lang='lat' dir='ltr'><strong>Deus</strong></span> <span class='ocrx_word' id='word_1_325' title='bbox 1803 2857 1958 2908; x_wconf 87' lang='lat' dir='ltr'><strong>esse,</strong></span> <span class='ocrx_word' id='word_1_326' title='bbox 1993 2859 2028 2900; x_wconf 91' lang='grc' dir='ltr'><strong>ο</strong></span> 
     </span>
    </p>
   </div>
   <div class='ocr_carea' id='block_1_44' title="bbox 439 2928 2028 3005">
    <p class='ocr_par' dir='ltr' id='par_1_44' title="bbox 439 2928 2028 3005">
     <span class='ocr_line' id='line_1_44' title="bbox 439 2928 2028 3005; baseline 0.006 -24"><span class='ocrx_word' id='word_1_327' title='bbox 439 2928 759 2984; x_wconf 81' lang='lat' dir='ltr'><strong>mortalium</strong></span> <span class='ocrx_word' id='word_1_328' title='bbox 799 2929 1047 2985; x_wconf 90' lang='lat' dir='ltr'><strong>omnium</strong></span> <span class='ocrx_word' id='word_1_329' title='bbox 1106 2931 1464 2990; x_wconf 85' lang='lat' dir='ltr'><strong>stolidissime</strong></span> <span class='ocrx_word' id='word_1_330' title='bbox 1510 2942 1676 3005; x_wconf 88' lang='lat' dir='ltr'><strong>atque</strong></span> <span class='ocrx_word' id='word_1_331' title='bbox 1709 2935 1780 2991; x_wconf 87' lang='lat' dir='ltr'><strong>ab</strong></span> <span class='ocrx_word' id='word_1_332' title='bbox 1811 2935 2028 2996; x_wconf 73' lang='lat' dir='ltr'><strong>ccclesti</strong></span> 
     </span>
    </p>
   </div>
   <div class='ocr_carea' id='block_1_45' title="bbox 441 3018 2027 3098">
    <p class='ocr_par' dir='ltr' id='par_1_45' title="bbox 441 3018 2027 3098">
     <span class='ocr_line' id='line_1_45' title="bbox 441 3018 2027 3098; baseline 0.006 -24"><span class='ocrx_word' id='word_1_333' title='bbox 441 3018 714 3091; x_wconf 84' lang='lat' dir='ltr'><strong>sapientia</strong></span> <span class='ocrx_word' id='word_1_334' title='bbox 755 3020 1126 3088; x_wconf 80' lang='lat' dir='ltr'><strong>alienissimo,</strong></span> <span class='ocrx_word' id='word_1_335' title='bbox 1160 3029 1254 3088; x_wconf 87' lang='lat' dir='ltr'><strong>qui</strong></span> <span class='ocrx_word' id='word_1_336' title='bbox 1289 3025 1513 3094; x_wconf 87' lang='lat' dir='ltr'><strong>potest?</strong></span> <span class='ocrx_word' id='word_1_337' title='bbox 1534 3023 1724 3083; x_wconf 87' lang='lat' dir='ltr'><strong>Potest</strong></span> <span class='ocrx_word' id='word_1_338' title='bbox 1746 3066 1761 3092; x_wconf 92' lang='lat'><strong>,</strong></span> <span class='ocrx_word' id='word_1_339' title='bbox 1795 3027 1850 3083; x_wconf 92' lang='lat' dir='ltr'><strong>id</strong></span> <span class='ocrx_word' id='word_1_340' title='bbox 1877 3027 2027 3098; x_wconf 88' lang='lat' dir='ltr'><strong>quod</strong></span> 
     </span>
    </p>
   </div>
   <div class='ocr_carea' id='block_1_46' title="bbox 439 3111 2024 3191">
    <p class='ocr_par' dir='ltr' id='par_1_46' title="bbox 439 3111 2024 3191">
     <span class='ocr_line' id='line_1_46' title="bbox 439 3111 2024 3191; baseline 0.006 -25"><span class='ocrx_word' id='word_1_341' title='bbox 439 3111 668 3177; x_wconf 87' lang='lat' dir='ltr'><strong>asseris,</strong></span> <span class='ocrx_word' id='word_1_342' title='bbox 699 3112 867 3168; x_wconf 90' lang='lat' dir='ltr'><strong>homo</strong></span> <span class='ocrx_word' id='word_1_343' title='bbox 891 3128 1016 3170; x_wconf 89' lang='lat' dir='ltr'><strong>esse</strong></span> <span class='ocrx_word' id='word_1_344' title='bbox 1046 3119 1301 3187; x_wconf 80' lang='lat' dir='ltr'><strong>simplex.</strong></span> <span class='ocrx_word' id='word_1_345' title='bbox 1329 3117 1422 3188; x_wconf 90' lang='lat' dir='ltr'><strong>qui</strong></span> <span class='ocrx_word' id='word_1_346' title='bbox 1447 3119 1524 3172; x_wconf 86' lang='lat' dir='ltr'><strong>ita</strong></span> <span class='ocrx_word' id='word_1_347' title='bbox 1552 3118 1622 3174; x_wconf 91' lang='lat' dir='ltr'><strong>de</strong></span> <span class='ocrx_word' id='word_1_348' title='bbox 1648 3136 1709 3175; x_wconf 88' lang='lat' dir='ltr'><strong>se</strong></span> <span class='ocrx_word' id='word_1_349' title='bbox 1742 3119 2024 3191; x_wconf 82' lang='lat' dir='ltr'><strong>loquitur:</strong></span> 
     </span>
    </p>
   </div>
   <div class='ocr_carea' id='block_1_47' title="bbox 441 3201 2095 3294">
    <p class='ocr_par' dir='ltr' id='par_1_47' title="bbox 441 3201 2095 3294">
     <span class='ocr_line' id='line_1_47' title="bbox 441 3201 2095 3294; baseline 0.006 -38"><span class='ocrx_word' id='word_1_350' title='bbox 441 3201 546 3268; x_wconf 77' lang='lat' dir='ltr'><strong>Qui</strong></span> <span class='ocrx_word' id='word_1_351' title='bbox 580 3203 712 3258; x_wconf 76' lang='lat' dir='ltr'><strong>sidit</strong></span> <span class='ocrx_word' id='word_1_352' title='bbox 746 3219 849 3269; x_wconf 84' lang='lat' dir='ltr'><strong>me,</strong></span> <span class='ocrx_word' id='word_1_353' title='bbox 878 3205 1009 3258; x_wconf 78' lang='lat' dir='ltr'><strong>vidit</strong></span> <span class='ocrx_word' id='word_1_354' title='bbox 1027 3215 1078 3260; x_wconf 81' lang='lat' dir='ltr'><strong>st</strong></span> <span class='ocrx_word' id='word_1_355' title='bbox 1114 3204 1406 3261; x_wconf 64' lang='lat' dir='ltr'><strong>Patrem‘?</strong></span> <span class='ocrx_word' id='word_1_356' title='bbox 1430 3205 1566 3263; x_wconf 84' lang='lat' dir='ltr'><strong>Nam</strong></span> <span class='ocrx_word' id='word_1_357' title='bbox 1597 3210 1644 3265; x_wconf 89' lang='lat' dir='ltr'><strong>si</strong></span> <span class='ocrx_word' id='word_1_358' title='bbox 1683 3209 1849 3265; x_wconf 87' lang='lat' dir='ltr'><strong>homo</strong></span> <span class='ocrx_word' id='word_1_359' title='bbox 1871 3211 2024 3281; x_wconf 80' lang='lat' dir='ltr'><strong>ejus—</strong></span> <span class='ocrx_word' id='word_1_360' title='bbox 2051 3234 2095 3294; x_wconf 74' lang='grc' dir='ltr'>ο</span> 
     </span>
    </p>
   </div>
   <div class='ocr_carea' id='block_1_48' title="bbox 438 3296 2028 3368">
    <p class='ocr_par' dir='ltr' id='par_1_48' title="bbox 438 3296 2028 3368">
     <span class='ocr_line' id='line_1_48' title="bbox 438 3296 2028 3368; baseline 0.005 -18"><span class='ocrx_word' id='word_1_361' title='bbox 438 3297 590 3351; x_wconf 90' lang='lat' dir='ltr'><strong>modi</strong></span> <span class='ocrx_word' id='word_1_362' title='bbox 618 3303 723 3362; x_wconf 90' lang='lat' dir='ltr'><strong>est,</strong></span> <span class='ocrx_word' id='word_1_363' title='bbox 748 3297 932 3368; x_wconf 90' lang='lat' dir='ltr'><strong>qualis</strong></span> <span class='ocrx_word' id='word_1_364' title='bbox 958 3306 1044 3354; x_wconf 87' lang='lat' dir='ltr'><strong>est</strong></span> <span class='ocrx_word' id='word_1_365' title='bbox 1068 3296 1250 3364; x_wconf 86' lang='lat' dir='ltr'><strong>Pater,</strong></span> <span class='ocrx_word' id='word_1_366' title='bbox 1281 3298 1420 3354; x_wconf 88' lang='lat' dir='ltr'><strong>nihil</strong></span> <span class='ocrx_word' id='word_1_367' title='bbox 1447 3298 1538 3354; x_wconf 87' lang='lat' dir='ltr'><strong>hic</strong></span> <span class='ocrx_word' id='word_1_368' title='bbox 1567 3300 1638 3357; x_wconf 92' lang='lat' dir='ltr'><strong>ab</strong></span> <span class='ocrx_word' id='word_1_369' title='bbox 1665 3299 1887 3357; x_wconf 89' lang='lat' dir='ltr'><strong>homine</strong></span> <span class='ocrx_word' id='word_1_370' title='bbox 1915 3301 2028 3359; x_wconf 90' lang='lat' dir='ltr'><strong>dis-</strong></span> 
     </span>
    </p>
   </div>
   <div class='ocr_carea' id='block_1_49' title="bbox 439 3388 2025 3463">
    <p class='ocr_par' dir='ltr' id='par_1_49' title="bbox 439 3388 2025 3463">
     <span class='ocr_line' id='line_1_49' title="bbox 439 3388 2025 3463; baseline 0.004 -19"><span class='ocrx_word' id='word_1_371' title='bbox 439 3388 712 3460; x_wconf 87' lang='lat' dir='ltr'><strong>crepabit.</strong></span> <span class='ocrx_word' id='word_1_372' title='bbox 753 3389 924 3462; x_wconf 80' lang='lat' dir='ltr'><strong>Atqui</strong></span> <span class='ocrx_word' id='word_1_373' title='bbox 977 3389 1124 3447; x_wconf 89' lang='lat' dir='ltr'><strong>Deus</strong></span> <span class='ocrx_word' id='word_1_374' title='bbox 1155 3388 1394 3446; x_wconf 81' lang='lat' dir='ltr'><strong>Verbum</strong></span> <span class='ocrx_word' id='word_1_375' title='bbox 1419 3435 1434 3459; x_wconf 92' lang='lat'><strong>,</strong></span> <span class='ocrx_word' id='word_1_376' title='bbox 1479 3393 1573 3462; x_wconf 89' lang='lat' dir='ltr'><strong>qui</strong></span> <span class='ocrx_word' id='word_1_377' title='bbox 1623 3392 2025 3463; x_wconf 83' lang='lat' dir='ltr'><strong>perfectissime</strong></span> 
     </span>
    </p>
   </div>
   <div class='ocr_carea' id='block_1_50' title="bbox 440 3483 2025 3558">
    <p class='ocr_par' dir='ltr' id='par_1_50' title="bbox 440 3483 2025 3558">
     <span class='ocr_line' id='line_1_50' title="bbox 440 3483 2025 3558; baseline 0.006 -23"><span class='ocrx_word' id='word_1_378' title='bbox 440 3493 695 3538; x_wconf 86' lang='lat' dir='ltr'><strong>naturam</strong></span> <span class='ocrx_word' id='word_1_379' title='bbox 733 3483 976 3540; x_wconf 86' lang='lat' dir='ltr'><strong>hominis</strong></span> <span class='ocrx_word' id='word_1_380' title='bbox 1019 3484 1235 3550; x_wconf 91' lang='lat' dir='ltr'><strong>induit,</strong></span> <span class='ocrx_word' id='word_1_381' title='bbox 1280 3485 1562 3555; x_wconf 81' lang='lat' dir='ltr'><strong>perfectus</strong></span> <span class='ocrx_word' id='word_1_382' title='bbox 1609 3502 1764 3558; x_wconf 63' lang='lat' dir='ltr'><strong>sique</strong></span> <span class='ocrx_word' id='word_1_383' title='bbox 1806 3488 1952 3546; x_wconf 87' lang='lat' dir='ltr'><strong>Deus</strong></span> <span class='ocrx_word' id='word_1_384' title='bbox 1992 3506 2025 3545; x_wconf 89' lang='lat' dir='ltr'><strong>a</strong></span> 
     </span>
    </p>
   </div>
   <div class='ocr_carea' id='block_1_51' title="bbox 439 3572 2025 3651">
    <p class='ocr_par' dir='ltr' id='par_1_51' title="bbox 439 3572 2025 3651">
     <span class='ocr_line' id='line_1_51' title="bbox 439 3572 2025 3651; baseline 0.007 -25"><span class='ocrx_word' id='word_1_385' title='bbox 439 3572 601 3630; x_wconf 85' lang='lat' dir='ltr'><strong>Patre</strong></span> <span class='ocrx_word' id='word_1_386' title='bbox 649 3582 780 3631; x_wconf 88' lang='lat' dir='ltr'><strong>ante</strong></span> <span class='ocrx_word' id='word_1_387' title='bbox 833 3576 1019 3632; x_wconf 86' lang='lat' dir='ltr'><strong>omnia</strong></span> <span class='ocrx_word' id='word_1_388' title='bbox 1078 3577 1430 3647; x_wconf 87' lang='lat' dir='ltr'><strong>progenitus,</strong></span> <span class='ocrx_word' id='word_1_389' title='bbox 1480 3593 1592 3632; x_wconf 93' lang='lat' dir='ltr'><strong>non</strong></span> <span class='ocrx_word' id='word_1_390' title='bbox 1659 3580 1845 3636; x_wconf 90' lang='lat' dir='ltr'><strong>minus</strong></span> <span class='ocrx_word' id='word_1_391' title='bbox 1899 3581 2025 3651; x_wconf 87' lang='lat' dir='ltr'><strong>jure</strong></span> 
     </span>
    </p>
   </div>
   <div class='ocr_carea' id='block_1_52' title="bbox 439 3668 2020 3741">
    <p class='ocr_par' dir='ltr' id='par_1_52' title="bbox 439 3668 2020 3741">
     <span class='ocr_line' id='line_1_52' title="bbox 439 3668 2020 3741; baseline 0.003 -18"><span class='ocrx_word' id='word_1_392' title='bbox 439 3683 606 3739; x_wconf 87' lang='lat' dir='ltr'><strong>quam</strong></span> <span class='ocrx_word' id='word_1_393' title='bbox 639 3668 925 3725; x_wconf 70' lang='lat' dir='ltr'><strong>evidenter</strong></span> <span class='ocrx_word' id='word_1_394' title='bbox 950 3669 1018 3726; x_wconf 92' lang='lat' dir='ltr'><strong>de</strong></span> <span class='ocrx_word' id='word_1_395' title='bbox 1045 3685 1105 3726; x_wconf 87' lang='lat' dir='ltr'><strong>se</strong></span> <span class='ocrx_word' id='word_1_396' title='bbox 1135 3671 1256 3740; x_wconf 89' lang='lat' dir='ltr'><strong>ipso</strong></span> <span class='ocrx_word' id='word_1_397' title='bbox 1284 3677 1519 3726; x_wconf 87' lang='lat' dir='ltr'><strong>testatur</strong></span> <span class='ocrx_word' id='word_1_398' title='bbox 1552 3690 1565 3725; x_wconf 93' lang='lat'>:</span> <span class='ocrx_word' id='word_1_399' title='bbox 1601 3671 1708 3737; x_wconf 76' lang='lat' dir='ltr'><strong>Qui</strong></span> <span class='ocrx_word' id='word_1_400' title='bbox 1743 3671 1872 3727; x_wconf 80' lang='lat' dir='ltr'><strong>vidit</strong></span> <span class='ocrx_word' id='word_1_401' title='bbox 1911 3689 2020 3741; x_wconf 82' lang='lat' dir='ltr'><strong>me,</strong></span> 
     </span>
    </p>
   </div>
   <div class='ocr_carea' id='block_1_53' title="bbox 440 3760 2022 3833">
    <p class='ocr_par' dir='ltr' id='par_1_53' title="bbox 440 3760 2022 3833">
     <span class='ocr_line' id='line_1_53' title="bbox 440 3760 2022 3833; baseline 0.003 -17"><span class='ocrx_word' id='word_1_402' title='bbox 440 3762 572 3816; x_wconf 74' lang='lat' dir='ltr'><strong>vidit</strong></span> <span class='ocrx_word' id='word_1_403' title='bbox 597 3771 649 3817; x_wconf 87' lang='lat' dir='ltr'><strong>et</strong></span> <span class='ocrx_word' id='word_1_404' title='bbox 687 3760 944 3828; x_wconf 78' lang='lat' dir='ltr'><strong>Patrem;</strong></span> <span class='ocrx_word' id='word_1_405' title='bbox 989 3762 1452 3833; x_wconf 85' lang='lat' dir='ltr'><strong>quemadmodum</strong></span> <span class='ocrx_word' id='word_1_406' title='bbox 1495 3778 1563 3820; x_wconf 75' lang='lat' dir='ltr'><strong>ex</strong></span> <span class='ocrx_word' id='word_1_407' title='bbox 1603 3763 1916 3820; x_wconf 69' lang='lat' dir='ltr'><strong>Iudaeorum</strong></span> <span class='ocrx_word' id='word_1_408' title='bbox 1953 3765 2022 3821; x_wconf 89' lang='lat' dir='ltr'><strong>de</strong></span> 
     </span>
    </p>
   </div>
   <div class='ocr_carea' id='block_1_54' title="bbox 439 3853 2021 3922">
    <p class='ocr_par' dir='ltr' id='par_1_54' title="bbox 439 3853 2021 3922">
     <span class='ocr_line' id='line_1_54' title="bbox 439 3853 2021 3922; baseline 0.003 -14"><span class='ocrx_word' id='word_1_409' title='bbox 439 3854 538 3908; x_wconf 90' lang='lat' dir='ltr'><strong>illo</strong></span> <span class='ocrx_word' id='word_1_410' title='bbox 561 3868 818 3910; x_wconf 84' lang='lat' dir='ltr'><strong>sermone</strong></span> <span class='ocrx_word' id='word_1_411' title='bbox 849 3861 1070 3910; x_wconf 86' lang='lat' dir='ltr'><strong>constat</strong></span> <span class='ocrx_word' id='word_1_412' title='bbox 1102 3872 1116 3909; x_wconf 91' lang='lat'><strong>:</strong></span> <span class='ocrx_word' id='word_1_413' title='bbox 1163 3853 1288 3910; x_wconf 88' lang='lat' dir='ltr'><strong>Non</strong></span> <span class='ocrx_word' id='word_1_414' title='bbox 1316 3856 1456 3910; x_wconf 88' lang='lat' dir='ltr'><strong>enim</strong></span> <span class='ocrx_word' id='word_1_415' title='bbox 1503 3857 1710 3922; x_wconf 86' lang='lat' dir='ltr'><strong>solum,</strong></span> <span class='ocrx_word' id='word_1_416' title='bbox 1743 3858 1818 3912; x_wconf 90' lang='lat' dir='ltr'><strong>ait</strong></span> <span class='ocrx_word' id='word_1_417' title='bbox 1854 3855 2021 3912; x_wconf 81' lang='lat' dir='ltr'><strong>Joan-</strong></span> 
     </span>
    </p>
   </div>
   <div class='ocr_carea' id='block_1_55' title="bbox 439 3945 2019 4019">
    <p class='ocr_par' dir='ltr' id='par_1_55' title="bbox 439 3945 2019 4019">
     <span class='ocr_line' id='line_1_55' title="bbox 439 3945 2019 4019; baseline 0.001 -19"><span class='ocrx_word' id='word_1_418' title='bbox 439 3961 561 4012; x_wconf 82' lang='lat' dir='ltr'><strong>nes,</strong></span> <span class='ocrx_word' id='word_1_419' title='bbox 592 3945 897 4016; x_wconf 66' lang='lat' dir='ltr'><strong>quaerebant</strong></span> <span class='ocrx_word' id='word_1_420' title='bbox 925 3947 1221 4018; x_wconf 73' lang='lat' dir='ltr'><strong>interﬁcere</strong></span> <span class='ocrx_word' id='word_1_421' title='bbox 1258 3949 1451 4016; x_wconf 83' lang='lat' dir='ltr'><strong>ipsum,</strong></span> <span class='ocrx_word' id='word_1_422' title='bbox 1482 3948 1620 4019; x_wconf 83' lang='lat' dir='ltr'><strong>quod</strong></span> <span class='ocrx_word' id='word_1_423' title='bbox 1663 3949 1772 4004; x_wconf 72' lang='lat' dir='ltr'><strong>haec</strong></span> <span class='ocrx_word' id='word_1_424' title='bbox 1800 3950 2019 4019; x_wconf 81' lang='lat' dir='ltr'><strong>Iaceret,</strong></span> 
     </span>
    </p>
   </div>
   <div class='ocr_carea' id='block_1_56' title="bbox 438 4038 2020 4114">
    <p class='ocr_par' dir='ltr' id='par_1_56' title="bbox 438 4038 2020 4114">
     <span class='ocr_line' id='line_1_56' title="bbox 438 4038 2020 4114; baseline 0.003 -20"><span class='ocrx_word' id='word_1_425' title='bbox 438 4038 530 4094; x_wconf 73' lang='lat' dir='ltr'><strong>sed</strong></span> <span class='ocrx_word' id='word_1_426' title='bbox 569 4041 733 4094; x_wconf 86' lang='lat' dir='ltr'><strong>etiam</strong></span> <span class='ocrx_word' id='word_1_427' title='bbox 779 4040 907 4110; x_wconf 84' lang='lat' dir='ltr'><strong>quia</strong></span> <span class='ocrx_word' id='word_1_428' title='bbox 941 4038 1148 4094; x_wconf 84' lang='lat' dir='ltr'><strong>Filium</strong></span> <span class='ocrx_word' id='word_1_429' title='bbox 1195 4039 1292 4095; x_wconf 88' lang='lat' dir='ltr'><strong>Dei</strong></span> <span class='ocrx_word' id='word_1_430' title='bbox 1335 4057 1446 4096; x_wconf 90' lang='lat' dir='ltr'><strong>sese</strong></span> <span class='ocrx_word' id='word_1_431' title='bbox 1497 4041 1729 4108; x_wconf 82' lang='lat' dir='ltr'><strong>diceret,</strong></span> <span class='ocrx_word' id='word_1_432' title='bbox 1764 4044 2020 4114; x_wconf 75' lang='lat' dir='ltr'><strong>wquatem</strong></span> 
     </span>
    </p>
   </div>
   <div class='ocr_carea' id='block_1_57' title="bbox 437 4131 2023 4202">
    <p class='ocr_par' dir='ltr' id='par_1_57' title="bbox 437 4131 2023 4202">
     <span class='ocr_line' id='line_1_57' title="bbox 437 4131 2023 4202; baseline 0.003 -15"><span class='ocrx_word' id='word_1_433' title='bbox 437 4131 550 4188; x_wconf 82' lang='lat' dir='ltr'><strong>Deo</strong></span> <span class='ocrx_word' id='word_1_434' title='bbox 589 4133 821 4202; x_wconf 83' lang='lat' dir='ltr'><strong>seipsum</strong></span> <span class='ocrx_word' id='word_1_435' title='bbox 865 4150 1104 4190; x_wconf 83' lang='lat' dir='ltr'><strong>asserens</strong></span> <span class='ocrx_word' id='word_1_436' title='bbox 1131 4135 1173 4190; x_wconf 84' lang='grc'><em>³.</em></span> <span class='ocrx_word' id='word_1_437' title='bbox 1206 4135 1341 4190; x_wconf 87' lang='lat' dir='ltr'><strong>Nam</strong></span> <span class='ocrx_word' id='word_1_438' title='bbox 1386 4150 1512 4191; x_wconf 90' lang='lat' dir='ltr'><strong>cum</strong></span> <span class='ocrx_word' id='word_1_439' title='bbox 1552 4137 1664 4192; x_wconf 87' lang='lat' dir='ltr'><strong>illis</strong></span> <span class='ocrx_word' id='word_1_440' title='bbox 1702 4138 1886 4192; x_wconf 87' lang='lat' dir='ltr'><strong>verbis</strong></span> <span class='ocrx_word' id='word_1_441' title='bbox 1917 4139 2023 4192; x_wconf 85' lang='lat' dir='ltr'><strong>uti-</strong></span> 
     </span>
    </p>
   </div>
   <div class='ocr_carea' id='block_1_58' title="bbox 438 4226 2018 4301">
    <p class='ocr_par' dir='ltr' id='par_1_58' title="bbox 438 4226 2018 4301">
     <span class='ocr_line' id='line_1_58' title="bbox 438 4226 2018 4301; baseline 0.004 -23"><span class='ocrx_word' id='word_1_442' title='bbox 438 4235 530 4280; x_wconf 90' lang='lat' dir='ltr'><strong>tur</strong></span> <span class='ocrx_word' id='word_1_443' title='bbox 573 4243 589 4281; x_wconf 87' lang='lat'><strong>:</strong></span> <span class='ocrx_word' id='word_1_444' title='bbox 641 4226 746 4294; x_wconf 79' lang='lat' dir='ltr'><strong>Qui</strong></span> <span class='ocrx_word' id='word_1_445' title='bbox 810 4227 942 4282; x_wconf 75' lang='lat' dir='ltr'><strong>vidit</strong></span> <span class='ocrx_word' id='word_1_446' title='bbox 987 4244 1106 4293; x_wconf 88' lang='lat' dir='ltr'><strong>me,</strong></span> <span class='ocrx_word' id='word_1_447' title='bbox 1155 4229 1284 4283; x_wconf 80' lang='lat' dir='ltr'><strong>vidit</strong></span> <span class='ocrx_word' id='word_1_448' title='bbox 1345 4239 1397 4282; x_wconf 90' lang='lat' dir='ltr'><strong>et</strong></span> <span class='ocrx_word' id='word_1_449' title='bbox 1450 4228 1704 4294; x_wconf 83' lang='lat' dir='ltr'><strong>Patrem,</strong></span> <span class='ocrx_word' id='word_1_450' title='bbox 1754 4231 2018 4301; x_wconf 68' lang='lat' dir='ltr'><strong>aequalem</strong></span> 
     </span>
    </p>
   </div>
   <div class='ocr_carea' id='block_1_59' title="bbox 439 4316 1322 4377">
    <p class='ocr_par' dir='ltr' id='par_1_59' title="bbox 439 4316 1322 4377">
     <span class='ocr_line' id='line_1_59' title="bbox 439 4316 1322 4377; baseline -0.002 -1"><span class='ocrx_word' id='word_1_451' title='bbox 439 4319 546 4376; x_wconf 86' lang='lat' dir='ltr'><strong>sibi</strong></span> <span class='ocrx_word' id='word_1_452' title='bbox 570 4316 738 4375; x_wconf 90' lang='lat' dir='ltr'><strong>Deum</strong></span> <span class='ocrx_word' id='word_1_453' title='bbox 765 4318 984 4376; x_wconf 89' lang='lat' dir='ltr'><strong>Patrem</strong></span> <span class='ocrx_word' id='word_1_454' title='bbox 1014 4321 1322 4377; x_wconf 89' lang='lat' dir='ltr'><strong>constituit.</strong></span> 
     </span>
    </p>
   </div>
   <div class='ocr_carea' id='block_1_60' title="bbox 507 4411 2021 4479">
    <p class='ocr_par' dir='ltr' id='par_1_60' title="bbox 507 4411 2021 4479">
     <span class='ocr_line' id='line_1_60' title="bbox 507 4411 2021 4479; baseline 0.003 -13"><span class='ocrx_word' id='word_1_455' title='bbox 507 4412 579 4466; x_wconf 84' lang='lat' dir='ltr'><strong>At</strong></span> <span class='ocrx_word' id='word_1_456' title='bbox 624 4411 794 4468; x_wconf 89' lang='lat' dir='ltr'><strong>homo</strong></span> <span class='ocrx_word' id='word_1_457' title='bbox 837 4412 1038 4469; x_wconf 87' lang='lat' dir='ltr'><strong>similis</strong></span> <span class='ocrx_word' id='word_1_458' title='bbox 1081 4411 1222 4479; x_wconf 90' lang='lat' dir='ltr'><strong>Deo,</strong></span> <span class='ocrx_word' id='word_1_459' title='bbox 1257 4421 1352 4468; x_wconf 88' lang='lat' dir='ltr'><strong>aut</strong></span> <span class='ocrx_word' id='word_1_460' title='bbox 1400 4414 1544 4468; x_wconf 89' lang='lat' dir='ltr'><strong>sicut</strong></span> <span class='ocrx_word' id='word_1_461' title='bbox 1575 4412 1719 4471; x_wconf 88' lang='lat' dir='ltr'><strong>Deus</strong></span> <span class='ocrx_word' id='word_1_462' title='bbox 1750 4429 1874 4471; x_wconf 89' lang='lat' dir='ltr'><strong>esse</strong></span> <span class='ocrx_word' id='word_1_463' title='bbox 1910 4430 2021 4470; x_wconf 89' lang='lat' dir='ltr'><strong>non</strong></span> 
     </span>
    </p>
   </div>
   <div class='ocr_carea' id='block_1_61' title="bbox 437 4503 2020 4575">
    <p class='ocr_par' dir='ltr' id='par_1_61' title="bbox 437 4503 2020 4575">
     <span class='ocr_line' id='line_1_61' title="bbox 437 4503 2020 4575; baseline 0.003 -17"><span class='ocrx_word' id='word_1_464' title='bbox 437 4511 660 4574; x_wconf 82' lang='lat' dir='ltr'><strong>potest;</strong></span> <span class='ocrx_word' id='word_1_465' title='bbox 706 4503 805 4560; x_wconf 85' lang='lat' dir='ltr'><strong>sed</strong></span> <span class='ocrx_word' id='word_1_466' title='bbox 849 4505 896 4559; x_wconf 92' lang='lat' dir='ltr'><strong>is</strong></span> <span class='ocrx_word' id='word_1_467' title='bbox 939 4503 1238 4567; x_wconf 89' lang='lat' dir='ltr'><strong>nimirum,</strong></span> <span class='ocrx_word' id='word_1_468' title='bbox 1281 4505 1377 4575; x_wconf 90' lang='lat' dir='ltr'><strong>qui</strong></span> <span class='ocrx_word' id='word_1_469' title='bbox 1428 4519 1457 4557; x_wconf 92' lang='lat' dir='ltr'><strong>a</strong></span> <span class='ocrx_word' id='word_1_470' title='bbox 1504 4504 1615 4559; x_wconf 89' lang='lat' dir='ltr'><strong>Deo</strong></span> <span class='ocrx_word' id='word_1_471' title='bbox 1653 4503 1816 4562; x_wconf 86' lang='lat' dir='ltr'><strong>Patre</strong></span> <span class='ocrx_word' id='word_1_472' title='bbox 1877 4505 2020 4563; x_wconf 88' lang='lat' dir='ltr'><strong>Deus</strong></span> 
     </span>
    </p>
   </div>
   <div class='ocr_carea' id='block_1_62' title="bbox 437 4571 2095 4670">
    <p class='ocr_par' dir='ltr' id='par_1_62' title="bbox 437 4571 2095 4670">
     <span class='ocr_line' id='line_1_62' title="bbox 437 4571 2095 4670; baseline 0.005 -20"><span class='ocrx_word' id='word_1_473' title='bbox 437 4571 790 4668; x_wconf 82' lang='lat' dir='ltr'><strong>unigenaque</strong></span> <span class='ocrx_word' id='word_1_474' title='bbox 819 4594 993 4651; x_wconf 88' lang='lat' dir='ltr'><strong>Filius</strong></span> <span class='ocrx_word' id='word_1_475' title='bbox 1018 4611 1207 4652; x_wconf 86' lang='lat' dir='ltr'><strong>revera</strong></span> <span class='ocrx_word' id='word_1_476' title='bbox 1238 4571 1526 4668; x_wconf 80' lang='lat' dir='ltr'><strong>processit.</strong></span> <span class='ocrx_word' id='word_1_477' title='bbox 1571 4597 1644 4653; x_wconf 91' lang='lat' dir='ltr'><strong>De</strong></span> <span class='ocrx_word' id='word_1_478' title='bbox 1682 4615 1792 4670; x_wconf 88' lang='lat' dir='ltr'><strong>quo</strong></span> <span class='ocrx_word' id='word_1_479' title='bbox 1829 4602 1903 4656; x_wconf 87' lang='lat' dir='ltr'><strong>ita</strong></span> <span class='ocrx_word' id='word_1_480' title='bbox 1942 4613 2020 4658; x_wconf 87' lang='lat' dir='ltr'><strong>te-</strong></span> <span class='ocrx_word' id='word_1_481' title='bbox 2050 4571 2095 4628; x_wconf 71' lang='grc' dir='ltr'><strong>θ</strong></span> 
     </span>
    </p>
   </div>
   <div class='ocr_carea' id='block_1_63' title="bbox 438 4686 2023 4758">
    <p class='ocr_par' dir='ltr' id='par_1_63' title="bbox 438 4686 2023 4758">
     <span class='ocr_line' id='line_1_63' title="bbox 438 4686 2023 4758; baseline 0.001 -14"><span class='ocrx_word' id='word_1_482' title='bbox 438 4695 620 4744; x_wconf 88' lang='lat' dir='ltr'><strong>statur</strong></span> <span class='ocrx_word' id='word_1_483' title='bbox 649 4686 948 4758; x_wconf 85' lang='lat' dir='ltr'><strong>Apostolus</strong></span> <span class='ocrx_word' id='word_1_484' title='bbox 981 4706 995 4742; x_wconf 88' lang='lat'><strong>:</strong></span> <span class='ocrx_word' id='word_1_485' title='bbox 1034 4686 1140 4754; x_wconf 71' lang='lat' dir='ltr'><strong>Qui</strong></span> <span class='ocrx_word' id='word_1_486' title='bbox 1167 4702 1285 4741; x_wconf 79' lang='lat' dir='ltr'><strong>cum</strong></span> <span class='ocrx_word' id='word_1_487' title='bbox 1314 4688 1369 4742; x_wconf 88' lang='lat' dir='ltr'><strong>in</strong></span> <span class='ocrx_word' id='word_1_488' title='bbox 1411 4687 1588 4758; x_wconf 76' lang='lat' dir='ltr'><strong>{arma</strong></span> <span class='ocrx_word' id='word_1_489' title='bbox 1619 4688 1714 4742; x_wconf 83' lang='lat' dir='ltr'><strong>Dei</strong></span> <span class='ocrx_word' id='word_1_490' title='bbox 1739 4700 1894 4757; x_wconf 86' lang='lat' dir='ltr'><strong>esset,</strong></span> <span class='ocrx_word' id='word_1_491' title='bbox 1917 4708 2023 4745; x_wconf 89' lang='lat' dir='ltr'><strong>non</strong></span> 
     </span>
    </p>
   </div>
   <div class='ocr_carea' id='block_1_64' title="bbox 437 4778 2025 4850">
    <p class='ocr_par' dir='ltr' id='par_1_64' title="bbox 437 4778 2025 4850">
     <span class='ocr_line' id='line_1_64' title="bbox 437 4778 2025 4850; baseline 0.004 -19"><span class='ocrx_word' id='word_1_492' title='bbox 437 4780 682 4850; x_wconf 86' lang='lat' dir='ltr'><strong>rapinam</strong></span> <span class='ocrx_word' id='word_1_493' title='bbox 714 4778 1012 4833; x_wconf 82' lang='lat' dir='ltr'><strong>arbitratus</strong></span> <span class='ocrx_word' id='word_1_494' title='bbox 1043 4786 1146 4842; x_wconf 84' lang='lat' dir='ltr'><strong>est,</strong></span> <span class='ocrx_word' id='word_1_495' title='bbox 1173 4795 1286 4833; x_wconf 89' lang='lat' dir='ltr'><strong>esse</strong></span> <span class='ocrx_word' id='word_1_496' title='bbox 1315 4778 1572 4849; x_wconf 65' lang='lat' dir='ltr'><strong>aqualem</strong></span> <span class='ocrx_word' id='word_1_497' title='bbox 1595 4780 1722 4843; x_wconf 90' lang='lat' dir='ltr'><strong>Deo,</strong></span> <span class='ocrx_word' id='word_1_498' title='bbox 1750 4783 1840 4835; x_wconf 86' lang='lat' dir='ltr'><strong>sed</strong></span> <span class='ocrx_word' id='word_1_499' title='bbox 1863 4793 2025 4838; x_wconf 85' lang='lat' dir='ltr'><strong>semet</strong></span> 
     </span>
    </p>
   </div>
   <div class='ocr_carea' id='block_1_65' title="bbox 435 4871 2022 4944">
    <p class='ocr_par' dir='ltr' id='par_1_65' title="bbox 435 4871 2022 4944">
     <span class='ocr_line' id='line_1_65' title="bbox 435 4871 2022 4944; baseline 0.003 -19"><span class='ocrx_word' id='word_1_500' title='bbox 435 4875 610 4942; x_wconf 85' lang='lat' dir='ltr'><strong>ipsum</strong></span> <span class='ocrx_word' id='word_1_501' title='bbox 624 4872 934 4937; x_wconf 73' lang='lat' dir='ltr'><strong>exinanieit,</strong></span> <span class='ocrx_word' id='word_1_502' title='bbox 955 4871 1182 4942; x_wconf 83' lang='lat' dir='ltr'><strong>formam</strong></span> <span class='ocrx_word' id='word_1_503' title='bbox 1206 4872 1342 4926; x_wconf 85' lang='lat' dir='ltr'><strong>servi</strong></span> <span class='ocrx_word' id='word_1_504' title='bbox 1356 4873 1613 4941; x_wconf 85' lang='lat' dir='ltr'><strong>accipiens</strong></span> <span class='ocrx_word' id='word_1_505' title='bbox 1631 4873 1672 4926; x_wconf 78' lang='grc'><em>⁸.</em></span> <span class='ocrx_word' id='word_1_506' title='bbox 1720 4872 1798 4927; x_wconf 77' lang='lat' dir='ltr'><strong>Ex</strong></span> <span class='ocrx_word' id='word_1_507' title='bbox 1820 4875 2022 4944; x_wconf 84' lang='lat' dir='ltr'><strong>quibus</strong></span> 
     </span>
    </p>
   </div>
   <div class='ocr_carea' id='block_1_66' title="bbox 437 4961 2019 5034">
    <p class='ocr_par' dir='ltr' id='par_1_66' title="bbox 437 4961 2019 5034">
     <span class='ocr_line' id='line_1_66' title="bbox 437 4961 2019 5034; baseline 0 -16"><span class='ocrx_word' id='word_1_508' title='bbox 437 4965 535 5018; x_wconf 85' lang='lat' dir='ltr'><strong>illa</strong></span> <span class='ocrx_word' id='word_1_509' title='bbox 584 4962 756 5020; x_wconf 77' lang='lat' dir='ltr'><strong>verba</strong></span> <span class='ocrx_word' id='word_1_510' title='bbox 808 4964 866 5018; x_wconf 81' lang='lat' dir='ltr'><strong>in</strong></span> <span class='ocrx_word' id='word_1_511' title='bbox 921 4961 1099 5031; x_wconf 80' lang='lat' dir='ltr'><strong>forma</strong></span> <span class='ocrx_word' id='word_1_512' title='bbox 1139 4971 1276 5017; x_wconf 83' lang='lat' dir='ltr'><strong>esset</strong></span> <span class='ocrx_word' id='word_1_513' title='bbox 1342 4963 1410 5017; x_wconf 87' lang='lat' dir='ltr'><strong>ad</strong></span> <span class='ocrx_word' id='word_1_514' title='bbox 1479 4961 1652 5017; x_wconf 92' lang='lat' dir='ltr'><strong>Deum</strong></span> <span class='ocrx_word' id='word_1_515' title='bbox 1709 4965 2019 5034; x_wconf 84' lang='lat' dir='ltr'><strong>pertinent;</strong></span> 
     </span>
    </p>
   </div>
   <div class='ocr_carea' id='block_1_67' title="bbox 435 5053 2019 5126">
    <p class='ocr_par' dir='ltr' id='par_1_67' title="bbox 435 5053 2019 5126">
     <span class='ocr_line' id='line_1_67' title="bbox 435 5053 2019 5126; baseline -0.001 -15"><span class='ocrx_word' id='word_1_516' title='bbox 435 5055 582 5126; x_wconf 89' lang='lat' dir='ltr'><strong>quod</strong></span> <span class='ocrx_word' id='word_1_517' title='bbox 617 5061 802 5112; x_wconf 87' lang='lat' dir='ltr'><strong>autem</strong></span> <span class='ocrx_word' id='word_1_518' title='bbox 840 5053 909 5109; x_wconf 86' lang='lat' dir='ltr'><strong>ad</strong></span> <span class='ocrx_word' id='word_1_519' title='bbox 961 5054 1214 5110; x_wconf 74' lang='lat' dir='ltr'><strong>servilem</strong></span> <span class='ocrx_word' id='word_1_520' title='bbox 1259 5054 1490 5109; x_wconf 80' lang='lat' dir='ltr'><strong>formam</strong></span> <span class='ocrx_word' id='word_1_521' title='bbox 1534 5057 1762 5122; x_wconf 86' lang='lat' dir='ltr'><strong>attinet,</strong></span> <span class='ocrx_word' id='word_1_522' title='bbox 1807 5057 2019 5112; x_wconf 81' lang='lat' dir='ltr'><strong>extrin-</strong></span> 
     </span>
    </p>
   </div>
   <div class='ocr_carea' id='block_1_68' title="bbox 436 5147 2020 5220">
    <p class='ocr_par' dir='ltr' id='par_1_68' title="bbox 436 5147 2020 5220">
     <span class='ocr_line' id='line_1_68' title="bbox 436 5147 2020 5220; baseline 0.003 -18"><span class='ocrx_word' id='word_1_523' title='bbox 436 5163 599 5204; x_wconf 86' lang='lat' dir='ltr'><strong>secus</strong></span> <span class='ocrx_word' id='word_1_524' title='bbox 649 5147 882 5204; x_wconf 86' lang='lat' dir='ltr'><strong>ascitam</strong></span> <span class='ocrx_word' id='word_1_525' title='bbox 930 5162 1055 5202; x_wconf 82' lang='lat' dir='ltr'><strong>esse</strong></span> <span class='ocrx_word' id='word_1_526' title='bbox 1084 5147 1361 5208; x_wconf 87' lang='lat' dir='ltr'><strong>declarat.</strong></span> <span class='ocrx_word' id='word_1_527' title='bbox 1391 5163 1492 5204; x_wconf 91' lang='lat' dir='ltr'><strong>nec</strong></span> <span class='ocrx_word' id='word_1_528' title='bbox 1529 5148 1676 5204; x_wconf 88' lang='lat' dir='ltr'><strong>illius</strong></span> <span class='ocrx_word' id='word_1_529' title='bbox 1723 5150 2020 5220; x_wconf 87' lang='lat' dir='ltr'><strong>aliquando</strong></span> 
     </span>
    </p>
   </div>
   <div class='ocr_carea' id='block_1_69' title="bbox 437 5239 2021 5312">
    <p class='ocr_par' dir='ltr' id='par_1_69' title="bbox 437 5239 2021 5312">
     <span class='ocr_line' id='line_1_69' title="bbox 437 5239 2021 5312; baseline 0.003 -17"><span class='ocrx_word' id='word_1_530' title='bbox 437 5239 608 5297; x_wconf 78' lang='lat' dir='ltr'><strong>fuisse</strong></span> <span class='ocrx_word' id='word_1_531' title='bbox 639 5240 932 5312; x_wconf 81' lang='lat' dir='ltr'><strong>signiﬁcat.</strong></span> <span class='ocrx_word' id='word_1_532' title='bbox 977 5239 1084 5296; x_wconf 90' lang='lat' dir='ltr'><strong>Sed</strong></span> <span class='ocrx_word' id='word_1_533' title='bbox 1128 5256 1370 5310; x_wconf 69' lang='lat' dir='ltr'><strong>persaepe</strong></span> <span class='ocrx_word' id='word_1_534' title='bbox 1413 5241 1614 5297; x_wconf 87' lang='lat' dir='ltr'><strong>accidit</strong></span> <span class='ocrx_word' id='word_1_535' title='bbox 1655 5252 1713 5298; x_wconf 89' lang='lat' dir='ltr'><strong>ut</strong></span> <span class='ocrx_word' id='word_1_536' title='bbox 1767 5243 2021 5300; x_wconf 85' lang='lat' dir='ltr'><strong>Salvator</strong></span> 
     </span>
    </p>
   </div>
   <div class='ocr_carea' id='block_1_70' title="bbox 437 5333 2013 5407">
    <p class='ocr_par' dir='ltr' id='par_1_70' title="bbox 437 5333 2013 5407">
     <span class='ocr_line' id='line_1_70' title="bbox 437 5333 2013 5407; baseline 0.003 -18"><span class='ocrx_word' id='word_1_537' title='bbox 437 5343 628 5390; x_wconf 89' lang='lat' dir='ltr'><strong>noster</strong></span> <span class='ocrx_word' id='word_1_538' title='bbox 674 5349 740 5390; x_wconf 91' lang='lat' dir='ltr'><strong>ac</strong></span> <span class='ocrx_word' id='word_1_539' title='bbox 780 5333 1050 5390; x_wconf 87' lang='lat' dir='ltr'><strong>Dominus</strong></span> <span class='ocrx_word' id='word_1_540' title='bbox 1079 5333 1241 5390; x_wconf 81' lang='lat' dir='ltr'><strong>Jesus</strong></span> <span class='ocrx_word' id='word_1_541' title='bbox 1290 5333 1548 5391; x_wconf 88' lang='lat' dir='ltr'><strong>Christus</strong></span> <span class='ocrx_word' id='word_1_542' title='bbox 1588 5334 1844 5407; x_wconf 87' lang='lat' dir='ltr'><strong>Deusque</strong></span> <span class='ocrx_word' id='word_1_543' title='bbox 1879 5337 2013 5393; x_wconf 86' lang='lat' dir='ltr'><strong>Ver-</strong></span> 
     </span>
    </p>
   </div>
   <div class='ocr_carea' id='block_1_71' title="bbox 434 5426 2014 5497">
    <p class='ocr_par' dir='ltr' id='par_1_71' title="bbox 434 5426 2014 5497">
     <span class='ocr_line' id='line_1_71' title="bbox 434 5426 2014 5497; baseline 0.001 -15"><span class='ocrx_word' id='word_1_544' title='bbox 434 5427 565 5482; x_wconf 84' lang='lat' dir='ltr'><strong>bum</strong></span> <span class='ocrx_word' id='word_1_545' title='bbox 605 5429 855 5497; x_wconf 62' lang='lat' dir='ltr'><strong>quaedam</strong></span> <span class='ocrx_word' id='word_1_546' title='bbox 897 5427 1141 5482; x_wconf 87' lang='lat' dir='ltr'><strong>humano</strong></span> <span class='ocrx_word' id='word_1_547' title='bbox 1183 5441 1336 5481; x_wconf 87' lang='lat' dir='ltr'><strong>more</strong></span> <span class='ocrx_word' id='word_1_548' title='bbox 1378 5433 1434 5482; x_wconf 89' lang='lat' dir='ltr'><strong>et</strong></span> <span class='ocrx_word' id='word_1_549' title='bbox 1473 5426 1542 5481; x_wconf 89' lang='lat' dir='ltr'><strong>ad</strong></span> <span class='ocrx_word' id='word_1_550' title='bbox 1569 5426 1852 5482; x_wconf 88' lang='lat' dir='ltr'><strong>hominum</strong></span> <span class='ocrx_word' id='word_1_551' title='bbox 1885 5428 2014 5484; x_wconf 74' lang='lat' dir='ltr'><strong>aﬂ‘e-</strong></span> 
     </span>
    </p>
   </div>
   <div class='ocr_carea' id='block_1_72' title="bbox 433 5518 2016 5589">
    <p class='ocr_par' dir='ltr' id='par_1_72' title="bbox 433 5518 2016 5589">
     <span class='ocr_line' id='line_1_72' title="bbox 433 5518 2016 5589; baseline 0.003 -17"><span class='ocrx_word' id='word_1_552' title='bbox 433 5520 648 5575; x_wconf 80' lang='lat' dir='ltr'><strong>ctiones</strong></span> <span class='ocrx_word' id='word_1_553' title='bbox 693 5518 1106 5574; x_wconf 87' lang='lat' dir='ltr'><strong>accommodate</strong></span> <span class='ocrx_word' id='word_1_554' title='bbox 1153 5518 1416 5589; x_wconf 81' lang='lat' dir='ltr'><strong>proferat.</strong></span> <span class='ocrx_word' id='word_1_555' title='bbox 1453 5518 1611 5586; x_wconf 87' lang='lat' dir='ltr'><strong>Quod</strong></span> <span class='ocrx_word' id='word_1_556' title='bbox 1640 5525 1754 5574; x_wconf 88' lang='lat' dir='ltr'><strong>tum</strong></span> <span class='ocrx_word' id='word_1_557' title='bbox 1792 5521 2016 5578; x_wconf 89' lang='lat' dir='ltr'><strong>minime</strong></span> 
     </span>
    </p>
   </div>
   <div class='ocr_carea' id='block_1_73' title="bbox 434 5609 2011 5671">
    <p class='ocr_par' dir='ltr' id='par_1_73' title="bbox 434 5609 2011 5671">
     <span class='ocr_line' id='line_1_73' title="bbox 434 5609 2011 5671; baseline 0.002 -4"><span class='ocrx_word' id='word_1_558' title='bbox 434 5609 568 5667; x_wconf 72' lang='lat' dir='ltr'><strong>fecit</strong></span> <span class='ocrx_word' id='word_1_559' title='bbox 615 5625 740 5666; x_wconf 91' lang='lat' dir='ltr'><strong>cum</strong></span> <span class='ocrx_word' id='word_1_560' title='bbox 775 5610 1029 5667; x_wconf 89' lang='lat' dir='ltr'><strong>diceret:</strong></span> <span class='ocrx_word' id='word_1_561' title='bbox 1073 5611 1117 5663; x_wconf 84' lang='lat' dir='ltr'><strong><em>A</em></strong></span> <span class='ocrx_word' id='word_1_562' title='bbox 1161 5611 1325 5666; x_wconf 77' lang='lat' dir='ltr'><strong>Patre</strong></span> <span class='ocrx_word' id='word_1_563' title='bbox 1366 5628 1479 5667; x_wconf 85' lang='lat' dir='ltr'><strong>meo</strong></span> <span class='ocrx_word' id='word_1_564' title='bbox 1523 5612 1662 5667; x_wconf 72' lang='lat' dir='ltr'><strong><em>exivi</em></strong></span> <span class='ocrx_word' id='word_1_565' title='bbox 1695 5622 1744 5666; x_wconf 89' lang='lat' dir='ltr'><strong>et</strong></span> <span class='ocrx_word' id='word_1_566' title='bbox 1795 5616 1941 5669; x_wconf 85' lang='lat' dir='ltr'><strong>venio</strong></span> <span class='ocrx_word' id='word_1_567' title='bbox 1969 5616 2011 5671; x_wconf 88' lang='lat'><strong>&quot;.</strong></span> 
     </span>
    </p>
   </div>
   <div class='ocr_carea' id='block_1_74' title="bbox 2131 1991 3716 2066">
    <p class='ocr_par' dir='ltr' id='par_1_74' title="bbox 2131 1991 3716 2066">
     <span class='ocr_line' id='line_1_74' title="bbox 2131 1991 3716 2066; baseline 0.003 -22"><span class='ocrx_word' id='word_1_568' title='bbox 2131 1991 2397 2062; x_wconf 76' lang='grc' dir='ltr'><em>αἱρέσεως</em></span> <span class='ocrx_word' id='word_1_569' title='bbox 2447 1993 2748 2065; x_wconf 78' lang='grc' dir='ltr'><strong>ὑπηρέται,</strong></span> <span class='ocrx_word' id='word_1_570' title='bbox 2791 1993 2932 2066; x_wconf 83' lang='grc' dir='ltr'><em>ὑπὲρ</em></span> <span class='ocrx_word' id='word_1_571' title='bbox 2975 1995 3166 2048; x_wconf 82' lang='grc' dir='ltr'><em>τούτου</em></span> <span class='ocrx_word' id='word_1_572' title='bbox 3202 1993 3581 2065; x_wconf 76' lang='grc' dir='ltr'><strong>αἰσχυνόμενοι</strong></span> <span class='ocrx_word' id='word_1_573' title='bbox 3625 1993 3716 2048; x_wconf 78' lang='grc' dir='ltr'><strong>διὰ</strong></span> 
     </span>
    </p>
   </div>
   <div class='ocr_carea' id='block_1_75' title="bbox 2127 2084 3718 2158">
    <p class='ocr_par' dir='ltr' id='par_1_75' title="bbox 2127 2084 3718 2158">
     <span class='ocr_line' id='line_1_75' title="bbox 2127 2084 3718 2158; baseline 0.004 -22"><span class='ocrx_word' id='word_1_574' title='bbox 2127 2085 2227 2154; x_wconf 82' lang='grc' dir='ltr'><em>τὴν</em></span> <span class='ocrx_word' id='word_1_575' title='bbox 2252 2084 2362 2139; x_wconf 85' lang='grc' dir='ltr'><em>τῶν</em></span> <span class='ocrx_word' id='word_1_576' title='bbox 2385 2085 2544 2140; x_wconf 86' lang='grc' dir='ltr'><em>θείων</em></span> <span class='ocrx_word' id='word_1_577' title='bbox 2571 2087 2922 2157; x_wconf 80' lang='grc' dir='ltr'><em>Εὑαγγελίων</em></span> <span class='ocrx_word' id='word_1_578' title='bbox 2949 2087 3093 2158; x_wconf 84' lang='grc' dir='ltr'><em>σαφῆ</em></span> <span class='ocrx_word' id='word_1_579' title='bbox 3113 2088 3438 2158; x_wconf 83' lang='grc' dir='ltr'><em>ὑφηγήσεως</em></span> <span class='ocrx_word' id='word_1_580' title='bbox 3462 2087 3718 2142; x_wconf 83' lang='grc' dir='ltr'><em>διδασκα-</em></span> 
     </span>
    </p>
   </div>
   <div class='ocr_carea' id='block_1_76' title="bbox 2129 2174 3712 2251">
    <p class='ocr_par' dir='ltr' id='par_1_76' title="bbox 2129 2174 3712 2251">
     <span class='ocr_line' id='line_1_76' title="bbox 2129 2174 3712 2251; baseline 0.003 -22"><span class='ocrx_word' id='word_1_581' title='bbox 2129 2174 2280 2242; x_wconf 87' lang='grc' dir='ltr'><em>λίαν,</em></span> <span class='ocrx_word' id='word_1_582' title='bbox 2313 2177 2402 2230; x_wconf 81' lang='grc' dir='ltr'><em>ῖνα</em></span> <span class='ocrx_word' id='word_1_583' title='bbox 2447 2177 2522 2249; x_wconf 84' lang='grc' dir='ltr'><strong>μὴ</strong></span> <span class='ocrx_word' id='word_1_584' title='bbox 2563 2177 2772 2248; x_wconf 82' lang='grc' dir='ltr'><strong>ὀφθῶσι</strong></span> <span class='ocrx_word' id='word_1_585' title='bbox 2811 2179 3122 2234; x_wconf 83' lang='grc' dir='ltr'><em>τελειότατα</em></span> <span class='ocrx_word' id='word_1_586' title='bbox 3161 2180 3614 2251; x_wconf 84' lang='grc' dir='ltr'><em>ἀντιπράττοντες</em></span> <span class='ocrx_word' id='word_1_587' title='bbox 3644 2183 3712 2251; x_wconf 82' lang='grc' dir='ltr'><em>τῇ</em></span> 
     </span>
    </p>
   </div>
   <div class='ocr_carea' id='block_1_77' title="bbox 2128 2267 3714 2344">
    <p class='ocr_par' dir='ltr' id='par_1_77' title="bbox 2128 2267 3714 2344">
     <span class='ocr_line' id='line_1_77' title="bbox 2128 2267 3714 2344; baseline 0.003 -23"><span class='ocrx_word' id='word_1_588' title='bbox 2128 2267 2225 2322; x_wconf 92' lang='grc' dir='ltr'><strong>τοῦ</strong></span> <span class='ocrx_word' id='word_1_589' title='bbox 2269 2267 2604 2338; x_wconf 84' lang='grc' dir='ltr'><em>Εὑαγγελίου</em></span> <span class='ocrx_word' id='word_1_590' title='bbox 2637 2270 2865 2342; x_wconf 83' lang='grc' dir='ltr'><strong>ἀληθινῇ</strong></span> <span class='ocrx_word' id='word_1_591' title='bbox 2903 2271 3121 2340; x_wconf 82' lang='grc' dir='ltr'><em>γνώσει.</em></span> <span class='ocrx_word' id='word_1_592' title='bbox 3150 2273 3422 2326; x_wconf 75' lang='grc' dir='ltr'><em>Φάσκουσι</em></span> <span class='ocrx_word' id='word_1_593' title='bbox 3453 2271 3597 2344; x_wconf 84' lang='grc' dir='ltr'><em>γὰρ,</em></span> <span class='ocrx_word' id='word_1_594' title='bbox 3631 2273 3714 2326; x_wconf 82' lang='grc' dir='ltr'><em>ὅτι</em></span> 
     </span>
    </p>
   </div>
   <div class='ocr_carea' id='block_1_78' title="bbox 2128 2359 3716 2436">
    <p class='ocr_par' dir='ltr' id='par_1_78' title="bbox 2128 2359 3716 2436">
     <span class='ocr_line' id='line_1_78' title="bbox 2128 2359 3716 2436; baseline 0 -18"><span class='ocrx_word' id='word_1_595' title='bbox 2128 2362 2414 2436; x_wconf 79' lang='grc' dir='ltr'><em>ἄνθρωπος</em></span> <span class='ocrx_word' id='word_1_596' title='bbox 2446 2359 2514 2436; x_wconf 80' lang='grc' dir='ltr'><em>ἦν</em></span> <span class='ocrx_word' id='word_1_597' title='bbox 2540 2366 2568 2418; x_wconf 98' lang='lat'><strong>6</strong></span> <span class='ocrx_word' id='word_1_598' title='bbox 2600 2363 2826 2436; x_wconf 85' lang='grc' dir='ltr'><em>Ἰησοῦς,</em></span> <span class='ocrx_word' id='word_1_599' title='bbox 2856 2367 2952 2419; x_wconf 75' lang='grc' dir='ltr'><em>καὶ</em></span> <span class='ocrx_word' id='word_1_600' title='bbox 2979 2366 3036 2418; x_wconf 82' lang='grc' dir='ltr'><em>ἐν</em></span> <span class='ocrx_word' id='word_1_601' title='bbox 3055 2364 3203 2436; x_wconf 78' lang='grc' dir='ltr'><strong>αὑτῷ</strong></span> <span class='ocrx_word' id='word_1_602' title='bbox 3225 2365 3548 2418; x_wconf 75' lang='grc' dir='ltr'><strong>ἐνέπνευσεν</strong></span> <span class='ocrx_word' id='word_1_603' title='bbox 3575 2364 3716 2421; x_wconf 76' lang='grc' dir='ltr'><em>ἄνω-</em></span> 
     </span>
    </p>
   </div>
   <div class='ocr_carea' id='block_1_79' title="bbox 2129 2455 3717 2534">
    <p class='ocr_par' dir='ltr' id='par_1_79' title="bbox 2129 2455 3717 2534">
     <span class='ocr_line' id='line_1_79' title="bbox 2129 2455 3717 2534; baseline 0.002 -25"><span class='ocrx_word' id='word_1_604' title='bbox 2129 2455 2221 2510; x_wconf 91' lang='grc' dir='ltr'><strong>θεν</strong></span> <span class='ocrx_word' id='word_1_605' title='bbox 2243 2457 2272 2508; x_wconf 88' lang='grc' dir='ltr'><strong>ό</strong></span> <span class='ocrx_word' id='word_1_606' title='bbox 2298 2455 2490 2525; x_wconf 86' lang='grc' dir='ltr'><strong>Λόγος.</strong></span> <span class='ocrx_word' id='word_1_607' title='bbox 2513 2457 2622 2510; x_wconf 79' lang='grc' dir='ltr'><strong>Καὶ</strong></span> <span class='ocrx_word' id='word_1_608' title='bbox 2653 2457 2824 2510; x_wconf 84' lang='grc' dir='ltr'><em>ταῦτα</em></span> <span class='ocrx_word' id='word_1_609' title='bbox 2853 2458 2981 2530; x_wconf 78' lang='grc' dir='ltr'><em>περὶ</em></span> <span class='ocrx_word' id='word_1_610' title='bbox 3007 2457 3204 2512; x_wconf 77' lang='grc' dir='ltr'><em>ἑαυτοῦ</em></span> <span class='ocrx_word' id='word_1_611' title='bbox 3239 2459 3268 2511; x_wconf 88' lang='lat'><strong>6</strong></span> <span class='ocrx_word' id='word_1_612' title='bbox 3305 2458 3590 2534; x_wconf 79' lang='grc' dir='ltr'><em>ἄνθρωπος</em></span> <span class='ocrx_word' id='word_1_613' title='bbox 3629 2459 3717 2512; x_wconf 84' lang='grc' dir='ltr'><em>λέ-</em></span> 
     </span>
    </p>
   </div>
   <div class='ocr_carea' id='block_1_80' title="bbox 2129 2548 3712 2623">
    <p class='ocr_par' dir='ltr' id='par_1_80' title="bbox 2129 2548 3712 2623">
     <span class='ocr_line' id='line_1_80' title="bbox 2129 2548 3712 2623; baseline 0.001 -20"><span class='ocrx_word' id='word_1_614' title='bbox 2129 2567 2236 2618; x_wconf 91' lang='grc' dir='ltr'><em>γει.</em></span> <span class='ocrx_word' id='word_1_615' title='bbox 2278 2550 2338 2604; x_wconf 88' lang='lat'><strong>&#39;0</strong></span> <span class='ocrx_word' id='word_1_616' title='bbox 2369 2548 2562 2622; x_wconf 80' lang='grc' dir='ltr'><em>Πατὴρ</em></span> <span class='ocrx_word' id='word_1_617' title='bbox 2589 2549 2701 2622; x_wconf 84' lang='grc' dir='ltr'><em>γὰρ</em></span> <span class='ocrx_word' id='word_1_618' title='bbox 2733 2550 2850 2622; x_wconf 69' lang='grc' dir='ltr'><strong>ἅμα</strong></span> <span class='ocrx_word' id='word_1_619' title='bbox 2886 2551 2964 2623; x_wconf 84' lang='grc' dir='ltr'><em>τῷ</em></span> <span class='ocrx_word' id='word_1_620' title='bbox 3001 2551 3116 2623; x_wconf 83' lang='grc' dir='ltr'>Υἱῷ</span> <span class='ocrx_word' id='word_1_621' title='bbox 3144 2549 3225 2616; x_wconf 73' lang='grc' dir='ltr'><em>εἷς</em></span> <span class='ocrx_word' id='word_1_622' title='bbox 3258 2553 3419 2617; x_wconf 75' lang='grc' dir='ltr'><em>Θεόςο</em></span> <span class='ocrx_word' id='word_1_623' title='bbox 3460 2555 3489 2606; x_wconf 81' lang='grc' dir='ltr'><strong>ό</strong></span> <span class='ocrx_word' id='word_1_624' title='bbox 3520 2553 3577 2607; x_wconf 88' lang='grc' dir='ltr'><strong>δὲ</strong></span> <span class='ocrx_word' id='word_1_625' title='bbox 3615 2553 3712 2606; x_wconf 80' lang='grc' dir='ltr'><strong>ἇν-</strong></span> 
     </span>
    </p>
   </div>
   <div class='ocr_carea' id='block_1_81' title="bbox 2130 2641 3714 2716">
    <p class='ocr_par' dir='ltr' id='par_1_81' title="bbox 2130 2641 3714 2716">
     <span class='ocr_line' id='line_1_81' title="bbox 2130 2641 3714 2716; baseline 0.003 -21"><span class='ocrx_word' id='word_1_626' title='bbox 2130 2642 2347 2715; x_wconf 80' lang='grc' dir='ltr'><em>θρωπος</em></span> <span class='ocrx_word' id='word_1_627' title='bbox 2379 2641 2628 2696; x_wconf 84' lang='grc' dir='ltr'><em>κάτωθεν</em></span> <span class='ocrx_word' id='word_1_628' title='bbox 2663 2643 2725 2697; x_wconf 84' lang='grc' dir='ltr'><strong>τὸ</strong></span> <span class='ocrx_word' id='word_1_629' title='bbox 2756 2643 2887 2699; x_wconf 73' lang='grc' dir='ltr'><em>ἴδιον</em></span> <span class='ocrx_word' id='word_1_630' title='bbox 2929 2645 3224 2716; x_wconf 85' lang='grc' dir='ltr'><em>πρόσωπον</em></span> <span class='ocrx_word' id='word_1_631' title='bbox 3259 2645 3566 2714; x_wconf 75' lang='grc' dir='ltr'><em>ὑποφαίνει.</em></span> <span class='ocrx_word' id='word_1_632' title='bbox 3601 2643 3714 2699; x_wconf 68' lang='grc' dir='ltr'><strong>Καὶ</strong></span> 
     </span>
    </p>
   </div>
   <div class='ocr_carea' id='block_1_82' title="bbox 2126 2734 3714 2810">
    <p class='ocr_par' dir='ltr' id='par_1_82' title="bbox 2126 2734 3714 2810">
     <span class='ocr_line' id='line_1_82' title="bbox 2126 2734 3714 2810; baseline 0.001 -20"><span class='ocrx_word' id='word_1_633' title='bbox 2126 2735 2302 2800; x_wconf 77' lang='grc' dir='ltr'><em>οὕτως</em></span> <span class='ocrx_word' id='word_1_634' title='bbox 2324 2734 2397 2789; x_wconf 81' lang='grc' dir='ltr'><em>τὰ</em></span> <span class='ocrx_word' id='word_1_635' title='bbox 2425 2735 2519 2790; x_wconf 86' lang='grc' dir='ltr'><strong>δύο</strong></span> <span class='ocrx_word' id='word_1_636' title='bbox 2549 2737 2817 2808; x_wconf 83' lang='grc' dir='ltr'><em>πρόσωπα</em></span> <span class='ocrx_word' id='word_1_637' title='bbox 2840 2737 2949 2809; x_wconf 84' lang='grc' dir='ltr'><strong>πλη</strong></span> <span class='ocrx_word' id='word_1_638' title='bbox 2959 2737 3194 2809; x_wconf 87' lang='grc' dir='ltr'><em>ροῦνται.</em></span> <span class='ocrx_word' id='word_1_639' title='bbox 3230 2739 3353 2802; x_wconf 85' lang='grc' dir='ltr'><em>Πῶς</em></span> <span class='ocrx_word' id='word_1_640' title='bbox 3381 2735 3474 2792; x_wconf 80' lang='grc' dir='ltr'><em>οὖν</em></span> <span class='ocrx_word' id='word_1_641' title='bbox 3505 2739 3714 2810; x_wconf 83' lang='grc' dir='ltr'><em>ἀνθρω-</em></span> 
     </span>
    </p>
   </div>
   <div class='ocr_carea' id='block_1_83' title="bbox 2128 2825 3713 2904">
    <p class='ocr_par' dir='ltr' id='par_1_83' title="bbox 2128 2825 3713 2904">
     <span class='ocr_line' id='line_1_83' title="bbox 2128 2825 3713 2904; baseline 0.001 -22"><span class='ocrx_word' id='word_1_642' title='bbox 2128 2846 2232 2894; x_wconf 76' lang='grc' dir='ltr'><strong>πος</strong></span> <span class='ocrx_word' id='word_1_643' title='bbox 2263 2829 2394 2894; x_wconf 84' lang='grc' dir='ltr'><em>Θεὸς</em></span> <span class='ocrx_word' id='word_1_644' title='bbox 2422 2829 2646 2885; x_wconf 84' lang='grc' dir='ltr'><em>δύναται</em></span> <span class='ocrx_word' id='word_1_645' title='bbox 2686 2826 2847 2896; x_wconf 74' lang='grc' dir='ltr'><em>εἶναι,</em></span> <span class='ocrx_word' id='word_1_646' title='bbox 2881 2825 2926 2886; x_wconf 81' lang='grc' dir='ltr'>ὧ</span> <span class='ocrx_word' id='word_1_647' title='bbox 2966 2832 3184 2886; x_wconf 88' lang='grc' dir='ltr'><em>πάντων</em></span> <span class='ocrx_word' id='word_1_648' title='bbox 3220 2831 3524 2904; x_wconf 84' lang='grc' dir='ltr'><em>ἀνθρώπων</em></span> <span class='ocrx_word' id='word_1_649' title='bbox 3555 2832 3713 2885; x_wconf 79' lang='grc' dir='ltr'><em>ἀδέλ-</em></span> 
     </span>
    </p>
   </div>
   <div class='ocr_carea' id='block_1_84' title="bbox 2127 2923 3712 2996">
    <p class='ocr_par' dir='ltr' id='par_1_84' title="bbox 2127 2923 3712 2996">
     <span class='ocr_line' id='line_1_84' title="bbox 2127 2923 3712 2996; baseline -0.001 -19"><span class='ocrx_word' id='word_1_650' title='bbox 2127 2941 2275 2996; x_wconf 76' lang='grc' dir='ltr'><em>τερε,</em></span> <span class='ocrx_word' id='word_1_651' title='bbox 2311 2923 2409 2978; x_wconf 78' lang='grc' dir='ltr'><em>καὶ</em></span> <span class='ocrx_word' id='word_1_652' title='bbox 2443 2924 2552 2979; x_wconf 85' lang='grc' dir='ltr'><strong>ἀπὸ</strong></span> <span class='ocrx_word' id='word_1_653' title='bbox 2583 2924 2678 2978; x_wconf 84' lang='grc' dir='ltr'><strong>τοῦ</strong></span> <span class='ocrx_word' id='word_1_654' title='bbox 2713 2925 3037 2996; x_wconf 77' lang='grc' dir='ltr'><em>ἐπουρανίου</em></span> <span class='ocrx_word' id='word_1_655' title='bbox 3079 2925 3425 2996; x_wconf 80' lang='grc' dir='ltr'><em>φρονήματος</em></span> <span class='ocrx_word' id='word_1_656' title='bbox 3464 2924 3554 2978; x_wconf 87' lang='grc' dir='ltr'><strong>τὸν</strong></span> <span class='ocrx_word' id='word_1_657' title='bbox 3588 2923 3712 2977; x_wconf 83' lang='grc' dir='ltr'><em>νοῦν</em></span> 
     </span>
    </p>
   </div>
   <div class='ocr_carea' id='block_1_85' title="bbox 2127 3013 3716 3090">
    <p class='ocr_par' dir='ltr' id='par_1_85' title="bbox 2127 3013 3716 3090">
     <span class='ocr_line' id='line_1_85' title="bbox 2127 3013 3716 3090; baseline -0.002 -18"><span class='ocrx_word' id='word_1_658' title='bbox 2127 3017 2589 3090; x_wconf 75' lang='grc' dir='ltr'><em>ὰπεστραμμένες</em></span> <span class='ocrx_word' id='word_1_659' title='bbox 2628 3017 2755 3083; x_wconf 85' lang='grc' dir='ltr'><em>Πῶς</em></span> <span class='ocrx_word' id='word_1_660' title='bbox 2798 3017 3022 3073; x_wconf 85' lang='grc' dir='ltr'><em>δύναται</em></span> <span class='ocrx_word' id='word_1_661' title='bbox 3053 3017 3341 3090; x_wconf 77' lang='grc' dir='ltr'><em>ἄνθρωπος</em></span> <span class='ocrx_word' id='word_1_662' title='bbox 3377 3013 3519 3072; x_wconf 79' lang='grc' dir='ltr'><em>εἶναι</em></span> <span class='ocrx_word' id='word_1_663' title='bbox 3558 3017 3716 3087; x_wconf 67' lang='grc' dir='ltr'><em>ψιλὸς</em></span> 
     </span>
    </p>
   </div>
   <div class='ocr_carea' id='block_1_86' title="bbox 2128 3109 3715 3181">
    <p class='ocr_par' dir='ltr' id='par_1_86' title="bbox 2128 3109 3715 3181">
     <span class='ocr_line' id='line_1_86' title="bbox 2128 3109 3715 3181; baseline -0.004 -13"><span class='ocrx_word' id='word_1_664' title='bbox 2128 3111 2271 3168; x_wconf 77' lang='grc' dir='ltr'><em>κατὰ</em></span> <span class='ocrx_word' id='word_1_665' title='bbox 2305 3113 2386 3179; x_wconf 85' lang='grc' dir='ltr'><em>σὲ,</em></span> <span class='ocrx_word' id='word_1_666' title='bbox 2416 3113 2445 3166; x_wconf 91' lang='grc' dir='ltr'><strong>ό</strong></span> <span class='ocrx_word' id='word_1_667' title='bbox 2485 3112 2691 3181; x_wconf 86' lang='grc' dir='ltr'><em>λέγων·</em></span> <span class='ocrx_word' id='word_1_668' title='bbox 2749 3111 2803 3165; x_wconf 90' lang='lat'><strong>&#39;0</strong></span> <span class='ocrx_word' id='word_1_669' title='bbox 2843 3110 3115 3179; x_wconf 75' lang='grc' dir='ltr'><em>ἑωρακὼς</em></span> <span class='ocrx_word' id='word_1_670' title='bbox 3165 3110 3290 3178; x_wconf 78' lang='grc' dir='ltr'><strong>ἐμὲ,</strong></span> <span class='ocrx_word' id='word_1_671' title='bbox 3336 3109 3558 3178; x_wconf 73' lang='grc' dir='ltr'><em>ἑώρακε</em></span> <span class='ocrx_word' id='word_1_672' title='bbox 3605 3109 3715 3162; x_wconf 83' lang='grc' dir='ltr'><strong>τὸν</strong></span> 
     </span>
    </p>
   </div>
   <div class='ocr_carea' id='block_1_87' title="bbox 2128 3200 3714 3276">
    <p class='ocr_par' dir='ltr' id='par_1_87' title="bbox 2128 3200 3714 3276">
     <span class='ocr_line' id='line_1_87' title="bbox 2128 3200 3714 3276; baseline -0.003 -18"><span class='ocrx_word' id='word_1_673' title='bbox 2128 3204 2390 3274; x_wconf 85' lang='grc' dir='ltr'><em>Πατέρα;</em></span> <span class='ocrx_word' id='word_1_674' title='bbox 2409 3205 2474 3258; x_wconf 80' lang='lat' dir='ltr'><strong>Ei</strong></span> <span class='ocrx_word' id='word_1_675' title='bbox 2498 3204 2607 3276; x_wconf 81' lang='grc' dir='ltr'><em>γὰρ</em></span> <span class='ocrx_word' id='word_1_676' title='bbox 2628 3205 2655 3258; x_wconf 88' lang='lat'><strong>6</strong></span> <span class='ocrx_word' id='word_1_677' title='bbox 2681 3203 2968 3275; x_wconf 75' lang='grc' dir='ltr'><em>ἄνθρωπος</em></span> <span class='ocrx_word' id='word_1_678' title='bbox 2995 3202 3070 3266; x_wconf 84' lang='grc' dir='ltr'><em>ὡς</em></span> <span class='ocrx_word' id='word_1_679' title='bbox 3094 3203 3123 3256; x_wconf 89' lang='lat'><strong>6</strong></span> <span class='ocrx_word' id='word_1_680' title='bbox 3150 3201 3364 3272; x_wconf 81' lang='grc' dir='ltr'><em>Πατὴρ,</em></span> <span class='ocrx_word' id='word_1_681' title='bbox 3391 3201 3543 3254; x_wconf 81' lang='grc' dir='ltr'><em>οὐδὲν</em></span> <span class='ocrx_word' id='word_1_682' title='bbox 3567 3200 3714 3253; x_wconf 83' lang='grc' dir='ltr'><em>διαλ-</em></span> 
     </span>
    </p>
   </div>
   <div class='ocr_carea' id='block_1_88' title="bbox 2128 3293 3711 3370">
    <p class='ocr_par' dir='ltr' id='par_1_88' title="bbox 2128 3293 3711 3370">
     <span class='ocr_line' id='line_1_88' title="bbox 2128 3293 3711 3370; baseline -0.003 -19"><span class='ocrx_word' id='word_1_683' title='bbox 2128 3298 2312 3351; x_wconf 88' lang='grc' dir='ltr'><em>λάττει</em></span> <span class='ocrx_word' id='word_1_684' title='bbox 2340 3299 2369 3351; x_wconf 90' lang='lat'><strong>6</strong></span> <span class='ocrx_word' id='word_1_685' title='bbox 2394 3299 2584 3370; x_wconf 82' lang='grc' dir='ltr'><em>Πατὴρ</em></span> <span class='ocrx_word' id='word_1_686' title='bbox 2606 3295 2702 3350; x_wconf 88' lang='grc' dir='ltr'><strong>τοῦ</strong></span> <span class='ocrx_word' id='word_1_687' title='bbox 2739 3294 3048 3366; x_wconf 79' lang='grc' dir='ltr'><em>ἀνθρώπου.</em></span> <span class='ocrx_word' id='word_1_688' title='bbox 3078 3295 3142 3349; x_wconf 75' lang='lat' dir='ltr'><strong>Ei</strong></span> <span class='ocrx_word' id='word_1_689' title='bbox 3169 3294 3225 3349; x_wconf 80' lang='grc' dir='ltr'><strong>δὲ</strong></span> <span class='ocrx_word' id='word_1_690' title='bbox 3249 3296 3279 3348; x_wconf 89' lang='lat'><strong>6</strong></span> <span class='ocrx_word' id='word_1_691' title='bbox 3297 3293 3432 3359; x_wconf 86' lang='grc' dir='ltr'><em>Θεὸς</em></span> <span class='ocrx_word' id='word_1_692' title='bbox 3463 3294 3656 3362; x_wconf 76' lang='grc' dir='ltr'><em>Λόγος,</em></span> <span class='ocrx_word' id='word_1_693' title='bbox 3680 3295 3711 3348; x_wconf 90' lang='lat'><strong>6</strong></span> 
     </span>
    </p>
   </div>
   <div class='ocr_carea' id='block_1_89' title="bbox 2127 3385 3708 3461">
    <p class='ocr_par' dir='ltr' id='par_1_89' title="bbox 2127 3385 3708 3461">
     <span class='ocr_line' id='line_1_89' title="bbox 2127 3385 3708 3461; baseline -0.003 -19"><span class='ocrx_word' id='word_1_694' title='bbox 2127 3389 2551 3461; x_wconf 81' lang='grc' dir='ltr'><em>ὲνανθρωπήσας</em></span> <span class='ocrx_word' id='word_1_695' title='bbox 2585 3389 2644 3441; x_wconf 79' lang='grc' dir='ltr'><em>ὲν</em></span> <span class='ocrx_word' id='word_1_696' title='bbox 2677 3387 2974 3458; x_wconf 80' lang='grc' dir='ltr'><em>τελειότητι</em></span> <span class='ocrx_word' id='word_1_697' title='bbox 2994 3427 3009 3452; x_wconf 94' lang='grc'><strong>,</strong></span> <span class='ocrx_word' id='word_1_698' title='bbox 3043 3386 3265 3450; x_wconf 81' lang='grc' dir='ltr'><em>τελείως</em></span> <span class='ocrx_word' id='word_1_699' title='bbox 3293 3385 3371 3439; x_wconf 79' lang='grc' dir='ltr'><em>ὢν</em></span> <span class='ocrx_word' id='word_1_700' title='bbox 3401 3389 3516 3441; x_wconf 75' lang='grc' dir='ltr'><em>ἐστι</em></span> <span class='ocrx_word' id='word_1_701' title='bbox 3556 3385 3708 3452; x_wconf 87' lang='grc' dir='ltr'><em>Θεὸς,</em></span> 
     </span>
    </p>
   </div>
   <div class='ocr_carea' id='block_1_90' title="bbox 2126 3477 3714 3552">
    <p class='ocr_par' dir='ltr' id='par_1_90' title="bbox 2126 3477 3714 3552">
     <span class='ocr_line' id='line_1_90' title="bbox 2126 3477 3714 3552; baseline -0.003 -16"><span class='ocrx_word' id='word_1_702' title='bbox 2126 3481 2331 3536; x_wconf 80' lang='grc' dir='ltr'><em>ἄνωθεν</em></span> <span class='ocrx_word' id='word_1_703' title='bbox 2363 3481 2472 3535; x_wconf 83' lang='grc' dir='ltr'><strong>ἀπὸ</strong></span> <span class='ocrx_word' id='word_1_704' title='bbox 2508 3481 2725 3552; x_wconf 86' lang='grc' dir='ltr'><em>Πατρὸς</em></span> <span class='ocrx_word' id='word_1_705' title='bbox 2761 3479 3191 3551; x_wconf 83' lang='grc' dir='ltr'><em>γεγεννημένος,</em></span> <span class='ocrx_word' id='word_1_706' title='bbox 3225 3478 3447 3542; x_wconf 86' lang='grc' dir='ltr'><em>δικαίως</em></span> <span class='ocrx_word' id='word_1_707' title='bbox 3487 3477 3582 3532; x_wconf 76' lang='grc' dir='ltr'><em>καὶ</em></span> <span class='ocrx_word' id='word_1_708' title='bbox 3617 3494 3714 3532; x_wconf 87' lang='grc' dir='ltr'><em>σα-</em></span> 
     </span>
    </p>
   </div>
   <div class='ocr_carea' id='block_1_91' title="bbox 2127 3568 3712 3643">
    <p class='ocr_par' dir='ltr' id='par_1_91' title="bbox 2127 3568 3712 3643">
     <span class='ocr_line' id='line_1_91' title="bbox 2127 3568 3712 3643; baseline -0.002 -18"><span class='ocrx_word' id='word_1_709' title='bbox 2127 3573 2244 3641; x_wconf 84' lang='grc' dir='ltr'><em>φῶς</em></span> <span class='ocrx_word' id='word_1_710' title='bbox 2272 3571 2570 3643; x_wconf 80' lang='grc' dir='ltr'><em>φθέγγεται</em></span> <span class='ocrx_word' id='word_1_711' title='bbox 2604 3572 2732 3642; x_wconf 78' lang='grc' dir='ltr'><em>περὶ</em></span> <span class='ocrx_word' id='word_1_712' title='bbox 2777 3569 2974 3624; x_wconf 80' lang='grc' dir='ltr'><em>ἑαυτοῦ</em></span> <span class='ocrx_word' id='word_1_713' title='bbox 3003 3569 3200 3640; x_wconf 86' lang='grc' dir='ltr'><em>λέγων,</em></span> <span class='ocrx_word' id='word_1_714' title='bbox 3227 3569 3310 3623; x_wconf 84' lang='grc' dir='ltr'><em>δτι</em></span> <span class='ocrx_word' id='word_1_715' title='bbox 3351 3570 3414 3623; x_wconf 81' lang='lat'><strong>&#39;0</strong></span> <span class='ocrx_word' id='word_1_716' title='bbox 3437 3568 3712 3638; x_wconf 80' lang='grc' dir='ltr'><em>ἑωρακὼς</em></span> 
     </span>
    </p>
   </div>
   <div class='ocr_carea' id='block_1_92' title="bbox 2123 3661 3711 3734">
    <p class='ocr_par' dir='ltr' id='par_1_92' title="bbox 2123 3661 3711 3734">
     <span class='ocr_line' id='line_1_92' title="bbox 2123 3661 3711 3734; baseline -0.001 -16"><span class='ocrx_word' id='word_1_717' title='bbox 2123 3665 2248 3734; x_wconf 82' lang='grc' dir='ltr'><em>ἐμὲ.</em></span> <span class='ocrx_word' id='word_1_718' title='bbox 2273 3665 2493 3734; x_wconf 79' lang='grc' dir='ltr'><em>ἑώρακε</em></span> <span class='ocrx_word' id='word_1_719' title='bbox 2529 3663 2639 3718; x_wconf 85' lang='grc' dir='ltr'><strong>τὸν</strong></span> <span class='ocrx_word' id='word_1_720' title='bbox 2661 3663 2892 3732; x_wconf 83' lang='grc' dir='ltr'><em>Πατέρα</em></span> <span class='ocrx_word' id='word_1_721' title='bbox 2911 3703 2926 3728; x_wconf 89' lang='grc'><strong>,</strong></span> <span class='ocrx_word' id='word_1_722' title='bbox 2956 3661 3032 3728; x_wconf 83' lang='grc' dir='ltr'><em>ὡς</em></span> <span class='ocrx_word' id='word_1_723' title='bbox 3057 3664 3154 3718; x_wconf 77' lang='grc' dir='ltr'><em>καὶ</em></span> <span class='ocrx_word' id='word_1_724' title='bbox 3184 3663 3237 3717; x_wconf 80' lang='grc' dir='ltr'><em>οἱ</em></span> <span class='ocrx_word' id='word_1_725' title='bbox 3286 3663 3530 3717; x_wconf 84' lang='grc' dir='ltr'><em>Ἰουδαῖοί</em></span> <span class='ocrx_word' id='word_1_726' title='bbox 3577 3679 3711 3730; x_wconf 79' lang='grc' dir='ltr'><em>φασι</em></span> 
     </span>
    </p>
   </div>
   <div class='ocr_carea' id='block_1_93' title="bbox 2123 3754 3710 3830">
    <p class='ocr_par' dir='ltr' id='par_1_93' title="bbox 2123 3754 3710 3830">
     <span class='ocr_line' id='line_1_93' title="bbox 2123 3754 3710 3830; baseline -0.001 -19"><span class='ocrx_word' id='word_1_727' title='bbox 2123 3759 2252 3830; x_wconf 77' lang='grc' dir='ltr'><em>περὶ</em></span> <span class='ocrx_word' id='word_1_728' title='bbox 2279 3757 2465 3812; x_wconf 82' lang='grc' dir='ltr'><em>αὐτοῦ·</em></span> <span class='ocrx_word' id='word_1_729' title='bbox 2512 3759 2597 3812; x_wconf 88' lang='grc' dir='ltr'><strong>Οὐ</strong></span> <span class='ocrx_word' id='word_1_730' title='bbox 2629 3758 2824 3828; x_wconf 82' lang='grc' dir='ltr'><em>μόνον</em></span> <span class='ocrx_word' id='word_1_731' title='bbox 2873 3759 3005 3826; x_wconf 80' lang='grc' dir='ltr'><em>γὰρ,</em></span> <span class='ocrx_word' id='word_1_732' title='bbox 3047 3757 3233 3829; x_wconf 80' lang='grc' dir='ltr'><em>φησὶν,</em></span> <span class='ocrx_word' id='word_1_733' title='bbox 3272 3754 3523 3825; x_wconf 78' lang='grc' dir='ltr'><em>ἐζήτουν</em></span> <span class='ocrx_word' id='word_1_734' title='bbox 3563 3755 3710 3810; x_wconf 80' lang='grc' dir='ltr'><em>ἀπο-</em></span> 
     </span>
    </p>
   </div>
   <div class='ocr_carea' id='block_1_94' title="bbox 2123 3845 3707 3916">
    <p class='ocr_par' dir='ltr' id='par_1_94' title="bbox 2123 3845 3707 3916">
     <span class='ocr_line' id='line_1_94' title="bbox 2123 3845 3707 3916; baseline -0.001 -14"><span class='ocrx_word' id='word_1_735' title='bbox 2123 3851 2350 3904; x_wconf 76' lang='grc' dir='ltr'><em>κτεῖναι</em></span> <span class='ocrx_word' id='word_1_736' title='bbox 2392 3850 2602 3912; x_wconf 79' lang='grc' dir='ltr'><em>αὐτὸν,</em></span> <span class='ocrx_word' id='word_1_737' title='bbox 2655 3849 2744 3903; x_wconf 85' lang='grc' dir='ltr'><em>ὅτι</em></span> <span class='ocrx_word' id='word_1_738' title='bbox 2789 3849 2976 3904; x_wconf 84' lang='grc' dir='ltr'><em>ταῦτα</em></span> <span class='ocrx_word' id='word_1_739' title='bbox 3030 3848 3240 3916; x_wconf 81' lang='grc' dir='ltr'><em>ἐποίει,</em></span> <span class='ocrx_word' id='word_1_740' title='bbox 3283 3846 3423 3903; x_wconf 66' lang='grc' dir='ltr'><em>ἀλλ’</em></span> <span class='ocrx_word' id='word_1_741' title='bbox 3464 3848 3554 3901; x_wconf 85' lang='grc' dir='ltr'><em>ὅτι</em></span> <span class='ocrx_word' id='word_1_742' title='bbox 3605 3845 3707 3900; x_wconf 79' lang='grc' dir='ltr'><em>και</em></span> 
     </span>
    </p>
   </div>
   <div class='ocr_carea' id='block_1_95' title="bbox 2121 3935 3678 4008">
    <p class='ocr_par' dir='ltr' id='par_1_95' title="bbox 2121 3935 3678 4008">
     <span class='ocr_line' id='line_1_95' title="bbox 2121 3935 3678 4008; baseline -0.001 -16"><span class='ocrx_word' id='word_1_743' title='bbox 2121 3939 2259 3994; x_wconf 81' lang='grc' dir='ltr'><em>Υίὸν</em></span> <span class='ocrx_word' id='word_1_744' title='bbox 2296 3939 2445 3994; x_wconf 84' lang='grc' dir='ltr'><em>Θεοῦ</em></span> <span class='ocrx_word' id='word_1_745' title='bbox 2482 3938 2703 3993; x_wconf 83' lang='grc' dir='ltr'><em>ἑαυτὸν</em></span> <span class='ocrx_word' id='word_1_746' title='bbox 2728 3939 2940 4008; x_wconf 74' lang='grc' dir='ltr'><em>ἔλεγεν</em></span> <span class='ocrx_word' id='word_1_747' title='bbox 2958 3979 2972 4002; x_wconf 91' lang='grc'><strong>,</strong></span> <span class='ocrx_word' id='word_1_748' title='bbox 3012 3937 3155 3992; x_wconf 79' lang='grc' dir='ltr'><em>ισον</em></span> <span class='ocrx_word' id='word_1_749' title='bbox 3185 3935 3309 4004; x_wconf 84' lang='grc' dir='ltr'><em>Θεῷ</em></span> <span class='ocrx_word' id='word_1_750' title='bbox 3352 3937 3573 3992; x_wconf 73' lang='grc' dir='ltr'><em>ἑαυτὸν</em></span> <span class='ocrx_word' id='word_1_751' title='bbox 3592 3937 3678 4007; x_wconf 71' lang='grc' dir='ltr'><strong>φά</strong></span> 
     </span>
    </p>
   </div>
   <div class='ocr_carea' id='block_1_96' title="bbox 2123 4025 3702 4100">
    <p class='ocr_par' dir='ltr' id='par_1_96' title="bbox 2123 4025 3702 4100">
     <span class='ocr_line' id='line_1_96' title="bbox 2123 4025 3702 4100; baseline -0.002 -18"><span class='ocrx_word' id='word_1_752' title='bbox 2123 4043 2309 4083; x_wconf 86' lang='grc' dir='ltr'><em>σκων.</em></span> <span class='ocrx_word' id='word_1_753' title='bbox 2353 4029 2428 4083; x_wconf 92' lang='grc' dir='ltr'><em>Τὸ</em></span> <span class='ocrx_word' id='word_1_754' title='bbox 2461 4028 2571 4100; x_wconf 81' lang='grc' dir='ltr'><em>γὰρ</em></span> <span class='ocrx_word' id='word_1_755' title='bbox 2598 4029 2773 4082; x_wconf 73' lang='grc' dir='ltr'><em>εἰπεῖν</em></span> <span class='ocrx_word' id='word_1_756' title='bbox 2807 4027 3004 4091; x_wconf 85' lang='grc' dir='ltr'><em>πάλιν,</em></span> <span class='ocrx_word' id='word_1_757' title='bbox 3046 4027 3101 4080; x_wconf 88' lang='grc' dir='ltr'><strong><em>Ὁ</em></strong></span> <span class='ocrx_word' id='word_1_758' title='bbox 3130 4027 3401 4096; x_wconf 76' lang='grc' dir='ltr'><em>ἑωρακὼς</em></span> <span class='ocrx_word' id='word_1_759' title='bbox 3420 4027 3546 4096; x_wconf 80' lang='grc' dir='ltr'><strong>ἐμὲ,</strong></span> <span class='ocrx_word' id='word_1_760' title='bbox 3591 4025 3702 4080; x_wconf 77' lang='grc' dir='ltr'><strong>ἐώ-</strong></span> 
     </span>
    </p>
   </div>
   <div class='ocr_carea' id='block_1_97' title="bbox 2115 4117 3704 4193">
    <p class='ocr_par' dir='ltr' id='par_1_97' title="bbox 2115 4117 3704 4193">
     <span class='ocr_line' id='line_1_97' title="bbox 2115 4117 3704 4193; baseline -0.003 -17"><span class='ocrx_word' id='word_1_761' title='bbox 2115 4139 2265 4191; x_wconf 81' lang='grc' dir='ltr'><em>ρακε</em></span> <span class='ocrx_word' id='word_1_762' title='bbox 2307 4121 2416 4175; x_wconf 84' lang='grc' dir='ltr'><em>τὸν</em></span> <span class='ocrx_word' id='word_1_763' title='bbox 2461 4120 2726 4190; x_wconf 82' lang='grc' dir='ltr'><em>Πατέρα,</em></span> <span class='ocrx_word' id='word_1_764' title='bbox 2770 4123 2863 4176; x_wconf 89' lang='grc' dir='ltr'><strong>τὸν</strong></span> <span class='ocrx_word' id='word_1_765' title='bbox 2909 4120 3128 4193; x_wconf 78' lang='grc' dir='ltr'><em>Πατέρα</em></span> <span class='ocrx_word' id='word_1_766' title='bbox 3169 4119 3304 4174; x_wconf 87' lang='grc' dir='ltr'><em>Θεὸν</em></span> <span class='ocrx_word' id='word_1_767' title='bbox 3353 4119 3468 4173; x_wconf 75' lang='grc' dir='ltr'><em>ἴσον</em></span> <span class='ocrx_word' id='word_1_768' title='bbox 3509 4117 3704 4173; x_wconf 80' lang='grc' dir='ltr'><em>ἑαυτοῦ</em></span> 
     </span>
    </p>
   </div>
   <div class='ocr_carea' id='block_1_98' title="bbox 2125 4218 2341 4286">
    <p class='ocr_par' dir='ltr' id='par_1_98' title="bbox 2125 4218 2341 4286">
     <span class='ocr_line' id='line_1_98' title="bbox 2125 4218 2341 4286; baseline -0.014 -15"><span class='ocrx_word' id='word_1_769' title='bbox 2125 4218 2341 4286; x_wconf 80' lang='grc' dir='ltr'><em>φάσκει.</em></span> 
     </span>
    </p>
   </div>
   <div class='ocr_carea' id='block_1_99' title="bbox 2193 4411 3704 4491">
    <p class='ocr_par' dir='ltr' id='par_1_99' title="bbox 2193 4411 3704 4491">
     <span class='ocr_line' id='line_1_99' title="bbox 2193 4411 3704 4491; baseline -0.008 -15"><span class='ocrx_word' id='word_1_770' title='bbox 2193 4423 2308 4476; x_wconf 84' lang='grc' dir='ltr'><strong>Οὐκ</strong></span> <span class='ocrx_word' id='word_1_771' title='bbox 2340 4420 2624 4491; x_wconf 77' lang='grc' dir='ltr'><em>ἄνθρωπος</em></span> <span class='ocrx_word' id='word_1_772' title='bbox 2662 4417 2720 4472; x_wconf 86' lang='grc' dir='ltr'><em>δέ</em></span> <span class='ocrx_word' id='word_1_773' title='bbox 2754 4420 2899 4473; x_wconf 83' lang='grc' dir='ltr'><em>ἐστιν</em></span> <span class='ocrx_word' id='word_1_774' title='bbox 2943 4417 3058 4482; x_wconf 84' lang='grc' dir='ltr'><em>ῐσος</em></span> <span class='ocrx_word' id='word_1_775' title='bbox 3095 4415 3216 4488; x_wconf 85' lang='grc' dir='ltr'><em>Θεῷ</em></span> <span class='ocrx_word' id='word_1_776' title='bbox 3235 4455 3250 4480; x_wconf 91' lang='grc'><strong>,</strong></span> <span class='ocrx_word' id='word_1_777' title='bbox 3282 4413 3405 4468; x_wconf 78' lang='grc' dir='ltr'>οὐδὲ</span> <span class='ocrx_word' id='word_1_778' title='bbox 3431 4413 3508 4478; x_wconf 84' lang='grc' dir='ltr'><em>ὡς</em></span> <span class='ocrx_word' id='word_1_779' title='bbox 3537 4411 3704 4476; x_wconf 78' lang='grc' dir='ltr'><em>Θεόςο</em></span> 
     </span>
    </p>
   </div>
   <div class='ocr_carea' id='block_1_100' title="bbox 2123 4504 3708 4584">
    <p class='ocr_par' dir='ltr' id='par_1_100' title="bbox 2123 4504 3708 4584">
     <span class='ocr_line' id='line_1_100' title="bbox 2123 4504 3708 4584; baseline -0.007 -16"><span class='ocrx_word' id='word_1_780' title='bbox 2123 4514 2258 4568; x_wconf 84' lang='grc' dir='ltr'><strong>ἀλλά</strong></span> <span class='ocrx_word' id='word_1_781' title='bbox 2286 4516 2344 4566; x_wconf 85' lang='grc' dir='ltr'><em>ὲν</em></span> <span class='ocrx_word' id='word_1_782' title='bbox 2369 4511 2598 4584; x_wconf 77' lang='grc' dir='ltr'><em>ἀληθείᾳ</em></span> <span class='ocrx_word' id='word_1_783' title='bbox 2626 4509 3024 4582; x_wconf 81' lang='grc' dir='ltr'><em>γεγεννημένος</em></span> <span class='ocrx_word' id='word_1_784' title='bbox 3043 4549 3058 4573; x_wconf 95' lang='grc'><strong>,</strong></span> <span class='ocrx_word' id='word_1_785' title='bbox 3083 4511 3149 4562; x_wconf 85' lang='grc' dir='ltr'><em>ὲκ</em></span> <span class='ocrx_word' id='word_1_786' title='bbox 3171 4505 3306 4561; x_wconf 87' lang='grc' dir='ltr'><em>Θεοῦ</em></span> <span class='ocrx_word' id='word_1_787' title='bbox 3331 4504 3545 4577; x_wconf 90' lang='grc' dir='ltr'><em>Πατρὸς</em></span> <span class='ocrx_word' id='word_1_788' title='bbox 3573 4504 3708 4567; x_wconf 91' lang='grc' dir='ltr'><em>Θεὸς</em></span> 
     </span>
    </p>
   </div>
   <div class='ocr_carea' id='block_1_101' title="bbox 2126 4594 3708 4677">
    <p class='ocr_par' dir='ltr' id='par_1_101' title="bbox 2126 4594 3708 4677">
     <span class='ocr_line' id='line_1_101' title="bbox 2126 4594 3708 4677; baseline -0.005 -17"><span class='ocrx_word' id='word_1_789' title='bbox 2126 4609 2252 4672; x_wconf 77' lang='grc' dir='ltr'><em>Υἱὸς</em></span> <span class='ocrx_word' id='word_1_790' title='bbox 2289 4605 2605 4677; x_wconf 83' lang='grc' dir='ltr'><em>μονογενής.</em></span> <span class='ocrx_word' id='word_1_791' title='bbox 2639 4603 2778 4676; x_wconf 80' lang='grc' dir='ltr'><em>Φησὶ</em></span> <span class='ocrx_word' id='word_1_792' title='bbox 2817 4603 2927 4676; x_wconf 87' lang='grc' dir='ltr'><em>γὰρ</em></span> <span class='ocrx_word' id='word_1_793' title='bbox 2948 4604 3077 4675; x_wconf 73' lang='grc' dir='ltr'><em>περὶ</em></span> <span class='ocrx_word' id='word_1_794' title='bbox 3113 4601 3279 4656; x_wconf 80' lang='grc' dir='ltr'><em>αὐτοῦ</em></span> <span class='ocrx_word' id='word_1_795' title='bbox 3315 4594 3527 4664; x_wconf 82' lang='grc' dir='ltr'><em>Παῦλος</em></span> <span class='ocrx_word' id='word_1_796' title='bbox 3549 4616 3563 4630; x_wconf 89' lang='grc'><strong>·</strong></span> <span class='ocrx_word' id='word_1_797' title='bbox 3601 4602 3708 4666; x_wconf 87' lang='grc' dir='ltr'><em>’ος</em></span> 
     </span>
    </p>
   </div>
   <div class='ocr_carea' id='block_1_102' title="bbox 2124 4691 3707 4769">
    <p class='ocr_par' dir='ltr' id='par_1_102' title="bbox 2124 4691 3707 4769">
     <span class='ocr_line' id='line_1_102' title="bbox 2124 4691 3707 4769; baseline -0.006 -15"><span class='ocrx_word' id='word_1_798' title='bbox 2124 4700 2195 4754; x_wconf 80' lang='grc' dir='ltr'><em>ἐν</em></span> <span class='ocrx_word' id='word_1_799' title='bbox 2214 4698 2420 4769; x_wconf 77' lang='grc' dir='ltr'><em>μορφῇ</em></span> <span class='ocrx_word' id='word_1_800' title='bbox 2454 4697 2602 4752; x_wconf 84' lang='grc' dir='ltr'><em>Θεοῦ</em></span> <span class='ocrx_word' id='word_1_801' title='bbox 2627 4695 2916 4767; x_wconf 78' lang='grc' dir='ltr'><em>ὑπάρχων</em></span> <span class='ocrx_word' id='word_1_802' title='bbox 2953 4698 3066 4766; x_wconf 86' lang='grc' dir='ltr'><strong>οὐχ</strong></span> <span class='ocrx_word' id='word_1_803' title='bbox 3093 4693 3408 4764; x_wconf 74' lang='grc' dir='ltr'><em>ἁρπαγμὸν</em></span> <span class='ocrx_word' id='word_1_804' title='bbox 3434 4691 3707 4762; x_wconf 65' lang='grc' dir='ltr'><em>ἡγήσατο</em></span> 
     </span>
    </p>
   </div>
   <div class='ocr_carea' id='block_1_103' title="bbox 2125 4781 3708 4853">
    <p class='ocr_par' dir='ltr' id='par_1_103' title="bbox 2125 4781 3708 4853">
     <span class='ocr_line' id='line_1_103' title="bbox 2125 4781 3708 4853; baseline -0.006 -9"><span class='ocrx_word' id='word_1_805' title='bbox 2125 4791 2192 4844; x_wconf 87' lang='grc' dir='ltr'><strong>τὸ</strong></span> <span class='ocrx_word' id='word_1_806' title='bbox 2227 4785 2380 4844; x_wconf 75' lang='grc' dir='ltr'><em>εἶναι</em></span> <span class='ocrx_word' id='word_1_807' title='bbox 2412 4791 2519 4843; x_wconf 80' lang='grc' dir='ltr'><em>ῑσα</em></span> <span class='ocrx_word' id='word_1_808' title='bbox 2562 4786 2684 4853; x_wconf 85' lang='grc' dir='ltr'><em>Θεῷ</em></span> <span class='ocrx_word' id='word_1_809' title='bbox 2703 4828 2717 4852; x_wconf 91' lang='grc'><strong>,</strong></span> <span class='ocrx_word' id='word_1_810' title='bbox 2754 4789 2891 4841; x_wconf 72' lang='grc' dir='ltr'><em>ἀλλ’</em></span> <span class='ocrx_word' id='word_1_811' title='bbox 2918 4786 3138 4840; x_wconf 81' lang='grc' dir='ltr'><em>ἑαυτὸν</em></span> <span class='ocrx_word' id='word_1_812' title='bbox 3174 4781 3435 4838; x_wconf 77' lang='grc' dir='ltr'><em>ἐκένωσε</em></span> <span class='ocrx_word' id='word_1_813' title='bbox 3462 4782 3708 4852; x_wconf 72' lang='grc' dir='ltr'><em>μορφὴν</em></span> 
     </span>
    </p>
   </div>
   <div class='ocr_carea' id='block_1_104' title="bbox 2125 4871 3706 4950">
    <p class='ocr_par' dir='ltr' id='par_1_104' title="bbox 2125 4871 3706 4950">
     <span class='ocr_line' id='line_1_104' title="bbox 2125 4871 3706 4950; baseline -0.006 -13"><span class='ocrx_word' id='word_1_814' title='bbox 2125 4883 2352 4937; x_wconf 71' lang='grc' dir='ltr'><em>δούλου</em></span> <span class='ocrx_word' id='word_1_815' title='bbox 2380 4881 2604 4936; x_wconf 70' lang='grc' dir='ltr'><em>λαϐὼν.</em></span> <span class='ocrx_word' id='word_1_816' title='bbox 2639 4879 2714 4932; x_wconf 85' lang='grc' dir='ltr'><em>Τὸ</em></span> <span class='ocrx_word' id='word_1_817' title='bbox 2757 4878 2857 4950; x_wconf 82' lang='grc' dir='ltr'><strong>μὲν</strong></span> <span class='ocrx_word' id='word_1_818' title='bbox 2898 4877 3030 4949; x_wconf 76' lang='grc' dir='ltr'><em>περὶ</em></span> <span class='ocrx_word' id='word_1_819' title='bbox 3073 4875 3210 4930; x_wconf 89' lang='grc' dir='ltr'><em>Θεοῦ</em></span> <span class='ocrx_word' id='word_1_820' title='bbox 3259 4871 3340 4946; x_wconf 82' lang='grc' dir='ltr'><em>ἦν</em></span> <span class='ocrx_word' id='word_1_821' title='bbox 3385 4875 3456 4928; x_wconf 83' lang='grc' dir='ltr'><em>ἐν</em></span> <span class='ocrx_word' id='word_1_822' title='bbox 3500 4871 3706 4944; x_wconf 67' lang='grc' dir='ltr'><em>μορφῇ</em></span> 
     </span>
    </p>
   </div>
   <div class='ocr_carea' id='block_1_105' title="bbox 2126 4964 3705 5046">
    <p class='ocr_par' dir='ltr' id='par_1_105' title="bbox 2126 4964 3705 5046">
     <span class='ocr_line' id='line_1_105' title="bbox 2126 4964 3705 5046; baseline -0.006 -19"><span class='ocrx_word' id='word_1_823' title='bbox 2126 4975 2256 5046; x_wconf 79' lang='grc' dir='ltr'><em>περὶ</em></span> <span class='ocrx_word' id='word_1_824' title='bbox 2290 4972 2348 5026; x_wconf 85' lang='grc' dir='ltr'><strong>δὲ</strong></span> <span class='ocrx_word' id='word_1_825' title='bbox 2387 4973 2487 5044; x_wconf 85' lang='grc' dir='ltr'><em>τῆς</em></span> <span class='ocrx_word' id='word_1_826' title='bbox 2523 4969 2621 5025; x_wconf 85' lang='grc' dir='ltr'><strong>τοῦ</strong></span> <span class='ocrx_word' id='word_1_827' title='bbox 2675 4971 2864 5024; x_wconf 83' lang='grc' dir='ltr'><em>δούλου</em></span> <span class='ocrx_word' id='word_1_828' title='bbox 2915 4968 3128 5042; x_wconf 80' lang='grc' dir='ltr'><em>μορφῆς</em></span> <span class='ocrx_word' id='word_1_829' title='bbox 3174 4964 3532 5040; x_wconf 80' lang='grc' dir='ltr'><em>προσληπτὴν</em></span> <span class='ocrx_word' id='word_1_830' title='bbox 3565 4965 3705 5018; x_wconf 86' lang='grc' dir='ltr'><em>ἀπέ-</em></span> 
     </span>
    </p>
   </div>
   <div class='ocr_carea' id='block_1_106' title="bbox 2125 5055 3706 5138">
    <p class='ocr_par' dir='ltr' id='par_1_106' title="bbox 2125 5055 3706 5138">
     <span class='ocr_line' id='line_1_106' title="bbox 2125 5055 3706 5138; baseline -0.007 -18"><span class='ocrx_word' id='word_1_831' title='bbox 2125 5082 2261 5138; x_wconf 89' lang='grc' dir='ltr'><em>φηνε</em></span> <span class='ocrx_word' id='word_1_832' title='bbox 2283 5107 2298 5132; x_wconf 87' lang='grc'><strong>,</strong></span> <span class='ocrx_word' id='word_1_833' title='bbox 2329 5064 2424 5119; x_wconf 76' lang='grc' dir='ltr'><em>καὶ</em></span> <span class='ocrx_word' id='word_1_834' title='bbox 2449 5064 2549 5118; x_wconf 87' lang='grc' dir='ltr'><em>οὐκ</em></span> <span class='ocrx_word' id='word_1_835' title='bbox 2578 5059 2730 5118; x_wconf 81' lang='grc' dir='ltr'><em>εἶπεν</em></span> <span class='ocrx_word' id='word_1_836' title='bbox 2759 5061 2926 5116; x_wconf 85' lang='grc' dir='ltr'><em>αὐτοῦ</em></span> <span class='ocrx_word' id='word_1_837' title='bbox 2969 5056 3135 5115; x_wconf 84' lang='grc' dir='ltr'><em>οὖσάν</em></span> <span class='ocrx_word' id='word_1_838' title='bbox 3168 5075 3318 5112; x_wconf 88' lang='grc' dir='ltr'><em>ποτε.</em></span> <span class='ocrx_word' id='word_1_839' title='bbox 3350 5057 3620 5120; x_wconf 87' lang='grc' dir='ltr'><em>Πολλάκις</em></span> <span class='ocrx_word' id='word_1_840' title='bbox 3649 5055 3706 5109; x_wconf 81' lang='grc' dir='ltr'><strong>δὲ</strong></span> 
     </span>
    </p>
   </div>
   <div class='ocr_carea' id='block_1_107' title="bbox 2123 5144 3706 5228">
    <p class='ocr_par' dir='ltr' id='par_1_107' title="bbox 2123 5144 3706 5228">
     <span class='ocr_line' id='line_1_107' title="bbox 2123 5144 3706 5228; baseline -0.01 -17"><span class='ocrx_word' id='word_1_841' title='bbox 2123 5157 2220 5211; x_wconf 81' lang='grc' dir='ltr'><em>καὶ</em></span> <span class='ocrx_word' id='word_1_842' title='bbox 2247 5155 2603 5228; x_wconf 83' lang='grc' dir='ltr'><em>ἀνθρωπίνως</em></span> <span class='ocrx_word' id='word_1_843' title='bbox 2635 5152 2942 5221; x_wconf 83' lang='grc' dir='ltr'><em>διαλέγεται</em></span> <span class='ocrx_word' id='word_1_844' title='bbox 2970 5151 3000 5203; x_wconf 89' lang='grc' dir='ltr'><strong>ό</strong></span> <span class='ocrx_word' id='word_1_845' title='bbox 3025 5147 3216 5220; x_wconf 78' lang='grc' dir='ltr'><em>Σωτὴρ</em></span> <span class='ocrx_word' id='word_1_846' title='bbox 3247 5147 3427 5219; x_wconf 78' lang='grc' dir='ltr'><em>ἡμῶν,</em></span> <span class='ocrx_word' id='word_1_847' title='bbox 3461 5146 3555 5200; x_wconf 73' lang='grc' dir='ltr'><em>καὶ</em></span> <span class='ocrx_word' id='word_1_848' title='bbox 3590 5144 3706 5197; x_wconf 82' lang='grc' dir='ltr'><strong>Κύ-</strong></span> 
     </span>
    </p>
   </div>
   <div class='ocr_carea' id='block_1_108' title="bbox 2125 5236 3701 5323">
    <p class='ocr_par' dir='ltr' id='par_1_108' title="bbox 2125 5236 3701 5323">
     <span class='ocr_line' id='line_1_108' title="bbox 2125 5236 3701 5323; baseline -0.012 -19"><span class='ocrx_word' id='word_1_849' title='bbox 2125 5267 2239 5323; x_wconf 89' lang='grc' dir='ltr'><em>ριος</em></span> <span class='ocrx_word' id='word_1_850' title='bbox 2289 5247 2497 5320; x_wconf 87' lang='grc' dir='ltr'><em>Ἰησοῦς</em></span> <span class='ocrx_word' id='word_1_851' title='bbox 2525 5245 2779 5319; x_wconf 87' lang='grc' dir='ltr'><em>Χριστὸς,</em></span> <span class='ocrx_word' id='word_1_852' title='bbox 2819 5245 2849 5296; x_wconf 88' lang='grc' dir='ltr'><strong>ὁ</strong></span> <span class='ocrx_word' id='word_1_853' title='bbox 2887 5241 3020 5304; x_wconf 86' lang='grc' dir='ltr'><em>Θεὸς</em></span> <span class='ocrx_word' id='word_1_854' title='bbox 3069 5241 3260 5310; x_wconf 86' lang='grc' dir='ltr'><em>Λόγος,</em></span> <span class='ocrx_word' id='word_1_855' title='bbox 3299 5239 3395 5293; x_wconf 71' lang='grc' dir='ltr'><em>καὶ</em></span> <span class='ocrx_word' id='word_1_856' title='bbox 3439 5236 3701 5299; x_wconf 85' lang='grc' dir='ltr'><em>πολλάκις</em></span> 
     </span>
    </p>
   </div>
   <div class='ocr_carea' id='block_1_109' title="bbox 2122 5327 3702 5415">
    <p class='ocr_par' dir='ltr' id='par_1_109' title="bbox 2122 5327 3702 5415">
     <span class='ocr_line' id='line_1_109' title="bbox 2122 5327 3702 5415; baseline -0.01 -18"><span class='ocrx_word' id='word_1_857' title='bbox 2122 5339 2572 5415; x_wconf 83' lang='grc' dir='ltr'><em>άνθρωποπαθῶς</em></span> <span class='ocrx_word' id='word_1_858' title='bbox 2594 5337 2912 5407; x_wconf 83' lang='grc' dir='ltr'><em>φθέγγεται.</em></span> <span class='ocrx_word' id='word_1_859' title='bbox 2957 5333 3095 5388; x_wconf 86' lang='grc' dir='ltr'><em>Ἀλλ’</em></span> <span class='ocrx_word' id='word_1_860' title='bbox 3125 5333 3224 5404; x_wconf 86' lang='grc' dir='ltr'><strong>οὐχ</strong></span> <span class='ocrx_word' id='word_1_861' title='bbox 3247 5333 3336 5386; x_wconf 82' lang='grc' dir='ltr'><em>ὅτε</em></span> <span class='ocrx_word' id='word_1_862' title='bbox 3379 5330 3554 5399; x_wconf 83' lang='grc' dir='ltr'><em>λέγει’</em></span> <span class='ocrx_word' id='word_1_863' title='bbox 3602 5327 3702 5381; x_wconf 80' lang='grc' dir='ltr'><em>Ἐκ</em></span> 
     </span>
    </p>
   </div>
   <div class='ocr_carea' id='block_1_110' title="bbox 2120 5419 3701 5500">
    <p class='ocr_par' dir='ltr' id='par_1_110' title="bbox 2120 5419 3701 5500">
     <span class='ocr_line' id='line_1_110' title="bbox 2120 5419 3701 5500; baseline -0.009 -15"><span class='ocrx_word' id='word_1_864' title='bbox 2120 5431 2227 5486; x_wconf 84' lang='grc' dir='ltr'><strong>τοῦ</strong></span> <span class='ocrx_word' id='word_1_865' title='bbox 2253 5431 2484 5499; x_wconf 88' lang='grc' dir='ltr'><em>Πατρός</em></span> <span class='ocrx_word' id='word_1_866' title='bbox 2499 5447 2618 5500; x_wconf 82' lang='grc' dir='ltr'><em>μου</em></span> <span class='ocrx_word' id='word_1_867' title='bbox 2645 5427 2929 5496; x_wconf 71' lang='grc' dir='ltr'><em>ἐξῆλθον,</em></span> <span class='ocrx_word' id='word_1_868' title='bbox 2966 5425 3064 5480; x_wconf 79' lang='grc' dir='ltr'><strong>καὶ</strong></span> <span class='ocrx_word' id='word_1_869' title='bbox 3116 5424 3273 5492; x_wconf 75' lang='grc' dir='ltr'><em>ἢκωο</em></span> <span class='ocrx_word' id='word_1_870' title='bbox 3305 5421 3465 5476; x_wconf 82' lang='grc' dir='ltr'><em>τοῦτο</em></span> <span class='ocrx_word' id='word_1_871' title='bbox 3492 5419 3600 5491; x_wconf 85' lang='grc' dir='ltr'><em>γὰρ</em></span> <span class='ocrx_word' id='word_1_872' title='bbox 3639 5419 3701 5472; x_wconf 83' lang='grc' dir='ltr'><em>οὐ</em></span> 
     </span>
    </p>
   </div>
   <div class='ocr_carea' id='block_1_111' title="bbox 2119 5511 3703 5592">
    <p class='ocr_par' dir='ltr' id='par_1_111' title="bbox 2119 5511 3703 5592">
     <span class='ocr_line' id='line_1_111' title="bbox 2119 5511 3703 5592; baseline -0.008 -16"><span class='ocrx_word' id='word_1_873' title='bbox 2119 5524 2343 5578; x_wconf 84' lang='grc' dir='ltr'><em>δύναται</em></span> <span class='ocrx_word' id='word_1_874' title='bbox 2379 5521 2488 5576; x_wconf 86' lang='grc' dir='ltr'><strong>ἀπὸ</strong></span> <span class='ocrx_word' id='word_1_875' title='bbox 2532 5520 2947 5592; x_wconf 81' lang='grc' dir='ltr'><em>ἀνθρωπότητος</em></span> <span class='ocrx_word' id='word_1_876' title='bbox 2985 5515 3272 5587; x_wconf 83' lang='grc' dir='ltr'><em>λέγεσθαι·</em></span> <span class='ocrx_word' id='word_1_877' title='bbox 3336 5513 3450 5567; x_wconf 79' lang='grc' dir='ltr'><em>ἀλλ’</em></span> <span class='ocrx_word' id='word_1_878' title='bbox 3489 5514 3578 5566; x_wconf 84' lang='grc' dir='ltr'><em>ὅτε</em></span> <span class='ocrx_word' id='word_1_879' title='bbox 3619 5511 3703 5565; x_wconf 79' lang='grc' dir='ltr'><strong>δι·</strong></span> 
     </span>
    </p>
   </div>
   <div class='ocr_carea' id='block_1_112' title="bbox 2121 5601 3703 5686">
    <p class='ocr_par' dir='ltr' id='par_1_112' title="bbox 2121 5601 3703 5686">
     <span class='ocr_line' id='line_1_112' title="bbox 2121 5601 3703 5686; baseline -0.007 -18"><span class='ocrx_word' id='word_1_880' title='bbox 2121 5616 2293 5680; x_wconf 89' lang='grc' dir='ltr'><em>καίως</em></span> <span class='ocrx_word' id='word_1_881' title='bbox 2315 5615 2682 5686; x_wconf 73' lang='grc' dir='ltr'><em>ἐπιμαρτυρεῖ</em></span> <span class='ocrx_word' id='word_1_882' title='bbox 2712 5612 2886 5681; x_wconf 89' lang='grc' dir='ltr'><em>λέγων</em></span> <span class='ocrx_word' id='word_1_883' title='bbox 2905 5627 2919 5641; x_wconf 74' lang='grc'><strong>⁸</strong></span> <span class='ocrx_word' id='word_1_884' title='bbox 2962 5610 3105 5666; x_wconf 85' lang='grc' dir='ltr'><em>Ἐὰν</em></span> <span class='ocrx_word' id='word_1_885' title='bbox 3122 5608 3237 5677; x_wconf 74' lang='grc' dir='ltr'><strong>ἐγὼ</strong></span> <span class='ocrx_word' id='word_1_886' title='bbox 3254 5603 3535 5677; x_wconf 84' lang='grc' dir='ltr'><em>μαρτυρῶ</em></span> <span class='ocrx_word' id='word_1_887' title='bbox 3566 5601 3703 5673; x_wconf 73' lang='grc' dir='ltr'><em>περὶ</em></span> 
     </span>
    </p>
   </div>
   <div class='ocr_carea' id='block_1_113' title="bbox 509 5789 2025 5868">
    <p class='ocr_par' dir='ltr' id='par_1_113' title="bbox 509 5792 2025 5868">
     <span class='ocr_line' id='line_1_113' title="bbox 509 5792 2025 5868; baseline 0.004 -20"><span class='ocrx_word' id='word_1_888' title='bbox 509 5794 734 5868; x_wconf 47' lang='grc' dir='ltr'><em>[δοεη.</em></span> <span class='ocrx_word' id='word_1_889' title='bbox 765 5810 884 5854; x_wconf 85' lang='lat' dir='ltr'><strong>vm,</strong></span> <span class='ocrx_word' id='word_1_890' title='bbox 915 5792 1002 5856; x_wconf 83' lang='grc'><strong>17,</strong></span> <span class='ocrx_word' id='word_1_891' title='bbox 1042 5793 1123 5868; x_wconf 63' lang='grc' dir='ltr'><strong>ιε.</strong></span> <span class='ocrx_word' id='word_1_892' title='bbox 1205 5797 1222 5828; x_wconf 86' lang='grc'><strong><em>²</em></strong></span> <span class='ocrx_word' id='word_1_893' title='bbox 1258 5795 1449 5852; x_wconf 68' lang='lat' dir='ltr'><strong>Matth.</strong></span> <span class='ocrx_word' id='word_1_894' title='bbox 1486 5812 1562 5864; x_wconf 79' lang='lat' dir='ltr'><strong>xi,</strong></span> <span class='ocrx_word' id='word_1_895' title='bbox 1594 5795 1683 5854; x_wconf 73' lang='lat'><strong>‘25.</strong></span> <span class='ocrx_word' id='word_1_896' title='bbox 1760 5797 1780 5829; x_wconf 82' lang='lat'>&#39;</span> <span class='ocrx_word' id='word_1_897' title='bbox 1821 5794 1956 5854; x_wconf 88' lang='lat' dir='ltr'><strong>Luc.</strong></span> <span class='ocrx_word' id='word_1_898' title='bbox 2016 5814 2025 5854; x_wconf 70' lang='grc' dir='ltr'><strong>ε</strong></span> 
     </span>
    </p>
   </div>
   <div class='ocr_carea' id='block_1_114' title="bbox 2126 5789 3701 5868">
    <p class='ocr_par' dir='ltr' id='par_1_114' title="bbox 2126 5789 3701 5864">
     <span class='ocr_line' id='line_1_114' title="bbox 2126 5789 3701 5864; baseline -0.008 -10"><span class='ocrx_word' id='word_1_899' title='bbox 2126 5798 2196 5856; x_wconf 75' lang='lat' dir='ltr'><strong>i2.</strong></span> <span class='ocrx_word' id='word_1_900' title='bbox 2274 5800 2294 5832; x_wconf 72' lang='grc'><strong>⁸</strong></span> <span class='ocrx_word' id='word_1_901' title='bbox 2323 5795 2479 5854; x_wconf 86' lang='lat' dir='ltr'><strong>Joan.</strong></span> <span class='ocrx_word' id='word_1_902' title='bbox 2513 5813 2625 5864; x_wconf 73' lang='lat' dir='ltr'><strong>XIV,</strong></span> <span class='ocrx_word' id='word_1_903' title='bbox 2657 5798 2711 5854; x_wconf 84' lang='lat'><strong>9.</strong></span> <span class='ocrx_word' id='word_1_904' title='bbox 2789 5797 2808 5829; x_wconf 80' lang='lat'>&#39;</span> <span class='ocrx_word' id='word_1_905' title='bbox 2837 5794 2994 5852; x_wconf 81' lang='lat' dir='ltr'><strong>Joan.</strong></span> <span class='ocrx_word' id='word_1_906' title='bbox 3027 5810 3080 5859; x_wconf 75' lang='grc' dir='ltr'><strong>ν,</strong></span> <span class='ocrx_word' id='word_1_907' title='bbox 3124 5791 3210 5848; x_wconf 80' lang='grc'><strong>18.</strong></span> <span class='ocrx_word' id='word_1_908' title='bbox 3287 5791 3308 5823; x_wconf 82' lang='grc'>⁸</span> <span class='ocrx_word' id='word_1_909' title='bbox 3337 5789 3575 5858; x_wconf 74' lang='lat' dir='ltr'><strong>Philinn.</strong></span> <span class='ocrx_word' id='word_1_910' title='bbox 3635 5803 3701 5856; x_wconf 80' lang='lat' dir='ltr'><strong>ii,</strong></span> 
     </span>
    </p>
   </div>
   <div class='ocr_carea' id='block_1_115' title="bbox 436 5864 1130 5946">
    <p class='ocr_par' dir='ltr' id='par_1_115' title="bbox 436 5864 1130 5946">
     <span class='ocr_line' id='line_1_115' title="bbox 436 5864 1130 5946; baseline -0.001 -24"><span class='ocrx_word' id='word_1_911' title='bbox 436 5865 490 5934; x_wconf 85' lang='lat'><em>6,</em></span> <span class='ocrx_word' id='word_1_912' title='bbox 531 5867 582 5924; x_wconf 85' lang='lat'><strong>7.</strong></span> <span class='ocrx_word' id='word_1_913' title='bbox 657 5869 678 5900; x_wconf 81' lang='grc' dir='ltr'><strong><em>τ</em></strong></span> <span class='ocrx_word' id='word_1_914' title='bbox 707 5866 864 5922; x_wconf 82' lang='lat' dir='ltr'><strong>Joau.</strong></span> <span class='ocrx_word' id='word_1_915' title='bbox 899 5881 1009 5934; x_wconf 73' lang='lat' dir='ltr'><strong>xu,</strong></span> <span class='ocrx_word' id='word_1_916' title='bbox 1040 5864 1130 5946; x_wconf 65' lang='lat'><strong>‘28.</strong></span> 
     </span>
    </p>
   </div>
  </div>
