4076 6392
312 341 392 401 :5
1116 356 1488 415 onmsus
1521 361 1866 421 "massas
1902 364 2029 422 LIB.
2072 365 2135 421 ιι.
2181 365 2349 426 TUM.
2393 376 2458 425 n.
2499 399 2571 412 -
2608 367 2887 424 manus.
2927 366 3100 431 va.
3541 359 3609 429 ιε

315 452 589 527 ἐμαυτοῦ
609 504 624 530 ,
654 461 696 531 ὴ
720 467 1020 536 μαρτυρία
1038 486 1161 538 μου
1187 474 1302 528 οὐκ
1332 473 1506 528 ἐστιν
1540 477 1776 547 ἀληθής
1793 495 1805 508 ·
1845 479 1917 533 i'va

2034 479 2222 552 Neque
2267 483 2415 538 enim
2466 483 2612 540 istud
2655 500 2724 539 ex
2772 482 3016 538 hominis
3067 485 3264 535 natura
3312 475 3619 548 proiiseisci

316 553 469 627 δείξῃ
520 557 622 627 τὴν
664 558 861 612 ἑαυτοῦ
911 561 1363 635 ὲνανθρώπησινο
1420 569 1513 622 καὶ
1556 569 1617 622 τὸ
1656 571 1924 624 ἀνάπαλιν

317 647 454 717 περὶ
487 646 742 720 θεότητος
778 649 984 719 λέγων·
1031 652 1158 707 Κάν
1195 672 1260 709 τε
1301 657 1416 725 ἐγὼ
1456 658 1741 728 μαρτυρῶ
1787 664 1921 729 περὶ

316 739 608 808 ἐμαυτοῦ,
634 741 673 808 ἠ
701 744 1002 812 μαρτυρία
1020 764 1142 815 μου
1166 748 1405 816 ἀληθής
1431 750 1604 804 ἐστιν
1622 791 1636 816 ,
1663 751 1751 804 ἵνα
1774 751 1922 826 δείξῃ

319 831 592 903 ἀληθινὴν
614 832 850 906 θεότητα
870 878 886 902 ,
922 838 1017 890 καὶ
1045 837 1309 912 ἀληθινὴν
1340 841 1776 914 ὲνανθρὼπησιν.

2032 575 2232 642 potuit.
2267 575 2376 630 Sed
2427 576 2480 630 id
2527 575 2750 632 demum
2784 573 3109 644 usurpavit,
3144 586 3269 626 cum
3309 569 3377 624 dc
3404 584 3464 624 se
3494 569 3621 639 jure

2031 666 2108 719 ita
2139 675 2374 722 testatus
2400 675 2488 723 est
2521 685 2534 722 :
2569 666 2630 723 Si
2647 685 2739 740 ego
2765 666 3126 722 testimonium
3153 661 3399 732 perhibes
3445 659 3508 714 de
3538 675 3620 714 me

2028 758 2163 827 ipso,
2200 759 2556 814 testimonium
2582 777 2756 815 meum
2786 775 2891 813 non
2916 767 2996 812 est
3024 771 3206 810 verum
3239 755 3255 784 ί
3279 771 3294 815 ;
3320 767 3432 824 quo
3461 765 3620 806 suam

2027 846 2424 904 humanitatem
2477 849 2818 906 ostenderet.
2875 847 2948 901 At
2999 861 3031 902 e
3072 843 3357 900 contrario
3404 841 3473 897 de
3519 854 3620 896 sua

317 927 615 985 divinitate
661 947 977 988 sermonem
1023 935 1320 993 instituens
1355 957 1368 992 :
1400 937 1558 1004 Etsi,
1589 939 1800 1010 inquit,
1833 958 1928 1013 ego
1971 945 2334 999 testimonium
2364 947 2604 1016 perhibeo
2637 946 2702 1002 de
2739 945 2960 1016 meipso,
3027 942 3383 999 testimonium
3447 955 3621 994 meum

318 1038 502 1075 verum
545 1035 624 1078 est
658 1027 702 1090 ³,
737 1035 797 1080 ut
819 1042 1006 1082 veram
1036 1030 1089 1083 in
1137 1046 1198 1085 se
1231 1031 1573 1087 divinitatem
1607 1041 1772 1104 atque
1810 1035 2210 1093 humanitatem
2240 1042 2595 1111 exprimeret.

390 1120 477 1172 H'.
511 1121 588 1172 Οὐ
614 1120 708 1173 δύο
739 1121 920 1177 τοίνυν
945 1124 1092 1184 Θεοὶ,
1116 1126 1200 1178 ὄτι
1227 1125 1352 1180 οὐτε
1382 1127 1475 1181 δύο
1503 1128 1746 1200 Πατέρες
1766 1148 1778 1159 ·
1802 1130 1925 1185 οὐδὲ

316 1213 594 1284 ἀνῄρηται
626 1218 658 1286 ἠ
693 1217 990 1280 ὑπόστασις
1036 1219 1131 1272 τοῦ
1167 1221 1365 1289 Λόγου,
1407 1223 1488 1275 ὄτι
1533 1224 1594 1276 οὐ
1660 1223 1760 1293 μία
1795 1241 1924 1277 συν-

317 1306 494 1378 αλιφὴ
521 1306 774 1379 θεότητος
809 1309 938 1364 Υἱοῦ
963 1313 1101 1384 πρὸς
1126 1314 1366 1386 Πατέρα.
1385 1317 1460 1368 Οὐ
1492 1315 1600 1387 γάρ
1629 1317 1778 1370 ἐστιν
1804 1318 1925 1370 ἐτε-

317 1399 570 1467 pos-33:0;
602 1401 630 1452 6
661 1401 788 1464 Υἱὸς
815 1403 910 1456 τοῦ
947 1405 1181 1474 Πατρός,
1212 1406 1352 1460 ἀλλὰ
1383 1407 1668 1478 ὁμοούσιος
1706 1408 1784 1480 τῷ
1807 1411 1922 1462 Πα-

313 1491 428 1559 τρί.
477 1491 552 1544 Οὐ
581 1493 806 1547 δύναται
828 1495 882 1548 δὲ
905 1490 1046 1549 εἶναι
1077 1497 1416 1569 ὲτεροοὺσιος
1440 1501 1519 1571 τῷ
1545 1501 1920 1572 γεγεννηκότι,

316 1581 444 1632 οὐδὲ
500 1584 883 1648 ταυτοούσιος,
926 1586 1062 1640 ἀλλὰ
1102 1591 1391 1659 ὁμοοὺσιος
1424 1592 1524 1662 (8).
1573 1594 1710 1648 Οὐδὲ
1760 1595 1924 1649 πάλιν

315 1668 553 1740 λέγομεν
602 1674 766 1727 αὐτὸν
827 1677 903 1748 μὴ
953 1672 1090 1730 εἶναι
1136 1681 1332 1734 ταυτὸν
1369 1685 1436 1754 τῇ
1483 1684 1643 1756 οὐσίᾳ
1693 1685 1772 1757 τῷ
1810 1687 1926 1740 Πα-

312 1759 428 1828 cpi.
466 1761 623 1813 Ἔστι
658 1763 769 1834 γὰρ
811 1765 1005 1818 ταυτὸν
1041 1769 1107 1838 τῇ
1156 1767 1394 1840 θεότητι,
1439 1773 1536 1825 καὶ
1580 1777 1648 1846 τῇ
1692 1775 1850 1847 οὐσίᾳ
1893 1779 1923 1831 6

313 1850 444 1917 Υἱὸς
476 1854 613 1925 πρὸς
639 1856 733 1908 τὸν
760 1857 998 1930 Πατέρα,
1035 1863 1128 1914 καὶ
1145 1863 1245 1916 οὐκ
1270 1863 1482 1930 ἀλλοῖος
1511 1868 1663 1940 παρὰ
1688 1869 1778 1924 τὸν
1804 1870 1919 1923 Πα-

312 1939 486 2009 τέρα,
518 1941 639 1994 οὐδὲ
669 1943 778 1996 ἀπὸ
808 1945 977 2018 ἄλλης
1018 1948 1392 2016 ὑποστάσεως.
1429 1955 1568 2008 ἀλλὰ
1598 1956 1673 2022 ὡς
1703 1958 1920 2031 ἀληθῶς

313 2030 448 2094 Υἱὸς
481 2033 697 2105 Πατρὸς
728 2038 792 2106 τῇ
828 2055 890 2090 τε
927 2039 1103 2112 οὐσίᾳ,
1142 2043 1236 2096 καὶ
1264 2047 1330 2116 τῇ
1364 2046 1694 2115 ὑποστάσει,
1727 2052 1820 2104 καὶ
1851 2055 1918 2124 τῇ

313 2121 571 2193 ἀληθείᾳ.
613 2125 752 2179 Ἀλλ’
775 2129 875 2198 οὐχ
900 2131 928 2182 6
960 2131 1150 2203 Πατήρ
1177 2135 1324 2189 ἐστιν
1347 2140 1375 2191 6
1405 2137 1551 2201 Υἱὸς,
1579 2141 1700 2194 οὐδὲ
1727 2143 1756 2195 6
1792 2121 1920 2210 Υἱός

314 2215 471 2266 ἐστιν
501 2216 530 2267 6
571 2217 786 2290 Πατὴρ,
822 2220 958 2274 ἀλλὰ
979 2223 1104 2287 Υἱὸς
1133 2226 1351 2296 ἀληθῶς
1382 2231 1447 2282 ἐκ
1477 2232 1690 2303 Πατρὸς
1729 2251 1921 2304 γεγεν-

311 2307 572 2375 νημένος.
600 2310 694 2362 Διὸ
721 2310 846 2364 οὔτε
882 2312 975 2367 δύο
1004 2315 1162 2379 Θεοί,
1201 2317 1325 2372 οὔτε
1358 2320 1452 2374 δύο
1481 2324 1635 2388 Υἱοὶ,
1668 2325 1792 2380 οὔτε
1825 2327 1920 2382 δύο

313 2398 453 2466 ἅγια
488 2401 820 2473 Πνεύματα,
849 2407 987 2460 ἀλλὰ
1030 2409 1130 2479 μία
1169 2410 1361 2481 θεότης
1395 2415 1426 2484 ὴ
1469 2416 1511 2466 Τ
1516 2415 1673 2486 ριὰς.
1706 2419 1918 2491 Πατὴρ,

315 2487 470 2553 Υἱὸς,
503 2492 600 2544 καὶ
625 2491 782 2560 ἆγιον
812 2496 1060 2568 Πνεῦμα,
1089 2501 1375 2570 ὁμοούσιος
1407 2501 1562 2560 οὖσα.
1597 2507 1766 2562 Ὅταν
1809 2487 1918 2581 γαρ

314 2581 484 2652 εἴπῃς
533 2584 859 2654 όμοούσιον,
908 2591 969 2642 οὐ
1027 2594 1322 2664 συναλιφὴν
1367 2597 1644 2666 σημαίνει.
1693 2599 1768 2653 Τὸ
1810 2601 1920 2674 γὰρ

315 2675 648 2736 όμοούσιον
678 2678 776 2748 οὐχ
808 2679 927 2742 ἑνός
955 2682 1072 2734 ἐστι
1098 2686 1453 2754 σημαντικὸν,
1499 2688 1620 2741 οὐδὲ
1648 2690 1741 2743 τοῦ
1767 2691 1920 2757 ὄντος

313 2765 454 2818 Υίοῦ
488 2770 626 2838 πρὸς
657 2769 882 2842 Πατέρα
906 2774 1131 2846 γνησίου
1172 2774 1273 2846 τὴν
1301 2777 1492 2830 οὐσίαν
1519 2778 1790 2850 διίστησι,
1825 2783 1920 2836 καὶ

312 2859 418 2928 τὴν
459 2857 763 2914 ὑπόστασιν
785 2863 1161 2936 ἀπαλλοτριοί,
1189 2865 1278 2920 διὰ
1298 2867 1358 2920 τὸ
1378 2870 1684 2940 όμοούσιον.
1715 2874 1788 2927 Οὐ
1810 2874 1920 2947 γὰρ

313 2949 500 3017 ἀρχὰς
525 2949 620 3003 δύο
652 2953 916 3025 κηρύττει
945 2958 973 3008 6
1008 2956 1152 3022 θεῖος
1193 2960 1370 3029 λόγος,
1402 2962 1538 3016 ἀλλὰ
1566 2964 1692 3034 μίαν
1722 2967 1917 3038 ἀρχήν.

311 3041 763 3097 Συνελεύσεται
805 3045 936 3116 γὰρ,
974 3050 1160 3118 φησὶν,
1191 3053 1224 3104 ὁ
1255 3053 1422 3119 οἶκος
1480 3053 1667 3108 Ἰούδα
1691 3095 1705 3119 ,
1739 3057 1838 3110 καὶ
1887 3059 1921 3112 d

314 3127 491 3196 οἶκος
526 3133 790 3204 Ἰσραὴλ,
817 3139 916 3190 καὶ
945 3139 1237 3205 θήσονται
1261 3143 1496 3212 ἑαυτοῖς
1527 3147 1727 3217 ἀρχὴν
1748 3150 1917 3219 μίαν.

328 3224 390 3276 Ὀ
427 3225 608 3280 τοίνυν
639 3227 816 3299 ἀρχᾲς
848 3229 942 3283 δύο
980 3233 1288 3303 κηρύττων,
1312 3235 1405 3289 δύο
1441 3237 1608 3303 Θεούς
1637 3240 1916 3312 κηρύττει.

315 3320 430 3372 Καὶ
452 3322 480 3372 6
513 3321 754 3394 ἀναιρῶν
777 3324 878 3377 *τὸν
905 3325 1098 3394 Λόγον,
1127 3328 1222 3381 καὶ
1257 3329 1356 3400 τὴν
1379 3330 1543 3384 αὐτοῦ
1593 3333 1916 3401 ὑπόστασιν,

328 3412 668 3484 Ἰουδαῖσμδν
699 3417 1012 3486 ὑποφαίνει.
1038 3421 1305 3492 Μαρκίων
1339 3424 1449 3496 γὰρ
1476 3425 1570 3478 δύο
1590 3428 1766 3498 ἀρχὰς
1789 3428 1920 3482 ὐπο-

314 3507 502 3574 ᾳαίνει
521 3546 537 3570 ,
577 3509 778 3578 μᾶλλον
809 3510 866 3563 δὲ
897 3515 1046 3583 τρεῖς
1078 3514 1300 3577 ἑαυταῖς
1333 3517 1603 3581 ἐναντίας.
1634 3521 1695 3571 Oi
1723 3520 1779 3573 δὲ
1808 3521 1917 3575 νέοι

328 3598 602 3662 Ἰουδαῖοι,
637 3601 1008 3670 Σαμοσατίται
1038 3599 1203 3668 οὗτοι,
1235 3606 1520 3678 ἀναιροῦσι
1549 3609 1648 3679 τὴν
1681 3610 1918 3666 ὑπόστα-

317 3709 406 3745 σιν
442 3693 539 3746 τοῦ
581 3694 781 3763 Λόγου,
829 3695 916 3748 ἵνα
965 3699 1304 3768 κυριοκτόνοι
1354 3701 1448 3753 καὶ
1480 3702 1633 3754 αὐτοὶ
1670 3703 1917 3774 ἀποφαν-

316 3782 480 3848 Θῶσι,
509 3784 604 3837 καὶ
631 3786 1025 3858 ὲπαρνησίϐεοι
1063 3789 1163 3860 τῆς
1191 3792 1286 3843 τοῦ
1319 3793 1525 3864 Κυρίου
1550 3793 1709 3865 ἡμῶν
1743 3813 1916 3868 σωτη-

317 3875 447 3946 ρίας

2103 1133 2240 1189 Vlll.
2282 1135 2555 1202 Quocirca
2599 1151 2778 1206 neque
2819 1141 2928 1198 duo
2966 1138 3053 1194 Dii
3076 1145 3226 1228 sunt,
3245 1134 3410 1209 615
3440 1147 3617 1228 neque

2021 1225 2355 1288 Patresduo,
2384 1234 2567 1289 neque
2589 1223 2756 1281 Verbi
2811 1238 3046 1296 persona
3091 1222 3327 1281 tollitur,
3361 1222 3618 1284 quoniam

2026 1319 2149 1376 Filii
2180 1318 2442 1375 divinitas
2478 1331 2824 1387 nequaquam
2857 1316 2911 1368 in
2943 1329 3112 1368 unum
3147 1327 3272 1366 cum
3307 1309 3468 1363 Patre
3487 1322 3621 1362 con-

2025 1414 2208 1470 ﬂatur.
2257 1411 2379 1466 Non
2423 1411 2571 1465 enim
2620 1407 2798 1463 Filius
2841 1407 3070 1462 alterius
3107 1413 3212 1466 est,
3260 1416 3426 1473 quam
3457 1399 3621 1453 Pater

2027 1506 2392 1570 substantiae,
2436 1505 2533 1560 sed
2563 1500 3056 1558 consubstantiaiis
3106 1498 3275 1553 Patri.
3314 1495 3496 1566 Neque
3525 1509 3620 1565 po-

2025 1608 2133 1654 test
2165 1606 2261 1653 aut
2309 1595 2541 1652 alterius
2589 1609 2712 1650 esse
2758 1608 2790 1646 a
2837 1593 3088 1665 genitore
3138 1588 3486 1652 substantias,
3525 1594 3622 1640 aut

2021 1690 2272 1760 ejusdem
2306 1686 2630 1742 substantiae
2683 1699 2750 1740 ac
2785 1695 3022 1754 persona
3057 1683 3284 1737 minime
3318 1679 3616 1744 distinctae,

2027 1779 2122 1834 sed
2163 1779 2690 1836 consubstantialem
2737 1793 2897 1845 esse,
2941 1777 3020 1831 uti
3063 1775 3306 1830 diximus
3333 1814 3348 1840 ,
3378 1780 3614 1843 oportet.

2024 1868 2146 1924 iam
2182 1884 2311 1924 vero
2344 1884 2457 1923 non
2496 1868 2709 1924 idcirco
2749 1868 2896 1924 idem
2931 1883 3056 1923 esse
3087 1880 3213 1920 cum
3250 1863 3436 1928 Patre,
3468 1861 3618 1933 quod

2026 1962 2096 2017 ad
2124 1963 2426 2018 essentiam
2456 1961 2674 2027 attinet,
2705 1959 3014 2033 negandum
3045 1966 3324 2030 putamus.
3351 1955 3446 2011 Est
3469 1955 3617 2010 enim

2025 2054 2316 2110 divinitate
2357 2054 2504 2110 idem
2554 2061 2610 2110 et
2657 2053 2899 2110 essentia
2923 2068 3049 2107 cum
3083 2051 3246 2105 Patre
3275 2047 3479 2112 Filius,
3516 2062 3618 2103 nec

2025 2145 2095 2199 ab
2129 2159 2196 2200 eo
2236 2145 2528 2213 diversus,
2566 2153 2663 2199 aut
2693 2161 2760 2201 ex
2792 2145 2971 2200 aliena
3010 2143 3245 2213 quadam
3294 2140 3576 2212 bypostasr
3600 2179 3616 2205 ,

2025 2237 2122 2292 sed
2155 2254 2282 2294 vere
2299 2238 2484 2293 Patris
2515 2247 2568 2293 et
2590 2237 2855 2301 essentia,
2887 2245 2942 2291 et
2969 2235 3276 2307 hypostasi,
3309 2242 3362 2288 et
3389 2233 3619 2289 veritate

2024 2329 2223 2387 Filius.
2261 2331 2504 2388 Tametsi
2550 2347 2729 2402 neque
2770 2329 2934 2385 Pater
2970 2331 3040 2384 sit
3088 2326 3298 2391 Filius,
3331 2341 3508 2396 neque
3534 2323 3619 2380 Fi-

2023 2422 2134 2478 lius
2165 2423 2413 2480 vicissim
2444 2423 2644 2490 Pater;
2685 2423 2778 2479 sed
2815 2421 2988 2478 Filius
3025 2437 3056 2475 a
3090 2419 3252 2475 Patre
3292 2435 3482 2474 revera
3517 2435 3617 2490 ge-

2023 2515 2194 2572 nitus.
2247 2514 2327 2571 Ex
2368 2533 2479 2587 quo
2509 2518 2604 2577 iit.
2637 2526 2696 2570 ut
2749 2532 2857 2570 non
2897 2515 3009 2570 duo
3048 2513 3160 2569 sint
3210 2512 3329 2576 Dii,
3385 2511 3620 2581 Filiique

2023 2607 2167 2675 duo,
2206 2624 2315 2663 non
2359 2609 2602 2680 Spiritus
2641 2608 2820 2663 sancti
2854 2607 2998 2669 duo,
3032 2605 3127 2661 scd
3162 2619 3268 2658 una
3306 2605 3379 2659 sit
3408 2603 3463 2657 in
3493 2601 3618 2656 Tri-

2023 2699 2196 2756 nitate
2229 2699 2524 2765 divinitas,
2559 2703 2748 2766 Pater,
2777 2698 2951 2754 Filius
2980 2706 3035 2753 et
3071 2696 3313 2767 Spiritus
3354 2701 3614 2760 sanctus,

2024 2791 2293 2863 planeque
2330 2793 2826 2850 consubstantialis
2867 2790 3121 2846 exsistat.
3160 2787 3296 2842 Nam
3340 2788 3456 2842 haec
3495 2785 3616 2855 ipsa

2023 2900 2129 2938 vox
2169 2884 2644 2940 consubstantialis
2687 2899 2798 2938 non
2861 2880 3306 2952 conjunctionem
3330 2893 3394 2932 ac
3420 2877 3616 2932 cordia-

2023 2977 2229 3031 tionem
2287 2977 2572 3044 declarat;
2621 2992 2730 3031 non
2781 2977 2929 3031 enim
2973 2972 3245 3045 ejusmodi
3288 2972 3617 3027 vocabulum

2027 3083 2194 3121 unum
2248 3067 2510 3137 quiddam
2568 3068 2812 3133 indicat,
2860 3082 3041 3137 neque
3073 3065 3322 3137 germani
3382 3080 3412 3118 a
3454 3062 3618 3117 Patre

2025 3159 2147 3215 Filii
2183 3161 2552 3216 substantiam
2587 3161 2848 3224 secernit,
2887 3166 2983 3213 aut
3017 3158 3344 3229 hypostasin
3377 3156 3616 3210 alienam

2024 3252 2180 3319 facit,
2210 3262 2269 3306 ut
2299 3229 2932 3308 sibieonsubstantialis
2963 3251 3104 3306 ratio
3128 3256 3386 3304 constare
3415 3246 3612 3318 possit.

2026 3344 2307 3416 Siquidem
2349 3361 2519 3401 unum
2574 3345 3002 3410 tantummodo,
3049 3358 3158 3398 non
3199 3342 3310 3396 duo
3344 3341 3616 3412 principia

2026 3435 2249 3494 divinus
2280 3453 2464 3494 sermo
2494 3437 2776 3509 prmdicat.
2803 3435 3126 3492 Caiwenient
3149 3477 3165 3504 ,
3201 3435 3399 3505 inquit,
3426 3433 3616 3487 domus

2023 3527 2192 3590 Juda,
2226 3538 2276 3582 et
2305 3528 2493 3582 domus
2516 3527 2710 3594 Israel,
2734 3537 2783 3583 et
2820 3528 3139 3582 constituent
3174 3527 3273 3581 sibi
3293 3526 3420 3596 ipsis
3456 3525 3612 3596 prin-

2025 3622 2259 3689 cipatum
2283 3637 2447 3675 unum
2481 3622 2522 3677 ³.
2552 3621 2734 3688 Quare
2758 3621 2852 3692 qui
2886 3621 2997 3676 duo
3030 3619 3299 3691 principia
3323 3617 3576 3688 pr0ponit
3599 3657 3615 3681 ,

2027 3714 2252 3768 totidem
2304 3712 2445 3769 Deos
2502 3714 2771 3769 obtrudit.
2834 3712 3103 3784 Quisquis
3160 3722 3343 3766 autem
3373 3708 3614 3764 Verbum

2022 3804 2252 3874 ejusque
2281 3820 2576 3875 personam
2619 3806 2761 3860 tollit
2792 3823 2822 3860 e
2850 3803 3065 3871 medio,
3096 3802 3384 3858 Judaicam
3417 3799 3615 3870 impie-

2027 3901 2194 3948 tatem
2253 3893 2517 3949 ostendit.
2571 3894 2816 3949 Marcion
2865 3909 3000 3950 sane
3041 3891 3313 3963 principia
3353 3891 3494 3952 duo,
3529 3887 3616 3942 vel

313 3973 426 4026 tria
467 3971 670 4040 potius,
703 3979 758 4026 et
786 3972 1006 4043 quidem
1039 3978 1319 4031 contraria
1387 3978 1658 4044 invicem,
1731 3981 1984 4041 alIirmat.
2027 3989 2094 4040 At
2141 3988 2268 4043 novi
2294 3988 2504 4055 Judaei,
2556 3989 2940 4055 Samosateni,
2980 3987 3203 4058 inquam
3229 4029 3246 4053 ,
3278 3984 3399 4046 isti,
3449 3981 3613 4038 Verbi

313 4079 616 4136 personam
643 4064 972 4131 detrahunt,
1001 4079 1060 4122 ut
1102 4077 1156 4124 et
1191 4070 1295 4140 ipsi
1329 4071 1540 4127 Domini
1586 4075 1999 4144 interfectores,
2065 4097 2130 4136 ac
2159 4082 2294 4148 Dei,
2361 4092 2416 4140 et
2461 4084 2642 4138 allatas
2683 4085 2844 4142 nobis
2904 4099 2937 4138 a
2964 4083 3197 4139 Domino
3258 4079 3453 4138 salutis
3486 4077 3612 4135 inii-

313 4157 562 4211 ciatnres
592 4156 938 4225 habeantur.

389 4247 507 4300 Μία
533 4247 665 4314 γοῦν
693 4250 726 4318 ή
755 4247 920 4319 ἀρχὴ,
950 4250 1045 4302 καὶ
1075 4249 1135 4314 ἐξ
1157 4251 1328 4322 αὐτῆς
1358 4254 1386 4306 6
1411 4253 1537 4316 Υἱὸς
1564 4255 1726 4309 εἰκὼν
1756 4259 1912 4329 ἀκρι-

315 4335 455 4406 6ὴς,
503 4336 665 4405 φύσει
705 4339 1018 4392 ὲκτυποῦσα
1060 4343 1154 4394 τὸν
1201 4342 1328 4396 ἴδιον
1375 4343 1594 4417 Πατέρα
1626 4350 1718 4401 καὶ
1749 4348 1912 4420 ὁμοία

2091 4258 2304 4314 Maneat
2341 4260 2510 4332 igitur
2551 4277 2722 4317 unum
2766 4276 2890 4317 esse
2932 4259 3285 4332 principium,
3332 4273 3362 4313 a
3392 4275 3501 4330 quo
3528 4258 3613 4314 Fi-

2019 4351 2127 4406 lius
2182 4355 2460 4418 manarit,
2503 4355 2654 4409 velut
2696 4355 2878 4424 imago
2899 4355 3144 4424 (praedam
3175 4359 3461 4421 accurata,
3489 4369 3612 4425 qua:

313 4427 465 4480 κατὰ
495 4428 675 4481 πάντα
706 4431 928 4500 τρόπον.
963 4432 1084 4484 Ὅτι
1111 4431 1244 4494 Θεὸς
1277 4435 1339 4485 ὲκ
1376 4433 1536 4498 Θεοῦ,
1567 4438 1660 4490 καὶ
1696 4438 1817 4502 Υἱὸς
1847 4440 1910 4492 ἐκ

2023 4441 2236 4498 Patrem
2281 4459 2442 4498 suum
2488 4444 2684 4500 referat
2730 4445 2988 4514 proprie,
3030 4444 3190 4514 eique
3234 4444 3288 4498 in
3353 4445 3610 4500 omnibus

315 4521 557 4590 Πατρὺς,
585 4521 718 4584 Θεὸς
745 4521 996 4592 ἀληθινὸς
1023 4526 1086 4577 ἐκ
1115 4524 1251 4577 Θεοῦ
1280 4526 1559 4599 ἀληθινοῦ,
1593 4531 1689 4583 καὶ
1717 4531 1832 4598 φῶς
1853 4534 1916 4586 ἐκ

313 4609 520 4678 φωτὸς,
573 4610 672 4680 μία
706 4608 842 4665 οὖσα
881 4612 1092 4684 θεότης,
1127 4615 1221 4669 καὶ
1255 4617 1312 4670 ἓν
1347 4617 1586 4688 ἀξίωμα.
1626 4619 1717 4673 Διό
1746 4638 1916 4691 φησιο

310 4701 672 4771 Ποιήσωμεν
698 4701 1016 4772 ἄνθρωπον
1060 4709 1188 4760 κατ’
1216 4709 1421 4763 εἰκόνα
1455 4711 1752 4780 ἡμετέραν
1771 4753 1784 4773 ,
1817 4714 1916 4768 καὶ

311 4795 450 4846 καθ’
481 4795 786 4863 ὁμοίωσιν.
821 4795 959 4850 Οὔτε
1000 4799 1134 4853 Κατ’
1163 4801 1352 4856 εἰκόνα
1373 4803 1494 4874 σὴν,
1526 4804 1613 4858 ἵνα
1639 4804 1713 4874 μὴ
1743 4805 1912 4878 διέλῃ·

311 4886 441 4940 οὗτε
470 4886 607 4940 Κατ’
641 4888 826 4941 εἰκόνα
854 4891 1016 4962 ἐμὴν,
1046 4892 1130 4945 ἵνα
1175 4893 1249 4964 μὴ
1295 4895 1548 4966 ἀνόμοιον
1597 4899 1693 4950 καὶ
1729 4897 1914 4954 ἄνισον

309 4978 574 5051 ἁποφάνῃ
589 4995 602 5008 ·
627 4981 757 5033 κατ’
772 4982 978 5035 εἰκόνα
1007 4981 1063 5036 δὲ
1088 4984 1404 5054 ἡμετέραν·
1422 4989 1516 5041 καὶ
1539 4988 1620 5050 τὸ,
1645 4989 1910 5058 ποιήσω-

305 5087 449 5138 μεν,
503 5069 590 5122 ἵνα
629 5069 705 5140 μὴ
747 5070 1027 5144 ἀλλότριος
1131 5077 1159 5128 6
1204 5077 1393 5149 Πατὴρ
1442 5078 1550 5132 τῶν
1599 5081 1907 5151 γενομένων

310 5164 406 5217 ὑπ’
434 5160 625 5225 αὐτοῦ,
661 5163 795 5234 μηδὲ
817 5165 845 5216 6
867 5165 1182 5237 Μονογενὴς
1213 5168 1494 5240 ἀλλότριος
1523 5171 1620 5241 τῆς
1648 5171 1911 5244 δημιουρ-

307 5253 461 5321 γίας.
509 5251 672 5306 Ἀλλὰ
709 5255 738 5306 6
776 5254 963 5326 Πατὴρ
1002 5257 1099 5309 σὺν
1127 5258 1206 5328 τῷ
1237 5258 1350 5329 Υἱῷ
1383 5260 1723 5331 δημιουργεῖ,
1756 5264 1851 5316 καὶ
1882 5266 1910 5317 6

307 5347 466 5409 Υίδς,
498 5345 566 5399 δι’
596 5337 660 5398 οῦ
687 5345 757 5400 τὰ
786 5347 964 5402 πάντα
987 5349 1196 5419 γέγονε,
1236 5352 1665 5426 συνδημιουργὸς
1695 5355 1773 5426 τῷ
1799 5357 1914 5410 Πα-

2024 4533 2222 4589 similis
2273 4535 2542 4602 exsistat;
2591 4538 2853 4606 quoniam
2893 4534 3036 4591 Deus
3080 4543 3166 4591 est
3206 4552 3272 4591 ex
3320 4536 3457 4602 Deo,
3497 4547 3548 4591 et
3577 4552 3608 4590 a

2019 4624 2182 4681 Patre
2231 4627 2424 4694 Filius,
2478 4629 2623 4685 Deus
2651 4645 2814 4686 verus
2849 4629 2916 4685 de
2972 4630 3083 4684 Deo
3115 4646 3278 4693 vero,
3322 4631 3504 4685 lumen
3537 4632 3606 4686 de

2020 4718 2252 4784 lumine,
2288 4734 2395 4772 una
2428 4719 2643 4775 scilicet
2675 4719 2955 4784 divinitas,
2989 4735 3206 4790 unaque
3231 4721 3487 4789 dignitas.
3525 4721 3606 4776 Ob

2017 4805 2068 4860 id
2125 4806 2197 4861 ita
2239 4808 2533 4878 loquitur:
2588 4807 2878 4863 Faciamus
2912 4810 3175 4864 hominem
3219 4810 3286 4862 ad
3325 4811 3605 4880 imaginem

2015 4910 2254 4951 nostram
2282 4909 2330 4952 et
2361 4899 2764 4954 similitudinem
2797 4900 2840 4953 ⁵.
2871 4898 2988 4954 Non
3012 4899 3095 4953 Ad
3127 4900 3418 4970 imaginem
3447 4911 3594 4954 tuam

2016 4991 2174 5054 dixit,
2199 4993 2622 5055 ne_divisionem
2647 4993 2964 5057 induceret;
2997 5008 3173 5062 neque
3195 4992 3276 5046 Ad
3309 4993 3602 5062 imaginem

2018 5099 2215 5149 meam,
2268 5101 2337 5140 ne
2389 5084 2718 5140 dissimilem
2764 5092 2818 5139 et
2865 5085 3191 5154 inaequalem
3240 5085 3598 5150 ostenderet;

2018 5175 2113 5231 sed
2140 5175 2211 5229 ad
2253 5178 2535 5249 imaginem
2561 5187 2822 5233 nostram.
2853 5175 2991 5232 Illud
3032 5191 3182 5240 vero,
3213 5177 3500 5247 faciamus,
3533 5193 3602 5232 eo

2019 5267 2292 5334 pertinet,
2325 5284 2394 5324 ne
2442 5277 2538 5324 aut
2571 5270 2643 5324 ab
2688 5269 2758 5324 iis
2787 5283 2909 5339 quae
2949 5269 3230 5338 produxit,
3261 5269 3602 5325 abalienetur

2015 5356 2198 5424 Pater,
2227 5367 2320 5415 aut
2354 5375 2386 5415 a
2416 5358 2746 5432 procreandi
2793 5359 3078 5416 iunctione
3101 5357 3274 5418 Filius
3300 5369 3601 5416 extraneus

383 5503 400 5534 ¹
433 5501 596 5558 Joan.
637 5520 692 5570 τ,
725 5505 815 5561 51.
893 5507 915 5538 ¹
939 5503 1099 5562 Joan.
1133 5523 1255 5572 vni,
1290 5508 1376 5564 18.
1451 5510 1472 5542 ³
1498 5507 1624 5567 Ose.
1657 5525 1697 5576 ι,
1734 5511 1789 5566 5.
1861 5509 1917 5560 ‘t

2028 5555 2042 5571 .
2077 5528 2116 5580 ι,
2149 5513 2240 5570 26.

387 5657 466 5729 (8)
509 5659 664 5734 Οὐδᾲ
683 5662 1095 5734 ταυζοούσιος,
1131 5663 1281 5718 ἀλλ’
1308 5665 1649 5734 δμοούσιος.
1678 5667 1904 5724 Diﬂicile

310 5737 400 5780 est
425 5730 781 5804 ταυτοούσιον
802 5729 994 5804 Latine
1028 5734 1118 5804 sic,
1138 5729 1464 5804 exprimere,
1483 5745 1540 5790 ut
1565 5729 1634 5791 ab
1660 5754 1727 5794 eo
1750 5741 1900 5804 quod

307 5811 399 5854 est
425 5800 713 5873 ὁμοούσιον
733 5801 1060 5878 distinguas.
1087 5800 1369 5877 Signiﬁcat
1396 5815 1576 5864 autem
1593 5800 1896 5868 esseniiam

2011 5685 2073 5726 ac
2105 5671 2470 5748 substantiam
2500 5675 2577 5748 ita
2603 5675 2820 5748 penitus
2845 5674 3115 5748 eamdem,
3141 5683 3202 5732 ut
3237 5690 3307 5732 ne
3333 5685 3597 5748 persona-

2008 5757 2129 5799 rum
2158 5743 2379 5814 quidem
2405 5743 2704 5803 discrimen
2726 5745 3002 5804 admittat.
