4076 6392
439 299 512 356 τι
1835 301 1902 372 s.
1941 301 2284 358 EPIPIIANII
3650 299 3722 356 es

439 425 679 490 putetur.
721 417 788 472 At
824 435 956 476 vero
991 420 1156 477 Pater
1183 439 1292 478 una
1325 437 1448 476 cum
1485 422 1654 494 616
1702 421 1845 477 Filio
1873 423 2029 478 moli-

2133 425 2256 495 τρὶ,
2288 425 2382 478 καὶ
2417 423 2504 478 διὰ
2534 423 2591 477 τὸ
2625 424 2682 490 ἐξ
2721 423 2886 478 αὐτοῦ
2917 423 3278 496 γεγεννῆσθαι
3319 422 3410 475 τὸν
3445 423 3606 488 Υίδν,
3639 417 3721 486 εἷς

437 521 562 578 tur;
599 510 771 568 Filius
797 513 957 578 item,
991 531 1090 586 per
1121 532 1282 585 quem
1319 515 1460 569 facta
1495 523 1626 570 sunt
1665 516 1868 580 omnia,
1899 531 2029 586 Ope-

2137 517 2270 580 Θεὸς
2302 517 2503 578 τέλειος
2531 518 2594 568 ὲκ
2631 516 2836 570 τελείου
2879 515 3125 588 Πατρὺς,
3159 517 3254 568 καὶ
3287 513 3475 586 Πατὴρ
3516 514 3719 578 τέλειος

439 603 522 659 ris
557 611 613 657 et
641 605 759 675 ipse
793 622 920 660 cum
957 607 1120 662 Patre
1163 616 1249 662 est
1283 608 1501 662 artifex.
1543 605 1682 661 Tum
1713 608 1841 678 quia
1861 606 2029 662 Filius

2137 611 2344 664 τελείου
2378 608 2510 662 Υἱοῦ
2533 651 2547 674 ,
2577 609 2678 678 τῆς
2711 611 2987 680 πατρικῆς
3017 609 3347 681 τελειότητος
3375 609 3590 679 ἔχοντος
3621 607 3719 678 τὴν

441 695 635 750 abillo
679 698 900 768 genitus
945 708 1062 763 est,
1119 717 1264 755 unus
1307 699 1694 770 perfectusque
1731 698 1874 755 Deus
1901 741 1916 764 ,
1961 716 2030 755 ex

2137 703 2356 767 εἰκόνα,
2405 700 2568 754 εἰκὼν
2611 700 2747 754 Θεοῦ
2793 703 2888 756 τοῦ
2935 703 3206 772 ἀοράτου,
3253 703 3315 755 ού
3369 700 3717 772 παράδειγμα

441 787 604 844 Patre
649 791 890 860 perfecto
925 833 938 856 ,
987 803 1040 848 et
1078 793 1304 863 perfecti
1340 793 1460 846 Filii
1511 793 1786 864 perfectus
1831 792 2027 858 Pater;

2135 797 2362 859 εἰκόνος,
2393 796 2492 848 οὐκ
2517 793 2679 846 εἰκὼν
2707 795 2942 859 εἰκόνος,
2973 797 3074 848 οὐκ
3107 797 3377 866 ἀνόμοιος,
3409 794 3524 848 ἀλλ’
3553 792 3716 847 εἰκὼν

441 880 536 948 qui
567 883 787 949 quidem
816 892 1056 953 paternae
1085 885 1434 955 perfectionis
1466 887 1758 958 imaginem
1791 887 2022 954 obtinet,

2133 888 2228 940 τοῦ
2260 885 2493 958 Πατρὸς,
2531 886 2616 938 ἵνα
2645 886 2704 938 τὸ
2731 887 3150 958 ἀπαράλλακτον
3183 886 3328 958 δείξῃ
3362 887 3460 958 τῆς
3489 885 3598 941 ἀπὸ
3620 884 3714 939 τοῦ

443 970 626 1040 imago
657 971 880 1029 minime
903 977 1257 1046 aspectabilis
1287 977 1402 1039 Dei,
1425 993 1532 1032 non
1565 977 1820 1048 imaginis
1842 993 2027 1032 exem—

1850 993 2027 1032 exem—
2135 979 2374 1050 ἀνάρχου
2407 979 2504 1032 καὶ
2535 978 2764 1049 ἀχρόνου
2798 979 3101 1050 γεννήσεως
3127 981 3184 1032 έν
3210 977 3460 1050 ἀληθείᾳ.

439 1066 615 1135 plum,
651 1083 829 1139 neque
853 1071 1109 1142 imaginis
1133 1073 1334 1144 imago,
1371 1089 1551 1144 neque
1576 1073 1896 1140 dissimilis;
1937 1075 2031 1130 sed
2075 1075 2258 1147 imago
2297 1077 2497 1144 Patris,
2565 1084 2626 1132 ut
2681 1077 3024 1134 verissimam
3055 1075 3202 1128 illam
3247 1088 3278 1128 a
3318 1072 3480 1129 Patne
3507 1070 3718 1144 princi-

440 1161 514 1230 pii
547 1177 610 1216 ac
655 1165 918 1232 temporis
955 1175 1178 1234 experte
1230 1167 1638 1234 generationem
1687 1166 1840 1220 nulla
1889 1167 1942 1219 in
1973 1182 2032 1222 re
2064 1168 2272 1222 variam
2305 1169 2740 1243 dissimilemque
2763 1175 3113 1225 monstraret.

511 1257 876 1323 Quamobrem
910 1259 1090 1331 imago
1121 1260 1300 1316 Patris
1327 1271 1410 1316 est
1459 1261 1648 1317 Filius.
1687 1259 1822 1315 Nam
1853 1270 1909 1317 et
1937 1277 2026 1316 re-

2206 1266 2383 1320 Εἱκὼν
2409 1269 2588 1321 τοίνυν
2618 1269 2646 1321 ὁ
2679 1268 2809 1330 Υἱὸς
2845 1265 2940 1319 τοῦ
2970 1265 3202 1335 Πατρός.
3249 1261 3358 1316 Καὶ
3395 1260 3505 1333 γὰρ
3543 1262 3636 1316 καὶ
3667 1262 3721 1314 οξ

439 1365 536 1420 ges
581 1365 679 1419 pro
721 1365 788 1404 eo
831 1351 979 1420 quod
1025 1353 1317 1422 imaginem
1366 1353 1605 1419 habent,
1655 1369 1766 1408 non
1816 1352 2028 1408 idcirco

2139 1361 2377 1432 βασιλεῖς
2422 1363 2483 1414 οὐ
2517 1362 2604 1416 διὰ
2645 1361 2706 1414 τὸ
2749 1360 2895 1430 ἔχειν
2944 1359 3128 1412 εἰκόνα
3160 1357 3252 1410 δύο
3297 1356 3404 1410 εἰσὶ
3439 1355 3721 1424 βασιλεῖς,

439 1455 596 1512 reges
633 1441 742 1496 duo
796 1453 965 1507 sunt,
1009 1443 1104 1498 sed
1155 1461 1300 1500 unus
1344 1461 1438 1500 rex
1479 1459 1565 1502 est
1602 1446 1874 1529 duntaxat
1902 1461 2028 1502 cum

2137 1453 2272 1507 ἀλλὰ
2324 1453 2578 1524 βασιλεὺς
2626 1448 2708 1516 εἷς
2757 1454 2854 1506 σὺν
2896 1453 2963 1522 τῇ
3015 1451 3188 1504 εἰκόνι
3245 1449 3365 1520 (είς
3415 1448 3715 1518 βασιλεῖς).

439 1533 679 1602 imagine
707 1550 828 1588 sua.
876 1533 986 1598 Nec
1034 1551 1202 1590 unum
1235 1536 1493 1607 quiddam
1522 1545 1610 1594 est
1647 1537 1868 1593 duabus
1894 1553 2030 1592 con-

2137 1547 2273 1616 Οὐχὶ
2295 1547 2353 1600 ἓν
2387 1564 2440 1600 τι
2474 1548 2538 1600 ἐκ
2579 1546 2672 1600 δύο
2707 1544 2892 1617 μερῶν
2925 1543 3114 1607 ἀτελὲς
3155 1543 3428 1613 ὑπάρχον’
3467 1541 3602 1594 ἀλλὰ
3629 1540 3723 1594 τέ-

439 1633 598 1680 stans
633 1625 885 1696 partibus
926 1627 1334 1698 imperfectum.
1376 1627 1574 1684 Verum
1613 1629 1889 1700 perfectus
1925 1628 2028 1682 Pa-

2135 1639 2276 1702 λειος
2321 1641 2350 1692 ὁ
2397 1639 2605 1710 Πατὴρ,
2652 1639 2856 1702 τέλειος
2915 1639 2944 1689 ὁ
2985 1637 3145 1700 Υἱὸς,
3195 1636 3398 1690 τέλειον
3450 1634 3511 1687 τὸ
3565 1633 3723 1704 ἆγιον

441 1727 548 1782 ter,
583 1719 860 1788 perfectus
907 1718 1117 1786 Filius,
1163 1721 1440 1791 perfectus
1493 1720 1731 1791 Spiritus
1779 1731 2024 1778 sanctus.

2135 1729 2381 1800 Πνεῦμα.
2431 1729 2578 1799 Ἐγὼ
2613 1730 2722 1798 γὰρ
2759 1729 2828 1782 ἐν
2855 1727 2935 1792 τῷ
2971 1728 3179 1795 Πατρί·
3213 1727 3312 1796 οὐχ
3349 1725 3424 1788 ὡς
3457 1723 3614 1793 λόγος
3661 1725 3719 1776 ὲν

441 1809 556 1880 Ego
589 1811 752 1878 enim,
788 1811 988 1881 inquit,
1023 1815 1078 1865 in
1107 1812 1270 1867 Patre
1305 1815 1344 1880 ¹,
1384 1830 1490 1867 non
1521 1813 1589 1867 ad
1622 1829 1746 1869 eum
1785 1815 2028 1877 modum,

2135 1795 2334 1894 καρδίᾳ
2364 1795 2653 1892 ἀνθρώπου
2679 1795 2696 1851 ί
2734 1819 2870 1876 ἀλλὰ
2905 1820 3124 1889 Πατέρα
3161 1795 3382 1890 οἴδαμεν
3407 1818 3596 1889 νοητὸν
3623 1819 3721 1872 σὺν

439 1921 552 1974 quo
577 1905 632 1958 in
665 1905 903 1960 hominis
935 1905 1103 1959 corde
1143 1921 1326 1960 sermo
1355 1916 1440 1960 cst
1461 1947 1474 1970 ,
1505 1905 1601 1960 sed
1637 1907 2030 1977 intelligibilem

2136 1913 2270 1985 Υίῷ,
2317 1915 2410 1968 καὶ
2445 1913 2572 1967 Υίὸν
2615 1913 2722 1967 ἀπὸ
2754 1913 2969 1983 Πατρὸς
3009 1911 3428 1981 γεγεννημένον.
3475 1909 3587 1962 Καὶ
3621 1909 3721 1980 οὐχ

440 2014 567 2054 cum
611 1997 752 2051 Filio
781 1997 1000 2053 Patrem
1027 2007 1080 2054 et
1113 1997 1308 2053 Filium
1344 2015 1370 2052 a
1403 1999 1564 2054 Patre
1605 2001 1848 2070 genitum
1883 2015 2034 2054 asse-

2134 2007 2210 2070 ὼς
2248 2009 2304 2058 ὲν
2332 2005 2604 2077 ἀνθρώπῳ
2641 2004 2810 2059 έλθὼν
2831 2007 2910 2068 εἰς
2937 2006 3251 2075 οἰκητήριον
3279 2004 3306 2055 ό
3331 2002 3474 2066 θεῖος
3511 2002 3680 2070 Λόγος
3701 2016 3719 2033 ⁸

441 2091 638 2146 rimus.
685 2089 1042 2160 Nequaquam
1082 2107 1213 2145 vero
1263 2091 1408 2146 Deus
1447 2092 1535 2146 ille
1557 2089 1797 2146 Verbum
1842 2090 1896 2144 in
1930 2092 2032 2145 ho-

2135 2099 2229 2152 καὶ
2268 2098 2406 2170 μετὰ
2440 2099 2502 2152 τὸ
2534 2096 2894 2169 γεγεννῆσθαι
2937 2097 3172 2166 ὀφθέντα
3214 2098 3270 2148 ἐν
3305 2095 3454 2166 αὐτῷ
3481 2095 3571 2148 τὸν
3613 2093 3721 2146 Λό-

443 2181 647 2234 Iniucm
683 2181 834 2236 velut
867 2181 922 2234 in
953 2181 1294 2236 domicilium
1330 2181 1604 2251 quoddam
1641 2182 1810 2236 subiit
1847 2201 1860 2235 :
1896 2181 2032 2238 adeo

2134 2209 2250 2259 γον.
2279 2193 2374 2245 καὶ
2404 2189 2565 2244 πάλιν
2590 2193 2648 2242 ὲν
2680 2190 2800 2260 Θεῷ
2827 2190 3140 2261 ὑπάρχοντα
3174 2188 3307 2253 ἄνω,
3335 2188 3410 2250 ὡς
3435 2191 3491 2241 ἐν
3523 2187 3723 2259 καρδίᾳ

445 2279 528 2330 ut,
565 2281 923 2342 posteaquam
955 2271 1120 2326 homo
1142 2272 1361 2342 genitus
1395 2280 1498 2339 est,
1533 2273 1852 2342 apparuerit
1885 2273 1939 2325 in
1969 2289 2033 2327 eo

2135 2285 2423 2356 ἀνθρώπου
2449 2285 2625 2352 λόγος.
2651 2283 2834 2337 Ταῦτα
2856 2282 2965 2350 γὰρ
2981 2283 3080 2352 τῆς
3101 2281 3192 2335 τοῦ
3218 2283 3470 2352 δαίμονος
3491 2281 3516 2332 ὲ
3525 2281 3723 2352 μϐρον-

443 2361 709 2427 Verbum,
741 2362 890 2434 quod
934 2363 988 2416 in
1029 2365 1170 2418 cmlo
1211 2372 1474 2433 pra-terea
1520 2363 1601 2417 sic
1629 2403 1643 2427 ,
1676 2372 1936 2434 tanquam
1979 2364 2032 2417 in

2134 2377 2344 2450 τήσεώς
2378 2380 2514 2443 ἐστι,
2551 2379 2644 2430 καὶ
2682 2376 3104 2448 έπαρνησιθείας
3151 2377 3332 2445 πάσης
3367 2373 3558 2445 ἔχοντα
3595 2373 3723 2438 τοὺς

444 2453 688 2510 hominis
717 2453 883 2509 corde
914 2469 1096 2510 sermo
1121 2496 1136 2520 ,
1177 2456 1384 2510 inesset
1421 2455 1476 2509 in
1510 2454 1695 2510 Patre.
1727 2455 1854 2510 llaec
1887 2457 2033 2510 enim

914 2469 1096 2510 sermo
1121 2496 1136 2520 ,
1177 2456 1384 2510 inesset
1421 2455 1476 2509 in
1510 2454 1695 2510 Patre.
1727 2455 1854 2510 llaec
1887 2457 2033 2510 enim
2137 2471 2509 2542 χαρακτῆρας,

443 2547 698 2619 dogmata
751 2565 820 2604 ex
879 2547 1088 2602 furioso
1139 2547 1405 2604 daemonis
1453 2548 1634 2603 afﬂatu
1681 2549 2030 2619 prodierunt,

443 2641 813 2712 abnegatique
839 2641 1088 2696 funditus
1115 2639 1209 2696 Dei
1237 2649 1396 2696 notas
1420 2657 1531 2712 prae
1561 2657 1621 2697 se
1650 2641 1854 2698 ferunt.

515 2733 607 2788 IX.
647 2735 784 2790 Cum
825 2735 990 2804 igitur
1016 2749 1189 2804 pauca
1220 2733 1359 2798 inec,
1390 2750 1512 2805 quae
1542 2734 1810 2789 hactenus
1843 2733 2036 2804 dispu—

2207 2751 2282 2806 Θ’.
2316 2750 2500 2804 Ταῦτα
2528 2749 2584 2803 δὲ
2617 2747 2687 2802 τὰ
2713 2748 2868 2818 ὀλίγα
2889 2747 3027 2820 πρὸς
3061 2745 3156 2816 τὴν
3183 2747 3372 2798 τούτου
3399 2744 3609 2814 αἵρεσιν
3629 2759 3713 2797 κα·

444 2827 724 2894 lavimus,
775 2827 842 2880 ad
898 2828 1047 2882 illius
1097 2825 1492 2881 confutandam
1541 2827 1794 2882 haeresim
1842 2828 2034 2882 idonea

2135 2841 2243 2904 λῶς
2263 2841 2406 2912 ἔχειν
2435 2841 2828 2910 δοκιμάσαντες
2853 2856 2866 2868 ·
2897 2837 2958 2890 ού
2995 2835 3262 2907 δυσχερὴς
3293 2835 3400 2906 γὰρ
3448 2835 3480 2904 ἡ
3511 2832 3723 2886 τούτων

443 2933 570 2974 esse
629 2917 971 2988 iudicemus;
1024 2933 1200 2986 neque
1246 2919 1394 2972 enim
1448 2927 1764 2988 cxpugnatu
1803 2918 2034 2974 dillicilis

2135 2933 2402 3004 δύναμις,
2442 2931 2566 2985 οὕτε
2621 2931 2695 3002 μὴ
2747 2929 3018 3000 δυναμένη
3060 2929 3167 2981 ὑπὸ
3213 2928 3430 2980 πάντων
3485 2923 3722 2978 συνετῶν

445 3009 664 3064 illorum
705 3011 788 3065 vis
818 3023 932 3075 est,
967 3026 1070 3064 nec
1097 3011 1392 3081 ejusmodi,
1432 3011 1660 3067 minime
1700 3020 1761 3065 ut
1795 3012 2036 3082 pruden—

2137 3025 2572 3095 ἀνατρέπεσθαι’
2611 3023 2691 3077 διὸ
2717 3023 2810 3076 καὶ
2837 3021 3027 3074 τούτου
3065 3019 3164 3082 τὰς
3214 3017 3370 3091 ῥίζας
3403 3016 3510 3070 τῶν
3553 3017 3723 3069 ἀκαν-

445 3101 593 3158 tibus
611 3103 866 3157 omnibus
898 3103 1074 3172 possit
1104 3103 1309 3170 everti;
1339 3119 1485 3172 cum,
1507 3106 1753 3174 inquam,
1789 3105 2036 3160 veritatis

2139 3118 2248 3172 θῶν
2274 3118 2596 3188 ἐκτεμόντες
2617 3115 2693 3187 τῷ
2719 3117 2820 3186 τῆς
2847 3114 3102 3184 ἀληθείας
3132 3110 3449 3183 κηρύγματι
3481 3109 3574 3163 καὶ
3601 3124 3723 3180 φρο-

445 3193 699 3262 dogmate
728 3194 1093 3265 doctrinaque
1124 3195 1411 3264 spinarum
1460 3195 1608 3250 illius
1637 3181 1854 3251 radices
1886 3197 2035 3251 exci-

2141 3159 2245 3172 VW'
2274 3159 2592 3188 *η’-Τυνυντ
2627 3159 2691 3187 "r
2731 3159 2815 3186 --ιν
2847 3159 3100 3184 -ν-Ί---νυυ
3135 3159 3445 3183 --Ἱι-νιι--νν
3483 3159 3572 3163 ηνη
3615 3159 3661 3180 ,ιν

2138 3213 2363 3282 νήματι,
2397 3211 2492 3264 καὶ¹
2519 3209 2611 3262 τὸν
2643 3209 2740 3274 ἱὸν,
2767 3207 2842 3269 ὡς
2873 3209 3067 3268 εἰπεῖν,
3093 3203 3518 3264 ἀποσϐέσαντες,
3549 3199 3644 3253 καὶ
3667 3197 3725 3251 τὸ

443 3285 709 3353 derimus,
743 3287 1007 3357 ejusque,
1048 3295 1107 3340 ut
1147 3287 1222 3340 ita
1257 3287 1438 3340 dicam
1461 3328 1476 3351 ,
1509 3287 1664 3343 virus
1704 3287 2033 3344 exstinxeri-

2136 3305 2462 3376 δηλητήριον
2499 3303 2688 3356 τούτου
2731 3299 3131 3370 προδείξαντες,
3173 3297 3265 3350 τὸν
3297 3295 3514 3366 ἀρωγὸν
3545 3296 3727 3347 ἐπικε-

445 3393 590 3443 mus,
625 3394 690 3432 ac
725 3379 994 3432 letiferum
1050 3378 1200 3432 illius
1247 3393 1520 3432 venenum
1571 3379 2032 3448 patefecerimus,

2138 3397 2400 3468 κλημένοι
2433 3397 2528 3449 σὺν
2557 3393 2672 3464 Υἱῷ
2705 3391 2949 3463 Πατέρα,
2981 3391 3070 3445 τὸν
3096 3390 3265 3454 ὅντως
3290 3388 3442 3466 ὄντα,
3473 3387 3568 3440 καὶ
3599 3385 3726 3439 Υἱδν

445 3477 736 3540 postquam
783 3470 996 3524 scilicet
1029 3469 1415 3539 opitulatorem
1447 3485 1574 3524 cum
1617 3467 1761 3524 Filio
1791 3469 2032 3538 Patrem,

2137 3467 2308 3552 ὅντως
2381 3486 2745 3542 ὲνυπόστατον
2804 3483 3236 3553 γεγεννημένον,
3305 3481 3400 3534 καὶ
3453 3479 3516 3532 τὸ
3569 3478 3727 3546 ἅγιον

445 3563 540 3630 qui
579 3578 705 3618 vere
748 3571 854 3625 est,
903 3565 1322 3628 invocavimus,
1355 3572 1410 3618 et
1453 3563 1653 3618 Filium
1691 3581 1816 3621 vere
1861 3565 2037 3622 subsi-

2138 3579 2366 3650 Πνεῦμα
2413 3578 2474 3632 τὸ
2519 3575 2686 3632 αὐτοῦ
2725 3576 2950 3646 Πνεῦμα
2989 3573 3376 3636 ἐνυπόστατον,
3423 3571 3519 3624 καὶ
3555 3570 3729 3639 σωτή-

447 3663 702 3719 steutem,
735 3671 798 3709 ac
823 3656 1064 3726 genitum
1084 3695 1100 3721 ,
1137 3671 1350 3711 necnon
1395 3664 1450 3711 et
1480 3655 1742 3727 Spiritum
1784 3667 2032 3712 sanctum

2141 3689 2255 3743 ριον
2288 3671 2388 3740 τῆς
2414 3669 2746 3739 οἰκονομίας,
2777 3668 2878 3738 τῆς
2909 3666 3176 3737 ἐνσάρκου
3206 3663 3608 3736 πραγματείας,
3638 3660 3729 3714 διὰ

448 3747 837 3802 subsiStentem
868 3749 989 3816 ejus
1021 3747 1285 3818 Spiritum
1313 3764 1376 3803 ac
1405 3749 1720 3814 salutarem,
1755 3750 2036 3820 totiusque

2139 3760 2232 3815 τοῦ
2269 3761 2528 3830 τροπαίου
2559 3759 2652 3812 τοῦ
2677 3758 2818 3812 κατὰ
2847 3758 3096 3819 θάνατον,
3125 3755 3218 3808 τοῦ
3251 3752 3519 3824 σταυροῦ,
3559 3752 3725 3822 φημὶ,

449 3837 598 3894 illius
622 3837 1114 3894 administrationis
1130 3855 1192 3894 ac
1214 3848 1484 3910 suscepta:
1505 3841 1689 3895 carnis
1716 3850 1995 3896 auctorem
2017 3857 2031 3905 ;

2137 3855 2236 3926 τὴν
2278 3852 2519 3922 κεφαλὴν
2551 3850 2740 3904 τούτου
2783 3849 3061 3920 ῥήξαντες,
3108 3846 3201 3899 τοῦ
3253 3845 3569 3916 ζητήματος
3617 3843 3729 3896 τῶν

447 3932 770 4002 quaestionis
822 3933 892 3988 ab
926 3933 1084 3988 novis
1129 3933 1237 3988 illis
1277 3931 1482 3990 Iudaeis
1527 3935 1822 4004 proposita:
1861 3935 2037 4004 capite

2139 3945 2273 3999 νέων
2315 3942 2579 3996 Ἰουδαίων
2599 3982 2612 4006 ,
2641 3939 2734 3994 ἐπὶ
2764 3940 2861 4002 τὰς
2896 3939 3022 4007 ἑξῆς
3057 3937 3247 4008 ἴωμεν,
3277 3929 3323 3990 ὦ
3357 3933 3653 4006 ἀγαπητοί.

448 4039 547 4093 per
578 4025 772 4080 mortis
802 4033 1065 4094 tropaeum
1096 4065 1111 4088 ,
1162 4041 1384 4081 crucem
1412 4026 1644 4092 scilicet,
1676 4026 2034 4092 comminuto,

449 4116 517 4170 ad
554 4117 794 4187 reliquas
830 4125 1196 4172 transeamus.

519 4206 790 4262 Caeterum
839 4210 1039 4279 viperae
1080 4209 1356 4280 quoddam
1398 4226 1571 4281 genus
1614 4219 1728 4277 est,
1783 4211 2036 4281 dryinam

2211 4211 2440 4282 Δρυῖνας
2465 4208 2574 4279 γάρ
2607 4225 2692 4272 τις
2721 4207 2832 4280 ἔχις
2859 4207 3001 4260 οὕτω
3037 4206 3344 4278 καλουμένη
3379 4205 3554 4276 τούτῳ
3585 4204 3730 4258 ἔοικε

453 4309 694 4366 vocant,
760 4300 836 4354 illi
869 4302 1096 4356 haeresis
1143 4303 1415 4356 conditori
1472 4319 1636 4372 quam
1666 4305 2036 4359 simillimum.

2140 4305 2218 4376 τῷ
2243 4305 2589 4376 αἱρεσιάρχῃ,
2637 4303 2726 4365 Ὧς
2766 4301 2989 4372 δρυΐναις
3023 4300 3241 4368 λέγεται
3277 4300 3376 4370 μὲν
3415 4294 3554 4351 εἶναι
3592 4297 3729 4367 ἔχις,

450 4392 604 4460 Quod
637 4401 695 4446 ut
741 4394 1035 4464 plurimum
1067 4395 1122 4448 in
1167 4395 1351 4452 herbis
1396 4405 1491 4450 aut
1541 4397 1858 4466 quercubus
1903 4397 2040 4450 deli-

2145 4397 2296 4468 παρὰ
2337 4395 2519 4458 δὲτὰς
2555 4393 2775 4461 πόας,ἦ
2827 4393 2920 4444 καὶ
2951 4390 3116 4461 δρῦας
3163 4389 3471 4462 ὲμφωλεύει
3513 4389 3733 4458 συνεχέ-

425 4479 617 4540 ⁷ῑειερὶι
672 4485 840 4557 [mide
871 4487 921 4540 ei
947 4487 1154 4558 dryinae
1183 4503 1383 4543 nomen
1415 4497 1520 4556 est,
1545 4503 1612 4542 eo
1641 4488 1786 4558 quod
1814 4487 2035 4542 arbores

2147 4505 2350 4542 στατα·
2393 4485 2474 4539 διὸ
2503 4485 2597 4538 καὶ
2636 4483 2856 4554 δρυΐνας
2894 4481 3158 4548 καλεῖται,
3185 4480 3296 4534 ἀπὸ
3347 4479 3441 4532 τοῦ
3489 4478 3731 4549 φιλόδεν-

451 4585 802 4634 consectetur
843 4587 1006 4648 atque
1049 4579 1193 4633 inter
1228 4579 1357 4634 folia
1393 4596 1514 4650 quae
1549 4597 1614 4635 ex
1662 4581 1856 4634 arbore
1890 4579 2036 4632 deci-

2146 4583 2272 4652 δρον
2322 4578 2452 4631 αὐτὸ
2505 4573 2678 4639 εἶναι,
2715 4575 2810 4629 καὶ
2851 4575 3012 4628 έαυτὸ
3053 4571 3410 4642 παρεικάζειν
3457 4571 3733 4642 ἅναμέσον

449 4671 588 4727 dunt
629 4673 849 4742 jaceus,
886 4671 1048 4742 617
1087 4673 1354 4742 cujusque
1395 4673 1450 4726 in
1484 4689 1544 4728 se
1588 4673 1918 4727 viriditatem
1945 4687 2041 4726 ex-

2147 4673 2257 4726 τῶν
2281 4673 2348 4724 ὲκ
2373 4670 2481 4724 τῶν
2503 4669 2734 4740 δένδρων
2776 4665 3116 4738 ῥιπτομένων
3141 4665 3355 4734 φύλλων
3392 4667 3460 4734 τῇ
3498 4664 3732 4716 ἑκάστου

451 4762 698 4836 primat,]
732 4779 795 4818 ac
827 4763 951 4817 licet
979 4780 1087 4818 non
1121 4766 1256 4820 adeo
1291 4767 1548 4821 acerbum
1581 4765 1826 4818 dolorem
1859 4764 2042 4818 inurat

2147 4761 2480 4834 χλωρότητι·
2515 4759 2575 4812 οὐ
2613 4757 2867 4811 τοσοῦτον
2893 4757 2950 4809 δὲ
2999 4751 3134 4808 εἶναι
3169 4754 3425 4823 ὀδυνηρὸν
3463 4752 3524 4804 τὸ
3557 4752 3730 4816 ζῶονο

453 4859 557 4912 hoc
596 4857 819 4922 animal,
854 4865 1038 4912 tamen
1072 4859 1118 4913 si
1152 4857 1363 4914 diutius
1397 4859 1550 4911 virus
1593 4855 1918 4922 adha’serit,
1957 4857 2037 4910 le-

2147 4854 2243 4906 ὲὰν
2275 4852 2332 4905 δὲ
2376 4849 2632 4922 ὲπιμείνῃ
2652 4887 2667 4912 ,
2699 4848 2926 4901 θάνατον
2955 4847 3202 4917 ἐμποιεῖν
3227 4861 3240 4874 ·
3276 4843 3450 4907 οὕτως
3489 4843 3599 4913 γὰρ
3641 4841 3734 4894 καὶ

453 4961 570 5005 tum
617 4949 772 5004 affert
815 4949 1048 5005 :eodem
1087 4966 1317 5020 prorsus
1349 4950 1514 5004 modo
1561 4948 1852 5020 haereticus
1900 4946 2036 5012 iste,

2147 4939 2322 5008 οὗτος,
2351 4944 2446 4997 καὶ
2478 4943 2513 5014 ή
2540 4943 2634 4995 ἀπ’
2661 4940 2827 4994 αὐτοῦ
2853 4939 3064 5009 αἵρεσις
3091 4937 3308 4990 πάντων
3335 4934 3588 5004 ἀριθμῶν
3615 4935 3735 4986 ἑαυ-

454 5059 578 5098 cum
620 5051 770 5097 secta
807 5057 907 5097 sua
941 5041 1006 5112 ad
1047 5043 1234 5096 omnia
1266 5057 1388 5097 sese
1422 5056 1619 5112 genera
1660 5041 2038 5096 institutorum

2147 5037 2238 5092 τὸν
2277 5035 2664 5100 ἀπεικάζεται.
2718 5030 2956 5103 Χριστοῦ
3009 5030 3106 5101 μὲν
3151 5029 3325 5097 ὄνομα
3361 5026 3733 5096 ἐνδεδυμένος,

452 5135 758 5204 applicans,
789 5133 858 5188 iis
899 5149 958 5188 se
979 5108 1154 5202 .quam
1206 5108 1544 5189 simillimum
1585 5131 1786 5197 eliicit;
1825 5147 1949 5186 nam
1987 5137 2042 5185 et

2161 5128 2426 5182 Ἰουδαίων
2461 5127 2518 5180 δὲ
2555 5126 2618 5179 τὸ
2647 5125 2903 5196 φρόνημα
2935 5120 3371 5192 ἐπανῃρημένος,
3396 5119 3568 5186 Λόγον
3596 5119 3735 5188 Χρι-

453 5227 662 5282 Christi
712 5226 818 5280 sibi
849 5226 1270 5296 appellationem
1314 5227 1609 5296 imposuit,
1641 5232 1695 5279 et
1724 5223 2038 5278 Iudaeorum

2151 5219 2274 5273 στὸν
2301 5218 2599 5290 ὁμολογῶν,
2627 5220 2727 5270 οὐκ
2755 5216 2884 5270 ὄντα
2906 5215 2962 5267 δὲ
2993 5214 3180 5266 τοῦτον
3202 5211 3599 5282 διανοούμενος.
3625 5212 3737 5264 Καὶ

455 5320 711 5388 d0gmata
748 5319 1066 5386 profitetur;
1093 5325 1148 5373 et
1173 5333 1298 5372 cum
1334 5316 1572 5373 Verbum
1605 5331 1727 5372 esse
1755 5316 2041 5370 Christum

2149 5315 2207 5366 ὲν
2243 5312 2456 5374 πολλοῖς
2499 5309 2690 5364 ἑαυτὸν
2737 5306 3086 5378 θριαμϐεύων
3117 5307 3216 5358 οὐκ
3269 5303 3608 5374 αἰσχύνεται.
3657 5297 3734 5356 υῦ

458 5409 712 5473 fateatur,
745 5425 856 5464 non
886 5425 1010 5464 eum
1045 5419 1228 5465 tamen
1269 5426 1391 5466 esse
1415 5450 1430 5475 ,
1473 5425 1658 5465 secum
1707 5409 1890 5464 animo
1930 5417 2044 5464 sta-

2151 5407 2246 5460 κα“ι
2273 5405 2370 5475 τὴν
2408 5401 2671 5457 δοκοῦσαν
2708 5399 3076 5464 διδασκαλίαν,
3112 5399 3320 5468 πλάνην
3362 5397 3420 5450 δὲ
3449 5394 3638 5460 οὖσαν,
3677 5401 3739 5449 ὲν

461 5501 582 5556 tuit.
617 5499 863 5571 Denique
885 5504 940 5557 in
980 5503 1256 5572 plerisque
1295 5517 1354 5557 se
1387 5501 1508 5558 sine
1543 5501 1654 5556 ullo
1693 5502 1902 5572 pudore
1934 5509 2043 5555 tra-

2151 5499 2228 5570 τῷ
2266 5498 2576 5568 ὑποδήματι
2623 5496 2716 5550 τοῦ
2763 5495 2998 5567 Χριστοῦ
3037 5493 3598 5563 καταπεπατηκότες,
3640 5495 3735 5546 καὶ

457 5593 628 5650 ducit.
661 5595 834 5665 Cujus
864 5612 966 5652 nos
994 5598 1270 5666 doctrina,
1297 5598 1410 5656 sive
1435 5596 1619 5669 potius
1646 5611 1857 5664 errore,
1890 5595 2045 5652 Chri-

2151 5596 2217 5665 τῇ
2257 5591 2420 5664 σμίλῃ
2451 5594 2515 5663 τῇ
2542 5591 2760 5662 ἰατρικῇ
2795 5589 2888 5643 τοῦ
2925 5587 3262 5656 Εὐαγγελίου
3294 5587 3418 5651 τοὺς
3464 5585 3733 5657 δεδηγμέ-

536 5753 551 5784 ¹
580 5747 740 5808 Joan.
781 5767 892 5822 xxv,
925 5753 1009 5807 l0.
