4076 6392
443 337 505 393 τι
1873 336 1931 393 s.
1976 335 2319 392 EPll’llANIl
3138 301 3149 311 ’
3659 333 3740 393 se

444 452 625 509 monis
665 450 893 521 appulsa
921 451 1078 508 navis
1103 467 1296 508 aurum
1340 452 1672 521 advehebat,
1709 463 1764 510 et
1797 454 2058 526 elephano

2161 455 2306 506 ἐστὶν
2337 454 2393 506 ἐν
2423 455 2488 524 τῇ
2519 451 2642 522 θείᾳ
2666 451 2858 523 Γραφῇ
2885 450 3060 504 Λίλῶν
3082 466 3095 478 ·
3126 448 3254 504 ἔνθα
3281 466 3383 503 που
3415 449 3450 520 ἡ
3482 447 3612 514 ναῦς
3639 451 3738 502 Σο-

444 546 592 600 tinos
626 542 838 607 dentes,
886 552 942 599 et
973 552 1243 608 aromata,
1281 559 1494 600 necnon
1527 554 1583 600 et
1631 559 1872 616 pavones
1903 544 2040 597 alia-

445 649 554 702 que
603 633 884 687 nonnulla.
935 632 1087 688 Alius
1138 643 1220 690 est
1265 642 1457 704 portus
1498 633 1565 688 ad
1612 633 1869 690 Castrum
1931 635 2046 705 cly-

449 725 644 780 smatis
699 725 989 780 obversus.
1032 723 1253 781 Tertius
1289 726 1342 781 in
1379 727 1762 798 superioribus
1821 725 2044 797 Aigypti

450 815 701 887 partibus
748 815 814 869 ad
874 815 1186 871 Berenicem
1239 818 1497 886 pertinet,
1539 833 1648 888 qua
1687 817 1755 872 ad
1806 816 2049 872 Thebai-

453 908 578 963 dem
647 910 996 977 pervenitur,
1063 908 1415 979 indidemque
1471 908 1714 965 advecta:
1777 925 1845 966 ex
1893 909 2046 964 india

456 1017 668 1056 merces
706 1016 802 1067 per
833 999 1166 1056 Thebaidem
1213 1002 1618 1066 distrahuntur,
1684 1010 1780 1056 aut
1812 1002 2048 1056 Alexan-

455 1092 631 1146 driam
684 1091 1067 1159 Chrysorrhoa
1126 1090 1387 1154 ﬂumine,
1437 1094 1532 1164 qui
1582 1079 1726 1148 idem
1778 1109 1842 1146 ac
1890 1093 2047 1148 Nilus

425 1191 572 1272 Ι(εει,
603 1189 658 1236 et
689 1183 742 1235 in
773 1180 1072 1252 Scripturis
1111 1180 1262 1237 Geon
1293 1181 1518 1248 dicitur,
1554 1183 1801 1253 adeoque
1842 1199 1938 1252 per
1962 1191 2050 1237 to-

456 1283 568 1328 tam
606 1271 902 1343 Egyptum
932 1291 995 1330 ac
1035 1273 1320 1330 Pelusium
1353 1291 1531 1346 usque
1559 1275 1924 1331 devehuntur.
1967 1276 2050 1330 Ad

455 1380 695 1435 eumque
747 1366 968 1422 modum
1013 1368 1078 1422 ad
1128 1369 1267 1424 alias
1319 1370 1485 1424 urbes
1545 1384 1713 1424 naves
1772 1370 2050 1441 applicant

459 1468 815 1524 mercatores,
859 1463 951 1532 qui
1005 1477 1071 1516 ex
1113 1461 1267 1518 India
1314 1479 1524 1520 merces
1575 1464 1629 1518 in
1675 1462 2049 1519 Romanorum

460 1548 597 1608 ﬁnes
641 1553 965 1621 important.

533 1731 596 1785 II.
641 1731 769 1786 llmc
801 1747 903 1802 ego
936 1732 1100 1802 paulo
1139 1731 1457 1804 diligentius
1485 1733 1732 1789 historiae
1762 1749 1883 1791 sum
1919 1749 2054 1789 cau-

459 1837 520 1878 sa
571 1835 918 1893 persecutus,
951 1832 1011 1877 ut
1045 1826 1488 1898 uniuscujusque
1532 1836 1696 1882 sectae
1728 1828 1956 1899 stirpem
1995 1836 2050 1884 et
2078 1819 2126 1880 B

458 1915 724 1986 originem
752 1915 984 1972 lectores
1011 1927 1429 1988 cognoscerent.
1465 1917 1600 1974 Nam
1638 1922 1731 1991 qui
1768 1923 2048 1976 narratio-

459 2022 584 2062 nem
637 2008 874 2076 aliquam
932 2008 1210 2076 instituit,
1266 2009 1334 2064 ad
1390 2010 1441 2065 id
1499 2026 1600 2083 pro
1641 2011 1855 2067 viribus
1917 2012 2052 2068 eniti

459 2101 641 2164 debet,
709 2111 772 2156 ut
833 2101 904 2156 ab
963 2102 1099 2172 ipsis
1139 2103 1541 2175 quodammodo
1610 2104 1886 2159 radicibus
1936 2120 2052 2160 rem

459 2209 676 2248 omnem
703 2201 913 2264 repetat
935 2233 949 2259 ,
977 2194 1122 2250 unde
1161 2195 1366 2250 veritas
1402 2205 1657 2252 constare
1689 2197 1885 2268 possit,
1927 2197 2056 2252 licet

460 2286 665 2355 alioqui
723 2287 981 2357 scriptori
1036 2287 1312 2342 sermonis
1363 2287 1632 2358 elegantia
1678 2296 1734 2344 et
1789 2289 2056 2344 orationis

461 2385 726 2434 venustas
769 2394 880 2432 non
932 2386 1230 2450 suppetat;
1268 2394 1378 2450 quo
1419 2395 1487 2435 ex
1537 2380 1616 2434 rei
1651 2380 1883 2437 veritate
1918 2397 2050 2452 pru-

459 2467 717 2526 dentibus
752 2471 802 2525 id
826 2470 974 2541 quod
1005 2474 1273 2542 quaeritur
1301 2472 1718 2542 comprobetur.
1747 2472 1854 2528 Sed
1892 2483 1950 2527 ut
1987 2473 2054 2526 ad

463 2558 821 2631 Scythianum
854 2560 1097 2628 redeam,
1143 2562 1232 2616 hic
1269 2562 1424 2617 initio
1471 2563 1680 2618 divitiis
1719 2563 1964 2626 inﬂatus,
2002 2571 2057 2618 et

462 2661 796 2718 aromatum,
845 2663 1283 2725 caeterarumque
1327 2670 1395 2710 ex
1442 2653 1596 2708 India
1643 2671 1808 2725 opum
1859 2659 2054 2729 copia,

461 2757 589 2798 cum
624 2742 896 2815 Hypselen
948 2743 1248 2800 Thebaidis
1283 2744 1544 2816 oppidum
1591 2747 1856 2811 venisset,
1893 2749 2062 2819 619

463 2835 648 2905 ibique
686 2835 949 2906 perditam
993 2837 1285 2908 quamdam
1331 2838 1710 2893 mulierculam
1758 2839 2062 2895 invenisset

462 2928 703 2998 eleganti
751 2929 1006 2999 corporis
1051 2929 1254 3000 specie,
1299 2945 1397 2999 pro
1440 2946 1507 2986 eo
1551 2945 1616 2986 ac
1660 2931 1894 2987 stolidus
1942 2942 2061 2987 erat

465 3027 692 3090 stupore
722 3019 973 3086 ali‘ectus,
1005 3038 1034 3076 e
1072 3022 1358 3091 lupanari,
1409 3021 1502 3075 ubi
1542 3028 1661 3075 tum
1693 3022 2060 3076 meretriciam

463 3111 791 3176 exercebat,
844 3112 1099 3180 abducit;
1145 3121 1199 3168 et
1252 3113 1318 3166 ad
1369 3129 1491 3168 eam
1541 3113 1963 3178 adhaerescens,
2003 3114 2060 3167 in

465 3203 771 3260 libertatem
801 3215 1068 3262 assertam
1099 3207 1201 3262 sibi
1238 3207 1292 3262 in
1321 3207 1732 3264 matrimonium
1786 3207 2058 3278 adjunxit.

465 3292 674 3350 Deinde
728 3294 892 3366 longo
935 3305 1059 3367 post
1124 3304 1370 3366 tempore
1433 3297 1598 3353 homo
1648 3299 1895 3353 nefarius
1950 3312 2062 3367 pra:

465 3385 681 3442 deliciis
719 3388 945 3443 minime
991 3403 1111 3443 sese
1150 3388 1468 3454 C(mtinens,
1517 3397 1574 3444 et
1612 3391 1667 3444 in
1691 3391 1804 3445 otio
1833 3389 2059 3460 degens,

467 3492 533 3531 ac
560 3479 863 3534 sceleribus
901 3487 1180 3544 assuetus,
1235 3480 1361 3534 novi
1404 3480 1614 3550 aliquid
1656 3481 1712 3535 in
1756 3481 1944 3534 orbem
1979 3481 2063 3534 in-

467 3569 758 3624 troducere
806 3569 976 3623 nimio
1008 3584 1078 3624 ex
1123 3569 1253 3623 luxu
1298 3571 1353 3625 in
1411 3571 1652 3624 animum
1695 3570 1932 3625 induxit.
1965 3570 2066 3625 Ita-

467 3675 578 3728 quo
633 3673 794 3714 voces
851 3659 1116 3728 quasdam
1174 3659 1448 3730 ejusmodi
1507 3676 1574 3714 ex
1635 3676 1777 3728 sese,
1847 3679 1955 3717 non
1993 3679 2063 3719 ex

468 3749 693 3807 Lizteris
745 3753 954 3815 sacris,
1005 3763 1099 3806 aut
1156 3767 1222 3807 ex
1271 3755 1447 3808 sancti
1510 3751 1748 3824 Spiritus
1798 3757 2061 3822 oraculis,

471 3843 568 3897 sed
600 3857 667 3895 ex
709 3841 914 3896 infelici
961 3842 1185 3897 humani
1233 3844 1434 3914 ingenii
1478 3846 1692 3900 ratione
1721 3855 2064 3902 commentus

470 3942 576 3988 est.
619 3933 750 3999 Qua:
773 3934 942 3995 enim,
985 3935 1183 3998 aiebat,
1222 3937 1368 3990 ratio
1407 3945 1513 4002 est,
1545 3953 1646 3991 cur
1672 3954 1794 4008 quae
1837 3939 1890 3993 in
1951 3948 2065 3995 tota

470 4029 576 4084 hac
632 4045 818 4084 rerum
879 4031 1239 4086 universitate
1306 4033 1703 4098 continentur,
1769 4035 2062 4104 inaequalia

473 4131 628 4186 sunt,
674 4131 804 4192 puta
856 4123 1039 4177 album
1092 4129 1148 4177 et
1198 4123 1455 4192 nigrum,
1512 4123 1720 4178 fulvum
1769 4133 1822 4179 et
1866 4127 2063 4186 viride.

473 4210 759 4266 humidum
791 4220 845 4266 et
882 4212 1089 4268 siccum
1110 4252 1126 4277 ,
1167 4213 1370 4268 coelum
1403 4229 1468 4268 ac
1493 4223 1636 4270 terra
1659 4256 1674 4281 ,
1704 4230 1812 4269 nox
1839 4225 1894 4271 et
1925 4216 2063 4282 dies,

472 4306 656 4361 anima
687 4314 742 4360 et
771 4321 997 4374 corpus,
1034 4309 1235 4362 bonum
1271 4314 1326 4362 et
1357 4307 1590 4374 malum,
1621 4309 1833 4378 justum
1880 4317 1934 4364 et
1983 4310 2067 4364 in-

472 4397 718 4467 iustum,
758 4397 864 4451 nisi
907 4395 1051 4466 quod
1094 4412 1160 4451 ex
1187 4397 1405 4452 duobus
1441 4398 1556 4453 haec
1601 4408 1731 4454 sunt
1779 4400 2066 4470 principiis

474 4488 710 4545 exorta?
742 4486 1001 4542 Diabolus
1037 4488 1184 4542 enim
1231 4490 1416 4546 acrius
1461 4492 1726 4546 adversus
1764 4493 2064 4546 humanum

477 4598 650 4654 genus
685 4581 884 4636 bellum
931 4596 1157 4636 movens
1196 4581 1343 4638 illius
1374 4583 1541 4637 menti
1581 4593 1894 4652 portentum
1929 4584 2062 4638 illud

475 4673 752 4744 opinionis
790 4673 1169 4742 ingeneravit,
1211 4672 1350 4727 adeo
1385 4681 1443 4726 ut
1479 4674 1624 4743 quod
1656 4691 1928 4744 nusquam
1959 4685 2061 4740 est,

478 4769 663 4822 animo
687 4768 1034 4836 conciperet,
1067 4776 1121 4821 et
1159 4767 1305 4837 quod
1354 4767 1534 4837 reipsa
1565 4778 1674 4833 est,
1702 4769 1927 4823 minime
1965 4783 2064 4822 co-

477 4867 790 4932 gnosceret,
817 4869 877 4913 ut
917 4849 972 4912 in
1011 4859 1211 4914 misere
1251 4859 1623 4914 aberrantium
1656 4860 1939 4914 hominum
1979 4861 2066 4914 in-

476 4954 651 5025 geniis
685 4953 959 5022 quoddam
988 4953 1192 5007 bellum
1225 4952 1518 5016 excitaret,
1555 4952 1649 5022 qui
1699 4959 1894 5022 praeter
1910 4967 2061 5016 eum,

475 5047 570 5118 qui
625 5061 815 5100 revera
869 5052 976 5110 est,
1007 5061 1130 5100 esse
1177 5044 1345 5098 alium
1392 5044 1754 5110 arbitrantur,
1816 5050 1978 5113 atque
2034 5057 2066 5095 a

477 5138 713 5203 duabus,
763 5148 825 5194 ut
881 5138 956 5193 ita
1005 5137 1209 5205 dicam,
1252 5137 1560 5199 radicibus,
1621 5136 1737 5191 sive
1776 5135 2066 5206 principiis

477 5231 736 5285 universa
787 5230 1016 5300 perlici,
1069 5230 1215 5301 quod
1251 5229 1496 5283 omnium
1544 5229 1774 5300 impium
1829 5227 2067 5282 maxime

478 5328 564 5374 est
612 5335 676 5375 ac
720 5322 880 5392 longe
933 5321 1387 5393 perditissimum.
1427 5319 1532 5375 Sed
1571 5320 1638 5375 de
1678 5334 1740 5375 ea
1783 5334 1841 5374 re
1875 5327 2065 5388 postea

479 5413 751 5468 dicemus.
791 5412 849 5467 ln
897 5414 966 5470 iis
1021 5415 1188 5486 igitur
1225 5413 1559 5486 Scythianus
1604 5412 1695 5467 ille
1751 5418 2063 5466 excaecatus

482 5505 692 5572 animo,
735 5513 900 5576 atque
928 5520 962 5560 a
1003 5506 1312 5578 Pythagora
1345 5505 1553 5562 erroris
1601 5514 1921 5577 argumenta
1968 5517 2066 5560 na-

484 5677 648 5716 verso
677 5661 976 5734 respiciens
1010 5683 1022 5717 :
1056 5663 1201 5734 quod
1230 5661 1904 5734 Epiphaﬁniidescriptioni
1927 5675 2062 5715 con-

485 5734 652 5804 gruit,
684 5733 775 5799 qui
828 5731 1123 5791 Berenicen
1171 5731 1392 5790 tertium
1429 5733 1602 5788 Rubri
1636 5733 1805 5788 maris
1839 5739 2061 5802 portum

484 5812 788 5860 enumerat.

2147 545 2421 615 λομῶντος
2446 544 2536 598 διὰ
2562 544 2730 615 τριῶν
2754 543 2890 596 ἐτῶν
2913 541 3184 614 ἐρχομένη
3217 541 3381 612 ἔφερε
3409 541 3608 612 χρυσὸν
3637 543 3742 596 καὶ

2146 635 2366 700 ὀδόντας
2396 635 2770 705 ἐλεφαντίνους
2790 675 2804 698 ,
2835 633 3106 706 ἀρώματα
3141 651 3202 686 τε
3235 633 3330 687 καὶ
3357 633 3601 696 ταῶνας.
3641 635 3738 687 καὶ

2147 728 2216 782 τὰ
2244 729 2374 784 ἄλλα
2393 747 2408 760 ο
2440 730 2469 782 6
2497 729 2553 782 δὲ
2579 729 2766 800 ἕτερος
2796 729 2967 802 ὅρμος
2997 729 3090 782 ἐπὶ
3113 728 3172 782 τὸ
3200 729 3452 800 Κάστρον
3479 729 3573 782 τού
3603 727 3738 782 κλύ-

2151 839 2376 893 σματος·
2415 821 2574 885 ἄλλος
2608 821 2666 874 δὲ
2692 821 2956 876 ἀνωτάτω
2986 819 3081 874 ἐπὶ
3110 821 3208 892 τὴν
3244 821 3510 892 Βερνίκην
3539 821 3735 874 καλου-

2153 912 2340 982 μένην,
2374 911 2440 965 δι’
2468 907 2537 983 ἦς
2568 911 2835 983 Βερνίκης
2867 910 3207 982 καλουμένης
3246 911 3341 964 ἐπὶ
3369 911 3468 980 τὴν
3496 911 3736 981 Θηϐαΐδα

2151 1004 2440 1074 φέρονται,
2493 1002 2588 1058 καὶ
2632 1003 2701 1058 τὰ
2739 1004 2848 1057 ἀπὸ
2892 1003 2993 1074 τῆς
3047 1003 3278 1072 Ἰνδικῆς
3322 1003 3593 1074 ἐρχόμενα
3621 1002 3737 1074 είδη

2132 1099 2328 1162 ,ἐκεῖσε
2368 1100 2433 1168 τῇ
2483 1097 2714 1167 Θηϐαΐδι
2757 1096 3154 1168 διαχύνεται,
3196 1097 3288 1149 ἐπὶ
3330 1095 3428 1167 τὴν
3485 1093 3739 1160 Ἀλεξαν-

2149 1189 2320 1257 δρέων
2351 1189 2439 1244 διά
2461 1189 2555 1244 τοῦ
2589 1191 2913 1262 Χρυσορρόα
2943 1189 3216 1260 ποταμοῦ,
3257 1190 3450 1244 Νείλου
3485 1190 3542 1244 δέ
3572 1207 3738 1260 φημι.

2151 1281 2244 1335 τοῦ
2287 1283 2382 1336 καὶ
2416 1282 2571 1352 Γηῶν
2618 1285 2676 1335 ἐν
2719 1285 2838 1345 ταῖς
2871 1283 3114 1354 Γραφαῖς
3143 1283 3448 1354 φερομένου
3471 1323 3485 1345 ,
3527 1284 3622 1336 καὶ
3647 1282 3743 1335 ἐπὶ

2151 1377 2336 1428 πᾶσαν
2382 1375 2492 1429 τῶν
2535 1375 2850 1443 Αἰγυπτίων
2885 1375 3010 1445 γῆν,
3062 1375 3156 1428 καὶ
3190 1375 3284 1428 ἐπὶ
3332 1374 3392 1428 τὸ
3439 1373 3742 1444 Πηλούσιον

2155 1467 2401 1539 φέρεται.
2439 1466 2552 1520 Καὶ
2579 1466 2755 1530 οὕτως
2783 1469 2865 1531 είς
2901 1466 3001 1530 τὰς
3032 1467 3198 1529 ἄλλας
3226 1466 3489 1538 πατρίδας
3524 1465 3613 1519 διὰ
3641 1466 3738 1519 θα-

2154 1560 2358 1632 λάσσης
2387 1560 2724 1631 διερχόμενοι
2751 1560 2800 1612 οί
2837 1558 2944 1612 ἀπὸ
2969 1558 3067 1630 τῆς
3096 1558 3318 1628 Ἰνδικῆς
3350 1558 3440 1610 ἐπὶ
3466 1558 3565 1628 τὴν
3608 1556 3740 1610 Ῥω-

2158 1651 2354 1723 μανίαν
2389 1649 2810 1721 ἐμπορεύονται.

2231 1742 2306 1798 Β’.
2354 1743 2540 1797 Ταῦτα
2569 1743 2626 1796 δέ
2661 1761 2753 1814 μοι
2780 1740 2927 1796 κατὰ
2951 1741 3097 1808 λέξιν
3126 1739 3468 1811 ἐσπουδάσθη
3501 1739 3742 1811 ἱστορίας

2152 1837 2315 1908 χάριν
2345 1835 2701 1907 παραδοῦναι,
2730 1836 2879 1898 ὅπως
2912 1834 3004 1888 καὶ
3025 1833 3133 1887 τῶν
3165 1831 3330 1905 ῥιζῶν
3355 1833 3588 1902 ἑκάστης
3616 1833 3742 1884 ὐπο-

2152 1927 2353 1990 θέσεως
2402 1929 2450 1980 οί
2505 1925 2854 1996 ἐντυγχάνειν
2914 1924 3188 1987 ἐθέλοντες
3242 1924 3316 1995 μὴ
3374 1924 3742 1994 άμοιρησωσι.

2153 2023 2246 2074 Δεῖ
2282 2019 2393 2091 γὰρ
2423 2019 2513 2073 τὸν
2565 2019 2994 2090 ἐπιϐαλλόμενον
3042 2017 3294 2087 διηγήσει
3322 2015 3430 2070 τινὶ
3480 2015 3624 2069 κατὰ
3654 2013 3747 2066 δύ-

2153 2130 2317 2184 ναμιν
2346 2111 2756 2177 ἐπιϐάλλεσθαι,
2787 2112 2882 2166 καὶ
2926 2113 2991 2164 ἐκ
3027 2111 3131 2180 τῆς
3157 2108 3315 2182 ῥίζης
3345 2107 3618 2162 ποιεῖσθαι
3646 2107 3748 2176 τὴν

2156 2206 2469 2276 εἰσαγωγήν
2493 2219 2504 2232 ·
2539 2203 2690 2258 ἐνθεν
2719 2203 3034 2274 εὑρίσκεται
3086 2203 3181 2256 καὶ
3217 2202 3286 2254 τὰ
3332 2200 3432 2270 τῆς
3464 2200 3748 2269 ἀληθείας,

2157 2297 2260 2350 κάν
2287 2312 2345 2348 τε
2367 2297 2546 2367 ἀπορῇ
2576 2297 2604 2348 ὁ
2623 2294 2799 2360 λέγων
2851 2291 3152 2363 εὐκοσμίας
3185 2291 3343 2358 λόγου
3370 2291 3464 2344 καὶ
3497 2289 3751 2352 εὐεπείας

2158 2387 2402 2457 φθογγῆς
2422 2406 2434 2418 ·
2468 2389 2615 2450 ὅπως
2640 2385 2748 2440 ἀπὸ
2769 2385 2870 2455 τῆς
2897 2382 3161 2454 ἀληθινῆς
3193 2382 3434 2454 ἱστορίας
3460 2381 3521 2434 τὸ
3556 2378 3752 2451 ζητού-

2162 2499 2321 2551 μενον
2351 2482 2462 2544 τοῖς
2486 2482 2726 2542 συνετοῖς
2752 2476 3231 2548 ἀποδειχθήσεται.
3277 2477 3365 2528 Ἐν
3395 2475 3538 2547 ἀρχῇ
3569 2473 3752 2526 τοίνυν

2159 2565 2314 2636 οὗτος
2345 2575 2374 2626 6
2400 2571 2695 2634 Σκυθιανδς
2728 2569 2942 2639 πλούτῳ
2973 2567 3152 2638 πολλῷ
3177 2567 3458 2640 ἐπαρθεὶς,
3489 2569 3583 2619 καὶ
3617 2565 3754 2637 κτή-

2165 2679 2328 2733 μασιν
2397 2661 2756 2734 ήδυσμάτων,
2808 2660 2902 2713 καὶ
2947 2661 3061 2722 τοῖς
3106 2658 3288 2721 ἄλλοις
3343 2658 3458 2717 τοῖς
3505 2653 3614 2708 ἀπὸ
3651 2654 3753 2724 τῆς

2175 2753 2399 2817 Ἰνδίας,
2429 2753 2522 2806 καὶ
2572 2750 2742 2805 ἐλθὼν
2777 2750 2905 2822 περὶ
2935 2749 3032 2821 τὴν
3081 2747 3324 2816 Θηϐαΐδα
3368 2747 3450 2809 είς
3507 2745 3754 2814 Ὑψηλὴν

2163 2843 2316 2897 πόλιν
2363 2843 2474 2914 (15)
2522 2841 2666 2896 οὔτω
2718 2841 3081 2914 καλουμένην,
3133 2839 3312 2912 εὑρὼν
3363 2840 3482 2892 ἐκεῖ
3529 2837 3754 2906 γύναιον

2164 2936 2552 3004 ἐξωλέστατον,
2591 2935 2686 2989 καὶ
2711 2934 2900 2989 κάλλει
2945 2933 3198 3005 σώματος
3227 2935 3520 3004 πρόοπτον,
3549 2928 3754 3000 ἐκπλῆ-

2166 3029 2262 3095 ξάν
2292 3047 2352 3082 τε
2378 3028 2575 3082 αὐτῶν
2620 3028 2719 3100 τὴν
2765 3027 3078 3093 ἀσυνεσίαν,
3125 3025 3446 3097 ἀνελόμενος
3489 3040 3549 3076 τε
3595 3023 3758 3077 τοῦτο

2164 3120 2272 3174 ἀπὸ
2303 3119 2396 3173 τοῦ
2430 3119 2654 3188 στέγους
2680 3119 2912 3189 (ἕστηκε
2947 3118 3056 3190 γὰρ
3094 3119 3127 3188 ἡ
3174 3116 3397 3187 τοιαύτη
3440 3117 3499 3170 ἐν
3526 3115 3592 3186 τῇ
3649 3132 3755 3168 πο·

2163 3211 2392 3281 λυκοίνῳ
2446 3211 2814 3282 άσεμνότητι)
2859 3209 3203 3281 ἐπεκαθέσθη
3244 3209 3322 3281 τῷ
3364 3207 3605 3278 γυναίῳ,
3655 3205 3752 3260 καὶ

2163 3303 2537 3377 ἐλευθερώσας
2569 3304 2724 3368 αὐτὸ,
2757 3303 2999 3374 συνήφθη
3031 3301 3180 3372 αὐτῷ
3207 3300 3344 3372 πρὸς
3380 3301 3578 3370 γάμον.
3614 3298 3757 3370 Χρό-

2163 3413 2254 3448 νου
2284 3395 2340 3448 es
2385 3393 2580 3448 πολλοῦ
2623 3393 3052 3466 προκόπτοντος.
3082 3394 3173 3449 διὰ
3223 3395 3320 3465 τὴν
3349 3393 3651 3465 ὑπερϐολὴν
3685 3388 3753 3462 ἧς

2163 3483 2276 3557 εἶχε
2323 3487 2572 3558 τρυφῆς,
2607 3486 2707 3539 ούκ
2752 3486 2984 3556 ῆνεγκεν
3035 3487 3064 3539 6
3115 3485 3442 3556 άλητήριος·
3496 3484 3632 3537 ἀλλὰ
3675 3484 3752 3547 ὡς

2163 3577 2330 3649 ἀργὸς
2356 3577 2450 3630 καὶ
2480 3575 2608 3639 ἐθὰς
2643 3575 2848 3640 κακῶν,
2879 3577 2943 3628 ἐκ
2975 3574 3070 3628 τοῦ
3102 3574 3365 3646 περισσοῦ
3405 3574 3506 3643 τῆς
3540 3573 3752 3643 τρυφῆς

2167 3668 2397 3739 στρήνου
2430 3665 2640 3719 ἐπενόει
2668 3664 2856 3718 λοιπὸν
2883 3662 3024 3718 κατὰ
3051 3664 3142 3716 τὸν
3170 3663 3296 3716 νοῦν
3347 3679 3401 3714 τι
3437 3662 3754 3730 καινότερον

2163 3757 2243 3830 τῷ
2269 3759 2368 3830 βίῳ
2393 3761 2698 3830 προσοῖσαι.
2733 3757 2842 3810 Καὶ
2873 3757 2966 3825 ἀφ’
2991 3753 3187 3808 ἑαυτοῦ
3217 3752 3544 3823 διανοηθεὶς,
3583 3751 3756 3804 ἐπλά-

2166 3870 2297 3906 σατο
2327 3853 2546 3922 ῥήματα
2581 3848 2826 3908 τοιαῦτα,
2845 3848 2946 3901 οὐκ
2975 3847 3082 3902 ἀπὸ
3111 3849 3212 3918 τῆς
3234 3845 3384 3909 θείας
3411 3846 3634 3916 Γραφῆς
3661 3846 3753 3896 εὑ-

2169 3944 2436 4016 ράμενος,
2467 3943 2562 3996 καὶ
2604 3941 2920 4013 Πνεύματος
2968 3941 3124 4010 ἁγίου
3171 3938 3446 4010 φθογγῆς,
3478 3939 3614 3991 ἀλλὰ
3649 3938 3758 3990 ἀπὸ

2165 4035 2443 4106 λογισμῶν
2463 4033 2811 4106 ἀνθρωπείας
2841 4031 3056 4102 φύσεως
3085 4031 3192 4085 τῶν
3227 4030 3477 4084 δειλαίων
3504 4030 3751 4099 φάσκων.

2165 4129 2284 4181 Τίνι
2316 4127 2393 4197 τῷ
2418 4126 2562 4196 λόγῳ
2585 4124 2744 4178 ἄνισα
2767 4126 2942 4177 κεῖται
2966 4121 3035 4176 τὰ
3060 4122 3118 4173 ἐν
3151 4122 3314 4174 παντὶ
3341 4120 3422 4191 τῷ
3451 4121 3757 4192 ὁριζομένῳ

2164 4221 2264 4289 τῆς
2306 4219 2554 4290 κτήσεως
2584 4215 2758 4280 κύτει,
2809 4214 2978 4285 μέλαν
3020 4215 3112 4268 καὶ
3163 4212 3380 4279 λευκὸν,
3426 4211 3634 4284 πυρῥὸν
3663 4211 3758 4263 καὶ

2166 4310 2399 4382 χλωρὸν,
2435 4309 2602 4380 ὑγρὸν
2645 4308 2738 4362 καὶ
2787 4307 2972 4377 ξηρὸν,
3006 4305 3235 4378 οὐρανὸς
3279 4305 3374 4359 καὶ
3405 4306 3498 4376 γῆ.
3533 4303 3630 4369 νὺξ
3662 4305 3756 4357 καὶ

2165 4402 2370 4473 ἡμέρα,
2400 4400 2547 4471 ψυχὴ
2580 4398 2677 4452 καὶ
2707 4399 2888 4468 σῶμα.
2927 4397 3134 4466 ἀγαθόν
3177 4414 3238 4450 τε
3281 4397 3376 4450 καὶ
3407 4397 3631 4466 φαῦλον,
3679 4395 3755 4447 δί-

2171 4493 2323 4546 καιόν
2361 4509 2422 4544 τε
2456 4493 2550 4544 καὶ
2581 4490 2764 4544 ἄδικον
2793 4505 2807 4554 ;
2842 4488 2959 4542 ἀλλ’
3001 4490 3083 4542 ὅτι
3119 4488 3336 4551 πάντως
3362 4488 3536 4542 ταῦτα
3574 4489 3638 4540 ἐκ
3666 4487 3759 4540 δύο

2169 4587 2331 4639 τινῶν
2358 4585 2710 4655 συνέστηκεν.
2750 4582 3035 4636 Ἐνεκίσσα
3067 4581 3124 4635 δὲ
3166 4582 3224 4634 ἐν
3253 4583 3319 4652 τῇ
3355 4580 3520 4635 αὑτοῦ
3549 4580 3759 4651 διανοίᾳ.

2168 4677 2196 4726 ὁ
2220 4673 2486 4736 διάϐολος,
2522 4673 2616 4725 ἐπὶ
2651 4672 2835 4724 πλεῖον
2871 4670 3207 4742 στρατεύσας
3234 4669 3379 4724 κατὰ
3411 4673 3514 4742 τῆς
3543 4670 3755 4741 ἀνθρω-

2169 4765 2326 4827 πείας
2363 4764 2598 4832 φύσεως,
2624 4763 2683 4816 τὸ
2707 4762 2880 4816 δεινὸν
2908 4763 3182 4834 φρόνημα,
3209 4763 3284 4825 ὡς
3311 4763 3563 4816 ὑπονοεῖν
3587 4761 3650 4814 τὸ
3681 4762 3759 4834 μὴ

2167 4855 2249 4918 ὃν,
2303 4855 2396 4907 καὶ
2441 4854 2499 4908 ὂν
2540 4853 2616 4925 μὴ
2657 4852 3061 4922 ἐπιγινώσκειν,
3088 4853 3197 4907 -ἴνα
3242 4853 3479 4924 πόλεμόν
3527 4870 3649 4905 τινα
3700 4856 3760 4905 ἐν

2167 4950 2287 5011 ταῖς
2318 4945 2580 5009 διανοίαις
2621 4945 2730 4998 τῶν
2758 4945 3126 5015 ἠπατημένων
3167 4945 3498 5017 ἐνστήσηται
3530 4947 3642 5007 τοῖς
3675 4961 3760 4996 νοο

2173 5038 2422 5110 μίζουσιν
2464 5033 2602 5092 εἷναί
2642 5055 2695 5091 τι
2755 5037 2891 5107 μετά
2949 5035 3040 5090 τὸν
3090 5035 3221 5089 ὄντα
3249 5077 3263 5101 ,
3310 5037 3406 5089 καὶ
3465 5036 3544 5099 ὼς
3583 5037 3758 5089 εἰπεῖν

2169 5133 2234 5185 ἐκ
2261 5131 2355 5184 δύο
2401 5130 2588 5201 ῥιζῶν,
2640 5131 2674 5202 ἢ
2707 5130 2801 5184 δύο
2831 5128 3015 5201 ἀρχῶν
3063 5129 3406 5200 ἐνεργεῖσθαι
3459 5131 3527 5182 τά
3557 5129 3757 5191 πάντα,

2169 5224 2306 5294 ὅπερ
2338 5223 2454 5276 ἐστὶ
2487 5222 2705 5276 πάντων
2748 5221 3172 5275 δυσσεϐέστατον
3202 5221 3296 5273 καὶ
3329 5219 3757 5292 μοχθηρότατον.

2184 5315 2345 5368 Ἀλλὰ
2386 5315 2512 5385 περὶ
2554 5313 2745 5367 τούτου
2794 5308 2950 5376 αὖθις
3000 5311 3132 5383 ἐρῶ.
3194 5312 3284 5366 Ἐν
3328 5312 3540 5375 τούτοις
3579 5313 3690 5384 γὰρ
3733 5316 3762 5366 ὁ

2171 5406 2568 5479 προειρημένος
2621 5404 2919 5468 Σκυθιανὸς
2961 5401 3266 5473 τυφλωθεὶς
3329 5404 3430 5474 τὴν
3493 5403 3760 5463 διάνοιαν,

2170 5499 2351 5555 λαϐὼν
2378 5497 2528 5570 παρὰ
2552 5497 2870 5568 Πυθαγόρου
2902 5495 3000 5560 τὰς
3035 5496 3358 5566 προφάσεις,
3393 5493 3568 5560 οὕτως
3593 5495 3761 5566 ἐφρό-

2242 5660 2261 5724 (
2273 5656 2357 5726 15)
2393 5659 2498 5722 Elc
2525 5653 2809 5724 ’Υψηλήν
2835 5655 3034 5717 πόλιν.
3073 5650 3425 5721 Stephanus‘
3480 5647 3756 5725 ﬁrmo;

2173 5728 2333 5799 κώμη
2367 5727 2665 5795 Αἰγύπτου.
