4076 6392
265 429 340 485 53
1051 415 1428 477 ADVERSUS
1465 417 1813 474 HAZRESES
1853 418 1981 472 LIB.
2031 417 2094 474 11.
2136 417 2304 474 TUM.
2343 418 2406 475 ll.
2450 451 2514 459 —
2559 418 2838 472 II;ERES.
2877 417 3064 473 LXVI.
3487 418 3559 474 τι

269 557 424 612 νησε,
460 538 558 592 καὶ
604 536 821 608 βίϐλους
853 536 1123 607 τέσσαρας
1157 535 1271 604 (14)
1312 533 1492 606 ἐαυτῷ
1531 533 1862 588 πλάσσεταιο

1993 543 2091 588 :tus
2120 532 2392 604 ejusmodi
2425 532 2715 603 Opiniones
2745 530 2939 585 habuit
2968 572 2984 596 ,
3031 544 3094 584 ac
3125 528 3297 584 .ibros
3331 535 3566 597 quatuor

277 634 337 702 τῇ
391 632 493 703 μιᾷ
524 630 699 700 ὄνομα
739 628 969 700 θέμενος
1005 627 1392 696 Μυστηρίων,
1446 629 1512 698 τῇ
1559 626 1614 679 δὲ
1644 625 1872 698 δευτέρα

273 724 652 793 Κεφαλαίων,
712 722 780 793 τῇ
836 720 997 793 τρίτῃ
1058 718 1453 790 Εὐαγγέλιον,
1515 721 1583 790 τῇ
1635 718 1870 790 τετάρτῃ

273 814 647 884 Θησαυρῶν·
706 815 764 866 ἐν
811 808 900 876 αἷς
945 811 1016 865 τὰ
1055 810 1282 879 ίσόζυγα
1319 810 1416 863 καὶ
1471 809 1541 862 τὰ
1605 811 1872 882 ἰσόῤῥοπα

274 907 366 959 δύο
405 905 595 977 ἀρχῶν
647 903 913 968 συζεύξας
956 901 1229 972 πρόσωπα
1277 900 1401 954 καθ’
1447 900 1688 970 ἑκάστην
1743 899 1874 953 ὑπό-

273 999 449 1062 θεσιν,
502 997 676 1061 οὕτως
727 993 1018 1048 ὑπολαϐὼν
1052 995 1081 1047 ὁ
1131 993 1336 1058 τάλας,
1371 991 1465 1046 καὶ
1513 990 1687 1056 οὕτως
1732 993 1874 1046 κατά

273 1089 434 1141 τοῦτο
464 1088 527 1140 τὺ
562 1088 728 1159 μέρος
770 1085 1124 1156 ἐφαντάζετα
1172 1085 1247 1149 ὥς
1298 1102 1352 1138 τι
1405 1084 1550 1156 μέγα
1591 1082 1766 1155 εὑρὼν
1797 1081 1875 1153 τῷ

273 1179 398 1248 βίῳ.
436 1179 553 1232 Καὶ
599 1177 678 1246 τῷ
719 1177 834 1229 ὄντι
878 1176 1021 1248 μέγα
1051 1175 1225 1229 κακὸν
1275 1174 1474 1248 εὕρατο
1506 1174 1584 1247 τῷ
1623 1175 1722 1246 βίῳ
1753 1173 1874 1228 καθ’

273 1269 478 1323 ἐαυτοῦ
511 1271 608 1323 καὶ
635 1268 747 1322 τῶν
771 1269 842 1322 ὑπ
859 1260 877 1282 ’
893 1266 1062 1322 αὐτοῦ
1089 1267 1478 1340 πλανωμένων.

347 1453 429 1506 Γ’.
463 1451 684 1524 Ἐπειδὴ
711 1451 767 1502 δὲ
793 1452 818 1503 ὁ
841 1449 980 1522 ἀνὴρ
1001 1450 1059 1502 ἐν
1083 1447 1296 1511 τούτοις
1320 1443 1411 1520 ἦν,
1432 1446 1660 1518 ἀκηκόει
1688 1443 1877 1514 δέπῶς

274 1549 327 1600 oi.
361 1545 644 1617 προφῆται
663 1583 679 1608 ,
706 1543 803 1597 καὶ
835 1545 864 1596 ὁ
891 1543 1056 1613 νόμος
1083 1542 1459 1615 προεφήτευον
1495 1540 1626 1611 περὶ
1654 1541 1754 1609 τῆς
1782 1537 1876 1590 τοῦ

276 1637 487 1704 κόσμου
522 1633 872 1697 συστάσεως,
902 1632 996 1685 καὶ
1029 1632 1159 1703 περὶ
1196 1630 1291 1685 τοῦ
1325 1630 1444 1694 ἐνὸς
1473 1631 1570 1683 καὶ
1603 1629 1876 1701 μονάρχου

276 1727 375 1780 τοῦ
407 1728 494 1779 ἀεὶ
517 1726 694 1788 ὄντος,
725 1723 822 1778 καὶ
851 1723 925 1795 μὴ
947 1722 1316 1787 διαλείποντος
1348 1722 1441 1776 τοῦ
1475 1718 1615 1775 εἶναι
1636 1722 1876 1793 Πατρὸς,

282 1821 380 1873 καὶ
410 1817 508 1871 τοῦ
542 1816 712 1870 αὑτοῦ
742 1815 896 1878 Υἰοῦ,
932 1814 1143 1868 καὶτοῦ
1173 1815 1332 1878 ἁγίου
1365 1812 1506 1868 Πνεύ
1517 1830 1709 1884 ματος,
1743 1807 1876 1882 ἠθέ-

1975 627 2309 696 conscripsit
2365 645 2377 680 :
2434 641 2668 696 quorum
2720 639 2889 678 unum
2951 621 3328 692 Mysteriorum
3375 621 3572 674 insert-

1975 719 2122 790 psit,
2153 719 2383 772 alterum
2418 716 2667 786 Cupitum
2695 757 2710 779 ,
2739 716 2962 771 tertium
2994 713 3336 784 Evangeiium
3357 755 3372 777 ,
3401 728 3574 782 quar-

1977 820 2090 864 tum
2125 810 2545 865 Thesaurorum.
2589 808 2646 864 ln
2679 809 2746 864 iis
2790 808 2943 880 paria
2991 816 3156 878 atque
3195 807 3424 877 aequalia
3457 806 3576 859 duo

1975 903 2245 974 principia
2305 917 2680 973 personasque
2730 901 2785 957 in
2838 915 3170 970 unoquoque
3242 910 3574 969 argumento

1975 995 2266 1064 copulans,
2301 996 2376 1047 ita
2409 994 2515 1049 sibi
2558 999 2911 1065 persuaserat
2942 993 3131 1055 miser,
3177 991 3361 1060 itaque
3391 991 3490 1044 hac
3513 991 3574 1045 in

1975 1094 2131 1155 parte
2164 1084 2493 1148 somniabat,
2526 1097 2784 1153 magnum
2810 1097 2841 1136 a
2874 1096 2933 1137 se
2965 1080 3223 1151 quiddam
3255 1080 3310 1134 in
3338 1083 3449 1134 vita
3484 1095 3575 1133 re-

1978 1183 2211 1244 pertum.
2253 1173 2318 1226 Et
2362 1189 2492 1226 vero
2533 1187 2793 1243 magnum
2849 1185 2984 1226 sane
3044 1172 3251 1224 malum
3309 1170 3362 1224 in
3414 1185 3568 1224 suam

1976 1283 2298 1338 eorumque,
2330 1267 2530 1338 quibus
2560 1265 2842 1337 imposuit,
2876 1265 3174 1335 perniciem
3201 1264 3256 1317 in
3288 1262 3453 1317 vitam
3490 1265 3575 1318 inv

1980 1360 2146 1415 vexit.

2051 1453 2138 1506 lll.
2182 1454 2326 1507 Inter
2363 1453 2478 1506 haec
2504 1468 2627 1505 cum
2669 1451 2918 1505 audisset
2961 1449 3350 1520 prophetarum
3394 1464 3458 1504 ac
3489 1449 3562 1505 le-

1980 1546 2063 1616 gis
2108 1545 2350 1600 oraculis
2411 1544 2601 1598 mundi
2654 1545 3130 1614 procreationem,
3183 1551 3347 1613 atque
3402 1559 3577 1596 unum

1982 1638 2272 1707 solumque
2297 1636 2546 1689 omnium
2588 1635 2895 1705 principem
2941 1635 3457 1704 moderatoremque
3485 1649 3584 1688 ee-

1982 1730 2222 1793 lebrari,
2270 1730 2367 1800 qui
2413 1736 2468 1783 et
2517 1743 2736 1798 semper
2783 1728 3096 1791 exsisteret,
3156 1742 3257 1781 nec
3302 1727 3581 1780 desineret

1984 1838 2252 1892 unquam,
2297 1819 2518 1876 Patrem
2567 1821 2800 1885 scilicet,
2850 1835 2914 1875 ac
2945 1818 3144 1874 Filium
3203 1828 3257 1875 et
3312 1817 3569 1889 Spiritum

276 1913 412 1982 λησε
466 1907 827 1981 περιττοτέρα
883 1907 991 1960 τινὶ
1041 1906 1343 1978 φερόμενος
1395 1904 1734 1976 ἡδυπαθείᾳ,
1787 1904 1880 1958 καὶ

1993 1916 2147 1988 520
2193 1923 2448 1971 sanctum
2472 1954 2486 1977 ,
2532 1913 3028 1969 abundantioribus
3059 1919 3113 1968 et
3147 1912 3332 1968 nimiis
3360 1911 3571 1966 deliciis

277 2002 428 2055 κατά
460 2001 554 2054 τὸν
587 1999 854 2053 ἰδιωτικὸν
879 1997 1044 2051 αὑτοῦ
1085 1998 1209 2050 νοῦν
1239 1996 1627 2061 ἐπιτωθάζων,
1658 1995 1754 2048 καὶ
1787 1993 1883 2065 βα⁶

282 2097 400 2166 ρεῖς
440 2094 708 2164 στρήνους
756 2092 818 2144 ἐν
863 2090 1040 2160 ἐαυτῷ
1081 2090 1351 2160 ἀγόμενος
1379 2130 1393 2154 ,
1432 2088 1758 2142 στέλλεσθαι
1784 2089 1884 2159 τὴν

281 2186 513 2260 πορείαν
542 2186 638 2238 ἐπὶ
675 2184 746 2238 τά
797 2183 1149 2255 Ἱεροσόλυμα
1181 2182 1314 2254 περὶ
1352 2182 1481 2246 τοὺς
1511 2180 1736 2253 χρόνους
1775 2181 1884 2234 τῶν

283 2277 605 2333 ἀποστόλων
645 2275 780 2347 (15),
835 2275 913 2339 ὡς
958 2274 1120 2346 δῆθεν
1177 2276 1358 2328 ἐκεῖσε
1411 2272 1738 2344 ποιούμενος
1792 2271 1886 2325 τὸν

282 2372 446 2441 λόγον
477 2371 608 2441 περὶ
636 2368 763 2434 τοὺς
787 2367 856 2421 τὰ
882 2367 974 2420 ἐπὶ
1005 2365 1304 2439 μοναρχίας
1339 2363 1713 2437 κηρύττοντας
1732 2404 1748 2428 ,
1789 2363 1886 2416 καὶ

282 2465 394 2519 τῶν
438 2465 536 2518 τοῦ
581 2462 720 2517 Θεοῦ
767 2460 1109 2532 κτισμάτων.
1171 2459 1231 2512 '0
1279 2459 1337 2512 δὲ
1374 2457 1583 2521 τάλας,
1618 2455 1884 2521 ἀνελθὼν,

282 2557 635 2612 ἁντιϐἀλλειν
670 2555 874 2627 ἤρξατο
905 2553 1041 2625 πρὸς
1079 2552 1207 2614 τοὺς
1244 2550 1424 2603 ἐκεῖσε
1454 2549 1884 2621 πρεσϐυτέρους,

282 2654 415 2715 τοὺς
444 2650 592 2705 κατά
616 2648 716 2720 τὴν
743 2645 1068 2717 νομοθεσίαν
1092 2642 1231 2697 Θεοῦ
1255 2644 1356 2714 τὴν
1379 2641 1459 2713 τῷ
1482 2641 1686 2714 Μωῡσῇ
1716 2641 1888 2694 δοθεῑο

287 2761 412 2806 σαν,
457 2745 553 2796 καὶ
595 2742 914 2813 προφητικῇ
956 2737 1188 2791 ἑκάστου
1239 2736 1520 2807 προφήτου
1568 2733 1890 2806 διδασκαλία

287 2836 568 2908 βιοῦντας.
601 2835 722 2888 Ὀτι
746 2873 761 2898 ,
798 2831 925 2894 Πῶς
951 2845 1088 2899 φατε
1109 2829 1207 2882 ἕνα
1236 2827 1371 2880 Θεὸν
1391 2827 1694 2898 ποιήσαντα
1717 2825 1891 2879 νύκτα

287 2947 353 2983 τε
384 2930 482 2982 καὶ
517 2926 751 2998 ἡμέραν,
781 2924 961 2996 σάρκα
997 2939 1058 2975 τε
1092 2921 1189 2974 καὶ
1219 2918 1421 2992 ψυχὴν,
1465 2919 1632 2990 ξηρόν
1679 2936 1742 2972 τε
1794 2917 1890 2972 καὶ

289 3021 487 3094 ὑγρὸν,
515 3017 744 3091 οὐρανόν
776 3033 836 3070 τε
867 3014 956 3068 καὶ
984 3014 1109 3086 γῆν,
1141 3012 1334 3076 σκότος
1385 3028 1444 3064 τε
1479 3012 1574 3065 καὶ
1617 3010 1768 3081 φῶς;
1825 3011 1889 3063 υἱ

289 3114 356 3168 δὲ
401 3111 595 3179 σαφῶς
622 3108 916 3163 ἐδείκνυον.
961 3107 1036 3159 Οὐ
1062 3104 1172 3176 γάρ
1198 3106 1232 3175 ἡ
1275 3101 1506 3174 ἀλήθεια
1533 3102 1893 3173 παρακέκρυ-

295 3225 443 3261 πται
498 3205 560 3259 Ὀ
591 3203 648 3257 δὲ
677 3200 974 3270 ἀντιλέγων
1001 3199 1102 3252 οὐκ
1125 3195 1407 3269 ᾐσχύνετο.
1445 3195 1628 3267 Μηδὲν
1661 3195 1718 3248 δὲ
1738 3195 1892 3249 δυνά-

1983 2003 2275 2078 impulsus,
2311 2018 2475 2076 atque
2503 2013 2560 2059 ut
2590 2005 2714 2059 rudi
2755 2004 3123 2074 impcritoque
3164 2011 3284 2058 erat
3331 2004 3571 2072 ingenio,

1983 2100 2247 2153 cavillans
2294 2113 2359 2153 ac
2407 2097 2818 2152 vehementiore
2859 2097 2990 2151 luxu
3034 2095 3267 2157 fractus,
3315 2093 3565 2148 Hieroso-

1984 2191 2184 2261 lymam
2215 2190 2320 2244 sub
2351 2190 2722 2259 apostolorum
2759 2198 3008 2260 tempora
3045 2187 3318 2260 proﬁcisci
3361 2189 3575 2248 statuit,

1986 2290 2046 2337 ut
2077 2282 2188 2336 illic
2229 2297 2542 2339 sermonem
2577 2297 2703 2336 cum
2736 2282 2803 2338 iis
2838 2281 3135 2343 conferret,
3168 2282 3264 2350 qui
3293 2295 3354 2333 ea
3381 2277 3575 2349 praedi-

1986 2381 2196 2437 carent,
2265 2390 2384 2446 quaa
2414 2374 2480 2429 ad
2527 2375 2692 2430 unius
2732 2374 3097 2445 principatum
3141 2387 3338 2442 resque
3394 2367 3578 2430 a.Deo

1987 2467 2237 2523 conditas
2272 2459 2630 2538 pertinerent.
2673 2470 2862 2538 Itaque
2911 2466 3244 2535 simulatque
3289 2462 3356 2518 ad
3392 2463 3580 2517 urbem

1989 2559 2135 2614 illam
2196 2560 2456 2626 accessit,
2503 2575 2630 2616 cum
2675 2559 3034 2631 presbyteris,
3086 2557 3179 2628 qui
3237 2555 3350 2610 illic
3400 2561 3580 2614 erant,

1988 2654 2192 2724 quique
2227 2670 2293 2709 ex
2331 2655 2465 2724 legis
2491 2668 2522 2708 a
2551 2653 2662 2710 Deo
2697 2652 2836 2708 Mosi
2902 2653 3120 2706 tradita:
3150 2666 3215 2706 ac
3248 2648 3581 2721 prophetica:

1990 2746 2294 2816 disciplinae
2355 2747 2680 2818 prasscripto
2726 2747 2897 2802 vitam
2961 2744 3343 2804 instituebant,
3393 2741 3582 2812 dispu-

1990 2843 2109 2890 tare
2156 2837 2338 2906 cmpit.
2387 2835 2492 2903 Qui
2537 2837 2710 2901 enim,
2759 2837 2962 2902 aiebat,
3013 2849 3184 2888 unum
3237 2849 3361 2890 esse
3414 2831 3584 2886 Deum

1991 2927 2266 2995 asseritis,
2298 2927 2392 2998 qui
2432 2935 2648 2983 noctem
2683 2926 2942 2998 diemque
2999 2925 3331 2992 condiderit,
3369 2938 3585 2979 necnon

1992 3033 2216 3073 carnem
2263 3025 2319 3072 et
2355 3018 2621 3084 animam,
2670 3018 2882 3074 siccum
2937 3026 2992 3072 et
3026 3016 3335 3084 humidum,
3386 3017 3586 3072 ccelum

1994 3116 2154 3179 atque
2187 3118 2411 3173 terram,
2464 3107 2718 3166 tenebras
2745 3125 2810 3164 ac
2852 3109 3075 3165 lucem?
3121 3108 3280 3176 Quod
3346 3124 3468 3164 cum
3505 3108 3589 3163 illi

1995 3212 2181 3274 aperte
2227 3191 2696 3268 demonstrarent;
2729 3219 2906 3274 neque
2937 3203 3084 3258 enim
3123 3203 3339 3258 occulta
3384 3202 3590 3260 veritas

294 3317 469 3372 μενος
498 3295 840 3368 περαιῶσαι,
876 3267 1028 3364 ὅμως
1187 3267 1544 3360 ἀναισχυντίᾳ
1584 3288 1681 3358 τῆς
1728 3286 1890 3358 χαλε-

1995 3267 2108 3361 est;
2141 3302 2333 3349 contra
2360 3294 2449 3349 ille
2480 3294 2601 3350 sine
2628 3267 2741 3350 ullo
2761 3267 2970 3365 pudore
2998 3295 3349 3350 contendere.
3387 3293 3590 3349 Verum

293 3394 538 3462 πὸτητος
571 3388 816 3459 ἐφέρετο.
863 3385 950 3448 Ὧς
987 3383 1045 3437 δὲ
1072 3383 1174 3436 ούκ
1203 3381 1390 3453 ἴσχυσέ
1421 3399 1474 3434 τι
1499 3379 1716 3444 ἀνῦσαι,
1757 3378 1894 3433 ἀλλὰ

291 3481 360 3533 τὸ
389 3473 555 3550 ἧττον
585 3476 783 3548 μᾶλλον
816 3473 1190 3545 ἀπηνέγκατο,
1225 3471 1554 3543 ἐπετήδευσε
1585 3470 1654 3523 δι’
1679 3463 1754 3523 ὧν
1780 3466 1893 3540 εἷχε

298 3570 556 3642 μαγικῶν
591 3568 810 3640 βιϐλίων
840 3568 857 3636 (
881 3567 976 3619 καὶ
1003 3565 1113 3634 γὰρ
1159 3564 1255 3618 καὶ
1278 3565 1408 3634 γόης
1433 3563 1500 3635 ἦν
1526 3562 1634 3615 ἀπὸ
1657 3561 1758 3632 τῆς
1784 3561 1895 3616 τῶν

310 3662 493 3715 Ἰνδῶν
526 3661 622 3713 καὶ⁵
653 3658 964 3728 Αἰγυπτίων
1006 3657 1102 3710 καὶ
1140 3654 1438 3727 ἐθνομύθου
1479 3654 1678 3724 σοφίας
1724 3655 1896 3725 ἐμπο-

300 3753 644 3824 ρευσάμενος
677 3750 747 3804 τά
789 3747 938 3803 δεινά
978 3749 1074 3802 καὶ
1128 3748 1387 3818 ὀλετήρια
1425 3746 1526 3815 τῆς
1571 3742 1892 3816 γοητείας),

297 3843 612 3914 φαντασίαν
648 3842 771 3896 τινά
797 3840 892 3894 ἐπὶ
929 3837 1180 3910 δώματος
1213 3837 1450 3893 ἀνελθὼν
1489 3837 1584 3890 καὶ
1614 3835 1898 3907 ἐπιτηδεύ-

299 3957 429 4001 σας,
474 3939 627 4009 ὅμως
667 3934 817 3988 οὐδὲν
870 3932 1125 4004 ἰσχύσας,
1162 3931 1299 3985 ἀλλὰ
1337 3928 1667 3984 καταπεσὼν
1709 3930 1774 3982 ἐκ
1803 3928 1897 3982 τοῦ

296 4029 581 4100 δώματος,
607 4025 752 4080 τέλει
778 4024 872 4078 τοῦ
906 4025 1020 4094 βίου
1051 4023 1346 4094 ἐχρήσατο.
1377 4017 1487 4074 Ἦν
1518 4020 1576 4074 δὲ
1605 4019 1896 4091 διατρίψας

300 4123 426 4173 ἐκεῖ
470 4115 632 4171 ἱκανά
672 4115 790 4188 ἐτη,
840 4115 1088 4187 μαθητὴν
1133 4114 1189 4167 δὲ
1236 4113 1377 4184 ἔχων
1425 4112 1522 4165 ἕνα
1570 4112 1732 4183 μόνον
1779 4112 1899 4181 μεθ’

301 4209 529 4274 ἑαυτοῦ,
565 4208 657 4262 τὸν
697 4207 1096 4280 προειρημένον
1131 4204 1448 4278 Τέρϐινθον,
1482 4198 1526 4273 ᾧ
1559 4205 1656 4259 καὶ
1685 4205 1755 4259 τά
1794 4205 1902 4259 ἴδια

302 4302 634 4356 ἐπίστευσεν
673 4299 748 4364 ὡς
776 4298 1183 4368 πιστικωτάτῳ,
1219 4299 1313 4352 καὶ
1341 4299 1462 4350 κατ’
1513 4295 1725 4353 εὔνοιαν
1752 4297 1901 4370 αὐτῷ

301 4392 803 4466 ἑξυπηρετουμένῳ
822 4407 835 4419 ·
871 4391 950 4456 ὃς,
991 4390 1415 4461 τελευτήσαντος
1448 4389 1545 4442 τοῦ
1577 4388 1900 4453 Σκυθιανοῦ,

301 4485 533 4557 κηδεύει
567 4485 666 4555 μὲν
690 4483 853 4536 αὐτὸν
884 4482 1371 4554 φιλοφρονέστατα,
1403 4481 1498 4535 καὶ
1533 4480 1714 4551 θάψας
1761 4481 1904 4536 σκέ-

302 4596 510 4634 πτεται
545 4578 622 4650 μὴ
649 4577 786 4648 πρὸς
828 4576 891 4629 τὸ
923 4575 1145 4645 γύναιον
1174 4573 1520 4644 ἀνακάμψαι,
1553 4573 1613 4627 τὸ
1636 4574 1750 4646 -ἦδη
1795 4574 1904 4628 ἀπὸ

1999 3387 2089 3441 ubi
2132 3386 2269 3441 nihil
2302 3386 2542 3458 proﬁcit,
2584 3386 2640 3440 in
2681 3386 2870 3442 eadem
2916 3387 3278 3443 nihilominus
3327 3387 3593 3442 molestia:

1997 3478 2333 3550 impudentia
2377 3479 2639 3549 persistit.
2666 3478 2951 3535 Postremo
2997 3494 3123 3534 cum
3169 3480 3304 3534 nihil
3352 3480 3592 3536 elliceret

1996 3573 2263 3637 omnino,
2322 3568 2420 3625 sed
2483 3570 2666 3624 vietus
2717 3570 2900 3640 potius
2959 3569 3316 3636 abscederet,
3364 3569 3596 3640 magicis

1997 3660 2330 3732 quibusdam
2360 3661 2513 3718 libris
2545 3661 2806 3718 adhibitis
2835 3662 2990 3733 _(e'rat
3017 3662 3162 3716 enim
3197 3660 3594 3716 maleﬁciorum

2000 3754 2228 3824 peritus,
2255 3769 2320 3808 ac
2358 3753 2731 3824 perniciosam
2764 3754 2914 3808 illam
2957 3762 3010 3808 et
3050 3754 3378 3808 exitiabilem
3419 3762 3593 3808 artem

1998 3863 2066 3901 ex
2110 3845 2370 3900 Indorum
2429 3855 2483 3901 et
2529 3844 2914 3918 Egyptiorum
2959 3846 3354 3917 gentiliumque
3420 3845 3594 3901 disci-

1999 3939 2148 4009 plina
2199 3938 2351 3993 velut
2410 3939 2828 3994 mercimonium
2889 3939 3171 4010 quoddam
3222 3940 3595 4010 abstulerat),

2001 4028 2298 4099 praestigiis
2348 4028 2580 4083 illudere
2624 4036 2858 4084 conatus
2897 4037 3020 4093 est;
3058 4044 3120 4083 ac
3153 4028 3318 4082 domo
3358 4029 3594 4098 quadam

2003 4138 2305 4178 conscensa
2339 4123 2512 4178 nihilo
2544 4122 2717 4194 magis
2739 4121 2886 4193 quod
2919 4123 3136 4176 volebat
3172 4130 3464 4177 assecutus
3487 4129 3594 4175 est.

2003 4212 2218 4286 Quippe
2251 4215 2380 4269 inde
2426 4229 2673 4286 praeceps
2719 4212 2980 4270 decidens
3007 4229 3076 4268 ex
3113 4214 3217 4266 hac
3244 4212 3353 4266 vita
3393 4211 3597 4282 migra-

2004 4307 2117 4367 vit,
2167 4321 2295 4362 cum
2339 4308 2542 4364 multos
2582 4309 2694 4363 illic
2745 4323 2919 4364 annos
2962 4306 3200 4376 egisset,
3235 4313 3398 4374 atque
3430 4319 3598 4358 unum

2005 4399 2385 4455 tantummodo
2424 4416 2611 4456 secum
2656 4401 2988 4470 discipulum
3019 4399 3336 4460 habuisset,
3372 4396 3602 4451 Terbin-

2009 4491 2161 4545 thum
2179 4490 2432 4547 videlicet
2450 4493 2623 4560 illum,
2643 4509 2805 4565 quem
2824 4492 3083 4555 diximus,
3107 4491 3195 4545 cui
3222 4499 3276 4546 et
3293 4506 3394 4546 sua
3413 4489 3601 4541 omnia

2006 4583 2157 4637 velut
2223 4581 2493 4639 ﬁdissimo
2563 4583 3192 4653 benevolentissimoque
3273 4580 3602 4634 administro

303 4641 574 4742 πορνείας
609 4641 736 4741 ἢτοι
779 4641 1157 4739 αἰχμαλωσίας
1204 4663 1284 4737 τῷ
1347 4641 1633 4737 Σκυθιανῷ
1672 4641 1890 4739 συνημε

2011 4673 2307 4730 commisit.
2359 4673 2460 4730 Hic
2500 4684 2778 4730 mortuum
2815 4675 3174 4747 Scythianum
3217 4689 3382 4745 quam
3425 4673 3604 4726 hono-

307 4762 475 4834 μένον
487 4806 498 4816 .

2013 4764 2418 4822 riiicentissime
2478 4767 2745 4837 sepelivit.
2795 4766 2934 4821 Tum
2985 4765 3127 4838 apud
3175 4781 3235 4822 se
3292 4763 3602 4819 deliberans

304 4856 508 4911 statuit
547 4854 614 4910 ad
675 4853 822 4908 illam
887 4851 1264 4908 mulierculam
1308 4867 1422 4908 non
1463 4853 1688 4918 reverti,
1754 4869 1919 4925 quam
1974 4873 2006 4913 e
2069 4860 2382 4917 meretricio
2421 4869 2633 4932 quaestu
2687 4876 2750 4916 ac
2797 4862 3062 4918 servitute
3109 4859 3216 4915 sibi
3268 4856 3602 4929 Seythianus

303 4955 665 5023 adjunxerat.

379 5046 552 5100 Ἀλλά
592 5044 998 5116 ἀποδιδράσκει,
1046 5043 1226 5098 λαϐὼν
1275 5042 1455 5098 πάντα
1507 5043 1719 5115 ὅσαπερ
1757 5039 1906 5116 εἶχε,

307 5139 520 5211 χρυσόν
563 5155 622 5191 τε
663 5122 1061 5209 καὶάργυρον,
1093 5137 1188 5190 καὶ
1233 5134 1304 5189 τὰ
1342 5134 1478 5189 ἀλλα
1500 5174 1514 5198 ,
1544 5136 1625 5199 είς
1663 5136 1762 5206 τὴν
1800 5135 1908 5190 τῶν

306 5229 545 5301 Περσῶν
573 5229 779 5301 χώραν,
812 5230 1003 5283 ἑαυτοῦ
1030 5229 1092 5282 τὸ
1123 5230 1316 5300 ὄνομα,
1348 5227 1437 5281 ἵνα
1467 5227 1542 5300 μὴ
1581 5229 1910 5301 κατάφωρος

306 5326 564 5394 γένηται,
599 5323 721 5375 ἀντὶ
750 5323 1079 5394 Τερϐίνθου,
1104 5323 1179 5386 ὡς
1213 5322 1325 5376 άνω
1355 5340 1444 5394 μοι
1477 5322 1905 5393 προδεδήλωται,

309 5416 552 5469 Βουδδᾶν
601 5415 778 5486 ἐαυτῷ
826 5415 1149 5486 ἐπιθέμενος
1191 5414 1381 5486 ὄνομα.
1424 5407 1594 5477 Οὗτος
1635 5413 1693 5466 δὲ
1745 5413 1909 5469 πάλιν

371 5573 486 5644 (14)
509 5573 888 5653 Καίβίόλους
902 5572 1233 5652 τέσσαρας.
1254 5569 1411 5694 Δίρυιί
1431 5567 1657 5624 Suidam
1672 5577 1912 5650 quatuor

371 5660 586 5694 urorum
614 5656 847 5694 istorum
867 5650 1062 5694 auctor
1080 5643 1251 5694 fuisse
1321 5650 1484 5694 IClllll'
1514 5640 1908 5694 'l‘erebmthus.

313 5640 586 5700 librorum
614 5648 847 5700 istorum
867 5650 1062 5697 auctor
1080 5643 1251 5696 fuisse
1281 5640 1484 5695 dicitur
1514 5640 1908 5704 'l‘erebinthus,

311 5719 430 5769 sive
466 5713 714 5778 Buddas;
745 5729 979 5782 quorum
1008 5712 1173 5766 etiam
1205 5711 1343 5766 ordo
1379 5711 1542 5782 aliter
1573 5712 1907 5782 instituitur.

310 5785 454 5840 Nam
481 5785 696 5854 primus
725 5779 812 5838 est
844 5782 1269 5854 Mysteriorugn,
1288 5779 1566 5837 secundus
1599 5781 1910 5852 Evangelii,

313 5850 519 5932 tertius
549 5854 808 5932 thesauri
828 5894 842 5913 ,
879 5850 1111 5932 quartus
1135 5850 1408 5932 Cupitum.

389 5924 507 5991 “5)
545 5926 683 5995 Περὶ
706 5924 848 5990 τοὺς
879 5921 1139 5993 χρόνους
1173 5921 1290 5977 τῶν
1322 5923 1707 5995 ἀποστόλων.
1743 5921 1909 5980 Com-

2083 5041 2273 5112 llaque
2315 5056 2439 5096 cum
2463 5041 2718 5096 omnibus
2746 5057 2868 5112 quae
2900 5041 3158 5106 habebat,
3197 5056 3332 5096 auro
3364 5042 3598 5107 scilicet,

2016 5141 2260 5206 argento,
2282 5135 2606 5204 eaetcrisque
2621 5134 2816 5204 copiis,
2848 5135 2904 5188 in
2927 5133 3204 5190 Persidem
3233 5135 3463 5205 aufugit.
3494 5134 3594 5199 lbi,

2015 5243 2086 5282 ne
2107 5226 2625 5296 deprehenderetur,
2658 5236 2869 5282 mutato
2901 5227 3144 5290 nomine,
3178 5242 3278 5298 pro
3296 5225 3600 5280 Terbintho

2015 5316 2260 5372 Buddam
2293 5333 2373 5384 se,
2417 5319 2496 5372 uti
2536 5319 2798 5381 diximus,
2846 5320 3101 5389 appellat.
3140 5319 3320 5388 Atque
3348 5318 3436 5372 hic
3473 5334 3602 5388 pes-

2016 5414 2212 5470 simam
2251 5429 2444 5469 rursus
2473 5421 2710 5484 qualuor
2764 5413 2984 5467 illorum
3024 5410 3306 5482 Scythiani
3336 5409 3603 5464 librorum

2008 5569 2170 5626 mode
2218 5569 2365 5628 istud
2409 5568 2790 5640 accipiendum
2819 5577 2921 5631 est,
2964 5578 3024 5624 ut
3057 5567 3434 5640 apostolorum
3467 5575 3609 5621 lem-

2010 5656 2145 5710 pora
2181 5651 2360 5705 vocet,
2384 5656 2507 5711 quae
2535 5642 2640 5695 illis
2675 5641 2924 5710 proxima
2955 5651 3108 5707 sunt;
3147 5655 3271 5693 nam
3304 5647 3609 5711 utaposto-g

2011 5709 2095 5766 los
2157 5712 2359 5768 viderit
2412 5709 2773 5783 Scythianus,
2801 5727 3147 5783 nequaquam
3213 5710 3478 5783 procedit,
3528 5709 3607 5763 uti

2011 5791 2202 5911 postea
2233 5779 2532 5851 constabit,
2573 5799 2699 5838 cum
2725 5784 2792 5839 de
2816 5779 3104 5838 Manichaai
3141 5779 3388 5851 tempore
3411 5779 3609 5850 dispu--

2039 5870 2069 5909 a
2111 5865 2241 5911 itur.

2015 5863 2241 5911 labitur.
