4076 6392
451 311 522 370 35
1869 307 1927 364 S.
1971 305 2313 365 EPlPllAMl
3661 305 3734 362 56

451 443 518 483 ac
541 423 880 498 magicarum
917 430 1118 479 artium
1141 429 1196 478 et
1229 423 1632 495 praestigiarum
1669 423 2038 480 baercditatem

2151 427 2266 498 ἔσχε
2299 426 2476 498 κακὴν
2503 425 2754 496 διαδοχὴν
2781 422 3164 496 κληρονομίας,
3195 423 3260 478 τὰ
3283 424 3524 496 τέσσαρα
3551 425 3734 496 βιϐλία

451 519 611 574 adiit.
661 516 807 572 Idem
849 517 996 570 enim
1043 517 1348 570 litterarum
1394 515 1640 586 apprime
1679 515 1878 571 studiis
1917 525 2038 571 erat

449 610 725 666 eruditus.
770 605 876 663 Sed
929 623 1054 662 cum
1103 609 1158 662 in
1209 605 1438 662 Perside
1467 613 1522 660 et
1551 607 1667 677 ipse
1710 607 2033 678 disputaret,

457 712 624 772 atque
651 699 794 770 apud
822 699 1042 754 viduam
1078 697 1373 769 quamdam
1421 697 1696 762 habitans,
1741 713 1866 752 cum
1903 699 2036 753 aedi-

467 796 580 850 tuis
608 809 670 850 ac
723 793 1104 849 sacerdotibus
1152 790 1384 852 Mithrae,
1431 790 1488 843 in
1525 790 1826 859 primisque
1863 787 2038 844 Pareo

455 888 718 960 quodam.
764 903 828 942 ac
875 885 1129 940 Labdaco
1165 881 1466 956 prophetis,
1518 883 1586 938 de
1623 881 1783 952 621
1824 881 2042 938 duobus

453 978 744 1048 principiis
773 974 1152 1040 contenderet,
1191 989 1368 1044 neque
1393 973 1478 1028 vel
1527 971 1854 1028 idololatriae
1897 973 2042 1028 anti-

456 1069 684 1126 stitibus
707 1069 966 1124 resistere
997 1073 1204 1138 posset,
1233 1065 1328 1122 sed
1353 1065 1422 1120 ab
1462 1065 1530 1120 iis
1562 1065 1880 1136 turpissime
1907 1079 2042 1118 con-

457 1163 638 1218 victus
679 1169 846 1225 esset,
890 1159 1198 1230 Scytliiani,
1253 1173 1415 1229 quem
1459 1158 1810 1230 sequebatur,
1855 1173 2043 1213 exem-

458 1255 548 1324 plo
591 1255 787 1308 domus
823 1251 1101 1322 fastigium
1143 1251 1542 1314 conscendens,
1589 1249 1773 1319 ibique
1813 1249 2042 1320 magicis

457 1347 668 1400 artibus
707 1346 759 1400 id
805 1345 1014 1400 eflicere
1059 1342 1310 1408 studens,
1355 1359 1424 1398 ne
1453 1343 1578 1412 quis
1637 1342 1742 1396 sibi
1786 1341 2043 1410 deinceps

457 1438 832 1492 contradicere
865 1437 1108 1500 auderet,
1155 1437 1224 1490 ab
1281 1436 1474 1506 angelo
1523 1433 1773 1504 dejectus
1818 1433 2040 1498 cecidit,

459 1542 623 1602 atque
655 1531 726 1585 ob
761 1545 824 1586 ea
853 1547 974 1600 quae
1003 1528 1331 1583 moliebatur
1363 1527 1628 1582 maleficia
1669 1527 1849 1597 periit.
1890 1529 2043 1580 Anus

458 1639 647 1694 porro,
681 1623 896 1692 sepulto
929 1621 1076 1675 illius
1103 1635 1355 1690 corpore,
1392 1619 1680 1690 pecuniam
1705 1635 1920 1674 onmem
1946 1619 2045 1674 ob—

457 1713 648 1768 tinuit.
705 1713 838 1778 Quze
890 1711 1112 1782 quidem
1161 1725 1287 1764 cum
1339 1711 1541 1765 liberos
1599 1725 1664 1764 ac
1709 1710 2046 1780 propinquos

2137 519 2232 572 τοῦ
2272 517 2572 572 Σκυθιανοῦ
2619 520 2715 571 καὶ
2761 518 2828 572 τά
2867 518 2964 588 τῆς
3015 518 3248 588 μαγείας
3297 518 3730 588 ἐπιτηδεύματα.

2137 607 2246 665 Ἦν
2274 611 2382 682 γάρ
2425 611 2521 666 καὶ
2545 604 2702 674 οὗτος
2745 613 2803 664 ἐν
2843 610 3167 680 γράμμασιν
3200 609 3601 679 ἐπιμελέστατα
3636 627 3734 662 πε-

2140 705 2520 776 παιδευμένος.
2570 705 2658 767 Ὠς
2689 703 2744 756 δέ
2781 704 2874 756 καὶ
2903 703 3066 766 αὐτὸς
3093 742 3107 766 ,
3141 701 3526 773 διαλεγόμενος
3559 705 3618 755 ἐν
3661 705 3730 774 τῇ

2143 795 2368 866 Περσῶν
2407 795 2592 866 χώρα,
2629 794 2925 864 καταχθεὶς
2971 794 3105 864 πρὸς
3142 793 3320 865 γραῦν
3367 809 3488 846 τινα
3532 794 3730 862 χήραν.

2141 889 2236 941 καὶ
2281 889 2396 952 τοῖς
2438 887 2531 942 τοῦ
2596 887 2784 958 Μίθρα
2822 887 3116 956 νεωκόροις
3147 903 3205 938 τε
3257 885 3353 938 καὶ
3394 883 3598 956 ἱερεῦσι
3635 883 3732 937 τοῦ

2141 979 2384 1046 εἰδώλου,
2427 981 2684 1052 προφήτῃ
2721 978 2828 1032 τινὶ
2872 979 3077 1050 Πάρκῳ
3116 979 3212 1032 καὶ
3255 977 3517 1046 Λαϐδάκῳ
3575 975 3736 1045 συζη-

2142 1074 2314 1144 τήσας
2349 1073 2616 1144 περὶτῶν
2663 1071 2756 1126 δύο
2795 1071 3004 1143 ἀρχῶν,
3053 1073 3148 1124 καὶ
3183 1071 3258 1142 μὴ
3295 1069 3546 1142 δυνηθεὶς
3595 1071 3730 1140 μήτε

2145 1163 2247 1218 κᾶν
2287 1163 2425 1234 πρὸς
2471 1165 2600 1226 τοὺς
2639 1163 2738 1234 τῆς
2781 1163 3224 1233 εἰδωλολατρείας
3275 1163 3567 1232 πρυτάνεις
3613 1161 3734 1214 δια-

2143 1253 2399 1325 λεχθῆναι
2425 1295 2439 1316 ,
2493 1253 2608 1308 ἀλλ’
2660 1253 2870 1326 ἐλέγχῳ
2905 1254 3185 1318 καταστὰς
3217 1255 3348 1326 παρ’
3393 1255 3595 1317 αὐτῶν,
3635 1252 3732 1306 καὶ

2144 1341 2332 1415 αἶσχος
2379 1345 2861 1416 ἀπενεγκάμενος,
2908 1344 3170 1408 ὡσαύτως
3219 1345 3297 1415 τῷ
3351 1342 3734 1416 προειρημένῳ

2145 1437 2428 1508 Σκυθιανῷ
2453 1437 2524 1490 τὰ
2556 1439 2718 1508 ὅμοια
2753 1439 3051 1509 φρονήσας,
3077 1437 3168 1490 ἐπὶ
3197 1436 3256 1490 τὸ
3281 1437 3554 1508 δωμάτιον
3586 1435 3737 1490 ἀνελ-

2146 1528 2277 1594 θὼν,
2309 1529 2570 1600 μαγεύειν
2597 1547 2650 1582 τι
2676 1529 2836 1601 δῆθεν
2876 1529 3013 1602 πρὸς
3047 1529 3108 1582 τὸ
3147 1531 3219 1602 μή
3253 1547 3373 1582 τινα
3407 1527 3556 1599 αύτῷ
3585 1529 3734 1581 ἀντι-

2145 1621 2325 1690 λέγειν
2367 1623 2760 1693 ἐπιτηδεύσας,
2811 1623 2914 1676 ὐπὺ
2976 1621 3210 1692 ἀγγέλου
3271 1622 3562 1694 καταχθεὶς
3602 1639 3734 1677 κατ-

2149 1713 2335 1780 έπεσε,
2369 1715 2468 1769 καὶ
2501 1714 2675 1779 οὕτως
2703 1715 2934 1787 τέθνηκε
2963 1715 3030 1768 δι’
3067 1717 3131 1786 ἦν
3161 1715 3421 1786 ἠϐούλετο
3449 1715 3732 1786 ἐπιχειρῆ-

461 1806 690 1860 haberet
745 1804 948 1869 nullos,
1023 1802 1118 1856 diu
1175 1801 1229 1855 in
1299 1801 1393 1856 illo
1453 1809 1599 1856 statu
1651 1802 2040 1872 perseveravit.

2151 1823 2240 1860 σαι
2277 1807 2542 1878 μαντικήν
2573 1809 2875 1880 ἐνέργειαν.
2923 1809 2988 1861 Ἡ
3027 1809 3084 1863 δέ
3118 1809 3313 1880 γραῦς,
3347 1809 3738 1879 περιστείλασα

458 1895 700 1952 Tandem
727 1911 856 1952 vero
885 1895 1206 1960 Cubricum,
1247 1893 1340 1966 qui
1387 1901 1440 1949 et
1479 1892 1665 1948 Manes
1709 1893 1889 1950 dictus
1933 1901 2038 1960 est,

457 1989 526 2044 ad
562 1988 825 2058 obsequia
869 1987 1157 2042 famularia
1207 2001 1428 2042 servum
1487 1985 1733 2040 coemit:
1784 1985 1872 2039 cui
1927 2001 2046 2039 mo-

457 2082 608 2136 riens
633 2080 832 2132 malam
863 2079 1010 2131 illam
1039 2077 1412 2133 liazreditatem
1447 2075 1674 2146 perinde
1703 2087 1866 2146 atque
1893 2078 2044 2147 aspi-

458 2174 545 2230 dis
571 2173 743 2238 virus,
770 2171 1064 2226 multorum
1093 2171 1162 2226 ad
1193 2169 1472 2226 interitum
1511 2183 1574 2224 ac
1609 2169 1908 2240 perniciem
1950 2184 2040 2224 re-

459 2265 643 2336 liquit.

2149 1897 2336 1952 τούτου
2371 1897 2430 1951 τὸ
2473 1898 2650 1970 σῶμα,
2692 1899 2801 1954 τῶν
2849 1901 3146 1970 χρημάτων
3190 1899 3355 1954 αὐτοῦ
3411 1901 3467 1953 ἐν
3514 1898 3735 1964 καθέξει

2141 1991 2466 2062 γεγένηται·
2525 1992 2619 2045 καὶ
2661 1992 2736 2064 μὴ
2787 1991 2989 2064 ἐχουσα
3031 1992 3230 2058 παῖδα,
3281 1991 3418 2062 μηδέ
3466 2009 3589 2044 τινα
3625 1989 3736 2042 τῶν

2139 2080 2526 2152 διαφερόντων,
2559 2083 2742 2154 ἔμεινε
2772 2085 2954 2156 πολλῷ
2996 2083 3075 2154 τῷ
3109 2083 3286 2156 χρόνῳ
3319 2083 3512 2147 οὓτως.
3541 2083 3742 2135 ’Ύστεα

2143 2187 2233 2242 ρον
2281 2172 2336 2224 δὲ
2381 2171 2748 2244 προσελάϐετο
2795 2174 3076 2246 πριαμένη
3137 2174 3229 2227 τὸν
3267 2173 3598 2245 Κούϐρικον,
3646 2171 3738 2224 τὸν

2139 2263 2234 2316 καὶ
2260 2264 2472 2335 Μάνην.
2519 2267 2686 2338 ἐαυτῇ
2720 2266 2856 2338 πρὸς
2893 2267 3234 2339 ὑπηρεσίαν·
3281 2267 3379 2320 καὶ
3425 2264 3742 2320 τελευτῶσα

457 2357 749 2412 κατέλιπεν
765 2353 912 2426 αὑτῷ
927 2355 994 2408 τά
1015 2354 1117 2425 τῆς
1135 2354 1310 2426 κακῆς
1327 2353 1710 2426 κληρονομίας,
1727 2354 1803 2417 ὡς
1835 2353 1910 2406 ἰὸν
1927 2353 2034 2406 ἀπὸ
2054 2356 2280 2420 ἀσπίδος
2308 2357 2740 2428 καταλειφθέντα
2755 2361 2834 2423 είς
2853 2360 3064 2414 πολλῶν
3083 2359 3289 2432 φθορὰν
3321 2361 3414 2414 καῖ¹
3441 2359 3736 2414 ἀπώλειαν.

531 2449 620 2506 IV.
679 2451 868 2520 Itaque
918 2449 1211 2514 Cubricus,
1273 2448 1366 2518 qui
1423 2464 1480 2504 se
1539 2447 1752 2502 Manem
1805 2449 2043 2515 vocavit,

461 2541 606 2596 inter
651 2539 870 2604 Persas,
920 2539 1063 2610 apud
1103 2554 1245 2612 quos
1274 2539 1530 2608 degebat,
1570 2537 1857 2608 disputare
1888 2537 2048 2592 insti-

461 2635 587 2688 tuit.
637 2631 836 2688 Verum
891 2647 1016 2686 cum
1074 2632 1278 2686 nemini
1331 2631 1593 2700 dogmata
1634 2645 1732 2685 sua
1763 2630 2044 2699 probaret,

472 2725 568 2782 sed
603 2725 917 2798 quicunque
951 2724 1254 2778 doctrinam
1293 2722 1442 2778 illius
1473 2722 1787 2786 audiebant,
1816 2723 2046 2778 moleste

463 2815 691 2886 ferrent,
735 2833 800 2871 ac
845 2816 1088 2872 novitate
1132 2817 1246 2886 ipsa
1293 2815 1687 2886 horrendisque
1733 2815 1842 2870 illis
1889 2822 1944 2870 ct
1977 2815 2044 2870 ad

461 2906 848 2977 decipiendum
891 2905 1214 2976 compositis
1255 2905 1453 2959 fabulis
1498 2921 1564 2959 ac
1613 2905 1844 2958 vocibus
1880 2904 2045 2959 velte-

2223 2455 2298 2504 A'.
2327 2451 2496 2506 Πάλιν
2556 2447 2649 2506 οὖν
2687 2452 3030 2524 Κούϐρικος,
3087 2454 3116 2506 ὁ
3159 2452 3352 2506 ἑαυτὸν
3393 2452 3744 2522 ἐπονομάσας

2154 2539 2372 2612 Μάνην,
2407 2544 2465 2596 ἐν
2488 2543 2670 2608 αὐτοῖς
2709 2543 2883 2614 διῆγε,
2909 2543 3004 2597 καὶ
3035 2546 3091 2598 ἐν
3112 2543 3294 2608 αὐτοῖς
3317 2543 3600 2612 διελέγετο.
3629 2545 3744 2598 Καὶ

2155 2634 2231 2698 ὡς
2264 2635 2438 2698 οὐδεὶς
2461 2635 2610 2706 αὐτῷ
2641 2635 2910 2702 ἐπείθετο,
2947 2635 3086 2688 ἀλλὰ
3119 2635 3408 2700 ἀκούοντες
3435 2633 3742 2704 Μανιχαίου

2161 2729 2544 2794 διδασκαλίαν,
2606 2730 2935 2800 ἐδυσφόρουν
2989 2731 3112 2800 μέν,
3171 2731 3263 2784 καὶ
3303 2728 3748 2794 ἐξενολεκτοῦντο

2154 2823 2357 2886 πάντες
2383 2823 2480 2876 ἐπὶ
2515 2825 2583 2894 τῇ
2634 2821 2954 2893 καινοτομίᾳ
2988 2821 3081 2874 καὶ
3119 2821 3262 2892 δεινῇ
3295 2821 3606 2892 μυθοποιίᾳ,
3647 2821 3746 2874 καὶ

2155 2917 2284 2985 κενῇ
2341 2913 2550 2986 ἀπάτῃ,
2607 2916 2635 2967 ὁ
2675 2913 2732 2966 δὲ
2781 2912 2922 2984 δρῶν
2953 2912 3023 2965 τά
3061 2913 3168 2966 ἴδια
3199 2912 3298 2983 τῆς
3327 2911 3745 2982 κακομηχανίας

462 3009 678 3056 menter
728 2999 1216 3070 obstupescerent,
1267 3012 1503 3068 cumque
1536 3012 1734 3052 omnes
1757 2997 1870 3062 ille,
1906 3011 2046 3066 quos

2151 3007 2567 3078 ἀνατρεπόμενα
2617 3005 2726 3058 τῶν
2761 3005 2934 3074 λόγων
2965 3005 3288 3075 συνθήματα
3313 3021 3325 3034 ·
3355 3003 3454 3074 τὴν
3494 3003 3745 3056 διάνοιαν

461 3093 532 3147 de
563 3092 731 3162 impio
755 3098 1068 3146 commento
1107 3105 1392 3144 sermones
1425 3088 1682 3154 habebat,
1703 3087 1874 3142 refelli
1896 3103 2051 3143 ever—

465 3183 616 3254 tique
663 3191 949 3250 cerneret;
994 3181 1342 3238 occasionem
1373 3182 1666 3251 quamdam
1698 3179 2048 3250 excogitavit,

464 3292 562 3346 per
585 3291 750 3346 quam
785 3275 1122 3330 inanissimis
1150 3276 1256 3328 illis
1309 3283 1362 3326 et
1388 3273 1454 3326 ad
1485 3281 1763 3342 stuporem
1787 3271 2040 3326 confictis

467 3369 666 3424 fabulis
697 3369 1084 3422 auctoritatem
1125 3367 1445 3420 ascisceret.
1482 3366 1618 3419 Cum
1649 3365 1794 3418 enim
1831 3377 2052 3432 percreo

464 3459 698 3526 buisset,
741 3460 1037 3515 Persarum
1084 3459 1228 3530 regis
1264 3457 1434 3512 ﬁlium
1462 3457 1698 3527 quadam
1727 3455 2052 3526 aegritudine

461 3561 777 3624 correptum
839 3553 896 3606 in
951 3552 1098 3622 regia
1167 3549 1462 3606 Persarum
1523 3551 1658 3604 urbe
1723 3548 2052 3603 decumbere

465 3649 672 3718 (neque
699 3647 844 3700 enim
892 3643 1078 3699 Manes
1119 3643 1231 3697 illic
1261 3642 1510 3714 degebat,
1543 3642 1638 3696 sed
1669 3641 1779 3696 alio
1811 3641 2050 3711 quodam

467 3735 522 3791 in
546 3737 668 3791 loco
702 3736 770 3790 ab
803 3735 943 3806 regis
982 3733 1106 3787 aula
1140 3733 1377 3804 dissito),
1405 3739 1714 3788 excaecante
1757 3732 1908 3785 illum
1945 3731 2050 3784 im-

465 3829 739 3898 probitate
781 3843 902 3891 sua,
959 3833 1112 3881 ratus
1163 3843 1218 3880 In
1269 3826 1386 3880 heri
1439 3826 1526 3882 sui
1577 3823 1888 3888 Terbinthi,
1932 3822 2050 3878 sive

465 3917 690 3982 Buddae,
721 3919 818 3990 qui
847 3925 902 3974 et
939 3915 1224 3988 Scytliiani
1255 3915 1429 3972 haeres
1459 3917 1662 3980 fuerat,
1697 3915 1854 3970 libris
1888 3928 2052 3985 posse

465 4027 528 4068 se
584 4011 652 4066 ad
701 4011 1006 4066 sanandum
1063 4011 1208 4082 regis
1263 4010 1434 4064 lilium
1495 4009 1738 4064 remedia
1798 4007 2052 4078 quaedam

468 4105 736 4168 invenire,
768 4119 836 4158 ex
865 4105 998 4158 urbe
1041 4119 1141 4159 sua
1186 4103 1466 4172 digressus
1496 4100 1564 4156 ad
1589 4104 1790 4171 regiam
1819 4107 2052 4154 conten-

467 4196 551 4251 dit
571 4239 585 4260 ,
623 4213 686 4251 ac
719 4213 984 4267 quorsum
1007 4197 1246 4252 venisset
1278 4196 1552 4266 aperiens,
1581 4203 1788 4250 certam
1827 4194 1938 4247 lilio
1966 4208 2052 4247 re-

469 4289 554 4358 gis
581 4271 740 4358 opem
791 4287 1083 4358 promittit.
1131 4285 1238 4340 Sed
1275 4303 1400 4357 spes
1451 4287 1802 4354 impostorcm
1837 4281 2048 4338 fefellit.

468 4379 603 4436 Nam
645 4395 768 4434 cum
797 4395 944 4450 aegro
979 4379 1376 4434 medicamenta
1411 4378 1657 4449 quaedam
1683 4375 2048 4439 adhibuisset,
2087 4363 2128 4418 Ι)

467 4474 884 4543 exspectatione
937 4487 1037 4526 sua
1091 4471 1390 4526 frustratus
1443 4480 1572 4525 est:
1607 4471 1742 4524 adeo
1795 4477 1852 4522 ut
1907 4469 2050 4522 inter

470 4565 618 4619 illius
649 4579 843 4619 manus
873 4565 1194 4620 adolescens
1229 4573 1508 4634 postremo
1538 4564 1608 4618 sit
1639 4571 1910 4628 mortuus,
1941 4577 2052 4632 quo

469 4673 610 4711 vana
646 4657 819 4726 ipsius
849 4671 913 4711 ac
941 4656 1222 4712 mendacia
1251 4656 1520 4726 promissa
1571 4655 2048 4708 convincerentur.

470 4749 596 4804 Haec
655 4765 780 4803 cum
836 4750 912 4802 ita
965 4749 1352 4818 contigissent,
1391 4747 1554 4820 622
1583 4747 1743 4816 jussu
1801 4746 1943 4815 regis
1995 4745 2048 4796 in

469 4845 687 4899 vincula
717 4842 1036 4912 conjicitur.
1069 4841 1255 4911 Neque
1283 4841 1428 4896 enim
1467 4839 1756 4894 Persarum
1795 4851 1952 4906 reges
1995 4837 2052 4889 in

468 4934 739 5006 gravioris
771 4934 956 4988 delicti
988 4947 1111 4986 reos
1146 4931 1381 4988 subinde
1416 4930 1684 5000 supplicia
1715 4928 2051 4994 decernunt;

468 5027 564 5082 sed
609 5025 956 5097 exquisitiori
1000 5025 1237 5094 quodam
1273 5025 1466 5078 mortis
1496 5022 1805 5092 excogitato
1829 5033 2051 5090 genere,

471 5117 762 5171 tonnentis
812 5116 965 5186 prius
1009 5117 1132 5171 illos
1167 5131 1232 5172 ac
1271 5115 1559 5186 quaestioni
1595 5113 1916 5183 subjiciunt.
1951 5109 2052 5173 Hic

473 5209 636 5279 igitur
667 5209 884 5263 illorum
911 5225 1030 5263 mos
1057 5216 1162 5264 est.

541 5381 610 5437 ν.
647 5383 715 5436 At
768 5382 972 5447 Manes,
999 5383 1114 5439 sive
1149 5381 1441 5444 Cubricus,
1487 5379 1709 5434 interim
1739 5381 1791 5433 in
1825 5395 2050 5435 carcere

472 5475 840 5539 detinebatur,
892 5475 983 5530 ubi
1020 5475 1170 5530 illum
1197 5474 1450 5543 discipuli
1481 5473 1602 5542 ejus
1633 5473 1930 5528 identidem
1965 5473 2051 5526 in-

473 5565 741 5621 visebant.
791 5564 911 5620 Jam
964 5568 1108 5634 cnim
1159 5581 1336 5630 suam,
1391 5571 1452 5618 ut
1487 5564 1560 5616 ita
1588 5562 1789 5631 dicam,
1825 5579 2044 5618 manum

547 5721 564 5754 ¹
595 5719 721 5778 For.
753 5721 994 5777 δύναται.
1075 5725 1096 5756 ⁸
1133 5721 1258 5776 For.
1293 5720 1388 5775 καὶ
1415 5720 1578 5776 ἁτοπ.

2155 3097 2469 3167 κεπφωθεὶς
2520 3097 2732 3150 ἐπενόει
2783 3095 2960 3166 ἐαυτῷ
3005 3095 3276 3166 πρόφασίν
3309 3111 3450 3160 τινα,
3485 3096 3553 3148 δι’
3581 3092 3650 3166 ἧς
3685 3095 3746 3148 τὸ

2158 3189 2290 3242 ἴδιον
2323 3188 2707 3258 πλασματικῆς
2741 3187 3157 3258 δεινοποιήσεως
3193 3186 3399 3258 ταύτης
3433 3187 3742 3256 συστήσειε.

2155 3281 2269 3334 Καὶ
2301 3282 2488 3350 φήμης
2525 3279 2882 3350 διαδοθείσης,
2931 3279 3006 3342 ώς
3045 3280 3073 3332 ὁ
3113 3279 3230 3342 υίὸς
3259 3277 3351 3331 τοῦ
3380 3278 3488 3330 τῶν
3518 3277 3748 3348 Περσῶν

2159 3373 2424 3444 βασιλέως
2447 3371 2726 3443 ἀλγήματί
2751 3389 2854 3424 τινι
2899 3369 3310 3441 περιπέπτωκε,
3340 3369 3435 3422 καὶ
3461 3369 3747 3422 κατέκειτο

2159 3467 2216 3519 ἐν
2241 3469 2308 3537 τῇ
2347 3465 2702 3538 βασιλευούσῃ
2735 3463 2992 3532 Περσίδος
3031 3463 3182 3516 πόλει
3224 3461 3305 3533 (οὐ
3359 3461 3468 3534 γάρ
3511 3464 3688 3514 ἐκεῖσε
3715 3461 3748 3513 ὁ

2157 3556 2350 3626 Μάνης
2387 3553 2679 3626 διέτριϐεν,
2711 3552 2848 3606 ἀλλά
2887 3552 3021 3621 ἄλλη
3065 3568 3166 3604 που
3195 3550 3303 3604 ἀπὸ
3327 3547 3611 3620 πόρρωθεν
3645 3547 3746 3618 τῆς

2157 3643 2252 3699 τοῦ
2314 3643 2626 3715 βασιλέως)·
2680 3643 2786 3696 ὑπὸ
2827 3643 2925 3714 τῆς
2965 3641 3101 3704 ἰδίας
3149 3640 3350 3703 κακίας
3391 3637 3744 3708 τυφλώττων.

2157 3737 2250 3791 καὶ
2276 3737 2504 3807 νομίσας
2551 3736 2623 3806 μή
2669 3753 2756 3788 πω
2785 3736 2875 3804 ἀφ’
2908 3727 2982 3788 ὧν
3024 3728 3149 3804 εὗρε
3182 3732 3400 3803 βιϐλίων
3426 3730 3520 3784 τοῦ
3549 3727 3745 3782 ἐαυτοῦ

2155 3830 2417 3884 δεσπότου
2445 3828 2761 3900 Τερϐίνθου,
2795 3827 2890 3881 τοῦ
2921 3827 3017 3881 καὶ
3045 3827 3266 3890 Βουδδᾶ,
3301 3825 3542 3896 διαδόχου
3571 3824 3626 3876 δέ
3649 3822 3745 3876 τοῦ

2158 3919 2496 3984 Σκυθιανοῦ,
2551 3917 2810 3972 δύνασθαί
2852 3920 2867 3950 ¹
2919 3935 3038 3972 τινα
3080 3919 3284 3988 ἰάματα
3321 3915 3618 3988 ἐνεργῆσαι
3665 3915 3748 3978 εἰς

2156 4013 2248 4069 τὸν
2277 4013 2370 4066 τοῦ
2413 4012 2676 4084 βασιλέως
2711 4011 2846 4074 υἱὸν,
2883 4008 3109 4080 ἀπαίρει
3152 4009 3216 4062 ἐκ
3257 4007 3352 4060 τοῦ
3391 4007 3523 4060 ἰδίου
3553 4006 3744 4068 τόπου,

2159 4107 2253 4160 καὶ
2275 4106 2438 4176 ὁρμᾷ,
2469 4105 2563 4158 καὶ
2581 4103 2856 4173 τολμήσας
2891 4101 3084 4172 μηνύει
3111 4099 3180 4153 τά
3213 4099 3342 4171 περὶ
3367 4097 3746 4166 ἐαυτοῦ,,ώφεο

2157 4197 2270 4250 λεῑν
2307 4195 2794 4266 ἐπαγπελλόμενος.
2847 4192 3059 4248 ’Λλλόύ
3095 4190 3452 4264 προεχώρησε
3485 4188 3562 4260 τῷ
3589 4191 3746 4260 γόητι

2159 4291 2194 4358 ἡ
2253 4290 2352 4360 τῆς
2405 4289 2618 4352 ἐλπίδος
2667 4287 2959 4356 φαντασία.
3023 4285 3305 4356 Ἵῐμϐροτε
3361 4285 3470 4354 γὰρ
3511 4284 3618 4338 ἀπὸ
3645 4285 3747 4354 τῆς

2158 4381 2487 4452 καραδοκίας
2523 4380 2647 4433 τινὰ
2681 4379 2795 4449 εἴδη
2823 4377 3278 4448 φαρμακευτικῆς
3309 4377 3647 4446 προενέγκας
3669 4375 3748 4446 τῷ

2159 4469 2570 4542 νοσηλευομένῳ
2629 4467 2781 4522 παιδὶ
2825 4465 2920 4518 τοῦ
2975 4463 3258 4535 βασιλέως.
3293 4463 3458 4526 Τέλος
3499 4460 3631 4529 γοῦν
3669 4463 3750 4524 εἰς

2159 4559 2256 4623 τὰς
2280 4564 2468 4632 χεῖρας
2491 4559 2657 4612 αὑτοῦ
2691 4559 2916 4628 θνήσκει
2943 4557 3002 4609 τὸ
3023 4556 3328 4626 μειράκιον,
3366 4553 3454 4606 ἵνα
3473 4553 3651 4606 πάντα
3677 4551 3748 4606 τὰ

2163 4652 2300 4724 μετά
2341 4651 2434 4702 τοῦ
2468 4649 2694 4720 ψεύδους
2716 4646 3058 4717 διελέγχηται
3092 4647 3295 4716 μάταια
3329 4643 3744 4714 ἐπαγγέλματα.

2171 4747 2260 4808 Ὠς
2291 4745 2347 4798 δὲ
2375 4742 2533 4798 τοῦτο
2582 4739 2754 4804 οὔτως
2805 4739 3007 4809 ἀπέϐη,
3053 4737 3437 4809 προστάγματι
3483 4735 3748 4806 βασιλικῷ

2157 4837 2486 4908 ἐμϐάλλεται
2516 4836 2594 4898 εἰς
2621 4833 2681 4886 τὸ
2709 4833 3101 4902 δεσμωτήριον.
3133 4830 3208 4882 Ού
3231 4828 3341 4902 γὰρ
3375 4828 3538 4892 εὐθὺς
3563 4829 3614 4882 οἰ
3640 4827 3748 4880 τῶν

2157 4927 2384 5000 Περσῶν
2414 4925 2654 4996 βασιλεῖς
2680 4923 2776 4986 τάς
2797 4922 3068 4993 τιμωρίας
3098 4921 3240 4976 κατά
3264 4921 3371 4974 τῶν
3397 4919 3496 4984 τὰς
3527 4919 3748 4992 μείζους

2156 5021 2358 5085 αἰτίας,
2381 5019 2490 5072 τῶν
2517 5019 2690 5088 ἀτοπή
2701 5033 2844 5088 ματα
2881 5016 2901 5045 ³
2933 5015 3183 5086 δρώντων
3197 5013 3551 5084 ἐπιφέρουσιν
3572 5033 3584 5046 ·
3611 5013 3751 5068 ἀλλά

2157 5110 2548 5184 περιττοτέραν
2591 5110 2716 5162 τινὰ
2743 5107 3016 5161 ἐπινοοῦσι
3057 5106 3352 5177 θανατικὴν
3387 5106 3567 5176 ψῆσον
3608 5107 3748 5177 μετά

2161 5203 2407 5274 βασάνων
2470 5203 2598 5264 τοὺς
2653 5199 3149 5270 ἐπαπειλουμένους
3225 5197 3582 5252 διατίθεσθαι.
3635 5199 3748 5252 Καὶ

2158 5293 2330 5346 ταῦτα
2363 5292 2461 5362 μὲν
2489 5289 2681 5353 οὕτως.

2229 5382 2306 5436 E'.
2343 5379 2609 5451 Ἐπέμενέ
2665 5396 2723 5432 τε
2758 5381 2822 5449 τῇ
2865 5379 3056 5450 εἱρκτῇ
3095 5375 3354 5430 διατελῶν
3397 5378 3426 5428 ὁ
3473 5376 3686 5446 Μάνης.
3717 5378 3748 5430 ὁ

2157 5475 2251 5528 καὶ
2278 5473 2606 5545 Κούϐρικος,
2655 5473 2748 5526 καὶ
2773 5471 2878 5525 ὑπὸ
2915 5471 3024 5524 τῶν
3057 5471 3201 5525 ἰδίων
3236 5469 3496 5541 μαθητῶν
3523 5471 3748 5523 ἐπισκε-

2154 5563 2442 5634 πτόμενος.
2503 5561 2641 5634 Ἤδη
2687 5563 2793 5634 γὰρ
2832 5563 3131 5634 ὁάγύρτης
3191 5562 3525 5633 συναγήοχεν
3567 5561 3747 5632 ἐαυτῷ
