4076 6392
342 335 415 394 37
994 310 1369 403 onsnsus
1405 344 1750 406 massas
1782 348 1912 408 LIB.

2057 351 2225 411 TOM.
2277 353 2342 411 ll.
2378 386 2438 400 —-
2478 356 2754 416 H/ERES.
2798 359 2982 418 LXVI.
3562 370 3635 429 88

336 474 606 548 ρτρατὺν,
659 478 740 542 ὡς
793 480 991 545 είπεῖν,
1042 481 1137 547 οὓς
1194 483 1259 556 δὴ
1304 484 1553 557 μαθητὰς
1607 488 1814 555 ἐκάλει,
1852 490 1914 544 τὸ

2050 470 2352 527 circulator
2381 472 2484 529 iste
2516 476 2834 547 collegerat,
2874 493 3014 547 quos
3051 476 3353 549 discipulos
3384 484 3636 540 nomina-

340 564 584 639 ἀριθμὸν
635 569 737 642 ήδη
801 573 934 643 περὶ
990 572 1085 627 δύο
1136 577 1232 630 καὶ
1276 577 1499 633 είκοσιν.
1557 578 1646 647 Ἐξ
1685 573 1761 635 ὧν
1792 599 1945 647 τινας

339 659 499 727 τρεῖς
550 658 939 733 ἐκλεξάμενος,
987 664 1191 736 Θωμᾶν
1233 685 1357 721 τινα
1391 667 1536 725 οὕτω
1583 671 1941 744 καλούμενον,

338 748 445 801 καὶ
482 749 773 822 Ἑρμείαν,
823 756 921 809 καὶ
957 757 1190 823 Ἀδδαν,
1236 759 1484 834 διενοήθη
1524 762 1779 836 ἀκηκοὼς
1815 767 1943 839 περὶ

340 838 455 893 τῶν
478 843 623 897 κατά
654 844 755 913 τὴν
797 846 1055 902 Ἰουδαίαν
1093 851 1191 903 καὶ
1233 850 1292 905 ὲν
1319 851 1426 924 ὅλῳ
1455 853 1535 925 τῷ
1562 856 1752 927 κόσμῳ
1776 838 1942 928 ίερῶν

341 928 574 999 βιϐλίων
598 976 615 1002 ,
649 936 796 1008 φημὶ
839 938 898 992 δὲ
937 941 1362 1012 Χριστιανικῶν,
1400 944 1567 1017 νόμου
1595 963 1656 1000 τε
1688 948 1783 1002 καὶ
1809 966 1942 1020 προ-

336 1021 556 1093 φητῶν,
598 1023 975 1095 Εὐαγγελίων,
1030 1031 1127 1084 καὶ
1188 1032 1523 1089 ἀποστόλων.
1574 1036 1713 1100 Δοὺς
1758 1038 1939 1093 τοίνυν

337 1116 573 1186 χρυσίον
597 1120 713 1182 τοῖς
738 1123 1181 1194 προειρημένοις,
1222 1127 1316 1180 ἐπὶ
1346 1127 1414 1182 τὰ
1450 1128 1593 1201 μέρη
1626 1130 1737 1185 τῶν
1777 1131 1939 1204 Ἱερο-

339 1204 598 1279 σολύμων
620 1210 928 1269 ἀπέστειλε.
953 1215 1126 1271 Τοῦτο
1153 1217 1212 1272 δὲ
1244 1219 1471 1293 ἐποίησε
1505 1223 1672 1295 πρινὴ
1712 1224 1938 1297 καθειρ-

338 1296 543 1368 χθῆναι
599 1301 659 1355 ἐν
706 1306 774 1376 τῇ
816 1306 1055 1380 φυλακῇ,
1085 1309 1173 1362 ὅτε
1212 1310 1596 1385 διαλεγόμενος
1621 1316 1837 1381 πολλοῖς
1874 1296 1936 1372 τὸ

340 1386 475 1441 τδιον
503 1389 681 1461 δόγμα
705 1395 806 1448 οὐκ
837 1398 1029 1469 ἴσχυσε
1069 1402 1356 1473 συστῆσαι.
1405 1394 1685 1478 Ἀκηκοὼς
1721 1408 1777 1461 δὲ
1807 1409 1935 1479 περὶ

332 1477 604 1550 ὀνόματος
639 1483 881 1554 Χριστοῦ
910 1489 1002 1542 καὶ
1026 1489 1135 1545 τῶν
1160 1493 1324 1547 αὑτοῦ
1347 1494 1568 1561 δούλων,
1591 1499 1933 1568 Χριστιανῶν

328 1568 397 1622 τέ
430 1587 598 1641 φημι,
639 1573 927 1643 διεγνώκει
971 1580 1060 1635 διὰ
1077 1581 1173 1637 τοῦ
1200 1583 1463 1656 ὀνόματος
1490 1588 1587 1658 τῆς
1622 1589 1933 1655 ὑποθέσεως

328 1661 575 1734 Χριστοῦ
604 1668 887 1740 ἀπατῆσαι
925 1673 1049 1736 τοὺς
1086 1673 1555 1748 πεπλανημένους.
1588 1682 1649 1734 Οἱ
1677 1681 1733 1735 δὲ
1771 1684 1933 1737 ἀπελ-

328 1749 523 1821 θόντες
542 1758 829 1831 ὠνήσαντο
853 1776 866 1790 ·
897 1760 958 1813 οὐ
1000 1760 1110 1834 γὰρ
1139 1762 1516 1820 ἀνεϐάλλοντο.
1548 1767 1926 1843 Παλινδρομή-

2046 560 2161 630 hat,
2195 564 2336 620 duos
2364 580 2431 620 ac
2462 567 2677 638 viginti.
2708 567 2955 635 Quorum
2986 587 3016 628 e
3046 589 3278 629 numero
3303 583 3418 632 tres
3445 578 3637 651 elegit,

2047 650 2336 723 Thomam,
2393 657 2682 714 Hermeam
2736 669 2791 718 et
2845 664 3075 720 Addam.
3133 667 3213 722 Ac
3272 685 3395 726 cum
3449 650 3636 731 animo

2045 753 2319 814 repeteret
2362 765 2486 820 qua:
2534 750 2602 806 de
2647 754 2824 809 sacris
2868 754 3311 815 Christianorum
3343 763 3501 820 libris
3531 782 3633 820 au-

2041 834 2240 903 dierat,
2288 839 2382 909 qui
2440 840 2496 895 in
2542 839 2728 898 Judaea
2777 852 3005 917 totoque
3050 857 3319 907 terrarum
3360 856 3495 911 orbe
3521 857 3635 912 cir-

2041 927 2511 997 cumferebantur,
2542 933 2648 990 hoc
2675 943 2760 991 est
2790 937 2927 1009 lege,
2968 940 3269 1012 prophetis,
3321 943 3633 1019 Evangeliis

2041 1020 2535 1094 apostolorumque
2586 1028 2833 1097 scriptis,
2877 1039 3167 1089 numerata
3225 1037 3458 1106 pecunia
3504 1038 3634 1098 Hie-

2038 1109 2377 1181 rosolymam
2434 1114 2563 1170 illos
2623 1117 2844 1187 allegat.
2906 1118 3015 1175 Sed
3065 1122 3171 1179 hoc
3223 1134 3352 1182 ante
3401 1127 3630 1198 fecerat,

2038 1214 2205 1270 quam
2271 1202 2329 1257 in
2388 1218 2667 1262 carcerem
2731 1210 3141 1280 conjiceretur,
3203 1220 3425 1286 quando
3484 1224 3628 1294 apud

2037 1292 2241 1347 multos
2281 1294 2449 1350 verba
2502 1296 2713 1355 faciens
2760 1299 2959 1371 dogma
3009 1318 3172 1359 suum
3222 1309 3457 1377 probare
3512 1292 3626 1370 non

2036 1393 2268 1453 poterat.
2341 1386 2711 1454 Quamobrem
2766 1394 2952 1451 audito
2991 1397 3194 1453 (Iliristi
3239 1401 3467 1473 ejusque
3511 1421 3629 1461 ser-

2038 1491 2254 1544 vorum,
2310 1479 2414 1535 hoc
2458 1491 2542 1538 est
2592 1483 3052 1555 Christianorum,
3089 1492 3345 1559 nomine,
3377 1495 3480 1551 hac
3508 1499 3629 1568 ipsa

2037 1568 2401 1638 professionis
2450 1573 2615 1644 hujus
2668 1578 3033 1648 appellatione
3078 1581 3147 1635 ad
3181 1582 3491 1644 illudendos
3524 1590 3628 1645 lio--

2034 1662 2209 1718 mines
2244 1663 2396 1719 abuti
2447 1668 2658 1723 statuit.
2690 1668 2930 1726 Profecti
2961 1672 3146 1744 itaque
3175 1676 3428 1748 discipuli
3454 1676 3626 1740 libros

2034 1752 2160 1811 illos
2216 1757 2367 1811 nulla
2418 1758 2745 1831 interposita
2778 1778 2931 1818 mora
2960 1777 3239 1822 coemunt.
3293 1770 3503 1830 Deinde
3556 1777 3625 1832 ad

328 1861 531 1912 σαντες
694 1851 771 1914 ώς
810 1850 873 1904 οὐ
912 1827 1427 1924 καταλαμϐάνουσιν
1461 1858 1623 1913 αὐτὸν
1651 1827 1836 1914 οὐκέτι
1870 1827 1918 1917 έν

2035 1847 2357 1916 magistrum
2410 1854 2614 1908 reversi
2671 1854 2784 1923 jam
2854 1872 2979 1912 eum
3033 1860 3286 1919 libertate
3343 1867 3619 1934 privatum

324 1937 607 2012 ἐλευθέρῳ
654 1941 797 2015 ἀέρι,
855 1942 993 1997 ἀλλὰ
1048 1945 1107 1997 ὲν
1151 1945 1233 2016 τῷ
1277 1947 1658 2022 δεσμωτηρίῳ,
1704 1952 1928 2009 κάκεῖσε

322 2031 690 2102 εἰσελθόντες,
752 2035 1101 2090 ἐπεδείκνυον
1146 2038 1297 2109 αὐτῷ
1337 2041 1436 2106 τὰς
1469 2040 1708 2113 βίϐλους.
1756 2045 1815 2099 '0
1843 2047 1927 2113 δὲ,

320 2120 513 2177 λαϐὼν
542 2126 638 2179 καὶ
668 2127 1059 2200 ἀνερευνήσας,
1089 2130 1545 2205 ὲρῤξιδιούργησε,
1582 2135 1928 2206 προσπλέξας

317 2217 392 2287 τῇ
423 2215 658 2291 ἀληθείᾳ
690 2220 751 2273 τὸ
781 2220 913 2273 ἴδιον
943 2219 1158 2290 ψεῦδος,
1181 2221 1307 2276 ἔνθα
1334 2241 1437 2278 που
1472 2219 1598 2299 εὗρε
1633 2229 1925 2300 πρόσωπον

318 2305 491 2377 λόγου
541 2309 575 2381 ἢ
640 2310 837 2382 κλῆσιν
874 2312 1182 2386 δυναμένην
1223 2317 1506 2372 ἀποτελεῖν
1536 2321 1789 2392 ὁμοίωμα
1829 2322 1921 2376 τοῦ

318 2398 497 2484 αὐτοῦ
515 2403 887 2476 φρονήματος.
913 2405 1025 2460 Καὶ
1055 2405 1308 2462 ἐντεῦθεν
1337 2407 1525 2465 λοιπὸν
1559 2412 1825 2484 ἐκράτυνε
1862 2415 1924 2468 τὸ

315 2468 810 2549 ἐπίπλαστον-τοῦ
872 2495 1038 2550 αὑτοῦ
1100 2500 1461 2571 κοσμήματος
1486 2504 1546 2557 τί.
1619 2468 1782 2561 ’λλλά
1827 2507 1923 2561 καὶ

319 2581 536 2651 μεταξὺ
565 2585 827 2658 ἄργυρον,
853 2587 1307 2662 προσλιπαρήσας
1337 2593 1429 2648 τὸν
1468 2595 1561 2649 ἐπὶ
1584 2595 1678 2652 τοῦ
1708 2597 1922 2670 δεσμω-

311 2676 538 2747 τηρίου,
592 2677 774 2731 δίδωσι
823 2678 1014 2743 πολὺν,
1077 2682 1171 2734 καὶ
1243 2684 1425 2753 φυγὰς
1462 2688 1918 2759 ἀπαλλάττεται,

312 2768 665 2839 καταλείψας
692 2770 793 2843 τὴν
819 2772 929 2827 τῶν
957 2775 1188 2847 Περσῶν
1220 2775 1427 2850 χώραν,
1463 2782 1557 2834 καὶ
1584 2783 1651 2854 τῇ
1699 2779 1919 2855 Ῥωμα-

308 2856 410 2930 νιᾳ
462 2860 790 2930 προσέϐαλε.
837 2864 1017 2919 Μέσον
1055 2867 1113 2921 δὲ
1146 2869 1245 2942 ἤδη
1289 2872 1572 2942 τυγχάνων
1595 2873 1695 2945 τῆς
1728 2877 1919 2948 Μέσης

308 2950 429 3003 τῶν
472 2953 736 3023 ποταμῶν
776 2955 870 3010 καὶ
914 2958 1014 3030 τῆς
1057 2961 1339 3033 Περσίδος,
1369 2965 1499 3035 περὶ
1529 2964 1631 3029 τὰς
1679 2967 1916 3038 ἐρημίας

310 3039 401 3095 ἔτι
432 3043 718 3115 ὑπάρχων,
764 3048 966 3119 ἤκουσε
1007 3052 1134 3123 περὶ
1175 3055 1415 3123 μεγάλου
1448 3056 1591 3121 τινὸς
1629 3059 1823 3131 ἀνδρὸς
1856 3063 1915 3115 ὲν

2030 1945 2194 2008 atque
2242 1942 2295 1995 in
2342 1957 2621 2000 carcerem
2667 1957 3015 2018 compactum
3052 1957 3352 2024 reperiunt.
3388 1957 3510 2026 Quo
3542 1961 3613 2017 ad

2030 2029 2180 2085 illum
2235 2032 2469 2105 ingressi
2500 2037 2670 2093 libros
2701 2039 2958 2099 offerunt.
3013 2042 3224 2110 Quibus
3267 2052 3509 2121 acceptis
3538 2067 3605 2110 ac

2028 2122 2319 2194 diligenter
2360 2128 2616 2196 evolutis,
2661 2133 2804 2185 mala
2842 2133 2946 2190 ﬁde
2975 2136 3233 2209 pleraque
3262 2141 3607 2212 depravavit,

2025 2214 2243 2270 veritati
2296 2219 2643 2275 mendacium
2688 2237 2848 2278 suum
2905 2225 3199 2283 admiscuit
3238 2272 3253 2299 ,
3301 2234 3621 2307 ubicunque

2026 2306 2267 2374 speciem
2317 2309 2557 2380 aliquam
2624 2315 2893 2372 orationis
2940 2320 3471 2398 appellationemque
3522 2306 3621 2384 na-

2025 2405 2149 2452 ctus
2191 2407 2275 2453 est
2304 2440 2318 2465 ,
2362 2416 2484 2471 qua:
2531 2406 2784 2460 nonnihil
2827 2410 3107 2480 opinionis
3133 2417 3262 2484 ;suae
3296 2418 3478 2475 simile
3503 2437 3619 2492 prae

2024 2501 2084 2543 se
2119 2486 2306 2545 ferret.
2342 2490 2499 2549 Unde
2530 2503 2586 2550 et
2613 2496 2906 2554 confictam
2934 2501 3195 2576 deinceps
3222 2523 3252 2562 a
3284 2524 3344 2565 se
3373 2486 3617 2569 fabulam

2032 2579 2304 2639 aﬂirmare
2344 2595 2576 2645 conatus
2606 2597 2710 2646 est.
2748 2592 2971 2649 Interim
3011 2596 3216 2669 ingenti
3254 2606 3617 2673 pecuniarum

2023 2674 2076 2728 vi
2140 2676 2490 2749 assiduisque
2542 2685 2799 2753 precibus
2859 2698 3087 2745 exorato
3129 2698 3617 2754 commentariensi

2021 2765 2211 2838 fugam
2248 2771 2466 2843 arripit,
2501 2789 2564 2830 ac
2594 2776 2782 2833 relicta
2817 2776 3043 2836 Perside
3075 2780 3445 2843 Romanorum
3478 2790 3615 2849 ﬁnes

2021 2854 2357 2927 ingreditur.
2421 2862 2671 2935 Cumque
2701 2866 2814 2936 jam
2865 2869 2933 2924 ad
2976 2870 3385 2944 MeSOpotamiae
3429 2878 3616 2937 Persi-

2018 2945 2215 3018 disque
2244 2950 2483 3008 conﬁnia
2519 2969 2585 3010 ac
2623 2957 2996 3027 solitudinem,
3034 2978 3157 3034 qua:
3191 2965 3306 3021 illic
3359 2977 3464 3036 est,
3498 2987 3615 3041 per-

2018 3040 2278 3107 venisset,
2308 3044 2623 3101 nuntiatum
2645 3056 2729 3105 est
2757 3054 3276 3120 praestantissimum
3301 3040 3596 3129 quemdam

304 3133 608 3209 θεοσεϐείᾳ
641 3139 920 3212 ἀκροτάτῃ
968 3140 1387 3213 διαπρέποντος,
1435 3147 1757 3218 Μαρκέλλου
1792 3148 1916 3202 τοῦ-

2024 3144 2146 3185 esse
2194 3133 2409 3201 virum,
2469 3146 2634 3208 atque
2688 3142 2980 3199 excellenti
3040 3147 3243 3217 pietate
3291 3153 3606 3226 praeditum,

302 3242 481 3298 νομα,
523 3229 909 3294 κατοικοῦντος
954 3234 1011 3285 ὲν
1052 3232 1319 3308 Κασχάρῃ
1351 3236 1502 3291 πόλει
1539 3239 1638 3309 τῆς
1666 3241 1912 3294 Μεσοπο-

305 3316 543 3387 ταμίας,
602 3319 659 3383 ὃς
701 3315 771 3391 ἦν
833 3321 973 3393 ἀνὴρ
1006 3323 1148 3378 κατὰ
1193 3327 1371 3380 πάντα
1417 3328 1762 3399 Χριστιανὸς,
1814 3333 1909 3385 καὶ

306 3405 502 3476 ἔργοις
567 3406 916 3480 δικαιοσύνης
975 3410 1433 3482 θαυμασιώτατος
1463 3456 1478 3481 ,
1543 3419 1743 3491 χήραις
1807 3421 1906 3491 μὲν

301 3497 578 3570 ἐπαρκῶν
596 3500 690 3554 καὶ
712 3499 964 3571 πένησιν,
1004 3504 1261 3574 ὀρφανοῖς
1287 3507 1343 3560 δὲ
1375 3509 1470 3563 καὶ
1508 3514 1624 3574 τοῖς
1656 3513 1906 3584 ἐνδεομέ-

296 3605 452 3652 νοις·
498 3589 787 3646 διανοεῖται
838 3594 1176 3664 προσπλέξαι
1239 3597 1377 3669 πρὸς
1433 3599 1523 3653 τὸν
1580 3601 1770 3675 ἄνδρα,
1815 3605 1903 3669 ἵν’,

302 3680 630 3754 ὑποχείριον
669 3683 859 3739 τοῦτον
913 3688 1278 3760 κτησάμειως,
1326 3690 1583 3765 δυνηθείη
1627 3694 1695 3748 δι’
1736 3696 1902 3751 αὑτοῦ

301 3774 582 3845 κατάρξαι
601 3777 662 3830 οὐ
690 3777 853 3849 μόνον
882 3778 984 3851 τῆς
1027 3781 1476 3853 Μεσοποταμίας.
1500 3784 1640 3840 ἀλλά
1677 3789 1771 3841 καὶ
1806 3788 1901 3843 τοῦ

291 3858 575 3932 ’κλίματος
600 3864 802 3930 παντὸς
825 3866 920 3921 τοῦ
954 3867 1091 3940 πρὸς
1116 3869 1215 3942 τὴν
1234 3871 1434 3944 Συρίαν
1448 3890 1508 3927 τε
1543 3876 1638 3930 καὶ
1681 3878 1899 3949 Ῥωμα-

298 3950 450 4007 νίαν.
480 3952 690 4024 Γράφει
728 3955 786 4009 δὲ
821 3956 972 4028 αὑτῷ
999 3959 1294 4033 ἐπιστολὴν
1317 3961 1461 4017 οὕτω
1497 3963 1588 4018 διὰ
1612 3965 1899 4039 Τύρϐωνός

296 4059 457 4108 τινος
514 4045 626 4100 τῶν
672 4047 838 4102 αὑτοῦ
897 4049 1160 4122 μαθητῶν
1200 4053 1307 4108 ἀπὸ
1357 4055 1453 4109 τοῦ
1506 4057 1743 4129 πέρατος
1800 4061 1898 4114 τοῦ

294 4134 568 4209 Στράγγα
599 4132 871 4208 ποταμοῦ,
905 4141 1015 4194 ἀπὸ
1047 4143 1343 4198 καστέλλου
1381 4147 1712 4218 Ἀραϐίωνος
1753 4150 1898 4206 οὕτω

292 4227 644 4299 καλουμένου
674 4246 690 4263 σ
740 4228 866 4302 ἣτις
908 4234 940 4305 ή
982 4234 1241 4307 ἐπιστολὴ
1290 4242 1533 4311 περιεῖχε
1589 4243 1736 4297 τάδε.
1785 4244 1897 4297 Καί

294 4337 396 4392 μοι
426 4321 611 4375 λαϐὼν
656 4323 931 4394 ἀνάγνωθι
969 4326 1033 4380 τὸ
1080 4328 1425 4403 ἐπιτήδευμα
1464 4332 1568 4404 τῆς
1617 4335 1713 4388 τοῦ
1752 4336 1896 4391 ἀπα-

286 4414 499 4480 ceam;
531 4415 857 4489 μοχθηρίας.

468 4597 807 4664 Μανιχαίου
834 4596 985 4666 πρὸς
1018 4598 1379 4669 Μάρκελλον
1406 4601 1724 4674 ἐπιστολή.

365 4707 462 4773 ς’.
494 4708 796 4779 Μανιχαῖος
836 4711 1133 4776 ἀπόστολος
1183 4712 1354 4785 Ἰησοῦ
1407 4717 1666 4789 Χριστοῦ,
1708 4720 1802 4773 καὶ
1841 4720 1889 4774 oi

2020 3220 2336 3280 Marcellum
2372 3230 2616 3294 nomine,
2649 3234 2742 3303 qui
2775 3233 3086 3305 Cascharae,
3116 3243 3263 3311 quod
3294 3243 3609 3317 Mesopota-

2019 3311 2141 3367 miae
2174 3314 2435 3384 oppidum
2493 3326 2598 3381 est,
2654 3320 2951 3392 habitaret,
3009 3328 3188 3385 virum
3239 3311 3607 3405 undequaque

2015 3401 2431 3475 Christianum,
2502 3419 2667 3483 atque
2713 3414 2771 3469 in
2820 3418 3078 3476 omnibus
3126 3422 3355 3492 justitiae
3403 3401 3604 3485 ciliciis

2013 3493 2176 3564 plane
2233 3498 2717 3577 mirabilem:qui
2765 3515 2821 3562 et
2875 3509 3080 3572 viduis,
3139 3522 3194 3569 et
3247 3520 3602 3590 pauperibus,

2014 3602 2229 3644 necnon
2285 3598 2340 3647 et
2370 3594 2658 3665 orphanis,
2691 3613 2756 3654 ac
2783 3599 3024 3674 denique
3074 3604 3449 3679 indigentibus
3491 3611 3604 3665 lar-

2012 3683 2241 3772 giretur.
2292 3683 2376 3739 Ad
2410 3686 2559 3742 hunc
2594 3689 2766 3761 igitur
2806 3695 3082 3765 applicare
3112 3714 3172 3754 se
3197 3700 3360 3772 623
3394 3706 3603 3759 consti-

2010 3765 2139 3833 tuit,
2194 3775 2256 3823 ut
2298 3786 2422 3825 cum
2469 3773 2771 3831 obnoxium
2824 3778 2927 3834 sibi
2973 3765 3597 3855 hominem—habuisset,

2010 3875 2118 3915 non
2168 3862 2225 3918 in
2270 3862 2665 3937 Mesopotamia
2696 3870 2881 3936 modo,
2925 3873 3023 3929 sed
3063 3883 3119 3930 et
3146 3886 3264 3931 toto
3295 3878 3390 3935 illo
3425 3878 3600 3952 Syriae

2008 3950 2351 4026 Romanique
2388 3957 2604 4028 imperii
2640 3966 2822 4017 tractu
2856 3962 3129 4020 dominari
3174 3979 3382 4038 posset.
3438 3950 3592 4038 Quo-

2006 4045 2154 4099 circa
2182 4044 2457 4115 ejusmodi
2489 4049 2558 4104 ad
2588 4049 2741 4106 illum
2772 4054 3060 4124 epistolam
3087 4060 3301 4128 scribit,
3330 4078 3428 4133 per
3451 4064 3595 4119 Tur-

2005 4135 2202 4193 bonem
2253 4141 2570 4210 quemdam,
2601 4159 2770 4199 unum
2799 4161 2864 4201 ex
2897 4147 3188 4219 discipulis
3221 4154 3361 4219 suis,
3402 4171 3466 4209 ex
3502 4174 3596 4211 ca-

2004 4230 2164 4286 stello
2213 4230 2509 4297 Arabione,
2561 4235 2709 4306 quod
2743 4239 2809 4293 ad
2842 4239 3135 4311 Strangam
3169 4242 3396 4299 fluvium
3426 4250 3592 4304 situm

2001 4331 2087 4378 est
2120 4343 2133 4377 :
2169 4325 2400 4394 epistola
2447 4341 2613 4396 porro
2665 4332 2742 4385 ita
2774 4347 2896 4388 sese
2938 4335 3192 4391 habebat.
3242 4338 3416 4404 Quam
3449 4349 3502 4394 tu
3540 4350 3592 4399 in

2001 4429 2199 4471 manus
2231 4418 2507 4488 accipiens
2534 4421 2856 4492 impostoris
2898 4426 3046 4484 illius
3069 4430 3323 4486 callidam
3354 4447 3419 4487 ac
3446 4443 3589 4489 vete-

1920 4534 1972 4590 Ϊ,
2005 4509 2266 4563 ratoriam
2303 4520 2477 4566 artem
2514 4512 2743 4585 legendo
2773 4520 3115 4587 cognoscito.

2288 4625 2581 4684 Manichwi
2608 4632 2678 4685 ad
2707 4630 3025 4689 Marcellum
3053 4639 3299 4708 epistola.

2067 4737 2155 4792 ΥΙ.
2214 4738 2551 4799 Manichacus
2592 4748 2877 4815 apostolus
2923 4747 3058 4806 Jesu
3108 4751 3347 4821 Christi,
3395 4764 3449 4811 et
3487 4758 3582 4828 qui

285 4797 393 4851 σὺν
445 4798 573 4869 ἐμοὶ¹
638 4800 843 4866 πάντες
895 4801 1042 4871 ἆγιοι
1092 4805 1187 4859 καὶ
1242 4806 1522 4879 παρθένοι,
1582 4811 1889 4884 Μαρκέλλῳ

282 4889 474 4960 τέκνῳ
516 4891 789 4964 ἀγαπητῷ
817 4893 995 4965 χάρις,
1039 4895 1208 4961 ἔλεος,
1244 4900 1434 4972 εἰρήνη
1463 4901 1573 4954 ἀπὸ
1602 4902 1737 4956 Θεοῦ
1772 4904 1886 4958 Πα-

282 4981 420 5053 τρὺς
452 4983 550 5034 καὶ
584 4983 791 5054 Κυρίου
822 4985 980 5056 ἡμῶν
1019 4987 1195 5057 Ἰησοῦ
1230 4989 1469 5060 Χριστοῦ
1491 5006 1507 5022 ο
1553 4992 1648 5045 καὶ
1678 4995 1711 5066 ἡ
1738 4995 1887 5063 δεξιά

281 5073 382 5127 τοῦ
408 5073 595 5138 omo;
633 5074 956 5149 διατηρήσοι
1004 5095 1063 5131 σε
1096 5079 1204 5132 ἀπὸ
1239 5080 1335 5134 τοῦ
1361 5082 1658 5150 ἐνεστῶτος
1696 5086 1893 5153 αἰῶνος
1924 5133 1928 5137 ,

282 5166 557 5239 πονηροῦ,
595 5169 691 5222 καὶ
734 5168 845 5225 τῶν
875 5172 1300 5243 συμπτωμάτων
1322 5175 1507 5242 αὐτοῦ,
1531 5177 1626 5231 καὶ
1646 5179 1891 5248 παγίδων

277 5254 379 5309 τοῦ
411 5257 675 5328 πονηροῦ.
718 5259 911 5332 Ἀμήν.

353 5348 471 5420 Τὴν
504 5350 604 5419 μὲν
654 5353 785 5424 περὶ
824 5352 885 5405 σὲ
921 5354 1143 5426 ἀγάπην
1171 5355 1435 5427 μεγίστην
1484 5353 1651 5413 οὖσαν
1681 5360 1877 5435 αἰσθηο

2059 5364 2217 5433 Quod
2251 5376 2303 5426 te
2328 5388 2543 5430 summa
2564 5377 2835 5436 charilate
2862 5382 3150 5452 praeditum
3172 5401 3294 5443 esse
3315 5393 3570 5461 cognovi,

277 5437 398 5502 θεὶς
425 5438 550 5493 λίαν
573 5440 779 5513 ἐχάρην
801 5457 815 5476 ο
861 5445 962 5514 τὴν
990 5444 1049 5498 δὲ
1078 5445 1259 5501 πίστιν
1281 5447 1381 5501 οὐκ
1416 5446 1581 5503 οὖσαν
1612 5453 1753 5506 κατά
1784 5453 1874 5507 τὸν

282 5531 443 5555 ΣΑῇι--
494 5534 655 5555 ἿΙ,--Α.
698 5534 897 5555 .ι..ΛιμΛ
1028 5537 1129 5555 vnn
1300 5538 1314 5555 \
1384 5542 1396 5555 ο
1532 5543 1544 5555 ι
1589 5543 1612 5555 Α
1843 5545 1870 5555 ι-

2862 5437 2877 5452 ι
3046 5437 3049 5438 ν
3098 5437 3149 5440 ---
3179 5437 3292 5443 ν--ν
3321 5437 3570 5461 ν-υ---ην

2021 5457 2343 5520 ehementer
2404 5482 2529 5523 sum
2583 5473 2827 5542 gavisus.
2892 5474 3047 5542 Quod
3099 5494 3232 5533 vero
3267 5497 3373 5537 non
3406 5493 3572 5555 rectae

277 5531 444 5602 ὶρθδν
494 5534 657 5603 λόγον
695 5534 992 5610 ἠχθέσθην.
1028 5537 1193 5594 Ὅθεν
1219 5538 1356 5611 πρὸς
1376 5542 1752 5613 ἐπανόρθωσιν
1777 5545 1871 5598 τοῦ

2021 5547 2185 5603 ationi
2238 5567 2670 5614 consentaneam
2730 5562 2888 5617 fidem
2950 5564 3245 5635 proﬁteris,
3310 5552 3567 5642 equidem

276 5626 387 5680 τῶν
406 5625 714 5698 ἀνθρώπιον
742 5628 931 5697 γένους
948 5630 1296 5698 ἀποσταλεὶς,
1328 5633 1643 5706 φειδόμενός
1668 5652 1727 5688 τε
1762 5635 1870 5691 τῶν

2021 5640 2152 5698 oiui.
2212 5642 2584 5712 Quamobrem
2652 5668 2779 5709 cum
2836 5653 2904 5711 ad
2960 5659 3343 5732 corrigendum
3391 5678 3568 5736 genus

1993 4841 2210 4882 mecum
2253 4839 2385 4884 sunt
2424 4833 2606 4887 sancti
2671 4850 2863 4892 omnes
2902 4848 2958 4893 et
3003 4840 3277 4912 virgines,
3327 4844 3585 4902 Marcello

1991 4918 2105 4974 ﬂio
2133 4920 2486 4992 charissimo,
2521 4927 2721 4997 gratia,
2776 4931 3181 5001 misericordia,
3233 4952 3338 5007 pax
3389 4954 3420 4992 a
3469 4939 3582 4995 Deo

1990 5008 2154 5068 Patre
2200 5023 2256 5069 et
2300 5015 2533 5073 Domino
2577 5031 2769 5076 nostro
2794 5020 2926 5078 Jesu
2952 5023 3204 5096 Christo;
3239 5043 3304 5083 ac
3330 5037 3384 5085 te
3416 5029 3579 5087 Lucis
3620 5106 3623 5107 ν

1989 5098 2218 5157 dextera
2253 5106 2531 5162 custodiat
2562 5124 2593 5162 a
2621 5114 2876 5181 presenti
2903 5118 3105 5173 smculo
3132 5135 3388 5191 nequam,
3427 5124 3578 5194 ejus-

1988 5208 2098 5265 que
2127 5196 2374 5266 casibus,
2397 5208 2447 5255 ει
2492 5202 2701 5274 laqueis
2735 5209 2980 5281 maligni.
3013 5212 3205 5269 Amen.

350 5786 367 5818 ⁸
406 5802 497 5854 no.
530 5783 897 5859 βοσκήματος.
