4076 6392
483 374 555 432 50
1881 373 1938 432 S.
1983 374 2062 430 ΕΡ

2167 371 2326 431 IAN]!
3697 385 3777 442 40

480 499 783 553 humanum
848 493 1058 549 missus
1115 493 1337 560 fuerim,
1369 493 1709 566 'eorumque,
1768 497 1863 566 qui
1914 513 1973 553 se
2023 497 2062 551 ir

2184 497 2370 568 ἀπάτῃ
2422 494 2514 551 καὶ
2551 497 2726 568 πλάνῃ
2776 497 3000 560 ἑαυτοὺς
3047 497 3444 564 ἐκδεδωκότων,
3483 501 3659 556 ταῦτα
3701 507 3774 560 τὰ

479 586 730 643 fraudem
775 601 1133 656 erroremque
1173 585 1573 650 commiserint,
1645 588 1913 642 rationem
1969 589 2069 642 ha-

478 683 662 748 beam,
709 680 1087 736 necessarium
1133 679 1321 750 putavi
1371 679 1472 736 has
1507 680 1576 735 ad
1609 691 1660 736 te
1692 681 1903 737 litteras
1932 697 2070 738 scri-

479 775 654 830 bere:
699 773 905 844 quibus
954 772 1008 826 in
1047 772 1240 842 primis
1287 772 1486 826 anima:
1523 780 1650 838 tuae,
1694 780 1810 827 tum
1848 780 2067 829 tuorum

483 866 648 920 saluti
681 865 1054 928 consulerem,
1108 873 1165 919 ut
1207 880 1274 919 nc
1318 863 1608 920 confusum
1639 865 1900 936 quiddam
1941 882 2068 937 per-

481 958 875 1027 turbatumque
899 958 1158 1021 sentires,
1190 971 1288 1027 pro
1316 972 1382 1012 eo
1409 971 1473 1012 ac
1503 957 1786 1012 rudiorum
1820 958 2068 1027 magistri

479 1051 699 1118 docent,
755 1052 850 1123 qui
884 1051 1102 1122 quidem
1135 1051 1208 1104 ita
1241 1048 1579 1119 praedicant:
1616 1048 1823 1103 Bonum
1865 1064 1930 1103 ac
1954 1065 2071 1104 ma.

481 1143 594 1198 lum
631 1144 699 1200 ab
728 1144 918 1200 eodem
954 1142 1228 1214 proﬁcisci
1259 1160 1274 1210 ;
1317 1157 1598 1212 unumque
1621 1141 1889 1196 duntaxat
1918 1141 2070 1210 prin-

483 1238 687 1308 cipium
735 1244 1022 1298 statuunt;
1073 1250 1252 1306 neque
1289 1235 1466 1290 lucem
1499 1250 1529 1288 a
1563 1234 1829 1296 tenebris,
1861 1233 2066 1286 bonum

481 1345 512 1385 a
539 1330 702 1394 malo,
737 1331 1063 1384 exteriorem
1107 1328 1385 1383 hominem
1429 1328 1498 1382 ab
1555 1327 1822 1393 interiori,
1856 1333 1916 1380 ut
1943 1333 2069 1380 ante

479 1421 615 1487 dixi,
667 1420 992 1477 discernunt
1059 1435 1124 1474 ac
1209 1429 1466 1490 separant
1516 1437 1531 1473 :
1575 1421 1682 1473 imo
1746 1433 1878 1473 vero
1927 1419 2067 1473 alte-

478 1515 597 1570 rius
630 1529 757 1570 cum
800 1513 976 1568 altero
1026 1511 1394 1568 confundeudi
1449 1511 1826 1581 miscendique
1859 1510 2066 1565 nullum

479 1607 644 1664 ﬁnem
675 1607 908 1662 faciunt.
944 1603 1028 1660 Tu
1059 1620 1213 1672 vero,
1258 1604 1356 1671 ﬁli,
1401 1620 1470 1660 ne
1516 1611 1576 1659 ut
1614 1605 1861 1675 plerique
1897 1604 2069 1660 homi-

477 1718 613 1758 num
655 1712 858 1757 temere
889 1715 954 1755 ac
983 1699 1103 1754 sine
1132 1699 1347 1754 ratione
1376 1698 1538 1753 ambo
1574 1697 1677 1754 ista
1705 1697 2025 1768 conjungito
2048 1739 2064 1766 ,

479 1809 662 1864 neque
691 1791 952 1847 bonitatis
981 1790 1194 1845 auctori
1225 1789 1334 1845 Deo
1359 1789 1604 1844 tribuito.
1643 1787 1778 1843 Nam
1813 1789 1887 1843 illi
1916 1790 2068 1858 prin-

2172 589 2478 660 γράμματα
2510 587 2650 658 πρὸς
2683 588 2742 640 σὲ
2764 589 3059 657 ἀναγκαῖον
3099 590 3395 661 ἡγησάμην
3428 592 3772 651 ἀποστεῖλαι·

2171 678 2388 750 πρῶτον
2441 679 2540 750 μὲν
2595 679 2733 751 πρὸς
2783 679 3059 751 σωτηρίαν
3111 682 3212 750 τῆς
3273 681 3501 736 σεαυτοῦ
3552 683 3771 757 ψυχῆς.
3820 740 3828 745 ,

2171 769 2362 824 ἔπειτα
2398 770 2455 824 δὲ
2488 771 2583 824 καὶ
2637 771 2746 825 τῶν
2799 772 2916 842 ἅμα
2969 789 3051 826 σοι
3092 774 3492 844 τυγχανόντων,
3539 776 3677 847 πρὸς
3709 779 3775 832 τὸ

2170 863 2482 936 ἀδιάκριτόν
2509 867 2528 897 ⁸
2557 882 2616 918 σε
2637 865 2782 936 ἔχειν
2799 864 2889 918 τὸν
2920 863 3199 936 λογισμὸν,
3229 866 3306 930 ὡς
3335 868 3385 920 οἱ
3411 866 3521 920 τῶν
3565 868 3776 922 ἁπλουο

2172 957 2378 1026 στέρων
2406 957 2780 1030 καθηγεμόνες
2820 961 3154 1028 διδάσκουσι,
3176 962 3430 1032 λέγοντες
3459 962 3522 1016 τὸ
3561 963 3771 1033 ἀγαθὸν

2170 1049 2348 1102 καὶτὸ
2365 1051 2531 1104 κακὸν
2548 1051 2656 1104 ἀπὸ
2678 1050 2772 1105 τοῦ
2796 1052 2962 1106 αὐτοῦ
2990 1055 3274 1126 φέρεσθαι,
3300 1057 3396 1109 καὶ
3425 1055 3556 1126 μίαν
3587 1058 3768 1129 ἀρχὴν

2170 1141 2571 1213 εἰσηγούμενοι,
2606 1143 2667 1198 οὐ
2696 1143 3084 1216 διακρίνοντες,
3133 1147 3254 1200 οὐδὲ
3285 1147 3626 1220 διαιροῦντες
3655 1146 3769 1202 ἀπὸ

2169 1232 2265 1286 τοῦ
2296 1233 2474 1302 φωτὸς
2502 1233 2564 1288 τὸ
2608 1235 2821 1300 σκότος,
2858 1237 2954 1292 καὶ
2995 1239 3057 1292 τὸ
3091 1240 3296 1309 ἀγαθὸν
3322 1241 3432 1296 ἀπὸ
3461 1242 3557 1301 τοῦ
3589 1240 3768 1296 κακοῦ

2171 1325 2265 1379 καὶ
2305 1325 2533 1396 φαύλου,
2557 1328 2651 1381 καὶ
2683 1327 2772 1382 τὸν
2797 1328 2996 1396 ἔξωθεν
3018 1331 3308 1402 ἄνθρωπον
3333 1332 3442 1386 ἀπὸ
3464 1331 3559 1386 τοῦ
3591 1332 3763 1396 ἔνδον,

2169 1415 2245 1480 ὡς
2311 1417 2676 1488 προείπομεν·
2735 1418 2875 1472 ἀλλὰ
2956 1419 3253 1491 κιρνῶντες
3307 1421 3402 1474 καὶ
3455 1423 3763 1490 ἐγκαταμιο

2169 1504 2395 1574 γνόντες
2421 1506 2646 1580 θάτερον
2667 1508 2880 1582 θατέρῳ
2896 1510 2956 1563 οὐ
2977 1510 3263 1566 παύονται.
3289 1514 3360 1567 Σὺ
3376 1512 3454 1577 δὲ,
3479 1512 3526 1566 ὦ
3546 1515 3763 1582 τέκνον,

2174 1598 2248 1668 μὴ
2281 1596 2371 1652 ἴσα
2404 1600 2516 1662 τοῖς
2569 1599 2788 1664 πολλοῖς
2831 1601 2940 1655 τῶν
2993 1601 3300 1674 ἀνθρώπων
3333 1604 3638 1673 ἀλογίστως
3667 1608 3765 1660 καὶ

2172 1688 2359 1755 ἁπλῶς
2388 1691 2697 1764 ἀμφότερα,
2727 1693 2804 1758 ὡς
2833 1693 2900 1748 ἂν
2929 1693 3102 1765 τύχοι,
3133 1694 3363 1769 ὲνώσῃς,
3395 1697 3532 1769 μηδὲ
3557 1698 3636 1768 τῷ
3660 1698 3764 1770 τῆς

2169 1779 2513 1852 άγαθοσύνης
2545 1781 2666 1854 Θεῷ
2719 1783 3028 1838 άνατίθεσο.
3079 1785 3279 1856 Ἀρχὴν
3309 1788 3417 1855 γὰρ
3466 1787 3561 1840 καὶ
3605 1787 3764 1854 τέλος

479 1880 708 1950 cipium,
741 1893 806 1932 ac
833 1877 1016 1944 ﬁnem,
1047 1885 1102 1932 et
1130 1877 1325 1932 horum
1363 1885 1645 1932 auctorem
1696 1878 1964 1932 malorum
1995 1877 2061 1932 ad

2168 1872 2260 1926 καὶ
2287 1871 2379 1926 τὸν
2400 1873 2605 1928 τούτων
2636 1873 2848 1946 πατέρα
2867 1874 2976 1930 τῶν
3002 1875 3190 1928 κακῶν
3221 1876 3315 1929 ἐπὶ
3348 1877 3438 1931 τὸν
3463 1877 3599 1932 Θεὸν
3625 1878 3762 1931 ἀναν

480 1969 651 2026 Deum
714 1967 983 2031 referunt,
1030 1983 1257 2038 quorum
1296 1967 1423 2037 ﬁnis
1467 1967 1751 2022 maledicto
1791 1968 2066 2036 proximus

481 2070 559 2116 est
592 2064 633 2114 ¹.
657 2059 775 2116 Νοη
806 2061 952 2115 enim
997 2059 1065 2115 iis
1111 2075 1236 2130 qua:
1285 2060 1342 2113 in
1388 2057 1698 2128 Evangeliis
1728 2073 1758 2112 a
1787 2057 2068 2115 Salvatore

480 2170 546 2208 ac
577 2153 812 2208 Domino
841 2163 1032 2208 nostro
1058 2151 1189 2208 Jesu
1222 2150 1443 2206 Christo
1475 2151 1754 2217 dicuntur,
1781 2151 1940 2205 ﬁdem
1970 2149 2067 2205 ad-

477 2246 712 2301 hibent:
747 2243 872 2299 Non
917 2255 1086 2314 potest
1142 2245 1305 2298 arbor
1345 2243 1482 2298 bona
1516 2243 1722 2313 {ructus
1765 2244 1938 2298 malos
1982 2243 2066 2313 fa-

396 2370 401 2378 -
476 2355 626 2403 cere,
657 2353 817 2408 neque
838 2337 1161 2390 arbormala
1201 2338 1363 2390 bonos
1387 2333 1556 2407 624
1593 2335 1798 2405 fructus
1832 2335 2006 2406 facere
2021 2337 2062 2390 '.

483 2429 960 2497 Quemadmodum
1017 2444 1150 2483 vero
1203 2427 1374 2482 Deum
1422 2429 1640 2482 Satana:
1690 2430 2068 2500 malorumque

473 2537 601 2593 quat
645 2523 715 2577 ab
749 2537 816 2576 eo
859 2529 1129 2592 geruntur
1177 2520 1522 2576 conditorem
1564 2535 1627 2574 ac
1657 2531 2064 2592 procreatorem

477 2629 728 2670 asserere
755 2613 1016 2680 audeant,
1044 2628 1372 2684 magnopere
1417 2614 1682 2670 demiror.
1730 2612 1911 2687 Atque
1960 2615 2068 2671 uti-

477 2717 605 2756 nam
648 2701 918 2758 hactenus
967 2701 1268 2757 vanissima
1316 2702 1534 2757 illorum
1573 2704 1804 2761 consilia
1846 2721 2068 2779 progre-

476 2793 765 2860 derentur,
819 2807 923 2848 nec
978 2793 1322 2864 unigenitum
1378 2793 1476 2849 Dei
1527 2793 1724 2850 Filium
1780 2795 2064 2854 Christum

477 2879 794 2946 Dominum,
845 2883 937 2953 qui
987 2881 1055 2937 de
1107 2879 1288 2938 Patris
1337 2883 1464 2938 sinu
1501 2883 1854 2951 descendit‘,
1884 2885 2068 2942 lamiae

477 2973 766 3044 cujusdam
816 2974 1154 3031 mulierculae
1201 2974 1372 3029 ﬁlium
1419 2991 1545 3032 esse
1597 2977 1869 3045 dicerent,
1902 2991 2068 3051 atqz.e

476 3082 544 3123 ex
599 3068 875 3140 sanguine
926 3083 1242 3140 carneque,
1291 3080 1407 3125 tum
1443 3086 1570 3126 vero
1619 3072 1830 3143 reliquo
1869 3073 2067 3128 mulie-

477 3175 601 3214 rem
656 3159 835 3216 fetore
886 3161 1182 3232 prodiisse.
1223 3161 1330 3218 Sed
1357 3178 1427 3218 ne
1451 3162 1752 3234 longiorem
1780 3165 2066 3235 epistolam

478 3250 733 3305 scribens
784 3249 990 3306 diutius
1043 3253 1355 3322 aequitatem
1405 3259 1556 3307 tuam
1607 3253 1903 3320 detineam,
1935 3269 2061 3309 cum

477 3343 781 3411 praesertim
833 3342 1073 3397 naturali
1125 3342 1442 3412 eloquentia
1500 3357 1745 3408 caream,
1804 3343 1893 3399 his
1939 3359 2063 3415 quae

475 3434 626 3489 dicta
671 3442 796 3489 sunt
849 3448 946 3489 ero
991 3441 1308 3489 contentus.
1336 3433 1442 3488 Ubi
1475 3450 1608 3489 vero
1653 3434 1720 3489 ad
1750 3445 1802 3490 te
1830 3451 2057 3500 venero,

474 3524 693 3598 plenius
742 3525 930 3580 omnia
973 3539 1303 3596 cognosces,
1364 3525 1411 3580 si
1448 3524 1670 3596 quidem
1717 3527 1912 3582 salutis
1953 3535 2063 3583 tuae

474 3633 668 3673 curam
703 3618 944 3689 aliquam
981 3618 1242 3689 suscipis.
1277 3617 1468 3689 Neque
1494 3619 1640 3674 enim
1673 3621 1929 3690 cuiquam
1977 3620 2060 3674 la-

473 3727 674 3781 queum
730 3711 1011 3780 injicimus
1053 3711 1108 3776 ⁸,
1177 3719 1238 3766 ut
1295 3712 1610 3768 stolidiores
1667 3713 1920 3768 nonnulli
1979 3712 2062 3768 fa-

472 3805 647 3857 ciunt.
684 3801 929 3874 lntellige
951 3819 1073 3874 quae
1093 3804 1240 3870 dico,
1265 3803 1338 3859 ﬁli
1359 3805 1702 3862 charissime.

545 3893 656 3948 νιι.
700 3893 853 3950 Hanc
881 3897 1169 3966 epistolam
1211 3913 1338 3952 cum
1371 3897 1660 3954 Marcellus
1695 3897 1779 3952 vir
1806 3897 2060 3970 egregius

474 4003 538 4042 ac
592 3988 1070 4057 religiosissimus,
1118 3999 1173 4045 et
1209 3990 1263 4044 in
1299 3991 1498 4061 primis
1552 3990 1785 4046 illustris
1810 3990 2056 4060 legisset,

474 4075 674 4130 mirum
698 4076 752 4129 in
791 4075 1014 4131 modum
1047 4079 1354 4148 obstupuit.
1388 4079 1466 4132 Ac
1497 4087 1610 4132 tum
1637 4079 1776 4133 forte
1803 4079 2056 4150 contigit,

473 4173 536 4220 ut
571 4164 762 4220 eodem
793 4166 904 4231 die,
934 4184 1043 4238 quo
1074 4169 1222 4222 illam
1254 4185 1284 4223 a
1315 4168 1617 4224 Manichaeo
1646 4170 1932 4239 epistolam
1963 4167 2058 4224 Dei

473 4268 671 4309 servus
727 4255 980 4326 accepit,
1027 4255 1335 4313 Archelaus
1393 4257 1550 4312 urbis
1604 4259 1898 4328 episcopus
1949 4273 2058 4312 una

472 4361 598 4400 cum
627 4345 721 4400 illo
752 4346 897 4401 domi
932 4357 1100 4404 esset.
1143 4348 1246 4416 Qui
1279 4365 1340 4405 re
1367 4349 1516 4404 omni
1549 4357 1857 4420 perspecta,
1890 4349 2060 4405 denti-

472 4434 577 4490 bus
628 4434 888 4498 fremens,
943 4437 1213 4508 rugientis
1261 4437 1436 4493 leonis
1485 4437 1700 4501 instar,
1755 4452 1821 4492 ac
1869 4437 2058 4491 divino

472 4527 710 4596 quodam
765 4527 963 4582 ardore
996 4530 1264 4598 percitus,
1319 4529 1389 4585 ad
1444 4528 1805 4585 Manichzeum
1868 4530 2056 4601 potius

472 4618 752 4689 proﬁcisci
798 4620 1076 4691 cupiebat,
1110 4621 1501 4693 hominemque
1534 4637 1565 4677 e
1595 4621 1871 4686 barbaris,
1907 4621 2054 4676 unde

471 4709 521 4764 is
563 4718 722 4764 ortus
771 4718 910 4775 erat,
963 4710 1339 4767 advenientem
1373 4720 1428 4766 et
1484 4712 1552 4767 ad
1584 4711 1807 4765 humani
1839 4712 2056 4781 generis

470 4797 770 4868 perniciem
823 4799 1199 4869 insurgentem
1240 4814 1461 4870 capere.
1495 4799 1604 4855 Sed
1634 4801 1879 4869 prudens
1914 4798 2055 4853 Mar-

469 4887 664 4952 cellus,
698 4889 948 4959 mitigato
975 4890 1231 4958 precibus
1259 4891 1544 4962 episcopo,
1575 4888 1887 4961 Tyrbonem
1921 4890 2055 4945 bor-

466 4987 619 5034 tatus
667 4988 774 5045 est,
815 4988 877 5035 ut
927 4981 994 5036 ad
1049 4980 1262 5037 Manem
1312 4984 1368 5038 in
1418 4982 1714 5038 Arabionis
1765 4981 2052 5038 castellum

465 5071 694 5137 rediret,
732 5073 824 5127 ubi
858 5072 929 5128 ab
970 5073 1063 5128 illo
1090 5076 1538 5145 exspectabatur.
1576 5073 1692 5130 Hoc
1720 5083 1906 5130 autem
1958 5089 2052 5128 ca-

467 5161 689 5216 stellum
716 5169 803 5218 est
838 5162 984 5218 inter
1029 5162 1313 5220 Persidem
1357 5179 1422 5220 ac
1466 5165 1916 5235 Mesopotamiam
1973 5165 2052 5220 si-

466 5262 604 5308 tum.
644 5251 752 5309 Sed
781 5269 907 5309 cum
938 5253 1123 5326 Tyrbo
1145 5256 1348 5312 reverti
1376 5256 1444 5311 ad
1474 5256 1833 5312 Maniclneum
1858 5257 2049 5323 nollet,

464 5359 531 5400 eo
561 5345 775 5409 relicto,
827 5345 1139 5416 expeditum
1183 5348 1475 5419 quemdam
1517 5365 1796 5404 cursorem
1831 5364 1862 5404 e
1896 5348 2054 5403 fami-

467 5433 539 5488 lia
581 5449 712 5501 sua,
761 5436 1023 5504 destinat,
1066 5454 1164 5509 per
1200 5455 1366 5509 quem
1405 5439 1508 5496 has
1549 5440 1618 5495 ad
1649 5439 1803 5494 illum
1835 5440 2051 5498 litteras

465 5524 632 5580 dedit.

2091 4583 2138 4642 ο

2170 1962 2451 2034 φέρουσιν,
2473 1957 2566 2018 ὧν
2581 1963 2649 2017 τὸ
2668 1963 2845 2030 τέλος
2870 1963 3132 2034 κατάρας
3159 1964 3358 2034 ἐγγύς.
3382 1965 3524 2020 Οὔτε
3553 1966 3664 2038 γάρ
3703 1969 3766 2022 ἐν

2167 2058 2278 2119 τοῖς
2308 2056 2621 2127 εἰρημένοις
2648 2056 3002 2126 Εύαγγελίοις
3031 2059 3162 2128 παρ’
3191 2057 3356 2110 αὑτοῦ
3389 2057 3482 2111 τοῦ
3510 2059 3766 2130 Σωτῆρος

2168 2145 2326 2218 ήμῶν
2371 2148 2466 2200 καὶ
2530 2149 2737 2219 Κυρίου
2802 2148 2980 2222 Ἰησοῦ
3009 2148 3245 2220 Χριστοῦ
3282 2149 3652 2214 πιστεύουσιν,
3678 2152 3765 2207 ὅτι

2172 2240 2255 2292 Οὐ
2307 2238 2555 2294 δύναται
2622 2239 2878 2311 δένδρον
2954 2241 3149 2296 καλὸν
3203 2241 3475 2310 καρποὺς
3531 2244 3764 2312 κακοὺς

2169 2329 2436 2398 ποιῆσαι,
2490 2332 2634 2386 οὐδὲ
2673 2333 2792 2403 μὲν
2827 2325 3315 2402 δένδρον-’κακὸν
3345 2335 3575 2402 καλοὺς
3616 2353 3766 2404 καρ-

2168 2424 2324 2490 ποὺς
2354 2425 2621 2494 ποιῆσαι.
2660 2427 2772 2480 Καὶ
2818 2427 2937 2490 πῶς
2974 2426 3064 2481 τὸν
3092 2416 3226 2480 Θεὸν
3267 2427 3363 2482 τοῦ
3405 2430 3624 2482 Σατανᾶ
3665 2428 3765 2482 καὶ

2167 2515 2277 2568 τῶν
2309 2516 2497 2571 κακῶν
2525 2516 2690 2572 αὑτοῦ
2737 2518 3083 2591 πραγμάτων
3111 2519 3293 2588 λέγειν
3320 2519 3565 2592 τολμῶσι
3600 2538 3766 2590 ποιη-

2167 2607 2266 2678 τὴν
2298 2606 2394 2660 καὶ
2438 2607 2792 2679 δημιουργὸν,
2828 2611 3130 2682 θαυμάζειν
3166 2629 3258 2684 μοι
3297 2611 3618 2684 ἐπέρχεται.
3650 2613 3768 2666 Καὶ

2169 2697 2280 2752 εἴτε
2304 2698 2404 2770 μὲν
2433 2699 2565 2770 ἄχρι
2593 2700 2798 2755 τούτων
2823 2701 3058 2771 ἔφθασεν
3107 2703 3286 2758 αὐτῶν
3313 2705 3347 2776 ὴ
3374 2703 3762 2776 ματαιοπονία,

2170 2791 2262 2843 καὶ
2298 2789 2374 2862 μὴ
2400 2789 2491 2844 τὸν
2527 2791 2806 2864 Μονογενῆ
2835 2793 2928 2847 τὸν
2968 2794 3032 2847 ὲκ
3057 2793 3169 2848 τῶν
3193 2794 3412 2848 κόλπων
3428 2793 3522 2848 τοῦ
3545 2795 3766 2867 Πατρὶς

2170 2881 2486 2936 καταϐάντα
2530 2883 2788 2956 Χριστὸν,
2837 2886 3056 2959 Μαρίας
3086 2888 3232 2952 τινὸς
3267 2888 3530 2960 γυναικὸς
3573 2890 3766 2960 ελεγον

2170 2971 2307 3030 εἶναι
2342 2976 2477 3043 υἱὸν,
2535 2976 2595 3041 ἐξ
2629 2978 2882 3049 αἵματος,
2922 2981 3017 3034 καὶ
3050 2982 3272 3054 σαρκὸς.
3316 2984 3414 3037 καὶ
3453 2983 3556 3055 τῆς
3592 2984 3763 3056 ἄλλης

2169 3067 2436 3132 δυσωδίας
2482 3068 2592 3123 τῶν
2621 3070 2899 3139 γυναικῶν
2936 3072 3290 3144 γεγενῆσθαι.
3329 3075 3442 3129 Καὶ
3471 3076 3558 3130 ἵνα
3585 3077 3662 3149 μὴ
3691 3077 3764 3130 τὰ
3875 3131 3881 3137 ,

2173 3154 2343 3208 πολλὰ
2374 3155 2462 3209 διά
2493 3157 2654 3228 τῆσδε
2700 3158 2801 3230 τῆς
2855 3161 3147 3233 ἐπιστολῆς
3197 3164 3427 3235 γράφων
3462 3167 3544 3229 εἰς
3584 3167 3764 3238 μῆκος

2170 3248 2363 3320 χρόνου
2397 3247 2638 3319 διασύρω
2691 3267 2785 3305 σου
2819 3253 2921 3326 τὴν
2967 3255 3289 3325 ἐπιείκειαν,
3319 3258 3420 3312 οὐκ
3466 3259 3607 3330 ἔχων
3659 3260 3765 3325 τὰς

2170 3337 2406 3408 φυσικὰς
2450 3339 2702 3411 φράσεις,
2737 3343 2832 3396 ἐπὶ
2883 3343 3096 3410 τούτοις
3149 3346 3584 3421 ἀρκεσθήσομαι.
3614 3351 3688 3404 Τὸ
3713 3352 3764 3405 δ’

2169 3429 2288 3483 ὅλον
2310 3430 2496 3505 γνώσῃ
2534 3433 2799 3504 παρόντος
2821 3453 2923 3506 μου
2954 3439 3092 3507 πρὸς
3139 3439 3222 3504 σὲ,
3250 3439 3369 3509 εἴγε
3406 3441 3509 3512 τῆς
3533 3444 3763 3498 σεαυτοῦ

2171 3520 2447 3592 σωτηρίας
2476 3521 2556 3575 ἔτι
2590 3523 2768 3596 φείδῃ.
2808 3527 2943 3581 Οὐδὲ
2968 3529 3077 3601 γὰρ
3100 3528 3294 3602 βρόχον
3330 3531 3437 3585 τινὶ
3459 3533 3761 3600 ἐπιϐάλλω,

2168 3610 2245 3674 ὡς
2285 3613 2334 3665 οἱ
2373 3612 2484 3666 τῶν
2531 3614 2742 3670 πολλῶν
2795 3617 3184 3694 ἀφρονέστεροι
3235 3623 3504 3682 ποιοῦσιν.
3558 3624 3686 3681 Νόει
3722 3627 3762 3682 ἂ

2169 3703 2334 3774 λέγω,
2369 3705 2560 3761 τέκνον
2587 3709 2887 3786 τιμιώταᾳ
2899 3755 2916 3772 ,

2239 3890 2312 3942 Ζ’.
2336 3887 2554 3960 Ταύτην
2579 3889 2847 3960 ἀναγνοὺς
2891 3891 2986 3964 τὴν
3015 3894 3306 3966 ἐπιστολὴν
3341 3895 3370 3948 ό
3397 3895 3763 3966 ἀξιολογώτα-

2166 3992 2258 4038 τος
2280 3975 2624 4048 Μάρκελλος,
2655 3980 2750 4032 καὶ
2785 3980 3204 4048 θεοσεϐέστατος
3237 3985 3398 4057 ἀνὴρ,
3436 3988 3531 4039 καὶ
3565 3988 3764 4058 διαφα-

2166 4066 2285 4136 νὴς,
2335 4067 2613 4137 ἐθαύμαζε
2685 4071 2780 4123 καὶ
2836 4070 3215 4143 ἐξεπλήττετο.
3277 4075 3602 4148 Συμϐέϐηκε
3649 4077 3763 4149 γὰρ

2179 4156 2467 4230 Ἀρχέλαον
2515 4160 2608 4214 τὸν
2651 4163 2752 4233 τῆς
2797 4164 3006 4229 πόλεως
3057 4166 3353 4220 ἐπίσκοπον
3412 4169 3595 4224 οἴκαδε
3641 4170 3762 4242 ἅμα

2165 4251 2316 4322 αὐτῷ
2365 4255 2603 4308 συνεῖναι
2654 4255 2777 4308 κατ’
2814 4256 3030 4328 εκείνην
3081 4258 3181 4330 τὴν
3227 4261 3462 4333 ἡμέρωι,
3507 4263 3566 4314 ὲν
3656 4264 3760 4338 τὴν

2165 4342 2456 4413 ἐπιστολὴν
2485 4345 2579 4399 τοῦ
2605 4346 2906 4418 Μανιχαίου
2950 4349 3090 4421 μετὰ
3119 4354 3308 4422 χεῖρας
3341 4352 3564 4424 εἴληφεν
3597 4356 3626 4406 ὁ
3657 4354 3755 4410 τοῦ

2163 4435 2300 4489 Θεοῦ
2333 4436 2540 4502 δοῦλος.
2581 4440 2641 4492 Ὀ
2669 4440 2727 4493 δὲ
2771 4441 3079 4513 Ἀρχέλαος,
3112 4446 3274 4512 γνοὺς
3301 4447 3402 4518 τὴν
3434 4447 3635 4512 αἰτίαν,
3663 4448 3758 4501 καὶ

2161 4527 2261 4599 τὴν
2287 4529 2574 4602 ἐπιστολὴν
2595 4531 2881 4601 ἀναγνοὺς,
2911 4534 3109 4607 ἔϐρυχε
3138 4539 3264 4600 τοὺς
3295 4538 3533 4605 ὀδόντας,
3565 4539 3758 4608 ὥσπερ

2161 4618 2298 4674 λέων
2319 4621 2650 4695 ὼρυόμενος,
2681 4626 2776 4680 καὶ
2806 4627 2965 4698 ζῆλον
2992 4627 3128 4682 Θεοῦ
3160 4630 3465 4697 ἀναλαϐὼν,
3492 4634 3758 4705 ἐπειρᾶτο

2161 4713 2400 4784 ὁρμῆσαι
2467 4716 2668 4786 μᾶλλον
2715 4718 2819 4784 ἓως
2866 4719 3054 4786 αὐτοῦ,
3111 4722 3206 4774 καὶ
3247 4721 3620 4795 χειρώσασθαι
3661 4724 3756 4777 τὸν

2159 4803 2419 4867 τοιοῦτον,
2465 4807 2542 4871 ὡς
2593 4808 2844 4864 ὲπίλυτον
2875 4811 2895 4842 ⁸
2924 4812 2988 4866 ἐκ
3021 4811 3334 4886 βαρϐάρων,
3359 4815 3484 4869 ὅθεν
3513 4817 3608 4869 καὶ
3638 4816 3754 4888 ώρ-

2166 4897 2304 4966 μᾶτο
2334 4897 2472 4972 πρὸς
2510 4899 2818 4973 ἀφανισμὸν
2862 4903 2970 4957 τῶν
2999 4905 3130 4958 υἱῶν
3170 4905 3279 4959 τῶν
3322 4906 3628 4979 ἀνθρώπων
3662 4908 3756 4961 ὲπ-

2161 4990 2488 5045 αναστάντα.
2527 4992 2588 5045 Ὁ
2617 4993 2674 5046 δὲ
2711 4995 2927 5060 συνετὸς
2946 4997 3266 5068 Μάρκελλος
3290 4999 3382 5052 τὸν
3409 5000 3508 5070 μὲν
3529 5000 3755 5054 ἐπίσκοο

2162 5097 2264 5134 πον
2285 5078 2526 5147 ἀξιώσας
2559 5086 2931 5158 κατεπράϋνε,
2965 5088 3216 5160 Τύρϐωνι
3245 5089 3302 5143 δὲ
3351 5093 3756 5164 παρεκελεύετο

2160 5173 2397 5227 διανύειν
2445 5175 2545 5247 τὴν
2595 5176 2906 5250 ὁδοιπορίαν
2949 5180 3088 5252 πρὸς
3127 5181 3218 5234 τὸν
3247 5183 3441 5254 Μάνην
3465 5187 3524 5238 ὲν
3547 5184 3626 5254 τῷ
3653 5202 3756 5238 κα-

2164 5263 2367 5334 στέλλῳ
2399 5265 2747 5336 Ἀραϐίωνος,
2767 5269 2896 5322 ἔνθα
2919 5288 3024 5324 που
3045 5272 3323 5342 ἐξεδέχετο
3347 5273 3439 5326 τὸν
3458 5274 3750 5346 Τύρϐωνα.

2164 5355 2320 5408 Ἔστι
2372 5355 2429 5408 δὲ
2459 5358 2616 5413 τοῦτο
2648 5359 2710 5412 τὸ
2743 5361 3002 5434 φρούριον
3044 5362 3153 5420 ὰνα·
3179 5365 3348 5436 μέσον
3380 5363 3491 5418 τῶν
3522 5369 3751 5438 Περσῶν

2160 5447 2255 5500 καὶ
2291 5449 2565 5521 ἀναμέτον
2593 5452 2694 5524 τῆς
2729 5454 3176 5525 Μεσοποταμίας.
3224 5456 3284 5509 Ὀ
3315 5456 3371 5509 δὲ
3393 5464 3751 5532 παρῃνήσατο

2159 5538 2258 5611 τὴν
2279 5540 2416 5612 πρὸς
2434 5543 2526 5596 τὸν
2548 5544 2848 5616 Μανιχαῖον
2869 5546 3052 5616 ἄφιξιν
3067 5563 3081 5578 ⁸
3108 5548 3204 5602 καὶ
3223 5549 3242 5579 ⁷
3275 5549 3350 5622 μὴ
3388 5551 3750 5622 καταναγκά-

465 5633 563 5680 σας
591 5615 684 5671 τὸν
704 5617 992 5693 Τύρϐωνα,
1026 5621 1349 5676 ἀποστέλλει
1392 5622 1514 5679 τινὰ
1537 5625 1876 5698 ταχυδρόμον
1905 5626 2016 5682 τῶν
2057 5628 2225 5697 ἰδίων,
2257 5633 2475 5704 γράψας
2504 5636 2652 5709 αὐτῷ
2681 5639 2971 5714 ἐπιστολὴν
2999 5642 3235 5697 τοιάνδε.

533 5731 1262 5831 ξηξίξὴξληὶξέῃξ’Μαιιίκ
1291 5756 1390 5810 vn,
1419 5743 1504 5798 l7.
1586 5743 1609 5776 ³
1665 5743 1824 5801 Joan.
1860 5761 1897 5815 ι,
1933 5747 2018 5802 18.

2170 5746 2339 5808 lCor.
2406 5771 2478 5811 vn
2529 5757 2618 5815 35.
2695 5758 2868 5817 l‘For.
2912 5761 2985 5818 ain
3018 5762 3105 5819 ἁδ.
3183 5763 3205 5796 ⁶
3239 5759 3376 5831 ,Ροικ
3450 5764 3750 5830 ἰπήλυτον.

463 5800 484 5838 ¹
510 5803 674 5862 Deest
701 5805 730 5859 ὀ
752 5807 1094 5878 Μάρκελλος.
