4076 6392
301 381 367 439 LI
955 394 1329 458 ADVERSUS
1361 402 1706 462 IIJERESES
1747 407 1876 463 LIB.
1916 407 1980 466 II.
2023 410 2186 470 TOM.
2227 414 2294 472 II.
2335 450 2402 460 —-
2442 419 2719 480 IIIERES.
2763 424 2948 484 LXVI.
3528 436 3600 492 Ω

461 527 792 598 Ἐπιστολὴ
819 534 1184 603 Μαρκέλλου
1216 543 1367 612 πρὸς
1402 548 1558 600 Μανι
1563 547 1756 617 χαῖον.

372 657 696 730 Μάρκελλος
737 664 880 735 ἀνὴρ
917 667 1194 742 ἐπίσημος
1241 675 1530 750 Μανιχαίῳ
1559 680 1636 750 τῷ
1674 681 1762 735 διὰ
1798 680 1902 752 τῆς

297 750 599 823 ἐπιστολῆς
629 753 952 832 δηλουμένῳ
979 763 1214 835 χαίρειν.
1239 767 1350 840 Τὴν
1373 770 1476 841 μὲν
1504 773 1609 826 ὑπὸ
1640 774 1734 828 σοῦ
1764 750 1903 848 γρα-

296 843 494 909 φείσαν
512 844 808 918 ἐπιστολὴν
832 855 1202 927 προσηκάμην
1218 873 1236 891 ο
1257 859 1421 914 τὸνδέ
1444 862 1711 935 Τύρὸωνα
1733 843 1902 938 προσ-

293 932 574 1008 εδεξάμην
599 940 744 995 κατὰ
788 942 1192 1020 φιλοφροσύνην
1225 951 1384 1024 ἐμήν.
1418 932 1541 1009 Τῶν
1563 956 1620 1010 δὲ
1644 932 1904 1032 γραμμά-

294 1041 408 1081 των
451 1030 544 1083 τὸν
590 1031 717 1086 νοῦν
746 1034 998 1108 οὐδαμῶς
1033 1039 1239 1110 ἔγνων·
1272 1046 1321 1098 εί
1357 1046 1433 1119 μὴ
1477 1049 1540 1102 σὺ
1589 1030 1901 1123 παραγενό-

294 1135 464 1188 μενος
477 1121 696 1194 φράσῃς
725 1126 862 1196 ἡμῖν
889 1130 1266 1205 καταλογάδην
1283 1135 1536 1204 ἕκαστον,
1560 1141 1636 1206 ὡς
1660 1121 1899 1214 ύπέσχου

291 1207 383 1262 διὰ
405 1211 506 1282 τῆς
535 1214 852 1287 ἐπιπολῆς.
881 1217 1186 1292 Ἔρρωσθε.

366 1329 453 1381 H'.
494 1329 683 1384 Ταῦτα
714 1334 881 1401 γνοὺς
909 1337 938 1390 6
967 1337 1165 1411 Μάνης
1211 1343 1510 1400 ἐσκέπτετο
1556 1350 1656 1404 οὐκ
1688 1351 1900 1426 ἀγαθὴν

292 1413 436 1474 εἶναι
459 1422 558 1494 τὴν
576 1425 674 1479 τοῦ
701 1425 992 1498 Τύρὸωνος
1017 1433 1077 1485 ἐν
1100 1433 1323 1500 καθέξει
1362 1442 1660 1514 γενομένην
1694 1413 1900 1518 παρού-

293 1510 422 1564 σίαν
457 1512 742 1582 (πολλάκις
783 1517 843 1572 δὲ
890 1520 988 1573 καὶ
1021 1521 1186 1577 αὐτὸν
1213 1525 1421 1598 ἠπάτα,
1455 1510 1593 1585 ἄλλα
1615 1510 1791 1606 ’παρά
1829 1536 1900 1590 τά

288 1602 424 1657 ὕντα
458 1605 860 1681 λογιζόμενος),
891 1613 1266 1689 πληροφορίας
1301 1621 1402 1692 τῆς
1429 1623 1624 1678 ἐαυτοῦ
1657 1602 1898 1694 διανοίας

291 1695 475 1768 χάριν.
537 1698 755 1772 Ὅμως,
815 1703 904 1758 διὰ
956 1708 1056 1778 τῆς
1119 1711 1416 1784 ἐπιπολῆς
1471 1715 1770 1790 λαϐόμενος
1797 1720 1899 1793 τὴν

2280 559 2531 619 Marcelli
2564 567 2635 621 ad
2668 572 3023 627 Manichamm
3061 574 3309 642 epistola.

2077 697 2369 757 Marcellus
2412 705 2498 759 vir
2540 705 2771 766 illustris
2802 710 3100 768 Mamehmo
3152 730 3248 784 per
3297 716 3588 786 epistolam

2006 790 2136 843 mihi
2168 793 2392 864 cognito
2436 796 2690 854 salutem.
2744 803 2942 872 Accepi
2993 821 3133 874 quas
3169 808 3234 862 ad
3269 825 3356 865 me
3389 810 3587 868 dedisti

2010 881 2242 942 litteras.
2283 885 2592 958 Tyrbonem
2619 891 2785 963 625
2813 909 2943 950 vero
2973 912 3071 966 pro
3105 914 3222 954 mea
3253 902 3590 974 benignitate

2005 977 2243 1047 suscepi.
2283 977 2425 1045 Quid
2461 983 2644 1039 autem
2677 985 2876 1043 littera:
2927 998 3033 1046 tua:
3082 991 3187 1047 sibi
3231 995 3402 1050 velint
3451 1014 3589 1052 non~

2004 1063 2134 1118 dum
2189 1067 2471 1135 intellexi,
2528 1073 2635 1129 nisi
2688 1082 2748 1130 tu
2797 1076 2865 1131 ad
2911 1093 3014 1135 nos
3070 1083 3296 1138 veniens
3349 1086 3586 1157 singula,

2004 1156 2081 1210 uti
2139 1174 2232 1228 per
2287 1160 2500 1219 litteras
2549 1169 2826 1239 recepisti,
2869 1171 2934 1225 ad
2975 1174 3200 1228 verbum
3242 1156 3587 1248 exposueris.

2009 1244 2211 1304 Valete.

2078 1361 2215 1419 VIII.
2257 1364 2384 1422 Haac
2437 1368 2530 1424 ubi
2578 1368 2765 1428 Manes
2812 1378 3046 1448 accepit,
3094 1384 3310 1438 tametsi
3359 1387 3492 1441 nihil
3531 1389 3587 1444 in

2006 1471 2070 1510 ea
2119 1456 2396 1528 Tyrbonis
2443 1463 2748 1521 retentione
2781 1466 2909 1523 boni
2949 1484 3074 1526 esse
3107 1487 3294 1529 secum
3337 1480 3589 1536 animad-

2002 1557 2240 1606 verteret
2277 1554 2296 1624 (
2326 1569 2568 1625 persaepe
2602 1573 2733 1614 vero
2760 1559 2875 1616 falli
2900 1564 3158 1633 opinione
3187 1569 3417 1636 solebat,
3449 1574 3588 1629 alia-

2001 1657 2108 1712 que
2129 1644 2333 1710 omnia,
2361 1661 2526 1718 quam
2551 1649 2645 1715 ita,
2677 1652 2754 1706 uti
2781 1667 2841 1708 se
2870 1669 2961 1710 res
2987 1656 3221 1714 habebat
3254 1662 3580 1737 conjicere),

2004 1743 2064 1790 ut
2094 1735 2164 1791 de
2195 1744 2310 1793 tota
2354 1755 2414 1795 re
2447 1743 2648 1798 certior
2678 1743 2855 1813 ﬁeret,
2891 1750 3188 1807 occasione
3235 1769 3301 1810 ex
3346 1755 3588 1815 Marcelli

289 1789 598 1861 πρόφασινν
631 1793 912 1866 δρομαίως
941 1793 1045 1871 ἦκε
1073 1803 1212 1874 πρὸς
1243 1805 1335 1860 τὸν
1367 1789 1708 1881 Μάρκελλον.
1749 1814 1807 1868 Ὀ
1841 1789 1896 1870 δέ

289 1879 599 1911 Bari-un...-
648 1882 697 1911 ’Δ
718 1885 834 1911 -..ιη
851 1904 942 1911 ..--
1159 1895 1172 1911 ν
1263 1895 1276 1911 ο
1401 1895 1428 1909 η
1609 1899 1620 1911 ι
1713 1903 1724 1911 .
1804 1904 1820 1911 -
1851 1905 1863 1911 -

2014 1789 2021 1790 ,
2102 1789 2157 1791 ___
2200 1789 2310 1793 ηπ-
2356 1789 2413 1795 _-
2451 1789 2636 1798 ---η-.-
2678 1789 2855 1813 ..ν-νιν,
2892 1789 3188 1807 νυνι-σιυιιυ
3235 1789 3301 1810 τι
3346 1789 3588 1815 ιιιιιιιέῠιιι

2002 1831 2203 1888 litteris
2265 1843 2512 1906 accepta,
2557 1837 2841 1897 celerrime
2889 1842 2959 1898 ad
2991 1843 3163 1911 illum
3203 1851 3462 1905 accurrit.
3520 1852 3590 1906 At

287 1879 599 1945 ἐπίσκοπος
648 1882 942 1956 ’Δρχέλαος
973 1889 1113 1961 ἔχων
1154 1895 1216 1946 ἐν
1257 1895 1438 1968 ἑαυτῷ

295 1991 388 2042 τον
421 1976 438 2006 ¹
473 1977 570 2030 καὶ
597 1975 661 2031 τὸ
689 1977 991 2051 ζηλωτικδν
1033 1984 1136 2054 τῆς
1176 1986 1435 2054 πίστεως,
1465 1991 1802 2061 ἐϐουλεύετο,
1846 2001 1896 2053 εἰ

286 2059 359 2137 ἢν
391 2066 643 2133 δυνατὸν,
679 2071 739 2139 ἐξ
780 2073 956 2145 αὐτῆς
985 2076 1076 2130 τὸν
1104 2078 1293 2151 ἄνδρα,
1316 2080 1508 2156 ὥσπερ
1543 2059 1830 2159 πάρδαλιν,
1861 2092 1894 2164 ἦ

288 2156 481 2225 Λύκον,
510 2161 545 2232 ἦ
569 2178 623 2215 τι
643 2161 834 2236 ἕτερον
862 2166 972 2219 τῶν
995 2165 1201 2240 θηρίων
1230 2171 1528 2243 ἀγρεύσας,
1555 2156 1773 2250 θανάτῳ
1794 2156 1898 2236 πασί

280 2250 574 2320 ραδοῦναι,
602 2252 692 2308 ἵνα
721 2255 798 2328 μὴ
829 2256 1077 2331 λυμανθῇ
1102 2261 1170 2315 τά
1191 2263 1508 2336 θρέμματα,
1534 2271 1780 2328 τοιούτου
1801 2275 1898 2348 θη-

286 2342 408 2414 ρδς,
443 2342 555 2416 [ἐφ’
584 2346 729 2420 ὁδοῦ]
763 2348 865 2420 τὴν
903 2350 930 2383 ³
969 2351 1176 2406 εἴσοδον
1208 2359 1510 2416 κατανοῶν.
1559 2362 1619 2416 Ὀ
1652 2364 1711 2419 δὲ
1737 2342 1897 2438 Μάρ-

287 2432 486 2498 ιιελλος
518 2438 584 2509 τῇ
619 2439 977 2513 μακροθυμίᾳ
1012 2444 1215 2514 μᾶλλον
1242 2448 1396 2519 ἠξίου
1439 2454 1532 2507 καὶ
1559 2432 1898 2526 ἀνεξικάκως

285 2525 383 2580 τὸν
435 2528 579 2600 πρὸς
621 2531 788 2587 αὐτὸν
820 2533 1071 2605 διάλογον
1108 2539 1204 2592 ἀπ’
1226 2541 1394 2597 αὐτοῦ
1435 2548 1707 2614 γενέσθαι.
1747 2552 1807 2607 '0
1838 2525 1896 2608 δέ

283 2619 397 2691 ἤδη
451 2622 796 2696 μεμαθηκὼς
848 2627 952 2699 τῆς
995 2630 1094 2684 τοῦ
1123 2633 1285 2708 Μάνη
1313 2637 1540 2712 γνώμης
1573 2642 1675 2715 τὴν
1715 2649 1896 2700 πᾶσαν

286 2711 574 2768 ὑπόθεσιν·
615 2717 917 2790 διηγήσατο
959 2722 1070 2795 γὰρ
1109 2727 1292 2793 αὐτοῖς
1323 2732 1352 2784 6
1382 2711 1805 2812 Τύρϐων,ἀύτῷ
1837 2759 1897 2795 τε

287 2805 390 2858 καὶ
421 2807 754 2882 Μαρκέλλῳ,
776 2813 878 2885 τὴν
904 2815 1006 2887 τῆς
1036 2819 1300 2891 τὶρέσεως
1328 2824 1510 2880 πᾶσαν
1541 2805 1894 2900 κενοφωνίαν·

282 2897 370 2962 ὡς
397 2901 430 2952 6
461 2901 564 2971 μὲν
604 2904 802 2976 Μάνης
831 2905 932 2961 δύο
967 2910 1144 2982 ἀρχὰς
1166 2916 1467 2987 εἰσηγεῖται
1495 2897 1767 2995 ἀνάρχους
1811 2927 1900 2980 ἀεὶ

287 2988 484 3058 οὔσας,
521 2996 616 3049 καὶ
646 2998 917 3070 μηδέποτε
951 3002 1335 3072 διαλειπούσαις
1375 3010 1438 3064 τὸ
1468 2988 1898 3078 εἶναιίάντικει-

291 3083 471 3153 μένας
497 3088 637 3158 πρὸς
669 3089 924 3164 ἀλλήλας
958 3097 1054 3150 καὶ
1073 3100 1138 3169 τῇ
1174 3099 1275 3170 μὲν
1308 3103 1408 3174 μιᾷ
1431 3103 1602 3178 ὄνομα
1626 3108 1806 3181 τίθησι
1838 3112 1900 3166 τὸ

289 3178 416 3246 φῶς
438 3181 553 3234 ·καὶ
582 3183 810 3252 ἀγαθὸν,
839 3190 905 3258 τῇ
937 3188 997 3242 δὲ
1025 3190 1190 3263 ἑτέρᾳ
1225 3194 1418 3259 σκότος
1443 3197 1538 3252 καὶ
1574 3178 1798 3270 κακίαν,
1818 3201 1895 3268 ὡς

288 3264 437 3326 εἶναι
467 3272 602 3327 Θεὸν
626 3277 720 3330 καὶ
743 3254 1012 3334 διάϐολονο
1037 3254 1245 3338 metae
1273 3288 1368 3340 καὶ
1393 3254 1550 3355 θεοὺς
1575 3254 1901 3365 τοὺςάμφοί
1927 3254 1973 3317 C

289 3362 493 3436 τέρους
523 3367 701 3434 καλεῖ,
739 3370 871 3425 Θεὸν
898 3374 1124 3443 ἀγαθὸν,
1161 3379 1257 3432 καὶ
1290 3379 1425 3434 Θεὸν
1451 3386 1711 3456 πονηρόν.
1745 3362 1900 3443 Εἶναι

287 3453 354 3510 δὲ
381 3459 450 3510 ἐκ
478 3457 592 3514 τῶν
624 3460 720 3515 δύο
749 3464 936 3535 ἀρχῶν
969 3465 1040 3520 τὰ
1065 3469 1264 3539 πάντα,
1292 3473 1388 3526 καὶ
1429 3453 1772 3533 συνεστάναι·
1807 3482 1900 3535 καὶ

291 3547 397 3620 τὴν
437 3551 540 3619 μὲν
575 3552 707 3622 μίαν
745 3554 922 3626 ἀρχὴν
953 3558 1023 3613 τὰ
1067 3560 1248 3631 ἀγαθὰ
1273 3565 1454 3620 πάντα
1485 3572 1684 3638 ποιεῖν,
1712 3571 1810 3645 τὴν
1841 3575 1900 3628 δὲ

288 3638 383 3692 ἐειλέ
394 3657 495 3701 ραν
525 3643 726 3712 ὁμοίως
760 3645 828 3699 τὰ
854 3648 1052 3716 φαῦλα.
1088 3653 1275 3726 Ἔχειν
1299 3655 1358 3710 δὲ
1387 3658 1446 3711 ἐν
1471 3659 1550 3731 τῷ
1573 3638 1900 3735 κόσμῳντῶν

283 3733 391 3788 δύο
416 3734 627 3790 τούτων
652 3737 838 3811 ἀρχῶν
863 3742 962 3807 τάς
984 3745 1332 3814 ὑποστάσεις.
1363 3752 1476 3806 Kal
1506 3755 1607 3827 τὴν
1641 3733 1743 3828 μὲν
1768 3759 1898 3830 μίαν

289 3827 474 3900 ἀρχὴν
506 3833 866 3901 πεποιηκέναι
891 3835 954 3888 τὸ
985 3836 1168 3908 σῶμα,
1198 3841 1300 3914 τὴν
1332 3842 1390 3897 δὲ
1419 3843 1598 3918 ψυχὴν
1624 3827 1781 3901 εἶναι*
1797 3850 1898 3921 τῆς

290 3919 512 3989 ἑτέρας.
540 3921 722 3994 Αὐτὴν
753 3924 812 3978 δὲ
845 3921 986 3981 εἶναι
1011 3928 1109 4001 τὴν
1134 3931 1315 4005 ψυχὴν
1343 3937 1444 4008 τὴν
1475 3939 1534 3991 ὲν
1566 3919 1894 4012 ἀνθρώποιέη

289 4014 392 4066 καὶ
428 4013 492 4067 ἐν
519 4017 685 4070 παντὶ
727 4017 877 4090 ζώῳ,
931 4022 1026 4076 καὶ
1073 4026 1328 4098 πετεινῷ,
1371 4029 1466 4084 καὶ
1509 4033 1745 4106 ἑρπετῷ,
1803 4037 1898 4090 καὶ

290 4106 578 4180 κνωδάλῳ’
604 4110 667 4163 οὐ
707 4111 869 4182 μόνον
917 4114 1055 4170 ἀλλὰ
1087 4119 1184 4172 καὶ
1216 4121 1276 4174 ἐν
1301 4125 1413 4185 τοῖς
1445 4127 1634 4194 φυτοῖς
1669 4128 1769 4200 τὴν
1795 4127 1896 4199 τῆς

289 4197 446 4268 ζωῆς
477 4200 680 4271 ἰκμάδα
707 4203 926 4276 κίνησιν
950 4203 1090 4262 εἶναι
1125 4209 1306 4283 ψυχῆς
1335 4214 1582 4283 φάσκων,
1610 4221 1676 4290 ἢν
1705 4197 1800 4274 καὶ
1836 4197 1896 4274 ἐν

283 4294 410 4357 ’τοῖς
441 4293 752 4368 ἀνθρώποις
775 4300 1136 4374 ὑπάρχουσαν
1157 4307 1324 4378 λέγει.

362 4409 445 4467 0'.
489 4413 660 4469 Ἀλλα
686 4415 742 4470 δὲ
761 4417 864 4470 ὅσα
897 4417 1232 4489 μυθοποιῶν,
1256 4424 1351 4479 καὶ
1369 4425 1640 4482 διδάσκων
1669 4430 1888 4499 φάσκει,

284 4503 386 4558 τὸν
425 4505 678 4562 ἐσθίοντα
716 4510 929 4582 σάρκας
955 4513 1134 4587 ψυχήν
1168 4534 1334 4589 φησιν
1352 4519 1556 4576 ἐσθίειν
1587 4523 1683 4577 τὸν
1717 4524 1912 4579 τοιοῦι

1492 1899 1634 1970 μετὰ
1676 1903 1770 1958 τὸν
1804 1904 1896 1958 λό-

2005 1922 2309 1982 Archelaus
2335 1893 2631 1999 episcopus
2668 1941 2865 2002 praeter
2899 1935 3215 1993 doctrinam
3268 1940 3391 1998 lidei
3433 1945 3591 2000 insn-

2012 2033 2113 2088 per
2159 2019 2358 2076 ardore
2406 2022 2692 2092 praeditus,
2733 2035 2927 2083 auctor
2961 2039 3101 2096 erat,
3137 2043 3216 2097 ut,
3247 2035 3292 2090 si
3321 2035 3434 2092 ﬁeri
3461 2054 3590 2109 pos-

2005 2117 2110 2174 set,
2147 2109 2313 2167 homo
2359 2112 2471 2176 ille,
2519 2115 2676 2185 pardi
2726 2117 2904 2175 instar
2933 2136 2996 2176 ac
3028 2123 3163 2194 lupi,
3208 2127 3292 2182 vel
3342 2130 3589 2200 cujusvis

2001 2202 2230 2260 alterius
2280 2204 2504 2271 bestiae,
2549 2209 2886 2282 interceptus
2926 2217 3090 2271 morti
3138 2219 3464 2289 traderetur,
3520 2239 3590 2280 ne

2014 2294 2289 2364 ejusmodi
2324 2295 2454 2352 ferae
2490 2299 2809 2358 incursione
2838 2320 3036 2375 pecora
3069 2309 3421 2380 laederentur,
3461 2331 3588 2371 cum

2006 2387 2158 2445 Illius
2189 2389 2502 2461 ingressum
2541 2406 2921 2466 cognosceret.
2958 2399 3248 2460 Marcellus
3277 2415 3468 2462 contra
3496 2425 3590 2479 pa-

2009 2480 2212 2538 tienter
2244 2497 2309 2538 ac
2331 2483 2528 2538 leniter
2559 2488 2742 2558 potius
2777 2490 2930 2546 illum
2958 2492 3012 2547 in
3045 2495 3320 2567 colloquio
3347 2509 3590 2557 tractan-

2008 2575 2138 2629 dum
2173 2577 2422 2647 putabat.
2481 2579 2576 2636 Ille
2622 2598 2752 2637 vero
2791 2595 3070 2656 comperta
3109 2589 3222 2658 jam
3266 2590 3442 2650 Manis
3469 2596 3588 2667 opi-

2000 2668 2164 2723 nione
2192 2684 2255 2723 ac
2285 2669 2534 2726 doctrina
2569 2695 2580 2728 :
2617 2676 2892 2745 siquidem
2923 2677 3106 2751 Tyrbo
3160 2685 3380 2756 utrique
3413 2695 3585 2747 totam

1999 2759 2148 2815 illius
2194 2771 2360 2816 sectae
2401 2765 2704 2822 vanitatem
2749 2769 3073 2842 eXplicarat,
3121 2778 3584 2845 quemadmodum

2000 2851 2212 2909 scilicet
2245 2854 2357 2910 duo
2386 2857 2658 2928 principia
2707 2870 3001 2928 statueret,
3049 2881 3171 2936 quae
3216 2877 3271 2924 et
3316 2872 3586 2944 principio

2001 2953 2278 3009 carerent,
2312 2962 2413 3002 nec
2438 2963 2679 3018 unquam
2713 2949 3050 3018 desinerent,
3084 2958 3426 3033 invicemque
3463 2979 3588 3019 eon-

2001 3035 2171 3090 traria
2200 3035 2419 3105 forent;
2451 3056 2683 3109 quorum
2728 3058 2898 3098 unum
2944 3046 3121 3102 lucem
3155 3064 3220 3105 ae
3250 3051 3453 3108 bonum
3491 3071 3588 3126 ap-

2000 3127 2268 3196 pellaret;
2335 3129 2570 3185 alterum
2627 3133 2886 3190 tenebras
2934 3151 3000 3192 ac
3049 3142 3276 3206 malum,
3327 3151 3385 3198 ut
3439 3146 3583 3201 idem

2004 3218 2116 3274 sint
2140 3233 2205 3274 ac
2227 3218 2372 3276 Deus
2399 3229 2455 3277 et
2489 3223 2743 3280 diabolus
2767 3243 2782 3281 :
2813 3241 2953 3296 quos
2977 3230 3197 3299 quidem
3227 3235 3417 3291 ambos
3446 3253 3588 3292 non-

2003 3323 2284 3379 nunquam
2325 3309 2467 3367 Deos
2490 3315 2836 3378 .nominaret,
2866 3315 3033 3374 Deum
3065 3323 3322 3382 videlicet
3353 3327 3582 3394 bonum,

2004 3417 2067 3456 ac
2098 3402 2264 3456 Deum
2306 3406 2530 3459 malum.
2576 3409 2662 3461 Ab
2704 3410 2788 3464 his
2817 3409 3034 3468 duobus
3063 3416 3354 3486 principiis
3385 3431 3582 3476 exorta

2003 3509 2069 3549 ac
2091 3495 2389 3551 constituta
2419 3513 2544 3554 esse
2569 3501 2785 3569 omnia;
2813 3519 3049 3573 quorum
3105 3507 3178 3562 ab
3214 3509 3387 3566 altero
3415 3513 3583 3580 bona,

2001 3586 2070 3641 ab
2093 3587 2266 3643 altero
2289 3589 2433 3643 mala
2453 3591 2638 3646 omnia
2667 3594 3120 3664 proﬁciscuntur,
3153 3615 3276 3670 quae
3298 3604 3582 3662 amborum

2001 3676 2395 3747 principiorum
2430 3679 2486 3734 in
2520 3680 2625 3737 hoc
2647 3685 2854 3741 mundo
2881 3687 3296 3748 subsistentiam
3324 3695 3580 3755 habeant.

2000 3764 2084 3820 Ad
2137 3766 2254 3824 haec
2305 3784 2510 3841 corpus
2555 3771 2624 3826 ab
2671 3789 2782 3830 uno
2826 3777 3050 3834 illorum
3098 3796 3224 3839 esse
3271 3787 3578 3853 conditum,

2001 3857 2240 3913 animam
2273 3861 2342 3916 ab
2368 3863 2560 3917 altero.
2599 3864 2734 3931 Quae
2760 3867 2981 3938 quidem
3021 3873 3204 3928 anima
3239 3885 3348 3931 tam
3383 3879 3439 3933 in
3479 3880 3582 3936 bo-

2001 3950 2286 4018 minihus,
2349 3969 2515 4024 quam
2584 3956 2641 4011 in
2702 3961 2918 4018 caeteris
2975 3965 3340 4031 animalibus.
3411 3971 3580 4028 adeo-

1999 4057 2108 4110 que
2159 4043 2387 4109 avibus,
2449 4049 2800 4118 serpentibus
2870 4068 2936 4108 ac
2987 4056 3180 4114 bestiis
3233 4060 3368 4116 insit
3410 4081 3422 4117 :
3470 4063 3580 4119 imo

1999 4135 2162 4189 etiam
2210 4137 2499 4206 stirpibus,
2547 4139 2604 4195 in
2645 4143 2848 4212 quibus
2888 4147 3108 4204 vitalem
3141 4149 3422 4207 humorem
3460 4170 3581 4210 mo.

2001 4235 2115 4280 tum
2149 4229 2349 4284 animae
2374 4229 2567 4286 deﬁnit
2613 4249 2759 4301 esse,
2807 4236 3117 4308 cujusmodi
3165 4243 3220 4298 in
3262 4244 3578 4304 hominibus

1997 4318 2266 4373 cernitur.

2067 4432 2156 4488 IX.
2199 4433 2406 4492 Prazter
2432 4436 2550 4493 haec
2575 4439 2713 4494 alias
2734 4445 3020 4511 plerosque
3049 4444 3264 4503 fabulas
3305 4448 3574 4519 adjungit,

1996 4523 2144 4578 velut
2178 4525 2222 4580 si
2253 4526 2381 4597 quis
2407 4529 2670 4586 carnibus
2698 4543 2975 4597 vescatur,
3015 4538 3253 4592 animam
3287 4537 3574 4609 devorare,

225 4649 228 4654 ,
283 4613 407 4660 τον,
443 4599 541 4651 καὶ
561 4594 701 4654 εῖναι
721 4602 886 4656 αὐτὸν
919 4603 1104 4677 ἔνοχον
1126 4607 1222 4662 τοῦ
1252 4610 1349 4665 καὶ
1379 4610 1542 4666 αὑτὸν
1570 4614 1812 4670 τοιοῦτόν
1835 4634 1888 4670 τι

2000 4629 2225 4686 eamque
2267 4594 2616 4676 committere
2653 4634 2894 4689 pcenam,
2927 4635 2986 4679 ut
3020 4629 3072 4681 in
3111 4630 3346 4700 idipsum
3397 4640 3576 4688 mute-

284 4691 570 4760 γενέσθαι.
609 4693 700 4758 Ὦς
727 4697 778 4748 εἰ
796 4696 968 4768 ἔφαγε
997 4702 1202 4772 χοῖρον,
1223 4705 1405 4774 χοῖρον
1427 4700 1583 4770 αὖθις
1611 4707 1884 4775 γενέσθαι,

283 4783 322 4856 ἢ
359 4783 583 4855 ταῦρον,
620 4785 655 4856 ἢ
695 4785 902 4856 ὄρνεον,
939 4787 974 4858 ἦ
1012 4807 1064 4842 τι
1090 4789 1202 4843 τῶν
1237 4791 1516 4863 ἐδωδίμων
1545 4795 1881 4866 κτισμάτων.

283 4876 384 4929 Διὸ
411 4877 676 4949 ἐμψύχων
705 4879 770 4931 οὐ
803 4880 1124 4952 μετέχουσιν
1148 4875 1314 4938 οὗτοι.
1347 4885 1459 4938 Kal
1481 4886 1597 4949 ἐὰν,
1625 4889 1780 4960 φησι,
1802 4888 1886 4952 τὶς

283 4969 540 5041 φυτεύσῃ
569 4969 604 5042 ἢ
643 4971 838 5044 συκῆν,
873 4973 907 5045 ἢ
937 4974 1147 5040 ἐλαίαν,
1176 4976 1211 5049 ἢ
1255 4977 1520 5049 ἄμπελον,
1566 4981 1598 5052 ἢ
1649 4999 1885 5052 συκομο-

283 5061 436 5136 ριαν,
470 5062 505 5134 ἢ
538 5053 796 5135 περσέαν,
830 5068 927 5120 καὶ
963 5069 1124 5122 αὐτὸν
1150 5071 1570 5144 τελευτήσαντα,
1605 5069 1763 5138 αὖθις
1792 5074 1884 5128 δε-

281 5153 552 5227 σμείσθαι
579 5156 749 5211 αὑτοῦ
778 5157 877 5230 τὴν
908 5158 1087 5232 ψυχὴν
1126 5164 1186 5216 ἐν
1217 5167 1330 5228 τοῖς
1359 5163 1593 5230 κλάδοις,
1625 5160 1708 5231 οἷς
1749 5165 1884 5237 ἐφύη

277 5264 448 5300 τευσε
475 5247 738 5321 δένδρεσι,
765 5250 860 5304 καὶ
897 5253 973 5324 μὴ
1006 5253 1266 5309 δύνασθαι
1294 5256 1664 5328 ὑπερϐαίνειν.
1692 5259 1804 5313 Καὶ
1832 5259 1885 5313 el’

279 5355 392 5402 τις,
428 5340 585 5410 φησὶ,
624 5342 782 5413 γήμῃ
817 5347 1074 5412 γυναῖκα,
1111 5341 1268 5412 αὖθις
1300 5348 1462 5403 αὐτὸν
1499 5349 1639 5421 μετά
1669 5350 1772 5422 τὴν
1794 5353 1882 5406 ὲν-

279 5429 481 5484 τεῦθεν
519 5432 842 5506 ἀπαλλαγὴν
886 5440 1456 5510 μετενσωματοῦσθαι,
1497 5444 1594 5497 καὶ
1636 5443 1882 5514 γίνεσθαι

279 5523 456 5576 αὐτὸν
505 5528 760 5593 γυναῖκα,
820 5528 970 5593 ὅπως
1021 5530 1119 5584 xal
1166 5532 1331 5597 αὐτὸς
1357 5535 1656 5606 γαμηθείη.
1689 5537 1798 5591 Kal
1832 5539 1885 5591 εῑ

279 5633 394 5680 τις,
421 5619 608 5689 φησὶν.
645 5621 935 5687 ἐφόνευσεν
977 5623 1283 5695 ἄνθρωπον,
1326 5627 1464 5698 μετὰ
1488 5628 1588 5700 τὴν
1631 5629 1886 5702 σώματος

281 5708 614 5782 ἀπαλλαγὴν
645 5709 805 5778 αὖθις
855 5718 1329 5790 καταστρέφεσθαι
1367 5721 1466 5794 τὴν
1503 5723 1670 5779 αὐτοῦ
1703 5724 1884 5798 ψυχὴν

357 5885 380 5918 ³
408 5884 473 5940 F.
512 5888 654 5959 μετὰ
679 5889 790 5942 τῶν
817 5890 1014 5961 λόγων.
1125 5897 1148 5927 ³
1171 5894 1236 5953 .F.
1263 5898 1458 5970 ἐφόδῳ,
1490 5900 1611 5971 τήν.

625 5981 900 6044 Parnm.
934 5985 1051 6046 Gn.
1093 5986 1266 6049 XLII

1994 4715 2106 4764 tur.
2149 4709 2320 4782 626
2365 4710 2614 4782 Exempli
2665 4714 2863 4783 gratia,
2901 4719 2946 4771 si
2984 4735 3209 4789 porcum
3250 4725 3572 4792 comederit,

1991 4816 2221 4871 porcum
2278 4805 2430 4859 illum
2480 4805 2634 4870 fore,
2689 4809 2772 4864 vel
2829 4818 3070 4876 taurum,
3132 4815 3218 4870 vel
3271 4832 3448 4881 avem,
3487 4821 3572 4874 vel

1990 4895 2269 4967 quidpiam
2309 4913 2418 4968 quo
2445 4901 2739 4958 vescimur.
2777 4901 3013 4976 Ideoque
3043 4908 3113 4964 ab
3143 4909 3400 4967 animatis
3436 4911 3570 4968 abs-

2000 4986 2196 5042 tinent.
2251 4987 2406 5054 Quod
2453 4990 2499 5045 si
2557 4991 2714 5062 quis,
2751 4993 2948 5064 inquit,
3005 4996 3168 5053 ticum
3216 5002 3436 5068 severit,
3478 5015 3577 5059 aut

1991 5077 2197 5142 oleam,
2247 5089 2342 5134 aut
2386 5083 2574 5149 vitem,
2615 5092 2708 5138 aut
2741 5101 3112 5158 sycomorum,
3149 5098 3245 5146 aut
3277 5093 3572 5162 persicam,

1990 5177 2116 5240 post
2161 5180 2392 5227 mortem
2442 5175 2586 5244 ejus,
2631 5193 2797 5247 quam
2838 5181 3126 5250 plantavit,
3156 5185 3372 5240 arboris
3401 5186 3572 5240 ramis

1990 5263 2270 5334 alligatur,
2321 5274 2382 5320 ut
2427 5266 2556 5324 inde
2607 5270 2794 5340 egredi
2843 5289 2952 5328 non
2997 5275 3192 5345 possit.
3247 5275 3574 5347 Quicunque

1988 5367 2122 5409 vero
2161 5370 2385 5410 uxorem
2435 5357 2673 5422 duxerit,
2706 5370 2830 5431 post
2857 5362 3066 5418 obitum
3097 5369 3150 5420 in
3192 5365 3338 5420 aliud
3372 5381 3575 5436 corpus

1991 5448 2214 5508 transit,
2245 5447 2410 5520 ﬁtque
2447 5452 2664 5518 mulier,
2694 5461 2754 5508 ut
2773 5463 2827 5510 et
2855 5457 3098 5514 vicissim
3132 5460 3307 5530 possit
3345 5461 3568 5515 nubere.

1991 5540 2094 5606 Qui
2138 5542 2413 5598 hominem
2453 5545 2739 5613 occiderit,
2784 5549 2877 5604 ubi
2909 5565 2972 5604 ex
3009 5551 3111 5607 hac
3150 5553 3261 5607 vita
3293 5553 3571 5618 discessit,

1990 5632 2047 5688 in
2095 5635 2304 5706 celephi
2353 5651 2557 5708 corpus
2609 5638 2896 5711 demigrat,
2929 5653 3024 5697 aut
3059 5645 3257 5710 muris,
3313 5655 3408 5701 aut
3459 5661 3574 5700 ser-

1990 5728 2192 5798 pentis,
2241 5739 2334 5785 aut
2375 5729 2526 5786 aliud
2576 5730 2816 5803 denique
2846 5731 2906 5788 ﬁt
2954 5734 3250 5805 ejusmodi,
3305 5737 3468 5808 quale
3517 5735 3573 5794 id

3249 6003 3292 6064 2
