4076 6392
470 423 543 478 45
1877 420 1932 474 s.
1976 419 2316 479 EPIPBANII
3663 424 3736 486 α

473 544 558 591 est
607 533 752 606 quod
791 535 1144 590 interfecerit.
1179 535 1319 602 Quin
1351 536 1451 590 hoc
1488 535 1712 605 insuper
1739 537 2046 603 asserebat,

2160 539 2238 601 εἰς
2293 538 2556 609 κελέφου¹
2586 539 2767 611 σῶμα,
2796 541 2828 610 ἢ
2856 539 2935 602 εἰς
2967 539 3093 610 μῦν,
3124 540 3157 610 ἢ
3190 539 3269 602 είς
3298 537 3443 607 ὅφιν,
3481 539 3516 607 ἦ
3546 555 3598 592 τι
3621 555 3731 591 τοι-

475 629 752 685 caelestem
795 629 940 683 illam
984 630 1109 684 boni
1139 629 1229 684 Dei
1272 629 1616 698 sapientiam,
1650 644 1774 682 cum
1815 629 2050 682 animam

475 735 570 789 per
629 721 810 774 omnia
865 720 1182 791 dissipatam
1242 721 1496 791 colligere
1553 720 1710 774 vellet.
1779 719 2050 792 (animam

472 811 618 865 enim
645 820 756 866 tam
804 812 914 877 ille,
941 827 1104 883 quam
1137 812 1258 882 ejus
1287 819 1587 867 sectatores
1619 811 1922 873 Manichaei,
1959 810 2051 867 Dei

474 903 800 974 particulam
849 920 971 959 esse
1016 913 1230 974 putant,
1261 903 1332 958 ab
1360 919 1534 974 eoque
1575 905 1842 968 avulsam,
1895 912 1948 958 et
1986 903 2052 958 ab

475 995 691 1051 adversi
737 995 951 1066 imperii
992 995 1304 1066 radicisque
1346 983 1688 1066 principibus
1735 996 1789 1050 in
1819 995 2050 1066 captivi-

477 1095 644 1142 tatem
689 1086 961 1142 redactam
995 1088 1052 1142 in
1091 1102 1320 1158 corpora
1350 1104 1474 1144 esse
1505 1089 1874 1158 depressam).
1919 1085 2053 1141 Pro-

480 1177 607 1233 inde
642 1177 787 1249 quod
816 1179 1004 1233 eadem
1046 1179 1134 1233 illa
1163 1180 1320 1236 cibus
1350 1197 1539 1236 eorum
1575 1190 1718 1237 esset
1743 1181 2048 1247 hominum,

477 1269 570 1342 qui
595 1270 767 1340 ipsam
805 1278 1120 1340 rapuerant,
1152 1279 1315 1342 atque
1352 1275 1405 1326 in
1445 1274 1772 1343 corporibus
1807 1275 1920 1329 suis
1940 1274 2053 1329 dis-

482 1361 808 1424 tribuerant,
849 1362 1052 1432 quibus
1099 1363 1260 1418 etiam
1291 1365 1459 1418 robur
1484 1365 1738 1436 viresque
1797 1366 2053 1436 suppedi-

475 1460 553 1507 tet
589 1470 603 1518 ;
663 1461 949 1524 propterea
1007 1453 1304 1525 Sapientia,
1353 1456 1549 1527 inquit,
1590 1458 1679 1510 illa
1715 1472 1878 1528 quam
1913 1457 2053 1512 dixi-

480 1559 622 1609 mus,
660 1543 844 1600 sidera
889 1545 942 1599 in
979 1547 1118 1602 coelo
1165 1547 1270 1602 ista
1315 1549 1605 1605 collocavit
1642 1550 1812 1604 solem
1862 1564 1927 1605 ac
1975 1551 2053 1604 lu-

476 1651 626 1701 nam,
675 1637 974 1707 stellasque
1019 1646 1270 1704 caeteras.
1315 1649 1370 1696 et
1411 1642 1561 1696 illam
1613 1642 1900 1700 duodecim
1943 1644 2053 1701 ele-

477 1727 698 1792 mentis,
741 1736 800 1782 ut
848 1727 1056 1787 Graecis
1109 1734 1306 1802 placet,
1353 1744 1699 1792 constantem
1744 1737 2052 1793 machinam

475 1821 754 1892 produxit.
789 1823 1005 1890 Quibus
1033 1825 1104 1879 ab
1133 1826 1419 1882 elementis
1441 1827 1671 1882 alIirmat
1710 1837 2050 1885 mortuorum

2159 630 2314 684 οῦτον
2342 628 2497 695 αὖθις
2527 631 2764 694 ἔσεσθαι,
2797 631 3014 695 ὁποίους
3035 632 3130 685 καὶ
3151 632 3459 700 ἐφόνευσεν.
3489 631 3734 700 Ἔφασκε

2154 723 2210 776 δὲ
2236 722 2416 788 πάλιν,
2445 724 2526 776 ὅτι
2559 725 2591 794 ἡ
2624 724 2782 793 σοφία
2817 726 2850 794 ἡ
2875 723 3079 778 ἄνωθεν
3110 723 3202 777 τοῦ
3224 723 3426 792 ἀγαθοῦ
3455 722 3589 776 Θεοῦ
3615 723 3707 793 βου
3723 753 3736 764 ι·

2153 810 2415 882 λευομένη
2450 812 2550 882 τὴν
2571 812 2746 883 ψυχὴν
2779 814 2877 883 τὴν
2902 814 2958 866 ὲν
2987 813 3158 866 ἅπασι
3201 812 3545 882 διαχυθεῖσαν
3577 809 3733 881 (εἶναι

2155 902 2263 974 γάρ
2287 920 2419 972 φησι
2446 903 2626 968 αὐτὸς,
2653 905 2747 956 καὶ
2776 906 2823 956 οἱ
2859 902 3132 957 ἀπἀὑτοῦ
3160 905 3470 973 Ἀίανιχαίοι,
3505 904 3604 975 τὴν
3635 903 3735 972 ψυ-

2154 995 2255 1065 χὴν
2299 995 2462 1066 μέρος
2505 993 2663 1058 Θεοῦ,
2705 994 2800 1048 καὶ
2847 995 2940 1048 ἀπ’
2978 993 3142 1047 αὑτοῦ
3183 994 3646 1056 ἀποσπασθεῖσαν,
3677 995 3736 1047 ὲν

2156 1086 2504 1158 αἰχμαλωσίᾳ
2529 1087 2806 1158 ἀρχόντων
2827 1086 2926 1157 τῆς
2951 1086 3330 1158 ἀντικειμένης
3365 1087 3538 1158 ἀρχῆς
3556 1104 3615 1140 τε
3641 1089 3736 1140 καὶ

2157 1177 2310 1248 ῥίζης
2349 1178 2785 1248 καταϐεϐλῆσθαι
2832 1180 2889 1232 ὲν
2937 1181 3046 1242 τοῖς
3073 1177 3344 1249 σώμασι)·
3380 1180 3522 1233 κατὰ
3549 1179 3736 1233 τοῦτον

2154 1271 2245 1322 τὸν
2269 1271 2488 1342 τρόπον,
2521 1271 2677 1342 φησὶ,
2703 1270 2791 1324 διὰ
2816 1271 2876 1323 τὸ
2915 1270 3084 1341 αὑτὴν
3113 1269 3306 1340 βρῶμα
3336 1271 3601 1343 ὑπάρχειν
3629 1271 3736 1324 τῶν

2155 1361 2322 1433 αὑτὴν
2343 1363 2702 1432 ἅρπαξάντων
2725 1361 2822 1416 ἀνθ
2833 1360 3048 1432 ρώπων,
3074 1362 3168 1414 καὶ
3195 1361 3376 1432 ἰσχύος
3396 1362 3737 1433 παρεκτικὴν

2157 1457 2268 1518 τοῖς
2299 1456 2504 1519 αὐτοῖς,
2539 1456 2635 1509 καὶ
2668 1456 2726 1508 ὲν
2758 1455 2972 1526 σώμασι
3007 1452 3516 1526 καταμερισάντων·
3547 1453 3737 1507 τούτου

2154 1545 2335 1611 ἕνεκα,
2365 1545 2552 1616 φησὶν,
2591 1547 2624 1616 ἡ
2679 1545 3050 1617 προειρημένη
3091 1546 3251 1613 σοφία
3277 1545 3402 1608 τοὺς
3445 1544 3738 1614 φωστῆρας

2153 1640 2376 1702 τούτους
2423 1639 2680 1694 κατέθετο
2719 1640 2777 1692 ὲν
2815 1637 3048 1709 οὐρανῷ,
3081 1637 3232 1708 ἥλιόν
3264 1654 3323 1690 τε
3362 1638 3456 1691 καὶ
3511 1635 3739 1708 σελήνην

2155 1731 2249 1783 καὶ
2285 1731 2479 1802 ἄστρα,
2508 1730 2754 1801 μηχανὴν
2774 1728 2976 1800 ταύτην
2999 1729 3348 1800 ἐργασαμένη
3373 1728 3460 1782 διὰ
3491 1727 3602 1781 τῶν
3638 1727 3744 1781 δώ-

2154 1823 2286 1876 δεκα
2318 1822 2616 1892 στοιχείων,
2645 1815 2718 1876 ὧν
2747 1823 2794 1874 oi
2821 1820 3081 1892 Ἕλληνες
3110 1819 3399 1890 φάσκουσι.
3429 1821 3539 1874 Kal.
3567 1820 3739 1874 ταῦτα

475 1909 781 1977 hominum,
829 1915 1257 1983 animaliumque
1295 1926 1616 1973 caeterorum
1657 1920 1870 1976 animas
1899 1922 1954 1976 in
1978 1921 2056 1974 al-

2160 1915 2226 1969 τὰ
2271 1916 2511 1985 στοιχεῖα
2555 1912 2946 1986 διισχυρίζεται
2977 1913 3274 1983 ἀνιμᾶσθαι
3301 1912 3399 1976 τὰς
3425 1911 3604 1983 ψυχὰς
3633 1912 3738 1965 τῶν

476 2013 586 2057 tum
627 2005 936 2075 splendidas
981 2023 1047 2063 ac
1079 2008 1410 2064 collucentes
1447 2011 1621 2075 evehi,
1662 2012 1804 2068 unde
1845 2013 1901 2068 in
1935 2028 2056 2068 sca-

479 2094 645 2165 pham
702 2096 968 2154 l'erantur.
1017 2099 1198 2155 Solem
1242 2101 1442 2171 quippe
1489 2117 1553 2156 ac
1605 2102 1790 2157 lunam
1838 2104 2055 2176 navigia

474 2202 601 2242 esse
640 2189 889 2259 quaedam
939 2191 1257 2248 existimat:
1288 2208 1522 2263 quorum
1567 2194 1712 2266 quod
1761 2196 1946 2252 minus
1971 2203 2056 2254 est

474 2294 578 2351 pro
613 2280 757 2337 lunae
781 2284 1086 2340 crescentis
1133 2285 1311 2355 spatio
1340 2301 1408 2340 xv
1439 2286 1633 2342 diebus
1663 2302 1806 2344 onus
1835 2289 2053 2357 vehere,

479 2372 643 2442 idque
673 2374 914 2441 demum,
948 2375 1201 2431 confecto
1232 2386 1354 2447 post
1387 2394 1450 2431 xv
1482 2378 1624 2433 diem
1652 2395 1839 2439 cursu.
1877 2382 2056 2451 majus

481 2464 534 2517 in
595 2465 911 2536 navigium,
966 2468 1135 2522 solem
1185 2466 1459 2532 videlicet,
1521 2483 1811 2538 exponere.
1875 2468 2054 2524 Solem

482 2571 628 2621 vero,
698 2555 810 2612 sive
881 2557 1143 2628 majorem
1211 2558 1358 2612 illam
1413 2560 1616 2625 navim,
1690 2560 1746 2614 in
1795 2570 2054 2616 mternam

477 2647 664 2710 vitam,
718 2646 1112 2718 beatorumque
1163 2648 1321 2704 sedes
1389 2650 1600 2704 animas
1663 2652 2052 2708 transmittere.

477 2736 557 2791 Ad
591 2753 714 2794 eum
741 2739 962 2793 modum
995 2756 1090 2810 per
1122 2741 1294 2795 solem
1329 2756 1392 2796 ac
1420 2742 1602 2796 lunam
1641 2743 1852 2798 animas
1885 2752 2058 2800 trans-

475 2829 618 2885 vehi.
672 2829 830 2896 Quod
873 2831 1094 2902 quidem
1143 2833 1208 2885 ad
1245 2847 1340 2888 eas
1381 2834 1660 2902 pertinere
1709 2841 1885 2904 putat,
1936 2851 2058 2905 quae

478 2921 760 2977 vanissimi
796 2921 881 2977 sui
911 2921 1180 2993 dogmatis
1217 2923 1509 2978 scientiam
1558 2925 1921 2994 perceperint,
1979 2925 2055 2980 uti

475 3021 779 3085 repurgatae
831 3011 1011 3068 ﬁctam
1054 3014 1203 3069 illam
1239 3015 1709 3071 transductionem
1753 3016 2055 3072 obtineant.

475 3102 632 3172 Quod
656 3105 763 3160 nisi
793 3106 1126 3176 cognitionis
1151 3107 1298 3162 illius
1333 3107 1608 3178 particeps
1631 3106 1816 3175 fuerit,
1864 3108 2058 3163 animae

2156 2007 2530 2062 τελευτώντων
2592 2005 2894 2078 ἀνθρώπων
2935 2023 2994 2060 τε
3046 2006 3140 2059 καὶ
3183 2004 3292 2059 τῶν
3345 2005 3522 2060 ἄλλων
3561 2004 3738 2069 ζώων,

2159 2099 2382 2168 φαεινὰς
2403 2097 2588 2161 οὑσας·
2619 2097 2881 2170 φέρεσθαι
2908 2097 2964 2151 δὲ
2985 2097 3076 2151 ἐπὶ
3097 2097 3158 2150 τὸ
3187 2098 3411 2166 σκάφος.
3437 2096 3604 2149 Πλοῖα
3631 2096 3742 2167 γὰρ

2159 2189 2302 2243 θέλει
2323 2191 2502 2259 λέγειν
2532 2190 2682 2262 ἥλιόν
2707 2207 2766 2244 τε
2793 2192 2887 2243 καὶ
2923 2190 3172 2262 σελήνην·
3210 2188 3305 2244 καί
3333 2189 3394 2242 τὸ
3417 2188 3514 2259 μὲν
3547 2187 3745 2258 μικρὸν

2160 2283 2341 2338 πλοῖον
2383 2282 2711 2354 φορτοῦσθαι
2753 2283 2858 2347 ἕως
2891 2282 3113 2354 ἡμερῶν
3153 2281 3474 2345 δεκαπέντε,
3510 2279 3605 2334 καὶ
3643 2279 3748 2349 τὴν

2158 2373 2437 2445 πλήρωσιν
2484 2373 2583 2445 τῆς
2639 2372 2887 2444 σελήνης,
2943 2373 3037 2426 καὶ
3083 2372 3226 2426 οὕτω
3269 2371 3499 2442 διαίρειν
3542 2387 3604 2423 τε
3649 2370 3747 2422 καὶ

2159 2462 2508 2518 ἀποτίθεσθαι
2577 2465 2682 2518 ἀπὸ
2741 2463 3232 2534 πεντεκαιδεκάτης
3310 2464 3389 2524 εις
3463 2462 3523 2515 τὸ
3602 2460 3744 2530 μέγα

2159 2558 2362 2622 πλοῖον,
2395 2557 2638 2610 τουτέστι
2671 2557 2764 2610 τὸν
2803 2557 2973 2627 ἥλιον.
3019 2557 3122 2609 Τὸν
3151 2555 3209 2608 δὲ
3249 2555 3402 2626 ἥλιον
3429 2554 3529 2625 τὴν
3570 2553 3745 2624 μεγά-

2156 2649 2256 2720 λην
2278 2647 2410 2702 ναῦν
2442 2647 2863 2720 διαπορθμεύειν
2891 2650 2972 2712 εἰς
3003 2647 3095 2702 τὸν
3122 2650 3220 2719 τῆς
3252 2647 3399 2717 ζωῆς
3435 2645 3628 2708 αἰῶνα,
3652 2647 3747 2697 καὶ

2163 2739 2427 2811 μακάρων
2453 2740 2646 2811 χῶρον.
2685 2741 2796 2793 Kal.
2824 2739 2995 2804 οὑτως
3022 2739 3121 2803 τὰς
3146 2739 3325 2810 ψυχάς
3347 2737 3435 2791 διὰ
3470 2737 3566 2790 τοῦ
3591 2737 3745 2808 ἡλίου

2160 2833 2254 2886 καὶ
2284 2833 2384 2903 τῆς
2413 2833 2643 2904 σελήνης
2673 2831 3221 2904 διαπορθμευθείσας.
3253 2831 3376 2884 Ἐπὶ
3418 2830 3528 2901 γὰρ
3550 2829 3657 2883 τῶν
3687 2831 3748 2882 ἐν

2159 2925 2388 2994 γνώσει¹
2415 2926 2561 2996 λέγει
2580 2927 2679 2996 τῆς
2707 2926 2884 2980 αὑτῶν
2913 2924 3285 2996 χυδαιολογίας
3305 2923 3506 2988 ταύτας
3536 2922 3746 2992 καθαρ-

2161 3019 2345 3082 θείσας
2399 3018 2786 3086 καταξιοῦσθαι
2832 3021 2931 3090 τῆς
2975 3015 3478 3088 διαπορθμεύσεως,
3542 3015 3750 3083 ταύτης

2159 3109 2258 3180 τῆς
2300 3112 2427 3181 παρ’
2463 3109 2613 3181 αὐτῷ
2661 3108 3002 3181 μυθοποιίας.
3040 3107 3210 3160 Πάλιν
3240 3106 3298 3160 δὲ
3339 3104 3518 3176 ψυχὴν
3561 3103 3749 3156 οὐκέτι

477 3204 637 3267 negat
674 3213 826 3268 spem
853 3199 1015 3252 ullam
1051 3199 1249 3255 salutis
1277 3215 1401 3256 esse
1431 3201 1788 3270 propositam.
1824 3199 2056 3255 Omnino

2163 3200 2452 3265 σώζεσθαι,
2489 3203 2538 3254 εἰ
2567 3202 2640 3272 μή
2667 3219 2718 3254 τι
2745 3199 2811 3254 ἂν
2845 3201 2943 3271 τῆς
2972 3199 3226 3268 γνώσεως
3250 3198 3350 3267 τῆς
3377 3196 3547 3266 αὑτῆς
3581 3194 3746 3265 μετά-

474 3288 714 3360 denique
743 3291 900 3362 longa
929 3299 1013 3346 est
1038 3291 1184 3347 illius
1202 3292 1495 3348 commenti
1529 3293 1817 3364 tragmdia.

543 3519 706 3590 627
745 3517 814 3573 X.
859 3517 986 3574 Haec
1014 3518 1177 3589 igitur
1207 3532 1331 3572 cum
1363 3518 1438 3572 ita
1475 3535 1534 3574 se
1557 3518 1836 3584 haberent,
1871 3526 1926 3572 et
1957 3519 2060 3571 Ar-

475 3604 699 3661 chelaus
728 3606 946 3675 penitus
979 3605 1163 3660 omnia
1199 3613 1524 3676 cognosset,
1554 3617 1614 3661 ut
1648 3607 1715 3662 de
1761 3609 2060 3678 quaestione

476 3697 568 3752 illa
596 3697 877 3768 disputare
909 3706 1117 3768 posset,
1139 3712 1374 3768 cumque
1403 3698 1472 3753 ad
1500 3698 1550 3754 id
1578 3707 1725 3754 esset
1745 3699 2058 3756 instructis-

475 3791 672 3852 simus.
700 3792 897 3861 partim
941 3791 1084 3862 quod
1116 3805 1161 3846 a
1208 3791 1495 3862 multiplici
1528 3791 1837 3847 divinarum
1875 3808 2057 3848 rerum

475 3881 709 3938 scientia
772 3883 1156 3952 paratissimus
1211 3891 1351 3952 erat,
1404 3883 1602 3954 partim
1653 3884 1800 3956 quod
1847 3899 1877 3938 a
1921 3883 2060 3957 Tyr-

475 3974 622 4030 bone
663 3974 958 4045 perdoctus
986 3984 1112 4030 ante
1145 3975 1344 4041 fuerat,
1391 3983 1447 4030 et
1487 3991 1678 4033 omnes
1721 3976 1912 4031 nefarii
1962 3977 2060 4032 ho-

480 4065 645 4120 minis
675 4067 982 4138 praestigias
1028 4075 1286 4122 accurate
1328 4064 1615 4132 didicerat,
1649 4082 1778 4123 ecce
1807 4068 1905 4122 tibi
1932 4082 2058 4123 cum

477 4171 712 4213 suorum
759 4160 1020 4214 comitatu
1069 4157 1257 4214 Manes
1300 4159 1554 4214 accessit.
1601 4159 1788 4225 Quare
1825 4158 2059 4214 subinde

479 4249 628 4304 nulla
672 4251 959 4320 interjecta
1003 4265 1155 4305 mora
1203 4250 1480 4322 publicam
1521 4251 1866 4306 collationem
1896 4251 2058 4306 insti-

480 4349 642 4396 tuunt
672 4342 725 4396 in
754 4341 954 4414 oppido
983 4341 1103 4414 ipso
1131 4340 1437 4406 Casehara,
1471 4350 1530 4396 ut
1558 4349 1683 4396 ante
1716 4342 1901 4396 omnia
1927 4358 2060 4397 con-

480 4431 806 4488 troversiam
847 4431 996 4487 illam
1046 4432 1345 4504 agitarent.
1393 4432 1477 4487 Ad
1512 4432 1568 4488 id
1605 4447 1734 4487 vero
1774 4441 2060 4488 concerta—

479 4525 650 4580 tionis
701 4523 943 4580 arbitros
986 4523 1253 4596 deligunt,
1312 4523 1609 4595 Marsipum
1659 4524 1974 4595 quemdam,
2005 4534 2060 4580 et

2165 3309 2301 3363 σχοι.
2338 3293 2447 3345 Kal.
2479 3291 2644 3361 πολλή
2687 3290 2771 3354 τίς
2817 3292 2964 3342 ἐστιν
3004 3293 3036 3363 ή
3077 3289 3179 3359 τῆς
3221 3288 3491 3357 ποιήσεως
3543 3283 3750 3354 ταύτης

2161 3399 2190 3434 τ
2202 3382 2470 3453 ραγῳδία.,

2234 3495 2288 3546 l'.
2331 3493 2417 3556 Ὦς
2449 3492 2507 3546 δὲ
2537 3492 2710 3545 ταῦτα
2747 3488 2815 3562 ἦν
2851 3491 3046 3555 οὑτως.
3089 3492 3183 3545 καὶ
3216 3494 3277 3544 ὲν
3308 3491 3613 3562 καταλήψει
3658 3508 3751 3560 γε-

2161 3583 2385 3654 γένηται
2415 3583 2521 3636 ὑπὸ
2545 3582 2639 3637 τοῦ
2673 3583 2966 3656 Ἀρχελάου
2997 3585 3077 3646 εἰς
3107 3583 3207 3656 τὴν
3235 3582 3519 3653 ἀντισολὴν
3541 3583 3636 3636 τοῦ
3660 3582 3751 3653 ζη-

2159 3677 2422 3747 τήματος,
2459 3675 2806 3747 ἑτοιμότατος
2850 3675 3134 3746 ὑπάρχων,
3176 3674 3265 3728 διὰ
3306 3674 3405 3745 τὴν
3450 3675 3588 3747 πρὸς
3615 3675 3750 3729 Θεὸν

2162 3767 2544 3822 πολυποίκιλον
2573 3767 2772 3835 γνῶσιν
2799 3765 2895 3820 τοῦ
2917 3765 3130 3838 ἀνδρὸς,
3168 3767 3262 3819 καὶ
3297 3765 3362 3818 δι’
3395 3765 3463 3836 ἣν
3488 3782 3746 3838 προεντε-

2163 3858 2431 3912 θείκειτο³
2476 3858 2627 3930 παρὰ
2665 3857 2760 3912 τοῦ
2787 3858 3074 3931 Τύρϐωνος
3123 3857 3367 3930 ἀκριϐῶς
3415 3859 3750 3930 μεμαθηκὼς

2161 3950 2257 4019 τῆς
2301 3949 2431 4021 περὶ
2462 3949 2552 4003 τὸν
2587 3949 2756 4021 ἄνδρα
2789 3950 3039 4020 γοητείας
3079 3949 3146 4003 τά
3186 3950 3384 4016 πάντα,
3425 3951 3534 4005 ἰδοὺ
3569 3954 3598 4006 ὁ
3624 3953 3747 4006 Μά-

2160 4057 2257 4109 νης
2310 4041 2644 4112 παρεγένετο
2688 4040 2806 4112 μεθ’
2849 4035 2925 4096 ὧν
2967 4037 3082 4113 εἶχε
3132 4042 3251 4114 μεθ’
3281 4044 3476 4096 ἑαυτοῦ
3511 4044 3746 4116 ἀνδρῶν.

2175 4131 2263 4196 Ἐξ
2291 4132 2458 4202 αὑτῆς
2484 4128 2576 4186 οὖν
2611 4133 2705 4186 καὶ
2737 4133 2899 4196 εὐθὺς
2932 4134 3300 4206 παρέρχονται
3326 4135 3406 4198 είς
3449 4133 3749 4207 συζήτησιν

2161 4223 2414 4294 δημοσίᾳ,
2454 4225 2512 4277 έν
2535 4224 2670 4294 αὑτῇ
2696 4227 2762 4295 τῇ
2795 4227 3082 4300 Κασχάρῃ,
3117 4227 3383 4300 πρότερον
3416 4230 3495 4293 εἰς
3523 4229 3623 4300 τὴν
3650 4231 3748 4283 αύ-

2161 4314 2267 4366 τῶν
2297 4314 2582 4386 ἀντιὸολὴν
2617 4315 2712 4368 τοῦ
2743 4315 3057 4386 ζητήματος
3083 4317 3443 4390 αἱρησάμενοι
3469 4319 3604 4390 ὁμοῦ
3633 4338 3752 4392 κρι-

2160 4405 2279 4468 τὰς,
2319 4406 2611 4476 Μάρσιπόν
2648 4424 2768 4460 τινα
2805 4409 3047 4480 ὀνόματι,
3080 4413 3174 4463 καὶ
3213 4411 3494 4477 Κλαύδιον,
3527 4413 3624 4466 καὶ
3657 4414 3752 4467 Αἰ-

2139 4494 2377 4564 ργιαλέα,
2407 4496 2500 4550 καὶ
2525 4496 2879 4562 Κλεόϐουλον,
2905 4498 2997 4551 τὸν
3026 4500 3124 4570 μὲν
3147 4499 3252 4553 τῶν
3278 4501 3436 4563 ἐκτὸς
3465 4502 3641 4571 λόγων
3671 4521 3754 4572 φι-

479 4615 793 4679 Claudium,
833 4624 888 4670 et
928 4583 1260 4686 Egial‘iaum',
1314 4624 1369 4670 et
1415 4583 1738 4670 Cleobulum
1771 4635 1784 4669 :
1825 4583 2056 4684 quorum

2163 4588 2408 4657 λόσοφον,
2438 4590 2530 4642 τὸν
2561 4588 2619 4642 δὲ
2667 4591 3104 4662 ῑατροσοφιστὴν,
3133 4592 3224 4644 τὸν
3267 4591 3324 4646 δὲ
3355 4594 3512 4662 φύσει
3565 4612 3750 4666 γραμ-

479 4706 689 4776 primus
721 4705 942 4773 gentilis
963 4705 1263 4774 sapientiae,
1304 4705 1582 4760 secundus
1621 4704 1905 4759 medicinae
1931 4718 2058 4773 pro-

483 4795 678 4860 fessor,
729 4794 926 4850 tertius
967 4795 1391 4865 grammaticus;
1445 4801 1757 4862 postremus
1797 4801 1916 4848 erat
1971 4807 2056 4846 so-

481 4888 682 4958 phista.
734 4885 902 4940 Multa
947 4887 1005 4940 in
1048 4901 1112 4942 ea
1167 4886 1543 4955 disputatione
1599 4887 1742 4939 ultro
1809 4885 2059 4954 citroque

475 4979 679 5047 jactata
713 4989 860 5045 sunt,
888 4994 1012 5034 cum
1046 4979 1173 5033 hinc
1208 4978 1393 5034 Manes
1430 4977 1642 5032 fabulas
1689 4991 1821 5032 suas
1864 4992 2063 5048 propo-

479 5077 656 5132 neret,
696 5069 821 5124 inde
847 5071 1150 5125 Archelaus
1191 5070 1340 5123 velut
1365 5069 1618 5139 egregius
1663 5068 1821 5122 miles
1867 5069 2064 5122 adver-

481 5162 612 5216 sai-ii
637 5164 742 5218 tela
786 5164 834 5216 vi
878 5179 977 5217 sua
1027 5177 1092 5217 ac
1138 5163 1344 5216 virtute
1401 5163 1721 5217 discuteret.
1775 5159 2063 5215 Postremo

483 5252 661 5308 victus
693 5263 777 5308 est
822 5252 1029 5316 Manes,
1061 5268 1125 5307 ac
1164 5253 1231 5308 de
1256 5252 1504 5321 judicum
1543 5254 1816 5306 sententia
1845 5253 2063 5307 veritati

482 5344 708 5397 victoria
738 5346 924 5400 cessit.
944 5345 1100 5411 Quod
1129 5345 1319 5414 utique
1350 5345 1548 5398 mirum
1580 5344 1786 5398 nemini
1815 5359 1938 5398 esse
1966 5346 2062 5399 de-

484 5429 596 5482 bet.
642 5428 855 5484 Veritas
894 5435 1038 5486 enim
1072 5449 1168 5502 per
1201 5448 1260 5487 se
1289 5433 1404 5502 ipsa
1439 5432 1721 5493 consistit,
1759 5446 1862 5485 nec
1895 5431 2061 5502 dejici

483 5528 686 5587 potest,
715 5525 1064 5591 quantumvis
1092 5525 1408 5594 improbitas
1433 5524 1661 5578 audacia
1690 5523 1827 5578 freta
1863 5523 2062 5578 firmis-

485 5611 646 5674 sima,
695 5613 894 5682 quibus
924 5625 1008 5669 est
1041 5616 1130 5669 illa
1159 5617 1482 5682 constricta,
1515 5616 1736 5669 vincula
1757 5615 2061 5670 dissolvere

2172 4683 2419 4752 ματικὸν,
2447 4684 2544 4737 καὶ
2573 4684 2665 4736 τὸν
2692 4683 2849 4739 ἄλλον
2878 4687 3158 4756 σοφιστήν.
3193 4687 3302 4738 Kal.
3329 4687 3538 4740 πολλῶν
3575 4691 3642 4759 ῥη
3652 4690 3754 4759 μά-

2166 4793 2274 4830 των
2295 4775 2600 4847 εἰρημένων
2622 4775 2680 4842 ὲξ
2699 4777 2973 4846 ἑκατέρων
3004 4775 3112 4830 τῶν
3139 4777 3344 4850 μερῶν,
3376 4778 3468 4831 τοῦ
3495 4797 3556 4832 τε
3593 4782 3753 4852 Μάνη

2166 4869 2234 4922 τὰ
2261 4869 2360 4941 τῆς
2391 4867 2663 4939 μυθώδους
2689 4868 3035 4932 διδασκαλίας
3061 4869 3516 4941 προϐαλλομένου,
3545 4873 3754 4926 καὶτοῦ

2181 4961 2474 5032 Ἀρχελάου
2503 4960 2693 5032 ῶσπερ
2725 4960 3099 5031 ἀριστεύοντος
3135 4962 3378 5028 ὁπλίτου,
3413 4964 3508 5017 καὶ
3540 4967 3607 5036 τῇ
3649 4965 3757 5028 ἰδία

2172 5053 2335 5106 αὑτοῦ
2386 5052 2612 5123 δυνάμει
2663 5050 3052 5122 καθαιροῦντος
3097 5051 3166 5104 τὰ
3217 5051 3344 5123 βέλη
3388 5052 3498 5106 τῶν
3544 5053 3756 5106 διεναν-

2170 5148 2311 5210 τίας,
2348 5145 2409 5200 τὸ
2456 5147 2630 5217 πέρας
2662 5147 2722 5200 τὸ
2757 5140 2918 5217 ἦττον
2961 5147 3411 5215 ἀπενεγκαμένου
3448 5147 3542 5200 τοῦ
3571 5146 3753 5216 Μάνη,

2172 5241 2266 5293 καὶ
2289 5240 2590 5310 κρινάντων
2616 5239 2723 5292 τῶν
2749 5237 2951 5309 κριτῶν
2980 5238 3039 5290 τὸ
3063 5238 3313 5309 βραϐεῖον
3353 5234 3492 5292 εἶναι
3524 5241 3592 5309 τῇ
3625 5239 3760 5307 άλη-

2172 5333 2310 5404 θείᾳ,
2336 5333 2472 5402 ὅπερ
2511 5333 2609 5386 οὑκ
2646 5327 2713 5402 ἦν
2748 5330 2954 5400 θαῦμα,
3003 5331 3411 5401 αὑτοσυστάτης
3457 5330 3623 5400 οὔσης
3660 5331 3757 5400 τῆς

2170 5423 2446 5494 ἀληθείας,
2507 5424 2602 5477 καὶ
2649 5422 2724 5492 μὴ
2769 5422 3075 5493 δυναμένης
3115 5423 3517 5494 καθαιρεῖσθαι,
3549 5424 3650 5477 κάν
3696 5440 3754 5475 τε

2169 5517 2522 5586 ἁντιπράττοι
2563 5516 2596 5585 ἡ
2628 5515 2827 5586 ἀνομία
2864 5516 3217 5586 ἀναισχυντίᾳ
3241 5516 3515 5587 φερομένη
3553 5515 3633 5585 τῷ
3659 5516 3753 5585 τῆς

2170 5609 2426 5680 ἀληθείας
2454 5606 2657 5677 δεσμῷ,
2683 5605 2776 5659 τοῦ
2807 5607 3037 5670 ψεύδους
3071 5609 3145 5678 μὴ
3175 5608 3389 5676 ἔχοντος
3433 5609 3754 5668 ὑπόστασιν,

569 5814 584 5842 ¹
629 5813 734 5901 ναξ
767 5814 867 5866 ista
898 5813 1127 5901 κελέςρου
1158 5816 1288 5901 mihi
1313 5816 1572 5901 ‘nondum
1595 5815 1932 5901 cognita.A_b
1962 5814 2056 5901 hac

2160 5810 2597 5901 seelaqjl'orsilan
2620 5809 2921 5875 derivatur,
2949 5811 3094 5880 quod
3132 5819 3214 5866 est
3251 5810 3473 5866 haeresis
3494 5823 3584 5876 ιν,
3615 5823 3671 5865 n.
3694 5805 3754 5867 9.

487 5879 511 5913 ⁸
547 5881 673 5949 Le-g.
699 5879 1220 5948 διαποοθαευθείσας
1242 5886 1465 5941 ἐπὶτῶν
1494 5889 1552 5939 ἐν
1586 5879 1804 5955 γνῶσει,
1841 5893 1948 5940 οῖο-
2027 5884 2048 5914 ³
2085 5882 2142 5935 F'
2177 5882 2535 5952 προενήχητθ·
