4076 6392
325 386 401 446 ιε
1007 381 1377 438 ADVERSUS
1417 383 1761 441 lixERESES
1799 385 1929 444 LIB.
1964 385 2214 458 ll.|TOM.
2258 387 2325 442 ll.
2349 384 2714 441 ———HrERES.
2755 382 2938 440 LXVI.
3546 384 3615 439 ιο

330 505 468 576 μηδὲ
521 503 699 575 βάσιν,
740 504 819 568 ὡς
871 506 963 559 καὶ
1015 509 1048 576 ἡ
1102 507 1231 560 σκιά
1275 504 1367 558 τοῦ
1406 506 1652 572 σκότους,
1702 510 1923 562 καὶτοῦ

2034 516 2276 564 conetur.
2309 508 2515 562 Contra
2537 523 2667 562 vero
2692 507 3037 562 mendacium
3065 504 3228 561 solidi
3257 505 3395 560 nihil
3427 504 3615 572 habet,
3665 496 3671 502 ’

327 599 508 667 ὄφεως
554 596 617 650 τὸ
649 597 922 670 σφαλερὸν
972 599 1074 669 τῆς
1115 600 1442 666 ἐπιϐάσεως,
1488 603 1581 655 καὶ
1615 602 1927 673 ἀνέρειστον

324 692 427 762 τῆς
445 690 560 744 τῶν
595 692 777 744 ποδῶν
807 694 1149 764 στερήσεως,

350 909 354 911 ›
400 872 507 924 lA'.
556 870 840 924 Ἐντεῦθεν
891 873 920 924 6
969 873 1164 944 Μάνης
1196 874 1534 946 ἀποδράσας,
1588 874 1927 946 βουλομένων

325 961 437 1016 τῶν
483 963 676 1034 δήμων
728 965 895 1016 αὑτὸν
925 964 1294 1036 λιθοϐολῆσαι,
1325 969 1375 1020 εί
1408 967 1484 1039 μὴ
1522 968 1604 1020 ὅτι
1645 968 1927 1039 παρῆλθεν

325 1055 408 1117 είς
436 1054 604 1125 μέσον
635 1055 980 1125 Μάρκελλος,
1017 1057 1114 1110 καὶ
1144 1057 1224 1128 τῷ
1249 1058 1515 1130 αἱδεσίμῳ
1555 1060 1719 1114 αὑτοῦ
1756 1079 1918 1132 προσ-

326 1146 466 1217 ώπῳ
499 1147 925 1217 κατεδυσώπησε
972 1150 1102 1213 τοὺς
1139 1150 1366 1220 δήμους,
1413 1152 1537 1205 ἐπεὶ
1572 1151 1638 1206 ἂν
1685 1156 1715 1206 6
1758 1154 1926 1219 τάλας

325 1239 525 1310 νεκρὸς
559 1237 738 1308 μένων
767 1239 937 1292 πάλαι
972 1238 1274 1309 ἐτεθνήκει·
1304 1239 1670 1311 ἀναχωρήσας
1696 1241 1753 1293 δέ
1773 1241 1924 1312 ἔρχε-

327 1346 420 1382 ται
448 1332 532 1394 είς
565 1330 762 1402 κώμην
785 1331 910 1384 τινὰ
934 1331 1035 1401 τῆς
1061 1332 1376 1404 Καρχάρων
1407 1334 1488 1396 εἰς
1517 1333 1808 1404 Διοδωρίδα
1834 1351 1928 1388 κα-

326 1419 621 1492 λουμένην,
655 1424 714 1473 ἐν
798 1421 1033 1493 Τρύφων
1056 1441 1138 1486 τις
1164 1423 1575 1488 ἐπιεικέστατος
1597 1427 1716 1479 κατ’
1750 1429 1926 1481 ἐκεῖνο

326 1513 526 1582 καιροῦ
566 1513 833 1584 ἐτύγχανε
878 1515 987 1567 τῶν
1016 1515 1204 1569 αὐτόθι
1235 1515 1626 1589 πρεσϐύτερος.
1662 1519 1800 1590 Παρ⁹
1897 1523 1926 1574 ὁ

325 1607 524 1676 Μάνης
550 1608 867 1677 γενόμενος,
891 1608 1053 1663 πάλιν
1079 1608 1255 1662 ἐκύκα
1278 1609 1650 1681 καυχώμενος,
1679 1612 1919 1666 καταλα-

327 1696 442 1752 ϐὼν
476 1699 569 1752 τὸν
591 1699 762 1770 ἄνδρα
793 1700 996 1768 ἀγαθὸν
1036 1701 1135 1771 μὲν
1166 1701 1356 1768 τᾶλλα,
1385 1704 1480 1756 καὶ
1507 1703 1820 1776 θαυμαστὸν
1854 1709 1919 1778 τῇ

326 1789 636 1861 θεοσεϐείᾳ,
684 1792 939 1862 πενιχρὸν
977 1791 1033 1846 δὲ
1061 1793 1140 1864 τῷ
1175 1793 1340 1864 λόγῳ.
1386 1795 1549 1848 Ἀλλά
1579 1797 1675 1850 καὶ
1711 1799 1770 1850 ἐν
1799 1797 1924 1850 τού·

323 1901 461 1948 τοις,
507 1884 583 1948 ὡς
623 1884 944 1955 ὑπείληφεν,
981 1885 1082 1939 οὐκ
1145 1886 1366 1958 ἴσχυσεν
1430 1889 1791 1953 ἐπιτωθάζειν
1845 1891 1924 1962 τῷ
1959 1870 1996 1924 Β

322 1973 420 2028 τοῦ
457 1975 698 2045 Χριστοῦ
723 1976 914 2047 δούλῳ.
956 1979 1015 2031 Ὁ
1051 1978 1185 2042 Θεὸς
1214 1980 1325 2051 γὰρ
1365 1982 1455 2035 ἀεὶ
1491 1985 1604 2046 τοῖς
1641 1985 1728 2036 ἐπ’
1761 1984 1924 2039 αὑτὸν

325 2067 643 2132 ἐλπίζουσιν
673 2071 954 2141 ἐτοιμάζει
981 2071 1080 2136 τὰς
1107 2075 1171 2127 ἐκ
1191 2073 1508 2145 Πνεύματος
1537 2076 1691 2144 ἁγίου
1715 2076 1925 2150 δωρεὰς

325 2163 855 2233 ἐπιχορηγούμενος,
898 2164 974 2228 ὡς
1023 2165 1120 2219 καὶ
1152 2167 1521 2238 ἐπηγγείλατο
1549 2169 1788 2241 ἀψευδὴς
1824 2170 1922 2234 ῶν,

323 2256 408 2308 ὅτι
437 2255 538 2324 Μὴ
561 2257 973 2326 μεριμνήσητε
997 2259 1055 2312 τί
1080 2260 1309 2327 εἴπητε.
1345 2261 1430 2316 Οὐ
1458 2261 1568 2332 γὰρ
1589 2263 1761 2333 ὑμεῖς
1784 2265 1927 2319 ἐστε

323 2349 381 2400 ol
411 2348 776 2414 λαλοῦντες,
810 2349 976 2405 ἀλλὰ
999 2351 1067 2404 τὸ
1099 2351 1346 2421 Πνεῦμα
1385 2353 1494 2407 τοῦ
1518 2356 1752 2423 Πατρός
1780 2374 1922 2425 μου,

323 2438 393 2492 τὸ
435 2439 679 2494 λαλοῦν
710 2441 782 2494 ἐν
827 2441 991 2511 ὑμῖν.
1040 2443 1322 2498 Ἐντεῦθεν
1363 2445 1526 2499 πάλιν
1572 2446 1926 2520 βουληθέντος

321 2529 679 2596 διαλέξασθαι
716 2533 854 2605 πρὸς
877 2535 1150 2606 Τρύφωνα
1174 2536 1264 2589 τὸν
1291 2537 1685 2611 πρεσϐύτερον,
1711 2542 1807 2595 καὶ
1836 2543 1926 2596 αὑ-

323 2621 422 2674 τοῦ
446 2624 508 2676 ἐν
537 2624 754 2690 πολλοῖς
783 2627 1156 2694 ἀντειπόντος,
1180 2629 1495 2700 γράψαντός
1520 2648 1580 2684 τε
1612 2632 1690 2702 τῷ
1733 2634 1922 2706 Ἀρχε-

324 2713 445 2785 λάῳ
465 2717 598 2788 περὶ
617 2718 716 2787 τῆς
747 2718 1062 2784 ὑποθέσεως
1083 2721 1312 2792 ταύτης,
1341 2722 1425 2774 ὅτι
1467 2723 1634 2795 Ἀνήρ
1657 2740 1742 2788 τις
1761 2719 1926 2794 ἦλθεν

327 2806 592 2871 ἐνταῦθα,
624 2804 811 2886 οἷα.δὴ
847 2810 1011 2874 λύκος
1042 2811 1235 2883 βαρὺς,
1271 2814 1365 2866 καὶ
1391 2813 1623 2868 διολέσαι
1659 2814 1758 2887 τὴν
1788 2816 1923 2886 μάν-

325 2899 466 2969 δραν
497 2901 784 2972 ἐπιχειρεῖ.
832 2902 1013 2965 Ἀλλὰ,
1043 2905 1371 2976 παρακαλῶ,
1403 2906 1723 2961 ἀπόστειλόν
1755 2925 1844 2978 μοι
1875 2909 1927 2961 τί

324 2993 397 3046 ἂν
431 2994 572 3064 πρὸς
611 2995 798 3051 τοῦτον
831 2998 1171 3069 ποιήσωμαι,
1200 2998 1234 3071 ἢ
1263 2999 1439 3062 ποίοις
1471 2999 1651 3068 λόγοις
1687 3001 1927 3054 ἀντείπω

325 3087 396 3156 τῇ
458 3085 641 3138 αὐτῶν
694 3089 1175 3161 κακοδιδασκαλίᾳ.
1233 3091 1344 3144 Καὶ
1387 3093 1436 3145 εί
1469 3092 1567 3163 μὲν
1602 3092 1764 3156 αὑτὸς
1796 3110 1928 3147 κατ-

326 3179 506 3272 αξιοίς
548 3182 982 3272 παραγενέσθαι,
1031 3183 1336 3255 ἀμέριμνον
1381 3186 1664 3256 ποιήσειας
1705 3184 1804 3256 τήν
1830 3185 1926 3240 τοῦ
1956 3211 2001 3272 c

326 3271 574 3342 Χριστοῦ
602 3272 864 3344 μάνδραν,
897 3275 996 3330 καὶ
1015 3275 1086 3328 τὰ
1120 3275 1411 3346 θρέμματα
1438 3276 1624 3330 αὑτοῦ.
1660 3279 1718 3331 '0
1745 3278 1800 3332 δὲ
1822 3280 1925 3332 ἀπ-

327 3364 576 3418 έστειλεν
599 3365 750 3436 αύτῷ
773 3367 869 3421 δύο
894 3367 1087 3437 λόγους
1107 3371 1166 3423 ἐν
1188 3370 1468 3442 προχείρῳ
1490 3369 1891 3424 καταλαϐέσθαι
1909 3373 1925 3402 ¹

325 3453 410 3524 τῷ
447 3455 635 3527 Μάνῃο
665 3456 987 3523 ἐκδέξασθαι
1024 3458 1082 3512 δὲ
1107 3458 1212 3530 τὴν
1243 3459 1415 3512 αὑτοῦ
1444 3461 1748 3531 παρουσίαν
1781 3461 1931 3531 αὑτῷ

327 3547 629 3618 ἐσήμανεν.
679 3547 738 3601 '0
771 3549 967 3620 Μάνης
999 3546 1055 3604 δὲ
1095 3552 1151 3605 ἐν
1185 3555 1253 3624 τῇ
1289 3552 1432 3626 μέσῃ
1461 3551 1626 3626 κώμῃ
1660 3554 1931 3626 προῆλθεν

326 3635 734 3708 ὀρθριαίτερον,
781 3641 1261 3712 προσκαλούμενος
1305 3646 1365 3697 ἐν
1415 3642 1493 3714 τῷ
1542 3645 1930 3716 συνάρξασθαι,

327 3728 730 3799 προκαλεῖσθαι
761 3731 853 3784 τὸν
881 3732 1151 3804 Τρύφωνα
1171 3737 1252 3798 εἰς
1271 3734 1463 3804 λόγους
1481 3736 1657 3806 ἥκειν.
1693 3738 1802 3790 Καὶ
1835 3736 1930 3790 τοῦ

329 3821 636 3892 Τρύφωνος
664 3822 1066 3894 ίνδαλλομένου,
1097 3827 1492 3898 ἀποκριθέντος
1511 3829 1569 3882 δὲ
1595 3829 1760 3884 αὑτοῦ
1792 3829 1932 3900 πρὸς

329 3910 468 3975 ἔπος
493 3907 570 3965 ὧν
599 3912 768 3984 ᾔτησε
796 3915 939 3967 κατά
971 3915 1069 3986 τὴν
1097 3918 1162 3970 ἐκ
1184 3917 1321 3970 Θεοῦ
1347 3917 1596 3972 δοθεῖσαν
1624 3919 1774 3991 αὑτῴ
1804 3921 1932 3974 σύν-

329 4019 478 4068 εσιν,
513 4004 607 4056 καὶ
634 4005 1032 4076 στροϐήσαντος
1061 4007 1150 4062 τὸν
1175 4009 1468 4064 ἀπατεῶνα
1497 4011 1685 4082 ἡρέμα
1730 4012 1847 4076 πῶς
1874 4015 1932 4065 ἐν

327 4089 379 4162 ᾧ
405 4096 587 4168 ἐαυτῷ
617 4097 730 4168 (l6)
760 4099 1081 4164 ἐνεδοίαζεν,
1109 4102 1415 4156 ἀνακύπτει
1444 4105 1474 4156 6
1515 4105 1804 4176 Ἀρχέλαος
1834 4106 1935 4162 ῶσ-

329 4205 444 4259 περ
505 4190 729 4262 ἰσχυρὸς
772 4192 1158 4265 οίκοδεσπότης
1209 4194 1320 4248 τῶν
1360 4195 1507 4250 ἰδίων
1565 4198 1932 4268 ἐπιμελούμε-

329 4299 427 4346 νος
451 4321 468 4346 ,
500 4285 596 4336 καὶ
630 4283 769 4354 μετά
796 4286 1114 4356 παρρησίας
1149 4286 1394 4342 ἐπελθὼν
1422 4288 1501 4358 τῷ
1532 4290 1698 4361 συλᾷν
1727 4283 1934 4361 ἐπιχειο

333 4377 526 4447 ροῦντι
559 4377 922 4448 ἐνεϐριμεῖτο.
957 4377 1136 4441 Εὐθὺς
1172 4379 1228 4433 δὲ
1264 4380 1340 4443 ὡς
1377 4375 1519 4434 εἶδεν
1547 4384 1576 4435 ὁ
1615 4381 1807 4452 Μάνης
1842 4383 1934 4436 τὸν

343 4467 667 4539 Ἀρχέλαον,
698 4468 1065 4538 ὑποκριτικῶς
1093 4469 1216 4520 καθ’
1237 4468 1530 4541 ὑπόκρισιν
1573 4469 1699 4540 ἔφη·
1729 4471 1832 4523 Ἔα
1866 4489 1934 4541 με

2032 618 2208 672 neque
2275 602 2631 656 fundamento
2704 602 2816 656 ullo
2872 600 3108 665 nititur;
3165 599 3393 670 perinde
3453 599 3618 667 atque

2030 696 2224 748 umbra
2259 695 2634 758 tenebrarum,
2682 704 2780 746 aut
2823 693 3069 748 lubricus
3097 701 3151 746 et
3186 690 3480 756 instabilis,
3515 705 3616 760 pro

2031 799 2097 838 eo
2136 785 2282 853 quod
2314 783 2546 852 pedibus
2579 791 2748 846 caret,
2788 783 3060 853 serpentis
3095 782 3398 850 ingressus.

2101 875 2193 929 Xl.
2260 873 2578 930 Secundum
2630 875 2745 930 haec
2799 875 2989 930 Manes
3027 873 3154 944 fuga
3202 871 3304 926 sibi
3349 871 3610 927 consulit.

2029 968 2276 1039 Populus
2298 970 2444 1024 enim
2480 969 2756 1039 lapidibus
2793 969 2945 1022 illum
2976 967 3212 1022 obruere
3241 965 3473 1031 volebat,
3508 965 3612 1020 nisi

2031 1061 2325 1117 Marcellus
2378 1062 2432 1115 in
2480 1061 2717 1116 medium
2750 1060 3011 1131 prodiens
3045 1060 3199 1114 vultu
3236 1059 3354 1129 ipso
3388 1073 3615 1114 venera-

2030 1155 2196 1210 tionis
2248 1155 2410 1226 pleno
2461 1164 2797 1224 aspectuque
2847 1153 3227 1223 repressisset.
3293 1151 3450 1218 Quod
3505 1151 3612 1206 nisi

2031 1245 2619 1316 fecisset,jamdudum
2652 1245 2844 1301 infelix
2874 1246 2964 1301 ille
2999 1245 3271 1316 periisset.
3298 1244 3426 1298 Inde
3451 1245 3616 1315 igitur

2029 1337 2322 1394 discedens
2352 1336 2700 1391 Diodoridem
2734 1338 2944 1407 (pagus
2989 1336 3035 1390 is
3066 1348 3149 1390 εει
3191 1336 3248 1390 in
3285 1333 3614 1406 Careharis)

2027 1446 2150 1486 sese
2198 1431 2454 1494 contulit,
2511 1431 2603 1485 ubi
2645 1429 2906 1501 Tryphon
2948 1431 3170 1500 quidam
3215 1429 3616 1499 eratviropti-

2026 1537 2172 1586 mus,
2200 1538 2263 1576 ac
2309 1533 2425 1576 tum
2455 1523 2560 1577 loci
2615 1521 2765 1575 illius
2802 1521 3108 1592 presbyter.
3138 1520 3218 1573 Ad
3252 1519 3396 1573 hunc
3428 1518 3614 1574 Manes

2026 1614 2308 1669 divertens
2356 1629 2575 1668 rursum
2605 1613 2838 1668 miscere
2869 1611 3074 1673 omnia,
3107 1624 3172 1663 ac
3207 1625 3266 1664 se
3293 1616 3614 1679 arroganter

2026 1707 2241 1771 efferre,
2301 1715 2499 1761 nactus
2529 1706 2801 1760 hominem
2832 1705 3035 1773 alioqui
3075 1703 3300 1764 bonum.
3346 1711 3399 1756 et
3435 1701 3615 1756 excel-

2033 1800 2169 1855 lenti
2215 1799 2417 1870 pietate
2463 1798 2775 1869 praeditum,
2809 1796 2904 1851 sed
2932 1795 3199 1850 orationis
3230 1794 3486 1865 praesidio
3519 1795 3614 1848 de-

2027 1895 2277 1949 stitutum
2307 1910 2321 1958 ;
2356 1907 2545 1948 verum
2597 1908 2666 1946 ne
2715 1891 2795 1945 sic
2833 1891 3087 1960 quidem,
3132 1888 3210 1942 uti
3273 1895 3612 1959 speraverat,

2027 1984 2261 2039 illudere
2284 1982 2489 2039 Christi
2519 1998 2681 2038 servo
2718 1982 2913 2053 potuit.
2944 1980 3088 2036 Deus
3127 1984 3272 2035 enim
3309 1981 3376 2034 iis
3411 1980 3502 2049 qui
3553 1979 3611 2033 in

2027 2093 2088 2133 se
2113 2077 2417 2142 confidunt,
2461 2075 2702 2146 Spiritus
2742 2075 2920 2129 sancti
2956 2074 3101 2128 dona
3123 2071 3292 2144 628
3317 2077 3612 2141 pra-parat,

2028 2170 2247 2226 abunde
2279 2172 2533 2242 largitur,
2559 2177 2723 2240 prout
2753 2170 2870 2239 ipse
2898 2167 3174 2236 pollicitus
3199 2173 3303 2227 est,
3343 2170 3434 2234 qui
3461 2179 3615 2218 inen-

2029 2264 2122 2317 tiri
2154 2279 2263 2319 non
2310 2271 2515 2334 potest.
2552 2261 2756 2327 Nolite,
2796 2261 2994 2331 inquit,
3046 2259 3266 2315 solliciti
3299 2274 3431 2319 esse,
3485 2254 3612 2326 quid

2029 2355 2342 2425 loquamini.
2409 2353 2531 2412 Non
2575 2355 2713 2408 enim
2760 2369 2851 2407 vos
2894 2352 3022 2406 estis
3056 2352 3146 2422 qui
3187 2350 3484 2420 loquimini,
3521 2347 3614 2403 sed

2030 2446 2266 2516 Spiritus
2295 2446 2480 2501 Patris
2506 2448 2629 2509 mei,
2649 2447 2740 2517 qui
2761 2446 2997 2516 loquitur
3025 2445 3080 2498 in
3103 2443 3246 2499 vobis
3277 2445 3319 2496 ³.
3350 2442 3455 2498 Sed
3485 2457 3612 2497 cum

2029 2537 2219 2594 Manes
2250 2538 2450 2593 iterum
2498 2554 2622 2592 cum
2673 2537 2966 2608 Tryphone
3000 2535 3323 2607 presbytero
3351 2533 3614 2602 congredi

2031 2631 2211 2692 vellet,
2245 2630 2339 2701 qui
2370 2630 2475 2685 sibi
2514 2631 2571 2684 in
2610 2630 2887 2700 plerisque
2917 2627 3351 2689 contradixerat,
3384 2625 3474 2679 ille
3496 2639 3612 2678 rem

2029 2735 2248 2777 omnem
2279 2736 2377 2792 per
2398 2721 2612 2775 litteras
2639 2720 2912 2775 Archelao
2943 2717 3242 2789 signiﬁcat,
3279 2716 3366 2771 his
3400 2714 3611 2770 verbis:

2029 2810 2206 2866 Homo
2235 2811 2462 2882 quidam
2493 2811 2604 2866 huc
2651 2811 2909 2878 accessit,
2963 2807 3056 2878 qui
3107 2807 3448 2864 infestissimi
3503 2807 3616 2878 lupi

2029 2918 2186 2958 more
2214 2903 2359 2959 ovile
2391 2902 2620 2973 perdere
2653 2903 2994 2974 aggreditur.
3028 2899 3254 2966 Verum,
3283 2899 3512 2954 obsecro
3541 2910 3615 2961 te,

2031 2997 2211 3052 scribe
2268 2995 2337 3050 ad
2384 3011 2473 3052 me
2527 2997 2988 3067 quemadmodum
3043 2995 3306 3050 adversus
3343 2994 3495 3047 illum
3531 3007 3618 3046 me

2031 3105 2221 3161 gerere
2269 3098 2540 3160 oporteat,
2597 3105 2662 3146 ac
2703 3090 2906 3161 quibus
2955 3088 3265 3143 rationibus
3295 3085 3620 3157 perniciosae

2031 3184 2154 3252 ejus
2201 3182 2468 3238 doctrinae
2503 3183 2786 3239 resistere.
2815 3181 2971 3248 Quod
3005 3181 3052 3235 si
3076 3180 3262 3234 venire
3286 3181 3402 3250 ipse
3428 3179 3621 3249 digna-

2037 3274 2208 3336 beris,
2261 3273 2472 3329 Christi
2520 3274 2662 3328 ovile
2709 3287 3041 3344 gregemque
3070 3273 3138 3326 ah
3165 3272 3312 3325 omni
3350 3271 3620 3327 sollicitu-

2033 3364 2160 3419 dine
2189 3364 2468 3419 liberabis.
2509 3364 2808 3418 Archelaus
2840 3364 2925 3417 his
2958 3362 3201 3432 acceptis
3243 3361 3442 3416 litteris
3476 3360 3619 3414 duos

2033 3457 2100 3511 ad
2129 3472 2254 3512 eum
2302 3457 2472 3512 libros
2518 3457 2706 3522 mittit,
2755 3473 2895 3527 quos
2939 3458 2996 3511 in
3036 3465 3290 3526 promptu
3351 3454 3622 3524 facileque

2032 3546 2545 3618 comprehenderet,
2597 3557 2791 3603 contra
2842 3547 3058 3601 Manent
3094 3547 3465 3616 conscriptos.
3503 3545 3624 3600 Cte-

2033 3649 2213 3695 terum
2252 3649 2310 3695 ut
2343 3641 2636 3696 adventum
2671 3657 2832 3697 suum
2863 3641 3282 3711 praestolaretur
3313 3640 3618 3695 admonuit.

2032 3732 2255 3788 Interim
2304 3731 2493 3788 Manes
2537 3733 2777 3787 medium
2809 3734 2862 3788 in
2896 3749 3092 3804 pagum
3126 3748 3342 3788 summo
3377 3733 3622 3788 diluculo

2033 3823 2296 3892 prodiens
2348 3821 2702 3894 Tryphonem
2755 3822 2824 3876 ad
2875 3823 3269 3894 disputandum
3336 3833 3620 3894 provocat.

2034 3915 2138 3982 Qui
2189 3930 2314 3970 cum
2368 3931 2429 3970 se
2476 3916 2732 3979 stitisset,
2762 3924 2816 3970 et
2847 3915 2915 3970 ad
2961 3917 3144 3969 omnia
3174 3930 3296 3986 quae
3330 3916 3623 3985 quaesierat

2037 4008 2356 4076 singillatim
2391 4022 2490 4078 pro
2518 4023 2605 4074 ea,
2637 4023 2803 4079 quam
2833 4023 2862 4062 a
2895 4006 3006 4063 Deo
3041 4016 3352 4078 acceperat,
3403 4008 3624 4078 sapien-

2036 4100 2111 4155 tia
2147 4100 2546 4170 respondisset,
2574 4109 2740 4172 atque
2774 4101 3128 4170 impostorem
3160 4101 3336 4156 lenius
3367 4101 3618 4170 agitaret,

2039 4191 2183 4262 apud
2215 4207 2276 4246 se
2299 4190 2551 4245 nonnihil
2597 4192 2880 4255 haesitans,
2931 4197 3156 4260 repente
3185 4189 3489 4246 Archelaus
3521 4205 3623 4245 nec

2044 4285 2269 4353 opinato
2323 4292 2657 4354 conspectus
2705 4295 2808 4348 est,
2858 4285 2950 4354 qui
3002 4291 3262 4353 tanquam
3319 4285 3622 4341 acerrimus

2036 4370 2466 4450 paterfamilias,
2490 4389 2829 4444 suorumque
2861 4374 3330 4440 studiosissimus,
3362 4376 3623 4431 audacter

2045 4453 2102 4522 in
2142 4468 2453 4538 pradonem
2506 4469 2750 4524 fremens
2797 4470 3049 4524 incurrit.
3105 4470 3278 4536 Quem
3330 4478 3390 4524 ut
3437 4469 3623 4525 Manes

331 4560 478 4631 πρὸς
500 4559 770 4630 Τρύφωνα
792 4559 1155 4628 διαλέγεσθαι·
1186 4561 1505 4632 ὑπερϐαίνει
1533 4563 1642 4633 γάρ
1673 4581 1741 4634 με
1760 4564 1821 4617 τὸ
1843 4565 1933 4619 σὸν

2041 4562 2273 4632 aspexit,
2305 4561 2560 4616 simulata
2597 4561 2859 4616 blanditia
2890 4581 2908 4617 ιν
2933 4561 3063 4617 Sine
3117 4580 3222 4626 me,
3267 4565 3463 4634 inquit,
3496 4579 3620 4618 cum

329 4652 557 4724 ἀξίωμα
589 4653 680 4706 διὰ
712 4653 802 4707 τὸν
828 4653 1148 4707 ἐπίσκοπον.
1193 4653 1253 4708 '0
1280 4654 1360 4720 δὲ,
1392 4655 1486 4707 κα)⁸
1515 4655 1654 4725 μετὰ
1675 4656 1933 4724 ἐλέγχους

330 4743 433 4798 τοῦ
467 4744 633 4813 λόγου
673 4744 898 4815 μείζονα
925 4745 1088 4798 αὑτὸν
1122 4746 1426 4817 ὑποκριτὴν
1461 4746 1768 4810 ἀποδείξας,
1812 4749 1935 4800 ὰπ-

332 4839 646 4910 εφίμωσεν.
690 4838 812 4891 Τῶν
862 4837 920 4890 δὲ
960 4838 1052 4890 ὑπ’
1093 4839 1304 4892 ἐκείνου
1354 4838 1726 4910 προτεθέντων
1762 4839 1936 4907 λόγων

330 4932 435 4995 τὰς
482 4930 763 4994 ἐπιλύσεις
804 4931 1193 5001 ποιησάμενος,
1223 4927 1381 4996 αὖθις
1419 4934 1500 4995 είς
1531 4932 1794 5003 αἰσχύνην
1840 4934 1938 4986 αὑ-

332 5025 429 5077 τὸν
469 5023 802 5093 κατέστησε,
837 5023 1033 5094 μηκέτι
1063 5023 1362 5095 δυνάμενον
1383 5023 1614 5096 διαίρειν
1645 5026 1841 5096 στόμα.
1874 5027 1939 5079 Οἱ

333 5118 568 5180 δὲᾷαοὶ,
601 5114 764 5186 ζῆλον
791 5115 954 5170 πάλιν
979 5115 1352 5187 ἀνειληφότες,
1383 5117 1684 5190 ἐπειρῶντο
1709 5117 1802 5171 τὸν
1825 5117 1940 5170 ἀλι-

335 5213 532 5280 τήριον
573 5206 1032 5277 διαχειρίσασθαι.
1088 5207 1145 5261 '0
1172 5207 1230 5260 δὲ
1258 5207 1504 5278 ἀποδρὰς
1541 5209 1668 5272 τοὺς
1707 5209 1936 5280 δήμους,

339 5307 439 5358 καὶ
467 5305 550 5366 εἰς
577 5301 675 5354 τὸν
702 5301 1100 5372 προειρημένον
1129 5301 1425 5355 κάστελλον
1464 5301 1793 5374 Ἀραϐίωνος
1813 5302 1816 5305 Χ
1833 5301 1940 5355 πά-

342 5398 425 5448 λιν
449 5397 701 5463 ἀφῖκται.

419 5734 434 5763 ⁸
466 5731 596 5786 Vitii
632 5729 884 5785 nonnihil
919 5730 1104 5784 subest
1138 5727 1268 5782 huic
1301 5727 1446 5783 loco.
1525 5726 1546 5756 ³
1575 5725 1767 5779 Matth.
1805 5739 1859 5791 κ,
1899 5724 1988 5782 19.

422 5864 536 5932 (lli)
593 5859 803 5931 Ἠρέμα
826 5874 950 5926 πως
980 5861 1050 5914 ἐν
1087 5853 1134 5927 ᾧ
1161 5857 1372 5926 ἐαυτῷ.
1408 5857 1534 5916 Cor,
1597 5858 1780 5931 ἠρέμα
1816 5876 1933 5925 πως
1960 5878 1973 5892 .

2043 4647 2338 4718 Tryphone
2393 4650 2762 4713 contendere;
2797 4658 2854 4704 tu
2908 4651 3051 4703 enim
3106 4666 3193 4704 me
3237 4667 3364 4705 cum
3397 4653 3472 4706 sis
3504 4653 3624 4721 epi-

2044 4754 2248 4809 scopus
2305 4739 2571 4810 dignitate
2615 4756 2866 4810 superas.
2911 4741 3217 4799 Archelaus
3265 4758 3412 4806 vero,
3461 4759 3525 4798 ex
3559 4759 3626 4798 eo

2041 4833 2185 4903 quod
2235 4835 2348 4904 jam
2403 4835 2552 4891 illius
2613 4836 2811 4906 dogma
2862 4837 3204 4892 confutatum
3255 4846 3392 4898 erat.
3453 4839 3628 4894 multo

2042 4941 2205 4996 quam
2241 4927 2424 4982 verbis
2458 4927 2692 4996 exprimi
2723 4935 2932 4997 posset,
2962 4928 3258 4984 simulandi
3289 4929 3624 4984 callidiorem

2042 5033 2170 5074 esse
2199 5018 2407 5083 docuit,
2464 5034 2640 5088 osque
2666 5019 2744 5073 illi
2776 5033 3008 5090 prorsus
3038 5021 3289 5076 occlusit.
3334 5020 3470 5074 Tum
3505 5037 3626 5091 qua

2045 5109 2114 5163 ab
2149 5108 2243 5163 illo
2283 5108 2566 5179 proposita
2606 5109 2831 5168 fuerant
2853 5110 3180 5176 dissolvens,
3219 5128 3420 5166 novum
3445 5113 3494 5168 ei
3526 5129 3625 5183 pne

2045 5201 2236 5255 dorem
2256 5201 2511 5264 incussit,
2538 5216 2662 5256 cum
2686 5219 2754 5256 ne
2785 5202 3004 5258 hiscere
3031 5203 3250 5271 quidem
3278 5205 3514 5272 amplius
3530 5219 3620 5256 au-

2048 5291 2221 5348 deret.
2253 5292 2367 5349 Sub
2395 5295 2510 5350 htec
2537 5295 2772 5366 populus
2817 5294 3137 5350 ardentibus
3169 5311 3387 5349 rursum
3429 5296 3626 5352 animis

2050 5385 2343 5441 scelestum
2388 5387 2540 5441 illum
2588 5389 2900 5458 opprimere
2949 5396 3182 5444 conatus
3226 5397 3331 5443 εει.
3383 5387 3626 5453 Quorum

2047 5479 2143 5534 ille
2167 5494 2367 5535 manus
2395 5480 2660 5551 cﬂugiens
2695 5481 2759 5536 ad
2793 5480 3082 5536 castellum
3119 5479 3414 5536 Arabionis
3441 5493 3626 5537 rever-

2051 5584 2146 5626 SUS
2171 5580 2277 5627 est.

2016 5861 2075 5915 ἐν
2110 5854 2178 5928 ᾧ,
2205 5865 2312 5914 etc.
