4076 6392
459 426 529 482 L7
1890 416 1948 474 S.
1991 414 2335 473 EPIPHANII
3662 415 3734 472 43

529 541 643 598 XII.
686 541 789 598 Sed
809 541 1100 600 Persarum
1124 561 1240 611 rex,
1270 550 1551 615 comperta
1570 541 1855 597 Manichaei
1880 541 2028 612 luga,

2206 539 2307 595 IB’.
2364 538 2604 594 Ἐκεῖθεν
2631 539 2688 593 δέ
2711 539 2739 592 ό
2766 538 2875 592 τῶν
2898 537 3125 610 Περσῶν
3152 536 3423 609 βασιλεὺς,
3446 538 3608 609 γνοὺς
3628 538 3729 609 τὴν

461 636 647 691 missis
687 637 1015 693 satellitibus
1055 639 1109 693 in
1153 638 1343 693 eodem
1389 637 1482 691 illo
1514 634 1743 691 castello
1781 649 2037 703 compre-

463 728 691 784 hensum
735 728 1009 784 hominem
1050 728 1412 799 ignominioso
1457 728 1515 782 in
1558 725 1842 783 Persidem
1872 724 2042 780 abdu-

461 816 540 869 xit
568 838 583 870 :
614 816 705 870 ubi
745 818 962 873 calamo
1007 827 1134 874 cute
1179 818 1449 881 detracta,
1479 817 1735 872 ultimum
1770 815 1938 887 629
1967 814 2035 871 de

458 920 527 960 eo
557 907 883 977 supplicium
920 911 1175 980 sumpsit.
1224 908 1400 976 Quam
1423 907 1645 981 quidem
1680 916 1863 963 cutem
1896 907 2038 962 utris

461 996 516 1052 in
552 999 795 1061 modum,
845 999 1062 1054 infartis
1104 1000 1301 1070 paleis,
1337 1001 1407 1057 ad
1438 1000 1765 1057 hodiernum
1794 998 1940 1055 diem
1982 1000 2039 1054 in

462 1086 685 1145 Perside
716 1101 960 1145 servant.
1007 1089 1165 1147 Hunc
1195 1092 1363 1162 igitur
1397 1092 1488 1148 ille
1516 1091 1725 1147 exitum
1751 1092 1875 1145 vitae
1900 1105 2039 1145 con-

461 1187 683 1234 secutus
702 1187 805 1235 est.
832 1178 915 1237 Ob
944 1180 998 1236 id
1019 1180 1299 1237 Manichaat
1328 1181 1546 1238 lectulis
1570 1182 1688 1238 suis
1715 1180 2037 1238 arundinem

460 1270 840 1331 substernunt.
881 1269 1024 1343 Ergo
1055 1272 1146 1328 ille
1174 1274 1255 1329 sic
1288 1283 1542 1330 mortuus
1570 1288 1690 1341 eos,
1725 1289 1869 1344 quos
1901 1274 2037 1340 dixi,

459 1362 761 1432 discipulos
792 1363 1036 1434 reliquit,
1065 1364 1298 1431 Addam,
1331 1364 1622 1432 Thomam,
1647 1374 1704 1421 et
1726 1365 2037 1433 Hermeam,

459 1469 623 1524 quos,
673 1462 966 1525 antequam
1002 1457 1095 1512 illo
1143 1458 1336 1514 mortis
1370 1473 1569 1527 genere
1609 1472 1800 1529 pmnas
1841 1458 2038 1524 lueret,

458 1548 608 1603 varia
646 1546 701 1601 in
743 1546 864 1601 loca
913 1546 1217 1602 dimiserat.
1266 1546 1529 1604 Hermeas
1576 1550 1722 1604 enim
1774 1549 1829 1603 in
1871 1548 2043 1621 IEgy-

461 1642 610 1705 ptum
648 1635 927 1707 profectus
958 1644 1064 1704 est,
1092 1651 1328 1707 quocum
1378 1638 1624 1710 plerique
1656 1640 1855 1695 versati
1891 1646 2039 1695 sunt.

458 1728 647 1800 Neque
694 1730 842 1785 enim
893 1730 1120 1799 antiqua
1149 1742 1234 1785 est
1266 1729 1564 1786 admodum
1618 1731 1732 1787 haec
1790 1732 2039 1797 haeresis,

2142 630 2238 685 τοῦ
2261 631 2420 703 Μάνη
2447 632 2791 703 καταφυγὴν,
2819 630 3169 694 ἀποστείλας,
3200 631 3295 685 καὶ
3319 631 3730 702 χειρωσάμενος

2143 721 2306 775 αὑτὸν
2333 724 2390 778 ἐν
2420 721 2498 793 τῷ
2524 722 2913 794 προειρημένῳ
2947 721 3248 792 καστέλλῳ,
3284 722 3366 784 είς
3393 720 3494 792 τὴν
3526 720 3730 792 Περσί-

2141 813 2210 867 δα
2247 814 2459 885 ἀτίμως
2495 814 2841 869 καθείλκυσεο
2874 814 2971 868 καὶ
2998 813 3057 867 τὸ
3090 814 3268 886 δέρμα
3300 812 3467 867 αὑτοῦ
3494 812 3731 883 καλάμῳ

2144 905 2407 971 κελεύσας
2440 907 2758 978 ἐκδαρῆναι,
2807 906 2950 960 οὕτω
2983 905 3083 977 τὴν
3114 906 3385 979 τιμωρίαν
3431 905 3587 977 αὖτῷ
3622 908 3732 961 άπ-

2144 998 2363 1053 ἐδωκεν,
2392 999 2554 1053 Ὅθεν
2577 1001 2671 1054 καὶ
2696 999 2992 1071 ἐκδαρέντα
3027 998 3280 1070 καλάμῳ,
3306 998 3400 1053 καὶ
3441 998 3533 1052 τὸν
3560 996 3731 1053 ἀσκὸν

2142 1092 2307 1147 αὑτοῦ
2335 1092 2718 1165 ἐμπλησθέντα
2748 1091 2969 1164 ἀχύρων
3004 1090 3085 1145 ἔτι
3106 1092 3203 1146 καὶ
3226 1089 3389 1164 δεῦρο
3417 1092 3475 1144 ἐν
3504 1092 3731 1162 Περσίδι

2143 1184 2345 1256 ἔχουσι.
2385 1185 2496 1240 Καὶ
2521 1185 2664 1239 οὕτω
2699 1185 2792 1238 τὸν
2825 1184 2940 1256 βίον
2969 1183 3329 1255 κατέστρεψε.
3360 1183 3451 1237 Διὸ
3484 1184 3640 1238 αὐτοὶ
3678 1185 3732 1237 οἱ

2141 1279 2431 1350 Μανιχαῖοι
2482 1278 2596 1350 (l7)
2645 1278 2741 1331 ἐπὶ
2807 1277 3077 1348 καλάμοις
3138 1275 3238 1341 τὰς
3300 1276 3488 1340 κοίτας
3548 1277 3732 1331 αὐτῶν

2143 1367 2441 1423 ποιοῦνται.
2473 1369 2632 1423 Οὕτω
2650 1368 2707 1422 δὲ
2732 1367 2898 1422 αὐτοῦ
2931 1366 3314 1431 ἀποθανόντος,
3349 1366 3447 1420 καὶ
3476 1366 3734 1421 καταλεί-

2140 1465 2340 1534 ψαντος
2385 1463 2519 1526 τοὺς
2550 1461 2745 1515 ἑαυτοῦ
2782 1459 3053 1534 μαθητὰς,
3087 1458 3182 1524 οὓς
3225 1460 3474 1531 εἴπομεν,
3522 1460 3730 1525 ’Λδδᾶν,

2142 1556 2235 1609 καὶ
2267 1556 2490 1626 Θωμᾶν,
2537 1556 2631 1608 καὶ
2674 1554 2954 1627 Ἑρμείαν,
2998 1553 3128 1624 πρὶν
3169 1553 3202 1623 ἢ
3237 1552 3401 1606 αὐτὸν
3434 1553 3533 1624 τὴν
3572 1553 3731 1622 δίκην

2141 1644 2437 1700 ἀπολαϐεῖν
2473 1644 2615 1699 κατὰ
2646 1645 2737 1698 τὸν
2768 1643 3138 1714 δεδηλωμένον
3167 1642 3387 1713 τρόπον,
3417 1635 3557 1715 ἦσαν
3590 1645 3731 1697 ἀπο*

2145 1738 2430 1802 σταλέντες
2474 1738 2565 1791 ὺπ’
2599 1736 2787 1801 αὑτοῦ,
2821 1739 2850 1791 ὁ
2880 1738 2979 1807 μὲν
3027 1734 3287 1811 Ἑρμείας
3315 1739 3395 1801 είς
3423 1735 3524 1807 τὴν
3563 1736 3734 1806 Αἴγυ-

457 1820 593 1877 adeo
623 1830 683 1875 ut
708 1821 802 1890 qui
834 1836 959 1877 cum
988 1822 1222 1876 Herniea
1272 1820 1447 1878 Manis
1477 1823 1750 1893 discipulo
1780 1823 2037 1879 collocuti

2146 1848 2297 1898 πτον,
2329 1824 2374 1899 ᾧ
2412 1831 2506 1884 καὶ
2532 1831 2821 1901 συνέτυχον
2855 1830 3062 1884 πολλοίο
3105 1830 3207 1885 οὐκ
3237 1832 3354 1883 ἐστι
3384 1831 3493 1901 γὰρ
3535 1831 3733 1901 ἀρχαῖ-

458 1926 608 1977 ευηῑο
651 1889 813 1973 “oms
842 1931 964 1986 ‘1“in
995 1915 1066 1970 ad
1098 1915 1250 1971 illum
1289 1889 1636 1986 Ρθηίηθιηηί
1667 1917 2035 1973 ηθνηνθΐίηῑ-
2070 1889 2115 1949 Β
2143 1889 2315 1985 ζουσα
2406 1922 2640 1993 αἵρεσις,
2678 1889 2773 1974 κάλ
2802 1922 2852 1973 οἱ
2889 1920 3348 1990 συντετυχηκότες
3370 1889 3733 1990 τῷ

455 2008 641 2065 Addas
698 2010 755 2064 in
807 2008 1148 2079 superiorem
1201 2010 1484 2080 regionem
1516 2010 1674 2075 abiit,
1702 2008 1945 2066 Thomas
1980 2010 2036 2063 in

457 2099 723 2159 Iudaeam.
774 2098 953 2173 Atque
999 2100 1071 2155 ab
1125 2100 1195 2156 iis
1253 2111 1403 2156 secta
1459 2101 1551 2155 illa
1600 2100 1665 2156 ad
1712 2100 2036 2156 hodiernum

458 2209 634 2266 usque
665 2193 811 2249 diem
851 2193 998 2251 vires
1032 2203 1197 2264 atque
1230 2193 1631 2251 incrementum
1667 2194 1878 2249 habuit.
1915 2193 2036 2249 Cae-

457 2292 635 2342 terum
670 2282 859 2338 Manes
893 2280 1160 2352 Spiritum
1190 2296 1251 2338 se
1276 2297 1400 2338 esse
1446 2282 1782 2353 paracletum
1824 2296 2042 2337 assere.

456 2375 593 2437 bat,
643 2389 710 2432 ac
764 2388 1159 2444 nonnunquam
1206 2374 1515 2445 apostolum
1544 2390 1605 2431 se
1632 2389 1759 2430 esse
1806 2373 2037 2441 Christi,

456 2466 595 2529 alias
633 2464 966 2537 paracletum
1013 2463 1279 2536 Spiritum
1311 2465 1595 2536 praedicat.
1647 2463 1855 2535 Estque
1883 2480 2042 2537 pror-

456 2574 557 2616 sus
576 2557 821 2614 insolens
845 2564 902 2615 et
932 2556 1175 2613 absurda
1204 2557 1463 2615 excaecati
1498 2557 1741 2614 hominis
1780 2557 1874 2612 illa
1909 2572 2032 2629 per-

458 2650 666 2706 suasio.

526 2738 669 2797 Xlll.
707 2737 827 2794 Jam
857 2752 987 2795 vero
1016 2753 1241 2795 necesse
1278 2747 1362 2795 est
1395 2745 1453 2794 ut
1481 2738 1738 2810 deinceps
1770 2740 2041 2797 adversus

456 2838 601 2895 hanc
643 2838 897 2895 heresim
955 2835 1265 2906 stolidaque
1325 2835 1473 2890 illius
1522 2833 1747 2890 decreta
1794 2833 2044 2904 dispute-

2146 2014 2293 2085 μένῳ
2324 2013 2572 2086 Ἑρμείᾳ,
2604 2012 2821 2084 μαθητῇ
2860 2012 2977 2066 ὄντι
3008 2011 3104 2066 τοῦ
3139 2012 3325 2083 Μάνη,
3350 2013 3485 2082 ἡμῖν
3510 2011 3580 2064 τὰ
3606 2004 3733 2064 κατ’

2140 2107 2305 2162 αὐτὸν
2324 2106 2670 2178 διηγήσαντο·
2706 2106 2889 2169 Ἀδδᾶς
2918 2105 2977 2161 δὲ
2999 2105 3095 2159 ἐπὶ
3117 2105 3186 2158 τὰ
3214 2103 3521 2175 ἀνωτερικὰ
3546 2102 3689 2175 μέρη
3713 2118 3730 2133 ⁸

2142 2197 2345 2273 Θωμᾶς
2364 2202 2421 2254 δὲ
2454 2200 2549 2255 ἐπὶ
2568 2199 2666 2272 τὴν
2704 2198 2961 2253 Ἰουδαίαν
2983 2198 3114 2269 (18).
3133 2198 3221 2265 Ἐξ
3242 2191 3318 2252 ὧν
3341 2192 3653 2269 ἐκρατύνθη
3671 2192 3737 2247 τὺ

2141 2294 2318 2366 δόγμα
2370 2294 2538 2349 είσέτι
2580 2294 2760 2365 δεῦρο.
2788 2293 2980 2362 Ἔλεγε
3016 2292 3075 2346 δὲ
3112 2292 3303 2346 ἑαυτὸν
3339 2294 3368 2346 ο
3395 2293 3590 2362 Μάνης
3619 2292 3730 2359 (19)

2143 2381 2281 2443 εῖναι
2315 2387 2376 2441 τὸ
2407 2385 2631 2456 Πνεῦμα
2659 2386 2720 2439 τὸ
2752 2383 3122 2456 παράκλητον⁸
3166 2384 3262 2437 καὶ
3298 2383 3430 2437 ποτὲ
3469 2382 3570 2455 μὲν
3597 2385 3734 2439 ἀπό-

2145 2480 2330 2535 στολον
2377 2479 2576 2549 φάσκει
2604 2477 2794 2532 ἑαυτὸν
2827 2476 3087 2549 Χριστοῦ,
3119 2476 3248 2530 ποτὲ
3282 2475 3338 2529 δὲ
3364 2474 3593 2547 Πνεῦμα
3621 2492 3729 2529 πα-

2144 2560 2432 2646 ράκλητον.
2456 2570 2568 2625 Καὶ
2595 2568 2763 2639 πολλὴ
2797 2567 2900 2638 τῆς
2925 2562 3253 2636 τυφλώσεως
3282 2565 3474 2621 τούτου
3508 2565 3733 2621 κακόδο-

2142 2660 2231 2729 ξος
2260 2659 2659 2731 άλλοιοτροπία.

2214 2753 2311 2807 ll".
2341 2752 2619 2807 Ἐντεῦθεν
2634 2750 2844 2817 λοιπὸν,
2867 2750 3162 2820 ἀγαπητοὶ,
3185 2748 3345 2821 χρεία
3363 2749 3498 2820 ἡμῖν
3522 2749 3733 2819 γίνεται

2142 2849 2223 2911 εἰς
2248 2847 2346 2919 τὴν
2371 2846 2584 2919 αἵρεσιν
2607 2846 2802 2908 εἰπεῖν,
2830 2845 2926 2898 καὶ
2957 2845 3037 2907 είς
3066 2842 3167 2914 τὴν
3193 2842 3367 2918 αὐτῆς
3394 2859 3731 2914 ματαιοφρο-

457 2946 603 2988 mus.
644 2927 785 2984 Nam
832 2944 954 3000 quae
1003 2929 1269 2985 hactenus
1305 2926 1548 2983 diximus
1582 2926 1786 2981 nudam
1833 2926 1901 2981 de
1950 2927 2040 2983 illo

2145 2938 2310 3010 σύνην
2330 2954 2344 2967 ·
2380 2938 2450 2991 τὰ
2492 2937 2599 3008 γὰρ
2623 2934 2966 3007 παρελθόντα
2985 2935 3165 2989 πάντα
3188 2933 3332 2987 κατὰ
3359 2935 3600 3006 ἱστορίαν
3627 2935 3732 3004 ὐφ-

457 3021 745 3079 historiam
788 3020 1096 3075 continent.
1144 3018 1229 3072 Ab
1267 3032 1333 3075 eo
1372 3018 1537 3088 igitur
1581 3016 1861 3073 ordiemur
1890 3015 2040 3087 quod

2143 3031 2438 3102 ηγησάμην
2458 3046 2471 3060 ·
2496 3028 2618 3084 ὅθεν
2644 3027 2710 3098 δὴ
2737 3027 2964 3099 ἄρχεται
2986 3026 3256 3080 διδάσκειν
3286 3044 3348 3081 τε
3375 3027 3470 3081 καὶ
3498 3028 3735 3099 γράφειν

457 3112 692 3169 docendi
723 3127 790 3167 ac
834 3110 1110 3168 scribendi
1158 3109 1487 3180 dicendique
1535 3110 1753 3165 initium
1805 3109 2040 3181 sumpsit

2144 3125 2240 3178 καὶ
2268 3122 2446 3192 λέγειν
2473 3124 2501 3176 ὁ
2529 3119 2914 3192 χαλεπώτατος
2928 3119 3121 3188 Μάνης
3136 3121 3194 3173 ἐν
3209 3119 3287 3190 τῷ
3303 3119 3443 3187 Περὶ
3470 3120 3732 3186 πίστεως

457 3202 901 3273 improbissimus
943 3199 1133 3258 Manes
1179 3200 1235 3256 in
1280 3215 1346 3256 eo
1399 3200 1562 3265 libro,
1611 3216 1773 3271 quem
1817 3199 1893 3255 De
1939 3199 2040 3269 ﬁde

2146 3214 2310 3269 αὐτοῦ
2342 3214 2504 3286 λόγῳ.
2554 3212 2779 3277 Βίϐλους
2821 3211 2933 3283 γὰρ
2970 3205 3129 3275 οὗτος
3159 3211 3448 3283 διαφόρους
3478 3210 3692 3276 ἐξέθετο
3713 3228 3727 3240 ·

458 3295 719 3370 scripsit;
766 3295 938 3353 libros
977 3297 1123 3351 enim
1158 3293 1339 3349 varios
1383 3292 1572 3361 edidit,
1617 3309 1850 3364 quorum
1901 3310 2040 3350 unus

2151 3308 2282 3380 μίαν
2328 3307 2429 3378 μὲν
2482 3305 2766 3377 ἰσάριθμον
2813 3304 3083 3360 εἰκοσιδύο
3115 3303 3398 3374 στοιχείων
3441 3304 3551 3358 τῶν
3588 3303 3733 3358 κατὰ

460 3389 654 3462 viginti
691 3389 829 3447 duas
858 3389 916 3444 in
955 3395 1141 3459 partes
1178 3385 1512 3443 distributus
1551 3395 1662 3451 est,
1700 3385 2047 3457 alphabetico

459 3482 653 3539 ordine
706 3496 810 3552 pro
861 3481 1168 3538 litterarum
1226 3480 1428 3553 quibus
1487 3478 1610 3551 Syri
1665 3486 1895 3535 utuntur
1945 3495 2050 3537 nu-

460 3589 651 3642 mero;
705 3588 832 3629 nam
881 3573 1131 3645 plerique
1175 3572 1468 3629 Persarum
1519 3582 1718 3642 praeter
1773 3573 2041 3628 elementa

460 3664 679 3722 Persica
712 3664 977 3735 Syrorum
1005 3678 1225 3736 quoque
1258 3662 1457 3719 litteris
1494 3670 1747 3729 utuntur,
1782 3661 2045 3734 quemad-

352 3806 359 3811 .
460 3756 682 3813 modum
723 3756 868 3827 apud
918 3771 1022 3813 nos
1064 3757 1368 3812 innumerae
1404 3763 1595 3827 gentes
1631 3753 1849 3812 Graecas
1890 3755 2046 3811 adhi-

460 3851 621 3915 bent,
674 3850 895 3908 tametsi
943 3850 1175 3922 singula:
1224 3850 1335 3906 fere
1376 3864 1508 3906 suas
1549 3864 1615 3904 ac
1654 3849 1908 3921 proprias
1940 3849 2043 3905 ha-

457 3943 643 4003 beant.
698 3943 805 3998 Alii
858 3959 987 4002 vero
1031 3942 1481 4000 reconditissima
1544 3940 1811 4013 Syrorum
1857 3942 2045 4014 lingua

460 4048 585 4091 sese
655 4033 959 4099 venditant,
1035 4031 1350 4103 cuiusmodi
1419 4042 1506 4090 est
1559 4032 2041 4105 Palmyreuorum,

458 4140 624 4196 quam
657 4140 763 4180 una
786 4140 911 4181 cum
946 4124 1138 4197 viginti
1177 4124 1393 4182 duobus
1419 4125 1541 4194 ejus
1581 4125 1866 4182 elementis
1896 4127 2047 4181 adhi-

459 4217 611 4274 bent.
641 4215 781 4272 Hinc
805 4224 893 4274 est
930 4216 1080 4287 quod
1111 4216 1396 4274 Manichaei
1427 4218 1565 4273 liber
1600 4217 1825 4273 totidem
1865 4218 1924 4273 in
1953 4234 2043 4274 se-

457 4310 673 4367 ctiones
718 4307 982 4364 dividitur
1022 4326 1037 4364 :
1086 4308 1254 4379 hujus
1293 4308 1582 4379 inscriptio
1626 4316 1714 4365 est
1754 4307 2043 4365 Manichci

459 4400 732 4473 mysteria.
765 4398 921 4456 Alius
956 4409 1041 4456 est
1077 4399 1169 4455 cui
1217 4399 1494 4472 Thesauro
1531 4414 1731 4456 nomen
1778 4400 2040 4456 inditum.

458 4491 663 4549 Praeter
690 4491 829 4556 hos,
865 4490 1003 4546 alios
1030 4490 1298 4563 quosdam
1338 4491 1407 4546 ad
1443 4491 1754 4548 illudendos
1793 4491 2045 4549 homines

2145 3401 2246 3473 τὴν
2274 3400 2383 3454 τῶν
2407 3398 2594 3471 Σύρων
2619 3398 2957 3468 στοιχείωσιν
2978 3395 3045 3449 δι’
3068 3394 3402 3467 ἀλφαϐήτων
3439 3395 3732 3465 συγκειμέο

2147 3510 2245 3565 νην
2269 3509 2283 3523 ο
2314 3491 2550 3564 χρῶνται
2576 3489 2687 3562 γὰρ
2706 3490 2758 3543 οἱ
2782 3489 3028 3542 πλεῖστοι
3046 3487 3157 3541 τῶν
3183 3486 3414 3559 Περσῶν
3438 3486 3575 3559 μετὰ
3597 3488 3733 3559 Περ-

2148 3583 2277 3638 σικά
2307 3584 2543 3654 στοιχεῖα
2587 3582 2683 3635 καὶ
2714 3580 2793 3651 τῷ
2832 3579 2991 3651 Σύρῳ
3025 3580 3339 3652 γράμματι,
3374 3577 3566 3649 ὥσπερ
3598 3578 3731 3647 παρ’

2144 3677 2277 3746 ἡμῖν
2312 3674 2484 3729 πολλὰ
2522 3673 2650 3745 ἐθνη
2683 3677 2796 3737 τοῖς
2842 3673 3175 3745 Ἑλληνικοῖς
3198 3673 3522 3745 κέχρηνται,
3552 3671 3733 3724 καίτοι

2145 3785 2210 3837 γε
2231 3767 2401 3821 ὄντων
2428 3766 2611 3836 σχεδὸν
2638 3765 2781 3820 κατὰ
2806 3764 2959 3829 ἔθνος
2984 3764 3131 3819 ίδίων
3150 3764 3520 3837 γραμμάτων.
3548 3761 3737 3815 Ἄλλοι

2143 3858 2201 3913 δὲ
2231 3856 2388 3930 δῆθεν
2414 3858 2517 3928 τὴν
2544 3855 2851 3927 βαθυτάτην
2873 3854 2983 3909 τῶν
3008 3840 3197 3926 Σύρων
3225 3853 3504 3907 διάλεκτον
3536 3850 3733 3922 σεμνύ-

2144 3968 2346 4017 νονται,
2386 3951 2483 4021 τήν
2509 3967 2569 4003 τε
2599 3947 2746 4022 [τὴν]
2786 3947 2927 4001 κατὰ
2962 3946 3063 4017 τὴν
3096 3946 3399 4019 Παλμύραν
3428 3945 3731 4012 διάλεκτον,

2144 4043 2315 4113 αὑτήν
2343 4058 2403 4096 τε
2436 4041 2528 4094 καὶ
2560 4042 2628 4094 τὰ
2651 4039 2831 4093 αὐτῶν
2863 4040 3133 4109 στοιχεῖαο
3171 4036 3441 4092 εἰκοσιδύο
3472 4038 3529 4092 δὲ
3555 4037 3734 4091 ταῦτα

2146 4136 2402 4207 ὑπάρχει.
2452 4135 2652 4205 Διόπερ
2688 4133 2782 4187 καὶ
2826 4133 2861 4203 ἡ
2904 4132 3043 4203 αὐτὴ
3080 4130 3261 4203 βίϐλος
3292 4131 3564 4185 εἰκοσιδύο
3588 4133 3733 4203 τμή-

2147 4244 2296 4298 ματα
2335 4226 2510 4295 λόγων
2543 4226 2847 4296 τέτμηταιο
2898 4223 3071 4296 ταύτῃ
3104 4223 3162 4277 δὲ
3204 4223 3513 4295 ἐπιτίθησιν
3559 4223 3736 4294 ὄνομα

2144 4319 2478 4388 Μανιχαίου
2518 4316 2853 4387 μυστήρια·
2911 4315 3076 4387 ἑτέρᾳ
3124 4314 3183 4367 δὲ
3228 4314 3568 4383 Θησαυράμ
3620 4314 3735 4368 Καὶ

2145 4410 2309 4476 ἄλλας
2336 4410 2401 4481 δὴ
2435 4408 2654 4478 βίϐλους
2678 4406 2955 4470 καττύσας
2995 4406 3354 4476 φαντάζεται,
3386 4406 3479 4461 τόν
3503 4405 3739 4475 Μικρὸν

2144 4504 2209 4576 δὴ
2236 4501 2550 4573 θησαυρὸν
2586 4501 2730 4555 οὕτω
2766 4498 3125 4571 καλούμενον,
3166 4498 3337 4571 ἀλλην
3366 4499 3425 4553 δὲ
3456 4498 3557 4570 τὴν
3586 4499 3731 4568 Περὶ

456 4585 762 4653 contexuit,
786 4584 934 4641 velut
958 4582 1221 4639 Minorem
1241 4585 1565 4639 thesaurum.
1594 4584 1730 4641 Item
1764 4584 1838 4641 De
1865 4596 2040 4641 astro-

2148 4594 2563 4665 ἀστρολογίας.
2603 4593 2681 4647 Οὐ
2702 4592 2813 4663 γὰρ
2838 4589 3128 4645 ἀποδέουσι
3152 4590 3253 4662 τῆς
3286 4589 3544 4661 τοιαύτης
3577 4607 3735 4661 περι-

456 4684 624 4756 logia.
677 4678 866 4751 Neque
902 4680 1051 4736 enim
1084 4694 1115 4734 a
1141 4679 1378 4735 curiosis
1412 4678 1521 4735 illis
1574 4678 1787 4736 artibus
1824 4679 2032 4736 abhor-

459 4783 628 4832 rent:
679 4774 814 4846 quin
864 4773 1051 4843 potius
1099 4772 1453 4828 astronomiae.
1499 4772 1789 4828 scientiam
1834 4788 1947 4843 prae
1980 4788 2042 4830 se

458 4866 662 4930 ferunt,
702 4879 768 4921 ac
808 4862 880 4920 de
920 4878 987 4921 ea
1028 4863 1345 4935 gloriantur.
1406 4861 1515 4919 Sed
1566 4870 1625 4921 et
1662 4864 1901 4921 amuleta
1936 4866 2045 4924 hoc

455 4969 542 5017 est
579 4974 820 5032 appensa
849 4957 1101 5029 quaedam
1130 4973 1161 5013 e
1193 4957 1337 5013 collo
1361 4997 1377 5021 ,
1421 4971 1635 5014 necnon
1671 4965 1725 5013 et
1757 4959 2045 5016 cautiones

453 5054 619 5127 630
665 5053 909 5125 magicas
952 5065 1018 5107 ac
1069 5050 1373 5121 praestigias
1408 5058 1695 5121 usurpant.
1731 5049 1935 5106 Verum
1963 5053 2043 5108 sic

456 5150 611 5203 illum
639 5161 801 5217 quem
834 5143 950 5201 dixi
976 5144 1177 5199 librum
1210 5142 1399 5199 Manes
1436 5142 1755 5199 exorditur:

525 5238 666 5293 XIV.
711 5238 846 5294 Erat
882 5237 1023 5293 Deus
1051 5246 1101 5292 et
1138 5237 1387 5297 materia,
1430 5237 1523 5289 tua:
1559 5245 1609 5289 et
1643 5234 1904 5296 tenebrae,
1951 5235 2043 5289 bo-

457 5348 584 5385 num
609 5339 659 5385 et
688 5330 910 5391 malum,
941 5344 1059 5398 qum
1100 5337 1211 5382 tam
1251 5327 1456 5395 penitus
1486 5327 1587 5380 sibi
1628 5327 1848 5381 invicem
1887 5336 2043 5381 erant

527 5552 641 5623 (Π)
674 5552 773 5606 Διὸ
810 5550 981 5605 αὐτοὶ
1039 5552 1094 5604 οὶ
1137 5548 1479 5623 Μανιχαῖοι.
1521 5545 1666 5623 νοςιί
1700 5557 1880 5623 potest
1913 5569 1926 5605 :
1958 5549 2039 5623 0o

458 5626 513 5679 td
533 5617 829 5677 'Manichm'
861 5637 1017 5688 super
1053 5617 1343 5674 arundines
1369 5618 1585 5673 cubant.
1612 5617 1749 5673 Nam
1791 5619 2040 5674 Μακίστίὶ

458 5703 745 5767 propterea
778 5692 933 5757 dicti,
969 5689 1115 5767 quod
1146 5691 1201 5767 i_n
1224 5692 1412 5744 mattis
1451 5689 1771 5745 dormirent.
1813 5694 1955 5764 Aug.
2008 5709 2041 5745 ν

457 5760 628 5821 contr.
669 5760 931 5818 Faustum
968 5760 1203 5814 Manich.

529 5834 640 5905 (l8)
682 5831 888 5905 Θωμᾶς
912 5831 1105 5905 egeat
1136 5829 1602 5905 τὴν-Ἰουδαίαν,
1637 5829 2040 5905 porrigendum

456 5901 895 5962 cx'Theodereto
920 5901 1090 5958 videri
1125 5901 1409 5971 possitért
1440 5901 1537 5971 τὴν
1568 5902 1779 5955 Ἰνδίαν.
1823 5901 1957 5957 Nam
1982 5911 2043 5956 ut

2143 4687 2370 4757 εργίας·
2416 4683 2554 4738 ἀλλὰ
2586 4682 2786 4755 μᾶλλον
2819 4682 3004 4745 aia-toi;
3032 4683 3090 4734 ἐν
3133 4679 3413 4752 προχείρῳ
3437 4681 3736 4752 καυχήμα·

2144 4795 2238 4842 τος
2259 4777 2547 4849 πρόκειται
2574 4773 2908 4847 ἀστρονομία
2932 4789 2945 4803 ·
2977 4774 3075 4826 καὶ
3104 4772 3476 4844 φυλακτήρια,
3509 4773 3655 4845 φημὶ
3673 4772 3737 4825 δέ

2145 4871 2215 4925 τὰ
2252 4871 2554 4942 περίαπτα,
2603 4868 2699 4921 καὶ
2738 4866 2897 4921 ἄλλαι
2936 4866 3077 4929 τινὲς
3118 4866 3327 4935 ἐπῳδαὶ
3374 4866 3471 4920 καὶ
3513 4883 3737 4938 μαγγα-

2145 4964 2306 5016 νεῖαι.
2350 4962 2613 5032 ’Δρχεται
2655 4957 2788 5011 γοῦν
2842 4958 2899 5010 ἐν
2951 4958 3019 5027 τῇ
3054 4957 3222 5012 αὐτοῦ
3279 4956 3449 5030 βίϐλῳ
3479 4958 3661 5026 λέγειν
3705 4960 3737 5010 ό

2147 5054 2309 5119 αὐτὸς
2341 5053 2535 5124 Μάνης
2555 5072 2569 5085 ·

2215 5239 2312 5294 1Δ’.
2326 5232 2439 5292 Ἦν
2452 5237 2600 5302 Θεὸς
2613 5237 2710 5291 καί
2729 5237 2869 5303 ὕλη,
2886 5235 3012 5305 φῶς
3023 5237 3123 5291 καὶ
3140 5237 3382 5302 σκότος,
3396 5236 3623 5305 ἀγαθὸν
3640 5237 3741 5289 καί

2150 5330 2360 5392 κακὸν,
2384 5330 2504 5394 τοῖς
2535 5326 2723 5385 πᾶσιν
2742 5328 2937 5397 (inpar:
2959 5329 3225 5394 ἐναντία,
3258 5330 3341 5394 ὡς
3366 5329 3519 5382 κατὰ
3544 5327 3743 5397 μηδὲν

2140 5551 2423 5623 (ἷίινίεῑιιιη
2470 5551 2800 5623 imitaretur,
2852 5552 3235 5623 cognominem
3278 5552 3429 5608 illius
3480 5555 3739 5623 apostolo

2140 5621 2473 5693 discipulum
2508 5621 2561 5675 in
2600 5622 2807 5676 Indiam
2837 5624 3113 5693 allegavit.
3146 5620 3351 5677 Verum
3384 5620 3550 5678 etiam
3592 5624 3736 5678 infra

2142 5709 2198 5766 ιι.
2242 5693 2302 5766 3i
2346 5691 2815 5766 Thomamistum
2865 5691 3362 5765 pseudapostolum
3417 5696 3473 5748 iu
3518 5693 3739 5766 Syriam

2141 5763 2482 5816 destinatum
2513 5762 2729 5817 scribit.
2866 5762 2879 5765 ’
3552 5802 3557 5807 η

2216 5832 2328 5901 (19)
2365 5832 2581 5902 Ἔλεγε
2602 5833 2669 5885 δὲ
2695 5833 2961 5886 ἑαυτὸνό
2977 5831 3207 5901 Μάνης.
3234 5831 3348 5889 lmo
3373 5843 3426 5891 et
3448 5833 3739 5891 Christum

2143 5902 2389 5968 seipsum
2408 5919 2530 5961 esse
2558 5902 2698 5957 dixit
2731 5944 2742 5958 .
2779 5902 3054 5958 Theodor.
3280 5937 3283 5941 -
