4076 6392
328 367 402 424 s9
956 366 1338 426 ADVERSUS
1367 367 1738 438 ,HIERESES
1774 355 1905 428 Lt‘e.
1944 372 1947 426 :

2057 359 2224 430 Τοῖς.
2268 375 2334 432 ιι.
2374 408 2443 418 -
2483 376 2752 434 omnes.
2805 378 2988 434 m1.
3539 385 3610 441 so

328 480 749 534 ἐπικοινωνεῖν
765 483 1018 550 θάτερον
1044 482 1288 554 θατέρῳ.
1323 485 1442 539 Καὶ
1465 477 1622 551 οὗτος
1653 487 1755 559 μέν
1779 489 1928 541 ἐστιν

2051 493 2326 556 :ontraria,
2380 493 2531 547 nulla
2580 503 2636 546 ut
2691 492 2917 548 alterum
2971 509 3089 548 cum
3152 504 3319 548 altera
3371 513 3605 550 commu-

328 574 361 627 ό
387 573 664 644 πρόλογος
693 572 787 627 τοῦ
818 573 1083 646 ἀγύρτου.
1129 577 1414 632 Ἐντεῦθεν
1437 579 1666 650 ἄρχεται
1698 579 1800 650 τῆς
1825 581 1929 633 αὐ-

330 665 430 718 τοῦ
457 665 895 736 κακομηχανίας.
924 667 1038 721 Καὶ
1052 669 1087 739 ἡ
1113 667 1213 740 μὲν
1234 667 1416 740 βίϐλος
1436 673 1497 725 ἐν
1518 672 1711 726 πλάτει
1729 675 1929 739 κεῖται,

329 757 568 810 τοιαῦτά
596 775 720 812 τινα
747 757 930 828 φαῦλα
955 760 1094 814 ἄττα
1128 763 1480 834 περιέχουσα,
1507 759 1585 820 ὧν
1609 764 1708 837 τὴν
1736 766 1931 820 δυσκο-

332 848 481 916 λίαν,
520 850 618 904 καὶ
643 850 746 923 τὴν
774 852 1128 923 ἐναντιότητα
1157 853 1268 909 τῶν
1304 855 1480 926 λόγων
1507 859 1603 912 καὶ
1633 859 1731 912 ἀπ’
1758 858 1932 929 αὐτῆς

332 941 439 1012 τῆς
467 942 649 1014 ἀρχῆς
672 943 768 998 τοῦ
807 944 1014 999 σκοποῦ
1048 945 1131 1000 ἔτι
1181 948 1567 1020 περιληπτέον.
1605 951 1670 1005 Ei
1699 951 1806 1022 γὰρ
1838 951 1934 1006 καὶ

333 1033 514 1105 πολλὴ
559 1036 592 1104 ἡ
633 1033 797 1107 λοιπὴ
831 1035 1090 1108 φλυαρία,
1127 1037 1222 1092 καὶ
1266 1037 1522 1112 μυθώδης
1553 1040 1828 1104 ὑπόθεσις,
1869 1043 1934 1095 ἐκ

333 1127 440 1196 τῆς
469 1127 792 1198 είσαγωγῆς
828 1128 892 1183 τὸ
925 1131 1036 1184 πᾶν
1061 1129 1409 1202 δειχθήσεται
1435 1130 1538 1201 τῆς
1574 1130 1742 1185 αὑτοῦ
1767 1149 1934 1202 πονη-

337 1218 490 1289 ρίας.
517 1218 593 1272 Τὸ
620 1219 753 1289 γὰρ,
776 1215 896 1274 τΗν
926 1220 1074 1288 Θεὸς
1104 1221 1204 1276 καὶ
1236 1221 1380 1290 ὕλη,
1404 1222 1558 1276 οὐδὲν
1587 1222 1816 1277 ἀποδέον
1835 1223 1936 1293 τῆς

334 1309 452 1362 τῶν
489 1309 759 1382 Ἑλλήνων
785 1311 1023 1382 ματαίας
1053 1313 1312 1377 ὑπονοίας
1341 1314 1683 1386 ὑφηγήσατο.
1720 1314 1938 1368 Εὐάλω-

333 1420 435 1456 τον
461 1403 545 1465 δὲ,
575 1404 673 1457 καὶ
693 1404 899 1476 ῥᾴδιον,
931 1405 1028 1461 καὶ
1054 1406 1422 1461 εὐκατάλυτον
1449 1406 1550 1478 τῆς
1569 1407 1936 1476 συκοφαντίας

335 1494 504 1548 τοῦτο
550 1494 613 1549 τὸ
655 1497 1061 1568 κενοφρόνημα.
1119 1497 1226 1551 Δύο
1271 1498 1383 1570 γὰρ
1427 1496 1718 1554 ἐπιτδαυτὸ
1749 1495 1936 1571 [εἶναι]

338 1587 625 1658 σύγχρονά
653 1606 714 1642 τε
741 1589 838 1642 καὶ
867 1589 1015 1642 ἀΐδια
1044 1589 1103 1655 ἐξ
1125 1589 1364 1660 εὐλόγων
1391 1592 1668 1663 λογισμῶν
1691 1593 1786 1646 καὶ
1809 1609 1938 1646 συν-

335 1681 469 1750 ετῆς
504 1680 719 1744 εὐνοίας
746 1681 1011 1735 ἀδύνατον
1032 1677 1171 1736 εἶναι
1201 1683 1354 1754 παρὰ
1375 1684 1453 1755 τῷ
1469 1684 1677 1755 κρίνειν
1702 1683 1943 1752 εὐλόγως,

2033 586 2187 640 niam
2206 586 2544 657 jungerettrr.
2594 586 2709 641 Hoc
2741 588 2906 643 modo
2940 588 3232 650 circulator
3278 589 3383 644 iste
3419 591 3614 660 pratia-

2035 684 2146 732 tur.
2195 677 2334 732 Tum
2373 679 2673 749 pessimum
2721 679 2917 749 dogma
2954 677 3232 748 explicare
3277 679 3608 748 aggreditur.

2034 769 2132 826 Est
2159 779 2343 826 autem
2384 770 2520 826 liber
2557 771 2649 827 ille
2692 769 2974 827 lusissime
3012 771 3273 840 scriptus,
3316 785 3379 823 ac
3416 782 3615 824 caetera

2034 859 2284 928 eiusdem
2342 861 2562 932 generis
2611 861 2757 916 mala
2813 869 2868 916 et
2934 861 3120 930 inepta
3171 860 3558 928 complectitur
3597 878 3612 914 :

2035 967 2270 1022 quorum
2318 953 2636 1023 perplexam
2683 951 3098 1012 obscuritatem,
3137 951 3613 1006 contrarietatem-

2035 1063 2144 1118 que
2167 1061 2484 1102 sermonum
2511 1046 2626 1117 jam
2654 1054 2770 1101 tum
2799 1045 2871 1100 ab
2899 1044 3020 1114 ipso
3061 1043 3370 1113 argumenti
3412 1041 3617 1112 princi-

2038 1139 2130 1208 pio
2177 1137 2612 1192 animadvertere
2651 1136 2887 1207 opm-tet.
2931 1133 3084 1190 Licet
3127 1133 3276 1190 enim
3324 1147 3535 1203 magna:
3561 1133 3618 1189 in

2039 1230 2266 1300 reliquis
2307 1245 2466 1301 nugae
2515 1245 2580 1284 ac
2619 1229 2816 1284 fabula:
2853 1229 2998 1292 sint,
3031 1243 3100 1283 ex
3128 1227 3249 1297 ipso
3292 1235 3472 1280 tamen
3507 1224 3621 1294 pri-

2040 1324 2250 1378 mordio
2291 1329 2407 1377 tota
2437 1323 2583 1377 illius
2622 1322 2944 1392 improbitas
2995 1318 3233 1390 pateﬁet.
3278 1315 3436 1384 Quod
3473 1316 3621 1371 enim

2039 1415 2231 1470 scribit
2250 1455 2265 1478 ,
2308 1413 2439 1468 Erat
2460 1413 2604 1469 Deus
2631 1424 2680 1469 et
2711 1414 2962 1479 materia,
2993 1427 3118 1467 cum
3147 1412 3446 1466 vanissima
3484 1424 3621 1480 gen-

2040 1509 2216 1561 tilium
2269 1506 2662 1577 superstitione
2714 1505 2991 1577 congruit.
3036 1504 3144 1558 Sed
3184 1511 3239 1558 et
3281 1501 3623 1558 calumniosa

2043 1601 2134 1654 illa
2189 1599 2480 1669 inanisque
2550 1583 2826 1654 sententia
2887 1596 3142 1652 convinci
3196 1595 3348 1668 nullo
3403 1591 3625 1663 negotio

2041 1689 2427 1759 conl‘utarique
2471 1695 2672 1758 potest.
2726 1685 2942 1742 Etenim
2997 1687 3108 1741 duo
3154 1685 3320 1741 simul
3367 1691 3429 1739 ut
3478 1686 3625 1738 exsi—

337 1769 696 1839 γινώσκοντι.
763 1773 876 1826 Καὶ
919 1773 1192 1842 γνωστέον
1239 1774 1401 1829 τοῦτο
1450 1775 1612 1830 ἔσται
1648 1777 1814 1829 παντὶ
1858 1776 1940 1846 τῷ

2051 1789 2191 1838 stant
2218 1781 2445 1851 aequalis
2476 1780 2576 1834 aevi
2616 1794 2682 1834 ac
2724 1779 3086 1849 sempiterna,
3129 1775 3243 1831 ﬁeri
3274 1775 3436 1830 nullo
3461 1773 3626 1828 modo

340 1862 568 1917 σύνεσιν
600 1839 947 1936 κεκτημένῳξ
994 1865 1058 1920 Et
1092 1867 1203 1939 γὰρ
1244 1867 1315 1922 τά
1349 1867 1448 1922 δύο
1477 1868 1777 1940 σύγχρονα,
1818 1839 1941 1922 οὑδέ

2051 1881 2256 1944 potest;
2283 1839 2373 1927 ἰιιῖ
2399 1887 2536 1927 sana
2577 1887 2640 1926 ac
2676 1839 2919 1940 prudens
2949 1839 3091 1924 ratio
3124 1869 3174 1924 ei
3213 1868 3372 1923 facile
3395 1880 3625 1937 persua-

341 1955 450 2009 κᾶν
480 1955 564 2026 τῷ
589 1956 816 2028 ὀνόματι
856 1957 1197 2029 διήλλακται.
1252 1960 1371 2013 Πᾶν
1398 1958 1510 2032 γὰρ
1547 1959 1609 2013 τὸ
1643 1959 1941 2030 σύγχρονον

2051 1968 2196 2029 serit,
2214 1962 2686 2035 quireclojudicin
2713 1963 2784 2016 sit
2803 1962 3084 2031 praeditus.
3110 1961 3289 2030 Atque
3317 1961 3420 2013 hoc
3458 1957 3624 2013 intel-

339 2049 442 2101 καὶ
463 2049 763 2106 συναῒδιον.
791 2049 866 2104 Τὸ
888 2051 946 2105 δὲ
969 2053 1241 2106 ωναῖδιον
1263 2053 1358 2106 καὶ
1373 2053 1462 2106 ἀεὶ
1487 2052 1758 2124 ὑπάρχον,
1783 2051 1943 2105 τοῦτο

339 2139 503 2204 Θεὸς,
540 2141 778 2212 μάλιστα
825 2142 941 2196 ἀπό.
972 2160 1117 2208 τινος
1144 2144 1321 2197 αἰτίου
1350 2144 1527 2217 ἀρχὴν
1575 2145 1650 2216 μὴ
1698 2145 1939 2215 εἰληφός.

342 2236 520 2290 Οὐδὲν
548 2235 660 2308 γὰρ
687 2236 862 2290 ἀΐδιον
893 2236 927 2309 ἢ
963 2237 1125 2308 μόνον
1158 2237 1316 2302 Θεός.
1368 2238 1657 2309 Διαφόροις
1689 2237 1798 2309 γὰρ
1825 2239 1944 2292 ὀνό-

345 2342 486 2396 μασι
507 2327 713 2390 ταύτας
733 2326 837 2391 τὰς
864 2328 1041 2399 ἀρχὰς
1061 2326 1270 2393 ἐξέθου,
1291 2323 1338 2382 ὦ
1367 2328 1614 2400 βάρϐαρε
1634 2330 1733 2400 τὴν
1751 2330 1944 2401 φρένα.

343 2418 446 2471 καὶ
479 2418 711 2491 πολέμιε
741 2418 844 2489 τῆς
871 2419 1222 2490 ἀνθρωπείας
1249 2420 1490 2491 φύσεως.
1541 2424 1614 2475 Τὸ
1645 2422 1946 2493 μὲνέξέθου

343 2509 492 2580 φῶς,
516 2511 580 2565 τὸ
618 2511 677 2565 δέ
712 2511 927 2576 σκότος,
964 2513 1026 2564 τὸ
1069 2512 1114 2564 δ’
1151 2507 1220 2566 αὖ
1249 2512 1481 2580 ἀγαθὸν,
1521 2514 1616 2567 καὶ
1653 2514 1715 2566 τὸ
1761 2515 1949 2585 ἕτερον

344 2601 546 2656 κακόν.
579 2601 817 2666 Ψάσκεις
846 2600 926 2666 δὲ,
957 2602 1042 2655 ὅτι
1073 2605 1184 2666 τοῖς
1220 2603 1386 2657 πᾶσιν
1412 2603 1598 2675 ἄκρως
1629 2605 1746 2657 ἐστὶ¹
1774 2605 1950 2659 ταῦτα

345 2693 597 2758 ἐναντία,
617 2693 694 2759 ὡς
721 2693 864 2748 κατὰ
885 2693 1054 2765 μηδὲν
1067 2696 1442 2748 ἐπικοινωνεῖν
1462 2693 1690 2765 θάτερον
1714 2695 1948 2768 θατέρῳ.

2045 2057 2217 2127 ligcns
2245 2055 2478 2125 quisque
2517 2067 2854 2124 cognoscere
2897 2053 3079 2106 debet.
3134 2052 3269 2103 Nam
3315 2049 3361 2103 si
3400 2048 3626 2127 aequalia

2048 2124 2289 2218 tempore
2313 2124 2423 2202 duo
2445 2153 2599 2208 sunt,
2626 2158 2692 2199 ne
2708 2143 3066 2214 appellatione
3091 2140 3310 2210 quidem
3346 2124 3623 2194 dill'erunt.

2049 2238 2330 2310 Quidquid
2359 2238 2507 2293 enim
2529 2237 2741 2308 aequale
2774 2245 2859 2292 est
2916 2233 3074 2290 alteri
3107 2240 3374 2302 tempore,
3411 2247 3536 2287 cum
3561 2247 3631 2286 eo

2047 2347 2270 2405 quoque
2305 2331 2666 2386 aeternitatem
2716 2329 2881 2384 habet
2917 2327 3206 2397 aqualem.
3252 2325 3407 2391 Quod
3446 2334 3627 2378 autem

2048 2427 2257 2498 aequale
2296 2431 2384 2479 est
2413 2423 2740 2486 aeternitate,
2781 2435 2846 2477 ac
2877 2434 3095 2491 semper
3123 2418 3361 2480 exsistit,
3394 2417 3629 2487 idipsuth

2054 2520 2196 2577 Deus
2237 2526 2344 2585 est,
2395 2531 2524 2572 cum
2573 2513 2878 2586 praesertim
2924 2513 3074 2568 nulla
3121 2511 3190 2566 ab
3217 2525 3386 2565 causa
3416 2509 3630 2563 initium

2052 2609 2342 2679 acceperit.
2394 2605 2539 2660 Nihil
2580 2605 2726 2660 enim
2774 2610 2973 2674 praeter
3008 2600 3180 2656 Deum
3225 2607 3311 2656 est
3345 2607 3630 2654 aeternum.

2053 2705 2136 2760 Ad
2161 2703 2282 2758 haec
2314 2704 2418 2758 ista
2446 2699 2714 2772 principia
2746 2697 2978 2753 diversis
3017 2697 3334 2750 nominibus
3366 2691 3632 2758 extulisti,

345 2785 568 2839 Οὐκοῦν
594 2785 852 2857 χωρίζεις
879 2784 1055 2839 ταῦτα
1082 2786 1179 2840 ἀπ’
1206 2786 1478 2858 ἀλλήλων.
1513 2786 1686 2857 Δῆλον
1713 2787 1844 2860 γὰρ,
1870 2790 1952 2843 ὅτι

347 2875 695 2941 ἐναντία,ὼς
730 2876 888 2948 ἔφης.
936 2879 1000 2931 El
1040 2878 1099 2932 δὲ
1137 2878 1369 2933 συνόντα
1399 2879 1644 2949 πέφυκε,
1684 2880 1815 2949 φίλα
1859 2881 1947 2933 καὶ

2054 2891 2190 2946 Nam
2227 2889 2374 2945 aliud
2418 2888 2596 2943 lucem
2637 2885 2943 2956 appellasti,
2989 2882 3138 2935 aliud
3172 2881 3434 2945 tenebraz,
3491 2874 3634 2930 aliud

350 2967 651 3038 σύμφωνα,
685 2968 780 3022 καὶ
806 2967 1058 3039 ἀλλήλοις
1087 2969 1317 3024 συνόντα
1339 2970 1716 3043 εὑρεθήσεται,
1739 2971 1947 3026 συνδια-

2056 2983 2282 3047 bonum,
2303 2979 2451 3034 aliud
2471 2978 2694 3032 malum.
2714 2975 2884 3031 Addis
2908 2988 3120 3030 suntme
3140 2971 3257 3026 haec
3283 2970 3514 3024 invicem
3534 2966 3634 3022 81θὶ

349 3059 619 3131 τρίϐοντά
649 3077 711 3114 τε
746 3061 842 3114 καὶ
883 3061 1378 3132 ωγκοινωνοῦντα,
1413 3065 1510 3118 καὶ
1543 3064 1664 3136 μηδ’
1694 3064 1832 3130 ὅλως
1859 3067 1947 3120 ἀπ*

2056 3069 2474 3132 essecontraria
2495 3086 2510 3134 ;
2528 3069 2664 3124 nihil
2689 3067 2856 3124 utuni
2879 3067 2952 3120 sit
2977 3079 3102 3119 cum
3124 3063 3298 3117 altero
3325 3074 3632 3114 commune.

352 3153 609 3224 ἀλλήλων
632 3151 1088 3225 ἀπαλλαττόμενα
1125 3154 1194 3208 δι’
1229 3155 1535 3228 ὑπερϐολὴν
1559 3156 1765 3226 φιλίας.
1807 3158 1872 3211 El
1900 3157 1947 3211 δὲ

2061 3165 2228 3238 igitur
2254 3177 2285 3217 a
2319 3177 2380 3219 se
2427 3159 2522 3215 illa
2541 3166 2732 3213 mutua
2769 3170 3025 3227 separas;
3054 3166 3233 3224 neque
3263 3149 3494 3206 dubium
3529 3160 3634 3207 est,

351 3247 528 3317 χωρὶς
546 3245 796 3318 ἀλλήλων
818 3248 957 3308 ἐστὶ,
985 3247 1205 3311 πάντως
1219 3247 1452 3303 ἕκαστον
1472 3249 1680 3304 τούτων
1701 3250 1947 3322 πεπέρα-

2061 3254 2524 3330 quandoquidem,
2555 3260 2615 3308 ut
2655 3251 2821 3315 dicis,
2854 3247 3130 3304 contraria
3173 3253 3321 3300 sunt.
3375 3243 3540 3309 Atqui
3591 3243 3636 3295 si

355 3355 505 3394 σται.
539 3339 659 3393 Πᾶν
683 3339 743 3394 δὲ
767 3340 830 3393 τὺ
859 3341 1302 3413 πεπερασμένον,
1320 3343 1383 3396 οὐ
1405 3341 1632 3400 τέλειον.
1681 3343 1947 3415 ὐρίζεται

2057 3362 2128 3405 ex
2155 3355 2352 3402 natura
2407 3357 2507 3400 sua
2563 3356 2673 3395 una
2727 3352 3036 3401 versentur,
3074 3348 3419 3403 consequens
3450 3340 3539 3385 est
3581 3337 3640 3383 ιιι

353 3431 470 3502 γάρ
509 3429 584 3485 δι’
609 3429 816 3486 αὐτοῦ¹
851 3433 1221 3506 πεπεράσθαι.
1265 3433 1475 3498 Ἄλλως
1509 3435 1566 3489 δὲ
1593 3436 1690 3490 καὶ
1716 3436 1947 3508 ζητηθή-

2061 3447 2117 3496 et
2157 3439 2335 3494 amice
2385 3435 2620 3490 invicem
2659 3431 3027 3494 consentiant,
3075 3434 3374 3496 mutuaque
3412 3423 3641 3492 conjun-

357 3542 516 3580 σεται
537 3526 687 3597 ὅριον
713 3527 796 3590 εἰς
818 3525 1196 3598 διαπερασμὸν
1225 3527 1573 3598 ἀμφοτέρων,
1597 3529 1685 3582 ἵνα
1713 3531 1786 3601 μὴ
1813 3532 1947 3584 κατά

2063 3533 2252 3587 ctione
2307 3541 2375 3582 ac
2423 3523 2829 3582 consuetudine
2877 3520 3176 3580 sociemur,
3231 3530 3410 3586 neque
3450 3530 3482 3568 a
3523 3527 3644 3569 sese

355 3618 428 3672 τὰ
453 3617 711 3690 τέρματα
757 3617 1009 3690 ἀλλήλοις
1042 3620 1396 3690 ἐφαπτόμενα
1427 3620 1718 3695 ἀμφότερα
1748 3624 1817 3676 τὰ
1852 3624 1947 3678 tota

2065 3637 2179 3695 prae
2209 3633 2396 3676 amore
2437 3632 2503 3672 ac
2549 3614 2846 3670 concordia
2900 3611 3249 3668 divellantur.
3282 3607 3441 3675 Quod
3469 3607 3517 3663 si
3561 3606 3644 3660 in—

352 3712 449 3766 διά
484 3711 596 3767 τῶν
622 3711 914 3784 τερμάτων
941 3712 1194 3784 ἀλλήλοις
1223 3713 1584 3784 συνάπτηται,
1619 3715 1714 3767 καὶ
1751 3715 1947 3768 ἐπικοι-

2068 3715 2241 3770 vicem
2293 3714 2546 3778 separata
2593 3712 2746 3768 sunt,
2793 3704 2990 3758 borum
3043 3699 3473 3769 unumquodque
3521 3696 3645 3751 ﬁni-
3704 3715 3710 3726 ·

355 3803 624 3876 νωνήσειε
653 3804 884 3876 θάτερον
921 3803 1160 3876 θατέρῳ,
1196 3806 1292 3859 καὶ
1333 3805 1426 3858 τὸν
1457 3803 1554 3875 τῆς
1588 3807 1947 3877 ἐναντιότητος

2065 3816 2180 3863 tum
2233 3805 2306 3860 sit
2346 3807 2578 3871 oportet.
2621 3796 2778 3864 Quod
2821 3803 3002 3850 autem
3038 3792 3260 3872 .[initutn
3306 3799 3411 3856 est,
3468 3787 3646 3859 perle-

355 3898 605 3971 ﬁrmior)
626 3900 766 3970 δρονι
2067 3911 2214 3956 ctum
2262 3911 2371 3950 non
2405 3903 2516 3959 est;
2544 3897 2630 3946 est
2669 3888 2816 3944 enim
2859 3887 2963 3942 line
3013 3900 3114 3941 suo
3150 3883 3642 3952 circumscriptum.

354 3991 507 4059 Quin
531 3995 701 4048 etiam
732 3993 1001 4050 terminus
1028 3993 1229 4065 aliquis
1270 3993 1631 4064 requirendus
1667 3996 1794 4059 erit,
1835 3999 1927 4067 qui
1969 4007 2262 4064 utrumque
2296 3989 2550 4054 deﬁniat;
2585 4001 2675 4048 ne.
2707 3983 2756 4041 si
2785 3998 2845 4038 se
2873 3988 3065 4036 mutuo
3087 3977 3448 4046 contigerint,
3491 3989 3645 4028 com-

358 4087 629 4140 munione
653 4085 834 4156 aliqua
867 4085 1130 4142 extremis
1161 4085 1270 4141 illis
1293 4085 1347 4140 in
1380 4084 1581 4141 ﬁnibus
1619 4065 1978 4158 copulentur;
2003 4088 2164 4163 631
2193 4094 2356 4154 atque
2393 4081 2469 4163 ita
2501 4077 2799 4133 constituta
2825 4074 2915 4128 illa
2944 4071 3307 4126 contrarietas
3336 4065 3646 4124 intercidat.

435 4177 550 4231 Καὶ
578 4179 628 4230 ει
657 4176 802 4249 agn;
828 4195 884 4232 τι
906 4177 1144 4249 διεῖργον
1170 4177 1445 4249 ἁναμέσον
1471 4177 1582 4232 τῶν
1610 4180 1947 4252 ἀμφοτέρων

2077 4160 2090 4161 7
2137 4179 2258 4235 Jam
2291 4161 2495 4233 vero°si
2526 4165 3010 4243 quidpiam,.quod
3055 4163 3154 4218 illa.
3177 4162 3418 4225 dirimat,
3457 4160 3646 4213 ambo-

358 4269 555 4324 οὐκέτι
597 4267 662 4323 τὸ
695 4269 932 4341 διεῖργον
969 4270 1158 4340 ὅμοιον
1213 4268 1371 4322 ἔσται
1411 4249 1662 4334 τούτοις,
1701 4249 1816 4324 ἀλλ’
1834 4249 1944 4325 οὔθ

2067 4283 2188 4325 rum
2221 4268 2277 4322 in
2317 4263 2500 4320 medio
2532 4257 2915 4320 collocaveris,
2950 4270 3058 4310 non
3098 4261 3280 4324 potest
3317 4250 3373 4306 id
3401 4249 3548 4341 quod
3572 4249 3652 4306 di-

358 4365 557 4434 ἕτερον
577 4362 732 4416 ἔσται
756 4340 870 4428 τοῖς
888 4363 1244 4434 ἀμφοτέροις.
1275 4360 1466 4434 Είγάρ
1479 4363 1588 4416 ἀπὸ
1616 4363 1735 4426 ἐνὸς
1761 4363 1947 4435 μέρους

2069 4362 2217 4417 rimit
2269 4359 2488 4413 illorum
2535 4367 2660 4409 esse
2716 4348 2917 4412 simile,
2961 4345 3057 4403 sed
3090 4344 3158 4398 ab
3193 4350 3424 4411 utraque
3469 4340 3652 4396 diver-

362 4431 849 4528 ἀφομοιωθήσεται
868 4431 1187 4528 τὸ-διεῖργον
1211 4455 1294 4508 ἐνὶ
1313 4455 1423 4511 τῶν
1437 4431 1543 4510 *δύο
1567 4455 1676 4509 τῶν
1692 4431 1947 4528 πρότεροι

2067 4466 2210 4508 sum.
2247 4448 2456 4503 Etenim
2486 4445 2534 4502 si
2560 4445 2630 4498 ab
2661 4455 2770 4497 una
2794 4445 2949 4509 parte
2990 4437 3044 4492 id
3069 4433 3215 4506 quod
3242 4440 3463 4504 separat
3487 4431 3650 4485 alteri

361 4523 689 4620 είρτγμένων
720 4547 936 4611 ἀϊδίων,
991 4523 1113 4602 ἀτέδ
1145 4548 1241 4602 τοῦ
1292 4523 1752 4619 ἀφομοιουμένου
1777 4523 1941 4602 ocis:

2067 4557 2133 4597 ex
2177 4538 2401 4595 aeternis
2441 4535 2550 4590 illis
2585 4531 2871 4604 principiis
2912 4527 3091 4584 simile
3133 4525 3318 4590 fuerit,
3359 4523 3429 4578 ab
3456 4537 3522 4578 eo
3555 4537 3654 4575 cu-

695 4640 783 4711 εῖη
827 4640 892 4694 τὺ
927 4641 1196 4713 διεῖργον,
1253 4610 1842 4712 ἀλλά-συναπτόμενον
1883 4640 1947 4712 et}

2060 4633 2156 4703 jus
2207 4627 2624 4686 similitudinem
2682 4623 2869 4686 habet,
2926 4634 3037 4674 non
3088 4617 3196 4674 erit
3243 4615 3504 4679 alienum,
3557 4610 3654 4668 sed

359 4706 812 4805 ἀφομοιουμένω,
843 4731 940 4786 καὶ
959 4706 1049 4786 διά
1078 4706 1175 4786 τοῦ
1203 4729 1552 4804 ἐξισουμένου
1585 4706 1784 4804 μέρους
1813 4706 1947 4784 ἔστα

2063 4737 2188 4778 cum
2220 4735 2288 4775 eo
2329 4717 2707 4786 coniunctum.
2747 4712 2961 4783 Quippe
2989 4725 3085 4781 per
3139 4709 3282 4763 hanc
3322 4706 3497 4776 ipsam
3537 4719 3656 4774 par-

362 4797 731 4897 ﬂ'cuvdcps‘ta,
763 4797 882 4880 ’καὶ
907 4825 1094 4879 οὐκέτι
1124 4797 1624 4897 τερματισθήσεται
1657 4797 1720 4876 ἐν
1753 4825 1821 4894 τῇ
1858 4822 1947 4875 τῶπ

2066 4823 2199 4875 tem,
2238 4825 2348 4881 qua
2387 4809 2457 4864 ad
2531 4805 2666 4862 illud
2703 4804 2938 4867 accedit,
2983 4801 3233 4872 quaedam
3283 4797 3646 4855 contrahetur

361 4891 465 4973 δύο
488 4891 708 4987 quidam
739 4919 837 4972 ἀπ’
872 4917 1122 4988 ἀλλήλων
1153 4891 1465 4972 διαστάσει.⁷
1515 4915 1579 4969 El
1601 4915 1660 4969 δὲ
1694 4891 1947 4969 καὶήνεστιε

2073 4906 2351 4970 alIinitas;
2395 4904 2541 4958 unde
2575 4902 2759 4957 nullus
2784 4900 2898 4970 jam
2933 4900 2990 4954 in
3031 4898 3317 4952 ambarum
3351 4891 3658 4952 contraria-

361 5007 494 5064 οὔτε
523 5010 710 5081 ὅμοιον
735 5009 847 5064 τῶν
869 5009 984 5072 δύο,
1024 5009 1149 5065 οὔτε
1179 5010 1407 5082 μέτοχον
1446 5008 1556 5063 ἀπὸ
1578 5009 1781 5081 μέρους
1810 5007 1969 5062 θατέ-

2053 2797 2218 2851 homo
2243 2793 2462 2865 ingenio
2500 2791 2756 2854 barbare,
2789 2799 2845 2846 et
2881 2789 3104 2844 humani
3148 2787 3363 2860 generis
3391 2786 3633 2840 inimice.

2073 5013 2196 5053 rum
2244 4996 2478 5052 invicem
2526 5003 2846 5050 naturarum
2894 4991 3134 5047 divortio
3173 4987 3443 5044 terminus
3490 4984 3657 5040 relin-

366 5119 490 5174 ρον,
543 5101 732 5157 οὐκέτι
757 5102 854 5156 δύο
904 5102 1022 5156 ἐστὶ
1049 5103 1122 5158 τὰ
1154 5103 1322 5167 ἀΐδια,
1357 5103 1454 5155 καὶ
1496 5101 1588 5156 ἀεὶ
1615 5100 1774 5156 ὄντα⁸
1833 5101 1970 5155 ἀλλὰ

362 5192 559 5245 λοιπον
590 5191 710 5245 ἐστι
741 5191 891 5264 τρία,
936 5194 1030 5247 κα)⁵
1060 5193 1248 5246 οὐκέτι
1289 5191 1386 5247 δύο
1412 5192 1599 5264 ἁρχαὶ,
1631 5191 1726 5246 καὶ
1751 5191 1847 5245 δύο
1872 5192 1969 5246 ἀλ·-

363 5283 558 5354 λήλοις
574 5283 796 5338 ἐναντία
813 5283 883 5337 τὰ
911 5282 1126 5354 πρῶτα,
1151 5283 1290 5339 ἀλλὰ
1311 5283 1494 5356 τρίτον
1519 5283 1670 5348 ἄλλο,
1692 5283 1788 5338 καὶ
1817 5285 1972 5336 ἐναν-

365 5385 488 5431 τιον
519 5375 635 5430 τῶν
666 5375 1014 5448 ἀμφοτέρων,
1053 5377 1152 5431 καὶ
1181 5376 1436 5448 ἀνόμοιον
1467 5379 1582 5440 τοῖς
1615 5374 1967 5448 ἀμφοτέροις,

366 5464 469 5521 καί
497 5467 740 5541 διεῖργον
765 5468 1041 5539 ἀναμέσον
1060 5470 1175 5524 τοῖν
1196 5469 1366 5534 δυοῖν,
1385 5469 1486 5541 καὶ
1513 5469 1588 5542 μὴ
1609 5469 1822 5542 θατέρῳ
1848 5469 1970 5520 ἐπι-

367 5558 672 5614 mtva
697 5559 786 5612 διά
804 5559 1202 5624 τὺῆλλόκπον,
1225 5561 1322 5614 καὶ
1339 5558 1464 5615 οὔτε
1483 5559 1813 5631 ἀμφοτέρων
1835 5558 1970 5628 λαμ-

367 5649 543 5706 6ἀνσν
581 5651 684 5721 τὴν
723 5651 1003 5722 ὁμοίωσιν.
1068 5651 1178 5706 Καὶ
1215 5653 1402 5706 λοιπὸν
1434 5652 1586 5706 ἔσται
1623 5651 1808 5706 οὐκέτι
1853 5648 1968 5715 δύο,

452 5831 466 5862 ¹
494 5829 626 5902 Leg.
669 5826 843 5884 αὑτοῦ
860 5829 976 5884 τοῦ.

2073 5097 2290 5161 quetnr.
2329 5089 2398 5142 At
2433 5087 2478 5141 si
2505 5101 2686 5158 neque
2727 5083 3017 5138 amborum
3057 5081 3236 5136 simile
3265 5086 3373 5146 est,
3409 5091 3512 5132 nec
3548 5076 3658 5130 ulla

2073 5181 2157 5236 sui
2187 5190 2342 5251 parte
2368 5195 2493 5235 cum
2523 5178 2699 5233 altero
2727 5175 3128 5236 communicat,
3164 5173 3361 5228 falsum
3390 5178 3477 5224 est
3498 5176 3658 5223 aeter-

2075 5289 2145 5328 na
2175 5289 2300 5328 esse
2347 5273 2488 5338 duo,
2540 5286 2662 5342 quae
2718 5283 2938 5340 semper
2977 5264 3316 5329 exstiterint,
3374 5276 3501 5315 cum
3551 5258 3657 5312 tria

2075 5377 2430 5436 consurgant.
2471 5363 2661 5435 Itaque
2686 5378 2863 5433 neque
2901 5361 3012 5415 duo
3034 5354 3144 5426 jam
3169 5361 3332 5411 erunt
3363 5351 3655 5422 principia,

2076 5475 2255 5529 neque
2291 5458 2404 5513 duo
2444 5458 2621 5530 prima
2669 5457 2902 5511 invicem
2944 5450 3256 5515 contraria;
3295 5447 3391 5504 sed
3436 5443 3656 5499 tertium

2075 5550 2352 5622 quoddam
2409 5551 2639 5614 orietur,
2691 5550 2913 5619 utrique
2969 5543 3332 5608 contrarium,
3377 5553 3446 5592 ac
3495 5533 3658 5591 dissi-

2079 5645 2226 5709 mile,
2273 5659 2384 5716 quo
2411 5643 2600 5700 eadem
2633 5641 2726 5696 illa
2767 5645 3134 5712 separantur:
3167 5631 3316 5706 quod
3357 5629 3491 5688 nihil
3526 5640 3658 5683 cum
