4076 6392
460 377 524 433 ιςι
1879 369 1934 424 S.
1969 367 2025 422 »Εξ

2133 367 2316 423 llANll
3652 370 3720 424 59.

463 493 727 558 alterutro
774 502 1065 545 commune
1111 494 1332 558 preptcr
1383 487 1756 542 diversitatem
1803 488 2025 551 habeat,

2141 487 2276 540 ἀλλά
2301 487 2427 558 τρία
2456 484 2646 539 ταῦτα.
2701 485 2908 550 Ἀλλως
2938 485 2995 539 δὲ
3030 486 3124 539 καὶ
3165 484 3532 555 ζητηθήσεται
3562 483 3719 547 ἄλλος

462 599 563 639 nec
592 582 874 636 amborum
914 580 1092 635 simile
1114 580 1206 634 sit.
1239 577 1316 632 lta
1357 593 1466 633 non
1496 579 1607 648 jam
1635 578 1766 645 duo,
1811 579 1926 643 sed,
1960 582 2040 634 uti

459 675 667 728 dictum
695 679 800 736 est,
835 671 938 726 tria
968 670 1309 726 numeranda
1339 677 1488 729 sunt.
1532 671 1627 726 sed
1657 679 1712 724 et
1736 671 1875 724 alius
1909 671 2034 740 qui-

459 767 606 822 dam.
630 761 725 834 qui
765 763 978 818 medius
1019 762 1366 824 interveniat,
1403 761 1729 830 quaerendus
1758 769 1880 827 est;
1923 763 2035 818 sive

459 866 710 924 quartus,
736 855 829 924 qui
871 853 1179 910 istiusmodi
1212 853 1503 908 terminum
1535 853 1810 907 immittat.
1851 853 2034 924 Neque

458 949 601 1002 enim
640 946 749 1000 duo
793 946 895 1002 soli
938 947 1234 1001 terminum
1274 946 1439 1004 hunc,
1491 960 1555 998 ac
1598 947 1760 999 velutl
1814 961 2030 1000 murum

457 1043 790 1096 constituere
815 1048 1066 1110 possunt,
1100 1040 1204 1095 nisi
1235 1041 1369 1094 alter
1395 1040 1614 1109 quidam
1652 1039 1835 1094 ﬁnitor
1873 1055 2022 1093 acce-

454 1134 568 1198 dat,
600 1135 692 1204 qui
733 1133 873 1187 inter
901 1133 996 1186 illa
1031 1133 1141 1186 duo
1170 1131 1448 1202 quidpiam
1483 1148 1592 1201 quo
1637 1141 1922 1201 separetur
1949 1132 2032 1186 in-

449 1224 626 1294 jieiat.
654 1225 986 1291 Quinetiam
1036 1233 1090 1278 et
1130 1224 1361 1278 scientia
1410 1224 1713 1278 instructus
1758 1222 1897 1278 idem
1944 1224 2034 1279 ille

455 1314 616 1366 debet
649 1329 793 1375 esse,
833 1321 889 1368 et
931 1311 1196 1382 prudens,
1243 1322 1297 1366 et
1340 1312 1598 1381 aequitate
1641 1312 1938 1382 praeditus,
1977 1322 2032 1368 et

453 1403 682 1459 illustris
704 1444 717 1465 ,
752 1411 813 1456 ut
849 1404 1043 1458 ambos
1079 1400 1202 1457 illos
1237 1403 1304 1456 ad
1343 1417 1530 1472 pacem
1568 1402 2031 1473 concordiamque

452 1504 690 1550 revocet.
739 1494 814 1548 Ex
854 1495 1054 1565 quibus
1097 1495 1346 1563 sequitur
1380 1510 1546 1547 unum
1582 1509 1703 1549 esse
1733 1493 2025 1561 finitorem,

452 1599 822 1656 separatorem
864 1590 1121 1652 alterum,
1153 1603 1218 1642 ac
1251 1571 1360 1642 duo
1401 1587 1633 1658 denique
1667 1589 1903 1642 termino
1932 1589 2027 1642 illo

2150 581 2178 630 ὀ
2203 578 2544 648 μεσιτεύσας,
2569 577 2663 630 καὶ
2687 576 2777 629 τόν
2797 577 2920 647 ὅρον
2940 577 3126 630 τοῦτον
3159 575 3410 646 ἐμϐαλὼν
3437 577 3714 644 τέταρτος.

2140 669 2214 722 Οὐ
2237 669 2344 739 γὰρ
2369 669 2631 738 ἠδύναντο
2650 669 2700 720 οἱ
2720 667 2811 721 δύο
2833 667 3088 722 ἐκθέσθαι
3106 668 3196 720 τὸν
3225 669 3349 737 ὅρον
3374 666 3407 737 ἦ
3431 666 3492 718 τὸ
3515 668 3714 734 τεῖχος,

2137 763 2184 813 εἰ
2211 763 2285 832 μὴ
2317 762 2500 831 ἕτερος
2544 760 2628 832 εἴη
2659 763 2687 814 ὁ
2721 761 2998 832 ὁροθέτης,
3033 762 3062 812 ὁ
3089 761 3149 812 τὸ
3177 759 3411 831 διεῖργον
3441 758 3716 826 ἀναμέσον

2135 855 2244 908 τῶν
2286 854 2608 926 ἀμφοτέρων
2654 852 2926 924 ἐμϐαλών.
2991 852 3152 904 Ἀλλά
3199 852 3294 904 καὶ
3333 851 3574 919 εἰδήμων
3615 847 3717 919 τὴν

2136 951 2477 1019 ἐπιστήμην,
2529 948 2621 1000 καὶ
2659 948 2878 1009 συνετὸς
2909 946 2999 1000 τὸν
3033 945 3278 1016 τρόπον,,
3316 942 3411 995 καὶ
3443 940 3713 1010 ἐπιεικὴς,

2136 1043 2229 1095 καὶ
2262 1041 2626 1112 ὲνδοξότερος’
2677 1041 2816 1094 ὥστε
2854 1040 3112 1094 δύνασθαι
3151 1041 3334 1090 πεῖσαι
3367 1035 3716 1106 ἀμφοτέρους

2134 1135 2217 1196 είς
2247 1133 2623 1204 συμϐιϐασμὸν
2652 1134 2894 1205 εἰρήνης.
2935 1133 3126 1184 Ἔσται
3155 1124 3250 1183 οὖν
3272 1124 3351 1192 εἷς
3369 1130 3399 1181 ὁ
3420 1125 3714 1197 ὁροθετῶν,

2134 1229 2228 1281 καὶ
2242 1227 2300 1280 ἓν
2321 1228 2381 1281 τὸ
2397 1227 2650 1301 διεῖργον,
2678 1227 2878 1281 καὶδύο
2899 1227 2970 1280 τὰ
2990 1225 3447 1297 τερματιζόμενα,
3464 1222 3560 1275 καὶ
3579 1220 3712 1274 οὐκ·

2134 1318 2212 1371 έτι
2248 1319 2342 1372 δύο
2389 1320 2556 1390 ἀρχαὶ
2585 1319 2766 1390 μόνον,
2803 1318 2939 1374 ἀλλά
2986 1318 3080 1371 καὶ
3111 1319 3278 1388 τρεῖς,
3308 1315 3404 1369 καὶ
3427 1313 3711 1382 τέσσαρες.

2134 1409 2242 1464 Kal.
2273 1411 2413 1463 κατά
2453 1411 2645 1464 τοῦτον
2683 1411 2777 1464 τὸν
2802 1411 3003 1482 τρόπον
3051 1409 3145 1463 ἐπὶ
3185 1407 3384 1470 πολλὰς
3411 1404 3586 1476 ἀρχὰς
3614 1401 3715 1473 τὴν

2131 1501 2368 1557 διάνοιαν
2389 1503 2611 1574 τρέπειν
2638 1503 2840 1568 ἔνεστι,
2862 1505 2957 1556 καὶ
2980 1503 3075 1573 ὲᾷν
3101 1500 3170 1554 τά
3197 1501 3347 1566 ὅντα,
3377 1498 3472 1553 καὶ
3504 1493 3715 1566 φαντά-

2133 1591 2320 1655 ζεσθαι
2346 1593 2414 1646 τά
2439 1595 2512 1665 μὴ
2541 1594 2688 1648 δντα.

450 1679 902 1749 circumscripta;
944 1695 1121 1748 neque
1179 1679 1287 1732 duo
1326 1679 1437 1750 jam
1506 1695 1648 1744 esse,
1698 1680 1794 1734 sed
1857 1682 1962 1734 tria
2000 1692 2342 1754 quatuorque
2376 1687 2660 1756 principia.
2716 1687 2834 1752 Qua
2875 1685 3088 1741 ratione
3135 1685 3291 1756 plura
3344 1684 3398 1738 in
3444 1679 3716 1754 principia

451 1773 852 1826 convertendus
880 1779 966 1826 est
998 1772 1234 1834 animus,
1268 1780 1321 1825 et
1354 1770 1438 1825 his
1477 1785 1597 1839 qua:
1624 1771 1800 1840 reipsa
1846 1784 1972 1827 sunt
2007 1776 2230 1841 relictis,
2293 1794 2414 1844 qua:
2478 1793 2586 1831 non
2642 1785 2770 1831 sunt
2800 1777 3129 1848 cogitatione
3157 1775 3426 1842 fingenda.

521 1860 637 1918 XV.
690 1863 844 1928 Quod
873 1871 1051 1918 autem
1086 1861 1329 1916 nefarius
1361 1863 1447 1916 ille
1481 1861 1696 1931 quierit:
1731 1871 1786 1916 ut
1821 1879 1887 1918 ne
1915 1863 2022 1918 Deo

2197 1869 2300 1921 IE'.
2348 1869 2435 1920 Ἐν
2460 1868 2516 1920 δὲ
2556 1868 2633 1938 τῷ
2667 1868 2848 1938 ζητεῖν
2876 1868 2968 1921 τὸν
3010 1868 3287 1939 ἀλιτήριον
3323 1867 3522 1920 κακίαν
3551 1865 3716 1937 δῆθεν

450 1958 714 2010 malitiam
746 1954 997 2025 allingat;
1023 1963 1107 2010 est
1141 1953 1194 2007 id
1225 1954 1466 2023 quidem,
1501 1953 2028 2020 fateor,absurdnm,

451 2047 598 2102 istud
623 2048 800 2118 ipsum
823 2047 1062 2102 tribuere
1083 2045 1212 2100 Deo.
1227 2044 1379 2101 Unde
1404 2046 1792 2102 ecclesiastica:
1814 2048 2018 2103 doctri-

453 2153 535 2192 na)
566 2139 736 2192 forma
764 2138 1064 2207 prolitetur,
1087 2136 1327 2190 divinum
1353 2135 1562 2190 Numen
1595 2137 1662 2190 ab
1692 2138 1838 2190 omni
1871 2139 2022 2206 peni-

449 2237 539 2282 tus
598 2229 864 2298 pravitate
917 2227 1152 2281 alienum
1196 2241 1260 2279 ac
1313 2234 1576 2279 remotum
1633 2241 1774 2282 esse.
1809 2225 2028 2280 Nullum

447 2319 592 2374 enim
623 2319 710 2372 ille
751 2319 950 2372 malum
985 2318 1131 2381 fecit,
1157 2317 1250 2372 sed
1279 2317 1462 2372 omnia
1487 2315 1643 2372 valde
1663 2317 1835 2371 bona'
1859 2339 1870 2372 ;
1905 2333 2027 2372 cum

447 2421 502 2467 et
535 2415 607 2468 sit
640 2420 837 2466 natura
866 2413 1064 2476 bonus,
1098 2427 1273 2482 neque
1314 2410 1700 2480 comprehendi
1737 2411 1882 2466 illius
1938 2427 2028 2466 es-

447 2505 627 2558 sentia
656 2504 847 2572 possit,
872 2511 926 2557 et
949 2503 1202 2558 universa
1223 2503 1520 2565 contineat,
1547 2516 1646 2556 nec
1677 2502 1746 2557 ab
1777 2503 1886 2556 ullo
1913 2503 2029 2572 ipse

448 2597 813 2650 contineatur.
839 2594 1106 2660 Quocirca
1138 2610 1313 2665 neque
1335 2593 1534 2647 malum
1564 2609 1778 2664 semper
1797 2594 2026 2658 exstitit,

449 2701 626 2756 neque
648 2701 678 2738 a
701 2682 814 2739 Deo
843 2684 1164 2754 productum
1191 2691 1293 2739 est.
1310 2683 1496 2754 Itaque
1522 2699 1646 2740 cum
1668 2700 1843 2754 neque
1865 2685 2026 2756 632

448 2778 650 2830 malum
683 2777 776 2838 sit,
796 2791 973 2846 neque
1001 2789 1216 2845 semper
1242 2774 1424 2841 fuerit,
1459 2791 1560 2830 nec
1583 2791 1615 2828 a
1635 2775 1745 2831 Deo
1772 2790 2028 2846 procrea-

448 2877 599 2933 tum;
633 2876 882 2937 superest
914 2867 1045 2922 illud
1074 2875 1134 2921 ut
1159 2882 1488 2937 quaeramus,
1512 2867 1656 2938 quod
1687 2882 1900 2938 semper
1929 2867 2029 2921 mi-

448 2961 596 3016 nime
628 2960 811 3028 fuerit,
842 2969 897 3016 et
919 2959 1134 3014 initium
1165 2959 1382 3030 aliquod
1406 2960 1675 3028 habuerit,
1693 2967 1747 3016 et
1781 2961 2028 3030 aliquan-

447 3055 519 3108 do
547 3053 760 3110 deainat
784 3068 848 3108 ac
880 3062 1084 3124 pereat,
1109 3068 1288 3124 neque
1309 3064 1571 3123 perpetuo
1603 3059 1837 3118 maneat,
1858 3052 2028 3106 unde-

447 3159 572 3198 nam
591 3145 854 3214 originem
871 3145 1158 3215 acceperit.
1175 3144 1278 3200 Sed
1295 3159 1418 3199 cum
1440 3144 1572 3199 illud
1591 3144 2020 3215 inquisierimus,

2134 1957 2208 2028 μὴ
2230 1957 2679 2030 προσμίξαιΘεῷο
2708 1960 2800 2012 καὶ
2820 1959 2927 2029 γὰρ
2942 1960 3036 2012 καὶ
3057 1959 3254 2013 ἄτοπόν
3277 1958 3524 2029 ἐστιΘεῷ
3542 1975 3714 2029 προσ-

2129 2048 2282 2117 ἅψαι.
2320 2049 2676 2118 Ὧμολόγηται
2706 2051 2814 2120 γὰρ
2850 2053 2907 2103 ὲν
2937 2049 3014 2120 τῷ
3039 2049 3348 2121 χαρακτῆρι
3377 2051 3477 2121 τῆς
3504 2049 3710 2121 ἐκκλη-

2130 2142 2413 2212 σιαστικῆς
2437 2141 2784 2206 διδασκαλίας
2815 2141 3094 2214 ἀλλότριον
3118 2143 3436 2196 παντάπασι
3461 2143 3523 2195 τὸ
3551 2141 3708 2198 Θεῖον

2127 2232 2221 2284 καὶ
2254 2233 2450 2303 ἀμιγὲς
2480 2233 2678 2297 κακίας
2707 2234 2996 2306 ὑπάρχειν.
3046 2234 3176 2298 Θεὸς
3205 2235 3312 2305 γὰρ
3347 2235 3502 2287 οὐδὲν
3537 2232 3710 2288 κακὸν

2127 2325 2400 2395 ἐποίησεν,
2430 2325 2566 2379 ἀλλά
2591 2327 2767 2380 πάντα
2794 2325 2935 2379 καλά
2963 2326 3104 2390 λίαν,
3133 2326 3339 2395 ἀγαθὸς
3370 2325 3444 2379 ὢν
3471 2326 3572 2398 τὴν
3600 2325 3708 2395 cpti-

2129 2435 2234 2484 σιν,
2265 2419 2648 2490 ἀκατάληπτος
2671 2418 2769 2490 τὴν
2789 2418 2998 2482 οὐσίαν,
3024 2418 3200 2473 πάντα
3228 2418 3520 2488 περιέχων,
3545 2417 3707 2481 αὐτὸς

2125 2513 2182 2565 δὲ
2215 2514 2305 2565 ὑπ’
2344 2513 2557 2576 οὐδενὸς
2609 2493 3015 2583 περιεχόμενος.
3066 2509 3203 2564 Οὔτε
3237 2510 3418 2563 τοίνυν
3444 2510 3505 2564 τὸ
3538 2509 3705 2563 κακὸν

2125 2599 2193 2673 ἦν
2220 2603 2326 2666 ἀεὶ,
2349 2601 2472 2656 οὕτε
2503 2605 2567 2656 ὲκ
2589 2602 2723 2656 Θεοῦ
2751 2603 2812 2656 τὸ
2840 2602 3010 2656 κακὸν
3043 2601 3360 2671 γεγένηται.
3420 2603 3576 2673 Μήτε
3609 2597 3705 2655 οὖν

2125 2695 2276 2757 ὄντος
2313 2694 2408 2748 τοῦ
2443 2693 2637 2755 κακοῦ,
2675 2695 2811 2766 μήτε
2845 2694 2996 2758 δντος
3022 2695 3130 2756 ἀεὶ,
3165 2694 3301 2763 μήτε
3340 2695 3405 2746 ὲκ
3436 2691 3572 2746 Θεοῦ
3607 2709 3701 2762 γε·

2127 2784 2457 2855 γενημένου,
2508 2783 2692 2837 λοιπὸν
2722 2783 2905 2850 ζητεῖν
2945 2784 3062 2837 ἔστι
3095 2786 3244 2836 ποῖον
3285 2785 3486 2856 τρόπον
3527 2783 3588 2836 τὸ
3629 2783 3705 2856 μὴ

2127 2874 2184 2927 ὃν
2208 2875 2315 2940 ἀεὶ,
2343 2875 2516 2946 ἀρχὴν
2535 2875 2590 2928 δὲ
2609 2875 2840 2946 ὲσχηκὺς
2857 2875 2951 2929 τοῦ
2973 2870 3134 2942 εἷναι,
3150 2876 3316 2945 λῆγον
3342 2875 3398 2928 δὲ
3418 2876 3512 2928 καὶ
3533 2874 3701 2928 ἀπολ-

2127 2967 2374 3038 λύμενον,
2404 2967 2498 3022 καλ⁵
2520 2967 2597 3030 είς
2622 2966 2772 3030 τέλος
2801 2967 2875 3038 μὴ
2899 2967 3232 3039 παραμένον,
3258 2965 3421 3018 πόθεν
3450 2966 3576 3036 ἔσχε
3603 2966 3702 3036 τὴν

2128 3059 2323 3131 ἀρχήν.
2381 3059 2492 3112 Καὶ
2519 3059 2646 3112 ὃταν
2678 3057 2836 3112 τοῦτο
2866 3057 3212 3130 ζητήσωμεν,
3243 3057 3458 3129 πρῶτον
3487 3057 3702 3129 διανοη-

2127 3151 2246 3206 τέον
2275 3151 2444 3216 ἐστὶν,
2471 3149 2655 3204 ὁποῖόν
2681 3151 2796 3202 ὲστι
2817 3149 2878 3202 τὸ
2907 3150 3095 3217 κακὸν,
3125 3149 3220 3202 καὶ
3245 3150 3302 3202 έν
3325 3147 3462 3218 ποίῳ
3491 3148 3702 3216 γίνεται

447 3237 580 3293 illud
610 3238 662 3291 in
696 3238 886 3308 primis
918 3237 1260 3310 cogitandum
1293 3245 1398 3298 est.
1433 3237 1744 3310 cuiusmodi
1765 3237 1856 3302 sit,
1881 3244 1932 3293 et
1965 3237 2023 3292 in

2128 3243 2184 3297 τὸ
2215 3242 2402 3308 κακὸν,
2432 3244 2526 3298 καὶ
2557 3242 2606 3294 εί
2638 3240 2754 3294 ἔστι
2784 3241 3229 3312 ὲμπερίγραπτόν
3255 3239 3380 3310 τι,ἢ
3417 3239 3598 3310 σῶμα,
3627 3239 3703 3303 ὼς

449 3345 558 3398 quo
595 3331 666 3384 sit
699 3331 920 3383 malum.
958 3328 1158 3384 Deinde
1191 3329 1335 3383 sitne
1371 3328 1574 3398 aliquid
1601 3326 1745 3397 quod
1787 3327 2026 3381 circum-

449 3423 612 3478 scribi
644 3423 836 3491 possit,
874 3429 1004 3491 puta
1037 3437 1258 3490 corpus,
1289 3428 1342 3474 et
1373 3430 1553 3474 utrum
1588 3419 1892 3474 substantia
1928 3418 2029 3472 ali—

446 3528 553 3583 qua
583 3520 820 3577 constet,
839 3520 931 3565 aut
954 3512 1063 3564 ulla
1093 3510 1275 3564 radice
1299 3510 1560 3564 nitantur.
1581 3508 1713 3574 Quae
1733 3523 1856 3564 cum
1883 3507 2025 3578 apud

446 3621 550 3661 nos
579 3603 1047 3676 perpenderimus,
1081 3603 1287 3656 nullam
1318 3603 1500 3656 inesse
1533 3601 1679 3655 malo
1710 3600 2018 3656 subsisten-

447 3700 601 3759 tiam,
647 3710 748 3750 nec
781 3696 1019 3750 radicem
1055 3696 1218 3748 ullam
1269 3694 1471 3749 habere
1520 3696 1876 3765 reperiemus,
1926 3694 2021 3750 sed

447 3789 502 3842 iu
537 3788 671 3843 solis
702 3785 863 3842 factis
908 3788 1233 3848 consistere,
1264 3794 1318 3840 et
1347 3787 1640 3840 humanam
1678 3786 2018 3842 eﬂicientiam

445 3884 501 3935 in
527 3879 734 3950 agendo
772 3881 1048 3948 perlicere.
1095 3877 1306 3932 Etenim
1345 3884 1620 3948 quatenus
1669 3877 1872 3946 aliquid
1933 3875 2018 3928 fa-

444 3974 679 4030 ciamus.
711 3973 852 4026 inest
884 3971 939 4024 in
989 3985 1054 4023 eo
1105 3969 1340 4035 malum;
1390 3984 1515 4023 cum
1559 3983 1688 4023 vero
1734 3968 1871 4022 nihil
1905 3968 2020 4038 agi-

445 4079 589 4123 mus.
621 4078 892 4133 nusquam
921 4072 1024 4118 est.
1059 4062 1113 4115 In
1149 4077 1258 4132 quo
1289 4062 1421 4116 illud
1447 4061 1809 4130 intelligentia
1837 4069 2025 4115 nostra

444 4155 880 4226 comprehendit,
912 4153 1044 4224 quid
1089 4154 1162 4207 sit
1195 4153 1321 4206 mali
1369 4153 1576 4222 aliquid
1610 4154 1839 4214 ellicerc,
1879 4152 2024 4221 quod

444 4251 557 4306 Deo
591 4251 900 4321 displiceat,
939 4250 1087 4321 quod
1130 4251 1179 4304 ei
1216 4259 1392 4304 tamen
1436 4249 1699 4320 refragari
1747 4265 1813 4304 ac
1861 4267 2026 4320 repu-

444 4359 610 4412 gnare
642 4358 750 4396 non
781 4351 977 4413 potest.
1005 4341 1283 4410 Quidquid
1316 4341 1460 4396 enim
1494 4341 1560 4394 ab
1590 4342 1900 4396 hominibus
1929 4357 2026 4395 ex-

445 4433 551 4486 cidi
578 4433 960 4503 exstinguique
991 4439 1206 4502 potest,
1232 4430 1404 4486 multo
1426 4430 1607 4486 minus
1632 4432 1888 4485 resistere
1919 4430 2022 4485 Deo

446 4527 667 4596 poterit.

2129 3337 2325 3397 εἰπεῖν,
2355 3335 2387 3404 ἢ
2414 3334 2708 3388 ὑπόστασιν
2739 3332 2922 3404 ἔχει,ἣ
2953 3332 3046 3385 καὶ
3079 3331 3231 3403 ῥίζαν
3257 3331 3480 3384 δύναται
3509 3329 3706 3402 κεκτῆ-

2131 3425 2273 3478 σθαι.
2336 3425 2447 3480 Kal.
2485 3425 2609 3478 ὅταν
2652 3423 2828 3478 ταῦτα
2873 3425 2930 3476 ὲν
2974 3425 3185 3486 ἑαυτοῖς
3223 3423 3702 3494 διασκοπήσωμεν,

2127 3518 2491 3571 ἀνυπόστατον
2539 3517 2893 3589 εὑρεθήσεται
2937 3516 2998 3568 τὸ
3043 3515 3232 3578 κακὸν,
3289 3516 3384 3568 καὶ
3435 3514 3704 3586 μηδεμίαν

2130 3609 2284 3681 ῥίζαν
2313 3609 2454 3679 ἕχον,
2492 3609 2627 3663 ἀλλά
2658 3609 2762 3672 ἕως
2804 3609 2981 3680 ἔργων
3016 3609 3175 3678 μόνον
3226 3608 3343 3660 ἐστὶ
3389 3608 3704 3678 πρακτικῆς

2127 3699 2470 3771 ἀνθρωπίνης
2519 3699 2798 3771 ἐνεργείας
2838 3697 3271 3752 ἀποτελεστικὸν.
3340 3697 3428 3749 Ἐν
3475 3695 3555 3766 τῷ
3593 3698 3704 3768 γὰρ

2127 3795 2300 3845 ποιεῖν
2327 3793 2472 3863 ἡμᾶς
2505 3791 2567 3844 τὸ
2605 3792 2774 3845 κακόν
2806 3791 2953 3844 ἐστιν
2974 3807 2988 3820 ·
3025 3792 3083 3842 ἐν
3113 3790 3170 3843 δὲ
3187 3788 3266 3859 τῷ
3299 3789 3374 3860 μὴ
3411 3791 3585 3843 ποιεῖν
3605 3789 3704 3859 οὐχ

2127 3884 2378 3954 ὑπάρχει,
2416 3885 2513 3954 τῆς
2537 3883 2746 3948 ὲννοίας
2787 3881 3214 3954 ὲφευρισκούσης
3251 3881 3310 3934 τὸ
3345 3881 3397 3934 τί
3425 3882 3555 3934 ποτέ
3586 3885 3704 3935 ὲστι

2125 3979 2186 4031 τὸ
2205 3978 2437 4048 πονηρὸν
2463 3976 2796 4050 ἐργάσασθαι
2811 3977 2910 4030 οὐκ
2926 3976 3158 4048 ἀρέσκον
3179 3975 3317 4044 Θεῷ,
3342 3975 3435 4028 καὶ
3457 3974 3584 4028 οὔτε
3608 3975 3704 4032 δυ·

2124 4070 2352 4140 νάμενον
2380 4070 2680 4138 ἀντιλέγειν
2717 4067 2858 4140 Θεῷ,
2899 4069 3020 4122 οὐδὲ
3046 4067 3444 4138 ἀντιμάχεσθαι
3475 4069 3612 4142 πρὸς
3640 4069 3704 4122 τὺ

2125 4162 2298 4216 Θεῖον.
2337 4163 2453 4216 Πᾶν
2486 4160 2594 4232 γὰρ
2624 4162 2684 4214 τὸ
2715 4161 2821 4215 ὑπὸ
2858 4160 3158 4232 ἀνθρώπων
3198 4161 3495 4232 δυνάμενον
3543 4163 3704 4215 έκκὸ-

2127 4252 2353 4305 πτεσθαι
2388 4252 2482 4305 καὶ
2528 4252 2904 4323 ἀναιρεῖσθαι,
2952 4249 3131 4321 πολλῷ
3164 4249 3364 4325 μᾶλλον
3403 4251 3540 4323 πρὸς
3569 4251 3703 4306 Θεὸν

2125 4341 2370 4412 ἀντέχειν
2399 4342 2675 4397 ἀδύνατον.

516 4619 657 4673 XVI.
699 4619 774 4672 De
806 4618 1022 4674 diabolo
1048 4633 1264 4688 quoque
1290 4618 1369 4673 sic
1417 4615 1726 4671 habendum
1755 4624 1860 4678 est,
1897 4629 2020 4676 eum

2197 4613 2315 4680 ΚΓ.
2338 4614 2489 4684 Ἅμα
2513 4612 2570 4666 δὲ
2605 4613 2699 4667 καὶ
2726 4613 2854 4685 περὶ
2877 4612 3124 4666 διαϐόλου
3149 4613 3322 4677 οὕτως
3353 4615 3698 4686 διαληπτέον,

446 4711 671 4765 minime
699 4711 769 4764 ab
797 4710 1008 4780 origine
1036 4709 1152 4779 ipsa
1192 4718 1510 4779 naturznque
1554 4708 1868 4763 conditione
1900 4722 2019 4761 ma-
2045 4737 2051 4744 ι

448 4806 558 4856 lum
599 4801 898 4864 exstitisse,
937 4801 1030 4856 sed
1075 4801 1351 4869 aliquanto
1390 4809 1580 4870 postea
1633 4807 1875 4868 tempore
1905 4813 2020 4851 ma-

449 4897 559 4948 lum
605 4894 750 4964 quod
811 4892 1012 4947 faceret
1061 4893 1442 4962 excogitasse:
1476 4892 1552 4946 ita
1594 4899 1775 4944 tamen
1814 4899 1874 4943 ut
1924 4905 2022 4942 cu-

445 4985 686 5056 iusmodi
717 4985 934 5040 futurus
965 4993 1132 5048 esset,
1183 4999 1526 5054 nequaquam
1563 4982 1791 5046 lateret;
1827 4995 2018 5035 verum

447 5075 904 5148 quemadmodum
934 5083 1129 5132 caetera
1155 5077 1291 5132 bene
1318 5083 1480 5145 atque
1507 5074 1712 5129 utiliter
1739 5087 1862 5128 esse
1886 5087 2011 5126 con-

448 5172 562 5225 dita
601 5186 712 5241 prae
747 5170 1033 5224 excellenti
1061 5168 1153 5224 Dei
1194 5169 1428 5238 justitia,
1459 5167 1550 5239 qui
1603 5180 1700 5236 pro
1757 5165 2020 5234 singulari

449 5277 547 5315 sua
581 5263 820 5316 bonitate
847 5261 1236 5316 exsisterevult
1260 5259 1462 5322 omnia,
1497 5259 1746 5326 bonaque
1775 5271 1875 5310 sua
1899 5271 2018 5310 om—

448 5353 612 5407 nibus
645 5353 701 5406 in
739 5366 1025 5406 commune
1064 5351 1337 5422 proponit.
1397 5349 1476 5403 Ac
1523 5348 1879 5404 nihilominus
1937 5355 2020 5402 ta-

446 5457 572 5495 men
613 5457 711 5512 pro
739 5456 804 5496 eo
841 5456 904 5496 ac
951 5441 1187 5496 libertati
1224 5441 1495 5510 cujusque
1537 5453 1862 5493 concessum
1895 5444 2016 5502 est,

447 5532 698 5602 privatim
725 5531 776 5584 id
813 5532 1112 5602 permittit,
1145 5546 1258 5585 suae
1293 5537 1353 5584 ut
1388 5529 1654 5584 voluntati
1684 5529 2014 5598 obsequens,

446 5623 712 5695 quidquid
741 5624 956 5680 libitum
992 5624 1098 5678 erit
1143 5623 1358 5678 elliciat.
1400 5621 1471 5677 Ut
1508 5630 1565 5678 et.
1605 5623 1718 5693 ipse
1761 5621 1828 5677 ab
1870 5621 2018 5678 omni

530 5782 705 5841 ‘Gcn.
747 5800 784 5850 r,
815 5784 902 5839 3|.
979 5786 998 5816 ¹
1038 5782 1098 5838 F.
1131 5781 1483 5865 πρρθέμενον.

2121 4707 2222 4759 οὐκ
2260 4705 2368 4758 ἀπὸ
2395 4703 2625 4768 κτίσεως
2663 4703 2906 4772 φυσικῶς
2951 4704 3121 4758 κακοῦ
3165 4706 3506 4775 ὲκτισμένου,
3565 4708 3702 4763 ἁλλά

2122 4795 2299 4866 ἐαυτῷ
2331 4796 2469 4866 μετὰ
2517 4795 2706 4866 χρόνον
2744 4798 2917 4848 ποιεῖν
2965 4797 3131 4849 κακὸν
3172 4798 3570 4869 ὲφευραμένου,
3603 4802 3705 4855 οὐκ

2122 4888 2488 4958 ἀγνοουμένου
2548 4887 2603 4940 δὲ
2647 4889 2828 4950 ὁποῖος
2866 4887 3089 4957 ἔμελλεν
3122 4888 3364 4955 ἔσεσθαι,
3397 4890 3534 4944 ἀλλά
3586 4909 3705 4945 κτι-

2123 4979 2339 5042 σθέντος
2372 4979 2470 5050 μὲν
2498 4979 2613 5050 ἅμα
2652 4980 2786 5032 πᾶσι
2821 4978 3002 5044 καλῶς
3020 4979 3107 5032 διὰ
3137 4980 3234 5051 τὴν
3274 4981 3581 5053 ὑπερϐολὴν
3604 4984 3704 5053 τῆς

2120 5069 2467 5141 δικαιοσύνης
2501 5071 2917 5142 χρησιμώτατα,
2948 5070 3027 5140 τῷ
3070 5071 3164 5123 τὸν
3199 5070 3331 5124 Θεὸν
3363 5072 3431 5125 δι’
3463 5073 3702 5142 ὑπερϐο-

2121 5163 2218 5235 λὴν
2244 5163 2577 5235 ἀγαθότητος
2625 5161 2833 5226 πάντας
2867 5163 2960 5216 καὶ⁹
2998 5162 3177 5216 πάντα
3209 5163 3514 5234 θελήσαντα
3537 5162 3702 5232 εἶναι,

2121 5256 2215 5308 καὶ
2245 5256 2313 5308 τὰ
2343 5254 2508 5308 αὑτοῦ
2528 5253 2708 5323 ἀγαθά
2740 5255 2873 5306 πᾶσι
2899 5253 3236 5325 προθεμένου
3257 5256 3300 5319 ⁸,
3327 5255 3469 5308 κατά
3493 5256 3706 5326 συγχώ-

2123 5362 2280 5416 ρησιν
2335 5345 2391 5398 δὲ
2441 5343 2918 5413 αὑτεξουσιότητος
2965 5348 3269 5415 συγχωρεῖν
3328 5349 3441 5408 τοῖς
3499 5346 3705 5400 ἅπασιν

2124 5436 2230 5508 ίδίᾳ
2251 5436 2502 5509 βουλήσει
2524 5435 2778 5508 χρῆσθαι,
2797 5430 2841 5506 ᾧ
2861 5435 3143 5508 θελήσειαν
3161 5438 3553 5509 ἐπιχειρήματι
3571 5439 3706 5492 ἓκα-

2122 5545 2244 5592 στος
2263 5544 2278 5559 ο
2305 5529 2391 5581 ἵνα
2411 5528 2573 5591 αὐτὸς
2596 5527 2693 5599 μὲν
2722 5527 2961 5591 ἀναίτιος
2982 5527 3089 5580 τῶν
3113 5528 3331 5597 φαύλων
3355 5531 3464 5600 εῖη,
3489 5530 3707 5600 διάκρι-

2129 5636 2214 5683 σις
2241 5619 2296 5674 δὲ
2327 5620 2479 5675 ἔσται
2517 5619 2625 5676 τῶν
2655 5622 2734 5685 είς
2763 5621 2963 5694 ἀρετὴν
2999 5622 3441 5693 προκοπτόντων,
3472 5623 3569 5678 καί⁵
3596 5623 3710 5679 πά·-
