4076 6392
360 297 437 353 εδ
1028 291 1402 352 ADVERSUS
1441 293 1784 352 HERESES
1814 294 1944 353 LIB.
1987 298 2058 355 II.
2099 296 2261 355 TOM.
2297 296 2364 353 ll.
2401 328 2471 338 —
2511 297 2786 356 HASRES.
2825 298 3009 358 LXVI.
3571 305 3640 361 ει

361 421 453 465 λιν
470 412 573 482 τῆς
598 410 765 466 αὑτοῦ
799 411 1212 485 φιλανθρωπίας
1246 415 1340 469 καὶ
1369 414 1703 487 ἀγαθότητος
1732 417 1800 471 τά
1824 416 1960 490 βρα-

2073 419 2331 471 malorum
2368 420 2526 490 culpa
2569 422 2639 476 sit
2682 422 2965 483 immunis,
2998 422 3071 488 {et
3106 434 3294 474 eorum
3326 421 3417 489 qui
3446 422 3500 476 in
3526 424 3642 477 vir-

363 504 491 556 εεῖα
523 502 1009 575 εἰσκομιζομένων.
1068 506 1127 557 '0
1159 506 1217 560 δὲ
1252 507 1527 579 μανιώδης
1561 501 1715 573 οὗτος
1746 509 1958 579 Μάνης,

368 580 697 668 βουλόμενος
720 595 920 661 κακίας
948 596 1267 667 ὑπεξαίρειν
1296 598 1387 653 τὸν
1410 599 1563 664 Θεὸν,
1593 601 1792 672 μᾶλλον
1813 600 1962 673 αὐτῷ

364 684 574 739 κακίαν
600 686 738 756 πρὸς
768 684 882 739 ἴσον
913 686 1391 758 ἀντικατέστησεν.
1439 688 1604 759 Ὁμοῦ
1630 690 1689 743 δὲ
1720 689 1961 754 κακίζων

363 775 470 847 τὴν
514 778 697 831 πᾶσαν
739 777 920 830 κτίσιν
953 777 1055 831 οὑκ
1097 777 1432 849 αἰσχύνεται,
1472 780 1537 833 ἐκ
1581 780 1691 833 τῶν
1723 782 1781 834 ἐν
1829 782 1961 852 ⁴ἡμῖν

367 866 711 937 σφαλμάτων
738 869 1078 940 γιγνομένων
1093 869 1193 934 τάς
1211 871 1515 942 προφάσεις
1540 872 1959 945 ἀπεμπολήσας,

368 958 469 1010 καὶ
518 958 601 1022 είς
651 958 754 1028 τὴν
795 959 978 1012 πᾶσαν
1016 959 1379 1031 δημιουργίαν
1423 960 1574 1033 (τῶν)
1608 963 1914 1036 ἰσορρόπων
1940 966 1956 996 ¹

371 1051 714 1123 συνυφήνας,
746 1051 1065 1124 ὑπέρμαχος
1095 1051 1297 1124 μᾶλλον
1320 1054 1616 1126 γεγένηται
1657 1056 1753 1110 καὶ
1793 1057 1963 1130 ὑπερ-

367 1143 670 1216 ασπιστὴς,
717 1139 787 1216 ἧς
830 1144 1029 1214 φάσκει
1064 1145 1430 1218 ἀπαγορεύειν
1462 1147 1682 1214 κακίας,
1715 1148 1811 1203 καὶ
1841 1149 1963 1202 ἀντὶ

367 1232 469 1286 τοῦ
494 1233 633 1305 πρὸς
652 1233 824 1305 αὐτὴν
843 1234 1035 1305 μίσους
1055 1234 1237 1304 φιλίαν
1258 1236 1383 1291 τινὰ
1404 1237 1499 1291 καὶ
1517 1236 1804 1292 κοινωνίαν
1824 1238 1963 1310 πρὸς

368 1325 547 1396 αὐτὴν
571 1324 976 1396 ἀσπαζόμενος,
997 1326 1159 1380 ὁπότε
1187 1327 1447 1381 σύστασιν
1472 1329 1611 1401 αὐτῇ
1638 1328 1841 1397 δίδωσι,
1868 1331 1963 1384 καὶ

369 1414 726 1480 ἀῖδιάζουσαν
742 1416 912 1489 αὐτὴν
932 1418 1316 1486 καταγγέλλει,
1337 1420 1433 1473 σὺν
1453 1418 1573 1490 θεῷ
1592 1419 1647 1473 δὲ
1664 1419 1750 1473 ἀεὶ
1773 1415 1960 1485 οὖσαν,

370 1508 469 1562 καὶ
502 1509 774 1580 μηδέποτε
811 1510 1085 1581 λήγουσαν
1111 1509 1208 1563 τοῦ
1229 1505 1389 1564 εἶναι.
1453 1511 1707 1582 Ὀνόμασι
1736 1511 1794 1565 δέ
1821 1529 1962 1566 τισιν

368 1602 547 1673 αὐτὴν
576 1602 869 1656 ἀποκαλῶν
889 1603 977 1656 διὰ
1009 1602 1199 1658 πασῶν
1215 1602 1324 1656 τῶν
1352 1603 1681 1672 ὑποθέσεων,
1714 1606 1963 1661 ἐκπεσὼν

368 1693 474 1762 τῆς
512 1691 774 1763 ἀληθείας
818 1691 1227 1764 φωραθήσεται,
1268 1692 1366 1764 τῆς
1414 1695 1596 1765 πάσης
1636 1694 1865 1759 κτίσεως
1898 1697 1964 1750 ἐκ

2069 518 2182 564 tute
2210 512 2658 580 progrediuntur,
2698 525 2859 584 atque
2902 514 2972 569 ab
3001 512 3334 568 humanitate
3366 513 3639 570 bonitate-

2063 618 2169 673 que
2204 618 2303 659 sua
2355 605 2577 674 praemia
2623 606 2888 671 referunt,
2936 605 3231 661 discrimen
3270 605 3489 675 aliquod
3524 615 3639 663 sta-

2063 699 2268 749 tuatur.
2301 694 2370 746 At
2394 695 2620 749 insanus
2660 695 2751 751 ille
2779 695 2984 758 Manes,
3020 693 3151 748 dum
3181 693 3250 748 ab
3286 695 3435 775 omni
3482 693 3643 748 mali-

2065 784 2152 839 liae
2182 784 2302 840 labe
2329 783 2497 841 Deum
2526 787 2765 842 eximere
2804 787 3009 855 studet,
3049 801 3161 842 non
3209 785 3371 841 modo
3408 785 3461 842 id
3492 786 3638 857 quod

2064 876 2178 928 vult
2207 890 2315 931 non
2360 876 2693 947 assequitur,
2727 878 2821 933 sed
2857 877 2965 932 alia
3000 877 3214 932 ratione
3247 877 3512 947 aequalem
3544 891 3643 948 po-
3714 867 3721 873 ’

2062 967 2172 1021 tius
2206 966 2352 1021 illam
2394 967 2661 1038 rependit.
2698 968 2842 1035 Quin
2864 969 3026 1024 etiam
3050 968 3304 1024 conditas
3337 983 3368 1022 a
3411 967 3521 1023 Deo
3554 984 3643 1024 res

2068 1072 2259 1115 omnes
2285 1058 2405 1115 sine
2454 1059 2566 1114 ullo
2615 1060 2823 1129 pudore
2859 1062 3127 1131 vituperat
3160 1080 3173 1115 :
3225 1060 3386 1130 cujus
3422 1060 3642 1130 quidem

2067 1152 2147 1208 sic
2180 1166 2255 1205 ex.
2277 1150 2345 1207 iis
2381 1150 2594 1209 delictis
2632 1168 2754 1223 quae
2783 1152 2838 1206 in
2877 1154 3038 1207 nobis
3069 1160 3372 1207 cernuntur
3405 1152 3646 1208 occasio-

2066 1259 2188 1299 nem
2231 1242 2443 1312 arripit,
2479 1252 2540 1297 ut
2574 1244 2629 1297 in
2670 1252 2863 1299 caetera
2892 1243 3335 1314 ornnia-opilicia
3381 1243 3642 1313 probrum

2065 1335 2195 1389 illud
2221 1349 2285 1389 ex
2316 1348 2472 1404 aequo
2497 1334 2725 1389 derivet.
2772 1332 2831 1389 In
2877 1348 2986 1404 quo
3017 1334 3237 1388 malitiae
3279 1334 3447 1397 illius,
3477 1348 3642 1406 quam

2064 1426 2278 1482 excludi
2312 1441 2342 1480 a
2373 1441 2433 1481 se
2464 1426 2723 1496 praedicat
2746 1434 3119 1496 propugnator-
3146 1426 3327 1496 potius
3357 1440 3425 1480 ac
3449 1423 3644 1480 defen-

2065 1533 2158 1575 sor
2190 1526 2442 1589 apparet;
2490 1527 2815 1588 tantumque
2854 1518 3033 1580 abest,
3067 1525 3125 1572 ut
3170 1517 3321 1571 illam
3350 1516 3551 1581 oderit,
3586 1523 3647 1571 ut

2066 1610 2358 1664 amicitiam
2387 1622 2608 1680 quoque
2650 1623 2780 1663 cum
2816 1623 2879 1664 ea
2905 1607 3069 1679 633
3097 1607 3646 1677 communionemque

2067 1701 2348 1772 suscipiat.
2378 1698 2602 1754 Namet
2638 1699 3121 1755 substantiamille
3154 1696 3365 1762 tribuit,
3406 1704 3465 1753 et
3484 1705 3646 1752 aeter-

368 1781 511 1837 Θεοῦ
557 1783 742 1848 καλῶς
782 1783 1131 1856 ἐκτισμένης,
1181 1783 1243 1850 ἐξ
1283 1777 1357 1839 ὧν
1403 1784 1563 1849 αὐτὸς
1605 1786 1962 1859 παρατίθεται

2073 1808 2192 1847 nam
2223 1807 2347 1848 esse
2392 1791 2656 1857 det'endit,
2697 1806 2762 1847 ac
2789 1806 2914 1847 cum
2964 1790 3074 1845 Deo
3106 1805 3321 1862 semper
3366 1804 3511 1854 esse,
3543 1802 3648 1844 nec

372 1875 721 1945 μαρτυριῶν.

2070 1900 2310 1955 unquam
2363 1883 2615 1939 desinere
2654 1883 2960 1954 proﬁtetur.
3004 1882 3175 1938 Porro
3220 1898 3346 1937 cum
3390 1881 3447 1938 in
3495 1879 3645 1936 omni

368 1969 752 2039 disputatione
779 1969 947 2025 variis
988 1970 1134 2025 illam
1177 1968 1495 2024 nominibus
1538 1970 1793 2040 appellet,
1865 1987 1896 2027 a
1955 1977 2185 2033 veritate
2238 1977 2430 2048 procul
2474 1977 2729 2032 aberrare
2772 1975 3229 2049 deprehendetur,
3267 1991 3390 2032 cum
3438 1991 3504 2030 ex
3575 1972 3648 2027 al-

371 2061 505 2116 latis
543 2060 613 2115 ab
649 2060 767 2131 ipso
821 2061 1155 2117 testimoniis
1202 2061 1411 2130 liquido
1449 2062 1779 2128 constiterit,
1815 2066 2080 2138 quidquid
2116 2085 2146 2123 a
2187 2069 2296 2125 Deo
2325 2069 2607 2125 conditum
2640 2078 2726 2126 est
2755 2071 2892 2125 bene
2918 2084 2981 2123 ac
3050 2078 3197 2125 recte
3264 2067 3439 2124 fuisse
3514 2080 3648 2138 pro-

369 2162 643 2209 creatum.

448 2239 549 2296 IZ'.
588 2242 694 2296 Καὶ
726 2241 945 2316 πρῶτον
987 2242 1110 2315 μὲν,
1158 2243 1242 2298 ὅτι
1282 2243 1415 2314 ὓλην
1452 2244 1654 2317 ταύτην
1703 2245 1962 2318 κέκληκε,

372 2333 520 2387 κατά
546 2334 603 2387 δὲ
636 2334 728 2387 τὸν
766 2334 928 2389 αὑτὸν
956 2334 1081 2389 νοῦν
1109 2334 1382 2404 λογίζεται
1423 2335 1625 2409 ταύτην
1653 2333 1794 2392 εἶναι
1829 2339 1960 2409 φθο·

369 2427 495 2498 ράν.
534 2425 649 2481 Καὶ
682 2426 898 2498 πρῶτον
934 2426 1054 2499 μὲν,
1091 2431 1140 2481 εί
1173 2427 1290 2483 ἐστι
1330 2428 1528 2502 φθορὰ,
1560 2431 1705 2494 τίνος
1731 2430 1841 2503 ἄρα
1878 2434 1964 2503 εῐη

370 2518 576 2590 φθορά.
610 2519 722 2573 Καὶ
761 2521 810 2572 εί
859 2519 956 2592 μὲν
978 2519 1169 2574 ⁴ἄλλων
1206 2520 1381 2593 φθορὰ
1413 2522 1671 2595 ὑπάρχει,
1705 2522 1845 2594 αὕτη
1905 2523 1963 2577 δὲ

370 2611 768 2683 ἐμπαράμονός
810 2614 979 2682 ἐστιν,
1028 2612 1135 2686 ἄρα
1176 2613 1414 2669 ἔκπαλαι
1464 2614 1683 2686 ἔφθειρε
1720 2615 1786 2669 τὰ
1814 2616 1967 2682 ὄντα,

370 2700 470 2753 καὶ
504 2701 646 2772 μόνη
674 2699 815 2774 αὕτη
847 2702 1181 2773 συνέστηκεν
1212 2703 1271 2757 ἐν
1296 2704 1477 2775 χρόνῳ
1507 2705 1746 2777 τοσούτῳ
1773 2704 1837 2758 τὸ
1865 2702 1967 2775 τῆς

369 2794 552 2865 αὑτῆς
597 2794 884 2866 δυνάμεως
934 2794 1285 2867 ἐνεργητικὸν
1324 2796 1708 2869 ἐργαζομένη,
1749 2797 1838 2851 καὶ
1891 2797 1966 2868 μὴ

370 2885 779 2957 ὲκκοπτομένη.
812 2884 878 2938 Εί
914 2885 972 2939 δὲ
1018 2885 1221 2956 ἑαυτῆς
1257 2887 1373 2940 ἐστι
1424 2887 1621 2959 φθορὰ,
1672 2887 1967 2957 φθείρουσα

370 2994 437 3030 τε
466 2977 566 3031 καὶ
587 2977 929 3049 δαμάζουσα,
960 2979 1057 3032 καὶ
1089 2978 1480 3045 ἀναλίσκουσα,
1509 2980 1604 3032 καὶ
1633 2979 1962 3044 ἀπόλλουσα,

2144 2243 2308 2300 XVII.
2349 2247 2528 2317 Atque
2566 2245 2700 2300 illud
2742 2245 2978 2317 primum
3024 2242 3317 2301 videndum
3348 2250 3467 2310 est,
3502 2245 3650 2316 quod

2072 2353 2193 2395 eam
2222 2338 2506 2394 materiam
2534 2338 2801 2402 nominat,
2827 2334 2881 2392 id
2909 2333 3057 2406 quod
3086 2349 3153 2390 ex
3183 2335 3334 2391 illius
3378 2337 3650 2392 sententia

2073 2430 2215 2487 idem
2240 2436 2326 2486 est
2355 2444 2421 2485 ac
2447 2429 2753 2499 corruptio.
2786 2426 2989 2483 Verum
3027 2427 3075 2482 si
3111 2427 3393 2499 corruptio
3426 2428 3518 2495 sit,
3552 2443 3651 2485 cu-

2069 2520 2162 2592 jus
2184 2522 2290 2577 erit
2317 2519 2538 2576 tandem
2565 2520 2891 2591 corruptio?
2921 2516 2979 2574 Si
3010 2518 3241 2574 aliorum
3262 2529 3368 2587 est,
3392 2529 3654 2578 constan-

2071 2620 2156 2668 ter
2204 2611 2325 2683 ipsa
2376 2627 2642 2679 manens,
2700 2611 3023 2682 jamdudum
3072 2613 3256 2668 omnia
3295 2626 3653 2685 corrumpere

2071 2705 2299 2771 debuit,
2355 2718 2420 2758 ac
2461 2704 2576 2759 sola
2618 2711 2729 2758 tam
2776 2702 2993 2758 inﬁnito
3036 2710 3284 2776 tempore
3325 2708 3650 2775 consistere,

2072 2797 2203 2852 dum
2245 2795 2441 2850 virium
2485 2811 2709 2853 suarum
2760 2794 3133 2853 ellicacitatem
3173 2798 3404 2864 exserit,
3452 2814 3553 2855 nec
3581 2788 3654 2857 ab

2075 2889 2185 2943 ullo
2216 2886 2569 2944 rescinditur.
2593 2886 2650 2942 Si
2680 2902 2810 2944 vero
2839 2887 3217 2959 suimetipsius
3246 2897 3332 2946 est
3349 2892 3650 2962 corruptio,

2072 2990 2429 3047 corrumpens
2464 2991 2527 3031 ac
2555 2976 2889 3047 perdomans
2918 2992 3042 3033 sese
3061 3020 3075 3045 ,
3105 2985 3161 3034 οἱ
3190 2993 3551 3044 consumens,
3589 2997 3655 3037 ac

371 3068 727 3141 ἀπολλυμένη
760 3071 901 3135 ἐστὶ,
930 3070 1025 3124 καὶ
1050 3071 1112 3124 ού
1149 3069 1500 3141 σταθήσεται,
1533 3070 1735 3142 ἐαυτῆς
1758 3070 1965 3125 ἀναλω-

2073 3067 2309 3139 perdens
2338 3068 2538 3139 peribit
2577 3069 2797 3124 tandem
2819 3108 2835 3136 ,
2868 3084 3048 3139 neque
3077 3072 3376 3135 consistet,
3412 3086 3537 3127 cum
3567 3073 3656 3128 sui

370 3162 505 3233 τική
540 3178 625 3224 τις
653 3156 792 3215 οὖσα
820 3161 917 3214 καὶ
944 3160 1240 3232 φθαρτικὴ.
1279 3155 1527 3234 Πιῦςθοῦν
1553 3160 1755 3232 ἐστηκε
1781 3159 1967 3214 τοσοῦ-

373 3270 469 3306 τον
498 3253 690 3323 χρόνον
710 3253 1031 3325 ὑπάρχουσα
1057 3252 1197 3307 κατὰ
1218 3252 1309 3306 τὸν
1335 3252 1573 3325 ἀγύρτου
1602 3252 1789 3322 λόγον;
1817 3253 1970 3324 ’Ἅμα

384 3345 446 3398 δὲ
473 3345 536 3397 οὐ
567 3346 995 3417 συγκοινωνήσει
1025 3345 1163 3409 ὅλως
1192 3347 1258 3416 τῇ
1297 3345 1433 3416 ζωῇ,
1469 3344 1588 3398 οὐδὲ
1622 3344 1737 3416 ἅμα
1768 3344 1915 3416 ζωῆς
1946 3347 1966 3376 ’

376 3438 760 3509 εὑρεθήσεται,
793 3437 917 3492 οὔτε
948 3437 1301 3509 ἀγαθότητος.
1346 3437 1540 3491 Ὁπότε
1569 3437 1627 3491 δὲ
1667 3439 1725 3491 ἐν
1757 3438 1974 3510 ἑκάστῳ

374 3529 490 3588 τῶν
516 3531 609 3584 ὑπ’
639 3529 805 3585 αὐτοῦ
834 3529 1213 3602 κακιζομένων
1236 3530 1553 3600 κτισμάτων
1578 3532 1673 3585 καὶ
1699 3529 1976 3602 ἀγαθότης

376 3621 581 3685 ἔνεστι,
610 3621 829 3675 διέπεσε
859 3620 1198 3691 πανταχόθεν
1237 3622 1267 3674 ὁ
1302 3621 1435 3690 περὶ
1469 3620 1670 3683 κακίας
1692 3619 1856 3673 αὑτοῦ
1885 3619 1973 3673 λό-

376 3730 500 3783 γος,
530 3713 621 3768 διὰ
645 3714 707 3767 τὸ
748 3716 1124 3768 ἐπικοινωνεῖν
1163 3713 1391 3784 θάτερον
1421 3712 1529 3765 τῶν
1559 3711 1651 3765 ὑπ’
1681 3712 1847 3766 αὑτοῦ
1888 3712 1974 3767 λε-

380 3808 639 3879 γομένων
694 3806 944 3878 θατέρῳ,
995 3806 1071 3871 ὡς
1115 3808 1290 3861 εἰπεῖν
1328 3809 1458 3881 περὶ
1498 3808 1675 3878 ὄφεων
1723 3807 1818 3861 καὶ
1866 3803 1975 3858 τῶν

378 3897 560 3953 ἄλλων
596 3896 842 3969 ἑρπετῶν
870 3896 1109 3951 ἰοϐόλων.
1135 3897 1275 3951 ’Ὀσα
1307 3897 1416 3970 γάρ
1440 3899 1590 3952 ἐστιν
1621 3899 1715 3952 ἐπὶ
1744 3897 1805 3950 τὸ
1830 3897 1963 3969 χρή-

381 4007 548 4062 σιμον
603 3988 1119 4060 κατεσκευασμένα,
1151 3990 1282 4061 παρ’
1321 3988 1471 4061 αὑτῷ
1523 3988 1580 4043 δὲ
1623 3987 1702 4061 τῷ
1740 3988 1968 4061 ὀνόματι

381 4082 753 4153 κακιζόμενα,
782 4083 841 4135 ἐν
883 4082 1070 4144 αὐτοῖς
1100 4082 1197 4135 καὶ⁷
1224 4080 1286 4134 τὸ
1321 4081 1603 4138 ἀντίθετον,
1633 4081 1735 4150 τῆς
1780 4078 1975 4143 κακίας

389 4177 734 4249 εὑρίσκεται,
764 4175 839 4239 ὡς
885 4176 1059 4228 εἰπεῖν
1105 4172 1236 4246 περὶ
1271 4172 1449 4242 όφεως
1492 4172 1729 4227 καὶτῶν
1774 4171 1973 4227 ἄλλων.

397 4272 491 4336 Ἐξ
516 4263 599 4324 ὧν
629 4269 743 4341 γὰρ,
769 4269 845 4333 ίδς
869 4269 950 4334 είς
989 4269 1218 4324 θάνατον
1248 4271 1306 4322 ἐν
1336 4269 1548 4331 ἑαυτοῖς
1571 4266 1613 4332 ³,
1646 4265 1741 4320 καὶ
1766 4265 1978 4320 ἀντίδο-

378 4380 475 4426 τος
516 4361 657 4435 πρὸς
696 4359 970 4415 ἀντίδοτον
1015 4359 1267 4425 θανάτου,
1309 4358 1403 4414 καὶ
1430 4358 1727 4423 κακώσεως
1754 4356 1979 4421 κακιζο-

2075 3158 2538 3230 consumptricem
2567 3173 2633 3214 ac
2672 3160 3073 3229 corruptricem
3113 3161 3222 3216 vim
3272 3162 3487 3218 habeat.
3523 3162 3656 3229 Quae

2074 3266 2200 3306 cum
2228 3251 2306 3306 ita
2339 3251 2471 3316 sint,
2501 3264 2738 3321 quanam
2767 3253 2980 3306 ratione
3006 3259 3162 3308 tanto
3195 3261 3459 3324 tempore,
3482 3262 3544 3309 ut
3566 3255 3657 3311 ille

2077 3342 2379 3398 circulator
2424 3344 2662 3408 asserit,
2707 3345 2886 3414 potuit
2924 3345 3224 3402 exsistere?
3252 3345 3522 3401 Praeterea
3553 3361 3657 3402 nec

2075 3436 2240 3489 ullam
2274 3435 2499 3490 omnino
2539 3451 2664 3490 cum
2700 3436 2811 3490 vita
2848 3436 3291 3493 communionem
3323 3438 3523 3495 habere
3549 3454 3658 3509 po-

2074 3529 2224 3592 terit,
2254 3542 2432 3598 neque
2463 3542 2589 3582 cum
2641 3541 2704 3582 ea
2749 3536 2845 3582 aut
2878 3543 3011 3582 .cum
3043 3527 3291 3585 bonitate
3323 3529 3653 3586 versabitur.

2074 3617 2193 3673 Jam
2237 3633 2367 3673 vero
2413 3632 2540 3673 cum
2592 3617 2650 3672 in
2701 3632 3031 3689 unaquaque
3070 3628 3381 3679 creatarum
3425 3636 3654 3688 rerum,

2075 3727 2215 3784 quas
2253 3713 2345 3767 ille
2366 3713 2662 3783 vituperat,
2688 3712 3107 3772 bonitatisinsit
3133 3714 3361 3785 aliquid,
3394 3722 3515 3771 tota.
3535 3717 3659 3785 ejus

2077 3808 2145 3863 de
2177 3807 2386 3862 malitia
2416 3805 2723 3877 disputatio
2740 3805 3254 3863 concidatnecesse
3280 3814 3386 3871 est,
3415 3822 3480 3862 eo
3510 3808 3657 3879 quod

2077 3900 2303 3955 alterius
2331 3898 2587 3960 illorum,
2619 3912 2742 3970 qua:
2773 3898 3263 3961 commemoravit,
3298 3899 3551 3970 quaedam
3587 3900 3661 3954 sit

2078 4004 2202 4045 cum
2233 3990 2405 4045 altero
2447 3988 2706 4050 societas.
2748 3995 2809 4044 ut
2837 3989 2907 4045 de
2934 3989 3303 4060 serpentibus,
3334 3991 3663 4062 caterisque

2079 4080 2362 4136 venenatis
2397 4079 2592 4137 bestiis
2622 4080 2877 4136 nonnihil
2916 4081 3151 4138 dicatur.
3192 4082 3322 4137 Haec
3355 4082 3501 4137 enim
3541 4098 3661 4137 om-

2078 4172 2195 4238 nia,
2224 4188 2348 4244 quae
2376 4172 2446 4227 ab
2470 4172 2567 4227 illo
2591 4172 2816 4229 nomine
2839 4172 2959 4244 ipso
2979 4173 3380 4244 vituperantur,
3410 4174 3479 4231 ad
3499 4188 3660 4230 usum

2081 4266 2321 4337 aliquem
2374 4267 2779 4338 utilitatemque
2824 4276 3111 4337 procreata
3165 4275 3332 4336 sunt,
3378 4275 3434 4323 et
3482 4268 3537 4323 in
3574 4268 3660 4323 his

2079 4356 2208 4411 mali
2249 4357 2550 4413 remedium
2586 4356 2884 4423 invenitur,
2929 4358 3078 4430 quod
3108 4358 3178 4414 ad
3224 4368 3508 4431 serpentes
3543 4361 3662 4416 reli-

383 4453 595 4524 μένων,
640 4451 735 4504 κα)⁵
766 4450 1018 4523 ἡμέρανι
1077 4452 1175 4521 μὲν
1217 4451 1298 4514 είς
1338 4450 1603 4522 ἐργασίαν
1641 4447 1967 4521 ἀνθρώποις,

2080 4463 2297 4519 quaque
2324 4448 2381 4504 id
2429 4464 2602 4519 genus
2640 4448 2919 4504 convenit.
2967 4446 3043 4503 Ex
3088 4448 3281 4506 iisdem
3325 4451 3471 4506 enim
3501 4451 3660 4506 letale

378 4543 460 4606 ὡς
491 4542 587 4596 καὶ
615 4543 697 4604 εἰς
728 4540 1149 4612 τδφωτίζεσθαί
1191 4558 1251 4595 τε
1288 4542 1384 4596 καὶ⁹
1412 4542 1566 4612 όρᾷν.
1611 4539 1774 4593 Ἀλλά
1806 4540 1902 4593 καὶ
1937 4541 1970 4612 ἡ

373 4635 482 4700 νὺξ
506 4637 542 4706 ἡ
570 4634 701 4707 παρ’
728 4634 877 4705 αύτῷ
904 4634 1125 4706 ὀνόματι
1158 4633 1519 4704 κακιζομένη,
1551 4633 1856 4697 ἀνάπαυσίς
1889 4650 1972 4696 τις

382 4725 705 4795 εὑρίσκεται
736 4726 802 4778 ἐκ
834 4722 970 4779 Θεοῦ
1004 4722 1315 4797 ἀνθρώποις
1346 4726 1627 4793 γεγονυῖα.
1655 4723 1765 4776 Καὶ
1800 4721 1974 4785 οὕτως

381 4820 446 4870 τὸ
476 4818 600 4871 καθ’
638 4816 698 4870 ἐν
734 4815 938 4884 ἀγαθὸν
967 4815 1212 4887 ὑπάρχον
1261 4815 1597 4886 εὑρίσκεται,
1645 4812 1740 4867 καὶ
1779 4815 1854 4885 μὴ
1886 4812 1977 4865 δυ-

382 4911 623 4980 νάμενον
676 4908 786 4962 ἀπὸ
828 4906 939 4961 τῶν
975 4910 1033 4960 ἐν
1075 4908 1206 4978 ἡμῖν
1239 4905 1656 4978 ἁμαρτημάτων
1702 4904 1764 4958 τὸ
1805 4905 1976 4976 ὄνομα

383 5003 555 5072 ἔχειν,
585 5000 620 5071 ἢ
648 5001 710 5055 τὸ
742 5001 856 5054 ἴσον
884 4998 978 5053 τοῦ
1004 4996 1178 5057 κακοῦ
1208 4998 1309 5071 τὴν
1342 4998 1666 5069 ὁμωνυμίαν
1691 4998 1965 5071 εὑρίσκον.

2083 4542 2236 4597 virus
2257 4581 2273 4604 ,
2304 4551 2358 4596 et
2390 4546 2578 4596 contra
2626 4549 2856 4595 mortem
2908 4541 3281 4612 inllictamque
3316 4545 3384 4597 ah
3424 4544 3560 4613 ipsis
3593 4545 3661 4596 Ia-

2048 4660 2055 4671 -
2087 4627 2205 4682 hem
2238 4627 2539 4683 remedium
2588 4627 2658 4682 ab
2689 4627 2756 4683 iis
2781 4628 2874 4698 qui
2923 4629 3038 4684 laesi
3070 4639 3202 4685 sunt
3233 4632 3530 4703 colligitur.
3569 4634 3661 4687 Sic

2085 4720 2205 4776 dies
2234 4720 2455 4791 quidem
2486 4719 2745 4775 humanis
2776 4730 2863 4777 est
2896 4723 3213 4780 exercendis
3245 4726 3500 4793 operibus
3536 4740 3662 4781 con-

2087 4813 2300 4880 stituta,
2328 4811 2486 4880 cujus
2509 4812 2774 4870 beneﬁcio
2811 4814 3224 4879 collustrantur,
3261 4832 3324 4870 ac
3344 4816 3663 4871 discernunt

2085 4905 2290 4965 omnia.
2322 4903 2428 4961 Sed
2452 4913 2507 4961 et
2538 4921 2675 4974 nox,
2708 4908 2798 4962 cui
2830 4908 3157 4979 probrosum
3191 4909 3324 4963 illud
3359 4925 3554 4963 nomen
3582 4919 3662 4964 at-

2081 4998 2296 5065 tribuit,
2332 4998 2400 5052 ad
2428 4998 2709 5053 hominum
2741 4999 2979 5069 quietem
3017 5008 3120 5056 est,
3147 5014 3177 5052 a
3216 4997 3326 5055 Deo
3372 5016 3657 5057 concessa.

380 5098 570 5163 Atque
593 5093 669 5147 ita
700 5093 1001 5164 quamlibet
1058 5107 1243 5148 rerum
1268 5093 1519 5147 omnium
1554 5092 1754 5147 bonam
1820 5108 1944 5148 esse
1981 5093 2345 5162 reperiemus,
2392 5108 2569 5164 neque
2612 5109 2643 5148 a
2693 5095 2933 5165 peccatis
2978 5094 3186 5150 nostris
3228 5109 3352 5151 esse
3394 5095 3663 5149 ‘denomio

382 5190 652 5251 nandam,
690 5197 785 5243 aut
812 5188 1003 5244 eadem
1032 5203 1157 5242 cum
1186 5188 1333 5242 malo
1360 5187 1727 5259 appellatione
1752 5188 2104 5244 censendam.

458 5284 570 5337 IH'.
610 5284 795 5338 Πάντα
825 5282 933 5354 γὰρ
967 5280 1109 5337 καλά
1134 5282 1227 5335 καὶ
1252 5281 1404 5353 ἡδέα,
1430 5282 1527 5337 καὶ
1555 5282 1706 5336 οὐδὲν
1730 5282 1974 5353 ἀπόϐλη-

387 5393 506 5440 τον,
543 5373 656 5445 τῷ,
696 5372 805 5429 Καὶ
838 5373 991 5438 ἰδοὺ,
1025 5373 1181 5443 φησὶ,
1235 5373 1432 5429 πάντα
1478 5374 1634 5430 καλὰ
1670 5376 1840 5429 λίαν·
1886 5376 1979 5428 καὶ

388 5463 637 5535 οὐδαμοῦ
674 5465 872 5529 κακίας
909 5465 1030 5518 ἐστὶ
1070 5464 1218 5536 ῥίζα.
1259 5463 1462 5518 Τούτου
1493 5464 1603 5538 γὰρ
1630 5465 1789 5538 χάριν
1817 5465 1913 5519 καὶ
1949 5466 1978 5518 ὁ

390 5558 549 5622 Θεὸς,
573 5556 643 5623 ἐξ
662 5558 914 5629 ὑπαρχῆς
943 5556 1142 5623 κτίζων
1168 5559 1261 5612 τὸν
1287 5558 1463 5612 πάντα
1487 5558 1693 5629 κόσμον
1717 5560 1783 5629 τῇ
1812 5557 1977 5612 αὑτοῦ

463 5715 485 5751 ¹
516 5712 559 5769 F
619 5715 941 5788 ίσοῤῥεπως.

1018 5717 1038 5748 ²
1078 5714 1203 5771 Cor.
1259 5715 1392 5786 ζωῇ.
1469 5715 1489 5746 ³
1518 5713 1577 5770 F.
1618 5714 1817 5777 αὑτοῖς.
1881 5712 1901 5744 ⁸
1928 5711 1988 5766 F.
2024 5712 2223 5785 ἡμέρα.

2154 5278 2343 5335 XVIII.
2407 5279 2546 5336 Sunt
2606 5281 2753 5337 enim
2805 5282 2949 5337 bona
3012 5296 3076 5337 ac
3130 5280 3374 5351 jucunda
3427 5296 3658 5351 prorsus

2085 5373 2292 5437 omnia,
2323 5388 2504 5443 neque
2531 5372 2830 5444 quidquam
2860 5381 2976 5438 est,
3010 5372 3155 5443 quod
3187 5372 3545 5442 rejiciendum
3575 5373 3658 5427 vi-

2086 5461 2301 5518 deatur.
2320 5461 2476 5530 Quod
2498 5478 2573 5519 ex.
2589 5463 2674 5519 his
2697 5462 2877 5519 verbis
2901 5470 3128 5535 apparet
3156 5481 3169 5518 :
3202 5460 3273 5516 Et
3293 5480 3427 5529 ecce,
3454 5463 3654 5534 inquit.

2089 5558 2271 5611 omnia
2300 5557 2450 5613 valde
2480 5556 2616 5612 bona
2639 5557 2667 5591 ι
2692 5576 2705 5613 :
2750 5572 3019 5628 nusquam
3049 5564 3108 5612 ut
3127 5555 3349 5612 malitia:
3369 5555 3527 5612 radix
3551 5555 3661 5609 ulla

2300 5712 2322 5744 ⁸
2355 5709 2489 5767 Gen.
2521 5726 2562 5778 ι,
2586 5710 2675 5767 51.
