4076 6392
451 327 523 386 85
1851 325 1911 382 S.
1953 323 2291 384 EPIPHANH
3649 339 3720 394 ω

451 449 733 502 cernatur.
762 439 929 517 63‘
961 443 1172 499 Etenim
1210 451 1496 514 propterea
1537 440 1682 497 Deus
1719 457 1843 496 cum
1878 441 2027 498 initio

2136 441 2459 512 ἀγαθότητι,
2501 440 2627 495 καθ’
2658 441 2892 497 ἕκαστον
2932 443 3040 497 τῶν
3087 445 3405 516 κτισμάτων
3441 446 3505 500 τὸ
3555 448 3722 507 καλὸν

451 536 717 592 mundum
745 551 846 607 pro
875 552 975 592 sua
1006 537 1249 592 bonitate
1273 535 1589 594 fabricaret,
1612 535 1679 590 de
1711 550 2036 606 unaquaque

450 637 760 684 creatarum
786 644 817 683 ο
847 643 906 685 se
935 644 1120 685 rerum
1144 628 1345 685 bonam
1375 644 1499 684 esse
1523 627 1937 698 pronuntiavit:
1964 627 2035 683 Et

451 722 603 783 vidit,
640 719 857 791 inquit,
897 720 1040 776 Deus
1078 721 1216 792 quod
1250 729 1384 775 esset
1410 722 1604 776 bonum
1626 721 1665 786 ⁸,
1701 731 1760 774 ut
1788 729 1844 775 et
1872 721 1940 777 de
1963 720 2032 775 il-

450 813 628 867 larum
671 813 918 870 bonitate
948 813 1327 870 testimonium
1375 813 1563 881 ferret,
1595 822 1649 869 et
1685 813 1912 868 humani
1940 829 2034 885 ge-

445 905 596 959 neris
629 904 980 960 inimicorum
1019 906 1378 960 calliditatem
1411 905 1762 970 excluderet,
1797 905 1893 976 qui
1938 920 2033 960 ne-

448 993 735 1062 quissimis
770 991 972 1050 fabulis
1015 994 1301 1050 veritatem
1331 1009 1397 1050 ex
1428 994 1745 1050 hominibus
1785 994 2032 1050 funditus

443 1085 800 1157 exstinguere
829 1095 1118 1142 conantur.
1167 1085 1352 1142 Primo
1385 1087 1654 1157 siquidem
1691 1088 1780 1143 die
1829 1089 2028 1143 coelum

445 1194 510 1234 ac
561 1190 759 1234 terram
787 1219 803 1244 ,
836 1179 1128 1250 lucemque
1161 1194 1286 1234 cum
1327 1179 1613 1245 omnibus,
1644 1195 1766 1250 quae
1791 1182 1845 1233 in
1885 1187 2030 1235 terra

444 1281 607 1338 sunt,
639 1272 903 1328 condidit.
953 1272 1019 1327 Et
1057 1274 1227 1338 vidit,
1263 1279 1314 1326 et
1365 1288 1481 1327 ecce
1511 1271 1737 1336 bonum,
1770 1272 1847 1327 ait
1882 1273 2031 1327 Scri-

445 1372 624 1432 ptura.
667 1363 992 1419 Utrumnam
1038 1379 1168 1419 vero
1223 1362 1429 1418 bonum
1479 1378 1540 1419 se
1590 1362 1862 1418 facturum
1907 1379 2030 1420 esse

443 1454 750 1520 neseiebat,
800 1469 869 1510 eo
892 1453 1060 1525 quod,
1098 1470 1263 1525 opere
1315 1454 1552 1526 denique
1587 1454 1867 1526 perfecto,
1915 1473 2031 1511 ecce

444 1545 637 1600 bonum
681 1547 888 1603 dixisse
927 1547 1160 1618 legitur?
1206 1546 1380 1614 Quam
1413 1562 1606 1602 vocem
1653 1548 1916 1619 deinceps
1963 1549 2030 1605 de

446 1638 609 1708 aquis
631 1679 645 1702 ,
693 1639 762 1694 de
790 1638 930 1694 mari
958 1679 973 1703 ,
1003 1637 1072 1694 de
1095 1638 1434 1710 germinibus
1454 1679 1471 1705 ,
1503 1637 1572 1693 de
1605 1639 1928 1704 arboribus,
1961 1639 2029 1695 de

442 1731 567 1786 εαξιὶ
601 1730 894 1797 sideribus,
931 1730 999 1786 de
1029 1730 1354 1802 pecudibus,
1385 1731 1564 1802 deque
1607 1732 1824 1796 avibus,
1861 1733 2028 1802 repti-

2136 533 2407 605 ἐπέφερε,
2468 532 2670 602 λέγων·
2707 534 2816 589 Kal
2854 529 3016 590 εἶδεν
3056 537 3092 590 ό
3143 537 3318 602 Θεὸς,
3365 536 3455 591 ὅτι
3497 543 3712 596 καλόν*

2135 625 2288 690 ὅπως
2307 625 2386 697 τῷ
2419 626 2572 697 καλῷ
2620 629 2968 701 μαρτυρήσῃ,
3013 628 3109 681 καὶ
3138 629 3317 683 ἀνέλοι
3339 629 3440 703 τὴν
3471 633 3580 685 τῶν
3609 635 3720 690 etu-

2136 717 2344 772 6ούλων
2388 717 2490 790 τῆς
2519 717 2870 790 ἀνθρωπείας
2903 719 3122 790 φύσεως
3152 719 3455 794 δεινότητα,
3492 725 3605 780 τῶν
3630 727 3721 782 διὰ

2137 810 2326 882 μύθων
2365 811 2620 883 πονηρῶν
2654 810 3063 884 ὲπινοησάντων
3092 814 3352 884 ἀφανίσαι
3385 818 3451 869 ὲκ
3479 818 3589 870 τῶν
3620 820 3712 873 av.

2135 903 2370 975 θρώπων
2405 905 2506 976 τὴν
2551 905 2829 976 ἀλήθειαν.
2885 907 3141 978 Ἐποίησε
3185 907 3296 981 γὰρ
3332 909 3425 963 τὸν
3464 911 3718 984 οὐρανὸν,

2134 998 2229 1051 καὶ
2267 999 2370 1070 τὴν
2412 997 2540 1068 γῆν,
2573 1000 2667 1052 καὶ
2698 999 2758 1052 τὸ
2801 1000 2941 1068 φῶς,
2982 1002 3076 1055 καὶ
3119 999 3190 1054 τὰ
3229 1001 3288 1056 ὲν
3335 1006 3402 1075 τῇ
3437 1007 3507 1077 γῇ
3561 1008 3622 1060 ἐν
3649 1011 3718 1080 τῇ

2134 1089 2328 1164 πρώτῃ
2361 1091 2565 1162 ἡμέρᾳ.
2610 1091 2716 1148 Καὶ
2738 1087 2881 1154 εἶδε,
2915 1092 3015 1147 καί
3043 1092 3174 1147 ἰδοὺ
3222 1095 3436 1158 καλὸν,
3477 1097 3642 1169 φησὶν
3669 1100 3706 1170 η

2132 1182 2344 1254 Γραφή.
2387 1184 2530 1254 ’Δρα
2573 1183 2686 1255 γὰρ
2725 1183 2826 1237 οὐκ
2863 1183 3006 1256 ᾔδει,
3044 1185 3126 1238 ὅτι
3168 1185 3333 1239 καλὸν
3362 1187 3595 1258 ἤμελλεν
3625 1191 3720 1262 ἑρ-

2132 1272 2419 1341 γάζεσθαι.
2457 1275 2540 1328 ὅτι
2568 1275 2708 1344 μετὰ
2733 1277 2793 1329 τὸ
2818 1275 3071 1344 γενέσθαι
3101 1275 3268 1346 λέγει,
3311 1276 3466 1333 Ἰδοὺ
3495 1282 3719 1347 καλόν;

2133 1365 2246 1420 Καὶ
2266 1365 2409 1419 οὕτω
2431 1365 2668 1437 καθεξῆς
2687 1367 2781 1420 ἐπὶ
2799 1369 2914 1431 τοῖς
2940 1366 3148 1433 ὕδασιν,
3175 1367 3269 1421 ἐπὶ
3294 1368 3394 1438 τῆς
3416 1370 3715 1443 θαλάσσης,

2133 1461 2227 1512 ἐπὶ
2252 1459 2363 1514 τῶν
2395 1458 2814 1532 βλαστημάτων,
2841 1460 2936 1513 ἐπὶ
2961 1457 3072 1514 τῶν
3103 1458 3295 1527 ξύλων,
3331 1462 3426 1516 ἐπὶ
3457 1463 3565 1516 τῶν
3593 1481 3711 1532 φω-

2134 1553 2346 1624 στήρων
2371 1554 2428 1606 ὲν
2455 1551 2694 1624 οὐρανῷ,
2729 1552 2822 1605 ἐπὶ
2841 1551 2948 1606 τῶν
2977 1553 3211 1624 κτηνῶν,
3239 1555 3453 1608 ἐπὶτῶν
3475 1555 3715 1626 πτηνῶν.

2131 1644 2226 1696 καὶ
2254 1645 2520 1712 ἑρπετῶν,
2563 1645 2658 1698 καὶ
2688 1643 2908 1716 ἰχθύων.
2950 1644 3089 1700 Καθ’
3118 1646 3348 1701 ἕκαστον
3377 1647 3486 1719 γὰρ
3515 1646 3670 1717 ἔλεγε
3697 1665 3713 1681 ο

2132 1736 2242 1790 Καὶ
2277 1732 2439 1790 εἶδεν
2463 1739 2497 1792 ό
2526 1734 2696 1802 Θεὸς,
2725 1737 2826 1790 καί
2859 1734 2988 1791 ἰδοὺ
3011 1738 3223 1792 καλόν.
3251 1737 3327 1789 Οὐ
3356 1737 3418 1790 τὸ
3450 1737 3720 1808 πρότερον

444 1823 588 1878 libus
633 1838 698 1878 ac
741 1823 989 1893 piscibus
1035 1831 1284 1894 usurpat.
1336 1821 1474 1877 Nam
1545 1824 1599 1878 in
1657 1839 2026 1894 unoquoque,

2133 1827 2364 1896 ἀγνοῶν,
2387 1828 2510 1882 οὐδὲ
2535 1828 2676 1899 μετά
2694 1828 2755 1881 τὸ
2781 1828 3055 1898 γενέσθαι,
3077 1829 3153 1893 ὡς
3183 1829 3470 1900 διαπείρας
3496 1805 3518 1861 λ
3545 1805 3713 1902 ἐσχη-

439 1917 606 1978 vidit,
645 1915 857 1986 tuquit,
895 1915 1070 1982 Deus,
1122 1925 1171 1970 et
1212 1932 1328 1970 ecce
1357 1916 1572 1970 bonum.
1603 1915 1720 1970 Non
1760 1917 1905 1986 quod
1936 1925 2031 1972 aut

442 2008 723 2078 ignoraret
745 2017 927 2074 antea,
961 2018 1056 2063 aut
1085 2009 1498 2080 ubi'procreata
1539 2019 1711 2074 sunt,
1748 2009 1898 2065 velut
1930 2026 2029 2065 ex-

442 2101 710 2172 perientia
739 2101 977 2172 quadam
1006 2101 1150 2157 bona
1179 2116 1303 2158 esse
1330 2102 1726 2173 comperisset;
1760 2101 1857 2159 sed
1881 2104 2027 2173 quod

440 2194 588 2249 bona
616 2195 800 2249 omnia
828 2209 1018 2250 revera
1045 2193 1180 2260 sint,
1199 2210 1377 2266 neque
1402 2195 1528 2250 mali
1550 2194 1851 2266 quidquam
1875 2195 2026 2260 insit,

438 2297 668 2358 pr0pter
690 2285 1069 2357 improborum
1100 2287 1386 2343 hominum
1410 2288 1727 2358 opinionem
1755 2289 1859 2343 hoc
1884 2289 2029 2344 velut

440 2377 668 2430 oraculo
695 2375 838 2431 bona
871 2391 996 2432 esse
1030 2377 1215 2432 omnia
1252 2393 1316 2433 ac
1349 2378 1612 2449 praeclara
1641 2385 1872 2434 testatus
1906 2389 2023 2445 est;

442 2468 678 2540 ideoque
721 2469 925 2526 bonum
960 2485 1085 2526 esse
1125 2471 1298 2537 dixit,
1343 2469 1490 2542 quod
1518 2470 1648 2525 mali
1679 2485 1743 2526 ac
1769 2471 2026 2542 nequitia:

442 2561 624 2616 omnis
661 2561 1036 2617 exclusionem
1066 2562 1334 2616 continet.
1369 2558 1438 2616 Ut
1464 2561 1725 2616 nimirum
1757 2560 1860 2616 hoc
1883 2561 2026 2632 ipso,

439 2653 587 2724 quod
630 2667 754 2709 esse
798 2653 1004 2708 bonum
1055 2669 1218 2710 omne
1246 2653 1596 2726 signiﬁcavit,
1637 2653 1859 2708 tollatur
1893 2651 2028 2708 falsa

440 2745 536 2799 illa
567 2745 635 2800 de
658 2744 865 2798 malitia
902 2745 957 2798 in
990 2745 1244 2801 homines
1273 2746 1488 2801 invecta
1520 2747 1823 2808 sententia,
1857 2745 2028 2814 pessi-

441 2853 641 2909 maque
677 2838 858 2894 omnis
893 2838 1021 2891 mali
1062 2837 1339 2909 dogmatis
1377 2836 1802 2892 architectorum
1838 2836 2026 2906 opinio

441 2928 778 3000 proﬂigetur.

509 3020 800 3076 Postremo
839 3021 929 3076 ubi
970 3019 1039 3075 ad
1087 3019 1367 3076 hominem
1412 3026 1637 3075 ventum
1669 3027 1788 3082 est,
1822 3019 2026 3074 bonum

443 3128 568 3168 esse
601 3128 710 3167 non
758 3111 928 3176 dixit,
976 3125 1087 3166 non
1127 3110 1275 3180 quod
1320 3111 1526 3165 malum
1572 3111 1830 3182 quiddam
1862 3110 2026 3166 homo

2132 1918 2243 1984 κὼς
2266 1919 2356 1972 τοῦ
2383 1919 2604 1986 εἰδέναι,
2630 1921 2712 1974 ὅτι
2742 1921 2926 1985 καλὸν,
2951 1919 3088 1974 ἀλλά
3107 1921 3218 1976 ἀπὸ
3240 1921 3335 1974 τοῦ
3363 1918 3500 1974 εἶναι
3535 1922 3720 1977 ’πάνυ⁵

2130 2010 2294 2072 καλὰ,
2346 2012 2442 2062 καὶ
2480 2009 2719 2081 οὐδαμοῦ
2771 2006 2908 2064 εἶναι
2957 2010 3130 2064 κακὸν
3175 2010 3572 2082 προεθέσπιζε,
3625 2012 3716 2066 διὰ

2127 2102 2228 2173 τὴν
2260 2101 2368 2154 τῶν
2401 2100 2750 2154 κακοϐούλων
2777 2099 2959 2166 δόξαν,
2989 2100 3100 2154 τῶν
3132 2102 3350 2156 πάντων
3381 2100 3602 2170 ἀγαθῶν
3628 2101 3714 2155 δν-

2128 2213 2236 2250 των
2270 2197 2365 2251 καὶ
2398 2193 2578 2249 καλῶν
2611 2194 3092 2266 μαρτυρουμένων,
3121 2195 3267 2248 κατά
3296 2195 3394 2264 τὴν
3419 2193 3513 2246 τοῦ
3548 2193 3715 2247 καλοῦ

2128 2286 2507 2359 ἀληθεστάτην
2535 2285 2844 2359 μαρτυρίαν
2871 2285 2932 2339 τὸ
2965 2285 3131 2339 καλὸν
3159 2286 3336 2354 ἔλεγε,
3373 2287 3627 2358 στέρησις
3653 2285 3717 2339 ὃν

2132 2379 2333 2443 παντὸς
2361 2377 2569 2449 ἀγαθοῦ
2615 2379 2710 2432 καὶ
2741 2378 2926 2450 πάσης
2964 2377 3198 2442 κακίαςο
3228 2379 3324 2434 καὶ
3360 2379 3446 2431 ἵνα
3483 2377 3592 2432 ἀπὸ
3618 2377 3710 2431 τοῦ

2129 2471 2295 2527 καλὸν
2320 2468 2461 2525 εἶναι
2487 2470 2549 2524 τὸ
2574 2472 2705 2536 πᾶν,
2736 2470 3031 2542 ἀναιρῆται
3055 2471 3084 2523 ὁ
3116 2471 3247 2542 περὶ
3275 2470 3474 2532 κακίας
3504 2468 3714 2540 ἀνθρώ-

2128 2581 2253 2629 ποις
2287 2563 2705 2635 ὲπινενοημένος
2732 2561 2910 2632 λόγος,
2946 2563 3034 2616 ἴνα
3070 2561 3170 2634 τὴν
3213 2565 3397 2617 πᾶσαν
3441 2562 3718 2633 ὑπόληψιν

2126 2655 2226 2727 τὴν
2249 2655 2590 2726 κακότροπον
2604 2653 2714 2708 τῶν
2741 2654 2842 2726 τὴν
2861 2643 3210 2708 διδασκαλίαν
3235 2654 3724 2727 παρεισφερόντωνι

2128 2749 2473 2804 παντάπασιν
2505 2748 2685 2804 ἀνέλοι

2198 3005 2334 3072 Εἶτα
2363 3009 2532 3064 ἐλθὼν
2565 3009 2659 3064 ἐπὶ
2692 3010 2784 3068 τὸν
2818 3008 3128 3082 ἄνθρωπον,
3154 3009 3257 3064 οὐκ
3300 3004 3475 3074 εἶπεν,
3507 3010 3589 3064 ὅτι
3615 3028 3716 3066 κα·

2129 3103 2239 3166 λδν,
2268 3103 2368 3174 οὐχ
2395 3103 2476 3156 ὅτι
2496 3103 2678 3158 ’κακὸν
2711 3105 2738 3156 ό
2766 3101 3074 3174 ἄνθρωπος,
3105 3103 3168 3156 τὸ
3193 3101 3525 3173 ὲξοχώτατον
3560 3103 3714 3175 παρά

442 3206 535 3270 sit,
567 3219 707 3275 opus
737 3203 984 3259 onmium
1017 3219 1139 3274 qum
1171 3203 1228 3257 in
1255 3210 1403 3258 terra
1441 3203 1665 3258 condita
1708 3208 1838 3258 sunt
1868 3202 2027 3274 longe

2135 3197 2313 3254 πάντα
2344 3195 2414 3250 τὰ
2447 3196 2540 3248 ἐπὶ
2571 3195 2672 3266 τῆς
2697 3194 2802 3267 γῆς
2829 3195 3150 3266 ἐκτισμένα,
3177 3195 3270 3249 τὸν
3296 3197 3390 3250 ἐπὶ
3419 3195 3497 3268 τῷ
3522 3189 3712 3267 ἄρχειν

440 3297 990 3367 praestantissimum;
1023 3295 1170 3367 quod
1207 3303 1266 3350 ut
1303 3297 1598 3367 imperaret
1629 3296 1845 3352 czetcris
1874 3297 2029 3351 inex-

442 3388 684 3460 plicabili
719 3386 958 3460 quadam
987 3395 1074 3442 est
1113 3401 1144 3440 a
1196 3385 1308 3442 Deo
1363 3387 1632 3458 sapientia
1665 3387 2023 3458 productum;

441 3483 532 3536 cui
573 3481 811 3552 denique
859 3495 1045 3536 rerum
1076 3479 1322 3535 omnium
1363 3494 1395 3533 a
1427 3494 1486 3534 se
1515 3487 1825 3534 creatarum
1855 3478 2027 3535 domi-

441 3584 630 3630 natum
664 3588 728 3628 ac
774 3572 1143 3644 principatum
1173 3571 1390 3627 deferre
1419 3578 1687 3626 Statuerat
1717 3591 1730 3626 :
1760 3571 2030 3642 quemad-

442 3665 668 3720 modum
695 3665 811 3719 haec
846 3664 1011 3719 verba
1055 3663 1375 3719 declarant:
1430 3661 1720 3716 Faciamus
1765 3662 2027 3717 hominem

444 3757 514 3812 ad
553 3758 839 3827 imaginem
881 3765 1122 3811 nostram
1159 3763 1210 3810 et
1256 3753 1694 3819 similitudinem;
1725 3763 1775 3808 et
1808 3756 2026 3822 prtesint

441 3848 672 3918 piscibus
695 3849 884 3918 maris,
908 3858 957 3902 et
980 3847 1285 3902 volatilibus
1313 3847 1451 3913 cozli,
1477 3856 1526 3900 et
1549 3846 1823 3915 reptilibus
1847 3858 2024 3911 terrte,

442 3953 492 3998 et
526 3942 820 4012 jumentis,
879 3951 928 3996 et
967 3941 1186 4007 bestiis,
1230 3949 1280 3995 et
1321 3939 1565 3994 omnibus
1613 3955 1730 4009 qua,
1782 3940 1838 3992 in
1883 3949 2026 3994 terra

445 4043 566 4089 sunt
597 4036 640 4091 ².
674 4032 876 4090 Verum
923 4033 1185 4105 quoniam
1221 4031 1289 4086 ad
1337 4031 1430 4086 Dei
1476 4031 1768 4102 imaginem
1807 4038 2025 4086 creatus

442 4135 549 4191 est,
571 4137 678 4182 tam
701 4127 992 4183 excellenti
1020 4126 1284 4198 dignitate
1314 4133 1584 4181 contentae
1616 4139 1788 4180 saera:
1809 4122 2027 4178 Litterae

443 4219 699 4287 luerunt,
743 4220 893 4274 nulla
943 4229 999 4275 ut
1028 4220 1346 4275 accessione
1375 4233 1514 4290 opus
1561 4233 1683 4273 esse
1726 4217 2022 4272 videretur.

442 4310 581 4366 Nam
633 4312 679 4367 si
732 4311 1000 4368 bonitatis
1057 4311 1232 4382 ipsius
1281 4318 1400 4365 erat
1451 4309 1689 4379 imagine
1739 4308 2021 4378 praeditus,

441 4404 539 4459 Dei
571 4403 829 4458 nimirum
848 4417 911 4457 ac
943 4400 1190 4470 Domini,
1220 4403 1316 4473 qui
1348 4403 1421 4459 sit
1449 4401 1693 4457 omnium
1728 4415 1908 4455 rerum
1938 4414 2027 4452 ar-

2130 3289 2197 3342 ἐκ
2229 3286 2366 3341 Θεοῦ
2409 3287 2731 3358 ἑκτισμένον
2767 3286 2930 3358 σοφία
2957 3288 3204 3358 ἀρρήτῳ,
3238 3280 3282 3355 ᾧ
3309 3287 3501 3358 ἔμελλε
3534 3305 3713 3360 παρα-

2129 3380 2331 3434 διδόναι
2380 3379 2514 3443 Θεὺς
2553 3381 2632 3442 εἰς
2665 3379 2986 3432 δεσποτείαν
3025 3379 3135 3434 τῶν
3165 3381 3256 3434 ὑπ’
3291 3379 3459 3434 αὑτοῦ
3493 3381 3713 3434 πάντων

2129 3474 2493 3546 ὲκτισμένων,
2519 3473 2595 3538 ὦς
2625 3491 2790 3546 φησι⁶
2830 3474 3188 3544 Ποιήσωμεν
3226 3473 3544 3544 ἄνθρωπον
3584 3475 3716 3529 κατ’

2128 3567 2332 3622 εἰκόνα
2363 3565 2658 3636 ἡμετέραν
2687 3567 2788 3621 καί
2823 3567 2951 3620 καθ’
2973 3567 3258 3635 ὁμοίωσιν
3276 3583 3291 3596 ο
3331 3566 3431 3620 καί
3459 3566 3715 3636 ἀρχέτω-

2128 3675 2252 3715 σαν
2281 3658 2401 3714 τῶν
2434 3660 2654 3728 ἰχθύων
2694 3657 2804 3728 τῆς
2847 3659 3168 3727 θαλάσσης
3229 3659 3330 3713 καί
3370 3659 3488 3714 τῶν
3525 3675 3716 3714 πετει-

2127 3752 2251 3806 νῶν
2295 3751 2401 3806 τοῦ
2431 3751 2712 3819 οὐρανοῦ,
2746 3749 2846 3804 καί
2876 3749 2996 3804 τῶν
3019 3750 3284 3819 ἑρπετῶν
3306 3750 3418 3820 τῆς
3451 3744 3584 3822 γῆς,
3615 3750 3715 3805 καί

2129 3843 2384 3912 κτηνῶν,
2423 3843 2524 3898 καὶ
2547 3843 2785 3913 θηρίων.
2819 3843 2920 3898 καί
2953 3843 3195 3898 πάντων
3229 3844 3348 3898 τῶν
3380 3844 3572 3898 ὄντων
3612 3844 3711 3898 ἐπὶ

2127 3937 2239 4006 τῆς
2277 3937 2411 4007 γῆς.
2461 3937 2600 3990 Ἀλλ’
2651 3936 2839 4007 ἐπειδὴ
2886 3937 3003 3990 κατ’
3055 3937 3242 3991 εἰκόνα
3286 3936 3421 3990 Θεοῦ
3464 3937 3712 4008 ἐκτίσθη,

2127 4029 2372 4101 ἠρκέσθη
2401 4029 2462 4082 τὸ
2502 4031 2642 4083 θεῖον
2682 4029 2920 4100 γράμμα
2957 4027 3032 4100 τῷ
3057 4029 3296 4100 τοσούτῳ
3330 4028 3602 4100 ἀξιώματι
3636 4029 3712 4100 μὴ

2129 4122 2315 4193 χρείαν
2348 4121 2492 4192 ἔχειν
2527 4120 2846 4193 προσθήκης
2871 4121 2973 4175 ἔτι.
3003 4122 3066 4175 Εἰ
3099 4122 3207 4194 γὰρ
3240 4121 3412 4192 αὐτῆς
3439 4122 3541 4192 τῆς
3568 4122 3711 4190 ἀγα-

2128 4214 2350 4284 θότητος
2396 4209 2507 4284 εἶχε
2555 4213 2893 4284 κεκτημένος
2935 4213 3035 4284 τὴν
3068 4213 3284 4279 εἰκόνα,
3334 4213 3479 4286 φημὶ
3516 4213 3573 4266 δὲ
3597 4213 3713 4268 τοῦ

2129 4307 2338 4378 Κυρίου
2372 4304 2508 4359 Θεοῦ
2536 4305 2718 4378 πάσης
2744 4304 2976 4369 κτίσεως
2995 4303 3330 4378 δημιουργοῦ
3359 4307 3453 4359 καὶ
3481 4303 3710 4372 ἀγαθοῦ,

2128 4399 2189 4464 ἐξ
2215 4393 2277 4453 οὗ
2325 4400 2476 4452 πᾶσα
2523 4398 2673 4470 πηγὴ
2706 4397 3071 4468 ἀγαθοσύνης,
3105 4397 3165 4462 ἐξ
3197 4392 3259 4451 οὗ
3301 4397 3364 4451 τὸ
3402 4398 3606 4466 ἀγαθὸν
3653 4400 3713 4450 ἐν

441 4495 575 4551 tilex
607 4510 671 4551 ac
696 4495 898 4554 bonus,
923 4511 954 4548 a
976 4508 1086 4566 quo
1102 4493 1366 4549 bonitatis
1395 4494 1522 4548 fons
1545 4492 1746 4554 omnis,
1781 4490 2025 4560 adeoque

2130 4493 2296 4546 πᾶσιν
2352 4492 2618 4563 ὑπάρχει’
2681 4490 2801 4555 πῶς
2854 4491 2934 4544 ἔτι
2990 4490 3181 4563 χρείαν
3234 4488 3348 4562 εἶχε
3403 4491 3711 4564 μαρτυρίας

439 4589 647 4645 bonum
677 4587 841 4660 635
868 4587 1046 4657 ipsum
1081 4586 1137 4640 in
1164 4586 1421 4641 universa
1451 4585 1750 4650 derivatur,
1783 4582 1914 4654 quid
1945 4591 2027 4636 at-

443 4677 653 4733 tinebat
685 4677 790 4730 hoc
840 4674 1034 4729 audire
1072 4673 1488 4738 testimonium,
1527 4670 1594 4726 Et
1630 4687 1746 4726 ecce
1790 4671 1982 4724 bonum
2007 4709 2022 4735 ,

439 4780 567 4822 cum
588 4765 716 4820 boui
741 4766 913 4836 ipsius
935 4763 1226 4836 imaginem
1261 4763 1316 4816 in
1347 4777 1468 4818 sese
1490 4761 1839 4816 contineret?
1865 4759 2025 4815 Post-

439 4875 505 4915 ea
549 4866 772 4924 tamen,
815 4857 1084 4913 absolutis
1128 4856 1388 4912 omnibus
1437 4855 1804 4924 universeque
1859 4868 2023 4928 opere

442 4951 710 5023 perfecto,
743 4950 892 5006 velut
933 4949 1268 5019 obsignans,
1303 4946 1446 5002 idem
1497 4947 1563 5002 de
1590 4945 1845 5000 omnibus
1872 4944 2026 5000 testi-

439 5043 687 5097 monium
713 5041 931 5097 divinus
955 5055 1140 5097 sermo
1165 5038 1394 5110 protulit
1434 5057 1446 5092 :
1481 5035 1549 5090 Et
1573 5036 1705 5092 vidit
1731 5035 1874 5090 Deus
1897 5051 2026 5093 cun-

441 5144 529 5187 cta
556 5149 674 5204 quia
715 5133 936 5204 fecerat,
967 5141 1017 5186 et
1058 5147 1172 5186 ecce
1217 5129 1369 5185 valde
1408 5128 1578 5192 bona;
1611 5127 1702 5182 ubi
1751 5136 1804 5182 et
1833 5141 2022 5180 vocem

440 5227 614 5292 illam,
639 5226 812 5289 valde,
847 5225 1091 5281 additam
1121 5223 1295 5279 voluit
1331 5222 1471 5293 (erat
1499 5236 1630 5276 vero
1659 5227 1775 5273 tum
1801 5236 1851 5273 vi
1879 5217 2020 5281 dies,

439 5319 529 5373 vel
556 5318 758 5388 quietis
793 5319 891 5391 vu)
917 5357 934 5385 ,
965 5325 1058 5383 ut,
1090 5316 1240 5371 onmi
1285 5314 1527 5386 perversi
1577 5312 1725 5368 illius
1766 5312 1832 5366 de
1875 5312 2020 5366 male

441 5407 717 5480 dogmatis
757 5411 902 5465 velut
933 5409 1119 5464 radice
1153 5406 1397 5472 sublata,
1433 5418 1625 5461 ansam
1671 5403 1798 5458 inde
1833 5403 2019 5458 nullus

441 5507 608 5555 tantm
647 5501 974 5557 temeritatis
1018 5499 1322 5569 arriperet,
1365 5497 1756 5567 sempiternam
1795 5505 1853 5549 ut
1895 5511 2020 5550 esse

440 5594 702 5650 malitiam
731 5591 1022 5665 cogitaret.
1045 5591 1178 5645 Nam
1201 5589 1473 5661 ejusmodi
1497 5589 1564 5645 de
1585 5589 1676 5643 illa
1704 5602 2040 5655 sermonum

2124 4585 2381 4649 ἀκοῦσαι,
2411 4586 2493 4639 ὅτι
2527 4584 2674 4640 Ἰδοὺ
2723 4584 2948 4650 καλὸν,
2981 4584 3142 4638 ὁπότε
3184 4585 3283 4656 τὴν
3325 4585 3512 4638 εἰκόνα
3545 4584 3709 4637 αὑτοῦ

2122 4678 2218 4731 τοῦ
2245 4676 2412 4731 καλοῦ
2447 4672 2562 4749 εἶχε
2595 4676 2967 4748 κεκτημένοςς
3008 4675 3125 4746 Ἐφ’
3157 4676 3384 4749 ὕστερον
3415 4677 3472 4730 δὲ
3498 4677 3592 4729 ἐπὶ
3617 4677 3708 4730 τέ-

2122 4767 2204 4822 λει
2243 4767 2352 4821 τῶν
2395 4768 2553 4834 ὅλων,
2599 4768 2741 4840 μετὰ
2771 4768 2836 4822 τὸ
2866 4768 3090 4840 ποιῆσαι
3117 4770 3298 4822 πᾶσαν
3329 4768 3707 4840 δημιουργίαν,

2124 4857 2668 4928 ὲπισφραγισάμενος
2705 4859 2733 4912 ὁ
2767 4857 2910 4922 θεῖος
2939 4857 3118 4926 λόγος,
3144 4861 3257 4922 τοῖς
3289 4860 3424 4912 πᾶσι
3470 4860 3567 4930 τὴν
3616 4859 3712 4912 αὑ·

2127 4949 2226 5020 τὴν
2258 4949 2567 5021 μαρτυρίαν
2594 4948 2863 5021 προύθετο
2891 4949 3115 5020 φάσκων
3137 4967 3150 4978 ·
3176 4950 3286 5004 Καὶ
3315 4950 3479 5004 εἶδεν
3499 4954 3532 5005 ό
3568 4953 3711 5017 Θεὸς

2127 5037 2326 5093 πάντα
2367 5039 2488 5094 ὅσα
2527 5039 2803 5108 ἐποίησε,
2849 5039 2950 5093 καί
2993 5037 3122 5093 ἰδοὺ
3155 5039 3314 5094 καλὰ
3356 5041 3532 5094 λίαν·
3573 5042 3712 5112 μετὰ

2126 5133 2446 5206 προσθήκης
2489 5132 2583 5186 τοῦ
2633 5134 2778 5187 λίαν
2823 5132 3002 5186 εἰπών
3071 5132 3253 5204 (αῦτη
3305 5133 3361 5187 δὲ
3417 5133 3711 5204 ἐτύγχανεν

2121 5223 2255 5296 ἕκτη
2291 5224 2476 5294 ἡμέρα
2504 5225 2600 5277 καὶ
2629 5223 2843 5295 ἑϐδόμη,
2874 5223 3299 5296 καταπαύσεως)
3315 5241 3341 5278 κ’
3374 5226 3459 5278 ἰνα
3487 5226 3587 5297 τὴν
3627 5225 3710 5296 ῥί-

2126 5313 2226 5379 ζαν
2247 5314 2346 5385 τὴν
2374 5315 2503 5386 περὶ
2531 5313 2626 5368 τοῦ
2661 5315 2834 5369 κακοῦ
2879 5315 3108 5384 ἀνελὼν,
3144 5316 3341 5388 μηκέτι
3373 5315 3524 5387 εὖροι
3567 5317 3704 5386 πρό⁸

2128 5406 2291 5476 φασίν
2333 5423 2417 5470 τις
2461 5406 2620 5461 τοῦτο
2657 5407 2949 5478 τολμῆσαι,
2983 5407 3332 5472 ἀῖδιάζουσαν
3373 5407 3471 5478 τὴν
3513 5408 3711 5461 κακίαν

2125 5496 2472 5551 διανοεῖσθαι.
2519 5498 2813 5570 Ἀνῄρηται
2845 5498 2955 5570 γὰρ
2981 5502 3010 5553 ό
3037 5499 3200 5563 αὐτὸς
3224 5499 3352 5571 περὶ
3381 5499 3588 5569 ταύτης
3615 5499 3703 5552 λό-

2130 5606 2244 5670 γος.
2279 5587 2533 5661 Οὑδαμοῦ
2564 5590 2671 5663 γὰρ
2692 5588 2759 5664 ἦν
2783 5591 2846 5645 τὸ
2871 5592 3059 5660 κακὸν,
3087 5592 3308 5647 πάντων
3335 5591 3517 5646 καλῶν
3539 5591 3711 5646 ὄντων

516 5748 688 5806 ίίίειι.
723 5762 766 5813 ι,
801 5748 886 5814 10,
924 5747 1008 5815 l2,
1044 5748 1128 5812 18,
1160 5746 1251 5813 il,
1447 5749 1466 5778 ³
1506 5744 1632 5802 ibid.
1678 5761 1712 5811 I,
1743 5744 1830 5812 26.
1910 5744 1928 5774 ³
1970 5742 2027 5797 F.

2129 5744 2150 5812 lt
2186 5745 2398 5816 πείρας.
