  <div class='ocr_page' id='page_1' title='image "/cluster/home/n/w/nwhite01/storage/ocr_20150623/42/nnc1.0046978682/036.png"; bbox 0 0 4076 6392; ppageno 0'>
   <div class='ocr_carea' id='block_1_1' title="bbox 303 376 3600 441">
    <p class='ocr_par' dir='ltr' id='par_1_1' title="bbox 303 376 3600 441">
     <span class='ocr_line' id='line_1_1' title="bbox 303 376 3600 441; baseline 0.002 -8"><span class='ocrx_word' id='word_1_1' title='bbox 303 376 375 433; x_wconf 77' lang='lat'><strong>57</strong></span> <span class='ocrx_word' id='word_1_2' title='bbox 923 376 1300 434; x_wconf 75' lang='lat' dir='ltr'><strong>ADVERSUS</strong></span> <span class='ocrx_word' id='word_1_3' title='bbox 1338 378 1682 436; x_wconf 60' lang='lat' dir='ltr'><strong>HIERESES</strong></span> <span class='ocrx_word' id='word_1_4' title='bbox 1716 378 1850 434; x_wconf 82' lang='lat' dir='ltr'><strong>LIB.</strong></span> <span class='ocrx_word' id='word_1_5' title='bbox 1890 376 1959 434; x_wconf 91' lang='lat' dir='ltr'><strong>ll.</strong></span> <span class='ocrx_word' id='word_1_6' title='bbox 2001 378 2165 438; x_wconf 83' lang='lat' dir='ltr'><strong>TOM.</strong></span> <span class='ocrx_word' id='word_1_7' title='bbox 2208 382 2273 440; x_wconf 88' lang='grc' dir='ltr'><strong>ΙΙ.</strong></span> <span class='ocrx_word' id='word_1_8' title='bbox 2312 415 2383 426; x_wconf 93' lang='lat'><strong>-—</strong></span> <span class='ocrx_word' id='word_1_9' title='bbox 2419 382 2703 441; x_wconf 63' lang='lat' dir='ltr'><strong>HERES.</strong></span> <span class='ocrx_word' id='word_1_10' title='bbox 2743 380 2927 438; x_wconf 78' lang='lat' dir='ltr'><strong>LXVI.</strong></span> <span class='ocrx_word' id='word_1_11' title='bbox 3531 383 3600 439; x_wconf 77' lang='lat'><strong>58</strong></span> 
     </span>
    </p>
   </div>
   <div class='ocr_carea' id='block_1_2' title="bbox 304 492 1912 570">
    <p class='ocr_par' dir='ltr' id='par_1_2' title="bbox 304 492 1899 567">
     <span class='ocr_line' id='line_1_2' title="bbox 304 492 1899 567; baseline 0.001 -22"><span class='ocrx_word' id='word_1_12' title='bbox 304 492 449 556; x_wconf 83' lang='grc' dir='ltr'>λίαν,</span> <span class='ocrx_word' id='word_1_13' title='bbox 483 493 579 547; x_wconf 76' lang='grc' dir='ltr'>καὶ</span> <span class='ocrx_word' id='word_1_14' title='bbox 605 494 671 547; x_wconf 89' lang='grc' dir='ltr'><strong>ἐκ</strong></span> <span class='ocrx_word' id='word_1_15' title='bbox 701 492 838 548; x_wconf 87' lang='grc' dir='ltr'>Θεοῦ</span> <span class='ocrx_word' id='word_1_16' title='bbox 866 492 1075 563; x_wconf 88' lang='grc' dir='ltr'>ἀγαθοῦ</span> <span class='ocrx_word' id='word_1_17' title='bbox 1105 493 1518 567; x_wconf 79' lang='grc' dir='ltr'><strong>γεγενημένων,</strong></span> <span class='ocrx_word' id='word_1_18' title='bbox 1563 495 1660 550; x_wconf 70' lang='grc' dir='ltr'>καὶ</span> <span class='ocrx_word' id='word_1_19' title='bbox 1692 510 1899 566; x_wconf 87' lang='grc' dir='ltr'>μεμαρ-</span> 
     </span>
    </p>
   </div>
   <div class='ocr_carea' id='block_1_3' title="bbox 2012 492 3598 570">
    <p class='ocr_par' dir='ltr' id='par_1_3' title="bbox 2012 494 3598 570">
     <span class='ocr_line' id='line_1_3' title="bbox 2012 494 3598 570; baseline 0.001 -21"><span class='ocrx_word' id='word_1_20' title='bbox 2012 497 2223 554; x_wconf 81' lang='lat' dir='ltr'><strong>occasio</strong></span> <span class='ocrx_word' id='word_1_21' title='bbox 2243 499 2580 570; x_wconf 77' lang='lat' dir='ltr'><strong>praeciditur.</strong></span> <span class='ocrx_word' id='word_1_22' title='bbox 2608 497 2795 568; x_wconf 82' lang='lat' dir='ltr'><strong>Neque</strong></span> <span class='ocrx_word' id='word_1_23' title='bbox 2813 496 2959 551; x_wconf 90' lang='lat' dir='ltr'><strong>enim</strong></span> <span class='ocrx_word' id='word_1_24' title='bbox 2982 494 3186 550; x_wconf 88' lang='lat' dir='ltr'><strong>malum</strong></span> <span class='ocrx_word' id='word_1_25' title='bbox 3213 494 3429 567; x_wconf 78' lang='lat' dir='ltr'><strong>uspiam</strong></span> <span class='ocrx_word' id='word_1_26' title='bbox 3458 507 3598 561; x_wconf 84' lang='lat' dir='ltr'><strong>erat,</strong></span> 
     </span>
    </p>
   </div>
   <div class='ocr_carea' id='block_1_4' title="bbox 301 584 654 657">
    <p class='ocr_par' dir='ltr' id='par_1_4' title="bbox 301 584 654 657">
     <span class='ocr_line' id='line_1_4' title="bbox 301 584 654 657; baseline 0 -19"><span class='ocrx_word' id='word_1_27' title='bbox 301 603 443 657; x_wconf 73' lang='grc' dir='ltr'>τυρη</span> <span class='ocrx_word' id='word_1_28' title='bbox 452 584 654 656; x_wconf 75' lang='grc' dir='ltr'>μένων.</span> 
     </span>
    </p>
   </div>
   <div class='ocr_carea' id='block_1_5' title="bbox 377 760 1904 835">
    <p class='ocr_par' dir='ltr' id='par_1_5' title="bbox 377 760 1904 835">
     <span class='ocr_line' id='line_1_5' title="bbox 377 760 1904 835; baseline 0.001 -17"><span class='ocrx_word' id='word_1_29' title='bbox 377 765 482 818; x_wconf 71' lang='lat'><strong>19&#39;.</strong></span> <span class='ocrx_word' id='word_1_30' title='bbox 525 765 701 835; x_wconf 82' lang='grc' dir='ltr'>’Υλης</span> <span class='ocrx_word' id='word_1_31' title='bbox 739 763 796 817; x_wconf 81' lang='grc' dir='ltr'><strong>δὲ</strong></span> <span class='ocrx_word' id='word_1_32' title='bbox 825 763 977 835; x_wconf 85' lang='grc' dir='ltr'>διττὴ</span> <span class='ocrx_word' id='word_1_33' title='bbox 1018 761 1365 835; x_wconf 82' lang='grc' dir='ltr'>ήόνομαοία.</span> <span class='ocrx_word' id='word_1_34' title='bbox 1386 760 1467 814; x_wconf 85' lang='lat' dir='ltr'><em>T6</em></span> <span class='ocrx_word' id='word_1_35' title='bbox 1500 760 1601 832; x_wconf 86' lang='grc' dir='ltr'><strong>μὲν</strong></span> <span class='ocrx_word' id='word_1_36' title='bbox 1646 761 1778 831; x_wconf 77' lang='grc' dir='ltr'>γὰρ,</span> <span class='ocrx_word' id='word_1_37' title='bbox 1826 767 1904 823; x_wconf 84' lang='grc' dir='ltr'><strong>ὡς</strong></span> 
     </span>
    </p>
   </div>
   <div class='ocr_carea' id='block_1_6' title="bbox 305 851 1904 927">
    <p class='ocr_par' dir='ltr' id='par_1_6' title="bbox 305 851 1904 927">
     <span class='ocr_line' id='line_1_6' title="bbox 305 851 1904 927; baseline -0.004 -17"><span class='ocrx_word' id='word_1_38' title='bbox 305 859 469 927; x_wconf 73' lang='grc' dir='ltr'>ἔφην,</span> <span class='ocrx_word' id='word_1_39' title='bbox 508 856 653 912; x_wconf 85' lang='grc' dir='ltr'><strong>κατά</strong></span> <span class='ocrx_word' id='word_1_40' title='bbox 688 857 783 910; x_wconf 76' lang='grc' dir='ltr'><strong>τὸν</strong></span> <span class='ocrx_word' id='word_1_41' title='bbox 814 856 943 911; x_wconf 89' lang='grc' dir='ltr'>νοῦν</span> <span class='ocrx_word' id='word_1_42' title='bbox 972 856 1067 910; x_wconf 89' lang='grc' dir='ltr'><strong>τοῦ</strong></span> <span class='ocrx_word' id='word_1_43' title='bbox 1101 854 1386 924; x_wconf 80' lang='grc' dir='ltr'><strong>ἀλιτηρίου</strong></span> <span class='ocrx_word' id='word_1_44' title='bbox 1426 851 1575 906; x_wconf 81' lang='grc' dir='ltr'>ἐστὶν</span> <span class='ocrx_word' id='word_1_45' title='bbox 1621 852 1904 922; x_wconf 74' lang='grc' dir='ltr'><strong>ἐνεργείας</strong></span> 
     </span>
    </p>
   </div>
   <div class='ocr_carea' id='block_1_7' title="bbox 304 942 1901 1021">
    <p class='ocr_par' dir='ltr' id='par_1_7' title="bbox 304 942 1901 1021">
     <span class='ocr_line' id='line_1_7' title="bbox 304 942 1901 1021; baseline -0.003 -19"><span class='ocrx_word' id='word_1_46' title='bbox 304 950 405 1002; x_wconf 74' lang='grc' dir='ltr'><strong>καὶ</strong></span> <span class='ocrx_word' id='word_1_47' title='bbox 431 949 644 1021; x_wconf 77' lang='grc' dir='ltr'>φθορᾶς</span> <span class='ocrx_word' id='word_1_48' title='bbox 677 947 824 1021; x_wconf 68' lang='grc' dir='ltr'>[καὶ]</span> <span class='ocrx_word' id='word_1_49' title='bbox 856 948 1200 1017; x_wconf 79' lang='grc' dir='ltr'>ἀναλωτικῆς</span> <span class='ocrx_word' id='word_1_50' title='bbox 1234 946 1406 1018; x_wconf 74' lang='grc' dir='ltr'>ὄνομα</span> <span class='ocrx_word' id='word_1_51' title='bbox 1422 961 1436 975; x_wconf 88' lang='grc'><strong>·</strong></span> <span class='ocrx_word' id='word_1_52' title='bbox 1462 943 1597 1016; x_wconf 76' lang='grc' dir='ltr'>ὕλην</span> <span class='ocrx_word' id='word_1_53' title='bbox 1622 945 1679 999; x_wconf 82' lang='grc' dir='ltr'>δὲ</span> <span class='ocrx_word' id='word_1_54' title='bbox 1704 942 1901 998; x_wconf 78' lang='grc' dir='ltr'>εἰώθα-</span> 
     </span>
    </p>
   </div>
   <div class='ocr_carea' id='block_1_8' title="bbox 306 1035 1903 1113">
    <p class='ocr_par' dir='ltr' id='par_1_8' title="bbox 306 1035 1903 1113">
     <span class='ocr_line' id='line_1_8' title="bbox 306 1035 1903 1113; baseline -0.004 -19"><span class='ocrx_word' id='word_1_55' title='bbox 306 1058 414 1112; x_wconf 89' lang='grc' dir='ltr'><strong>μεν</strong></span> <span class='ocrx_word' id='word_1_56' title='bbox 439 1041 621 1110; x_wconf 82' lang='grc' dir='ltr'>λέγειν</span> <span class='ocrx_word' id='word_1_57' title='bbox 646 1040 745 1112; x_wconf 79' lang='grc' dir='ltr'><strong>τὴν</strong></span> <span class='ocrx_word' id='word_1_58' title='bbox 768 1041 1043 1113; x_wconf 78' lang='grc' dir='ltr'><strong>κόσμησιν</strong></span> <span class='ocrx_word' id='word_1_59' title='bbox 1063 1040 1299 1095; x_wconf 79' lang='grc' dir='ltr'>ἑκάστου</span> <span class='ocrx_word' id='word_1_60' title='bbox 1321 1038 1646 1110; x_wconf 83' lang='grc' dir='ltr'>πράγματος</span> <span class='ocrx_word' id='word_1_61' title='bbox 1669 1038 1779 1099; x_wconf 78' lang='grc' dir='ltr'>τοῖς</span> <span class='ocrx_word' id='word_1_62' title='bbox 1802 1035 1903 1099; x_wconf 88' lang='grc' dir='ltr'><strong>τάς</strong></span> 
     </span>
    </p>
   </div>
   <div class='ocr_carea' id='block_1_9' title="bbox 306 1126 1903 1206">
    <p class='ocr_par' dir='ltr' id='par_1_9' title="bbox 306 1126 1903 1206">
     <span class='ocr_line' id='line_1_9' title="bbox 306 1126 1903 1206; baseline -0.005 -18"><span class='ocrx_word' id='word_1_63' title='bbox 306 1134 510 1204; x_wconf 71' lang='grc' dir='ltr'>τέχνας</span> <span class='ocrx_word' id='word_1_64' title='bbox 563 1134 987 1206; x_wconf 74' lang='grc' dir='ltr'>ἐργαζομένοις·</span> <span class='ocrx_word' id='word_1_65' title='bbox 1035 1134 1113 1196; x_wconf 78' lang='grc' dir='ltr'>ὡς</span> <span class='ocrx_word' id='word_1_66' title='bbox 1163 1133 1362 1195; x_wconf 79' lang='grc' dir='ltr'>εἰπεῖν,</span> <span class='ocrx_word' id='word_1_67' title='bbox 1417 1129 1517 1201; x_wconf 79' lang='grc' dir='ltr'><strong>ὕλη</strong></span> <span class='ocrx_word' id='word_1_68' title='bbox 1550 1129 1747 1197; x_wconf 84' lang='grc' dir='ltr'><strong>ξύλων,</strong></span> <span class='ocrx_word' id='word_1_69' title='bbox 1800 1126 1903 1197; x_wconf 60' lang='lat' dir='ltr'><strong>om</strong></span> 
     </span>
    </p>
   </div>
   <div class='ocr_carea' id='block_1_10' title="bbox 307 1218 1904 1298">
    <p class='ocr_par' dir='ltr' id='par_1_10' title="bbox 307 1218 1904 1298">
     <span class='ocr_line' id='line_1_10' title="bbox 307 1218 1904 1298; baseline -0.004 -20"><span class='ocrx_word' id='word_1_70' title='bbox 307 1227 679 1298; x_wconf 85' lang='grc' dir='ltr'>πηλουργίας,</span> <span class='ocrx_word' id='word_1_71' title='bbox 722 1225 824 1297; x_wconf 80' lang='grc' dir='ltr'>ὕλη</span> <span class='ocrx_word' id='word_1_72' title='bbox 863 1225 1091 1298; x_wconf 84' lang='grc' dir='ltr'>χρυσοῦ,</span> <span class='ocrx_word' id='word_1_73' title='bbox 1126 1223 1228 1295; x_wconf 78' lang='grc' dir='ltr'><strong>ὕλη</strong></span> <span class='ocrx_word' id='word_1_74' title='bbox 1263 1221 1528 1295; x_wconf 86' lang='grc' dir='ltr'>ἀργύρου.</span> <span class='ocrx_word' id='word_1_75' title='bbox 1566 1220 1801 1289; x_wconf 79' lang='grc' dir='ltr'><strong>Λέγεται</strong></span> <span class='ocrx_word' id='word_1_76' title='bbox 1846 1218 1904 1271; x_wconf 85' lang='grc' dir='ltr'>δὲ</span> 
     </span>
    </p>
   </div>
   <div class='ocr_carea' id='block_1_11' title="bbox 311 1311 1904 1391">
    <p class='ocr_par' dir='ltr' id='par_1_11' title="bbox 311 1311 1904 1391">
     <span class='ocr_line' id='line_1_11' title="bbox 311 1311 1904 1391; baseline -0.006 -19"><span class='ocrx_word' id='word_1_77' title='bbox 311 1320 419 1388; x_wconf 83' lang='grc' dir='ltr'>ὖλη</span> <span class='ocrx_word' id='word_1_78' title='bbox 449 1338 539 1385; x_wconf 87' lang='grc' dir='ltr'><strong>τις</strong></span> <span class='ocrx_word' id='word_1_79' title='bbox 560 1319 827 1391; x_wconf 75' lang='grc' dir='ltr'><strong>ἐργασίας</strong></span> <span class='ocrx_word' id='word_1_80' title='bbox 857 1320 914 1370; x_wconf 91' lang='grc' dir='ltr'><strong>ἐν</strong></span> <span class='ocrx_word' id='word_1_81' title='bbox 941 1321 1057 1382; x_wconf 88' lang='grc' dir='ltr'>τοῖς</span> <span class='ocrx_word' id='word_1_82' title='bbox 1088 1316 1395 1387; x_wconf 85' lang='grc' dir='ltr'>σώμασινή</span> <span class='ocrx_word' id='word_1_83' title='bbox 1424 1314 1532 1368; x_wconf 75' lang='grc' dir='ltr'><strong>ἀπὸ</strong></span> <span class='ocrx_word' id='word_1_84' title='bbox 1566 1311 1904 1383; x_wconf 83' lang='grc' dir='ltr'>φθαρμάτων</span> 
     </span>
    </p>
   </div>
   <div class='ocr_carea' id='block_1_12' title="bbox 309 1405 1905 1481">
    <p class='ocr_par' dir='ltr' id='par_1_12' title="bbox 309 1405 1905 1481">
     <span class='ocr_line' id='line_1_12' title="bbox 309 1405 1905 1481; baseline -0.007 -16"><span class='ocrx_word' id='word_1_85' title='bbox 309 1411 617 1476; x_wconf 76' lang='grc' dir='ltr'>κακώσεως</span> <span class='ocrx_word' id='word_1_86' title='bbox 660 1409 1025 1481; x_wconf 82' lang='grc' dir='ltr'>συναγομένη.</span> <span class='ocrx_word' id='word_1_87' title='bbox 1061 1408 1284 1478; x_wconf 80' lang='grc' dir='ltr'>Λεγὲτω</span> <span class='ocrx_word' id='word_1_88' title='bbox 1326 1407 1507 1460; x_wconf 92' lang='grc' dir='ltr'>τοίνυν</span> <span class='ocrx_word' id='word_1_89' title='bbox 1529 1406 1559 1458; x_wconf 99' lang='lat'><strong>6</strong></span> <span class='ocrx_word' id='word_1_90' title='bbox 1592 1405 1905 1475; x_wconf 85' lang='grc' dir='ltr'>πρόσφατος</span> 
     </span>
    </p>
   </div>
   <div class='ocr_carea' id='block_1_13' title="bbox 307 1497 1902 1574">
    <p class='ocr_par' dir='ltr' id='par_1_13' title="bbox 307 1497 1902 1574">
     <span class='ocr_line' id='line_1_13' title="bbox 307 1497 1902 1574; baseline -0.006 -16"><span class='ocrx_word' id='word_1_91' title='bbox 307 1506 467 1574; x_wconf 67' lang='grc' dir='ltr'>ἥκων</span> <span class='ocrx_word' id='word_1_92' title='bbox 514 1503 732 1574; x_wconf 81' lang='grc' dir='ltr'>μάντις,</span> <span class='ocrx_word' id='word_1_93' title='bbox 763 1503 861 1557; x_wconf 79' lang='grc' dir='ltr'>καὶ</span> <span class='ocrx_word' id='word_1_94' title='bbox 895 1502 964 1555; x_wconf 91' lang='grc' dir='ltr'><strong>τά</strong></span> <span class='ocrx_word' id='word_1_95' title='bbox 1011 1501 1118 1573; x_wconf 82' lang='grc' dir='ltr'><strong>πρὸ</strong></span> <span class='ocrx_word' id='word_1_96' title='bbox 1159 1500 1372 1554; x_wconf 79' lang='grc' dir='ltr'>αἰώνων</span> <span class='ocrx_word' id='word_1_97' title='bbox 1416 1497 1902 1568; x_wconf 85' lang='grc' dir='ltr'>ἐπαγγελλόμενος.</span> 
     </span>
    </p>
   </div>
   <div class='ocr_carea' id='block_1_14' title="bbox 322 1588 1905 1667">
    <p class='ocr_par' dir='ltr' id='par_1_14' title="bbox 322 1588 1905 1667">
     <span class='ocr_line' id='line_1_14' title="bbox 322 1588 1905 1667; baseline -0.006 -18"><span class='ocrx_word' id='word_1_98' title='bbox 322 1596 629 1667; x_wconf 85' lang='grc' dir='ltr'>Ἐτόλμησε</span> <span class='ocrx_word' id='word_1_99' title='bbox 666 1592 778 1666; x_wconf 90' lang='grc' dir='ltr'><strong>γάρ</strong></span> <span class='ocrx_word' id='word_1_100' title='bbox 807 1595 837 1647; x_wconf 88' lang='lat'><strong>6</strong></span> <span class='ocrx_word' id='word_1_101' title='bbox 875 1591 1115 1656; x_wconf 90' lang='grc' dir='ltr'>τοιοῦτος</span> <span class='ocrx_word' id='word_1_102' title='bbox 1150 1592 1243 1645; x_wconf 78' lang='grc' dir='ltr'><strong>καὶ</strong></span> <span class='ocrx_word' id='word_1_103' title='bbox 1288 1589 1515 1661; x_wconf 82' lang='grc' dir='ltr'>Πνεῦμα</span> <span class='ocrx_word' id='word_1_104' title='bbox 1554 1588 1905 1661; x_wconf 80' lang='grc' dir='ltr'>παράκλητον</span> 
     </span>
    </p>
   </div>
   <div class='ocr_carea' id='block_1_15' title="bbox 310 1678 1904 1755">
    <p class='ocr_par' dir='ltr' id='par_1_15' title="bbox 310 1678 1904 1755">
     <span class='ocr_line' id='line_1_15' title="bbox 310 1678 1904 1755; baseline -0.006 -15"><span class='ocrx_word' id='word_1_105' title='bbox 310 1688 507 1742; x_wconf 75' lang='grc' dir='ltr'>ἑαυτὸν</span> <span class='ocrx_word' id='word_1_106' title='bbox 549 1687 765 1755; x_wconf 77' lang='grc' dir='ltr'>λέγειν’</span> <span class='ocrx_word' id='word_1_107' title='bbox 795 1685 985 1740; x_wconf 76' lang='grc' dir='ltr'>ἄλλοτε</span> <span class='ocrx_word' id='word_1_108' title='bbox 1010 1684 1068 1737; x_wconf 87' lang='grc' dir='ltr'>δὲ</span> <span class='ocrx_word' id='word_1_109' title='bbox 1108 1684 1409 1738; x_wconf 86' lang='grc' dir='ltr'>ἀπόστολον</span> <span class='ocrx_word' id='word_1_110' title='bbox 1462 1680 1637 1751; x_wconf 83' lang='grc' dir='ltr'>Ἰησοῦ</span> <span class='ocrx_word' id='word_1_111' title='bbox 1666 1678 1904 1752; x_wconf 83' lang='grc' dir='ltr'>Χριστοῦ</span> 
     </span>
    </p>
   </div>
   <div class='ocr_carea' id='block_1_16' title="bbox 310 1770 1905 1850">
    <p class='ocr_par' dir='ltr' id='par_1_16' title="bbox 310 1770 1905 1850">
     <span class='ocr_line' id='line_1_16' title="bbox 310 1770 1905 1850; baseline -0.006 -16"><span class='ocrx_word' id='word_1_112' title='bbox 310 1781 529 1845; x_wconf 75' lang='grc' dir='ltr'>ἑαυτὸν,</span> <span class='ocrx_word' id='word_1_113' title='bbox 561 1781 637 1844; x_wconf 86' lang='grc' dir='ltr'><strong>ὡς</strong></span> <span class='ocrx_word' id='word_1_114' title='bbox 670 1780 831 1850; x_wconf 84' lang='grc' dir='ltr'>ἐφην,</span> <span class='ocrx_word' id='word_1_115' title='bbox 859 1778 1208 1849; x_wconf 79' lang='grc' dir='ltr'>ἐπιφημίζει,</span> <span class='ocrx_word' id='word_1_116' title='bbox 1240 1776 1365 1829; x_wconf 71' lang='grc' dir='ltr'>οὔτε</span> <span class='ocrx_word' id='word_1_117' title='bbox 1395 1770 1533 1837; x_wconf 84' lang='grc' dir='ltr'>εἶδος</span> <span class='ocrx_word' id='word_1_118' title='bbox 1573 1773 1905 1845; x_wconf 81' lang='grc' dir='ltr'>περιστερᾶς</span> 
     </span>
    </p>
   </div>
   <div class='ocr_carea' id='block_1_17' title="bbox 308 1844 1980 1942">
    <p class='ocr_par' dir='ltr' id='par_1_17' title="bbox 308 1844 1980 1942">
     <span class='ocr_line' id='line_1_17' title="bbox 308 1844 1980 1942; baseline -0.007 -16"><span class='ocrx_word' id='word_1_119' title='bbox 308 1890 446 1926; x_wconf 75' lang='grc' dir='ltr'>ποτε</span> <span class='ocrx_word' id='word_1_120' title='bbox 493 1844 882 1942; x_wconf 66' lang='grc' dir='ltr'>ἐνδυσάμενος,</span> <span class='ocrx_word' id='word_1_121' title='bbox 928 1844 1054 1923; x_wconf 70' lang='grc' dir='ltr'><strong>οῦδέ</strong></span> <span class='ocrx_word' id='word_1_122' title='bbox 1089 1870 1152 1922; x_wconf 80' lang='grc' dir='ltr'><strong>τὸ</strong></span> <span class='ocrx_word' id='word_1_123' title='bbox 1195 1868 1291 1922; x_wconf 86' lang='grc' dir='ltr'>ἀπ’</span> <span class='ocrx_word' id='word_1_124' title='bbox 1316 1865 1547 1938; x_wconf 86' lang='grc' dir='ltr'>οὐρανοῦ</span> <span class='ocrx_word' id='word_1_125' title='bbox 1580 1844 1661 1927; x_wconf 87' lang='grc' dir='ltr'>εἰς</span> <span class='ocrx_word' id='word_1_126' title='bbox 1704 1862 1908 1934; x_wconf 76' lang='grc' dir='ltr'>ἔνδυμα</span> <span class='ocrx_word' id='word_1_127' title='bbox 1937 1844 1980 1899; x_wconf 79' lang='grc' dir='ltr'><strong>Β</strong></span> 
     </span>
    </p>
   </div>
   <div class='ocr_carea' id='block_1_18' title="bbox 309 1954 1908 2035">
    <p class='ocr_par' dir='ltr' id='par_1_18' title="bbox 309 1954 1908 2035">
     <span class='ocr_line' id='line_1_18' title="bbox 309 1954 1908 2035; baseline -0.006 -17"><span class='ocrx_word' id='word_1_128' title='bbox 309 1962 626 2035; x_wconf 72' lang='grc' dir='ltr'>ἀφθαρσίας</span> <span class='ocrx_word' id='word_1_129' title='bbox 648 1962 879 2033; x_wconf 83' lang='grc' dir='ltr'>δύναμιν</span> <span class='ocrx_word' id='word_1_130' title='bbox 908 1964 1022 2025; x_wconf 86' lang='grc' dir='ltr'>τοῖς</span> <span class='ocrx_word' id='word_1_131' title='bbox 1048 1959 1370 2021; x_wconf 80' lang='grc' dir='ltr'>ἀποστόλοις</span> <span class='ocrx_word' id='word_1_132' title='bbox 1410 1955 1658 2029; x_wconf 83' lang='grc' dir='ltr'>πεμφθὲν</span> <span class='ocrx_word' id='word_1_133' title='bbox 1682 1954 1908 2025; x_wconf 88' lang='grc' dir='ltr'>Πνεῦμα</span> 
     </span>
    </p>
   </div>
   <div class='ocr_carea' id='block_1_19' title="bbox 312 2047 1905 2128">
    <p class='ocr_par' dir='ltr' id='par_1_19' title="bbox 312 2047 1905 2128">
     <span class='ocr_line' id='line_1_19' title="bbox 312 2047 1905 2128; baseline -0.006 -18"><span class='ocrx_word' id='word_1_134' title='bbox 312 2055 693 2128; x_wconf 74' lang='grc' dir='ltr'>παράκλητον,</span> <span class='ocrx_word' id='word_1_135' title='bbox 729 2054 759 2107; x_wconf 84' lang='grc' dir='ltr'><strong>δ</strong></span> <span class='ocrx_word' id='word_1_136' title='bbox 804 2052 1175 2125; x_wconf 80' lang='grc' dir='ltr'>ἐπηγγείλατο</span> <span class='ocrx_word' id='word_1_137' title='bbox 1224 2052 1467 2122; x_wconf 82' lang='grc' dir='ltr'>πέμπειν</span> <span class='ocrx_word' id='word_1_138' title='bbox 1504 2050 1532 2102; x_wconf 90' lang='lat'><strong>6</strong></span> <span class='ocrx_word' id='word_1_139' title='bbox 1572 2047 1905 2119; x_wconf 84' lang='grc' dir='ltr'>Μονογενὴς,</span> 
     </span>
    </p>
   </div>
   <div class='ocr_carea' id='block_1_20' title="bbox 308 2138 1908 2215">
    <p class='ocr_par' dir='ltr' id='par_1_20' title="bbox 308 2138 1908 2215">
     <span class='ocr_line' id='line_1_20' title="bbox 308 2138 1908 2215; baseline -0.005 -16"><span class='ocrx_word' id='word_1_140' title='bbox 308 2148 385 2201; x_wconf 80' lang='grc' dir='ltr'>οὐ</span> <span class='ocrx_word' id='word_1_141' title='bbox 415 2144 571 2215; x_wconf 80' lang='grc' dir='ltr'>μετὰ</span> <span class='ocrx_word' id='word_1_142' title='bbox 597 2144 837 2211; x_wconf 78' lang='grc' dir='ltr'>πολλὰς</span> <span class='ocrx_word' id='word_1_143' title='bbox 862 2142 1093 2213; x_wconf 75' lang='grc' dir='ltr'>ἡμέρας</span> <span class='ocrx_word' id='word_1_144' title='bbox 1126 2142 1366 2209; x_wconf 80' lang='grc' dir='ltr'>ὲκείνας</span> <span class='ocrx_word' id='word_1_145' title='bbox 1395 2140 1741 2214; x_wconf 79' lang='grc' dir='ltr'>ὁρισάμενος,</span> <span class='ocrx_word' id='word_1_146' title='bbox 1773 2138 1908 2192; x_wconf 88' lang='grc' dir='ltr'><strong>ἀλλά</strong></span> 
     </span>
    </p>
   </div>
   <div class='ocr_carea' id='block_1_21' title="bbox 308 2231 1909 2304">
    <p class='ocr_par' dir='ltr' id='par_1_21' title="bbox 308 2231 1909 2304">
     <span class='ocr_line' id='line_1_21' title="bbox 308 2231 1909 2304; baseline -0.004 -13"><span class='ocrx_word' id='word_1_147' title='bbox 308 2238 479 2301; x_wconf 78' lang='grc' dir='ltr'>εὐθὺς</span> <span class='ocrx_word' id='word_1_148' title='bbox 512 2236 679 2291; x_wconf 78' lang='grc' dir='ltr'>αὑτοῦ</span> <span class='ocrx_word' id='word_1_149' title='bbox 725 2236 1066 2301; x_wconf 77' lang='grc' dir='ltr'>ἀνελθόντος,</span> <span class='ocrx_word' id='word_1_150' title='bbox 1098 2237 1174 2299; x_wconf 86' lang='grc' dir='ltr'><strong>ὡς</strong></span> <span class='ocrx_word' id='word_1_151' title='bbox 1217 2235 1404 2304; x_wconf 76' lang='grc' dir='ltr'>ἔλεγεν</span> <span class='ocrx_word' id='word_1_152' title='bbox 1424 2251 1440 2265; x_wconf 76' lang='grc' dir='ltr'><strong>ο</strong></span> <span class='ocrx_word' id='word_1_153' title='bbox 1484 2235 1620 2287; x_wconf 86' lang='grc' dir='ltr'><strong>Ἐὰν</strong></span> <span class='ocrx_word' id='word_1_154' title='bbox 1649 2231 1765 2303; x_wconf 74' lang='grc' dir='ltr'><strong>ἐγὼ</strong></span> <span class='ocrx_word' id='word_1_155' title='bbox 1794 2233 1909 2286; x_wconf 79' lang='grc' dir='ltr'><strong>ἀπ-</strong></span> 
     </span>
    </p>
   </div>
   <div class='ocr_carea' id='block_1_22' title="bbox 307 2322 1909 2397">
    <p class='ocr_par' dir='ltr' id='par_1_22' title="bbox 307 2322 1909 2397">
     <span class='ocr_line' id='line_1_22' title="bbox 307 2322 1909 2397; baseline -0.003 -14"><span class='ocrx_word' id='word_1_156' title='bbox 307 2329 491 2395; x_wconf 81' lang='grc' dir='ltr'>έλθω,</span> <span class='ocrx_word' id='word_1_157' title='bbox 517 2328 752 2394; x_wconf 82' lang='grc' dir='ltr'>ἐκεῖνος</span> <span class='ocrx_word' id='word_1_158' title='bbox 776 2328 1117 2382; x_wconf 72' lang='grc' dir='ltr'>ἐλεύσεται.</span> <span class='ocrx_word' id='word_1_159' title='bbox 1150 2327 1263 2381; x_wconf 74' lang='grc' dir='ltr'>Καὶ</span> <span class='ocrx_word' id='word_1_160' title='bbox 1286 2325 1449 2389; x_wconf 80' lang='grc' dir='ltr'>εὐθὺς</span> <span class='ocrx_word' id='word_1_161' title='bbox 1484 2326 1543 2379; x_wconf 83' lang='grc' dir='ltr'>ὲν</span> <span class='ocrx_word' id='word_1_162' title='bbox 1566 2324 1646 2397; x_wconf 82' lang='grc' dir='ltr'>τῷ</span> <span class='ocrx_word' id='word_1_163' title='bbox 1675 2322 1909 2395; x_wconf 82' lang='grc' dir='ltr'>ὑπερῴῳ</span> 
     </span>
    </p>
   </div>
   <div class='ocr_carea' id='block_1_23' title="bbox 309 2415 1913 2493">
    <p class='ocr_par' dir='ltr' id='par_1_23' title="bbox 309 2415 1913 2493">
     <span class='ocr_line' id='line_1_23' title="bbox 309 2415 1913 2493; baseline -0.004 -18"><span class='ocrx_word' id='word_1_164' title='bbox 309 2420 671 2493; x_wconf 77' lang='grc' dir='ltr'>ἐπλήσθησαν</span> <span class='ocrx_word' id='word_1_165' title='bbox 702 2420 1029 2492; x_wconf 78' lang='grc' dir='ltr'>Πνεῦματος</span> <span class='ocrx_word' id='word_1_166' title='bbox 1054 2418 1238 2488; x_wconf 82' lang='grc' dir='ltr'>ἁγίου,</span> <span class='ocrx_word' id='word_1_167' title='bbox 1268 2421 1327 2473; x_wconf 90' lang='grc' dir='ltr'><strong>ἐν</strong></span> <span class='ocrx_word' id='word_1_168' title='bbox 1351 2417 1431 2489; x_wconf 87' lang='grc' dir='ltr'>τῷ</span> <span class='ocrx_word' id='word_1_169' title='bbox 1462 2417 1783 2488; x_wconf 78' lang='grc' dir='ltr'>ἀνακάμψαι</span> <span class='ocrx_word' id='word_1_170' title='bbox 1812 2415 1913 2468; x_wconf 82' lang='grc' dir='ltr'>αὑ-</span> 
     </span>
    </p>
   </div>
   <div class='ocr_carea' id='block_1_24' title="bbox 306 2506 1910 2585">
    <p class='ocr_par' dir='ltr' id='par_1_24' title="bbox 306 2506 1910 2585">
     <span class='ocr_line' id='line_1_24' title="bbox 306 2506 1910 2585; baseline -0.006 -16"><span class='ocrx_word' id='word_1_171' title='bbox 306 2516 440 2578; x_wconf 82' lang='grc' dir='ltr'>τοὺς</span> <span class='ocrx_word' id='word_1_172' title='bbox 471 2515 583 2568; x_wconf 86' lang='grc' dir='ltr'><strong>ἀπὸ</strong></span> <span class='ocrx_word' id='word_1_173' title='bbox 608 2512 705 2566; x_wconf 87' lang='grc' dir='ltr'><strong>τοῦ</strong></span> <span class='ocrx_word' id='word_1_174' title='bbox 727 2512 888 2585; x_wconf 76' lang='grc' dir='ltr'>ὅρους</span> <span class='ocrx_word' id='word_1_175' title='bbox 912 2512 1022 2565; x_wconf 87' lang='grc' dir='ltr'><strong>τῶν</strong></span> <span class='ocrx_word' id='word_1_176' title='bbox 1055 2511 1310 2576; x_wconf 84' lang='grc' dir='ltr'>Ἐλαιῶν,</span> <span class='ocrx_word' id='word_1_177' title='bbox 1334 2511 1478 2564; x_wconf 84' lang='grc' dir='ltr'>κατὰ</span> <span class='ocrx_word' id='word_1_178' title='bbox 1503 2510 1565 2563; x_wconf 90' lang='grc' dir='ltr'><strong>τδ</strong></span> <span class='ocrx_word' id='word_1_179' title='bbox 1588 2506 1910 2579; x_wconf 79' lang='grc' dir='ltr'>γεγραμμέ-</span> 
     </span>
    </p>
   </div>
   <div class='ocr_carea' id='block_1_25' title="bbox 308 2600 1909 2676">
    <p class='ocr_par' dir='ltr' id='par_1_25' title="bbox 308 2600 1909 2676">
     <span class='ocr_line' id='line_1_25' title="bbox 308 2600 1909 2676; baseline -0.005 -15"><span class='ocrx_word' id='word_1_180' title='bbox 308 2625 403 2661; x_wconf 87' lang='grc' dir='ltr'><strong>νον</strong></span> <span class='ocrx_word' id='word_1_181' title='bbox 424 2624 439 2637; x_wconf 82' lang='grc'><strong><em>-</em></strong></span> <span class='ocrx_word' id='word_1_182' title='bbox 466 2606 581 2661; x_wconf 76' lang='grc' dir='ltr'><strong>Καὶ</strong></span> <span class='ocrx_word' id='word_1_183' title='bbox 609 2605 904 2676; x_wconf 72' lang='grc' dir='ltr'>ὤφθησαν</span> <span class='ocrx_word' id='word_1_184' title='bbox 928 2604 1137 2671; x_wconf 82' lang='grc' dir='ltr'>αὐτοῖς</span> <span class='ocrx_word' id='word_1_185' title='bbox 1173 2604 1451 2675; x_wconf 75' lang='grc' dir='ltr'>γλῶσσαι</span> <span class='ocrx_word' id='word_1_186' title='bbox 1489 2601 1681 2671; x_wconf 80' lang='grc' dir='ltr'>πυρὸς</span> <span class='ocrx_word' id='word_1_187' title='bbox 1708 2600 1909 2669; x_wconf 81' lang='grc' dir='ltr'>διαμε-</span> 
     </span>
    </p>
   </div>
   <div class='ocr_carea' id='block_1_26' title="bbox 302 2690 1911 2769">
    <p class='ocr_par' dir='ltr' id='par_1_26' title="bbox 302 2690 1911 2769">
     <span class='ocr_line' id='line_1_26' title="bbox 302 2690 1911 2769; baseline -0.004 -17"><span class='ocrx_word' id='word_1_188' title='bbox 302 2697 630 2769; x_wconf 76' lang='grc' dir='ltr'>ριζόμεναι,</span> <span class='ocrx_word' id='word_1_189' title='bbox 669 2696 769 2753; x_wconf 79' lang='grc' dir='ltr'>καὶ</span> <span class='ocrx_word' id='word_1_190' title='bbox 807 2700 841 2753; x_wconf 86' lang='grc' dir='ltr'><strong>ό</strong></span> <span class='ocrx_word' id='word_1_191' title='bbox 877 2694 1046 2763; x_wconf 77' lang='grc' dir='ltr'>οἶκος</span> <span class='ocrx_word' id='word_1_192' title='bbox 1079 2696 1435 2765; x_wconf 78' lang='grc' dir='ltr'>ἐνεπλήσθη</span> <span class='ocrx_word' id='word_1_193' title='bbox 1478 2693 1683 2761; x_wconf 75' lang='grc' dir='ltr'>ὥσπερ</span> <span class='ocrx_word' id='word_1_194' title='bbox 1712 2690 1911 2759; x_wconf 81' lang='grc' dir='ltr'>πνοῆς</span> 
     </span>
    </p>
   </div>
   <div class='ocr_carea' id='block_1_27' title="bbox 304 2782 1913 2856">
    <p class='ocr_par' dir='ltr' id='par_1_27' title="bbox 304 2782 1913 2856">
     <span class='ocr_line' id='line_1_27' title="bbox 304 2782 1913 2856; baseline -0.006 -11"><span class='ocrx_word' id='word_1_195' title='bbox 304 2791 557 2856; x_wconf 77' lang='grc' dir='ltr'>βιαίας,</span> <span class='ocrx_word' id='word_1_196' title='bbox 603 2789 707 2843; x_wconf 76' lang='grc' dir='ltr'><strong>καί</strong></span> <span class='ocrx_word' id='word_1_197' title='bbox 749 2788 1076 2844; x_wconf 78' lang='grc' dir='ltr'>ἐπεκάθισε</span> <span class='ocrx_word' id='word_1_198' title='bbox 1114 2788 1182 2842; x_wconf 84' lang='grc' dir='ltr'>τὸ</span> <span class='ocrx_word' id='word_1_199' title='bbox 1224 2787 1471 2856; x_wconf 82' lang='grc' dir='ltr'>Πνεῦμα</span> <span class='ocrx_word' id='word_1_200' title='bbox 1518 2785 1611 2854; x_wconf 73' lang='grc' dir='ltr'><strong>ἐφ’</strong></span> <span class='ocrx_word' id='word_1_201' title='bbox 1650 2782 1913 2838; x_wconf 80' lang='grc' dir='ltr'>ἕκαστον</span> 
     </span>
    </p>
   </div>
   <div class='ocr_carea' id='block_1_28' title="bbox 310 2872 1912 2951">
    <p class='ocr_par' dir='ltr' id='par_1_28' title="bbox 310 2872 1912 2951">
     <span class='ocr_line' id='line_1_28' title="bbox 310 2872 1912 2951; baseline -0.006 -14"><span class='ocrx_word' id='word_1_202' title='bbox 310 2882 540 2951; x_wconf 78' lang='grc' dir='ltr'>αὐτῶν,</span> <span class='ocrx_word' id='word_1_203' title='bbox 586 2881 687 2936; x_wconf 79' lang='grc' dir='ltr'>καὶ</span> <span class='ocrx_word' id='word_1_204' title='bbox 716 2880 990 2936; x_wconf 80' lang='grc' dir='ltr'>ἐλάλουν</span> <span class='ocrx_word' id='word_1_205' title='bbox 1031 2880 1342 2951; x_wconf 78' lang='grc' dir='ltr'>γλώσσαις</span> <span class='ocrx_word' id='word_1_206' title='bbox 1369 2879 1444 2933; x_wconf 79' lang='grc' dir='ltr'>τὰ</span> <span class='ocrx_word' id='word_1_207' title='bbox 1480 2876 1784 2947; x_wconf 81' lang='grc' dir='ltr'>θαυμάσια</span> <span class='ocrx_word' id='word_1_208' title='bbox 1803 2872 1912 2928; x_wconf 86' lang='grc' dir='ltr'><strong>τοῦ</strong></span> 
     </span>
    </p>
   </div>
   <div class='ocr_carea' id='block_1_29' title="bbox 314 2967 1909 3041">
    <p class='ocr_par' dir='ltr' id='par_1_29' title="bbox 314 2967 1909 3041">
     <span class='ocr_line' id='line_1_29' title="bbox 314 2967 1909 3041; baseline -0.006 -13"><span class='ocrx_word' id='word_1_209' title='bbox 314 2973 503 3035; x_wconf 82' lang='grc' dir='ltr'>Θεοῦ.</span> <span class='ocrx_word' id='word_1_210' title='bbox 559 2973 658 3027; x_wconf 75' lang='grc' dir='ltr'>καὶ</span> <span class='ocrx_word' id='word_1_211' title='bbox 713 2972 974 3040; x_wconf 72' lang='grc' dir='ltr'>ἕκαστος</span> <span class='ocrx_word' id='word_1_212' title='bbox 1024 2970 1255 3041; x_wconf 78' lang='grc' dir='ltr'>ἤκουσε</span> <span class='ocrx_word' id='word_1_213' title='bbox 1315 2969 1393 3039; x_wconf 76' lang='grc' dir='ltr'>τῇ</span> <span class='ocrx_word' id='word_1_214' title='bbox 1458 2968 1581 3035; x_wconf 74' lang='grc' dir='ltr'>ἰδίᾳ</span> <span class='ocrx_word' id='word_1_215' title='bbox 1634 2967 1909 3039; x_wconf 78' lang='grc' dir='ltr'>γλώσσῃ.</span> 
     </span>
    </p>
   </div>
   <div class='ocr_carea' id='block_1_30' title="bbox 310 3061 1912 3135">
    <p class='ocr_par' dir='ltr' id='par_1_30' title="bbox 310 3061 1912 3135">
     <span class='ocr_line' id='line_1_30' title="bbox 310 3061 1912 3135; baseline -0.005 -14"><span class='ocrx_word' id='word_1_216' title='bbox 310 3062 522 3121; x_wconf 82' lang='grc' dir='ltr'>Ἦσαν</span> <span class='ocrx_word' id='word_1_217' title='bbox 542 3066 611 3119; x_wconf 75' lang='grc' dir='ltr'>δὲ</span> <span class='ocrx_word' id='word_1_218' title='bbox 637 3066 758 3120; x_wconf 79' lang='grc' dir='ltr'><strong>ἀπὸ</strong></span> <span class='ocrx_word' id='word_1_219' title='bbox 790 3065 1023 3133; x_wconf 81' lang='grc' dir='ltr'>παντὸς</span> <span class='ocrx_word' id='word_1_220' title='bbox 1051 3064 1272 3135; x_wconf 75' lang='grc' dir='ltr'>γένους</span> <span class='ocrx_word' id='word_1_221' title='bbox 1300 3062 1414 3133; x_wconf 80' lang='grc' dir='ltr'>τῆς</span> <span class='ocrx_word' id='word_1_222' title='bbox 1442 3062 1562 3118; x_wconf 82' lang='grc' dir='ltr'><strong>ὑπὸ</strong></span> <span class='ocrx_word' id='word_1_223' title='bbox 1588 3061 1698 3116; x_wconf 85' lang='grc' dir='ltr'>τὸν</span> <span class='ocrx_word' id='word_1_224' title='bbox 1733 3063 1912 3129; x_wconf 83' lang='grc' dir='ltr'>οὐρα-</span> 
     </span>
    </p>
   </div>
   <div class='ocr_carea' id='block_1_31' title="bbox 2005 588 3601 659">
    <p class='ocr_par' dir='ltr' id='par_1_31' title="bbox 2005 588 3601 659">
     <span class='ocr_line' id='line_1_31' title="bbox 2005 588 3601 659; baseline 0.001 -15"><span class='ocrx_word' id='word_1_225' title='bbox 2005 604 2130 644; x_wconf 88' lang='lat' dir='ltr'><strong>cum</strong></span> <span class='ocrx_word' id='word_1_226' title='bbox 2156 591 2318 646; x_wconf 81' lang='lat' dir='ltr'><strong>valde</strong></span> <span class='ocrx_word' id='word_1_227' title='bbox 2349 592 2492 647; x_wconf 86' lang='lat' dir='ltr'><strong>bona</strong></span> <span class='ocrx_word' id='word_1_228' title='bbox 2529 598 2718 647; x_wconf 83' lang='lat' dir='ltr'><strong>essent</strong></span> <span class='ocrx_word' id='word_1_229' title='bbox 2754 589 2962 653; x_wconf 86' lang='lat' dir='ltr'><strong>omnia,</strong></span> <span class='ocrx_word' id='word_1_230' title='bbox 2992 597 3046 643; x_wconf 92' lang='lat' dir='ltr'><strong>et</strong></span> <span class='ocrx_word' id='word_1_231' title='bbox 3084 603 3116 643; x_wconf 90' lang='lat' dir='ltr'><strong>a</strong></span> <span class='ocrx_word' id='word_1_232' title='bbox 3154 588 3300 643; x_wconf 85' lang='lat' dir='ltr'><strong>bono</strong></span> <span class='ocrx_word' id='word_1_233' title='bbox 3330 588 3441 645; x_wconf 88' lang='lat' dir='ltr'><strong>Deo</strong></span> <span class='ocrx_word' id='word_1_234' title='bbox 3473 606 3601 659; x_wconf 90' lang='lat' dir='ltr'><strong>pro-</strong></span> 
     </span>
    </p>
   </div>
   <div class='ocr_carea' id='block_1_32' title="bbox 2005 678 3355 754">
    <p class='ocr_par' dir='ltr' id='par_1_32' title="bbox 2005 678 3355 754">
     <span class='ocr_line' id='line_1_32' title="bbox 2005 678 3355 754; baseline -0.002 -18"><span class='ocrx_word' id='word_1_235' title='bbox 2005 680 2192 745; x_wconf 86' lang='lat' dir='ltr'><strong>ducta,</strong></span> <span class='ocrx_word' id='word_1_236' title='bbox 2224 682 2583 754; x_wconf 87' lang='lat' dir='ltr'><strong>ejusdemque</strong></span> <span class='ocrx_word' id='word_1_237' title='bbox 2621 679 2939 735; x_wconf 90' lang='lat' dir='ltr'><strong>testimonio</strong></span> <span class='ocrx_word' id='word_1_238' title='bbox 2976 678 3355 749; x_wconf 88' lang='lat' dir='ltr'><strong>comprobata.</strong></span> 
     </span>
    </p>
   </div>
   <div class='ocr_carea' id='block_1_33' title="bbox 2075 769 3598 841">
    <p class='ocr_par' dir='ltr' id='par_1_33' title="bbox 2075 769 3598 841">
     <span class='ocr_line' id='line_1_33' title="bbox 2075 769 3598 841; baseline -0.001 -16"><span class='ocrx_word' id='word_1_239' title='bbox 2075 770 2217 827; x_wconf 64' lang='lat' dir='ltr'><strong>XIX.</strong></span> <span class='ocrx_word' id='word_1_240' title='bbox 2260 772 2532 827; x_wconf 83' lang='lat' dir='ltr'><strong>Caeterum</strong></span> <span class='ocrx_word' id='word_1_241' title='bbox 2588 770 2832 827; x_wconf 84' lang='lat' dir='ltr'><strong>materiae</strong></span> <span class='ocrx_word' id='word_1_242' title='bbox 2863 784 3064 825; x_wconf 89' lang='lat' dir='ltr'><strong>nomen</strong></span> <span class='ocrx_word' id='word_1_243' title='bbox 3107 769 3383 841; x_wconf 84' lang='lat' dir='ltr'><strong>duplicem</strong></span> <span class='ocrx_word' id='word_1_244' title='bbox 3426 771 3598 841; x_wconf 83' lang='lat' dir='ltr'><strong>signi-</strong></span> 
     </span>
    </p>
   </div>
   <div class='ocr_carea' id='block_1_34' title="bbox 2006 861 3597 934">
    <p class='ocr_par' dir='ltr' id='par_1_34' title="bbox 2006 861 3597 934">
     <span class='ocr_line' id='line_1_34' title="bbox 2006 861 3597 934; baseline -0.002 -17"><span class='ocrx_word' id='word_1_245' title='bbox 2006 863 2315 919; x_wconf 83' lang='lat' dir='ltr'><strong>ficationem</strong></span> <span class='ocrx_word' id='word_1_246' title='bbox 2365 864 2621 919; x_wconf 88' lang='lat' dir='ltr'><strong>obtinet:</strong></span> <span class='ocrx_word' id='word_1_247' title='bbox 2674 864 2847 919; x_wconf 88' lang='lat' dir='ltr'><strong>altera</strong></span> <span class='ocrx_word' id='word_1_248' title='bbox 2874 870 2960 920; x_wconf 90' lang='lat' dir='ltr'><strong>est</strong></span> <span class='ocrx_word' id='word_1_249' title='bbox 3009 877 3131 934; x_wconf 64' lang='lat' dir='ltr'><strong>qua!</strong></span> <span class='ocrx_word' id='word_1_250' title='bbox 3178 878 3245 919; x_wconf 78' lang='lat' dir='ltr'><strong>ex</strong></span> <span class='ocrx_word' id='word_1_251' title='bbox 3284 861 3597 918; x_wconf 80' lang='lat' dir='ltr'><strong>detestandi</strong></span> 
     </span>
    </p>
   </div>
   <div class='ocr_carea' id='block_1_35' title="bbox 2006 956 3589 1026">
    <p class='ocr_par' dir='ltr' id='par_1_35' title="bbox 2006 956 3589 1026">
     <span class='ocr_line' id='line_1_35' title="bbox 2006 956 3589 1026; baseline -0.001 -15"><span class='ocrx_word' id='word_1_252' title='bbox 2006 958 2156 1013; x_wconf 86' lang='lat' dir='ltr'><strong>illius</strong></span> <span class='ocrx_word' id='word_1_253' title='bbox 2215 958 2457 1015; x_wconf 87' lang='lat' dir='ltr'><strong>hominis</strong></span> <span class='ocrx_word' id='word_1_254' title='bbox 2502 958 2804 1023; x_wconf 75' lang='lat' dir='ltr'><strong>sententia,</strong></span> <span class='ocrx_word' id='word_1_255' title='bbox 2855 956 3127 1012; x_wconf 85' lang='lat' dir='ltr'><strong>actionem</strong></span> <span class='ocrx_word' id='word_1_256' title='bbox 3180 962 3236 1012; x_wconf 85' lang='lat' dir='ltr'><strong>et</strong></span> <span class='ocrx_word' id='word_1_257' title='bbox 3281 956 3589 1026; x_wconf 85' lang='lat' dir='ltr'><strong>corruptio-</strong></span> 
     </span>
    </p>
   </div>
   <div class='ocr_carea' id='block_1_36' title="bbox 2008 1048 3597 1120">
    <p class='ocr_par' dir='ltr' id='par_1_36' title="bbox 2008 1048 3597 1120">
     <span class='ocr_line' id='line_1_36' title="bbox 2008 1048 3597 1120; baseline -0.001 -17"><span class='ocrx_word' id='word_1_258' title='bbox 2008 1064 2129 1104; x_wconf 89' lang='lat' dir='ltr'><strong>nem</strong></span> <span class='ocrx_word' id='word_1_259' title='bbox 2181 1065 2246 1105; x_wconf 88' lang='lat' dir='ltr'><strong>ac</strong></span> <span class='ocrx_word' id='word_1_260' title='bbox 2287 1050 2753 1120; x_wconf 89' lang='lat' dir='ltr'><strong>consumptricem</strong></span> <span class='ocrx_word' id='word_1_261' title='bbox 2796 1049 3091 1120; x_wconf 86' lang='lat' dir='ltr'><strong>quamdam</strong></span> <span class='ocrx_word' id='word_1_262' title='bbox 3144 1048 3253 1103; x_wconf 88' lang='lat' dir='ltr'><strong>vim</strong></span> <span class='ocrx_word' id='word_1_263' title='bbox 3305 1048 3597 1118; x_wconf 74' lang='lat' dir='ltr'><strong>exprimit;</strong></span> 
     </span>
    </p>
   </div>
   <div class='ocr_carea' id='block_1_37' title="bbox 2005 1140 3597 1213">
    <p class='ocr_par' dir='ltr' id='par_1_37' title="bbox 2005 1140 3597 1213">
     <span class='ocr_line' id='line_1_37' title="bbox 2005 1140 3597 1213; baseline -0.001 -18"><span class='ocrx_word' id='word_1_264' title='bbox 2005 1141 2196 1205; x_wconf 87' lang='lat' dir='ltr'><strong>altera,</strong></span> <span class='ocrx_word' id='word_1_265' title='bbox 2220 1156 2330 1213; x_wconf 87' lang='lat' dir='ltr'><strong>qua</strong></span> <span class='ocrx_word' id='word_1_266' title='bbox 2349 1143 2514 1213; x_wconf 84' lang='lat' dir='ltr'><strong>vulgo</strong></span> <span class='ocrx_word' id='word_1_267' title='bbox 2536 1156 2720 1197; x_wconf 87' lang='lat' dir='ltr'><strong>rerum</strong></span> <span class='ocrx_word' id='word_1_268' title='bbox 2744 1142 3012 1208; x_wconf 90' lang='lat' dir='ltr'><strong>omnium,</strong></span> <span class='ocrx_word' id='word_1_269' title='bbox 3028 1155 3149 1211; x_wconf 71' lang='lat' dir='ltr'><strong>qua:</strong></span> <span class='ocrx_word' id='word_1_270' title='bbox 3175 1140 3242 1194; x_wconf 90' lang='lat' dir='ltr'><strong>ad</strong></span> <span class='ocrx_word' id='word_1_271' title='bbox 3266 1155 3426 1196; x_wconf 90' lang='lat' dir='ltr'><strong>usum</strong></span> <span class='ocrx_word' id='word_1_272' title='bbox 3456 1140 3597 1194; x_wconf 88' lang='lat' dir='ltr'><strong>arti--</strong></span> 
     </span>
    </p>
   </div>
   <div class='ocr_carea' id='block_1_38' title="bbox 2007 1232 3602 1306">
    <p class='ocr_par' dir='ltr' id='par_1_38' title="bbox 2007 1232 3602 1306">
     <span class='ocr_line' id='line_1_38' title="bbox 2007 1232 3602 1306; baseline -0.001 -17"><span class='ocrx_word' id='word_1_273' title='bbox 2007 1235 2123 1289; x_wconf 87' lang='lat' dir='ltr'><strong>ﬁcis</strong></span> <span class='ocrx_word' id='word_1_274' title='bbox 2149 1243 2420 1306; x_wconf 89' lang='lat' dir='ltr'><strong>spectant,</strong></span> <span class='ocrx_word' id='word_1_275' title='bbox 2457 1244 2779 1306; x_wconf 88' lang='lat' dir='ltr'><strong>apparatum</strong></span> <span class='ocrx_word' id='word_1_276' title='bbox 2804 1235 3091 1289; x_wconf 87' lang='lat' dir='ltr'><strong>materiam</strong></span> <span class='ocrx_word' id='word_1_277' title='bbox 3115 1234 3352 1288; x_wconf 86' lang='lat' dir='ltr'><strong>dicimus</strong></span> <span class='ocrx_word' id='word_1_278' title='bbox 3382 1249 3397 1286; x_wconf 91' lang='lat'><strong>:</strong></span> <span class='ocrx_word' id='word_1_279' title='bbox 3425 1232 3602 1289; x_wconf 82' lang='lat' dir='ltr'><strong>veluti</strong></span> 
     </span>
    </p>
   </div>
   <div class='ocr_carea' id='block_1_39' title="bbox 2004 1323 3599 1399">
    <p class='ocr_par' dir='ltr' id='par_1_39' title="bbox 2004 1323 3599 1399">
     <span class='ocr_line' id='line_1_39' title="bbox 2004 1323 3599 1399; baseline -0.001 -19"><span class='ocrx_word' id='word_1_280' title='bbox 2004 1326 2302 1397; x_wconf 84' lang='lat' dir='ltr'><strong>lignorum,</strong></span> <span class='ocrx_word' id='word_1_281' title='bbox 2352 1327 2571 1399; x_wconf 67' lang='lat' dir='ltr'><strong>figlinaz,</strong></span> <span class='ocrx_word' id='word_1_282' title='bbox 2606 1327 2728 1380; x_wconf 89' lang='lat' dir='ltr'><strong>auri</strong></span> <span class='ocrx_word' id='word_1_283' title='bbox 2768 1327 3092 1396; x_wconf 75' lang='lat' dir='ltr'><strong>argentique</strong></span> <span class='ocrx_word' id='word_1_284' title='bbox 3136 1327 3439 1380; x_wconf 90' lang='lat' dir='ltr'><strong>materiem.</strong></span> <span class='ocrx_word' id='word_1_285' title='bbox 3486 1323 3599 1395; x_wconf 81' lang='lat' dir='ltr'><strong>Ap-</strong></span> 
     </span>
    </p>
   </div>
   <div class='ocr_carea' id='block_1_40' title="bbox 2006 1414 3596 1489">
    <p class='ocr_par' dir='ltr' id='par_1_40' title="bbox 2006 1414 3596 1489">
     <span class='ocr_line' id='line_1_40' title="bbox 2006 1414 3596 1489; baseline -0.002 -17"><span class='ocrx_word' id='word_1_286' title='bbox 2006 1418 2241 1489; x_wconf 87' lang='lat' dir='ltr'><strong>pellatur</strong></span> <span class='ocrx_word' id='word_1_287' title='bbox 2267 1426 2323 1473; x_wconf 92' lang='lat' dir='ltr'><strong>et</strong></span> <span class='ocrx_word' id='word_1_288' title='bbox 2349 1418 2577 1473; x_wconf 88' lang='lat' dir='ltr'><strong>materia</strong></span> <span class='ocrx_word' id='word_1_289' title='bbox 2611 1417 2665 1472; x_wconf 92' lang='lat' dir='ltr'><strong>in</strong></span> <span class='ocrx_word' id='word_1_290' title='bbox 2693 1416 3040 1487; x_wconf 87' lang='lat' dir='ltr'><strong>corporibus.</strong></span> <span class='ocrx_word' id='word_1_291' title='bbox 3064 1430 3186 1487; x_wconf 72' lang='lat' dir='ltr'><strong>qua:</strong></span> <span class='ocrx_word' id='word_1_292' title='bbox 3209 1431 3277 1469; x_wconf 82' lang='lat' dir='ltr'><strong>ex</strong></span> <span class='ocrx_word' id='word_1_293' title='bbox 3301 1414 3596 1470; x_wconf 90' lang='lat' dir='ltr'><strong>humorum</strong></span> 
     </span>
    </p>
   </div>
   <div class='ocr_carea' id='block_1_41' title="bbox 2005 1504 3603 1580">
    <p class='ocr_par' dir='ltr' id='par_1_41' title="bbox 2005 1504 3603 1580">
     <span class='ocr_line' id='line_1_41' title="bbox 2005 1504 3603 1580; baseline -0.002 -15"><span class='ocrx_word' id='word_1_294' title='bbox 2005 1510 2323 1580; x_wconf 85' lang='lat' dir='ltr'><strong>corruptela</strong></span> <span class='ocrx_word' id='word_1_295' title='bbox 2372 1509 2618 1579; x_wconf 85' lang='lat' dir='ltr'><strong>vitioque</strong></span> <span class='ocrx_word' id='word_1_296' title='bbox 2658 1509 2955 1579; x_wconf 75' lang='lat' dir='ltr'><strong>colligitur.</strong></span> <span class='ocrx_word' id='word_1_297' title='bbox 3011 1504 3167 1562; x_wconf 89' lang='lat' dir='ltr'><strong>Dicat</strong></span> <span class='ocrx_word' id='word_1_298' title='bbox 3209 1507 3392 1577; x_wconf 87' lang='lat' dir='ltr'><strong>itaque</strong></span> <span class='ocrx_word' id='word_1_299' title='bbox 3420 1521 3603 1562; x_wconf 86' lang='lat' dir='ltr'><strong>novus</strong></span> 
     </span>
    </p>
   </div>
   <div class='ocr_carea' id='block_1_42' title="bbox 2006 1598 3604 1672">
    <p class='ocr_par' dir='ltr' id='par_1_42' title="bbox 2006 1598 3604 1672">
     <span class='ocr_line' id='line_1_42' title="bbox 2006 1598 3604 1672; baseline -0.001 -16"><span class='ocrx_word' id='word_1_300' title='bbox 2006 1603 2099 1657; x_wconf 89' lang='lat' dir='ltr'><strong>ille</strong></span> <span class='ocrx_word' id='word_1_301' title='bbox 2120 1611 2295 1667; x_wconf 89' lang='lat' dir='ltr'><strong>vates,</strong></span> <span class='ocrx_word' id='word_1_302' title='bbox 2342 1601 2437 1672; x_wconf 90' lang='lat' dir='ltr'><strong>qui</strong></span> <span class='ocrx_word' id='word_1_303' title='bbox 2468 1616 2527 1657; x_wconf 90' lang='lat' dir='ltr'><strong>se</strong></span> <span class='ocrx_word' id='word_1_304' title='bbox 2559 1616 2625 1656; x_wconf 87' lang='lat' dir='ltr'><strong>ea</strong></span> <span class='ocrx_word' id='word_1_305' title='bbox 2672 1601 2815 1657; x_wconf 89' lang='lat' dir='ltr'><strong>scire</strong></span> <span class='ocrx_word' id='word_1_306' title='bbox 2856 1599 3162 1670; x_wconf 83' lang='lat' dir='ltr'><strong>profitetur,</strong></span> <span class='ocrx_word' id='word_1_307' title='bbox 3196 1616 3319 1670; x_wconf 82' lang='lat' dir='ltr'><strong>quae</strong></span> <span class='ocrx_word' id='word_1_308' title='bbox 3347 1600 3417 1655; x_wconf 82' lang='lat' dir='ltr'><strong>ab</strong></span> <span class='ocrx_word' id='word_1_309' title='bbox 3447 1598 3604 1654; x_wconf 82' lang='lat' dir='ltr'><strong>omni</strong></span> 
     </span>
    </p>
   </div>
   <div class='ocr_carea' id='block_1_43' title="bbox 2006 1688 3602 1761">
    <p class='ocr_par' dir='ltr' id='par_1_43' title="bbox 2006 1688 3602 1761">
     <span class='ocr_line' id='line_1_43' title="bbox 2006 1688 3602 1761; baseline -0.003 -13"><span class='ocrx_word' id='word_1_310' title='bbox 2006 1693 2312 1749; x_wconf 63' lang='lat' dir='ltr'><strong>aeternitate</strong></span> <span class='ocrx_word' id='word_1_311' title='bbox 2360 1691 2601 1747; x_wconf 86' lang='lat' dir='ltr'><strong>fuerunt.</strong></span> <span class='ocrx_word' id='word_1_312' title='bbox 2636 1690 2915 1761; x_wconf 87' lang='lat' dir='ltr'><strong>Siquidem</strong></span> <span class='ocrx_word' id='word_1_313' title='bbox 2943 1698 2997 1745; x_wconf 91' lang='lat' dir='ltr'><strong>et</strong></span> <span class='ocrx_word' id='word_1_314' title='bbox 3020 1691 3355 1761; x_wconf 85' lang='lat' dir='ltr'><strong>paracletum</strong></span> <span class='ocrx_word' id='word_1_315' title='bbox 3383 1706 3445 1747; x_wconf 89' lang='lat' dir='ltr'><strong>se</strong></span> <span class='ocrx_word' id='word_1_316' title='bbox 3476 1688 3602 1761; x_wconf 81' lang='lat' dir='ltr'><strong>Spi-</strong></span> 
     </span>
    </p>
   </div>
   <div class='ocr_carea' id='block_1_44' title="bbox 2007 1782 3599 1842">
    <p class='ocr_par' dir='ltr' id='par_1_44' title="bbox 2007 1782 3599 1842">
     <span class='ocr_line' id='line_1_44' title="bbox 2007 1782 3599 1842; baseline -0.003 -1"><span class='ocrx_word' id='word_1_317' title='bbox 2007 1786 2174 1841; x_wconf 86' lang='lat' dir='ltr'><strong>ritum</strong></span> <span class='ocrx_word' id='word_1_318' title='bbox 2209 1785 2352 1842; x_wconf 90' lang='lat' dir='ltr'><strong>idem</strong></span> <span class='ocrx_word' id='word_1_319' title='bbox 2411 1784 2503 1840; x_wconf 92' lang='lat' dir='ltr'><strong>ille</strong></span> <span class='ocrx_word' id='word_1_320' title='bbox 2550 1799 2659 1838; x_wconf 89' lang='lat' dir='ltr'><strong>non</strong></span> <span class='ocrx_word' id='word_1_321' title='bbox 2692 1783 2963 1839; x_wconf 75' lang='lat' dir='ltr'><strong>dubitavit</strong></span> <span class='ocrx_word' id='word_1_322' title='bbox 3002 1798 3269 1839; x_wconf 79' lang='lat' dir='ltr'><strong>asserere.</strong></span> <span class='ocrx_word' id='word_1_323' title='bbox 3318 1782 3599 1839; x_wconf 84' lang='lat' dir='ltr'><strong>Interdum</strong></span> 
     </span>
    </p>
   </div>
   <div class='ocr_carea' id='block_1_45' title="bbox 2010 1872 3600 1947">
    <p class='ocr_par' dir='ltr' id='par_1_45' title="bbox 2010 1872 3600 1947">
     <span class='ocr_line' id='line_1_45' title="bbox 2010 1872 3600 1947; baseline -0.003 -16"><span class='ocrx_word' id='word_1_324' title='bbox 2010 1893 2138 1933; x_wconf 89' lang='lat' dir='ltr'><strong>vero</strong></span> <span class='ocrx_word' id='word_1_325' title='bbox 2179 1887 2235 1934; x_wconf 91' lang='lat' dir='ltr'><strong>et</strong></span> <span class='ocrx_word' id='word_1_326' title='bbox 2270 1876 2579 1947; x_wconf 88' lang='lat' dir='ltr'><strong>apostolum</strong></span> <span class='ocrx_word' id='word_1_327' title='bbox 2612 1873 2741 1929; x_wconf 81' lang='lat' dir='ltr'><strong>Jesu</strong></span> <span class='ocrx_word' id='word_1_328' title='bbox 2769 1874 2996 1938; x_wconf 81' lang='lat' dir='ltr'><strong>Christi,</strong></span> <span class='ocrx_word' id='word_1_329' title='bbox 3028 1883 3087 1928; x_wconf 92' lang='lat' dir='ltr'><strong>ut</strong></span> <span class='ocrx_word' id='word_1_330' title='bbox 3120 1884 3246 1929; x_wconf 86' lang='lat' dir='ltr'><strong>ante</strong></span> <span class='ocrx_word' id='word_1_331' title='bbox 3278 1872 3426 1939; x_wconf 78' lang='lat' dir='ltr'><strong>dixi,</strong></span> <span class='ocrx_word' id='word_1_332' title='bbox 3457 1890 3600 1928; x_wconf 89' lang='lat' dir='ltr'><strong>nun—</strong></span> 
     </span>
    </p>
   </div>
   <div class='ocr_carea' id='block_1_46' title="bbox 2009 1965 3604 2040">
    <p class='ocr_par' dir='ltr' id='par_1_46' title="bbox 2009 1965 3604 2040">
     <span class='ocr_line' id='line_1_46' title="bbox 2009 1965 3604 2040; baseline -0.002 -15"><span class='ocrx_word' id='word_1_333' title='bbox 2009 1977 2197 2039; x_wconf 90' lang='lat' dir='ltr'><strong>cupat.</strong></span> <span class='ocrx_word' id='word_1_334' title='bbox 2248 1970 2414 2040; x_wconf 80' lang='lat' dir='ltr'><strong>Atqui</strong></span> <span class='ocrx_word' id='word_1_335' title='bbox 2449 1983 2625 2038; x_wconf 90' lang='lat' dir='ltr'><strong>neque</strong></span> <span class='ocrx_word' id='word_1_336' title='bbox 2669 1966 2939 2022; x_wconf 69' lang='lat' dir='ltr'><strong>columbae</strong></span> <span class='ocrx_word' id='word_1_337' title='bbox 2972 1965 3201 2037; x_wconf 81' lang='lat' dir='ltr'><strong>figuram</strong></span> <span class='ocrx_word' id='word_1_338' title='bbox 3234 1981 3477 2035; x_wconf 87' lang='lat' dir='ltr'><strong>unquam</strong></span> <span class='ocrx_word' id='word_1_339' title='bbox 3523 1967 3604 2022; x_wconf 90' lang='lat' dir='ltr'><strong>in-</strong></span> 
     </span>
    </p>
   </div>
   <div class='ocr_carea' id='block_1_47' title="bbox 2010 2058 3603 2134">
    <p class='ocr_par' dir='ltr' id='par_1_47' title="bbox 2010 2058 3603 2134">
     <span class='ocr_line' id='line_1_47' title="bbox 2010 2058 3603 2134; baseline -0.003 -15"><span class='ocrx_word' id='word_1_340' title='bbox 2010 2065 2157 2127; x_wconf 88' lang='lat' dir='ltr'><strong>duit,</strong></span> <span class='ocrx_word' id='word_1_341' title='bbox 2217 2079 2394 2134; x_wconf 87' lang='lat' dir='ltr'><strong>neque</strong></span> <span class='ocrx_word' id='word_1_342' title='bbox 2453 2061 2718 2133; x_wconf 86' lang='lat' dir='ltr'><strong>Spiritum</strong></span> <span class='ocrx_word' id='word_1_343' title='bbox 2770 2060 2923 2114; x_wconf 91' lang='lat' dir='ltr'><strong>illum</strong></span> <span class='ocrx_word' id='word_1_344' title='bbox 2980 2058 3339 2129; x_wconf 74' lang='lat' dir='ltr'><strong>parat-letum,</strong></span> <span class='ocrx_word' id='word_1_345' title='bbox 3394 2060 3487 2131; x_wconf 87' lang='lat' dir='ltr'><strong>qui</strong></span> <span class='ocrx_word' id='word_1_346' title='bbox 3541 2067 3603 2114; x_wconf 91' lang='grc' dir='ltr'><strong>ιιι</strong></span> 
     </span>
    </p>
   </div>
   <div class='ocr_carea' id='block_1_48' title="bbox 2011 2150 3603 2229">
    <p class='ocr_par' dir='ltr' id='par_1_48' title="bbox 2011 2150 3603 2229">
     <span class='ocr_line' id='line_1_48' title="bbox 2011 2150 3603 2229; baseline -0.003 -17"><span class='ocrx_word' id='word_1_347' title='bbox 2011 2158 2291 2229; x_wconf 87' lang='lat' dir='ltr'><strong>apostolos</strong></span> <span class='ocrx_word' id='word_1_348' title='bbox 2324 2157 2526 2210; x_wconf 88' lang='lat' dir='ltr'><strong>virtute</strong></span> <span class='ocrx_word' id='word_1_349' title='bbox 2559 2152 2991 2222; x_wconf 86' lang='lat' dir='ltr'><strong>incorruptionis</strong></span> <span class='ocrx_word' id='word_1_350' title='bbox 3027 2150 3277 2206; x_wconf 84' lang='lat' dir='ltr'><strong>indueret</strong></span> <span class='ocrx_word' id='word_1_351' title='bbox 3304 2191 3318 2215; x_wconf 93' lang='lat'><strong>,</strong></span> <span class='ocrx_word' id='word_1_352' title='bbox 3353 2151 3409 2205; x_wconf 89' lang='lat' dir='ltr'><strong>in</strong></span> <span class='ocrx_word' id='word_1_353' title='bbox 3447 2167 3542 2206; x_wconf 81' lang='lat' dir='ltr'><strong>eos</strong></span> <span class='ocrx_word' id='word_1_354' title='bbox 3570 2168 3603 2208; x_wconf 89' lang='lat' dir='ltr'><strong>e</strong></span> 
     </span>
    </p>
   </div>
   <div class='ocr_carea' id='block_1_49' title="bbox 2010 2240 3603 2308">
    <p class='ocr_par' dir='ltr' id='par_1_49' title="bbox 2010 2240 3603 2308">
     <span class='ocr_line' id='line_1_49' title="bbox 2010 2240 3603 2308; baseline -0.003 -7"><span class='ocrx_word' id='word_1_355' title='bbox 2010 2247 2153 2302; x_wconf 65' lang='lat' dir='ltr'><strong>caelo</strong></span> <span class='ocrx_word' id='word_1_356' title='bbox 2186 2244 2463 2301; x_wconf 87' lang='lat' dir='ltr'><strong>demissus</strong></span> <span class='ocrx_word' id='word_1_357' title='bbox 2488 2250 2594 2299; x_wconf 90' lang='lat' dir='ltr'><strong>est.</strong></span> <span class='ocrx_word' id='word_1_358' title='bbox 2638 2240 2813 2308; x_wconf 85' lang='lat' dir='ltr'><strong>Quem</strong></span> <span class='ocrx_word' id='word_1_359' title='bbox 2860 2242 3025 2296; x_wconf 86' lang='lat' dir='ltr'><strong>etiam</strong></span> <span class='ocrx_word' id='word_1_360' title='bbox 3058 2241 3358 2296; x_wconf 85' lang='lat' dir='ltr'><strong>missurum</strong></span> <span class='ocrx_word' id='word_1_361' title='bbox 3383 2256 3442 2297; x_wconf 92' lang='lat' dir='ltr'><strong>se</strong></span> <span class='ocrx_word' id='word_1_362' title='bbox 3479 2243 3603 2297; x_wconf 83' lang='lat' dir='ltr'><strong>uni-</strong></span> 
     </span>
    </p>
   </div>
   <div class='ocr_carea' id='block_1_50' title="bbox 2009 2335 3611 2412">
    <p class='ocr_par' dir='ltr' id='par_1_50' title="bbox 2009 2335 3611 2412">
     <span class='ocr_line' id='line_1_50' title="bbox 2009 2335 3611 2412; baseline -0.001 -17"><span class='ocrx_word' id='word_1_363' title='bbox 2009 2341 2230 2412; x_wconf 84' lang='lat' dir='ltr'><strong>genitus</strong></span> <span class='ocrx_word' id='word_1_364' title='bbox 2270 2338 2369 2394; x_wconf 86' lang='lat' dir='ltr'><strong>Dei</strong></span> <span class='ocrx_word' id='word_1_365' title='bbox 2402 2335 2576 2392; x_wconf 84' lang='lat' dir='ltr'><strong>Filius</strong></span> <span class='ocrx_word' id='word_1_366' title='bbox 2619 2336 2908 2406; x_wconf 88' lang='lat' dir='ltr'><strong>promisit,</strong></span> <span class='ocrx_word' id='word_1_367' title='bbox 2966 2352 3071 2389; x_wconf 85' lang='lat' dir='ltr'><strong>non</strong></span> <span class='ocrx_word' id='word_1_368' title='bbox 3113 2343 3232 2403; x_wconf 79' lang='lat' dir='ltr'><strong>post</strong></span> <span class='ocrx_word' id='word_1_369' title='bbox 3268 2335 3461 2391; x_wconf 75' lang='lat' dir='ltr'><strong>multo:</strong></span> <span class='ocrx_word' id='word_1_370' title='bbox 3504 2339 3611 2393; x_wconf 67' lang='lat' dir='ltr'><strong>hos</strong></span> 
     </span>
    </p>
   </div>
   <div class='ocr_carea' id='block_1_51' title="bbox 2014 2427 3605 2500">
    <p class='ocr_par' dir='ltr' id='par_1_51' title="bbox 2014 2427 3605 2500">
     <span class='ocr_line' id='line_1_51' title="bbox 2014 2427 3605 2500; baseline -0.003 -12"><span class='ocrx_word' id='word_1_371' title='bbox 2014 2436 2126 2489; x_wconf 78' lang='lat' dir='ltr'><strong>dies</strong></span> <span class='ocrx_word' id='word_1_372' title='bbox 2149 2437 2190 2499; x_wconf 78' lang='grc' dir='ltr'><strong>ί,</strong></span> <span class='ocrx_word' id='word_1_373' title='bbox 2212 2432 2307 2489; x_wconf 88' lang='lat' dir='ltr'><strong>sed</strong></span> <span class='ocrx_word' id='word_1_374' title='bbox 2325 2430 2491 2487; x_wconf 85' lang='lat' dir='ltr'><strong>simul</strong></span> <span class='ocrx_word' id='word_1_375' title='bbox 2523 2438 2688 2500; x_wconf 91' lang='lat' dir='ltr'><strong>atque</strong></span> <span class='ocrx_word' id='word_1_376' title='bbox 2725 2427 3140 2484; x_wconf 88' lang='lat' dir='ltr'><strong>conscendisset</strong></span> <span class='ocrx_word' id='word_1_377' title='bbox 3173 2427 3229 2481; x_wconf 91' lang='lat' dir='ltr'><strong>in</strong></span> <span class='ocrx_word' id='word_1_378' title='bbox 3276 2428 3502 2493; x_wconf 65' lang='lat' dir='ltr'><strong>malum,</strong></span> <span class='ocrx_word' id='word_1_379' title='bbox 3541 2436 3605 2483; x_wconf 91' lang='lat' dir='ltr'><strong>ut</strong></span> 
     </span>
    </p>
   </div>
   <div class='ocr_carea' id='block_1_52' title="bbox 2011 2521 3600 2596">
    <p class='ocr_par' dir='ltr' id='par_1_52' title="bbox 2011 2521 3600 2596">
     <span class='ocr_line' id='line_1_52' title="bbox 2011 2521 3600 2596; baseline -0.004 -15"><span class='ocrx_word' id='word_1_380' title='bbox 2011 2526 2130 2596; x_wconf 88' lang='lat' dir='ltr'><strong>ipse</strong></span> <span class='ocrx_word' id='word_1_381' title='bbox 2159 2524 2349 2579; x_wconf 83' lang='lat' dir='ltr'><strong>deﬁnit</strong></span> <span class='ocrx_word' id='word_1_382' title='bbox 2385 2523 2475 2579; x_wconf 91' lang='lat' dir='ltr'><strong>bis</strong></span> <span class='ocrx_word' id='word_1_383' title='bbox 2508 2522 2733 2579; x_wconf 86' lang='lat' dir='ltr'><strong>verbis:</strong></span> <span class='ocrx_word' id='word_1_384' title='bbox 2768 2521 2831 2577; x_wconf 84' lang='lat' dir='ltr'><strong>Si</strong></span> <span class='ocrx_word' id='word_1_385' title='bbox 2859 2523 3000 2576; x_wconf 90' lang='lat' dir='ltr'><strong>enim</strong></span> <span class='ocrx_word' id='word_1_386' title='bbox 3039 2521 3221 2576; x_wconf 79' lang='lat' dir='ltr'><strong>abiero</strong></span> <span class='ocrx_word' id='word_1_387' title='bbox 3252 2521 3342 2575; x_wconf 87' lang='lat' dir='ltr'><strong>ille</strong></span> <span class='ocrx_word' id='word_1_388' title='bbox 3367 2522 3529 2576; x_wconf 80' lang='lat' dir='ltr'><strong>veniet</strong></span> <span class='ocrx_word' id='word_1_389' title='bbox 3553 2523 3600 2580; x_wconf 68' lang='lat'><strong>’.</strong></span> 
     </span>
    </p>
   </div>
   <div class='ocr_carea' id='block_1_53' title="bbox 2011 2612 3602 2683">
    <p class='ocr_par' dir='ltr' id='par_1_53' title="bbox 2011 2612 3602 2683">
     <span class='ocr_line' id='line_1_53' title="bbox 2011 2612 3602 2683; baseline -0.003 -11"><span class='ocrx_word' id='word_1_390' title='bbox 2011 2622 2089 2672; x_wconf 82' lang='lat' dir='ltr'><strong>Ac</strong></span> <span class='ocrx_word' id='word_1_391' title='bbox 2121 2616 2356 2672; x_wconf 91' lang='lat' dir='ltr'><strong>subinde</strong></span> <span class='ocrx_word' id='word_1_392' title='bbox 2384 2616 2440 2670; x_wconf 89' lang='lat' dir='ltr'><strong>in</strong></span> <span class='ocrx_word' id='word_1_393' title='bbox 2491 2614 2779 2670; x_wconf 65' lang='lat' dir='ltr'><strong>caenaculo</strong></span> <span class='ocrx_word' id='word_1_394' title='bbox 2822 2614 3016 2683; x_wconf 86' lang='lat' dir='ltr'><strong>repleti</strong></span> <span class='ocrx_word' id='word_1_395' title='bbox 3052 2620 3181 2668; x_wconf 88' lang='lat' dir='ltr'><strong>sunt</strong></span> <span class='ocrx_word' id='word_1_396' title='bbox 3218 2612 3427 2683; x_wconf 89' lang='lat' dir='ltr'><strong>Spiritu</strong></span> <span class='ocrx_word' id='word_1_397' title='bbox 3467 2627 3602 2668; x_wconf 91' lang='lat' dir='ltr'><strong>san—</strong></span> 
     </span>
    </p>
   </div>
   <div class='ocr_carea' id='block_1_54' title="bbox 2012 2703 3615 2775">
    <p class='ocr_par' dir='ltr' id='par_1_54' title="bbox 2012 2703 3615 2775">
     <span class='ocr_line' id='line_1_54' title="bbox 2012 2703 3615 2775; baseline -0.002 -12"><span class='ocrx_word' id='word_1_398' title='bbox 2012 2720 2123 2773; x_wconf 84' lang='lat' dir='ltr'><strong>cto,</strong></span> <span class='ocrx_word' id='word_1_399' title='bbox 2149 2724 2273 2763; x_wconf 90' lang='lat' dir='ltr'><strong>cum</strong></span> <span class='ocrx_word' id='word_1_400' title='bbox 2302 2724 2369 2764; x_wconf 85' lang='lat' dir='ltr'><strong>ex</strong></span> <span class='ocrx_word' id='word_1_401' title='bbox 2400 2708 2682 2763; x_wconf 86' lang='lat' dir='ltr'><strong>Olivarnm</strong></span> <span class='ocrx_word' id='word_1_402' title='bbox 2715 2714 2903 2761; x_wconf 88' lang='lat' dir='ltr'><strong>monte</strong></span> <span class='ocrx_word' id='word_1_403' title='bbox 2932 2705 3247 2761; x_wconf 89' lang='lat' dir='ltr'><strong>rediissent.</strong></span> <span class='ocrx_word' id='word_1_404' title='bbox 3274 2703 3441 2775; x_wconf 86' lang='lat' dir='ltr'><strong>quue</strong></span> <span class='ocrx_word' id='word_1_405' title='bbox 3466 2703 3615 2760; x_wconf 77' lang='lat' dir='ltr'><strong>adeo</strong></span> 
     </span>
    </p>
   </div>
   <div class='ocr_carea' id='block_1_55' title="bbox 2014 2796 3607 2872">
    <p class='ocr_par' dir='ltr' id='par_1_55' title="bbox 2014 2796 3607 2872">
     <span class='ocr_line' id='line_1_55' title="bbox 2014 2796 3607 2872; baseline -0.004 -14"><span class='ocrx_word' id='word_1_406' title='bbox 2014 2805 2100 2859; x_wconf 92' lang='lat' dir='ltr'><strong>his</strong></span> <span class='ocrx_word' id='word_1_407' title='bbox 2127 2804 2311 2859; x_wconf 84' lang='lat' dir='ltr'><strong>verbis</strong></span> <span class='ocrx_word' id='word_1_408' title='bbox 2343 2803 2630 2872; x_wconf 88' lang='lat' dir='ltr'><strong>Scriptura</strong></span> <span class='ocrx_word' id='word_1_409' title='bbox 2663 2806 2897 2856; x_wconf 87' lang='lat' dir='ltr'><strong>testatur</strong></span> <span class='ocrx_word' id='word_1_410' title='bbox 2931 2817 2947 2855; x_wconf 93' lang='lat'><strong>:</strong></span> <span class='ocrx_word' id='word_1_411' title='bbox 2993 2797 3063 2851; x_wconf 85' lang='lat' dir='ltr'><strong>Et</strong></span> <span class='ocrx_word' id='word_1_412' title='bbox 3098 2796 3607 2868; x_wconf 68' lang='lat' dir='ltr'><strong>apparueruntipsis</strong></span> 
     </span>
    </p>
   </div>
   <div class='ocr_carea' id='block_1_56' title="bbox 2016 2887 3613 2964">
    <p class='ocr_par' dir='ltr' id='par_1_56' title="bbox 2016 2887 3613 2964">
     <span class='ocr_line' id='line_1_56' title="bbox 2016 2887 3613 2964; baseline -0.004 -17"><span class='ocrx_word' id='word_1_413' title='bbox 2016 2893 2211 2964; x_wconf 76' lang='lat' dir='ltr'><strong>lingua:</strong></span> <span class='ocrx_word' id='word_1_414' title='bbox 2250 2894 2388 2961; x_wconf 80' lang='lat' dir='ltr'><strong>ignis</strong></span> <span class='ocrx_word' id='word_1_415' title='bbox 2424 2890 2756 2961; x_wconf 61' lang='lat' dir='ltr'><strong>dispertitur,</strong></span> <span class='ocrx_word' id='word_1_416' title='bbox 2799 2899 2849 2944; x_wconf 90' lang='lat' dir='ltr'><strong>et</strong></span> <span class='ocrx_word' id='word_1_417' title='bbox 2890 2888 3078 2944; x_wconf 77' lang='lat' dir='ltr'><strong>domus</strong></span> <span class='ocrx_word' id='word_1_418' title='bbox 3112 2890 3316 2960; x_wconf 84' lang='lat' dir='ltr'><strong>repleta</strong></span> <span class='ocrx_word' id='word_1_419' title='bbox 3340 2897 3417 2941; x_wconf 78' lang='lat' dir='ltr'><strong>est</strong></span> <span class='ocrx_word' id='word_1_420' title='bbox 3449 2887 3613 2958; x_wconf 73' lang='lat' dir='ltr'><strong>quasi</strong></span> 
     </span>
    </p>
   </div>
   <div class='ocr_carea' id='block_1_57' title="bbox 2015 2980 3611 3052">
    <p class='ocr_par' dir='ltr' id='par_1_57' title="bbox 2015 2980 3611 3052">
     <span class='ocr_line' id='line_1_57' title="bbox 2015 2980 3611 3052; baseline -0.003 -12"><span class='ocrx_word' id='word_1_421' title='bbox 2015 2997 2165 3041; x_wconf 79' lang='lat' dir='ltr'><strong>vento</strong></span> <span class='ocrx_word' id='word_1_422' title='bbox 2203 2986 2491 3040; x_wconf 79' lang='lat' dir='ltr'><strong>vehementi</strong></span> <span class='ocrx_word' id='word_1_423' title='bbox 2517 3023 2532 3046; x_wconf 91' lang='lat'><strong>,</strong></span> <span class='ocrx_word' id='word_1_424' title='bbox 2584 2982 2878 3052; x_wconf 79' lang='lat' dir='ltr'><strong>reseditque</strong></span> <span class='ocrx_word' id='word_1_425' title='bbox 2908 2982 3140 3051; x_wconf 77' lang='lat' dir='ltr'><strong>Spiritus</strong></span> <span class='ocrx_word' id='word_1_426' title='bbox 3174 2997 3338 3047; x_wconf 72' lang='lat' dir='ltr'><strong>supra</strong></span> <span class='ocrx_word' id='word_1_427' title='bbox 3365 2980 3611 3051; x_wconf 71' lang='lat' dir='ltr'><strong>singulos</strong></span> 
     </span>
    </p>
   </div>
   <div class='ocr_carea' id='block_1_58' title="bbox 2015 3071 3608 3144">
    <p class='ocr_par' dir='ltr' id='par_1_58' title="bbox 2015 3071 3608 3144">
     <span class='ocr_line' id='line_1_58' title="bbox 2015 3071 3608 3144; baseline -0.003 -14"><span class='ocrx_word' id='word_1_428' title='bbox 2015 3093 2221 3135; x_wconf 86' lang='lat' dir='ltr'><strong>eorum.</strong></span> <span class='ocrx_word' id='word_1_429' title='bbox 2243 3085 2292 3129; x_wconf 91' lang='lat' dir='ltr'><strong>et</strong></span> <span class='ocrx_word' id='word_1_430' title='bbox 2319 3074 2668 3144; x_wconf 83' lang='lat' dir='ltr'><strong>loquebantur</strong></span> <span class='ocrx_word' id='word_1_431' title='bbox 2689 3072 2882 3142; x_wconf 76' lang='lat' dir='ltr'><strong>linguis</strong></span> <span class='ocrx_word' id='word_1_432' title='bbox 2912 3073 3182 3143; x_wconf 83' lang='lat' dir='ltr'><strong>magnalia</strong></span> <span class='ocrx_word' id='word_1_433' title='bbox 3213 3071 3330 3136; x_wconf 85' lang='lat' dir='ltr'><strong>Dei,</strong></span> <span class='ocrx_word' id='word_1_434' title='bbox 3358 3080 3407 3125; x_wconf 90' lang='lat' dir='ltr'><strong>et</strong></span> <span class='ocrx_word' id='word_1_435' title='bbox 3440 3087 3608 3125; x_wconf 73' lang='lat' dir='ltr'><strong>unus-</strong></span> 
     </span>
    </p>
   </div>
   <div class='ocr_carea' id='block_1_59' title="bbox 311 3153 1912 3238">
    <p class='ocr_par' dir='ltr' id='par_1_59' title="bbox 311 3153 1909 3228">
     <span class='ocr_line' id='line_1_59' title="bbox 311 3153 1909 3228; baseline -0.006 -14"><span class='ocrx_word' id='word_1_436' title='bbox 311 3160 453 3222; x_wconf 69' lang='grc' dir='ltr'>νὺν,</span> <span class='ocrx_word' id='word_1_437' title='bbox 492 3158 588 3213; x_wconf 79' lang='grc' dir='ltr'><strong>καὶ</strong></span> <span class='ocrx_word' id='word_1_438' title='bbox 628 3158 861 3223; x_wconf 73' lang='grc' dir='ltr'>ἕκαστος</span> <span class='ocrx_word' id='word_1_439' title='bbox 890 3158 980 3211; x_wconf 84' lang='grc' dir='ltr'>διὰ</span> <span class='ocrx_word' id='word_1_440' title='bbox 1014 3158 1111 3211; x_wconf 89' lang='grc' dir='ltr'><strong>τοῦ</strong></span> <span class='ocrx_word' id='word_1_441' title='bbox 1142 3155 1457 3228; x_wconf 85' lang='grc' dir='ltr'>Πνεύματος</span> <span class='ocrx_word' id='word_1_442' title='bbox 1482 3153 1909 3225; x_wconf 84' lang='grc' dir='ltr'>παρεκαλοῦντο,</span> 
     </span>
    </p>
   </div>
   <div class='ocr_carea' id='block_1_60' title="bbox 2012 3153 3609 3238">
    <p class='ocr_par' dir='ltr' id='par_1_60' title="bbox 2015 3159 3609 3237">
     <span class='ocr_line' id='line_1_60' title="bbox 2015 3159 3609 3237; baseline -0.004 -18"><span class='ocrx_word' id='word_1_443' title='bbox 2015 3168 2233 3237; x_wconf 82' lang='lat' dir='ltr'><strong>quisque</strong></span> <span class='ocrx_word' id='word_1_444' title='bbox 2277 3165 2459 3233; x_wconf 87' lang='lat' dir='ltr'><strong>lingua</strong></span> <span class='ocrx_word' id='word_1_445' title='bbox 2496 3180 2597 3218; x_wconf 83' lang='lat' dir='ltr'><strong>sua</strong></span> <span class='ocrx_word' id='word_1_446' title='bbox 2649 3162 2917 3231; x_wconf 79' lang='lat' dir='ltr'><strong>loquentes</strong></span> <span class='ocrx_word' id='word_1_447' title='bbox 2950 3160 3075 3214; x_wconf 82' lang='lat' dir='ltr'><strong>illos</strong></span> <span class='ocrx_word' id='word_1_448' title='bbox 3120 3160 3389 3214; x_wconf 81' lang='lat' dir='ltr'><strong>audiebat.</strong></span> <span class='ocrx_word' id='word_1_449' title='bbox 3433 3159 3609 3214; x_wconf 82' lang='lat' dir='ltr'><strong>Erant</strong></span> 
     </span>
    </p>
   </div>
   <div class='ocr_carea' id='block_1_61' title="bbox 311 3244 1916 3322">
    <p class='ocr_par' dir='ltr' id='par_1_61' title="bbox 311 3244 1916 3322">
     <span class='ocr_line' id='line_1_61' title="bbox 311 3244 1916 3322; baseline -0.004 -18"><span class='ocrx_word' id='word_1_450' title='bbox 311 3251 369 3304; x_wconf 82' lang='grc' dir='ltr'><strong>οἶ</strong></span> <span class='ocrx_word' id='word_1_451' title='bbox 397 3268 462 3304; x_wconf 88' lang='grc' dir='ltr'><strong>τε</strong></span> <span class='ocrx_word' id='word_1_452' title='bbox 492 3250 784 3304; x_wconf 87' lang='grc' dir='ltr'>ἀπόστολοι</span> <span class='ocrx_word' id='word_1_453' title='bbox 815 3250 904 3304; x_wconf 89' lang='grc' dir='ltr'><strong>διά</strong></span> <span class='ocrx_word' id='word_1_454' title='bbox 942 3250 1043 3321; x_wconf 83' lang='grc' dir='ltr'>τῆς</span> <span class='ocrx_word' id='word_1_455' title='bbox 1069 3250 1300 3322; x_wconf 75' lang='grc' dir='ltr'>δωρεᾶς,</span> <span class='ocrx_word' id='word_1_456' title='bbox 1334 3246 1430 3301; x_wconf 71' lang='grc' dir='ltr'>καὶ</span> <span class='ocrx_word' id='word_1_457' title='bbox 1476 3247 1653 3302; x_wconf 85' lang='grc' dir='ltr'>πάντα</span> <span class='ocrx_word' id='word_1_458' title='bbox 1689 3245 1758 3298; x_wconf 87' lang='grc' dir='ltr'><strong>τά</strong></span> <span class='ocrx_word' id='word_1_459' title='bbox 1786 3244 1916 3315; x_wconf 74' lang='grc' dir='ltr'>ἔθνη</span> 
     </span>
    </p>
   </div>
   <div class='ocr_carea' id='block_1_62' title="bbox 313 3339 1915 3415">
    <p class='ocr_par' dir='ltr' id='par_1_62' title="bbox 313 3339 1915 3415">
     <span class='ocr_line' id='line_1_62' title="bbox 313 3339 1915 3415; baseline -0.004 -17"><span class='ocrx_word' id='word_1_460' title='bbox 313 3344 407 3398; x_wconf 76' lang='grc' dir='ltr'>διὰ</span> <span class='ocrx_word' id='word_1_461' title='bbox 430 3343 536 3415; x_wconf 85' lang='grc' dir='ltr'>τῆς</span> <span class='ocrx_word' id='word_1_462' title='bbox 562 3344 877 3415; x_wconf 84' lang='grc' dir='ltr'>ἐνηχήσεως</span> <span class='ocrx_word' id='word_1_463' title='bbox 891 3342 994 3413; x_wconf 82' lang='grc' dir='ltr'>τῆς</span> <span class='ocrx_word' id='word_1_464' title='bbox 1017 3342 1115 3397; x_wconf 88' lang='grc' dir='ltr'><strong>τοῦ</strong></span> <span class='ocrx_word' id='word_1_465' title='bbox 1143 3341 1280 3396; x_wconf 85' lang='grc' dir='ltr'>Θεοῦ</span> <span class='ocrx_word' id='word_1_466' title='bbox 1305 3341 1626 3413; x_wconf 70' lang='grc' dir='ltr'>θαυ·ι.αστῆς</span> <span class='ocrx_word' id='word_1_467' title='bbox 1658 3339 1915 3394; x_wconf 88' lang='grc' dir='ltr'>διδασκα-</span> 
     </span>
    </p>
   </div>
   <div class='ocr_carea' id='block_1_63' title="bbox 313 3435 463 3502">
    <p class='ocr_par' dir='ltr' id='par_1_63' title="bbox 313 3435 463 3502">
     <span class='ocr_line' id='line_1_63' title="bbox 313 3435 463 3502; baseline 0.013 -12"><span class='ocrx_word' id='word_1_468' title='bbox 313 3435 463 3502; x_wconf 81' lang='grc' dir='ltr'>λίας.</span> 
     </span>
    </p>
   </div>
   <div class='ocr_carea' id='block_1_64' title="bbox 390 3699 1921 3773">
    <p class='ocr_par' dir='ltr' id='par_1_64' title="bbox 390 3699 1921 3773">
     <span class='ocr_line' id='line_1_64' title="bbox 390 3699 1921 3773; baseline -0.003 -17"><span class='ocrx_word' id='word_1_469' title='bbox 390 3703 457 3757; x_wconf 80' lang='lat' dir='ltr'><strong>El</strong></span> <span class='ocrx_word' id='word_1_470' title='bbox 485 3701 598 3773; x_wconf 77' lang='grc' dir='ltr'>γὰρ</span> <span class='ocrx_word' id='word_1_471' title='bbox 622 3701 685 3755; x_wconf 80' lang='grc' dir='ltr'><strong>τὸ</strong></span> <span class='ocrx_word' id='word_1_472' title='bbox 716 3700 947 3772; x_wconf 85' lang='grc' dir='ltr'>Πνεῦμα</span> <span class='ocrx_word' id='word_1_473' title='bbox 977 3702 1042 3755; x_wconf 88' lang='grc' dir='ltr'>τὸ</span> <span class='ocrx_word' id='word_1_474' title='bbox 1074 3700 1449 3772; x_wconf 82' lang='grc' dir='ltr'>παράκλητον,</span> <span class='ocrx_word' id='word_1_475' title='bbox 1479 3699 1622 3773; x_wconf 81' lang='grc' dir='ltr'>ὅπερ</span> <span class='ocrx_word' id='word_1_476' title='bbox 1651 3699 1921 3771; x_wconf 88' lang='grc' dir='ltr'>ἐπηγγεί-</span> 
     </span>
    </p>
   </div>
   <div class='ocr_carea' id='block_1_65' title="bbox 317 3783 1920 3867">
    <p class='ocr_par' dir='ltr' id='par_1_65' title="bbox 317 3783 1920 3867">
     <span class='ocr_line' id='line_1_65' title="bbox 317 3783 1920 3867; baseline -0.013 -16"><span class='ocrx_word' id='word_1_477' title='bbox 317 3796 452 3851; x_wconf 82' lang='grc' dir='ltr'>λατο</span> <span class='ocrx_word' id='word_1_478' title='bbox 473 3798 588 3859; x_wconf 77' lang='grc' dir='ltr'>τοῖς</span> <span class='ocrx_word' id='word_1_479' title='bbox 620 3794 891 3867; x_wconf 79' lang='grc' dir='ltr'>μαθηταῖς</span> <span class='ocrx_word' id='word_1_480' title='bbox 917 3792 946 3844; x_wconf 87' lang='lat'><strong>6</strong></span> <span class='ocrx_word' id='word_1_481' title='bbox 976 3792 1200 3863; x_wconf 86' lang='grc' dir='ltr'>Κύριος,</span> <span class='ocrx_word' id='word_1_482' title='bbox 1233 3793 1262 3845; x_wconf 89' lang='lat'><strong>6</strong></span> <span class='ocrx_word' id='word_1_483' title='bbox 1292 3793 1537 3866; x_wconf 82' lang='grc' dir='ltr'>ἀγύρτης</span> <span class='ocrx_word' id='word_1_484' title='bbox 1568 3783 1727 3855; x_wconf 74' lang='grc' dir='ltr'>οὗτος</span> <span class='ocrx_word' id='word_1_485' title='bbox 1758 3789 1920 3861; x_wconf 63' lang='grc' dir='ltr'>ἐτύγ-</span> 
     </span>
    </p>
   </div>
   <div class='ocr_carea' id='block_1_66' title="bbox 318 3884 1918 3959">
    <p class='ocr_par' dir='ltr' id='par_1_66' title="bbox 318 3884 1918 3959">
     <span class='ocr_line' id='line_1_66' title="bbox 318 3884 1918 3959; baseline -0.003 -18"><span class='ocrx_word' id='word_1_486' title='bbox 318 3905 509 3959; x_wconf 78' lang='grc' dir='ltr'>χανεν,</span> <span class='ocrx_word' id='word_1_487' title='bbox 534 3887 566 3940; x_wconf 80' lang='lat'><strong>6</strong></span> <span class='ocrx_word' id='word_1_488' title='bbox 593 3886 847 3959; x_wconf 82' lang='grc' dir='ltr'>ἐμμανὴς</span> <span class='ocrx_word' id='word_1_489' title='bbox 877 3884 1116 3957; x_wconf 85' lang='grc' dir='ltr'>ἀληθῶς,</span> <span class='ocrx_word' id='word_1_490' title='bbox 1160 3885 1254 3939; x_wconf 70' lang='grc' dir='ltr'><strong>καὶ</strong></span> <span class='ocrx_word' id='word_1_491' title='bbox 1286 3884 1609 3957; x_wconf 87' lang='grc' dir='ltr'>φερώνυμος</span> <span class='ocrx_word' id='word_1_492' title='bbox 1632 3884 1735 3953; x_wconf 84' lang='grc' dir='ltr'>τῆς</span> <span class='ocrx_word' id='word_1_493' title='bbox 1786 3884 1918 3937; x_wconf 82' lang='grc' dir='ltr'>ἐαυ-</span> 
     </span>
    </p>
   </div>
   <div class='ocr_carea' id='block_1_67' title="bbox 317 3977 1924 4051">
    <p class='ocr_par' dir='ltr' id='par_1_67' title="bbox 317 3977 1924 4051">
     <span class='ocr_line' id='line_1_67' title="bbox 317 3977 1924 4051; baseline -0.002 -17"><span class='ocrx_word' id='word_1_494' title='bbox 317 3980 420 4034; x_wconf 82' lang='grc' dir='ltr'><strong>τοῦ</strong></span> <span class='ocrx_word' id='word_1_495' title='bbox 447 3980 789 4051; x_wconf 80' lang='grc' dir='ltr'>ἐπωνυμίας,</span> <span class='ocrx_word' id='word_1_496' title='bbox 825 3978 1107 4049; x_wconf 80' lang='grc' dir='ltr'>παρῆλθον</span> <span class='ocrx_word' id='word_1_497' title='bbox 1151 3980 1200 4032; x_wconf 83' lang='grc' dir='ltr'>οἱ</span> <span class='ocrx_word' id='word_1_498' title='bbox 1240 3978 1533 4032; x_wconf 80' lang='grc' dir='ltr'>ἀπόστολοι</span> <span class='ocrx_word' id='word_1_499' title='bbox 1565 3977 1924 4050; x_wconf 82' lang='grc' dir='ltr'>στερηθέντες</span> 
     </span>
    </p>
   </div>
   <div class='ocr_carea' id='block_1_68' title="bbox 318 4069 1924 4144">
    <p class='ocr_par' dir='ltr' id='par_1_68' title="bbox 318 4069 1924 4144">
     <span class='ocr_line' id='line_1_68' title="bbox 318 4069 1924 4144; baseline -0.002 -17"><span class='ocrx_word' id='word_1_500' title='bbox 318 4073 425 4144; x_wconf 82' lang='grc' dir='ltr'>τῆς</span> <span class='ocrx_word' id='word_1_501' title='bbox 450 4071 811 4141; x_wconf 83' lang='grc' dir='ltr'>ἐπαγγελίας,</span> <span class='ocrx_word' id='word_1_502' title='bbox 846 4070 1182 4134; x_wconf 83' lang='grc' dir='ltr'>ἀκούσαντες</span> <span class='ocrx_word' id='word_1_503' title='bbox 1210 4070 1364 4144; x_wconf 86' lang='grc' dir='ltr'>παρὰ</span> <span class='ocrx_word' id='word_1_504' title='bbox 1393 4069 1489 4124; x_wconf 90' lang='grc' dir='ltr'><strong>τοῦ</strong></span> <span class='ocrx_word' id='word_1_505' title='bbox 1520 4070 1790 4141; x_wconf 74' lang='grc' dir='ltr'>ἀψευδοῦς</span> <span class='ocrx_word' id='word_1_506' title='bbox 1811 4072 1924 4124; x_wconf 84' lang='grc' dir='ltr'><strong>Κυ-</strong></span> 
     </span>
    </p>
   </div>
   <div class='ocr_carea' id='block_1_69' title="bbox 323 4163 1924 4239">
    <p class='ocr_par' dir='ltr' id='par_1_69' title="bbox 323 4163 1924 4239">
     <span class='ocr_line' id='line_1_69' title="bbox 323 4163 1924 4239; baseline -0.002 -18"><span class='ocrx_word' id='word_1_507' title='bbox 323 4168 449 4239; x_wconf 88' lang='grc' dir='ltr'>ρίου</span> <span class='ocrx_word' id='word_1_508' title='bbox 466 4183 481 4199; x_wconf 77' lang='grc' dir='ltr'><strong>ο</strong></span> <span class='ocrx_word' id='word_1_509' title='bbox 511 4163 799 4234; x_wconf 74' lang='grc' dir='ltr'>Λήψεσθε</span> <span class='ocrx_word' id='word_1_510' title='bbox 821 4164 937 4234; x_wconf 84' lang='grc' dir='ltr'>τὴν</span> <span class='ocrx_word' id='word_1_511' title='bbox 970 4164 1197 4234; x_wconf 82' lang='grc' dir='ltr'>δωρεὰν</span> <span class='ocrx_word' id='word_1_512' title='bbox 1227 4163 1336 4218; x_wconf 85' lang='grc' dir='ltr'><strong>τοῦ</strong></span> <span class='ocrx_word' id='word_1_513' title='bbox 1373 4164 1548 4235; x_wconf 78' lang='grc' dir='ltr'>ἁγίου</span> <span class='ocrx_word' id='word_1_514' title='bbox 1576 4165 1924 4234; x_wconf 82' lang='grc' dir='ltr'>Πνεύματος</span> 
     </span>
    </p>
   </div>
   <div class='ocr_carea' id='block_1_70' title="bbox 323 4255 1925 4329">
    <p class='ocr_par' dir='ltr' id='par_1_70' title="bbox 323 4255 1925 4329">
     <span class='ocr_line' id='line_1_70' title="bbox 323 4255 1925 4329; baseline -0.004 -14"><span class='ocrx_word' id='word_1_515' title='bbox 323 4261 403 4315; x_wconf 85' lang='grc' dir='ltr'>οὐ</span> <span class='ocrx_word' id='word_1_516' title='bbox 440 4257 597 4327; x_wconf 77' lang='grc' dir='ltr'>μετὰ</span> <span class='ocrx_word' id='word_1_517' title='bbox 628 4258 868 4323; x_wconf 79' lang='grc' dir='ltr'>πολλὰς</span> <span class='ocrx_word' id='word_1_518' title='bbox 902 4257 1125 4323; x_wconf 78' lang='grc' dir='ltr'>ταύτας</span> <span class='ocrx_word' id='word_1_519' title='bbox 1152 4255 1395 4326; x_wconf 78' lang='grc' dir='ltr'>ἡμέρας.</span> <span class='ocrx_word' id='word_1_520' title='bbox 1428 4256 1539 4311; x_wconf 79' lang='grc' dir='ltr'><strong>Καὶ</strong></span> <span class='ocrx_word' id='word_1_521' title='bbox 1568 4256 1925 4329; x_wconf 83' lang='grc' dir='ltr'>εὑρεθήσεται</span> 
     </span>
    </p>
   </div>
   <div class='ocr_carea' id='block_1_71' title="bbox 2021 3251 3605 3323">
    <p class='ocr_par' dir='ltr' id='par_1_71' title="bbox 2021 3251 3605 3323">
     <span class='ocr_line' id='line_1_71' title="bbox 2021 3251 3605 3323; baseline -0.003 -10"><span class='ocrx_word' id='word_1_522' title='bbox 2021 3268 2195 3313; x_wconf 87' lang='lat' dir='ltr'><strong>autem</strong></span> <span class='ocrx_word' id='word_1_523' title='bbox 2217 3273 2282 3312; x_wconf 78' lang='lat' dir='ltr'><strong>ea:</strong></span> <span class='ocrx_word' id='word_1_524' title='bbox 2311 3257 2455 3311; x_wconf 87' lang='lat' dir='ltr'><strong>omni</strong></span> <span class='ocrx_word' id='word_1_525' title='bbox 2479 3256 2691 3309; x_wconf 85' lang='lat' dir='ltr'><strong>natione</strong></span> <span class='ocrx_word' id='word_1_526' title='bbox 2724 3269 2839 3323; x_wconf 74' lang='lat' dir='ltr'><strong>qua:</strong></span> <span class='ocrx_word' id='word_1_527' title='bbox 2865 3251 2961 3305; x_wconf 79' lang='lat' dir='ltr'><strong>sub</strong></span> <span class='ocrx_word' id='word_1_528' title='bbox 2994 3251 3123 3306; x_wconf 67' lang='lat' dir='ltr'><strong>calo</strong></span> <span class='ocrx_word' id='word_1_529' title='bbox 3150 3260 3230 3306; x_wconf 74' lang='lat' dir='ltr'><strong>est</strong></span> <span class='ocrx_word' id='word_1_530' title='bbox 3260 3251 3302 3318; x_wconf 89' lang='grc'>³,</span> <span class='ocrx_word' id='word_1_531' title='bbox 3334 3252 3605 3321; x_wconf 86' lang='lat' dir='ltr'><strong>singulos-</strong></span> 
     </span>
    </p>
   </div>
   <div class='ocr_carea' id='block_1_72' title="bbox 2019 3344 3610 3422">
    <p class='ocr_par' dir='ltr' id='par_1_72' title="bbox 2019 3344 3610 3422">
     <span class='ocr_line' id='line_1_72' title="bbox 2019 3344 3610 3422; baseline -0.004 -16"><span class='ocrx_word' id='word_1_532' title='bbox 2019 3369 2127 3422; x_wconf 83' lang='lat' dir='ltr'><strong>que</strong></span> <span class='ocrx_word' id='word_1_533' title='bbox 2188 3349 2580 3405; x_wconf 87' lang='lat' dir='ltr'><strong>consolabatur</strong></span> <span class='ocrx_word' id='word_1_534' title='bbox 2656 3346 2899 3416; x_wconf 88' lang='lat' dir='ltr'><strong>Spiritus</strong></span> <span class='ocrx_word' id='word_1_535' title='bbox 2980 3353 3253 3409; x_wconf 89' lang='lat' dir='ltr'><strong>sanctus,</strong></span> <span class='ocrx_word' id='word_1_536' title='bbox 3326 3344 3610 3413; x_wconf 89' lang='lat' dir='ltr'><strong>apostolos</strong></span> 
     </span>
    </p>
   </div>
   <div class='ocr_carea' id='block_1_73' title="bbox 2020 3438 3610 3515">
    <p class='ocr_par' dir='ltr' id='par_1_73' title="bbox 2020 3438 3610 3515">
     <span class='ocr_line' id='line_1_73' title="bbox 2020 3438 3610 3515; baseline -0.004 -16"><span class='ocrx_word' id='word_1_537' title='bbox 2020 3445 2242 3515; x_wconf 91' lang='lat' dir='ltr'><strong>quidem</strong></span> <span class='ocrx_word' id='word_1_538' title='bbox 2272 3442 2484 3497; x_wconf 66' lang='lat' dir='ltr'><strong>caelesti</strong></span> <span class='ocrx_word' id='word_1_539' title='bbox 2516 3441 2610 3495; x_wconf 88' lang='lat' dir='ltr'><strong>illo</strong></span> <span class='ocrx_word' id='word_1_540' title='bbox 2635 3439 2803 3511; x_wconf 76' lang='lat'><strong><em>636</em></strong></span> <span class='ocrx_word' id='word_1_541' title='bbox 2832 3438 3129 3505; x_wconf 83' lang='lat' dir='ltr'><strong>beneficio;</strong></span> <span class='ocrx_word' id='word_1_542' title='bbox 3160 3439 3450 3494; x_wconf 89' lang='lat' dir='ltr'><strong>universas</strong></span> <span class='ocrx_word' id='word_1_543' title='bbox 3480 3451 3610 3492; x_wconf 87' lang='lat' dir='ltr'><strong>vero</strong></span> 
     </span>
    </p>
   </div>
   <div class='ocr_carea' id='block_1_74' title="bbox 2021 3529 3610 3591">
    <p class='ocr_par' dir='ltr' id='par_1_74' title="bbox 2021 3529 3610 3591">
     <span class='ocr_line' id='line_1_74' title="bbox 2021 3529 3610 3591; baseline -0.004 0"><span class='ocrx_word' id='word_1_544' title='bbox 2021 3536 2275 3591; x_wconf 91' lang='lat' dir='ltr'><strong>nationes</strong></span> <span class='ocrx_word' id='word_1_545' title='bbox 2320 3534 2522 3589; x_wconf 74' lang='lat' dir='ltr'><strong>divinae</strong></span> <span class='ocrx_word' id='word_1_546' title='bbox 2560 3530 2710 3587; x_wconf 91' lang='lat' dir='ltr'><strong>illius</strong></span> <span class='ocrx_word' id='word_1_547' title='bbox 2755 3531 3101 3586; x_wconf 87' lang='lat' dir='ltr'><strong>admirabilis</strong></span> <span class='ocrx_word' id='word_1_548' title='bbox 3135 3530 3483 3587; x_wconf 89' lang='lat' dir='ltr'><strong>institutione</strong></span> <span class='ocrx_word' id='word_1_549' title='bbox 3509 3529 3610 3584; x_wconf 86' lang='lat' dir='ltr'><strong>do-</strong></span> 
     </span>
    </p>
   </div>
   <div class='ocr_carea' id='block_1_75' title="bbox 2023 3629 2234 3683">
    <p class='ocr_par' dir='ltr' id='par_1_75' title="bbox 2023 3629 2234 3683">
     <span class='ocr_line' id='line_1_75' title="bbox 2023 3629 2234 3683; baseline -0.009 0"><span class='ocrx_word' id='word_1_550' title='bbox 2023 3629 2234 3683; x_wconf 68' lang='lat' dir='ltr'><strong>ctrina}.</strong></span> 
     </span>
    </p>
   </div>
   <div class='ocr_carea' id='block_1_76' title="bbox 2095 3712 3612 3787">
    <p class='ocr_par' dir='ltr' id='par_1_76' title="bbox 2095 3712 3612 3787">
     <span class='ocr_line' id='line_1_76' title="bbox 2095 3712 3612 3787; baseline -0.004 -15"><span class='ocrx_word' id='word_1_551' title='bbox 2095 3717 2164 3772; x_wconf 88' lang='lat' dir='ltr'><strong>Et</strong></span> <span class='ocrx_word' id='word_1_552' title='bbox 2215 3730 2343 3772; x_wconf 87' lang='lat' dir='ltr'><strong>vero</strong></span> <span class='ocrx_word' id='word_1_553' title='bbox 2391 3718 2439 3771; x_wconf 88' lang='lat' dir='ltr'><strong>si</strong></span> <span class='ocrx_word' id='word_1_554' title='bbox 2494 3716 2761 3787; x_wconf 91' lang='lat' dir='ltr'><strong>impostor</strong></span> <span class='ocrx_word' id='word_1_555' title='bbox 2813 3716 2917 3771; x_wconf 90' lang='lat' dir='ltr'><strong>iste</strong></span> <span class='ocrx_word' id='word_1_556' title='bbox 2968 3712 3205 3783; x_wconf 89' lang='lat' dir='ltr'><strong>Spiritus</strong></span> <span class='ocrx_word' id='word_1_557' title='bbox 3241 3712 3330 3767; x_wconf 91' lang='lat' dir='ltr'><strong>ille</strong></span> <span class='ocrx_word' id='word_1_558' title='bbox 3385 3719 3612 3767; x_wconf 83' lang='lat' dir='ltr'><strong>sanctus</strong></span> 
     </span>
    </p>
   </div>
   <div class='ocr_carea' id='block_1_77' title="bbox 2022 3790 3612 3877">
    <p class='ocr_par' dir='ltr' id='par_1_77' title="bbox 2022 3790 3612 3877">
     <span class='ocr_line' id='line_1_77' title="bbox 2022 3790 3612 3877; baseline -0.006 -14"><span class='ocrx_word' id='word_1_559' title='bbox 2022 3817 2191 3871; x_wconf 88' lang='lat' dir='ltr'><strong>esset,</strong></span> <span class='ocrx_word' id='word_1_560' title='bbox 2220 3822 2384 3877; x_wconf 87' lang='lat' dir='ltr'><strong>quem</strong></span> <span class='ocrx_word' id='word_1_561' title='bbox 2428 3790 2720 3876; x_wconf 86' lang='lat' dir='ltr'><strong>discipulis</strong></span> <span class='ocrx_word' id='word_1_562' title='bbox 2757 3792 3035 3876; x_wconf 88' lang='lat' dir='ltr'><strong>pollicitus</strong></span> <span class='ocrx_word' id='word_1_563' title='bbox 3066 3809 3184 3858; x_wconf 90' lang='lat' dir='ltr'><strong>erat</strong></span> <span class='ocrx_word' id='word_1_564' title='bbox 3222 3801 3484 3856; x_wconf 89' lang='lat' dir='ltr'><strong>Dominus</strong></span> <span class='ocrx_word' id='word_1_565' title='bbox 3507 3842 3520 3861; x_wconf 86' lang='lat'><strong>.</strong></span> <span class='ocrx_word' id='word_1_566' title='bbox 3559 3811 3612 3855; x_wconf 88' lang='lat' dir='ltr'><strong>ct</strong></span> 
     </span>
    </p>
   </div>
   <div class='ocr_carea' id='block_1_78' title="bbox 2023 3894 3611 3970">
    <p class='ocr_par' dir='ltr' id='par_1_78' title="bbox 2023 3894 3611 3970">
     <span class='ocr_line' id='line_1_78' title="bbox 2023 3894 3611 3970; baseline -0.004 -18"><span class='ocrx_word' id='word_1_567' title='bbox 2023 3898 2391 3970; x_wconf 89' lang='lat' dir='ltr'><strong>promissione</strong></span> <span class='ocrx_word' id='word_1_568' title='bbox 2448 3895 2687 3952; x_wconf 81' lang='lat' dir='ltr'><strong>fraudati</strong></span> <span class='ocrx_word' id='word_1_569' title='bbox 2743 3896 3137 3951; x_wconf 89' lang='lat' dir='ltr'><strong>discessissent</strong></span> <span class='ocrx_word' id='word_1_570' title='bbox 3176 3894 3441 3963; x_wconf 87' lang='lat' dir='ltr'><strong>apostoli,</strong></span> <span class='ocrx_word' id='word_1_571' title='bbox 3485 3908 3611 3946; x_wconf 91' lang='lat' dir='ltr'><strong>cum</strong></span> 
     </span>
    </p>
   </div>
   <div class='ocr_carea' id='block_1_79' title="bbox 2023 3985 3614 4058">
    <p class='ocr_par' dir='ltr' id='par_1_79' title="bbox 2023 3985 3614 4058">
     <span class='ocr_line' id='line_1_79' title="bbox 2023 3985 3614 4058; baseline -0.003 -14"><span class='ocrx_word' id='word_1_572' title='bbox 2023 3998 2210 4045; x_wconf 90' lang='lat' dir='ltr'><strong>tamen</strong></span> <span class='ocrx_word' id='word_1_573' title='bbox 2244 4004 2274 4043; x_wconf 91' lang='lat' dir='ltr'><strong>a</strong></span> <span class='ocrx_word' id='word_1_574' title='bbox 2315 3987 2572 4057; x_wconf 88' lang='lat' dir='ltr'><strong>Domino,</strong></span> <span class='ocrx_word' id='word_1_575' title='bbox 2607 3988 2701 4058; x_wconf 90' lang='lat' dir='ltr'><strong>qui</strong></span> <span class='ocrx_word' id='word_1_576' title='bbox 2742 3987 2964 4043; x_wconf 91' lang='lat' dir='ltr'><strong>mentiri</strong></span> <span class='ocrx_word' id='word_1_577' title='bbox 3001 4001 3111 4041; x_wconf 90' lang='lat' dir='ltr'><strong>non</strong></span> <span class='ocrx_word' id='word_1_578' title='bbox 3158 3994 3368 4056; x_wconf 89' lang='lat' dir='ltr'><strong>potest,</strong></span> <span class='ocrx_word' id='word_1_579' title='bbox 3403 3985 3614 4056; x_wconf 88' lang='lat' dir='ltr'><strong>pridem</strong></span> 
     </span>
    </p>
   </div>
   <div class='ocr_carea' id='block_1_80' title="bbox 2025 4077 3618 4148">
    <p class='ocr_par' dir='ltr' id='par_1_80' title="bbox 2025 4077 3618 4148">
     <span class='ocr_line' id='line_1_80' title="bbox 2025 4077 3618 4148; baseline -0.004 -11"><span class='ocrx_word' id='word_1_580' title='bbox 2025 4082 2163 4137; x_wconf 90' lang='lat' dir='ltr'><strong>illud</strong></span> <span class='ocrx_word' id='word_1_581' title='bbox 2217 4082 2544 4136; x_wconf 89' lang='lat' dir='ltr'><strong>audissent:</strong></span> <span class='ocrx_word' id='word_1_582' title='bbox 2590 4081 2874 4142; x_wconf 77' lang='lat' dir='ltr'><strong>Accipietis</strong></span> <span class='ocrx_word' id='word_1_583' title='bbox 2918 4080 3115 4133; x_wconf 85' lang='lat' dir='ltr'><strong>donum</strong></span> <span class='ocrx_word' id='word_1_584' title='bbox 3160 4077 3394 4148; x_wconf 77' lang='lat' dir='ltr'><strong>Spiritus</strong></span> <span class='ocrx_word' id='word_1_585' title='bbox 3444 4077 3618 4131; x_wconf 80' lang='lat' dir='ltr'><strong>sancti</strong></span> 
     </span>
    </p>
   </div>
   <div class='ocr_carea' id='block_1_81' title="bbox 2026 4171 3620 4242">
    <p class='ocr_par' dir='ltr' id='par_1_81' title="bbox 2026 4171 3620 4242">
     <span class='ocr_line' id='line_1_81' title="bbox 2026 4171 3620 4242; baseline -0.002 -14"><span class='ocrx_word' id='word_1_586' title='bbox 2026 4192 2131 4229; x_wconf 86' lang='lat' dir='ltr'><strong>non</strong></span> <span class='ocrx_word' id='word_1_587' title='bbox 2171 4184 2289 4242; x_wconf 80' lang='lat' dir='ltr'><strong>post</strong></span> <span class='ocrx_word' id='word_1_588' title='bbox 2336 4173 2532 4227; x_wconf 78' lang='lat' dir='ltr'><strong>multos</strong></span> <span class='ocrx_word' id='word_1_589' title='bbox 2574 4173 2668 4226; x_wconf 76' lang='lat' dir='ltr'><strong>hos</strong></span> <span class='ocrx_word' id='word_1_590' title='bbox 2712 4172 2823 4226; x_wconf 78' lang='lat' dir='ltr'><strong>dies</strong></span> <span class='ocrx_word' id='word_1_591' title='bbox 2848 4175 2891 4225; x_wconf 70' lang='lat'><strong>‘.</strong></span> <span class='ocrx_word' id='word_1_592' title='bbox 2932 4171 3011 4225; x_wconf 77' lang='lat' dir='ltr'><strong>Ex</strong></span> <span class='ocrx_word' id='word_1_593' title='bbox 3063 4186 3175 4241; x_wconf 90' lang='lat' dir='ltr'><strong>quo</strong></span> <span class='ocrx_word' id='word_1_594' title='bbox 3221 4177 3499 4225; x_wconf 87' lang='lat' dir='ltr'><strong>veterator</strong></span> <span class='ocrx_word' id='word_1_595' title='bbox 3526 4171 3620 4225; x_wconf 85' lang='lat' dir='ltr'><strong>ille</strong></span> 
     </span>
    </p>
   </div>
   <div class='ocr_carea' id='block_1_82' title="bbox 2026 4260 3616 4331">
    <p class='ocr_par' dir='ltr' id='par_1_82' title="bbox 2026 4260 3616 4331">
     <span class='ocr_line' id='line_1_82' title="bbox 2026 4260 3616 4331; baseline -0.006 -11"><span class='ocrx_word' id='word_1_596' title='bbox 2026 4264 2396 4326; x_wconf 86' lang='lat' dir='ltr'><strong>convincitur,</strong></span> <span class='ocrx_word' id='word_1_597' title='bbox 2420 4262 2550 4317; x_wconf 90' lang='lat' dir='ltr'><strong>dum</strong></span> <span class='ocrx_word' id='word_1_598' title='bbox 2574 4260 2858 4316; x_wconf 90' lang='lat' dir='ltr'><strong>Christum</strong></span> <span class='ocrx_word' id='word_1_599' title='bbox 2886 4275 3008 4331; x_wconf 64' lang='lat' dir='ltr'><strong>qua:</strong></span> <span class='ocrx_word' id='word_1_600' title='bbox 3028 4260 3242 4315; x_wconf 80' lang='lat' dir='ltr'><strong>dixerat</strong></span> <span class='ocrx_word' id='word_1_601' title='bbox 3270 4271 3616 4329; x_wconf 84' lang='lat' dir='ltr'><strong>nequaquam</strong></span> 
     </span>
    </p>
   </div>
   <div class='ocr_carea' id='block_1_83' title="bbox 321 4347 1912 4423">
    <p class='ocr_par' dir='ltr' id='par_1_83' title="bbox 321 4348 1912 4421">
     <span class='ocr_line' id='line_1_83' title="bbox 321 4348 1912 4421; baseline -0.004 -14"><span class='ocrx_word' id='word_1_602' title='bbox 321 4355 353 4407; x_wconf 70' lang='grc' dir='ltr'><strong>ὁ</strong></span> <span class='ocrx_word' id='word_1_603' title='bbox 380 4348 644 4406; x_wconf 80' lang='grc' dir='ltr'>ἀπατεὼν</span> <span class='ocrx_word' id='word_1_604' title='bbox 669 4349 765 4404; x_wconf 90' lang='grc' dir='ltr'><strong>τοῦ</strong></span> <span class='ocrx_word' id='word_1_605' title='bbox 789 4348 1028 4421; x_wconf 84' lang='grc' dir='ltr'>Χριστοῦ</span> <span class='ocrx_word' id='word_1_606' title='bbox 1049 4349 1547 4419; x_wconf 75' lang='grc' dir='ltr'>καταψευδόμενος,</span> <span class='ocrx_word' id='word_1_607' title='bbox 1575 4348 1650 4413; x_wconf 83' lang='grc' dir='ltr'>ὡς</span> <span class='ocrx_word' id='word_1_608' title='bbox 1681 4349 1755 4420; x_wconf 82' lang='grc' dir='ltr'>μὴ</span> <span class='ocrx_word' id='word_1_609' title='bbox 1786 4348 1912 4419; x_wconf 88' lang='grc' dir='ltr'>πλη-</span> 
     </span>
    </p>
   </div>
   <div class='ocr_carea' id='block_1_84' title="bbox 2012 4347 3618 4423">
    <p class='ocr_par' dir='ltr' id='par_1_84' title="bbox 2030 4347 3618 4423">
     <span class='ocr_line' id='line_1_84' title="bbox 2030 4347 3618 4423; baseline -0.003 -16"><span class='ocrx_word' id='word_1_610' title='bbox 2030 4353 2290 4423; x_wconf 90' lang='lat' dir='ltr'><strong>implesse</strong></span> <span class='ocrx_word' id='word_1_611' title='bbox 2339 4354 2625 4407; x_wconf 90' lang='lat' dir='ltr'><strong>mentitur.</strong></span> <span class='ocrx_word' id='word_1_612' title='bbox 2659 4350 3050 4419; x_wconf 86' lang='lat' dir='ltr'><strong>Apostolorum</strong></span> <span class='ocrx_word' id='word_1_613' title='bbox 3101 4349 3304 4420; x_wconf 91' lang='lat' dir='ltr'><strong>quippe</strong></span> <span class='ocrx_word' id='word_1_614' title='bbox 3337 4347 3618 4419; x_wconf 82' lang='lat' dir='ltr'><strong>generatio</strong></span> 
     </span>
    </p>
   </div>
   <div class='ocr_carea' id='block_1_85' title="bbox 326 4439 1912 4519">
    <p class='ocr_par' dir='ltr' id='par_1_85' title="bbox 326 4440 1912 4519">
     <span class='ocr_line' id='line_1_85' title="bbox 326 4440 1912 4519; baseline -0.002 -20"><span class='ocrx_word' id='word_1_615' title='bbox 326 4445 617 4519; x_wconf 77' lang='grc' dir='ltr'>ρώσαντος</span> <span class='ocrx_word' id='word_1_616' title='bbox 648 4444 718 4498; x_wconf 89' lang='grc' dir='ltr'><strong>τά</strong></span> <span class='ocrx_word' id='word_1_617' title='bbox 757 4441 908 4514; x_wconf 81' lang='grc' dir='ltr'>αὐτῷ</span> <span class='ocrx_word' id='word_1_618' title='bbox 937 4442 1225 4514; x_wconf 73' lang='grc' dir='ltr'>εἰρημένα.</span> <span class='ocrx_word' id='word_1_619' title='bbox 1257 4440 1513 4513; x_wconf 84' lang='grc' dir='ltr'>Παρῆλθε</span> <span class='ocrx_word' id='word_1_620' title='bbox 1559 4442 1668 4514; x_wconf 83' lang='grc' dir='ltr'><strong>γὰρ</strong></span> <span class='ocrx_word' id='word_1_621' title='bbox 1696 4443 1730 4513; x_wconf 84' lang='grc' dir='ltr'>ή</span> <span class='ocrx_word' id='word_1_622' title='bbox 1764 4442 1912 4511; x_wconf 82' lang='grc' dir='ltr'>γενεά</span> 
     </span>
    </p>
   </div>
   <div class='ocr_carea' id='block_1_86' title="bbox 2012 4439 3619 4519">
    <p class='ocr_par' dir='ltr' id='par_1_86' title="bbox 2030 4439 3619 4511">
     <span class='ocr_line' id='line_1_86' title="bbox 2030 4439 3619 4511; baseline -0.004 -12"><span class='ocrx_word' id='word_1_623' title='bbox 2030 4444 2281 4509; x_wconf 90' lang='lat' dir='ltr'><strong>transiit,</strong></span> <span class='ocrx_word' id='word_1_624' title='bbox 2315 4442 2574 4498; x_wconf 90' lang='lat' dir='ltr'><strong>nimirum</strong></span> <span class='ocrx_word' id='word_1_625' title='bbox 2618 4457 2649 4496; x_wconf 93' lang='lat' dir='ltr'><strong>a</strong></span> <span class='ocrx_word' id='word_1_626' title='bbox 2693 4441 2840 4496; x_wconf 85' lang='lat' dir='ltr'><strong>Petri</strong></span> <span class='ocrx_word' id='word_1_627' title='bbox 2893 4449 3141 4511; x_wconf 90' lang='lat' dir='ltr'><strong>tempore</strong></span> <span class='ocrx_word' id='word_1_628' title='bbox 3183 4441 3251 4495; x_wconf 78' lang='lat' dir='ltr'><strong>ad</strong></span> <span class='ocrx_word' id='word_1_629' title='bbox 3297 4439 3526 4495; x_wconf 88' lang='lat' dir='ltr'><strong>Paulum</strong></span> <span class='ocrx_word' id='word_1_630' title='bbox 3561 4444 3619 4493; x_wconf 80' lang='lat' dir='ltr'><strong>et</strong></span> 
     </span>
    </p>
   </div>
   <div class='ocr_carea' id='block_1_87' title="bbox 323 4520 1912 4608">
    <p class='ocr_par' dir='ltr' id='par_1_87' title="bbox 323 4535 1912 4608">
     <span class='ocr_line' id='line_1_87' title="bbox 323 4535 1912 4608; baseline -0.004 -16"><span class='ocrx_word' id='word_1_631' title='bbox 323 4538 444 4592; x_wconf 80' lang='grc' dir='ltr'>τῶν</span> <span class='ocrx_word' id='word_1_632' title='bbox 483 4536 827 4603; x_wconf 85' lang='grc' dir='ltr'>ἀποστόλων,</span> <span class='ocrx_word' id='word_1_633' title='bbox 869 4536 1016 4607; x_wconf 80' lang='grc' dir='ltr'>φημὶ</span> <span class='ocrx_word' id='word_1_634' title='bbox 1047 4536 1106 4589; x_wconf 84' lang='grc' dir='ltr'>δὲ</span> <span class='ocrx_word' id='word_1_635' title='bbox 1144 4536 1253 4589; x_wconf 78' lang='grc' dir='ltr'><strong>ἀπὸ</strong></span> <span class='ocrx_word' id='word_1_636' title='bbox 1284 4536 1493 4608; x_wconf 80' lang='grc' dir='ltr'>Πέτρου</span> <span class='ocrx_word' id='word_1_637' title='bbox 1526 4536 1657 4607; x_wconf 80' lang='grc' dir='ltr'>ἄχρι</span> <span class='ocrx_word' id='word_1_638' title='bbox 1687 4535 1912 4590; x_wconf 20' lang='grc' dir='ltr'>Παύλου,</span> 
     </span>
    </p>
   </div>
   <div class='ocr_carea' id='block_1_88' title="bbox 2012 4520 3623 4608">
    <p class='ocr_par' dir='ltr' id='par_1_88' title="bbox 2032 4531 3623 4607">
     <span class='ocr_line' id='line_1_88' title="bbox 2032 4531 3623 4607; baseline -0.004 -14"><span class='ocrx_word' id='word_1_639' title='bbox 2032 4536 2321 4604; x_wconf 84' lang='lat' dir='ltr'><strong>Joannem,</strong></span> <span class='ocrx_word' id='word_1_640' title='bbox 2356 4536 2537 4607; x_wconf 87' lang='lat' dir='ltr'><strong>quiad</strong></span> <span class='ocrx_word' id='word_1_641' title='bbox 2564 4552 2738 4606; x_wconf 93' lang='lat' dir='ltr'><strong>usque</strong></span> <span class='ocrx_word' id='word_1_642' title='bbox 2760 4534 2983 4605; x_wconf 86' lang='lat' dir='ltr'><strong>Trajani</strong></span> <span class='ocrx_word' id='word_1_643' title='bbox 3006 4535 3295 4604; x_wconf 86' lang='lat' dir='ltr'><strong>imperium</strong></span> <span class='ocrx_word' id='word_1_644' title='bbox 3324 4531 3623 4603; x_wconf 71' lang='lat' dir='ltr'><strong>superfuit.</strong></span> 
     </span>
    </p>
   </div>
   <div class='ocr_carea' id='block_1_89' title="bbox 329 4624 1912 4699">
    <p class='ocr_par' dir='ltr' id='par_1_89' title="bbox 329 4624 1912 4699">
     <span class='ocr_line' id='line_1_89' title="bbox 329 4624 1912 4699; baseline -0.001 -17"><span class='ocrx_word' id='word_1_645' title='bbox 329 4629 434 4682; x_wconf 75' lang='grc' dir='ltr'><strong>καί</strong></span> <span class='ocrx_word' id='word_1_646' title='bbox 470 4627 603 4698; x_wconf 74' lang='grc' dir='ltr'>ἄχρι</span> <span class='ocrx_word' id='word_1_647' title='bbox 658 4625 941 4689; x_wconf 82' lang='grc' dir='ltr'>Ἰωάννου,</span> <span class='ocrx_word' id='word_1_648' title='bbox 979 4624 1078 4678; x_wconf 89' lang='grc' dir='ltr'><strong>τοῦ</strong></span> <span class='ocrx_word' id='word_1_649' title='bbox 1123 4626 1220 4680; x_wconf 75' lang='grc' dir='ltr'><strong>καὶ</strong></span> <span class='ocrx_word' id='word_1_650' title='bbox 1256 4626 1612 4699; x_wconf 83' lang='grc' dir='ltr'>χρονίσαντος</span> <span class='ocrx_word' id='word_1_651' title='bbox 1648 4630 1706 4682; x_wconf 82' lang='grc' dir='ltr'><strong>ἐν</strong></span> <span class='ocrx_word' id='word_1_652' title='bbox 1740 4626 1912 4699; x_wconf 70' lang='grc' dir='ltr'>κόσμοι</span> 
     </span>
    </p>
   </div>
   <div class='ocr_carea' id='block_1_90' title="bbox 2012 4624 3622 4699">
    <p class='ocr_par' dir='ltr' id='par_1_90' title="bbox 2034 4625 3622 4698">
     <span class='ocr_line' id='line_1_90' title="bbox 2034 4625 3622 4698; baseline -0.003 -14"><span class='ocrx_word' id='word_1_653' title='bbox 2034 4628 2303 4685; x_wconf 66' lang='lat' dir='ltr'><strong>Praeteriit</strong></span> <span class='ocrx_word' id='word_1_654' title='bbox 2336 4638 2392 4683; x_wconf 93' lang='lat' dir='ltr'><strong>et</strong></span> <span class='ocrx_word' id='word_1_655' title='bbox 2431 4627 2670 4683; x_wconf 83' lang='lat' dir='ltr'><strong>Jacobus</strong></span> <span class='ocrx_word' id='word_1_656' title='bbox 2712 4627 2921 4698; x_wconf 86' lang='lat' dir='ltr'><strong>primus</strong></span> <span class='ocrx_word' id='word_1_657' title='bbox 2958 4625 3466 4697; x_wconf 83' lang='lat' dir='ltr'><strong>Hierosolymorum</strong></span> <span class='ocrx_word' id='word_1_658' title='bbox 3504 4625 3622 4696; x_wconf 87' lang='lat' dir='ltr'><strong>epi-</strong></span> 
     </span>
    </p>
   </div>
   <div class='ocr_carea' id='block_1_91' title="bbox 336 4713 1912 4792">
    <p class='ocr_par' dir='ltr' id='par_1_91' title="bbox 336 4716 1912 4792">
     <span class='ocr_line' id='line_1_91' title="bbox 336 4716 1912 4792; baseline 0 -20"><span class='ocrx_word' id='word_1_659' title='bbox 336 4720 475 4792; x_wconf 69' lang='grc' dir='ltr'>ἄχρι</span> <span class='ocrx_word' id='word_1_660' title='bbox 507 4717 621 4772; x_wconf 84' lang='grc' dir='ltr'>τῶν</span> <span class='ocrx_word' id='word_1_661' title='bbox 649 4716 924 4790; x_wconf 75' lang='grc' dir='ltr'>Τραϊανοῦ</span> <span class='ocrx_word' id='word_1_662' title='bbox 954 4718 1185 4789; x_wconf 86' lang='grc' dir='ltr'>χρόνων.</span> <span class='ocrx_word' id='word_1_663' title='bbox 1211 4717 1322 4772; x_wconf 74' lang='grc' dir='ltr'>Καὶ</span> <span class='ocrx_word' id='word_1_664' title='bbox 1351 4719 1633 4791; x_wconf 80' lang='grc' dir='ltr'>παρῆλθεν</span> <span class='ocrx_word' id='word_1_665' title='bbox 1677 4720 1912 4776; x_wconf 70' lang='grc' dir='ltr'>Ἰάκωόα</span> 
     </span>
    </p>
   </div>
   <div class='ocr_carea' id='block_1_92' title="bbox 2012 4713 3620 4792">
    <p class='ocr_par' dir='ltr' id='par_1_92' title="bbox 2034 4713 3620 4788">
     <span class='ocr_line' id='line_1_92' title="bbox 2034 4713 3620 4788; baseline -0.004 -13"><span class='ocrx_word' id='word_1_666' title='bbox 2034 4734 2258 4788; x_wconf 88' lang='lat' dir='ltr'><strong>scopus,</strong></span> <span class='ocrx_word' id='word_1_667' title='bbox 2294 4718 2390 4788; x_wconf 87' lang='lat' dir='ltr'><strong>qui</strong></span> <span class='ocrx_word' id='word_1_668' title='bbox 2440 4717 2610 4773; x_wconf 81' lang='lat' dir='ltr'><strong>frater</strong></span> <span class='ocrx_word' id='word_1_669' title='bbox 2640 4716 2857 4772; x_wconf 85' lang='lat' dir='ltr'><strong>Domini</strong></span> <span class='ocrx_word' id='word_1_670' title='bbox 2892 4716 3316 4787; x_wconf 84' lang='lat' dir='ltr'><strong>cognominatus</strong></span> <span class='ocrx_word' id='word_1_671' title='bbox 3346 4724 3451 4779; x_wconf 91' lang='lat' dir='ltr'><strong>est,</strong></span> <span class='ocrx_word' id='word_1_672' title='bbox 3487 4713 3620 4769; x_wconf 89' lang='lat' dir='ltr'><strong>fuit-</strong></span> 
     </span>
    </p>
   </div>
   <div class='ocr_carea' id='block_1_93' title="bbox 330 4808 1912 4883">
    <p class='ocr_par' dir='ltr' id='par_1_93' title="bbox 330 4809 1912 4883">
     <span class='ocr_line' id='line_1_93' title="bbox 330 4809 1912 4883; baseline -0.001 -16"><span class='ocrx_word' id='word_1_673' title='bbox 330 4816 365 4867; x_wconf 84' lang='lat'><strong>6</strong></span> <span class='ocrx_word' id='word_1_674' title='bbox 397 4812 620 4883; x_wconf 81' lang='grc' dir='ltr'>πρῶτος</span> <span class='ocrx_word' id='word_1_675' title='bbox 648 4809 1059 4873; x_wconf 82' lang='grc' dir='ltr'>ἐπισκοπεύσας</span> <span class='ocrx_word' id='word_1_676' title='bbox 1089 4811 1150 4863; x_wconf 88' lang='grc' dir='ltr'><strong>ἐν</strong></span> <span class='ocrx_word' id='word_1_677' title='bbox 1197 4810 1619 4883; x_wconf 80' lang='grc' dir='ltr'>Ἱεροσολύμοις,</span> <span class='ocrx_word' id='word_1_678' title='bbox 1650 4815 1678 4868; x_wconf 85' lang='grc' dir='ltr'>ὁ</span> <span class='ocrx_word' id='word_1_679' title='bbox 1707 4813 1912 4883; x_wconf 55' lang='grc' dir='ltr'>ἀδελφοί</span> 
     </span>
    </p>
   </div>
   <div class='ocr_carea' id='block_1_94' title="bbox 2012 4808 3622 4883">
    <p class='ocr_par' dir='ltr' id='par_1_94' title="bbox 2033 4808 3622 4883">
     <span class='ocr_line' id='line_1_94' title="bbox 2033 4808 3622 4883; baseline -0.003 -17"><span class='ocrx_word' id='word_1_680' title='bbox 2033 4827 2143 4883; x_wconf 92' lang='lat' dir='ltr'><strong>que</strong></span> <span class='ocrx_word' id='word_1_681' title='bbox 2167 4809 2396 4881; x_wconf 81' lang='lat' dir='ltr'><strong>Josephi</strong></span> <span class='ocrx_word' id='word_1_682' title='bbox 2432 4810 2578 4866; x_wconf 90' lang='lat' dir='ltr'><strong>filius</strong></span> <span class='ocrx_word' id='word_1_683' title='bbox 2600 4851 2613 4874; x_wconf 96' lang='lat'><strong>,</strong></span> <span class='ocrx_word' id='word_1_684' title='bbox 2652 4819 2707 4865; x_wconf 89' lang='lat' dir='ltr'><strong>et</strong></span> <span class='ocrx_word' id='word_1_685' title='bbox 2749 4809 2821 4864; x_wconf 92' lang='lat' dir='ltr'><strong>ab</strong></span> <span class='ocrx_word' id='word_1_686' title='bbox 2858 4824 2925 4865; x_wconf 91' lang='lat' dir='ltr'><strong>eo</strong></span> <span class='ocrx_word' id='word_1_687' title='bbox 2952 4824 3079 4863; x_wconf 87' lang='lat' dir='ltr'><strong>cum</strong></span> <span class='ocrx_word' id='word_1_688' title='bbox 3110 4809 3232 4862; x_wconf 92' lang='lat' dir='ltr'><strong>aliis</strong></span> <span class='ocrx_word' id='word_1_689' title='bbox 3264 4808 3525 4863; x_wconf 88' lang='lat' dir='ltr'><strong>fratribus</strong></span> <span class='ocrx_word' id='word_1_690' title='bbox 3552 4823 3622 4863; x_wconf 74' lang='lat' dir='ltr'><strong>ex</strong></span> 
     </span>
    </p>
   </div>
   <div class='ocr_carea' id='block_1_95' title="bbox 331 4902 1912 4977">
    <p class='ocr_par' dir='ltr' id='par_1_95' title="bbox 331 4902 1912 4977">
     <span class='ocr_line' id='line_1_95' title="bbox 331 4902 1912 4977; baseline -0.001 -17"><span class='ocrx_word' id='word_1_691' title='bbox 331 4903 660 4975; x_wconf 72' lang='grc' dir='ltr'>ἐπικληθεὶς</span> <span class='ocrx_word' id='word_1_692' title='bbox 684 4902 779 4957; x_wconf 88' lang='grc' dir='ltr'><strong>τοῦ</strong></span> <span class='ocrx_word' id='word_1_693' title='bbox 805 4902 1041 4975; x_wconf 79' lang='grc' dir='ltr'>Κυρίου,</span> <span class='ocrx_word' id='word_1_694' title='bbox 1077 4905 1208 4966; x_wconf 83' lang='grc' dir='ltr'>παῖς</span> <span class='ocrx_word' id='word_1_695' title='bbox 1228 4903 1286 4957; x_wconf 81' lang='grc' dir='ltr'><strong>δέ</strong></span> <span class='ocrx_word' id='word_1_696' title='bbox 1316 4903 1410 4958; x_wconf 88' lang='grc' dir='ltr'><strong>τοῦ</strong></span> <span class='ocrx_word' id='word_1_697' title='bbox 1451 4906 1674 4975; x_wconf 84' lang='grc' dir='ltr'>Ἰωσὴφ,</span> <span class='ocrx_word' id='word_1_698' title='bbox 1703 4908 1811 4961; x_wconf 86' lang='grc' dir='ltr'><strong>ἀπὸ</strong></span> <span class='ocrx_word' id='word_1_699' title='bbox 1834 4908 1912 4977; x_wconf 68' lang='grc' dir='ltr'><strong>τῆς</strong></span> 
     </span>
    </p>
   </div>
   <div class='ocr_carea' id='block_1_96' title="bbox 2012 4902 3625 4977">
    <p class='ocr_par' dir='ltr' id='par_1_96' title="bbox 2038 4902 3625 4977">
     <span class='ocr_line' id='line_1_96' title="bbox 2038 4902 3625 4977; baseline -0.003 -14"><span class='ocrx_word' id='word_1_700' title='bbox 2038 4924 2211 4964; x_wconf 81' lang='lat' dir='ltr'><strong>uxore</strong></span> <span class='ocrx_word' id='word_1_701' title='bbox 2242 4922 2341 4963; x_wconf 89' lang='lat' dir='ltr'><strong>sua</strong></span> <span class='ocrx_word' id='word_1_702' title='bbox 2388 4915 2703 4977; x_wconf 90' lang='lat' dir='ltr'><strong>susceptus.</strong></span> <span class='ocrx_word' id='word_1_703' title='bbox 2751 4904 3093 4972; x_wconf 83' lang='lat' dir='ltr'><strong>Quibuscum</strong></span> <span class='ocrx_word' id='word_1_704' title='bbox 3130 4903 3394 4959; x_wconf 88' lang='lat' dir='ltr'><strong>fratribus</strong></span> <span class='ocrx_word' id='word_1_705' title='bbox 3440 4902 3625 4958; x_wconf 93' lang='lat' dir='ltr'><strong>Domi-</strong></span> 
     </span>
    </p>
   </div>
   <div class='ocr_carea' id='block_1_97' title="bbox 338 4992 1912 5068">
    <p class='ocr_par' dir='ltr' id='par_1_97' title="bbox 338 4996 1912 5068">
     <span class='ocr_line' id='line_1_97' title="bbox 338 4996 1912 5068; baseline 0.001 -16"><span class='ocrx_word' id='word_1_706' title='bbox 338 4998 483 5062; x_wconf 79' lang='grc' dir='ltr'>ἰδίας</span> <span class='ocrx_word' id='word_1_707' title='bbox 517 4997 687 5051; x_wconf 86' lang='grc' dir='ltr'>αὐτοῦ</span> <span class='ocrx_word' id='word_1_708' title='bbox 713 4996 975 5067; x_wconf 83' lang='grc' dir='ltr'>γυναικὸς</span> <span class='ocrx_word' id='word_1_709' title='bbox 1001 4997 1287 5068; x_wconf 81' lang='grc' dir='ltr'>γεννηθεὶς</span> <span class='ocrx_word' id='word_1_710' title='bbox 1324 5000 1421 5052; x_wconf 84' lang='grc' dir='ltr'><strong>σὺν</strong></span> <span class='ocrx_word' id='word_1_711' title='bbox 1457 5001 1569 5063; x_wconf 86' lang='grc' dir='ltr'>τοῖς</span> <span class='ocrx_word' id='word_1_712' title='bbox 1598 4999 1807 5063; x_wconf 85' lang='grc' dir='ltr'>λοιποῖς</span> <span class='ocrx_word' id='word_1_713' title='bbox 1835 5000 1912 5053; x_wconf 76' lang='grc' dir='ltr'>αὑ</span> 
     </span>
    </p>
   </div>
   <div class='ocr_carea' id='block_1_98' title="bbox 2012 4992 3620 5068">
    <p class='ocr_par' dir='ltr' id='par_1_98' title="bbox 2039 4992 3620 5066">
     <span class='ocr_line' id='line_1_98' title="bbox 2039 4992 3620 5066; baseline -0.004 -12"><span class='ocrx_word' id='word_1_714' title='bbox 2039 5015 2146 5054; x_wconf 90' lang='lat' dir='ltr'><strong>nus</strong></span> <span class='ocrx_word' id='word_1_715' title='bbox 2178 5005 2366 5052; x_wconf 88' lang='lat' dir='ltr'><strong>noster</strong></span> <span class='ocrx_word' id='word_1_716' title='bbox 2400 4995 2561 5053; x_wconf 75' lang='lat' dir='ltr'><strong>Iesus</strong></span> <span class='ocrx_word' id='word_1_717' title='bbox 2594 4996 2849 5053; x_wconf 88' lang='lat' dir='ltr'><strong>Christus</strong></span> <span class='ocrx_word' id='word_1_718' title='bbox 2881 5012 2911 5050; x_wconf 92' lang='lat' dir='ltr'><strong>e</strong></span> <span class='ocrx_word' id='word_1_719' title='bbox 2945 4993 3116 5050; x_wconf 77' lang='lat' dir='ltr'><strong>Maria</strong></span> <span class='ocrx_word' id='word_1_720' title='bbox 3162 4992 3386 5066; x_wconf 83' lang='lat' dir='ltr'><strong>Virgine</strong></span> <span class='ocrx_word' id='word_1_721' title='bbox 3418 5010 3620 5049; x_wconf 87' lang='lat' dir='ltr'><strong>secun—</strong></span> 
     </span>
    </p>
   </div>
   <div class='ocr_carea' id='block_1_99' title="bbox 330 5081 1912 5162">
    <p class='ocr_par' dir='ltr' id='par_1_99' title="bbox 330 5081 1912 5162">
     <span class='ocr_line' id='line_1_99' title="bbox 330 5081 1912 5162; baseline -0.002 -17"><span class='ocrx_word' id='word_1_722' title='bbox 330 5090 434 5145; x_wconf 74' lang='grc' dir='ltr'><strong>τοῦ</strong></span> <span class='ocrx_word' id='word_1_723' title='bbox 466 5088 740 5157; x_wconf 81' lang='grc' dir='ltr'>ἀδελφοῖς,</span> <span class='ocrx_word' id='word_1_724' title='bbox 790 5081 874 5151; x_wconf 79' lang='grc' dir='ltr'>οἷς</span> <span class='ocrx_word' id='word_1_725' title='bbox 912 5089 1384 5160; x_wconf 79' lang='grc' dir='ltr'>συναναστραφεὶς</span> <span class='ocrx_word' id='word_1_726' title='bbox 1416 5090 1445 5143; x_wconf 91' lang='lat'><strong>6</strong></span> <span class='ocrx_word' id='word_1_727' title='bbox 1471 5090 1675 5162; x_wconf 78' lang='grc' dir='ltr'>Κύριος</span> <span class='ocrx_word' id='word_1_728' title='bbox 1727 5089 1912 5162; x_wconf 67' lang='grc' dir='ltr'>Ἰησοῦς</span> 
     </span>
    </p>
   </div>
   <div class='ocr_carea' id='block_1_100' title="bbox 2012 5081 3625 5162">
    <p class='ocr_par' dir='ltr' id='par_1_100' title="bbox 2040 5086 3625 5153">
     <span class='ocr_line' id='line_1_100' title="bbox 2040 5086 3625 5153; baseline -0.004 -8"><span class='ocrx_word' id='word_1_729' title='bbox 2040 5090 2169 5145; x_wconf 88' lang='lat' dir='ltr'><strong>dum</strong></span> <span class='ocrx_word' id='word_1_730' title='bbox 2218 5104 2439 5144; x_wconf 80' lang='lat' dir='ltr'><strong>carnem</strong></span> <span class='ocrx_word' id='word_1_731' title='bbox 2489 5096 2650 5144; x_wconf 90' lang='lat' dir='ltr'><strong>natus</strong></span> <span class='ocrx_word' id='word_1_732' title='bbox 2690 5089 2765 5142; x_wconf 90' lang='lat' dir='ltr'><strong>ita</strong></span> <span class='ocrx_word' id='word_1_733' title='bbox 2803 5096 3055 5143; x_wconf 91' lang='lat' dir='ltr'><strong>versatus</strong></span> <span class='ocrx_word' id='word_1_734' title='bbox 3100 5094 3217 5153; x_wconf 85' lang='lat' dir='ltr'><strong>est,</strong></span> <span class='ocrx_word' id='word_1_735' title='bbox 3253 5094 3311 5140; x_wconf 90' lang='lat' dir='ltr'><strong>ut</strong></span> <span class='ocrx_word' id='word_1_736' title='bbox 3343 5087 3467 5141; x_wconf 88' lang='lat' dir='ltr'><strong>illos</strong></span> <span class='ocrx_word' id='word_1_737' title='bbox 3512 5086 3625 5139; x_wconf 84' lang='lat' dir='ltr'><strong>fra-</strong></span> 
     </span>
    </p>
   </div>
   <div class='ocr_carea' id='block_1_101' title="bbox 336 5179 1912 5254">
    <p class='ocr_par' dir='ltr' id='par_1_101' title="bbox 336 5179 1912 5254">
     <span class='ocr_line' id='line_1_101' title="bbox 336 5179 1912 5254; baseline 0.001 -19"><span class='ocrx_word' id='word_1_738' title='bbox 336 5180 602 5253; x_wconf 73' lang='grc' dir='ltr'>Χριστὸς,</span> <span class='ocrx_word' id='word_1_739' title='bbox 626 5182 657 5234; x_wconf 91' lang='lat'><strong>6</strong></span> <span class='ocrx_word' id='word_1_740' title='bbox 677 5180 786 5234; x_wconf 84' lang='grc' dir='ltr'><strong>ἀπὸ</strong></span> <span class='ocrx_word' id='word_1_741' title='bbox 808 5180 1034 5250; x_wconf 85' lang='grc' dir='ltr'>Μαρίας</span> <span class='ocrx_word' id='word_1_742' title='bbox 1060 5179 1162 5252; x_wconf 81' lang='grc' dir='ltr'>τῆς</span> <span class='ocrx_word' id='word_1_743' title='bbox 1186 5180 1554 5253; x_wconf 82' lang='grc' dir='ltr'>ἀειπαρθένου</span> <span class='ocrx_word' id='word_1_744' title='bbox 1584 5182 1729 5235; x_wconf 87' lang='grc' dir='ltr'>κατὰ</span> <span class='ocrx_word' id='word_1_745' title='bbox 1755 5183 1912 5254; x_wconf 82' lang='grc' dir='ltr'>σάρκι</span> 
     </span>
    </p>
   </div>
   <div class='ocr_carea' id='block_1_102' title="bbox 2012 5179 3622 5254">
    <p class='ocr_par' dir='ltr' id='par_1_102' title="bbox 2040 5179 3622 5249">
     <span class='ocr_line' id='line_1_102' title="bbox 2040 5179 3622 5249; baseline -0.003 -12"><span class='ocrx_word' id='word_1_746' title='bbox 2040 5193 2187 5237; x_wconf 89' lang='lat' dir='ltr'><strong>trum</strong></span> <span class='ocrx_word' id='word_1_747' title='bbox 2218 5182 2444 5238; x_wconf 90' lang='lat' dir='ltr'><strong>haberet</strong></span> <span class='ocrx_word' id='word_1_748' title='bbox 2475 5182 2614 5244; x_wconf 87' lang='lat' dir='ltr'><strong>loco,</strong></span> <span class='ocrx_word' id='word_1_749' title='bbox 2639 5197 2704 5236; x_wconf 93' lang='lat' dir='ltr'><strong>ac</strong></span> <span class='ocrx_word' id='word_1_750' title='bbox 2744 5182 2986 5237; x_wconf 90' lang='lat' dir='ltr'><strong>vicissim</strong></span> <span class='ocrx_word' id='word_1_751' title='bbox 3014 5196 3204 5235; x_wconf 88' lang='lat' dir='ltr'><strong>eorum</strong></span> <span class='ocrx_word' id='word_1_752' title='bbox 3231 5179 3402 5234; x_wconf 89' lang='lat' dir='ltr'><strong>frater</strong></span> <span class='ocrx_word' id='word_1_753' title='bbox 3433 5179 3622 5249; x_wconf 86' lang='lat' dir='ltr'><strong>appel-</strong></span> 
     </span>
    </p>
   </div>
   <div class='ocr_carea' id='block_1_103' title="bbox 338 5268 1912 5345">
    <p class='ocr_par' dir='ltr' id='par_1_103' title="bbox 338 5270 1912 5345">
     <span class='ocr_line' id='line_1_103' title="bbox 338 5270 1912 5345; baseline 0.002 -19"><span class='ocrx_word' id='word_1_754' title='bbox 338 5272 651 5344; x_wconf 75' lang='grc' dir='ltr'>γεννηθεὶς,</span> <span class='ocrx_word' id='word_1_755' title='bbox 677 5272 736 5326; x_wconf 86' lang='grc' dir='ltr'>ὲν</span> <span class='ocrx_word' id='word_1_756' title='bbox 755 5271 909 5338; x_wconf 84' lang='grc' dir='ltr'>τάξει</span> <span class='ocrx_word' id='word_1_757' title='bbox 923 5270 1172 5343; x_wconf 80' lang='grc' dir='ltr'>ἀδελφῶν</span> <span class='ocrx_word' id='word_1_758' title='bbox 1192 5272 1318 5345; x_wconf 72' lang='grc' dir='ltr'>ἔσχε</span> <span class='ocrx_word' id='word_1_759' title='bbox 1334 5271 1429 5327; x_wconf 84' lang='grc' dir='ltr'><strong>τοῦ</strong></span> <span class='ocrx_word' id='word_1_760' title='bbox 1445 5272 1730 5328; x_wconf 86' lang='grc' dir='ltr'>καλεῖσθαι</span> <span class='ocrx_word' id='word_1_761' title='bbox 1755 5274 1912 5329; x_wconf 66' lang='grc' dir='ltr'>αὐτῶε</span> 
     </span>
    </p>
   </div>
   <div class='ocr_carea' id='block_1_104' title="bbox 2012 5268 3625 5345">
    <p class='ocr_par' dir='ltr' id='par_1_104' title="bbox 2042 5268 3625 5344">
     <span class='ocr_line' id='line_1_104' title="bbox 2042 5268 3625 5344; baseline -0.004 -14"><span class='ocrx_word' id='word_1_762' title='bbox 2042 5276 2271 5331; x_wconf 84' lang='lat' dir='ltr'><strong>laretur.</strong></span> <span class='ocrx_word' id='word_1_763' title='bbox 2305 5274 2505 5329; x_wconf 82' lang='lat' dir='ltr'><strong>Mortui</strong></span> <span class='ocrx_word' id='word_1_764' title='bbox 2548 5281 2813 5344; x_wconf 66' lang='lat' dir='ltr'><strong>praeterea</strong></span> <span class='ocrx_word' id='word_1_765' title='bbox 2847 5284 2974 5328; x_wconf 91' lang='lat' dir='ltr'><strong>sunt</strong></span> <span class='ocrx_word' id='word_1_766' title='bbox 3005 5278 3059 5327; x_wconf 90' lang='lat' dir='ltr'><strong>et</strong></span> <span class='ocrx_word' id='word_1_767' title='bbox 3086 5285 3276 5325; x_wconf 85' lang='lat' dir='ltr'><strong>omnes</strong></span> <span class='ocrx_word' id='word_1_768' title='bbox 3322 5270 3497 5325; x_wconf 84' lang='lat' dir='ltr'><strong>sancti</strong></span> <span class='ocrx_word' id='word_1_769' title='bbox 3533 5268 3625 5324; x_wconf 83' lang='lat' dir='ltr'><strong>Ja—</strong></span> 
     </span>
    </p>
   </div>
   <div class='ocr_carea' id='block_1_105' title="bbox 336 5364 1912 5439">
    <p class='ocr_par' dir='ltr' id='par_1_105' title="bbox 336 5364 1912 5439">
     <span class='ocr_line' id='line_1_105' title="bbox 336 5364 1912 5439; baseline -0.001 -17"><span class='ocrx_word' id='word_1_770' title='bbox 336 5366 594 5435; x_wconf 78' lang='grc' dir='ltr'>ὸδελφὺς,</span> <span class='ocrx_word' id='word_1_771' title='bbox 629 5365 726 5420; x_wconf 74' lang='grc' dir='ltr'>καὶ</span> <span class='ocrx_word' id='word_1_772' title='bbox 752 5367 801 5419; x_wconf 80' lang='grc' dir='ltr'>οἱ</span> <span class='ocrx_word' id='word_1_773' title='bbox 835 5364 1118 5439; x_wconf 80' lang='grc' dir='ltr'>σύνθρονοι</span> <span class='ocrx_word' id='word_1_774' title='bbox 1146 5366 1310 5420; x_wconf 84' lang='grc' dir='ltr'>αὐτοῦ</span> <span class='ocrx_word' id='word_1_775' title='bbox 1332 5366 1534 5431; x_wconf 82' lang='grc' dir='ltr'>πάντες</span> <span class='ocrx_word' id='word_1_776' title='bbox 1561 5368 1610 5420; x_wconf 82' lang='grc' dir='ltr'>οἱ</span> <span class='ocrx_word' id='word_1_777' title='bbox 1634 5367 1781 5436; x_wconf 72' lang='grc' dir='ltr'>ἅγιοι</span> <span class='ocrx_word' id='word_1_778' title='bbox 1799 5384 1811 5397; x_wconf 90' lang='grc'><strong>·</strong></span> <span class='ocrx_word' id='word_1_779' title='bbox 1841 5385 1912 5421; x_wconf 85' lang='grc' dir='ltr'><strong>κα</strong></span> 
     </span>
    </p>
   </div>
   <div class='ocr_carea' id='block_1_106' title="bbox 2012 5364 3627 5439">
    <p class='ocr_par' dir='ltr' id='par_1_106' title="bbox 2037 5364 3627 5437">
     <span class='ocr_line' id='line_1_106' title="bbox 2037 5364 3627 5437; baseline -0.003 -16"><span class='ocrx_word' id='word_1_780' title='bbox 2037 5367 2160 5422; x_wconf 90' lang='lat' dir='ltr'><strong>cobi</strong></span> <span class='ocrx_word' id='word_1_781' title='bbox 2209 5367 2266 5421; x_wconf 92' lang='lat' dir='ltr'><strong>in</strong></span> <span class='ocrx_word' id='word_1_782' title='bbox 2306 5366 2399 5421; x_wconf 91' lang='lat' dir='ltr'><strong>illa</strong></span> <span class='ocrx_word' id='word_1_783' title='bbox 2435 5365 2698 5437; x_wconf 82' lang='lat' dir='ltr'><strong>dignitate</strong></span> <span class='ocrx_word' id='word_1_784' title='bbox 2737 5365 3002 5435; x_wconf 72' lang='lat' dir='ltr'><strong>collegae:</strong></span> <span class='ocrx_word' id='word_1_785' title='bbox 3051 5378 3271 5432; x_wconf 88' lang='lat' dir='ltr'><strong>unaque</strong></span> <span class='ocrx_word' id='word_1_786' title='bbox 3315 5378 3441 5417; x_wconf 89' lang='lat' dir='ltr'><strong>cum</strong></span> <span class='ocrx_word' id='word_1_787' title='bbox 3479 5364 3546 5417; x_wconf 88' lang='lat' dir='ltr'><strong>iis</strong></span> <span class='ocrx_word' id='word_1_788' title='bbox 3572 5370 3627 5418; x_wconf 91' lang='lat' dir='ltr'><strong>et</strong></span> 
     </span>
    </p>
   </div>
   <div class='ocr_carea' id='block_1_107' title="bbox 343 5452 1912 5533">
    <p class='ocr_par' dir='ltr' id='par_1_107' title="bbox 343 5456 1912 5533">
     <span class='ocr_line' id='line_1_107' title="bbox 343 5456 1912 5533; baseline 0.001 -21"><span class='ocrx_word' id='word_1_789' title='bbox 343 5459 469 5531; x_wconf 86' lang='grc' dir='ltr'>μετ’</span> <span class='ocrx_word' id='word_1_790' title='bbox 507 5456 694 5511; x_wconf 80' lang='grc' dir='ltr'>αὐτῶν</span> <span class='ocrx_word' id='word_1_791' title='bbox 729 5457 955 5529; x_wconf 84' lang='grc' dir='ltr'>Συμεὼν</span> <span class='ocrx_word' id='word_1_792' title='bbox 984 5459 1014 5512; x_wconf 94' lang='lat'><strong>6</strong></span> <span class='ocrx_word' id='word_1_793' title='bbox 1056 5459 1171 5523; x_wconf 83' lang='grc' dir='ltr'>υἱὸς</span> <span class='ocrx_word' id='word_1_794' title='bbox 1204 5458 1300 5513; x_wconf 88' lang='grc' dir='ltr'><strong>τοῦ</strong></span> <span class='ocrx_word' id='word_1_795' title='bbox 1352 5459 1731 5533; x_wconf 74' lang='grc' dir='ltr'>πατραδέλφω</span> <span class='ocrx_word' id='word_1_796' title='bbox 1771 5461 1912 5514; x_wconf 51' lang='grc' dir='ltr'>αὐτοὶ</span> 
     </span>
    </p>
   </div>
   <div class='ocr_carea' id='block_1_108' title="bbox 2012 5452 3620 5533">
    <p class='ocr_par' dir='ltr' id='par_1_108' title="bbox 2040 5452 3620 5532">
     <span class='ocr_line' id='line_1_108' title="bbox 2040 5452 3620 5532; baseline -0.004 -17"><span class='ocrx_word' id='word_1_797' title='bbox 2040 5460 2279 5532; x_wconf 89' lang='lat' dir='ltr'><strong>Symeon</strong></span> <span class='ocrx_word' id='word_1_798' title='bbox 2326 5459 2580 5529; x_wconf 62' lang='lat' dir='ltr'><strong>CleOphaa</strong></span> <span class='ocrx_word' id='word_1_799' title='bbox 2627 5457 2811 5529; x_wconf 89' lang='lat' dir='ltr'><strong>patrui</strong></span> <span class='ocrx_word' id='word_1_800' title='bbox 2856 5457 3003 5511; x_wconf 79' lang='lat' dir='ltr'><strong>illius</strong></span> <span class='ocrx_word' id='word_1_801' title='bbox 3049 5470 3114 5509; x_wconf 88' lang='lat' dir='ltr'><strong>ac</strong></span> <span class='ocrx_word' id='word_1_802' title='bbox 3159 5452 3385 5525; x_wconf 85' lang='lat' dir='ltr'><strong>Josephi</strong></span> <span class='ocrx_word' id='word_1_803' title='bbox 3433 5452 3620 5508; x_wconf 86' lang='lat' dir='ltr'><strong>fratris</strong></span> 
     </span>
    </p>
   </div>
   <div class='ocr_carea' id='block_1_109' title="bbox 343 5546 1912 5624">
    <p class='ocr_par' dir='ltr' id='par_1_109' title="bbox 343 5546 1912 5624">
     <span class='ocr_line' id='line_1_109' title="bbox 343 5546 1912 5624; baseline 0.001 -21"><span class='ocrx_word' id='word_1_804' title='bbox 343 5549 463 5613; x_wconf 76' lang='grc' dir='ltr'>υῑὺς</span> <span class='ocrx_word' id='word_1_805' title='bbox 490 5549 590 5602; x_wconf 90' lang='grc' dir='ltr'><strong>τοῦ</strong></span> <span class='ocrx_word' id='word_1_806' title='bbox 623 5548 986 5615; x_wconf 60' lang='grc' dir='ltr'>Κλωπᾶ,“τοῦ</span> <span class='ocrx_word' id='word_1_807' title='bbox 1016 5548 1248 5621; x_wconf 81' lang='grc' dir='ltr'>ἀδελφοῦ</span> <span class='ocrx_word' id='word_1_808' title='bbox 1286 5551 1506 5623; x_wconf 81' lang='grc' dir='ltr'>Ἰωσήφ.</span> <span class='ocrx_word' id='word_1_809' title='bbox 1538 5546 1639 5605; x_wconf 83' lang='grc' dir='ltr'>Ὧν</span> <span class='ocrx_word' id='word_1_810' title='bbox 1666 5551 1793 5617; x_wconf 83' lang='grc' dir='ltr'>τοὺς</span> <span class='ocrx_word' id='word_1_811' title='bbox 1819 5552 1912 5624; x_wconf 87' lang='grc' dir='ltr'><strong>χρό</strong></span> 
     </span>
    </p>
   </div>
   <div class='ocr_carea' id='block_1_110' title="bbox 2012 5546 3618 5624">
    <p class='ocr_par' dir='ltr' id='par_1_110' title="bbox 2039 5546 3618 5618">
     <span class='ocr_line' id='line_1_110' title="bbox 2039 5546 3618 5618; baseline -0.006 -9"><span class='ocrx_word' id='word_1_812' title='bbox 2039 5554 2203 5609; x_wconf 83' lang='lat' dir='ltr'><strong>filius.</strong></span> <span class='ocrx_word' id='word_1_813' title='bbox 2244 5552 2488 5618; x_wconf 86' lang='lat' dir='ltr'><strong>Quorum</strong></span> <span class='ocrx_word' id='word_1_814' title='bbox 2518 5550 2765 5605; x_wconf 90' lang='lat' dir='ltr'><strong>omnium</strong></span> <span class='ocrx_word' id='word_1_815' title='bbox 2798 5555 3042 5617; x_wconf 89' lang='lat' dir='ltr'><strong>tempora</strong></span> <span class='ocrx_word' id='word_1_816' title='bbox 3082 5546 3392 5616; x_wconf 89' lang='lat' dir='ltr'><strong>seriemque</strong></span> <span class='ocrx_word' id='word_1_817' title='bbox 3430 5546 3618 5615; x_wconf 85' lang='lat' dir='ltr'><strong>subje-</strong></span> 
     </span>
    </p>
   </div>
   <div class='ocr_carea' id='block_1_111' title="bbox 344 5640 1912 5713">
    <p class='ocr_par' dir='ltr' id='par_1_111' title="bbox 344 5640 1912 5713">
     <span class='ocr_line' id='line_1_111' title="bbox 344 5640 1912 5713; baseline 0 -17"><span class='ocrx_word' id='word_1_818' title='bbox 344 5656 472 5705; x_wconf 77' lang='grc' dir='ltr'>νους</span> <span class='ocrx_word' id='word_1_819' title='bbox 504 5640 744 5710; x_wconf 82' lang='grc' dir='ltr'>καθεξῆς</span> <span class='ocrx_word' id='word_1_820' title='bbox 780 5642 875 5695; x_wconf 78' lang='grc' dir='ltr'><strong>καὶ</strong></span> <span class='ocrx_word' id='word_1_821' title='bbox 901 5640 1025 5696; x_wconf 81' lang='grc' dir='ltr'>καθ’</span> <span class='ocrx_word' id='word_1_822' title='bbox 1059 5641 1251 5713; x_wconf 76' lang='grc' dir='ltr'>εἱρμὸν</span> <span class='ocrx_word' id='word_1_823' title='bbox 1282 5642 1394 5697; x_wconf 85' lang='grc' dir='ltr'><strong>ἀπὸ</strong></span> <span class='ocrx_word' id='word_1_824' title='bbox 1416 5641 1512 5696; x_wconf 89' lang='grc' dir='ltr'><strong>τοῦ</strong></span> <span class='ocrx_word' id='word_1_825' title='bbox 1552 5642 1810 5699; x_wconf 82' lang='grc' dir='ltr'>Ἰακώὸου</span> <span class='ocrx_word' id='word_1_826' title='bbox 1842 5646 1912 5696; x_wconf 71' lang='grc' dir='ltr'><strong>τοί</strong></span> 
     </span>
    </p>
   </div>
   <div class='ocr_carea' id='block_1_112' title="bbox 2012 5640 3631 5713">
    <p class='ocr_par' dir='ltr' id='par_1_112' title="bbox 2040 5640 3631 5713">
     <span class='ocr_line' id='line_1_112' title="bbox 2040 5640 3631 5713; baseline -0.004 -12"><span class='ocrx_word' id='word_1_827' title='bbox 2040 5646 2219 5701; x_wconf 87' lang='lat' dir='ltr'><strong>cimus</strong></span> <span class='ocrx_word' id='word_1_828' title='bbox 2244 5684 2259 5711; x_wconf 94' lang='lat'><strong>,</strong></span> <span class='ocrx_word' id='word_1_829' title='bbox 2290 5644 2395 5700; x_wconf 85' lang='lat' dir='ltr'><strong>hoc</strong></span> <span class='ocrx_word' id='word_1_830' title='bbox 2428 5653 2513 5700; x_wconf 90' lang='lat' dir='ltr'><strong>est</strong></span> <span class='ocrx_word' id='word_1_831' title='bbox 2545 5641 3051 5713; x_wconf 79' lang='lat' dir='ltr'><strong>Hierosolymorum</strong></span> <span class='ocrx_word' id='word_1_832' title='bbox 3083 5640 3378 5711; x_wconf 84' lang='lat' dir='ltr'><strong>episcopos</strong></span> <span class='ocrx_word' id='word_1_833' title='bbox 3403 5652 3631 5703; x_wconf 81' lang='lat' dir='ltr'><strong>omnes,</strong></span> 
     </span>
    </p>
   </div>
   <div class='ocr_carea' id='block_1_113' title="bbox 423 5824 737 5891">
    <p class='ocr_par' dir='ltr' id='par_1_113' title="bbox 423 5824 737 5891">
     <span class='ocr_line' id='line_1_113' title="bbox 423 5824 737 5891; baseline 0.003 -11"><span class='ocrx_word' id='word_1_834' title='bbox 423 5825 439 5857; x_wconf 84' lang='lat'>&#39;</span> <span class='ocrx_word' id='word_1_835' title='bbox 468 5824 596 5880; x_wconf 73' lang='lat' dir='ltr'><strong>Act.</strong></span> <span class='ocrx_word' id='word_1_836' title='bbox 624 5841 661 5891; x_wconf 88' lang='grc' dir='ltr'><strong>ι,</strong></span> <span class='ocrx_word' id='word_1_837' title='bbox 685 5825 737 5881; x_wconf 83' lang='grc'>5.</span> 
     </span>
    </p>
   </div>
   <div class='ocr_carea' id='block_1_114' title="bbox 816 5824 2100 5895">
    <p class='ocr_par' dir='ltr' id='par_1_114' title="bbox 816 5824 2100 5895">
     <span class='ocr_line' id='line_1_114' title="bbox 816 5824 2100 5895; baseline 0.002 -16"><span class='ocrx_word' id='word_1_838' title='bbox 816 5829 833 5857; x_wconf 86' lang='grc'>²</span> <span class='ocrx_word' id='word_1_839' title='bbox 856 5824 1017 5881; x_wconf 77' lang='lat' dir='ltr'><strong>Joan.</strong></span> <span class='ocrx_word' id='word_1_840' title='bbox 1048 5842 1159 5881; x_wconf 71' lang='lat' dir='ltr'><strong>xvi.</strong></span> <span class='ocrx_word' id='word_1_841' title='bbox 1188 5826 1237 5881; x_wconf 86' lang='lat'><strong>7.</strong></span> <span class='ocrx_word' id='word_1_842' title='bbox 1320 5827 1338 5857; x_wconf 87' lang='grc'><strong><em>⁸</em></strong></span> <span class='ocrx_word' id='word_1_843' title='bbox 1360 5826 1488 5882; x_wconf 73' lang='lat' dir='ltr'><strong>Act.</strong></span> <span class='ocrx_word' id='word_1_844' title='bbox 1513 5842 1603 5895; x_wconf 81' lang='grc' dir='ltr'>ιιι,</span> <span class='ocrx_word' id='word_1_845' title='bbox 1629 5827 1681 5882; x_wconf 81' lang='grc'>5.</span> <span class='ocrx_word' id='word_1_846' title='bbox 1758 5828 1776 5859; x_wconf 65' lang='lat' dir='ltr'><strong>&#39;t</strong></span> <span class='ocrx_word' id='word_1_847' title='bbox 1799 5826 1932 5882; x_wconf 86' lang='lat' dir='ltr'><strong>ibid.</strong></span> <span class='ocrx_word' id='word_1_848' title='bbox 1974 5842 2015 5893; x_wconf 84' lang='grc' dir='ltr'><strong>ι,</strong></span> <span class='ocrx_word' id='word_1_849' title='bbox 2046 5826 2100 5882; x_wconf 83' lang='lat'><strong>5.</strong></span> 
     </span>
    </p>
   </div>
  </div>
