4076 6392
369 316 438 375 GI
1019 321 1391 383 ADVERSUS
1431 325 1770 383 HERESES
1805 328 1935 387 LIB.
1974 330 2040 386 II.
2090 329 2254 389 TOM.
2295 330 2362 388 II.
2403 362 2474 374 —
2508 331 2784 389 HERES.
2824 331 3010 391 LXVI.
3581 335 3654 393 62

447 434 524 488 1".
564 434 784 500 Ἰούδας.

444 529 522 580 A'.
564 530 862 600 Ζαχαρίας.

444 620 524 672 Ε’.
567 621 798 685 Τωϐίας.

444 713 539 778 (τ’.
581 713 861 782 Βενιαμίν.

436 803 516 855 Z'.
570 802 825 876 Ἰωάννης
849 804 956 868 ἕως
976 804 1269 860 δεκαεννέα
1291 807 1444 873 ἔτους
1459 809 1476 839 ⁸
1503 810 1796 882 Τραϊανοῦ.

438 979 526 1034 H'.
570 982 841 1046 Ματθίας.

437 1069 519 1126 Θ.
562 1072 850 1136 Φίλιππος.

439 1161 500 1214 ll.
536 1162 792 1226 Σενέκας.

436 1254 545 1306 IA'.
601 1254 851 1321 Ἰοῦστος,
882 1256 986 1322 ἕως
1030 1259 1334 1331 Ἀδριανοῦ.

435 1344 540 1401 IB'.
581 1348 763 1411 Λευῒς.

437 1438 540 1492 II".
583 1439 847 1511 Οὐάφρις.

435 1531 540 1583 lA'.
598 1531 790 1595 Ἰωσίς.

433 1622 538 1676 ΙΕ’.
594 1623 814 1689 Ἰούδας,
843 1623 1036 1695 μέχρις
1066 1625 1352 1681 ἑνδεκάτου
1393 1630 1729 1689 Ἀντωνίνου.

431 1709 598 1768 Οὗτοι
627 1715 687 1768 δὲ
706 1715 818 1768 ἀπὸ
848 1717 1154 1787 περιτομῆς
1183 1719 1596 1780 ὲπεσκόπευσαν
1621 1726 1719 1796 τῆς
1755 1725 1949 1797 Ἱερου⁹

357 1809 572 1878 σαλήμ.
597 1807 687 1874 Ἐξ
713 1808 886 1862 ἐθνῶν
910 1809 967 1861 δὲ
997 1802 1144 1864 οὗτοι
1165 1828 1176 1840 ·

431 1900 556 1965 ιεῖν.
621 1898 870 1970 Μάρκος.

431 1990 536 2043 ΙΖ’.
606 1989 934 2054 Κασσιανός.

431 2083 542 2135 lH'.
617 2081 909 2146 Πούπλιος.

432 2173 538 2228 ιΘο.
617 2175 890 2246 Μάξιμος.

431 2265 518 2317 K'.
621 2265 908 2328 Ἰουλιανός

430 2345 597 2409 Οὗτοι
626 2357 829 2420 πάντες
860 2358 1022 2429 μέχρι
1053 2358 1281 2415 δεκάτου
1317 2361 1470 2429 ἔτους
1511 2365 1828 2422 Ἀντωνίνου
1842 2367 1946 2422 Εὑ-

353 2446 577 2513 σεόοῦς.

427 2541 564 2592 KA'.
605 2541 854 2604 Γαῖανός.

427 2631 560 2685 ΚΒ¹.
597 2632 912 2704 Σύμμαχος.

426 2723 560 2780 Kl".
604 2726 796 2790 Γάϊος,
849 2726 955 2790 ἕως
996 2727 1221 2799 ἡμερῶν
1266 2730 1504 2804 Οὐήρου,
1556 2733 1743 2803 ὀγδόου
1793 2735 1946 2799 ἔτους

606 2818 792 2870 αὑτοῦ.

425 2909 558 2963 KA’.
612 2909 916 2974 Ἰουλιανός.

429 2999 564 3056 XE’.
610 3002 893 3058 Καπίτων.

427 3092 576 3160 KQ".
612 3093 884 3165 Μάξιμος,
911 3095 1019 3160 ἕως
1046 3103 1117 3162 ις’
1150 3097 1384 3170 Οὑήρου.

425 3274 556 3330 ΚΖ’.
625 3277 956 3342 ’Δντωνῖνος.

423 3369 563 3424 1m.
606 3371 839 3442 Οὐάλης.

421 3461 556 3516 ΚΘ.
591 3463 920 3535 Δολιχιανὸς,
954 3467 1116 3540 μέχρι
1134 3469 1444 3540 Κομμόδου.

418 3553 503 3606 Λ¹.
599 3555 931 3626 Νάρκισσος.

418 3645 549 3696 ΛΑ’.
600 3647 738 3710 Δῖος,
764 3645 869 3710 ἕως
897 3648 1158 3721 Σευήρου.

422 3736 552 3788 AB'.
598 3736 664 3788 Γε
671 3755 702 3807 ρ
709 3741 933 3807 μανὶων.

416 3829 546 3882 AF'.
581 3829 622 3880 Γ
623 3829 818 3900 όρδιος,
847 3832 951 3894 ἕως
999 3833 1336 3890 Ἀντωνῖνου.

417 3918 544 3975 AA'.
581 3921 912 3992 Νάρκισσος,
959 3925 988 3976 ὁ
1040 3925 1203 3988 αὐτὸς
1247 3926 1352 3989 ἕως
1411 3925 1763 3996 Ἀλεξάνδρου
1815 3927 1932 3981 υἱοῦ

593 4015 879 4084 Μαμαίας,
908 4016 966 4068 οὐ
1001 4015 1096 4069 τοῦ
1133 4017 1467 4082 Μακεδόνος,
1492 4019 1625 4073 ἀλλὰ
1653 4019 1832 4075 ἄλλου.

416 4201 545 4258 AE'.
596 4199 962 4270 Ἀλέξανδρος,
993 4201 1100 4264 ἕως
1136 4201 1482 4275 Ἀλεξάνδρου
1504 4204 1597 4257 τοῦ
1624 4205 1808 4260 αὑτοῦ.

415 4385 561 4449 AG”.
589 4381 937 4447 Μαζαὸάνος,
964 4382 1069 4446 ἕως
1093 4383 1296 4437 Γάλλου
1323 4384 1416 4437 καὶ
1438 4385 1818 4441 Οὑλουσιανοῦ.

415 4475 542 4530 ΛΖ¹.
593 4473 894 4543 Ὑμέναιος,
930 4473 1035 4536 ἕως
1067 4473 1427 4546 Αὐρηλιανοῦ.

428 4566 598 4637 Ὁμοῦ
630 4566 740 4620 ἀπὸ
763 4565 1085 4636 ἀναλήψεως
1121 4565 1361 4636 Χριστοῦ
1386 4566 1499 4637 (2i)
1525 4567 1629 4632 ἕως
1653 4569 1746 4623 τοῦ
1774 4572 1933 4646 Μάνη

414 4684 431 4714 ¹
474 4680 607 4752 Leg.
641 4679 800 4735 ὲτῶν.

415 4795 534 4863 (21)
585 4793 758 4862 Ὁμοῦ
786 4793 904 4848 ἀπὸ
929 4791 1292 4862 ἀναλήψεως
1314 4793 1592 4860 Χριστοῦ.
1615 4794 1936 4853 Manichaeo-

338 4882 468 4920 rum
496 4865 652 4935 origo
687 4865 980 4935 diligenter
1010 4867 1188 4935 est_in
1240 4863 1419 4935 Fastis
1449 4864 1734 4930 adnotata,
1787 4869 1933 4923 velut

339 4933 860 5006 insignisjluzedam
901 4933 1053 4988 Iabes
1082 4933 1383 4988 Christiani
1417 4935 1658 5006 nominis
1692 4951 1757 4990 ac
1786 4939 1932 4992 cala-

337 5003 533 5061 mitas.
570 5003 678 5060 Sed
702 5004 775 5074 de,
803 5020 950 5058 anno
982 5019 1049 5058 ac
1092 5012 1338 5072 tempore
1367 5003 1670 5074 scriptores
1701 5007 1932 5064 miriﬁce

336 5076 701 5131 dissentiunt.
737 5073 1083 5144 Epiphanius
1107 5084 1294 5128 noster
1325 5073 1615 5138 πλατυκῶς
1649 5076 1928 5132 Aureliani

335 5156 397 5200 et
427 5146 591 5200 Probi
642 5146 1310 5214 temporibusiemersisse
1361 5145 1577 5198 scribit.
1611 5144 1742 5211 Quae
1779 5148 1927 5202 enim

337 5217 412 5270 ab
446 5213 776 5271 ascensione
801 5213 1007 5269 Christi
1040 5216 1304 5283 temporis
1326 5214 1466 5266 ratio
1506 5217 1746 5283 ponitur,
1784 5233 1930 5271 men-

337 5285 637 5342 dosissima
667 5293 774 5347 est,
829 5294 885 5339 et
933 5284 1170 5338 subinde
1222 5284 1557 5352 castiganda.
1597 5288 1775 5355 Supra
1825 5304 1929 5341 nu-

337 5372 497 5410 mero
527 5374 540 5410 l
577 5357 632 5409 in
695 5370 748 5408 Iv
786 5355 1066 5409 Aureliani
1107 5356 1237 5424 imp.
1268 5369 1487 5424 annum
1504 5355 1835 5424 coniecerat.
1869 5356 1926 5412 In

336 5427 437 5482 lib.
469 5441 603 5482 vero
628 5424 705 5479 De
729 5425 890 5493 pond.
930 5433 981 5479 et
1014 5421 1422 5478 mensfannorx
1451 5421 1684 5493 Gallieni
1709 5426 1923 5481 tribuit.

335 5497 610 5550 Eusebius
641 5495 695 5548 in
725 5491 918 5550 Chron.
967 5509 1118 5565 anno
1158 5509 1196 5548 ιι
1249 5493 1435 5560 Probi,
1465 5491 1678 5565 Olymp.
1725 5509 1919 5552 ccutv

335 5581 488 5621 anno
539 5565 802 5625 secundo.
851 5564 1315 5620 Antiochenorum
1368 5578 1573 5618 cccxxv
1629 5564 1901 5634 prodiisse

335 5635 762 5691 Manichaeorum
781 5635 1014 5690 haeresin
1056 5641 1241 5699 notat;
1273 5641 1328 5688 et
1358 5635 1734 5704 aerasaliquot
1765 5635 1903 5689 civi-

333 5714 518 5776 tatum
534 5706 772 5776 adjicit;
806 5704 1428 5776 quibus_Christi_annus
1452 5703 1560 5757 278
1587 5703 1904 5776 ascribitur.

339 5773 454 5833 Leo
499 5773 726 5848 Magnus
776 5773 967 5832 homil.
999 5774 1056 5841 2,
1090 5773 1165 5828 De
1209 5773 1557 5829 Pentecoste:
1586 5773 1918 5830 Manis/uvas

1989 457 2027 514 Α
2135 445 2224 502 Ill.
2297 445 2489 503 Judas.

2138 537 2226 593 IV.
2304 538 2346 592 Ζ
2351 539 2620 594 acharias.

2139 629 2204 684 V.
2299 629 2520 687 Tobias.

2137 721 2229 777 VI.
2303 722 2608 793 Benjamin.

2143 813 2255 869 VII.
2302 815 2542 872 Joannes
2587 816 2656 872 ad
2705 833 2912 873 annum
2957 817 3230 874 decimum
3278 832 3478 871 nnmnn
3507 813 3645 871 Tra—

2059 903 2196 974 jaui.

2141 996 2249 1052 VIII
2263 1036 2278 1050 .
2429 999 2709 1058 Matthias.

2133 1087 2224 1146 IX.
2435 1090 2742 1165 Philippus.

2132 1177 2200 1232 X.
2445 1181 2672 1240 Seneca.

2133 1270 2226 1324 XI.
2424 1274 2588 1345 637
2616 1275 2811 1332 Justus
2839 1276 2908 1332 ad
2945 1275 3173 1333 Adriani
3211 1284 3470 1346 tempora.

2131 1357 2248 1413 XII.
2444 1363 2622 1420 Levis.

2130 1449 2266 1505 XIII.
2437 1452 2696 1525 Vaphris.

2130 1538 2268 1593 XIV.
2431 1541 2598 1599 Josis.

2132 1630 2245 1686 XV.
2427 1634 2596 1692 ludas
2627 1638 2694 1693 ad
2731 1639 3079 1695 undecimum
3113 1654 3316 1693 annum
3349 1638 3639 1693 Antonini.

2056 1737 2062 1741 '
2130 1723 2193 1778 ιιι
2224 1740 2290 1780 ex
2327 1727 2748 1787 circumcisione
2785 1731 2938 1787 fuere
2980 1729 3478 1800 Hierosolymorum
3519 1732 3636 1800 epi-

1985 1817 2025 1871 Β
2055 1819 2228 1888 scopi.
2263 1817 2339 1871 Ex
2367 1823 2666 1890 gentilibus
2702 1840 2830 1880 vero
2855 1823 2950 1896 qui
2982 1833 3314 1895 sequuntur:

2122 1910 2260 1964 XVI.
2433 1913 2670 1971 Marcus.

2125 2003 2288 2059 XVII.
2427 2007 2748 2064 Cassianus.

2124 2095 2310 2152 XVIII.
2421 2098 2671 2156 Publius.

2123 2185 2264 2246 XIX.
2427 2190 2717 2248 Maximus.

2119 2277 2238 2335 XX.
2429 2280 2704 2338 Julianus.

2122 2371 2188 2426 Ili
2221 2388 2415 2431 omnes
2443 2374 2514 2429 ad
2541 2375 2813 2432 decimum
2845 2391 3050 2432 annum
3081 2375 3345 2433 Antonini
3386 2375 3469 2430 Pii
3502 2389 3632 2447 per—

2049 2465 2296 2524 veniunt.

2121 2555 2263 2612 XXI.
2437 2559 2719 2632 Gaianus.,

2123 2649 2288 2706 XXII.
2421 2653 2806 2725 Symmachus.

2118 2740 2304 2796 XXIII.
2417 2745 2606 2814 Caius,
2643 2748 2713 2803 ad
2745 2755 3000 2803 octavum
3024 2763 3227 2804 annum
3258 2745 3412 2804 Veri.

2117 2921 2307 2979 XXIV.
2425 2924 2704 2983 Julianus.

2119 3015 2283 3071 XXV.
2427 3021 2641 3090 Capito.

2120 3107 2310 3164 xxw.
2421 3110 2690 3168 Maximus
2733 3113 2801 3168 ad
2847 3099 3046 3167 annum
3091 3113 3360 3169 decimum
3403 3125 3623 3172 sextum

2418 3206 2566 3262 Veri.

2114 3298 2324 3353 XXVII.
2411 3300 2749 3358 Antoninus.

2115 3391 2347 3446 XXVIII.
2415 3390 2637 3446 Valens.

2111 3485 2295 3539 XXIX.
2406 3482 2760 3540 Dolichianus
2794 3485 2862 3540 ad
2887 3485 3246 3541 Commodum
3285 3501 3458 3558 usque

2109 3576 2278 3630 XXX.
2406 3573 2720 3630 Narcissus.

2109 3665 2298 3722 XXXI.
2409 3665 2542 3723 Dius
2571 3667 2639 3722 ad
2669 3666 2929 3721 Severum
2961 3683 3151 3738 usque.

2108 3759 2318 3813 XXXII.
2413 3758 2730 3814 Germanic.

2103 3849 2338 3904 XXXIII.
2403 3850 2638 3906 Gordius
2674 3865 2848 3921 usque
2876 3850 2944 3905 ad
2972 3851 3334 3909 Antoninum.

2104 3942 2346 3999 XXXIV.
2408 3943 2699 3999 Narcissus
2755 3943 2950 3998 iterum
3013 3959 3186 4014 usque
3242 3946 3310 4000 ad
3369 3945 3609 4004 Alexan—

2410 4037 2569 4092 drum
2617 4035 2894 4091 Mammeaa
2942 4035 3132 4105 filium,
3176 4053 3287 4092 non
3360 4038 3612 4096 Maccdo-

2411 4135 2559 4183 nem,
2591 4118 2688 4196 sed
2722 4119 2953 4172 alterum
2986 4119 3296 4188 quemdam.

2097 4212 2316 4268 XXXV.
2398 4209 2703 4266 Alexander
2757 4224 2931 4281 usque
2974 4213 3041 4267 ad
3087 4212 3333 4269 eumdem
3375 4215 3613 4270 Alexan—

2408 4303 2590 4357 drum.

2097 4395 2336 4452 XXXVI.
2403 4395 2729 4450 Mazahanus
2765 4394 2830 4449 ad
2863 4393 3101 4460 Gallum,
3149 4407 3203 4452 et
3229 4399 3607 4460 Volusianum.

1952 4503 2002 4562 ι)
2099 4488 2357 4544 XXXVII.
2403 4487 2727 4560 Hymenaeus
2784 4487 2850 4542 ad
2883 4489 3256 4544 Aurelianum.

2105 4582 2451 4651 Colliguntnr
2496 4579 2566 4634 ab
2596 4580 2918 4636 ascensione
2947 4579 3150 4636 Christi
3184 4581 3251 4636 ad
3289 4581 3522 4650 Manem,
3552 4593 3608 4640 et

2033 4809 2156 4866 ergo
2187 4793 2438 4866 magister
2466 4793 2726 4862 falsitatis
2755 4794 3058 4859 diabotzcw,
3087 4805 3137 4850 et
3171 4797 3413 4850 conditor
3431 4814 3606 4866 super-

2033 4865 2260 4918 stitionis
2290 4863 2545 4926 obscenae,
2599 4881 2659 4919 eo
2693 4873 2920 4934 tempore
2970 4867 3304 4920 damnandus
3346 4863 3603 4934 innotuit,

2031 4949 2132 5002 quo
2215 4941 2333 5001 post
2422 4935 2848 4988 resurrectionem
2938 4935 3155 4990 Domini
3217 4937 3604 4994 ducentesima:

2030 5012 2082 5056 et
2111 5003 2466 5074 sexqgesimus
2500 5021 2672 5058 annus
2707 5004 2948 5074 impletus
2989 5017 3088 5070 est,
3141 5006 3314 5060 Probo
3377 5011 3603 5074 impera-

2035 5082 2165 5136 tore,
2205 5071 2536 5141 Paulinoque
2584 5071 2817 5128 consule.
2843 5073 3244 5132 Obscurissima
3275 5087 3403 5132 sunt
3430 5071 3604 5135 Aure-

2031 5142 2186 5207 liani,
2221 5141 2408 5209 Probi,
2449 5143 2627 5213 iisque
2654 5145 3026 5215 proximorum
3047 5148 3434 5215 imperatorum
3465 5157 3603 5204 tem-

2031 5229 2185 5294 pora,
2231 5227 2454 5293 summa
2474 5214 2849 5294 consularium
2890 5214 3175 5294 Fastorum
3207 5219 3466 5294 yarietas,
3498 5235 3602 5274 nec

2028 5283 2084 5336 in
2115 5283 2277 5357 annis
2297 5297 2362 5336 ac
2391 5283 2772 5357 consulatibus
2793 5284 3108 5357 digerendis
3131 5286 3424 5357 quisquam
3459 5305 3602 5345 unus

2026 5367 2153 5407 cum
2184 5353 2356 5407 altero
2389 5355 2685 5408 consentit.
2734 5352 2919 5423 Itaque
2962 5352 3293 5425 perplexum
3333 5365 3388 5409 et
3442 5358 3600 5410 intri-

2025 5430 2211 5493 catum
2251 5430 2426 5476 totum
2451 5425 2601 5477 istud
2632 5427 2912 5493 negotium
2935 5433 3040 5479 est.
3075 5425 3312 5480 Probum
3360 5441 3424 5480 ac
3457 5427 3599 5482 Pau-

2025 5492 2199 5546 linum
2249 5507 2395 5547 coss.
2449 5492 2818 5547 CassindOrus
2879 5494 3102 5550 Aurelio
3162 5511 3226 5550 ac
3281 5494 3597 5554 Marcellino

2025 5577 2173 5633 coss.
2212 5562 2488 5633 subjicit._
2516 5561 2665 5617 Fasti
2720 5561 3078 5633 Siculiqpost
3123 5565 3478 5620 Aurelianum
3531 5583 3594 5621 ac

2025 5631 2402 5702 Marcellinum
2447 5630 2700 5702 Tacitum
2778 5641 2832 5687 et
2875 5630 3228 5688 {Emilianum
3284 5637 3591 5702 collocant;

2025 5703 2224 5774 quibus
2289 5700 2535 5774 Probum
2593 5700 2992 5774 Paulinumque
3059 5705 3356 5759 subtexunt
3405 5700 3596 5774 :quos

2029 5770 2358 5843 posteriores
2387 5770 2651 5828 Onuirius
2685 5772 2884 5844 injuria
2903 5770 3277 5844 praetermisit,
3306 5770 3596 5852 suil'cctos-
