4076 6392
325 359 397 415 σε
1001 359 1372 418 ADVERSUS
1401 363 1744 421 iixERESES
1781 365 1892 422 LIB

2034 361 2197 420 ΤΟΗ.
2233 360 2300 418 ll.
2324 391 2390 404 —
2427 360 2699 417 ΗιΕΡιΕδ.
2731 361 2912 418 LXVI.
3526 359 3601 425 εδ

324 475 518 546 λύμων
551 476 894 548 ὲπίπεμπτος
934 477 1278 553 ὲξαποσταλῇ
1310 480 1390 552 τῷ
1432 483 1622 555 κόσμῳ
1649 485 1741 538 τοῦ
1777 486 1914 538 ὲνοι-

2018 480 2518 553 Hiorosolymorum
2577 483 2835 553 episcopo
2889 481 3260 538 introductum
3327 483 3475 539 hunc
3538 501 3594 540 in

323 565 556 630 κοῦντος
582 569 642 620 ἐν
667 569 819 622 αὐτῶ
844 568 1088 623 διαϐόλου
1115 571 1396 642 ἐνεργείας
1432 574 1612 645 πλάνη
1650 576 1746 628 καὶ
1777 593 1912 644 φαν-

322 657 547 722 τασίας,
605 659 932 732 ἀποστήσῃί
965 660 1076 715 ἀπὸ
1121 661 1221 732 τῆς
1275 661 1533 734 ἀληθείας
1589 666 1714 732 τοὺς
1766 667 1916 737 αὐτῷ

325 749 654 815 πεισθέντας
683 751 977 806 ἀπατῶσα.

397 933 535 988 KA'.
581 932 998 1004 Ἔξελήλεγκται
1043 931 1138 990 οὖν
1171 937 1206 1007 ἡ
1256 936 1420 992 αὐτοῦ
1457 939 1794 1010 πανταχόθεν
1818 958 1906 996 xu-

321 1023 480 1078 θεία·
505 1024 583 1089 ὥς
609 1042 673 1093 γε
695 1028 724 1080 ὁ
749 1025 873 1091 νοῦς
899 1026 1009 1081 τῶν
1041 1027 1278 1082 συνετῶν
1295 1029 1474 1084 πάντα
1494 1031 1737 1102 ἀκριϐῶς
1757 1034 1918 1099 γνοὺς

323 1117 746 1186 καταγνώσεται
772 1118 873 1188 τῆς
907 1117 1072 1173 αὑτοῦ
1100 1122 1627 1194 παραπεποιημένης
1651 1123 1914 1188 ἐπινοίας.

324 1207 414 1262 Τὰ
447 1208 506 1262 δὲ
539 1208 674 1264 ἀλλα
716 1209 896 1264 πάντα
936 1209 1005 1264 τά
1034 1211 1366 1284 νομιζόμενα
1411 1213 1578 1267 αὐτοῦ
1606 1215 1920 1286 σοφίσματα

325 1298 606 1372 ληρῳδίας
646 1299 880 1372 ἔμπλεα,
919 1299 1053 1365 λοξά
1086 1319 1147 1354 τε
1191 1303 1287 1356 καὶ
1326 1303 1556 1367 ἀστατα,
1585 1306 1738 1376 παρὰ
1783 1307 1918 1358 πᾶσι

328 1394 575 1456 συνετοῖς
602 1391 992 1462 γελοιαζόμενα
1011 1409 1026 1422 ’
1056 1393 1212 1447 ἆτινα
1237 1393 1380 1448 κατά
1404 1394 1549 1462 λέξιν
1577 1395 1790 1461 διελεῖν,
1823 1398 1920 1451 καί⁸

324 1480 400 1535 τὰ
437 1482 576 1554 πρὸς
601 1481 875 1536 ἀντίθεσιν
915 1481 1134 1536 πάντων
1177 1483 1360 1538 αὐτῶν
1403 1484 1612 1557 γράψαι
1635 1488 1678 1554 ³,
1708 1489 1788 1551 είς
1817 1505 1917 1540 πο-

325 1572 430 1626 λὺν
467 1573 634 1642 ὄγκον
660 1574 870 1628 ἐλάσσω
906 1575 1007 1644 τῆς
1051 1574 1170 1628 κατ’
1203 1575 1368 1628 αὐτοῦ
1401 1576 1785 1648 πραγματείας
1830 1577 1921 1632 τὸν

327 1661 575 1732 ἔλεγχον.
610 1663 751 1734 Ἤδη
791 1663 849 1716 δὲ
887 1664 1111 1734 ἀνδράσι
1150 1665 1407 1734 μεγάλοις
1434 1665 1550 1737 (25)
1593 1666 1921 1737 θαυμαστῶς

328 1755 454 1806 κατ’
512 1753 680 1806 αὐτοῦ
734 1753 1082 1826 ἀντιρρήσεις
1133 1754 1227 1808 τοῦ
1279 1755 1501 1826 ἐλέγχου
1557 1759 1916 1828 πεποίηνται·

2023 574 2284 629 mundum
2328 589 2568 629 errorem
2605 575 2795 638 fuisse,
2833 585 2889 628 et
2927 573 3156 640 diaboli,
3183 574 3278 645 qui
3324 575 3380 631 in
3422 577 3597 632 haere-

2017 666 2126 720 tico
2155 666 2251 721 illo
2276 665 2567 730 residebat,
2599 666 2652 720 vi
2677 679 2743 720 ac
2780 663 2972 721 fraude
2999 673 3386 736 propagatum.
3412 675 3472 724 ut
3497 683 3597 725 eos

2017 756 2110 826 qui
2149 756 2312 811 ﬁdem
2334 756 2657 812 adhiberent
2705 771 2734 811 a
2771 756 3004 814 veritate
3038 765 3324 814 revocatos
3354 758 3411 814 in
3441 757 3592 815 frau-

2017 846 2141 902 dem
2176 847 2496 917 impelleret.

2089 929 2232 984 XXI.
2274 930 2641 997 Quamobrem
2674 948 2741 988 ex
2774 934 2924 988 omni
2966 944 3124 1005 parte.
3166 935 3433 995 convicta
3465 948 3597 994 sunt

2016 1021 2166 1078 illius
2212 1023 2522 1094 praestigiae,
2571 1024 2652 1079 sic
2709 1031 2766 1080 ut
2812 1025 3138 1096 sapientium
3189 1027 3426 1095 animus,
3468 1043 3595 1086 tum

2017 1122 2274 1170 accurate
2294 1122 2492 1169 cuncta
2511 1115 2750 1181 noverit,
2770 1117 3207 1173 commentitium
3233 1118 3384 1176 illius
3398 1118 3595 1191 dogma

2017 1203 2380 1272 condemnet;
2430 1220 2556 1258 nam
2595 1213 2798 1261 caetera
2840 1206 2990 1263 illius
3021 1208 3338 1279 sophistica
3371 1213 3596 1270 cavilla-

2019 1293 2200 1349 tiones
2230 1309 2500 1366 nugarum
2539 1295 2896 1365 plenissimaa,
2927 1297 3195 1369 ambiguae
3219 1309 3274 1354 et
3310 1299 3597 1360 instabiles

2020 1385 2470 1453 prudentioribus
2487 1387 2744 1442 omnibus
2770 1387 3006 1443 ludibrio
3031 1399 3177 1446 sunt.
3210 1390 3342 1456 Quae
3372 1391 3596 1462 quidem

2020 1475 2066 1527 si
2096 1476 2164 1531 ad
2193 1477 2425 1532 verbum
2452 1492 2727 1548 exponere
2768 1493 2832 1532 ac
2870 1479 3102 1549 singulis
3130 1482 3464 1552 respondere
3498 1499 3595 1541 vo-

2019 1562 2135 1628 lim,
2178 1579 2275 1619 ero
2304 1566 2360 1620 in
2401 1565 2504 1620 hac
2550 1567 2747 1624 haeresi
2785 1567 3123 1624 confutanda
3165 1571 3399 1654 longior:
3445 1573 3596 1629 Ριτςι-

2020 1655 2210 1710 sertim
2256 1671 2380 1710 cum
2426 1671 2458 1710 a
2505 1659 2719 1729 magnis
2768 1659 2902 1714 viris
2945 1659 3294 1720 admirabiles
3327 1664 3395 1718 ad
3446 1665 3597 1724 illius

2021 1745 2347 1801 refutandos
2378 1762 2596 1803 errores
2628 1748 3041 1808 lucubrationes
3070 1759 3199 1808 sunt
3225 1753 3404 1810 edita.
3436 1754 3598 1812 Velut

339 1845 627 1916 ’Δρχελάῳ
659 1844 758 1916 μὲν
779 1845 859 1915 τῷ
889 1845 1195 1917 έπισκόπῳ,
1220 1845 1297 1910 ὼς
1327 1848 1669 1920 προείρηται,
1708 1851 1916 1923 Ἠριγέ-

2021 1837 2089 1891 ab
2130 1837 2396 1892 Archelao
2437 1839 2718 1910 episc0po,
2769 1851 2827 1894 ut
2861 1848 3021 1897 antea
3067 1843 3274 1898 dictum
3310 1853 3436 1901 est:
3472 1845 3592 1902 Ori-

326 1951 411 1987 νει
443 1934 523 1996 δὲ,
564 1934 642 1998 ὡς
670 1935 906 2004 ἀκήκοα,
947 1935 1195 2007 Εὐσεὸίῳ
1231 1936 1288 1989 δὲ
1315 1937 1394 2008 τῷ
1436 1939 1796 2011 Καισαρείας,
1827 1942 1920 1996 καὶ

327 2025 583 2096 Εὐσεϐίῳ
607 2025 687 2097 τῷ
722 2025 977 2098 Ἐμέσης,
1019 2025 1328 2099 Σεραπίωνι
1371 2028 1650 2098 Θμούεως,
1691 2030 1918 2086 Ἀθανα-⁹

338 2119 447 2188 σίῳ
498 2117 580 2190 τῷ
643 2118 1069 2192 Ἀλεξανδρείας,
1116 2119 1376 2191 Γεωργίῳ
1426 2120 1505 2191 τῷ
1565 2121 1916 2189 Λαοδικείας,

340 2203 745 2284 ’Δπολλίναρίῳ
771 2210 850 2282 τῷ
883 2211 1226 2278 Λαοδικείας,
1256 2212 1401 2283 Τίτῳ
1433 2211 1529 2267 καὶ
1575 2213 1787 2278 πολλοῖς
1811 2215 1919 2269 τῶν

328 2305 455 2358 κατ’
493 2303 662 2357 αὐτοῦ
684 2302 1004 2374 είρηκότων.

404 2395 575 2448 Οὐδὲν
627 2395 685 2448 δὲ
728 2393 960 2464 λυπήσει
1008 2395 1105 2446 καὶ
1142 2394 1252 2448 ἀπὺ
1287 2395 1388 2466 τῆς
1437 2395 1596 2466 ἡμῶν
1647 2396 1920 2466 πτωχείας

324 2481 492 2550 ὀλίγα
539 2483 620 2546 είς
665 2481 930 2553 αἰσχύνην
976 2483 1071 2537 τοῦ
1121 2483 1356 2536 ὲλεεινοῦ
1407 2483 1695 2556 ἀνθρώπου
1745 2489 1921 2541 είπεῖν

327 2570 474 2642 πρὸς
503 2570 816 2644 ἀνατροπὴν
859 2575 958 2644 τῆς
986 2572 1151 2626 αὑτοῦ
1185 2573 1324 2627 κατὰ
1363 2575 1543 2629 πάντα
1584 2577 1786 2646 τρόπον
1823 2594 1922 2631 πε-

328 2661 688 2734 πλανημένης
711 2663 968 2727 διανοίας,
991 2662 1068 2727 ὡς
1095 2663 1188 2717 καὶ
1214 2662 1313 2734 ἤδη
1340 2667 1694 2736 προείπομεν.
1739 2665 1922 2719 Ἦϐου-

327 2754 509 2826 λόμην
536 2755 595 2808 δὲ
626 2755 702 2827 μὴ
730 2756 1025 2827 αὐστηροῖς
1055 2756 1265 2828 ῥήμασι
1292 2756 1384 2809 τὸν
1418 2758 1537 2810 κατ’
1565 2757 1730 2811 αὑτοῦ
1763 2761 1921 2830 ποιή-

330 2845 535 2899 σασθαι
572 2845 817 2916 ἔλεγχον,
850 2845 947 2899 καὶ
995 2845 1274 2917 ἠδυνάμην
1328 2846 1610 2912 ἐπιεικῶς,
1644 2849 1692 2901 εί
1731 2847 1807 2919 μὴ
1839 2849 1920 2903 ὅτι

327 2937 426 2990 τὸν
453 2937 568 2990 τῶν
594 2937 812 2992 πάντων
827 2935 1106 3006 Δεσπότην
1127 2935 1554 3008 ἀθυρογλὼττως
1583 2937 1922 3010 βλασφημεῖν

328 3030 437 3083 οὐκ
466 3028 806 3100 αἰσχύνεται,
829 3028 989 3090 εὐθὺς
1017 3026 1179 3082 αὐτὸν
1199 3025 1289 3081 τὸν
1312 3026 1546 3099 Ποιητὴν
1567 3028 1919 3100 ἀρνούμενος,

327 3120 428 3175 τὸν
456 3120 577 3174 τάδε
609 3119 671 3173 τὸ
710 3121 819 3174 πᾶν
845 3118 1008 3182 κύτος
1035 3118 1266 3190 οὐρανοῦ
1308 3135 1370 3172 τε
1396 3120 1492 3172 καὶ
1518 3119 1642 3190 γῆς,
1664 3121 1758 3174 καὶ
1788 3122 1922 3176 πάν-

327 3229 444 3266 των
470 3209 580 3265 τῶν
609 3212 668 3264 ὲν
711 3211 916 3274 αὐτοῖς,
957 3211 1051 3262 καὶ
1078 3210 1146 3263 τά
1176 3211 1234 3263 ἐν
1265 3209 1344 3281 τῷ
1391 3211 1582 3282 κόσμῳ
1622 3212 1800 3266 πάντα
1823 3213 1918 3284 δη-

333 3302 767 3373 μιμουργήσαντα⁸
795 3300 980 3372 ἕτερον
999 3299 1057 3353 δέ
1080 3317 1203 3354 τινα
1229 3299 1635 3370 φανταζόμενος
1658 3300 1810 3365 Θεὸν,
1828 3301 1918 3356 τὸν

332 3391 414 3464 μὴ
440 3393 594 3456 ὄντα,
617 3391 711 3445 τὸν
739 3391 816 3448 δὲ,
843 3391 971 3445 ὄντα
1013 3389 1352 3446 καταλιπών.
1389 3389 1645 3455 Ἐξέπεσε
1679 3390 1789 3461 γὰρ
1819 3391 1920 3461 τῆς

329 3481 596 3554 ἀληθείας
616 3498 630 3512 ⁸
662 3483 759 3536 καὶ
782 3481 978 3552 συνέϐη
1005 3481 1154 3553 αὐτῷ
1174 3481 1236 3536 τὺ
1258 3484 1358 3554 τῆς
1384 3481 1593 3551 γελοίου
1621 3481 1919 3554 παροιμίας

329 3573 718 3645 ἐνέργημα,ὡς
744 3573 774 3626 ὁ
795 3572 966 3645 κόραξ
990 3572 1186 3645 βρῶμα
1207 3572 1345 3644 ἔχων
1364 3573 1492 3644 περὶ
1518 3571 1580 3626 τὸ
1600 3571 1794 3642 στόμα,
1826 3572 1920 3624 καὶ

331 3665 498 3719 σκιὰν
523 3665 581 3717 ὲν
611 3664 763 3718 ὕδατι
783 3663 875 3718 τοῦ
901 3662 1189 3735 βρώματος
1219 3662 1572 3733 θεασάμενος,
1599 3661 1920 3733 βουλόμενος

329 3757 530 3828 ἑτέρας
558 3756 766 3828 τροφῆς
789 3753 1192 3826 περιγενέσθαι,
1222 3755 1321 3826 τὴν
1342 3750 1508 3808 οὖσαν
1528 3752 1797 3819 ἀπώλεσε,
1824 3753 1919 3806 καὶ

329 3850 434 3920 τὴν
468 3848 547 3919 μὴ
594 3844 758 3903 οὖσαν
789 3848 890 3902 οὐκ
937 3848 1222 3919 ἐκτήσατο.
1275 3846 1372 3909 Τίς
1417 3844 1474 3898 δὲ
1515 3843 1761 3909 ἀνέξεται
1823 3845 1916 3898 τοῦ

331 3939 694 4012 βλασφημου;
724 3940 789 3992 Ei
816 3937 921 4011 γὰρ
944 3939 1184 4011 πατέρας
1207 3937 1402 4009 ἔχομεν
1426 3935 1569 3992 κατά
1591 3937 1792 4008 σάρκα,
1823 3937 1918 3991 καὶ

329 4029 395 4082 οὗ
425 4029 671 4100 φέρομεν
721 4028 940 4083 ἀκούειν
986 4030 1080 4083 τὸν
1114 4029 1314 4083 τούτων
1347 4029 1454 4082 ὑπό
1501 4046 1662 4082 τινων
1705 4027 1872 4098 ψόγον
1899 4046 1913 4060 ο

330 4120 488 4192 πόσῳ
521 4137 588 4188 γε
619 4119 838 4190 μᾶλλον,
885 4120 976 4174 τὸν
1017 4119 1221 4194 Κύριον
1248 4120 1378 4174 Θεὸν
1420 4119 1640 4174 πάντων
1677 4120 1784 4173 ὑπὸ
1820 4119 1915 4172 τοῦ

329 4213 724 4284 χαλεπωτάτου
770 4211 1041 4276 Μάνεντος
1087 4211 1570 4284 βλασφημούμενον
1616 4211 1711 4266 ὲάν
1753 4211 1918 4265 ἀκού-

330 4323 556 4375 σωμεν;
593 4306 762 4358 Ὅταν
786 4301 880 4358 οὖν
911 4306 971 4358 ὲν
1001 4304 1082 4373 τῷ
1109 4303 1250 4357 ἐλέει
1280 4303 1374 4356 τοῦ
1408 4302 1544 4356 Θεοῦ
1571 4302 1767 4375 ὄμϐροι
1791 4303 1919 4356 ἀπο-

328 4395 664 4449 στέλλωνται
693 4393 832 4448 κατά
860 4393 961 4466 τὴν
987 4394 1150 4446 αὐτοῦ
1185 4392 1517 4462 ἀγαθότητα,
1565 4392 1725 4456 αὐτὸς
1753 4391 1917 4462 βλασ-

2018 1939 2176 1994 gene,
2211 1933 2270 1979 ut
2311 1931 2642 1998 accepimus,
2677 1928 2914 1985 Eusebio
2947 1929 3292 2000 Caesariensi,
3319 1943 3376 1990 et.
3416 1934 3592 1994 altero

2020 2017 2312 2080 himeseno,
2355 2017 2651 2089 Serapione
2673 2021 2992 2085 Thmucnsi,
3028 2024 3324 2081 Athanasio
3350 2027 3589 2084 Alexan-

2018 2109 2201 2172 drino,
2232 2109 2464 2182 Georgio
2497 2111 2822 2179 Laodiceno,
2857 2115 3194 2184 Apollinario
3239 2118 3368 2172 item
3395 2117 3595 2175 Laodi-

2019 2214 2178 2262 ceno,
2221 2199 2366 2268 Tito,
2406 2216 2470 2256 ac
2503 2203 2778 2272 plerisque
2830 2205 2972 2266 aliis.
3003 2206 3097 2275 qui
3136 2205 3399 2264 adversus
3438 2208 3592 2262 illum

2020 2290 2382 2360 scripserunt.

2089 2380 2210 2436 Non
2249 2382 2354 2437 erit
2383 2391 2589 2447 tamen,
2635 2393 2695 2437 ut
2731 2384 2950 2455 opinor,
2984 2385 3300 2452 molestum,
3339 2385 3385 2441 si
3417 2401 3595 2456 pauca

2021 2487 2120 2543 pro
2143 2473 2328 2544 inopia
2355 2489 2420 2529 ac
2447 2477 2713 2531 tenuitate
2743 2483 2933 2531 nostra
2975 2476 3045 2530 ad
3076 2478 3378 2546 augendam
3414 2478 3599 2549 infeli-

2019 2564 2101 2619 cis
2141 2563 2520 2623 bomuncionis
2568 2565 2847 2621 infamiam
2895 2567 2952 2622 in
2997 2567 3236 2623 medium
3280 2567 3597 2634 aﬂeramu».

2018 2655 2476 2725 quemadmodum
2504 2666 2662 2712 antea
2697 2658 2956 2714 diximus.
2986 2655 3045 2714 In
3075 2677 3186 2731 quo
3221 2663 3416 2718 vellem
3435 2664 3597 2733 equi-

2020 2745 2143 2802 dem
2183 2748 2239 2802 in
2272 2749 2420 2804 illius
2458 2765 2645 2805 errore
2681 2748 3005 2820 castigando
3045 2768 3263 2808 omnem
3305 2755 3602 2810 verborum

2021 2839 2372 2908 asperitatem
2408 2839 2620 2912 fugere,
2667 2841 2831 2912 idque
2875 2844 3010 2900 adeo
3047 2845 3246 2900 leniter
3286 2845 3469 2902 facere
3500 2862 3598 2918 po-

2022 2929 2273 2995 luissem,
2317 2931 2422 2988 nisi
2477 2934 2534 2987 in
2585 2935 2964 2991 universorum
3021 2935 3305 2992 Dominum
3360 2937 3596 2996 εσυ-θηο-

2029 3030 2141 3074 tam
2169 3021 2369 3092 linguae
2403 3024 2838 3081 maledicentiam
2869 3027 3248 3098 imprudenter
3275 3028 3597 3086 effunderet.

2022 3110 2232 3182 Quippe
2267 3114 2361 3184 qui
2399 3115 2629 3171 subinde
2671 3117 3020 3175 Conditorem
3052 3119 3229 3189 ipsum
3264 3120 3516 3190 abneget,
3567 3137 3600 3178 a

2020 3220 2130 3274 quo
2160 3213 2272 3259 tota
2317 3205 2432 3260 haec
2462 3207 2588 3262 cceli
2640 3220 2905 3279 terrmque
2949 3210 3138 3276 moles,
3172 3211 3462 3283 omniaque
3487 3213 3600 3281 illo:

2017 3311 2135 3350 rum
2168 3296 2373 3352 ambitu
2395 3299 2789 3370 comprehensa
2813 3299 3080 3356 fabricata
3120 3310 3270 3358 sunt.
3293 3302 3461 3374 639
3489 3302 3600 3360 Cu-

2017 3387 2112 3456 jus
2181 3388 2301 3442 loco
2359 3391 2546 3444 nescio
2609 3405 2768 3460 quem
2829 3401 3169 3448 commentus
3233 3401 3320 3448 est
3367 3394 3598 3448 alterum

2029 3478 2216 3544 Deum,
2240 3480 2334 3550 qui
2358 3495 2627 3551 nusquam
2655 3483 2749 3546 sit,
2772 3491 2828 3537 ut
2853 3483 2920 3538 ab
2941 3498 3006 3539 eo
3030 3484 3124 3554 qui
3148 3490 3232 3540 est
3252 3483 3430 3554 reipsa
3456 3498 3600 3539 receo

2018 3569 2190 3648 deret.
2221 3571 2264 3624 A
2294 3573 2530 3627 veritate
2555 3573 2700 3628 enim
2738 3575 2977 3640 excidit;
3007 3583 3062 3630 et
3089 3575 3192 3630 hoc
3217 3575 3289 3629 illi
3315 3576 3384 3630 de
3415 3575 3599 3632 fabula

2018 3660 2269 3730 contigit,
2317 3676 2424 3732 qua
2461 3677 2663 3719 corvus
2701 3665 2998 3734 aliquando
3030 3665 3224 3730 fertur,
3259 3681 3384 3719 cum
3417 3671 3602 3720 rostro

2019 3751 2278 3822 pabulum
2309 3750 2496 3818 ferret,
2529 3769 2655 3808 mox
2679 3764 2739 3808 ut
2768 3755 2887 3823 ejus
2919 3757 3170 3810 umbram
3200 3757 3254 3810 in
3287 3771 3427 3825 aqua
3465 3771 3599 3810 con-

2019 3843 2262 3912 spicatus
2289 3851 2395 3906 est,
2422 3851 2481 3898 ut
2512 3845 2659 3900 aliud
2703 3846 2808 3900 sibi
2856 3859 3142 3916 qua-reret,
3173 3848 3319 3917 quod
3363 3847 3600 3903 habebat

2021 3932 2349 4001 perdidisse,
2388 3949 2489 3989 nec
2515 3950 2636 3990 eam
2672 3951 2842 4004 quam
2873 3951 2980 3991 non
3008 3937 3240 3992 habebat
3271 3938 3596 3992 obtinuisse.

2016 4021 2135 4077 Jam
2177 4039 2307 4078 vero
2349 4025 2473 4094 quis
2506 4025 2888 4096 blasphemum
2930 4027 3082 4082 illum
3127 4028 3360 4083 tolerare
3391 4028 3601 4100 possit?

2017 4115 2151 4171 Nam
2183 4119 2229 4173 si
2259 4128 2516 4188 parentes
2555 4119 2699 4185 illos,
2739 4136 2769 4174 a
2793 4121 2990 4191 quibus
3029 4137 3230 4192 corpus
3261 4123 3596 4193 accepimus,

2019 4211 2088 4265 ab
2115 4211 2304 4281 aliquo
2329 4211 2664 4281 vituperatos
2697 4212 2889 4268 audire
2911 4228 3018 4267 non
3050 4228 3365 4284 possumus,
3389 4223 3600 4284 quanto

2015 4299 2070 4354 id
2106 4301 2287 4356 minus
2319 4300 2464 4356 ferre
2492 4301 2773 4368 debemus,
2813 4318 2938 4357 cum
2980 4303 3050 4358 ab
3085 4297 3474 4359 molesﬁSsimo
3504 4304 3598 4356 illo

2019 4391 2317 4447 Manichaco
2349 4392 2518 4447 Deum
2543 4394 2925 4449 universorum
2956 4393 3243 4450 Dominum
3274 4395 3453 4465 appeti
3482 4410 3597 4446 ma-

327 4486 534 4557 φημῶν
578 4485 679 4539 οὐκ
727 4484 1038 4556 αίσχύνεται
1094 4483 1346 4553 φάσκειν,
1399 4483 1472 4554 μὴ
1517 4485 1580 4536 ὲκ
1616 4481 1748 4535 Θεοῦ
1790 4482 1916 4546 τοὺς

2021 4482 2235 4538 lcdictis
2280 4484 2616 4540 audiemus?
2645 4482 2858 4539 Etenim
2880 4499 3005 4540 cum
3036 4500 3066 4540 a
3108 4485 3217 4541 Deo
3247 4501 3346 4558 pro
3384 4485 3598 4540 inﬁnita

325 4577 572 4650 ὄμϐρους
595 4573 758 4641 εἶναι,
790 4577 925 4630 ἀλλά
949 4574 1248 4646 ἀπορροίας
1279 4575 1575 4645 ἀρχόντων.

2030 4588 2129 4628 sua
2168 4574 2541 4630 misericordia
2580 4590 2644 4630 ac
2690 4577 2935 4632 bonitate
2970 4577 3173 4634 imbres
3211 4593 3243 4633 e
3289 4577 3428 4634 cmlo
3470 4577 3597 4631 mit-

325 4647 548 4735 tuntur,
595 4670 898 4725 maledicus
937 4668 1044 4724 iste
1088 4681 1199 4722 non
1232 4674 1454 4722 veretur
1482 4681 1512 4719 a
1551 4664 1660 4720 Deo
1705 4663 1909 4720 imbres
1948 4647 2069 4720 illos
2132 4683 2255 4722 esse
2322 4683 2539 4739 negare,
2577 4668 2671 4724 sed
2715 4685 2781 4724 ex
2824 4669 3134 4741 principum
3174 4673 3367 4726 asserit
3399 4667 3596 4739 proﬂu-

325 4769 422 4823 vio
450 4781 730 4821 manasse.

404 4886 422 4917 ¹
456 4882 587 4940 For.
614 4883 703 4938 ἴνα
733 4883 1039 4956 ἀποστήσῃ.

1134 4882 1157 4912 ³
1185 4879 1348 4937 Deest
1387 4893 1490 4933 vox
1516 4877 1838 4949 βουλόμενος
1865 4883 1961 4930 aut
1996 4889 2103 4930 vox
2130 4872 2349 4930 similis.

402 5003 520 5072 (ἠδ)
555 5001 708 5069 Ἤδη
749 4999 823 5054 δὲ
862 4995 1122 5068 ἀνδράσι
1163 4997 1472 5122 fabrilem.
1528 4994 1908 5050 Theodoretus
2003 4991 2291 5074 Origenem
2352 4990 2616 5072 adversus
2665 4989 3001 5046 Manichaeos
3059 4989 3418 5072 elucubrasse
3470 4988 3592 5070 .ali-

402 5074 657 5122 rimores.
718 5071 813 5122 nui
875 5069 1142 5122 adversus
1263 5069 1637 5122 anicbmorum
1701 5071 1908 5119 sectam
2003 5063 2134 5122 quid
2189 5061 2526 5122 Epiphanius
2580 5061 2835 5122 aﬂirmat,
2895 5071 3160 5122 temporis
3208 5067 3421 5114 ratione
3469 5073 3592 5122 Ipsa

323 5069 657 5142 scriptores,
718 5071 813 5141 qui
864 5069 1142 5142 adversus

1300 5058 1637 5122 nicbaeorum
1701 5071 1908 5119 sectam
2003 5058 2526 5132 quidriEpiph‘anius
2580 5061 2835 5132 amrmat,
2894 5061 3160 5132 temporis
3208 5060 3421 5132 ratione
3469 5058 3592 5128 ipsa

325 5127 762 5197 com'mentarios
812 5139 1126 5203 ediderunt,
1198 5146 1450 5193 recenset
1510 5137 1646 5191 istos
1680 5152 1693 5188 :
1729 5133 1910 5188 Titum
2007 5127 2574 5203 {Mellitum—Mortuus
2600 5131 2745 5186 enim
2770 5138 2855 5186 est
2881 5127 3147 5203 Origenes
3171 5129 3334 5203 annis
3380 5127 3583 5183 fere“

328 5211 728 5283 [jostrenorum
784 5211 1138 5283 episcopum,
1197 5206 1520 5283 Diodorum
1545 5204 1911 5283 _'l‘ars_e_nsem,

325 5280 630 5355 Georgium
653 5273 1019 5355 Laodicenum
1049 5278 1334 5355 Arianum,
1360 5275 1660 5355 Eusebium
1687 5273 1912 5355 Pbce‘ni-

324 5365 448 5424 cem
474 5342 500 5413 ’ί
513 5354 618 5406 hoc
639 5361 726 5406 est
753 5348 1126 5424 Emesegum).
1158 5347 1319 5424 011951
1361 5347 1430 5402 ad
1463 5344 1758 5424 Eusclﬂum
1791 5342 1914 5424 (ξὲεἷῗ

327 5412 636 5496 sariensem
683 5412 1339 5496 att_inet,_Socrates_lib._
1377 5433 1416 5480 ι,
1456 5431 1580 5496 cap.
1608 5414 1672 5496 1:1
1719 5412 1913 5496 scribit

322 5491 516 5562 jejune
566 5481 966 5562 admodumvin
1029 5485 1404 5562 Ecdesiastica
1438 5481 1912 5562 ΔΙιὶἑιονίαΛΜιιῐι-ίφ

325 5551 610 5616 ἒιῖωοτιιιη
659 5561 730 5617 ab
773 5560 866 5634 illo
899 5559 1233 5634 mentionem
1280 5572 1403 5634 esse
1433 5556 1657 5634 factam.
1685 5551 1804 5633 Qua
1838 5551 1912 5634 de

325 5646 498 5685 causa
545 5639 718 5685 totam
762 5630 884 5698 ejus
915 5629 1202 5685 historiam
1249 5643 1316 5698 ex
1374 5624 1910 5698 Archelai__scriptis

325 5701 558 5778 uberius
601 5693 844 5770 exponit.
879 5699 1060 5765 Quare
1095 5697 1382 5778 prmcipuo
1409 5697 1596 5778 aliquo
1615 5693 1758 5778 libro
1790 5693 1905 5778 hac:

326 5773 477 5828 resin
497 5771 661 5828 istam
674 5761 1035 5840 'oppugnasse
1059 5761 1588 5822 videtur-Eusebius.
1623 5762 1729 5817 Sed
1756 5761 1907 5832 quod

2006 5210 2298 5270 antequam
2319 5199 2745 5255 Manichaeorum
2768 5201 3090 5270 superstitio
3121 5201 3173 5254 in
3207 5200 3384 5252 lucem
3403 5213 3588 5270 emer-

2012 5268 2185 5343 geret.
2223 5268 2874 5348 _Siquidem,__grassa_nte
2939 5268 3145 5348 Severi
3184 5269 3588 5348 persecutione,

2015 5337 2163 5415 anno
2189 5337 2316 5410 ejus
2363 5337 2666 5410 imperii'x,
2695 5340 2788 5409 qui
2821 5349 2906 5395 est
2930 5354 3054 5394 mra:
3069 5337 3430 5415 _Dion_y_siana:
3457 5350 3591 5415 σου,

2009 5412 2190 5466 aetatis
2219 5407 2458 5480 'annum'
2480 5407 2736 5480 exegerat
2773 5426 2907 5475 xvn,
2959 5419 3020 5464 ut
3069 5407 3336 5480 Eusebius
3391 5408 3592 5480 asserit

2011 5481 2108 5536 lib.
2145 5495 2234 5555 vr,_
2253 5495 2376 5555 cap.
2409 5479 2463 5534 5.
2492 5477 2642 5555 ρὺῐὶι
2675 5495 2804 5534 vero
2834 5493 2983 5555 anno
3021 5478 3201 5532 aetatis
3232 5492 3398 5555 uix,‘
3419 5477 3592 5555 impc-

2006 5559 2167 5604 rante
2193 5544 2375 5613 Gallo,
2404 5549 2598 5605 eodem
2638 5559 2865 5604 auctore
2900 5549 2995 5603 lib.
3027 5564 3127 5612 vn,
3156 5563 3259 5617 cap
3291 5546 3342 5600 1.
3371 5544 3590 5600 Additis

2008 5622 2174 5691 igitur
2209 5621 2368 5674 annis
2393 5627 2598 5694 Lll,‘ul
2642 5635 2773 5694 usus
2817 5620 3447 5694 impleantur__mortuus
3503 5623 3592 5694 est

2005 5686 2132 5746 ira:
2165 5689 2477 5745 communis
2503 5704 2648 5746 anno
2674 5689 2803 5756 254,
2843 5686 2940 5745 diu
2990 5699 3116 5744 ante
3163 5686 3471 5741 Manichmm
3501 5687 3581 5736 l'a-

2005 5760 2206 5817 ctionis
2232 5767 2436 5814 ortum.
