4076 6392
435 311 506 368 67
1843 305 1902 362 S.
1941 303 2037 360 ΕΡ]

2138 300 2288 359 [AM]
3649 299 3722 358 68

509 425 672 484 XXII.
703 427 860 495 Quod
896 429 962 486 ad
1003 429 1213 502 reliqua
1246 429 1508 502 pertinet,
1531 431 1655 500 quis
1679 430 1733 485 in
1761 429 1848 485 his
1869 444 2023 485 com-

2195 426 2324 480 KB'.
2377 424 2458 478 Τὰ
2489 423 2544 477 δέ
2574 422 2708 478 ἄλλα
2741 423 2916 477 εἰπεῖν
2954 421 3038 486 τίς
3084 423 3184 476 ούκ
3232 422 3603 491 ἐκγελάσειεν,
3637 424 3716 488 ῶς

437 523 810 576 memorandis
853 522 1026 578 risum
1074 531 1278 586 teneat,
1320 539 1448 578 cum
1484 521 1830 578 Philistionis
1871 522 2025 577 mimi

437 611 687 670 ridiculis
730 615 877 671 illius
924 617 1087 687 nugis
1140 616 1314 687 magis
1357 631 1482 671 esse
1533 616 1662 671 serii
1693 614 2028 670 videantur?

435 703 683 761 Primum
735 710 879 763 enim
926 709 1119 764 nescio
1167 725 1330 780 quem
1373 709 1621 778 bajulum
1671 724 1794 764 esse
1835 707 2024 778 ﬁngit,

449 798 542 866 qui
571 806 776 854 terram
801 816 1020 856 omnem
1063 800 1183 856 suis
1213 801 1461 855 humeris
1497 806 1791 863 sustentet,
1831 815 1895 853 ac
1925 798 2027 854 tri-

442 888 650 943 cesimo
695 903 918 959 quoque
974 904 1156 958 anno,
1195 889 1481 944 laborante
1528 890 1702 943 altero
1759 888 2024 951 humero,

447 991 594 1032 onus
645 977 702 1032 in
755 978 987 1032 alterum
1029 977 1359 1046 transferat,
1412 979 1556 1035 unde
1628 986 1788 1035 terrae
1844 986 2026 1034 motus

448 1068 746 1126 exsistant.
775 1069 932 1136 Quod
956 1071 1002 1125 si
1026 1071 1079 1125 id
1102 1085 1292 1125 verum
1327 1080 1496 1136 esset,
1536 1072 1787 1126 naturale
1817 1071 1872 1124 id
1908 1085 2026 1124 om-

442 1161 577 1214 nino
607 1159 770 1225 l'oret,
806 1162 1142 1233 minimeque
1166 1162 1436 1218 divinum.
1477 1161 1582 1218 Sed
1621 1163 2023 1234 pmstigiarum

443 1251 708 1308 artiﬁcem
756 1252 1059 1310 Salvatoris
1110 1257 1397 1312 sententiae
1436 1257 1828 1319 condemnant,
1877 1259 2026 1312 velut

442 1359 568 1399 cum
617 1345 694 1400 ait
726 1367 741 1401 ι
778 1345 960 1401 Estote
1001 1349 1144 1414 boni,
1190 1352 1327 1404 sicut
1368 1350 1530 1404 Pater
1569 1361 1734 1405 vester
1763 1351 2021 1415 cmlestis,

446 1438 696 1507 quoniam
726 1440 860 1491 oriri
888 1439 1017 1508 facit
1040 1441 1205 1494 solem
1226 1459 1380 1495 suum
1421 1459 1572 1513 super
1593 1443 1771 1512 justas
1811 1455 1860 1497 et
1883 1444 2026 1514 inju-

441 1537 586 1590 stas;
641 1535 689 1582 et
733 1528 868 1596 pluit
912 1545 1072 1598 super
1110 1531 1279 1586 malos
1303 1543 1350 1585 et
1382 1531 1542 1588 bonos
1574 1537 1610 1587 '.
1649 1535 1777 1588 Item
1811 1555 1824 1591 :
1859 1535 2026 1589 Erunt

446 1627 600 1672 terrw
624 1629 796 1673 motus
819 1636 910 1687 per
936 1621 1074 1686 loca,
1103 1630 1152 1676 et
1175 1623 1363 1692 fames,
1391 1634 1441 1679 et
1470 1626 1770 1695 pestilentia
1796 1630 1837 1679 ².
1871 1627 2024 1693 Quod

441 1708 488 1764 si
522 1710 848 1765 naturaliter
875 1718 1041 1782 atque
1069 1713 1279 1768 usitato
1310 1729 1459 1770 more
1499 1725 1658 1770 terrae
1678 1727 1856 1771 motus
1879 1717 2026 1770 acci-

444 1799 578 1855 dere
599 1799 877 1866 dicantur,
913 1817 1036 1857 cum
1070 1805 1374 1874 saepissime
1403 1806 1574 1861 variis
1604 1806 1658 1860 in
1699 1806 1835 1861 locis
1877 1818 2021 1861 terra
2059 1789 2098 1845 Β

441 1891 742 1960 quatiatur,
789 1891 924 1948 adeo
965 1902 1024 1948 ut
1056 1910 1454 1966 nonnunquam
1502 1905 1616 1951 toto
1655 1909 1800 1951 anno
1833 1897 2024 1967 singu-

445 1980 624 2052 lisque
645 1984 900 2038 noctibus
923 1987 1142 2040 concuti
1168 1985 1436 2050 videatur,
1470 1994 1784 2042 utrumnam
1809 1987 2027 2056 bajulus

450 2071 544 2126 ille
575 2074 841 2130 sauciatis
871 2075 1118 2132 humeris
1153 2077 1358 2133 laboris
1392 2077 1684 2148 impatiens
1711 2081 2027 2134 continuam

449 2164 592 2219 hanc
613 2165 960 2237 agitationem
989 2168 1204 2223 eﬂicere
1231 2168 1496 2225 dicendus
1515 2168 1632 2226 est?
1657 2169 1792 2237 Quis
1822 2180 2028 2226 tantam

450 2253 805 2309 stoliditatem
843 2257 1146 2311 sustineat?
1171 2255 1310 2323 Quid
1334 2266 1513 2311 autem
1544 2257 1714 2321 aliud,
1734 2256 1880 2328 quod
1912 2271 2035 2327 pro-

449 2345 628 2400 babile
669 2345 970 2412 videretur,
1015 2363 1125 2401 non
1172 2363 1343 2403 ausus
1397 2357 1481 2404 est
1535 2348 1816 2404 asserere?
1868 2347 2035 2402 Docet

446 2437 594 2491 enim
629 2437 772 2492 inter
803 2446 1026 2504 cetera,
1059 2439 1294 2503 animas,
1325 2455 1446 2510 quae
1490 2438 1610 2496 falsi
1643 2439 1728 2495 sui
1763 2440 2037 2511 dogmatis

449 2528 681 2585 scicntia
726 2529 960 2600 perfusae
1011 2539 1161 2596 sunt,
1212 2533 1279 2586 ad
1322 2533 1566 2586 lunarem
1612 2532 1803 2588 orbem
1855 2529 2033 2597 evehi,

448 2635 574 2675 cum
606 2621 784 2676 lucida
815 2622 887 2676 sit
908 2624 1104 2678 animae
1138 2630 1352 2678 natura.
1383 2622 1557 2690 Quam
1579 2624 1650 2678 ob
1674 2638 1922 2688 causam,
1950 2623 2038 2676 in-

449 2711 590 2782 quit,
615 2712 774 2782 plena
795 2721 880 2768 est
911 2715 1048 2770 alias
1079 2715 1228 2781 luna,
1264 2715 1400 2769 alias
1439 2716 1561 2770 luce
1599 2715 1869 2785 privatur,
1895 2713 2042 2785 quod

451 2817 575 2858 eam
620 2805 816 2860 anima:
851 2807 1112 2877 repleam,
1144 2822 1265 2877 quae
1298 2807 1634 2862 inﬁdelitatis
1667 2807 1814 2860 illius
1852 2807 2039 2878 cogni-

465 2895 614 2950 tione
639 2896 882 2966 praeditze
907 2913 972 2952 ex
1007 2899 1108 2953 hac
1124 2901 1234 2954 vita
1261 2895 1819 2969 discesserimm
1841 2895 2047 2953 Deinde

451 2987 522 3042 ah
535 2991 663 3042 luna
682 2996 940 3058 tanquam
961 2990 1174 3045 minore
1189 2990 1407 3061 navigio
1421 2989 1640 3045 easdem
1652 2991 1939 3044 exonerari
1955 3005 2050 3060 pu-

451 3087 551 3146 tat,
572 3089 627 3136 et
664 3081 810 3136 intra
839 3083 1008 3136 solem
1040 3081 1230 3152 recipi,
1263 3089 1428 3152 atque
1461 3083 1516 3136 in
1549 3097 1725 3136 arvum
1757 3081 2040 3138 beatorum

450 3175 676 3246 exponi.
713 3173 1009 3229 Enimvero
1039 3174 1318 3229 obcaecata
1356 3187 1575 3243 semper
1621 3173 1828 3229 malitia
1861 3173 2038 3243 pudo-

454 3281 569 3322 rem
586 3282 747 3324 suum
783 3266 1248 3338 ignominiamque
1280 3280 1392 3321 non
1412 3265 1600 3332 sentit,
1635 3265 1882 3334 adeoque
1908 3254 2042 3335 ipsis

453 3359 571 3414 suis
609 3360 796 3416 verbis
824 3359 1194 3426 convincitur,
1230 3373 1358 3413 cum
1389 3358 1681 3414 mendacia
1713 3373 1813 3413 sua
1842 3358 2042 3428 proba-

453 3451 619 3508 bilem
658 3451 898 3522 aliquam
943 3451 1012 3506 ad
1052 3451 1319 3506 rationem
1367 3450 1689 3521 exitumque
1743 3450 2042 3521 perducere

454 3552 714 3616 nequeat.

428 3627 439 3638 ’
526 3633 712 3688 XXlll.
744 3632 804 3688 In
855 3634 1047 3704 primis
1099 3634 1244 3689 enim
1283 3649 1428 3689 unus
1463 3633 1627 3688 homo
1651 3630 1924 3687 formatus
1953 3642 2042 3688 est

455 3724 722 3790 Adamus,
775 3740 808 3778 a
851 3741 962 3795 quo
1020 3726 1306 3795 utriusque
1351 3740 1517 3780 sexus
1563 3723 1720 3780 liberi
1756 3725 2041 3796 propagati

455 3823 606 3872 sunt.
645 3813 784 3870 Tum
806 3815 910 3871 sub
937 3815 1125 3870 mundi
1157 3816 1397 3878 initium,
1427 3829 1571 3868 anno
1600 3815 1821 3871 circiter
1844 3815 2041 3869 Adami

455 3909 782 3974 centesimo,
826 3909 959 3963 Abel
1006 3907 1331 3964 interfectus
1368 3916 1474 3972 est,
1507 3924 1684 3963 annos
1731 3920 1890 3965 natus
1930 3910 2043 3965 fere

457 4000 707 4069 triginta.
749 3998 879 4054 Post
913 3999 1082 4064 hunc,
1131 3999 1223 4070 qui
1281 4000 1493 4069 primus
1533 4001 1777 4054 omnium
1819 4001 2042 4056 occisus

455 4098 563 4159 est,
597 4091 810 4160 primus
837 4106 1037 4160 parens
1078 4091 1321 4145 Adamus
1354 4093 1406 4144 in
1444 4100 1590 4146 terra
1632 4091 1868 4144 moritur
1896 4106 2042 4146 anno

457 4183 872 4254 nongentesimo
893 4183 1194 4246 tricesimo,
1228 4198 1352 4236 cum
1382 4183 1494 4253 jam
1527 4182 1608 4236 sol
1637 4191 1690 4237 et
1718 4183 1868 4247 luna,
1913 4183 2044 4238 stel-

459 4277 634 4346 lasque
674 4283 887 4330 caeteras
915 4282 1118 4345 quarto
1151 4274 1241 4330 die
1276 4276 1332 4330 in
1368 4275 1507 4330 cmlo
1535 4276 1710 4330 deﬁxa
1749 4278 2044 4347 producta-

457 4385 566 4441 que
582 4367 840 4434 fuissent.
861 4367 1002 4434 Quid
1035 4369 1224 4438 igitur,
1258 4368 1330 4422 mi
1354 4368 1539 4430 homo,
1571 4368 1775 4422 dicturi
1811 4371 2044 4424 sumus?

2127 519 2268 589 τάχα
2303 516 2374 570 τὰ
2407 515 2500 569 τοῦ
2549 515 2896 578 Φιλιστίωνος
2947 509 3088 568 εἶναι
3134 511 3604 586 ἀναγκαιότεραῆ
3649 516 3718 568 τὰ

2125 611 2226 681 τῆς
2249 611 2439 662 τούτου
2485 607 2844 678 μιμολογίας;
2895 608 3197 678 Ὠμοφόρον
3246 606 3355 678 γὰρ
3407 607 3721 677 μυθοποιῶν

2126 700 2367 754 διδάσκει
2399 696 2739 769 βαστάζοντα
2767 697 2868 768 τὴν
2907 697 3014 768 γῆν
3048 698 3250 762 πᾶσαν,
3298 697 3394 750 καὶ
3428 696 3519 749 διὰ
3559 697 3718 762 ἐτῶν,

2129 789 2285 861 φησι,
2313 789 2608 860 τριάκοντα
2633 788 2932 859 κάμνοντος
2958 786 3054 840 τοῦ
3075 787 3251 859 ὤμου,
3290 789 3616 860 μεταφέρειν
3641 790 3722 850 εἰς

2126 881 2218 935 τὸν
2245 882 2432 953 ἕτερον
2460 874 2634 952 ὦμον,
2679 880 2807 944 τοὺς
2830 880 2850 912 ³
2886 881 3146 951 σεισμοὺς
3179 881 3444 949 γίνεσθαι.
3487 882 3550 934 Ei
3577 880 3634 933 δέ
3653 876 3723 950 ἦν

2126 973 2310 1038 τοῦτο,
2368 973 2514 1027 κατὰ
2565 972 2727 1041 φύσιν
2767 969 2836 1045 ἦν
2878 972 2941 1025 τὸ
2987 974 3244 1044 πρᾶγμα,
3301 973 3396 1026 καὶ
3431 973 3614 1026 οὐκέτι
3651 969 3722 1044 ἦν

2131 1065 2445 1120 θεσπέσιον.
2488 1064 2802 1136 Ἐλέγχουσι
2837 1065 2895 1118 δέ
2931 1065 3023 1118 τὸν
3056 1066 3229 1136 γόητα
3265 1067 3314 1118 oi
3348 1064 3442 1117 τοῦ
3468 1065 3723 1136 Σωτῆρος

2129 1157 2300 1227 λόγοι,
2331 1156 2408 1221 ὡς
2445 1157 2580 1228 ἐφη⁸
2608 1159 2862 1212 Γίνεσθε
2889 1156 3119 1226 ἀγαθοὶ,
3156 1157 3238 1222 ὡς
3261 1160 3296 1210 ό
3323 1156 3528 1224 Πατὴρ
3554 1156 3723 1225 ὑμῶν

2127 1254 2162 1305 ό
2186 1250 2485 1320 οὐράνιος·
2538 1249 2630 1304 ὅτι
2672 1250 2994 1306 ἀνατέλλει
3037 1249 3144 1302 τὸν
3184 1249 3368 1315 ἥλιον
3405 1250 3592 1302 αὑτοῦ
3622 1249 3724 1301 ἐπὶ

2127 1344 2390 1409 δικαίους
2453 1341 2550 1397 καὶ
2610 1341 2882 1409 ἀδίκους,
2955 1342 3053 1396 καὶ
3099 1341 3309 1410 βρέχει
3373 1340 3560 1395 αὐτοῦ
3614 1341 3724 1394 τὸν

2127 1437 2306 1492 ὑετὸν
2331 1437 2431 1490 ἐπὶ
2471 1436 2776 1504 πονηροὺς
2805 1435 2906 1488 καὶ
2946 1436 3227 1504 ἀγαθούς·
3275 1435 3367 1487 καὶ
3394 1435 3473 1500 τὸ,
3511 1435 3725 1486 Ἔσον-

2127 1545 2222 1584 ται
2250 1529 2490 1600 σεισμοὶ
2524 1529 2676 1583 κατὰ
2725 1530 2930 1591 τόπον,
2975 1529 3071 1581 καὶ
3107 1527 3290 1597 λιμοί,
3348 1525 3446 1579 καὶ
3499 1527 3719 1594 λοι-μοί.

2129 1623 2192 1676 Ei
2224 1621 2282 1675 δὲ
2327 1624 2391 1676 ἐκ
2429 1621 2665 1690 φύσεως,
2703 1621 2736 1692 ἢ
2777 1620 2921 1674 κατὰ
2955 1618 3242 1690 συνήθειαν
3267 1617 3377 1689 (36)
3421 1619 3468 1669 oi
3511 1617 3726 1686 σεισμοὶ

2129 1714 2426 1783 ἐγίγνοντο,
2481 1713 2742 1777 πολλάκις
2793 1709 2906 1777 οὖν,
2947 1712 3078 1766 ὃτεδ
3115 1711 3328 1782 σεισμοὶ
3371 1708 3509 1763 κατὰ
3541 1709 3724 1780 χώραν

2127 1807 2432 1876 γίγνονται,
2499 1805 2696 1877 συνέϐη
2751 1805 2854 1877 (δέ)
2907 1806 3001 1858 καὶ
3053 1805 3141 1856 ἐπ’
3202 1801 3445 1857 ἐνιαυτὸν
3503 1801 3723 1870 ὁλοτελῆ

2127 1898 2248 1952 καθ’
2295 1898 2532 1968 ἑκάστην
2584 1897 2756 1951 νύκτα
2809 1896 3067 1959 πολλάκις
3111 1894 3432 1949 σαλεύεσθαι
3473 1894 3570 1962 τὴν
3595 1894 3721 1962 γῆν.

2127 1984 2277 2061 Ἀρά
2328 1988 2380 2058 γ’
2440 1984 2534 2044 οὖν
2589 1986 3092 2060 τραυματωθέντων
3146 1985 3254 2040 τῶν
3309 1985 3405 2040 τοῦ
3434 1985 3723 2057 ὠμοφόρου

2129 2077 2331 2150 ὤμων,
2397 2080 2754 2151 ἀφερεπόνως
2815 2078 3006 2148 ἄγεται
3087 2077 3337 2149 ἐνδελεχῆ
3407 2077 3725 2148 ποιούμενος

2130 2171 2222 2224 τὸν
2260 2171 2455 2237 σάλον;
2502 2171 2612 2224 Καὶ
2671 2171 2756 2234 τίς
2797 2170 3043 2237 ἀνέξεται
3081 2169 3183 2241 τῆς
3234 2165 3492 2239 τοιαύτης
3543 2186 3725 2240 μωρο-

2133 2263 2354 2332 λογίας;
2392 2263 2456 2317 Τί
2493 2263 2552 2316 δέ
2591 2262 2718 2318 ἄλλο
2775 2262 3002 2316 πιθανὸν
3039 2262 3140 2315 ούκ
3194 2261 3493 2332 ἐτόλμησεν
3521 2263 3724 2325 είπείν;

2134 2354 2338 2408 Φάσκει
2369 2355 2478 2426 γὰρ
2503 2356 2532 2407 ὁ
2559 2353 2821 2418 τοιοῦτος,
2858 2355 2964 2419 ὅτι,
2996 2357 3151 2426 φησὶ,
3182 2353 3282 2416 τὰς
3310 2355 3367 2406 ἐν
3394 2351 3594 2421 γνώσει
3628 2353 3727 2423 τῆς

2137 2444 2304 2499 αὐτοῦ
2340 2444 2548 2515 πλάνης
2590 2444 2768 2515 ψυχὰς
2803 2445 3100 2516 γενομένας
3134 2443 3613 2515 ἀναλαμϐάνεσθαι
3649 2445 3727 2504 είς

2139 2541 2237 2611 τὴν
2270 2539 2522 2611 σελήνην,
2565 2539 2832 2610 φωτεινῆς
2873 2538 3062 2603 οὐσίας
3098 2538 3196 2610 τῆς
3233 2537 3415 2608 ψυχῆς
3452 2535 3729 2607 ὑπαρχού-

2143 2648 2263 2703 σης.
2289 2632 2400 2696 Διὸ,
2424 2630 2580 2704 ιρησὶ,
2608 2631 2805 2703 πλήθει
2835 2633 2868 2702 ή
2899 2629 3121 2702 σελήνη,
3153 2631 3244 2684 καὶ
3269 2629 3468 2699 φθίνει,
3493 2629 3729 2700 πληρου-

2147 2723 2281 2795 μένη
2310 2723 2419 2778 ἀπὸ
2446 2724 2554 2778 τῶν
2579 2723 2768 2794 ψυχῶν
2799 2722 2907 2776 τῶν
2935 2721 3282 2775 τελευτωσῶν
3308 2722 3366 2774 ἐν
3400 2718 3599 2790 γνώσει
3630 2719 3727 2788 τῆς

2144 2815 2402 2879 ἀπιστίας
2431 2816 2617 2887 αὐτῆς.
2655 2811 2810 2881 Εἶτα,
2844 2814 2999 2887 φησι,
3041 2811 3451 2884 άπογομοῦσθαι
3489 2812 3597 2864 ἀπὸ
3631 2811 3728 2880 τῆς

2148 2908 2376 2980 σελήνης
2407 2907 2502 2961 τοῦ
2538 2907 2868 2980 μικροτέρου
2896 2907 3030 2978 φησὶ
3061 2906 3322 2975 σκάφους,
3357 2905 3436 2968 είς
3464 2905 3555 2957 τὸν
3579 2903 3728 2974 ἥλιον

2147 2999 2205 3052 δέ
2238 2999 2709 3072 παραλαμϐάνειν,
2745 3000 2839 3053 καὶ
2869 2996 3219 3054 ἀποτίθεσθαι
3254 2999 3334 3060 είς
3356 2996 3446 3049 τὸν
3475 2996 3585 3049 τῶν
3623 3013 3727 3066 μα-

2150 3093 2337 3164 κάρων
2374 3091 2567 3155 αίῶνα,
2601 3091 2786 3164 φησίν.
2837 3091 2948 3145 “Ast
2989 3091 3046 3147 δέ
3091 3089 3266 3163 τυφλὴ
3311 3088 3653 3161 τυγχάνουσα
3689 3090 3727 3162 ή

2144 3186 2334 3249 κακία,
2366 3185 2466 3255 τὴν
2496 3186 2696 3255 ἑαυτῆς
2723 3183 2986 3255 αἰσχύνην
3019 3185 3226 3253 ἀγνοεῖ,
3261 3185 3337 3246 ὡς
3364 3183 3472 3236 ἀπὸ
3504 3183 3612 3236 τῶν
3637 3182 3724 3234 λό-

2142 3292 2256 3344 γων
2293 3276 2467 3346 αὐτῆς
2515 3276 2812 3346 ἐλέγχεται,
2858 3275 2934 3346 μὴ
2979 3274 3251 3346 δυναμένη
3300 3273 3584 3328 τελειῶσαι
3621 3273 3728 3327 τῶν

2141 3367 2471 3439 ψευσμάτων
2496 3369 2594 3438 τὴν
2615 3367 2915 3423 τελείωσιν.

2214 3631 2340 3685 K1".
2377 3629 2602 3703 Πρῶτον
2627 3629 2728 3700 μέν
2759 3629 2868 3702 γὰρ
2895 3629 2975 3683 ὅτι
3001 3623 3082 3694 εἷς
3102 3629 3392 3702 ἄνθρωπος
3416 3629 3726 3684 πέπλασται

2142 3723 2170 3776 ὁ
2207 3723 2397 3794 Ἀδάμ,
2433 3722 2492 3790 ἐξ
2529 3715 2700 3794 οὗπερ
2735 3721 3094 3792 γεγέννηνται
3134 3722 3239 3775 υἱοί
3271 3740 3329 3775 τε
3366 3724 3459 3776 καὶ
3492 3723 3727 3791 θυγατέ-

2147 3830 2257 3886 ρες’
2302 3816 2361 3867 ἐν
2403 3816 2469 3885 τῇ
2517 3814 2658 3886 ἀρχῇ
2701 3813 2756 3867 δὲ
2801 3817 2902 3885 τῆς
2949 3815 3309 3885 κοσμοποιίας
3335 3815 3449 3885 (27)
3495 3812 3626 3888 περὶ
3668 3817 3730 3869 τὸ

2142 3906 2374 3958 ἕκαστον
2409 3905 2528 3969 ἐτος
2559 3904 2652 3958 τοῦ
2697 3905 2890 3976 Ἀδὰμ,
2937 3906 3107 3959 πλείω
3144 3907 3376 3970 ἐλάσσω,
3413 3908 3731 3961 ἀποκτείνε-

2142 4016 2231 4052 ται
2268 3997 2455 4066 Ἅϐελ,
2488 3997 2564 4061 ῶς
2592 3997 2728 4051 ἐτῶν
2755 3998 3002 4072 ὑπάρξας
3027 3999 3092 4062 λ’,
3121 3998 3290 4052 πλείω
3317 3999 3548 4054 ἐλάσσω.
3574 3999 3731 4054 Μετὰ

2142 4089 2329 4143 τοῦτον
2350 4089 2440 4142 τὸν
2469 4091 2685 4162 πρῶτον
2705 4090 3116 4144 ἁποκτανθέντα
3137 4091 3366 4163 τελευτᾷ
3385 4091 3478 4144 ἐπὶ
3505 4091 3604 4161 τῆς
3629 4092 3731 4162 γῆς

2145 4183 2173 4234 ὁ
2212 4181 2382 4253 Ἀδὰμ
2407 4185 2435 4235 ὁ
2463 4183 2889 4255 πρωτόπλαστος
2915 4183 2981 4236 δι’
3009 4183 3144 4236 ἐτῶν
3171 4183 3282 4251 ῇλκ
3313 4183 3407 4237 τοῦ
3446 4184 3599 4256 ἡλίου
3635 4176 3732 4237 καὶ

2144 4274 2244 4344 τῆς
2276 4275 2504 4347 σελήνης
2536 4277 2630 4330 καὶ
2665 4275 2774 4329 τῶν
2813 4276 3029 4347 ἄστρων
3061 4276 3170 4330 ἀπὸ
3209 4278 3475 4348 τετάρτης
3517 4277 3731 4348 ἡμέρας

2145 4364 2203 4416 ἐν
2227 4363 2440 4436 οὐρανῷ
2479 4364 2794 4436 πηχθέντων
2829 4365 2922 4418 καὶ
2955 4364 3301 4420 κτισθέντων.
3344 4365 3408 4418 Τί
3436 4362 3528 4419 οὖν
3560 4369 3729 4419 εῐπω-

457 4461 650 4518 Nonne
674 4461 892 4517 tandem
909 4462 1214 4515 convictam
1238 4477 1361 4516 esse
1391 4461 1746 4515 stoliditatem
1774 4472 1922 4515 tuam
1958 4464 2037 4516 fa-

2150 4475 2272 4528 μεν,
2319 4451 2365 4511 ὧ
2413 4452 2594 4522 οὗτοςς
2641 4457 3080 4529 Ὀμολογήσομεν
3127 4456 3218 4511 τὸν
3264 4459 3363 4529 τῆς
3398 4458 3585 4523 ἀνοίας
3634 4476 3729 4513 σου

459 4553 942 4610 tebimur?iierine
971 4553 1116 4607 enim
1164 4553 1337 4622 potuit
1389 4553 1521 4607 totis
1554 4562 1612 4607 ut
1653 4554 1943 4622 nongentis
1973 4569 2039 4610 ac

462 4647 682 4717 triginta
711 4647 870 4700 annis
911 4661 1010 4699 uec
1053 4646 1375 4714 impleretur
1419 4645 1568 4708 luna,
1620 4661 1798 4715 neque
1851 4645 2042 4703 decre-

461 4737 670 4792 sceret?
690 4735 1028 4804 Quibusnam
1070 4745 1250 4791 autem
1292 4737 1492 4792 animis
1527 4745 1651 4807 post
1686 4746 1915 4793 mortem
1955 4755 2042 4796 re-

465 4829 598 4884 ferta
629 4843 752 4883 esse
783 4829 910 4881 luna
954 4837 1014 4880 ut
1061 4828 1380 4896 impleretur
1429 4829 1648 4897 potuit?
1698 4829 1787 4883 dic
1810 4868 1825 4892 ,
1854 4829 2035 4885 sodes.

462 4919 728 4974 Nimirum
754 4919 857 4973 hoc
881 4918 1210 4976 Maniclueus
1243 4920 1558 4991 ignorabat;
1599 4937 1720 4976 esse
1741 4921 2040 4991 prudentes

463 5013 676 5084 aliquos
707 5013 798 5085 qui
836 5029 944 5067 non
983 5013 1241 5068 inanibus
1292 5015 1615 5077 mendaciis,
1654 5014 1751 5068 sed
1789 5015 2040 5071 certissi-

530 5195 548 5226 ί
581 5191 774 5248 Matth.
806 5210 857 5257 ν,
888 5193 978 5248 45.

535 5373 645 5447 (26)
680 5375 750 5428 El
790 5374 858 5427 δὲ
911 5375 979 5427 ἐκ
1034 5374 1277 5447 φύσεως
1311 5415 1325 5440 ,
1383 5373 1421 5441 ἢ
1484 5373 1632 5447 κατὰ
1694 5371 2049 5447 συνήθειαν.

463 5443 650 5500 Terrae
699 5456 882 5499 motus
931 5445 1279 5498 naturalibus
1335 5458 1402 5498 ex
1454 5445 1640 5497 causis
1694 5443 1828 5496 oriri
1884 5443 2051 5497 nimis

467 5513 751 5598 ίδιωτικῶς
785 5531 980 5586 negare
995 5516 1229 5569 videtur.
1252 5513 1408 5580 Quod
1436 5524 1491 5570 et
1517 5511 1661 5585 apud
1693 5511 2045 5568 Philas-trium

465 5587 797 5726 “wish
826 5655 900 5725 τῇ
928 5655 1084 5725 ἀρχῇ
1107 5655 1174 5709 δὲ
1196 5653 1306 5722 τῆς
1327 5656 1741 5726 κοσμοποιίας.
1761 5653 1884 5721 Quo
1905 5668 2050 5726 anno

467 5725 591 5796 poSt
637 5727 826 5783 orbem
871 5731 1150 5784 conditum
1207 5726 1437 5783 Abelum
1496 5725 1741 5782 Adamns
1776 5725 2050 5797 genuerit,

1059 5196 1078 5225 ²
1106 5191 1273 5246 Marc.
1300 5209 1419 5256 xm,
1447 5193 1514 5258 8;
1559 5203 1612 5248 et
1645 5193 1833 5248 Matth.
1872 5210 2021 5263 xxiv,
2053 5195 2106 5247 7.

2145 4550 2399 4621 ἐλεγχον;
2435 4550 2558 4614 Πῶς
2592 4550 2701 4622 γὰρ
2733 4549 2965 4620 ἠδύνατο
2999 4551 3289 4606 ἐννακόσια
3317 4551 3609 4624 τριάκοντα
3635 4553 3730 4624 ἐτη

2146 4642 2402 4712 γενέσθαι
2447 4642 2576 4696 ἄνευ
2623 4641 2718 4697 τοῦ
2782 4643 2991 4713 φθίνειν
3040 4644 3271 4715 σελήνην
3323 4645 3420 4697 καὶ
3473 4644 3729 4716 πλήθειν;

2146 4735 2323 4789 Ποίων
2367 4736 2545 4789 τοίνυν
2587 4734 2777 4806 ψυχῶν
2826 4735 3236 4806 τελευτησασῶν
3280 4739 3650 4809 ἐνεπίμπλατο
3694 4743 3728 4812 ἡ

2150 4828 2347 4900 σελήνη
2379 4829 2472 4882 καὶ
2493 4827 2828 4899 ἐπληροῦτο;
2853 4825 3000 4897 λέγε.
3037 4827 3174 4881 Ἀλλ’
3199 4830 3381 4898 ἠγνόει
3406 4831 3729 4900 Μανιχαῖος,

2144 4921 2226 4973 ὃτι
2258 4921 2368 4973 εἰσὶ
2400 4923 2630 4986 συνετοὶ,
2664 4921 2725 4974 ού
2767 4921 2948 4990 λόγοις
2982 4921 3200 4974 ψευδέσι
3229 4923 3563 4994 πειθόμενοι,
3595 4923 3732 4978 ἀλλὰ

2145 5013 2542 5086 ἀληθεστάταις
2571 5013 2928 5078 ἀποδείξεσιν.
2956 5010 3089 5067 Εἶτα
3125 5010 3182 5068 δέ
3209 5013 3409 5086 δῶμεν,
3443 5016 3524 5068 ὅτι
3561 5015 3734 5081 οὕτως

2187 5194 2206 5224 ³
2241 5194 2372 5266 Leg.
2406 5195 2499 5249 καὶ
2523 5194 2666 5249 οὕτω
2695 5195 2844 5258 τούς.
2923 5195 2944 5226 ⁸
2983 5193 3122 5248 F.0i’
3147 5212 3228 5248 τε.

2153 5371 2371 5444 Moyses
2400 5373 2590 5426 tacuit.
2621 5369 2723 5425 Hic
2757 5371 3225 5444 annocentesimo
3250 5377 3478 5444 necatus
3508 5369 3733 5434 dicitur,

2151 5441 2275 5499 cum
2316 5443 2495 5498 altatis
2519 5450 2705 5513 ageret
2735 5457 2862 5507 xxx.
2896 5441 3055 5498 Unde
3084 5457 3200 5513 Lxx
3220 5442 3440 5496 circiter
3463 5455 3606 5513 annp
3633 5457 3734 5493 na-

2151 5521 2265 5566 tum
2306 5509 2578 5584 OportuitI
2609 5513 2715 5584 Sed
2752 5514 2867 5566 haec
2904 5527 3056 5584 mera
3094 5512 3359 5584 divinatio
3408 5521 3514 5566 est.
3563 5509 3737 5565 Porro

2151 5582 2464 5709 ἐκῗιτοστόν,
2494 5599 2593 5656 pro
2620 5582 2852 5638 ἕκαστον
2866 5583 3266 5640 emendandum
3295 5597 3417 5639 esse
3443 5596 3603 5638 nemo
3625 5595 3737 5636 non

2151 5671 2225 5709 vn
2244 5663 2318 5709 et.

2151 5656 2318 5710 videt.
