4076 6392
357 331 431 389 69
1010 329 1382 388 ADVERSUS
1420 329 1764 386 {UERESES
1800 328 1932 387 LIB.

2078 329 2248 389 'TOM.
2289 331 2427 386 ll.-—
2479 330 2754 388 HERES.
2785 330 2972 387 LXVI.
3556 333 3626 389 ’10

354 441 529 507 ἐστὶν,
559 442 694 513 ὅπερ
729 443 829 494 οὐκ
874 443 1004 507 ἔστι,
1039 443 1113 513 μὴ
1143 443 1389 510 γένοιτοί
1423 443 1518 496 καὶ
1553 445 1662 496 ἀπὸ
1697 443 1809 497 τῶν
1836 443 1942 512 ψυ-

2065 446 2153 500 nis
2181 446 2744 503 demonstrationibus
2782 446 3126 502 adducantur
3149 451 3208 498 ut
3245 444 3490 504 credant.
3519 445 3625 503 Ve-

355 532 471 604 χῶν
488 532 601 586 τῶν
625 532 945 602 Μανιχαίων
965 532 1250 602 γεμίζεται
1270 532 1626 604 πληρουμένη
1655 536 1688 604 ἡ
1721 535 1942 604 σελήνη·

356 625 477 688 πῶς
524 625 606 677 ἔτι
651 625 1050 694 συσταθήσεται
1087 626 1120 694 ἡ
1156 625 1378 696 τοιαύτη
1411 625 1702 690 ὑπόθεσις;
1739 628 1801 678 Et
1839 626 1948 696 γάρ

354 719 533 781 οὐδεὶς
567 716 708 789 μετά
738 716 838 788 τὴν
868 715 1358 787 πεντεκαιδεκάτην
1395 717 1606 788 ἡμέραν
1645 717 1745 786 τῆς
1788 717 1948 788 σελή-

354 827 457 880 νης
503 809 826 880 Μανιχαίων
874 808 1150 873 ἐτελεύτα,
1199 809 1336 862 ἀλλά
1381 807 1692 880 προθεσμία
1717 805 1785 880 ἦν
1815 809 1948 882 ὡρι-

362 901 537 972 σμένη
572 901 678 966 ἓως
710 900 1206 971 πεντεκαιδεκάτης
1237 901 1338 971 τῆς
1366 900 1596 972 σελήνης
1619 903 1748 965 τοὺς
1771 902 1949 955 Μανι-

361 996 557 1066 χαίους
585 993 971 1064 ἀποθνήσκειν,
1001 992 1140 1063 μετά
1161 993 1217 1045 δὲ
1241 993 1731 1064 πεντεκαιδεκάτην
1753 994 1950 1064 μηκέτι

333 1087 648 1157 ,τελεωτᾷῆ
700 1086 805 1149 ἕως
843 1085 1080 1156 ἀποτεθῇ
1121 1086 1149 1137 6
1188 1084 1289 1155 τῆς
1337 1085 1570 1157 σελήνης
1613 1086 1832 1157 φόρτος,
1863 1087 1951 1139 ἵνα

362 1179 603 1250 ἄρξηται
641 1176 802 1231 πάλιν
843 1176 953 1230 ἀπὸ
984 1175 1276 1247 νεομηνίας
1308 1174 1536 1246 γομοῦν·
1579 1176 1804 1230 πιθανὸν
1843 1177 1952 1248 ἄρα

358 1266 431 1340 ἦν
461 1271 523 1324 τὸ
549 1269 774 1341 ψεῦσμα
799 1269 906 1322 τῶν
928 1267 1129 1321 αὐτῶν.
1153 1265 1270 1321 Νῦν
1298 1266 1356 1318 δὲ
1386 1267 1482 1320 καὶ
1501 1267 1788 1323 ἀπίθανον.
1811 1268 1951 1322 Καθ’

358 1363 582 1433 ἡμέραν
604 1361 716 1432 γὰρ
743 1360 1061 1424 τελευτῶσι,
1087 1361 1183 1413 καὶ
1205 1360 1273 1414 τά
1304 1360 1589 1432 ὡρισμένα
1619 1363 1858 1432 στοιχεῖα
1887 1362 1953 1414 ἐκ

359 1453 501 1506 Θεοῦ
529 1453 622 1507 τὸν
655 1453 787 1506 ῐδιον
813 1453 1138 1506 ἐπίστανται
1161 1453 1384 1524 δρόμον.
1411 1454 1523 1506 Καὶ
1549 1453 1712 1507 πάλιν
1739 1454 1799 1506 οὐ
1827 1470 1954 1506 στα·-

362 1545 591 1614 θήσεται
623 1547 652 1599 ὁ
686 1545 813 1618 περὶ
851 1544 961 1598 τῶν
1001 1543 1191 1615 ψυχῶν
1233 1548 1295 1599 ἐν
1333 1547 1399 1616 τῇ
1435 1545 1636 1619 σελήνῃ
1663 1545 1955 1615 γενόμενος

360 1636 431 1703 γό
440 1653 560 1700 uos.

2050 553 2172 592 rum
2205 538 2398 594 demus
2423 541 2497 593 ita
2531 557 2652 596 sese
2673 556 2790 596 rem
2830 539 3056 604 habere,
3081 536 3227 608 quod
3259 543 3443 591 tamen
3466 537 3628 610 longe

2069 629 2226 683 aliter
2255 644 2314 684 se
2357 629 2549 697 habet;
2597 645 2660 685 ac
2699 629 3122 684 Manichaeorum
3161 626 3360 681 animis
3404 629 3626 683 onerari

2067 719 2435 790 complerique
2471 721 2678 786 lunam,
2712 723 2806 793 qui
2838 721 3053 776 tandem
3085 719 3395 774 istiusmodi
3425 719 3625 790 dogma

2063 811 2364 866 consistet?
2390 811 2526 866 Nam
2555 814 2604 867 si
2645 811 3067 868 Manichaeorum
3107 811 3289 866 nullas
3337 826 3368 864 a
3413 811 3628 866 decimo

2051 901 2246 970 quinto
2279 904 2422 958 luna:
2450 903 2539 959 die
2567 912 2892 969 moreretur,
2920 904 3013 959 sed
3033 903 3356 974 praeﬁnitum
3383 902 3514 957 illud
3536 917 3626 958 es-

2050 997 2133 1045 set
2177 993 2457 1062 spatium,
2483 1001 2544 1048 ut
2588 995 2656 1049 ad
2701 995 2843 1050 lunae
2877 994 3149 1049 decimum
3199 994 3451 1064 quintum
3483 993 3628 1048 diem

2059 1082 2341 1138 Manichzei
2372 1097 2439 1139 ex
2469 1084 2573 1139 hac
2595 1085 2705 1140 vita
2738 1085 3113 1152 discederent,
3159 1093 3284 1156 post
3306 1086 3454 1140 hunc
3481 1084 3625 1140 diem

2052 1191 2214 1233 nemo
2239 1176 2472 1246 amplius
2501 1176 2699 1240 obiret,
2733 1175 2906 1232 donec
2935 1177 3079 1232 luna:
3107 1193 3250 1232 onus
3282 1184 3431 1232 esset
3459 1190 3626 1246 expo-

2053 1268 2216 1323 situm
2267 1281 2432 1329 nova,
2463 1275 2524 1321 ut
2563 1267 2778 1321 onerari
2812 1281 3006 1322 rursus
3050 1267 3336 1337 inciperet,
3380 1267 3633 1321 nonnihil

2053 1368 2114 1415 ut
2163 1360 2220 1414 in
2255 1357 2545 1415 mendacio
2586 1358 2991 1428 probabilitati:
3022 1359 3248 1415 inesset.
3295 1357 3414 1414 Non
3447 1367 3627 1415 autem

2052 1453 2215 1522 plane
2235 1461 2320 1507 est
2345 1451 2494 1506 istud
2520 1450 2844 1514 absurdum,
2870 1451 3101 1521 singulis
3135 1451 3281 1505 enim
3314 1449 3509 1506 diebus
3537 1465 3632 1506 oc—

2055 1541 2270 1605 cidunt,
2297 1549 2352 1595 et
2379 1556 2502 1612 quae
2522 1555 2553 1594 a
2575 1541 2686 1597 Deo
2715 1540 3018 1596 constituta
3060 1548 3189 1595 sun'.
3220 1539 3484 1596 elementa
3505 1557 3634 1596 cur.

2055 1648 2176 1687 sum
2212 1647 2372 1687 suum
2416 1641 2621 1688 tenent.
2657 1632 2839 1698 Quare
2869 1632 3176 1686 animarum
3226 1647 3367 1686 onus
3409 1633 3544 1694 illud
3576 1634 3633 1690 in

2054 1723 2243 1776 lunam
2274 1723 2592 1792 impositum
2623 1723 2850 1780 minime
2875 1724 3164 1781 consistet.

437 1810 564 1862 KA'.
605 1807 708 1862 Καί
752 1825 897 1872 τινες
940 1808 1040 1880 μὲν
1079 1809 1260 1864 αὐτῶν
1290 1810 1452 1864 πάλιν
1493 1809 1774 1880 βούλονται
1812 1811 1958 1866 κατά

2129 1812 2319 1868 XXIV.
2355 1789 2621 1870 Caeterum
2669 1815 2809 1870 inter
2857 1816 2982 1871 illos
3026 1813 3275 1871 nonnulli
3329 1827 3492 1876 sunt,
3540 1816 3642 1886 qui

367 1899 618 1952 ἐπίνοιαν
666 1899 1022 1972 πανουργίας,
1061 1900 1218 1970 φησὶ,
1267 1901 1366 1972 τὴν
1413 1900 1628 1972 μητέρα
1669 1901 1780 1955 τῶν
1822 1902 1959 1956 ὅλων

368 1990 808 2060 συγχωρήσασαν
848 1990 1079 2061 δύναμιν
1125 1990 1264 2044 ίδίαν
1300 1991 1360 2058 ἐξ
1401 1990 1634 2061 οὐρανοῦ
1679 1991 1960 2046 κατελθεῖν

367 2081 454 2144 είς
493 2080 554 2134 τὸ
589 2080 786 2152 κλέψαι
829 2081 941 2135 τῶν
989 2081 1291 2153 ἀρχόντων,
1342 2081 1438 2135 καὶ
1476 2083 1818 2154 ἀποσυλῆσαι
1867 2085 1960 2139 ἀπ’

370 2174 556 2228 αὐτῶν
597 2177 664 2246 ἢν
696 2174 896 2246 εἴληφα
925 2177 943 2208 ¹
975 2175 1181 2230 ἄνωθεν
1232 2176 1486 2247 δύναμιν.
1545 2177 1802 2231 Βούλεται
1853 2179 1962 2248 γὰρ

369 2267 576 2335 λέγειν,
611 2268 692 2321 ὅτι
735 2267 1120 2341 πολεμήσασαι
1153 2271 1208 2322 αἱ
1252 2270 1418 2340 ἀρχαὶ
1464 2269 1560 2322 καὶ
1597 2269 1962 2334 ὲξουσίαι.ττὸν

368 2357 506 2410 Θεὸν
538 2357 628 2410 τὸν
665 2357 864 2422 ζῶντα,
896 2360 988 2412 καὶ
1029 2359 1271 2431 μεγάλην
1301 2361 1395 2413 καὶ
1426 2359 1812 2431 ἀκατάληπτον
1863 2364 1963 2433 ήρ-

369 2451 611 2502 πακέναι
640 2451 774 2519 παρ’
796 2450 961 2504 αὑτοῦ
988 2451 1239 2522 δύναμιν,
1267 2451 1335 2522 ἢν
1363 2453 1459 2504 καὶ
1483 2451 1662 2523 ψυχὴν
1685 2454 1960 2524 ὀνομάζει.

371 2544 484 2596 Καὶ
519 2541 565 2595 ὣ
596 2542 700 2614 τῆς
735 2543 938 2613 πολλῆς
973 2543 1165 2598 τούτου
1191 2545 1455 2608 ἀτοπίαςί
1493 2547 1609 2609 Πᾶς
1645 2547 1752 2618 γὰρ
1791 2548 1966 2620 ἁρπα-

369 2634 604 2705 ζόμενος
632 2635 730 2689 καὶ
754 2635 1176 2708 βιοφορούμενος
1207 2637 1573 2707 ὑποϐέϐηκεν.
1611 2639 1674 2690 Ei
1703 2638 1882 2692 τοίνυν
1909 2639 1964 2691 αί

368 2726 563 2795 ἀρχαὶ,
604 2725 716 2778 ἀπὸ
763 2726 866 2796 τῆς
911 2727 1216 2790 πανοπλίας
1259 2728 1830 2783 καταδυναστεύσασαι
1872 2729 1964 2782 τὸν

369 2817 580 2884 ἀγαθὸν
606 2817 762 2883 Θεὸν,
793 2818 1023 2890 δύναμιν
1074 2821 1202 2891 παρ’
1228 2819 1393 2874 αὑτοῦ
1437 2821 1781 2887 ἀπέσπασαν,
1826 2825 1967 2893 ίσχυ-

381 2909 605 2981 ρότεραι
634 2903 796 2964 αὗται
823 2911 965 2983 ὑπὲρ
994 2913 1201 2965 ἐκεῖνον
1225 2912 1456 2966 ἔσονται.
1494 2915 1730 2978 Ἐκεῖνος
1757 2915 1834 2980 δὲ,
1851 2915 1967 2968 τού-

375 3017 497 3063 τοις
534 3000 596 3053 τὸ
640 3001 860 3070 πρῶτον
910 3001 1294 3074 ὑποχωρήσας,
1344 3003 1591 3068 εἰσαῦθις
1638 3005 1698 3057 οὐ
1745 3005 1965 3059 δύναται

2063 1902 2279 1958 vafrum
2302 1904 2564 1975 quiddam
2590 1905 2975 1976 excogitarunt
3003 1925 3015 1961 :
3042 1907 3423 1962 universorum
3449 1906 3640 1961 videli-

2060 2006 2146 2050 cet
2173 2001 2426 2060 matrem,
2469 2010 2591 2066 qutc
2621 1997 2730 2052 vim
2775 2013 2928 2052 suam
2965 1998 3409 2062 communicavit,
3441 2015 3472 2054 e
3495 2000 3638 2054 ccelo

2060 2086 2439 2152 descendisse,
2472 2095 2532 2140 ut
2575 2101 2696 2142 eam
2730 2087 2900 2157 ipsam
2945 2088 3053 2141 vim
3105 2089 3447 2160 principibus
3492 2089 3639 2143 furto

2061 2173 2294 2241 auferat,
2311 2173 2471 2246 651
2492 2189 2555 2230 ac
2584 2175 2872 2246 subripiat.
2889 2192 3050 2246 quam
3082 2194 3112 2233 e
3137 2177 3277 2232 cmlo
3304 2176 3638 2234 transfusam

2062 2275 2411 2336 acceperant.
2439 2268 2498 2321 ln
2521 2283 2630 2338 quo
2661 2268 2795 2322 illud
2819 2269 2922 2323 sibi
2947 2269 3140 2323 volunt
3169 2269 3541 2340 :prinzipatus
3576 2284 3641 2324 ae

2061 2365 2356 2428 potestates
2384 2357 2528 2414 bello
2558 2365 2750 2413 contra
2776 2359 2946 2414 Deum
2975 2361 3158 2415 vivum
3200 2369 3480 2430 suscepto,
3519 2375 3640 2414 ma-

2061 2464 2224 2520 gnam
2249 2448 2318 2502 ab
2346 2463 2414 2504 eo
2445 2449 2699 2518 rapuisse
2727 2448 2864 2513 vim,
2895 2463 3022 2518 quae
3065 2448 3455 2518 comprehendi
3489 2447 3643 2502 nullo

2064 2541 2226 2595 modo
2245 2541 2442 2611 possit,
2475 2555 2597 2611 quae
2639 2541 2860 2611 quidem
2889 2541 3069 2594 anima
3097 2541 3434 2596 nominatur.
3470 2539 3517 2596 0
3547 2540 3644 2594 ab—

2063 2632 2446 2688 surdissimam
2466 2632 2794 2689 falsitatem!
2829 2631 3042 2687 Etenim
3070 2634 3380 2704 cuicunque
3413 2647 3511 2703 per
3529 2632 3640 2686 vim

2063 2727 2266 2798 aliquid
2295 2742 2358 2782 ac
2391 2727 2710 2783 violent-iam
2732 2727 2986 2797 eripitur,
3022 2725 3250 2783 inferior
3269 2734 3370 2782 est.
3391 2726 3571 2793 Quare
3591 2724 3640 2779 si

2063 2819 2406 2889 principatus
2437 2819 2516 2874 illi
2548 2821 2751 2875 bonum
2779 2819 2951 2876 Deum
2983 2819 3150 2873 armis
3183 2818 3642 2890 expugnaverint,

2064 2910 2372 2980 viriumque
2411 2909 2482 2965 ab
2512 2925 2579 2965 eo
2625 2917 2834 2981 partem
2870 2910 3192 2977 avulserint,
3228 2909 3485 2964 fortiores
3517 2910 3645 2980 ipso

2063 3001 2187 3056 illos
2221 3016 2346 3056 esse
2377 3016 2604 3058 necesse
2627 3007 2734 3057 est.
2769 2997 2865 3056 ille
2911 3014 3076 3071 porro
3118 3000 3211 3054 ubi
3252 3000 3489 3069 primum
3535 2999 3645 3055 iiiis

374 3093 510 3162 παρ’
541 3091 721 3144 αὐτῶν
745 3092 1043 3161 ἀφελέσθαι
1076 3093 1176 3164 τὴν
1205 3095 1301 3148 ἀπ’
1329 3095 1495 3149 αὑτοῦ
1526 3097 1962 3168 ἀφηρπασμένην

2069 3091 2538 3162 cessit,ereptam
2585 3093 2652 3146 ab
2694 3091 2764 3148 iis
2805 3092 2910 3147 vim
2956 3105 3113 3146 suam
3170 3104 3497 3162 recuperare
3534 3105 3644 3146 non

374 3182 633 3253 δύναμιν,
670 3183 770 3235 εἴτ’
811 3179 904 3237 οὖν
947 3184 1268 3252 πανοπλίαν,
1316 3188 1344 3239 6
1385 3185 1446 3251 ἐξ
1482 3188 1656 3260 ἀρχῆς
1694 3189 1966 3259 ἀντισχεῖν

375 3273 517 3344 πρὸς
548 3274 679 3336 τοὺς
708 3275 1003 3345 πολεμίους
1033 3276 1107 3346 μὴ
1142 3275 1521 3348 δεδυνημένος.
1554 3279 1666 3331 Καὶ
1697 3279 1892 3342 ἄλλως,
1918 3281 1967 3332 εἰ

373 3360 434 3414 δὲ
472 3362 568 3415 καί
596 3379 729 3415 ποτε
762 3364 924 3418 πάλιν
955 3365 1014 3418 ἐν
1045 3365 1170 3436 νίκῃ
1202 3366 1493 3437 γενόμενος
1522 3368 1786 3439 ἀφέληται
1821 3369 1970 3441 ἰσχύ-

377 3470 482 3517 σας
514 3453 660 3508 κατά
698 3453 809 3507 τῶν
844 3455 914 3508 δι’
942 3457 1192 3519 ἐναντίας
1239 3458 1338 3530 τὴν
1371 3459 1467 3513 ἀπ’
1503 3458 1669 3512 αὑτοῦ
1718 3459 1970 3531 ἀφηρπα-

392 3544 603 3614 σμένην
638 3544 889 3616 δύναμιν,
917 3547 1019 3617 τῆς
1056 3546 1151 3599 τοῦ
1182 3547 1352 3602 κακοῦ
1399 3547 1556 3619 ῥίζης
1582 3565 1641 3601 τε
1670 3549 1765 3602 καὶ
1791 3549 1969 3621 ἀρχῆς

382 3635 628 3706 ἀνάρχου
659 3635 739 3688 ἔτι
771 3637 1158 3709 ἐπιμενούσης,
1196 3639 1293 3691 καὶ
1317 3637 1598 3702 παντελῶς
1635 3639 1712 3709 μὴ
1738 3639 1970 3710 δυναμέ-

375 3744 479 3796 νης
521 3727 899 3798 ἀναιρεθῆναι,
955 3724 1110 3793 αὖθις
1155 3731 1318 3784 πάλιν
1360 3729 1681 3801 κατισχύσει
1717 3730 1972 3801 ἐπιστρα-

375 3814 624 3869 τεύσασα
652 3817 821 3888 ἑαυτῇ
858 3819 1254 3890 περισσοτέραν
1288 3819 1538 3890 δύναμιν,
1562 3821 1658 3874 καὶ
1678 3820 1780 3892 τὴν
1807 3821 1970 3874 πάλιν

375 3905 550 3960 αὐτοῦ
578 3907 878 3978 ληφθεῖσαν
906 3911 972 3962 ἐκ
999 3909 1094 3962 τοῦ
1129 3908 1340 3979 ἀγαθοῦ
1371 3909 1506 3964 Θεοῦ
1537 3911 1794 3982 δύναμιν,
1828 3913 1972 3966 κατά

374 4015 502 4051 τινα
541 3998 862 4053 δυναστείαν
901 3999 1254 4071 ἐξισχύσασα,
1297 4001 1458 4056 πάλιν
1497 4003 1844 4075 ἀφαιρήσειε·
1877 4005 1971 4058 καὶ

375 4091 538 4143 ἔσται
592 4092 682 4144 ἀεὶ
728 4093 847 4146 κατ’
893 4093 1057 4147 αὑτὸν
1103 4095 1166 4147 τὸ
1210 4096 1377 4150 κακὸν
1420 4095 1836 4166 ἀνθιστάμενον,
1877 4098 1971 4150 καὶ

379 4183 659 4254 μηδέποτε
689 4185 812 4256 ἕχον
842 4186 943 4257 τὴν
970 4185 1312 4255 κατάλειψιν,
1344 4189 1425 4250 είς
1451 4188 1510 4241 τὸ
1527 4188 1774 4258 διηνεκὲς
1798 4188 1972 4259 ἀρπά-

376 4275 475 4339 ζον
514 4293 576 4328 τε
615 4277 714 4329 καὶ
757 4278 1162 4349 ἁρπαζόμενον.
1198 4277 1262 4332 EE
1298 4278 1356 4331 δὲ
1396 4279 1491 4332 καὶ
1533 4278 1744 4347 λέξειαν
1785 4281 1834 4333 οἱ
1870 4279 1970 4344 τὰς

375 4365 590 4434 φρένας
631 4366 996 4437 βεϐλαμμένοι
1038 4368 1414 4439 ἀπατηθέντες
1453 4370 1596 4424 κατά
1635 4371 1811 4424 πάντα
1847 4372 1971 4444 τρό-

2069 3189 2268 3251 potest,
2305 3182 2420 3237 sive
2450 3190 2781 3236 armaturam
2815 3181 3001 3236 dicere
3029 3181 3210 3247 malis,
3233 3197 3358 3236 cum
3387 3180 3646 3237 resistere

2070 3273 2321 3329 hostibus
2342 3273 2498 3327 initio
2529 3273 2858 3343 nequiverit.
2897 3272 3167 3328 Praeterea
3194 3273 3322 3327 licet
3346 3273 3642 3343 aliquando

2068 3365 2360 3420 victoriam
2406 3373 2814 3437 consequatur,
2869 3379 2936 3420 ac
2985 3365 3268 3420 debellatis
3313 3364 3646 3420 adversariis

2068 3469 2310 3530 ereptam
2341 3459 2489 3515 illam
2525 3459 2634 3514 vim
2672 3473 2832 3514 suam
2861 3459 3110 3515 obtinere
3137 3457 3331 3528 possit,
3361 3472 3484 3512 cum
3511 3459 3644 3511 mali

2071 3551 2226 3606 radix
2260 3565 2325 3605 ac
2349 3551 2680 3622 principium
2711 3550 2968 3621 principii
2997 3549 3225 3605 alterius
3245 3563 3442 3618 expers
3465 3548 3645 3603 adhuc

2069 3652 2308 3707 maneat,
2335 3657 2514 3714 neque
2536 3643 2754 3713 penitus
2776 3642 3049 3712 exstingui
3067 3640 3263 3711 possit,
3293 3639 3493 3709 poterit
3518 3654 3644 3694 rur-

2070 3749 2169 3790 sus
2214 3736 2371 3790 novis
2409 3751 2474 3790 ac
2520 3735 2826 3806 majoribus
2882 3734 3058 3804 capiis
3101 3731 3352 3788 conﬂatis
3393 3732 3646 3795 vincere,

2070 3827 2296 3897 vimque
2323 3827 2472 3881 illam
2507 3841 2539 3881 a
2574 3827 2804 3882 meliore
2833 3823 2946 3880 Deo
2986 3833 3263 3894 receptam
3308 3822 3526 3878 auferre
3553 3823 3649 3877 de-

2070 3936 2182 3976 nuo
2212 3939 2228 3974 :
2262 3935 2331 3975 ex
2358 3935 2468 3990 quo
2501 3919 2753 3989 sequitur
2786 3917 2991 3971 malum
3016 3916 3166 3971 illius
3205 3915 3469 3985 opinione
3509 3915 3650 3968 resi-

2071 4017 2520 4081 stereperpetuo,
2549 4025 2729 4080 neque
2767 4007 3157 4078 comprehendi
3181 4021 3448 4078 unquam,
3479 4014 3646 4076 atque

2072 4101 2128 4154 in
2160 4107 2484 4170 potestatem
2511 4113 2677 4169 posse
2708 4097 2880 4166 redigi
2915 4113 2929 4148 :
2957 4096 3038 4152 sic
3075 4105 3134 4150 ut
3163 4097 3380 4152 assidue
3403 4095 3647 4165 diripiat,

2071 4206 2137 4246 ac
2166 4191 2412 4246 vicissim
2445 4190 2756 4260 diripiatur.
2802 4188 2959 4254 Quod
2993 4188 3039 4243 si
3075 4187 3221 4243 istud
3249 4187 3435 4243 vesani
3468 4187 3647 4240 homi-

2073 4299 2191 4349 nes,
2214 4283 2554 4354 summisque
2565 4280 2845 4336 erroribus
2859 4278 3360 4334 excaecatidixerint
3387 4297 3399 4331 :
3427 4277 3647 4332 POSIea-

2071 4388 2236 4443 quam
2267 4374 2446 4429 bonus
2477 4371 2621 4428 Deus
2649 4371 2934 4442 particulae
2969 4369 3141 4433 illius,
3166 4384 3287 4439 quae
3316 4369 3420 4424 sibi
3464 4377 3648 4438 erupta

376 4474 506 4520 πον,
533 4459 637 4520 ὅτι,
682 4455 807 4511 Ἐὰν
835 4459 935 4531 τὴν
957 4461 1262 4514 πανοπλίαν
1298 4464 1326 4515 6
1351 4462 1553 4531 ἀγαθὸς
1585 4461 1718 4526 Θεὸς
1750 4461 1845 4516 τοῦ
1880 4464 1962 4534 μέ-

2074 4465 2272 4530 fuerat,
2301 4473 2636 4520 armaturam
2669 4463 2772 4519 sibi
2794 4461 3088 4536 aliquando
3115 4460 3497 4520 vindicaverit,
3520 4467 3652 4513 tunc

380 4566 512 4617 ρους
534 4547 630 4600 τοῦ
656 4549 749 4600 ἀπ’
772 4549 937 4601 αὑτοῦ
959 4549 1380 4621 ἀφαρπαγέντος
1404 4549 1580 4620 καιρῷ
1603 4549 1965 4624 ἐλευθερώσῃ,

375 4640 506 4692 τότε
532 4638 636 4703 τὰς
666 4639 838 4710 ἀρχὰς
871 4641 964 4695 καὶ
1018 4640 1118 4705 τὰς
1143 4641 1391 4708 ἐξουσίας
1416 4641 1517 4712 τῆς
1543 4642 1790 4706 ἐναντίας
1816 4643 1969 4698 δυνά-

382 4749 535 4803 μεως
563 4733 853 4801 ἀφανίσειε
886 4733 980 4786 καὶ
1009 4732 1434 4804 ἐξολοθρεύσειε.

456 4825 568 4877 Καὶ
606 4827 654 4877 εί
705 4824 786 4877 ἔτι
837 4824 989 4878 ἔσται
1030 4825 1210 4890 τοῦτο,
1256 4826 1352 4879 καὶ
1392 4825 1441 4878 εί
1481 4827 1618 4889 ὅλως
1649 4827 1902 4895 ἀφανίσει
1939 4828 1968 4879 6

379 4915 588 4984 ἀγαθὸς
611 4915 765 4979 Θεὸς,
796 4917 892 4969 καὶ
925 4915 1108 4980 ὲξολοθ
1119 4915 1322 4987 ρεύσει,
1353 4915 1611 4980 ἐξέπεσεν
1637 4919 1666 4970 ὁ
1685 4918 1779 4972 τοῦ
1804 4918 1970 4989 ἀγύρ-

378 5024 475 5058 του
512 5006 694 5074 λόγος,
738 5009 766 5059 6
803 5007 1026 5076 φάσκων
1064 5007 1140 5078 μὴ
1182 5002 1319 5060 εἶναι
1364 5008 1572 5061 δίκαιον
1611 5008 1702 5062 τὸν
1741 5009 1965 5076 ἀγαθὸν,

387 5097 524 5168 μηδὲ
559 5101 616 5151 ἐν
647 5099 824 5170 κρίσει
852 5081 1206 5168 κατακρίνειν
1247 5099 1338 5152 τὸν
1385 5101 1787 5170 ἁμαρτάνοντα.
1831 5101 1967 5171 μήτε

386 5189 647 5258 βασάνοις
679 5190 799 5243 τινὰ
829 5190 1215 5262 παραδιδόντα,
1257 5193 1391 5262 μήτε
1432 5190 1726 5244 κτείνοντα.
1765 5191 1828 5244 Ei
1860 5190 1968 5262 γάρ

383 5279 520 5342 ὅλως
551 5280 644 5331 τὸν
671 5278 932 5343 διάϐολον,
957 5280 1132 5332 εῖτουν
1155 5279 1252 5348 τὴν
1284 5279 1664 5349 ἀντικειμένην
1689 5277 1968 5347 ἐνέργειαν

384 5370 654 5439 ἀφανίσαι
688 5386 747 5422 τε
789 5370 884 5422 καὶ
923 5367 1304 5439 ἐξολοθρεῦσαι
1344 5371 1620 5439 πειρᾶται,
1658 5370 1777 5421 κατ’
1806 5369 1969 5422 αὐτὸν

383 5459 572 5512 οὐκέτι
603 5459 755 5513 ἔσται
785 5458 1010 5528 ἀγαθὸς,
1033 5458 1110 5519 ὡς
1148 5460 1177 5511 6
1209 5457 1376 5512 αὐτοῦ
1413 5457 1654 5529 περιέχει
1687 5458 1861 5527 λόγος.
1897 5461 1967 5512 Ἢ

388 5552 506 5603 ’ὁτι¹
536 5549 741 5618 ἀγαθὸς
780 5549 874 5616 ὢν,
916 5551 978 5604 τὸ
1027 5550 1264 5622 πονηρὸν
1313 5548 1618 5613 ἀναλίσκει,
1671 5551 1766 5604 καὶ
1813 5551 1964 5604 ἔσται

459 5709 480 5743 ¹
519 5709 580 5765 F.
613 5710 863 5781 εἴληφαν,
906 5711 1010 5781 leg.
1040 5710 1344 5784 εἰλήφασιν.
1423 5716 1442 5744 ¹
1474 5711 1532 5766 F.
1568 5711 1666 5766 ἔτι.

2073 4556 2414 4626 principatus
2437 4571 2502 4611 ac
2534 4560 2837 4626 potestates
2861 4552 3153 4608 contrariae
3189 4550 3446 4606 factionis
3479 4550 3650 4604 inter-

2073 4647 2303 4702 necione
2327 4647 2631 4702 deleturum
2662 4659 2806 4700 esse.

2146 4820 2284 4887 Hoc,
2315 4823 2558 4891 inquam,
2591 4820 2640 4876 si
2675 4819 2937 4883 dixerint,
2970 4816 3018 4873 si
3057 4814 3282 4870 omnino
3297 4814 3650 4884 exstinguere

2075 4928 2139 4967 ac
2173 4912 2402 4984 perdere
2433 4913 2636 4967 bonum
2662 4909 2829 4966 Deum
2860 4907 3223 4973 asseruerint,
3269 4906 3454 4960 nullus
3489 4906 3650 4959 alteri

2077 5004 2395 5075 impostoris
2435 5004 2588 5058 illius
2629 5018 2753 5058 esse
2793 5003 3021 5058 decreto
3070 5002 3224 5056 locus
3262 4999 3494 5069 poterit;
3538 5013 3651 5068 quo

2075 5098 2235 5152 docet
2274 5097 2475 5151 bonum
2513 5096 2662 5149 illum
2692 5093 2860 5149 Deum
2894 5095 3105 5163 justum
3135 5108 3244 5146 non
3284 5106 3426 5155 esse,
3473 5105 3649 5158 neque

2077 5188 2481 5257 delinquentem
2514 5187 2626 5241 ullo
2653 5186 2864 5256 judicio
2891 5187 3172 5246 damnare,
3200 5198 3376 5253 neque
3403 5191 3649 5236 tormen-

2079 5281 2150 5333 tis
2181 5279 2474 5350 subjicere,
2512 5294 2615 5334 nec
2645 5277 2914 5333 occidere.
2951 5276 3084 5330 Nam
3129 5277 3174 5330 si
3222 5275 3520 5338 diabolum,
3553 5282 3646 5326 aut

2081 5386 2422 5440 quaecunque
2457 5370 2674 5426 demum
2710 5377 2794 5425 est
2839 5369 3088 5438 opposita
3131 5367 3220 5420 illa
3265 5365 3367 5427 vis,
3399 5379 3429 5418 e
3468 5363 3648 5417 medio

2077 5464 2267 5517 tollere
2297 5477 2361 5517 ac
2393 5461 2681 5532 proﬂigare
2711 5469 2957 5518 conatur.
2992 5466 3087 5512 aut
3118 5474 3184 5512 ex
3222 5457 3340 5524 ejus
3376 5456 3646 5510 sententia

2078 5555 2256 5608 bonus
2303 5570 2426 5608 esse
2473 5555 2702 5618 desinet,
2753 5559 2811 5605 ut
2844 5552 2894 5604 in
2931 5551 3075 5604 illius
3122 5551 3370 5602 oratione
3405 5546 3647 5617 positum
