4076 6392
458 391 518 447 'll
1873 385 1936 443 S.
1979 383 2327 441 EPIPHANII
3675 384 3748 441 72

454 521 574 579 est;
600 518 695 564 aut
727 513 771 566 si
806 510 1172 565 nihilominus
1207 509 1387 564 bonus
1419 517 1526 576 est,
1559 509 1765 564 malum
1814 509 2043 579 insuper

2146 500 2302 571 οὗτος
2329 509 2359 561 6
2386 507 2620 579 ποιήσας
2645 506 2738 560 τὸν
2765 506 2998 578 οὐρανὸν
3026 506 3121 560 καὶ
3149 505 3248 579 τὴν
3277 505 3383 578 γῆν
3413 503 3639 578 Κύριος,
3668 504 3746 569 ὡς

454 604 794 674 ex-stinguet.
822 601 1168 670 Proindeque
1206 601 1350 654 idem
1374 601 1492 670 ipse
1522 601 1628 656 erit
1657 601 1780 655 οωιί
1805 616 1868 656 ac
1883 608 2043 656 terra

2154 602 2248 657 Ital
2282 600 2432 656 ἔστιν
2465 602 2524 656 ἑν
2554 600 2808 672 ἀληθείᾳ,
2843 605 2873 655 6
2903 603 3120 672 ἑκάστῳ
3162 601 3448 664 ἀποδιδοὺς
3488 599 3633 654 κατὰ
3673 601 3746 651 τά

456 696 715 750 conditor
745 696 1035 759 Dominus,
1067 703 1129 750 ut
1149 703 1236 750 est
1262 710 1476 759 revera,
1505 694 1597 765 qui
1622 694 1920 764 unicuique
1946 709 2043 764 pro

2150 692 2290 762 ἔργα
2326 693 2514 757 αὐτοῦ,
2552 695 2582 746 6
2620 693 2689 746 6t'
2720 692 3032 765 ὑπερσολὴν
3056 693 3392 764 ἀγαθότητος
3421 690 3502 764 τῷ
3527 691 3740 761 ἀγαθῷ,

457 802 688 859 operum
723 805 951 844 suorum
978 789 1193 842 ratione
1212 787 1434 857 praemia
1458 786 1748 842 constituit
1785 805 1797 840 :
1832 788 1921 856 qui
1945 801 2043 856 pro

2148 785 2453 856 κεκμηκότι
2477 787 2536 838 ἑν
2559 785 2881 857 ἀγαθάτητι,
2910 785 3166 858 παρέχων
3195 785 3258 838 τὸ
3291 783 3518 853 ἀγαθὸν,
3550 780 3744 852 καὶτῷ

457 880 660 934 eximia
693 879 937 934 bonitate
961 878 1036 942 ei,
1073 879 1168 949 qui
1193 880 1374 933 bonus
1415 885 1524 943 est,
1553 885 1609 932 et
1644 878 1698 931 in
1739 876 2043 932 exercenda

2147 882 2217 931 τὰ
2251 876 2434 948 φαῦλα
2471 877 2757 950 δεδρακότι
2791 879 2854 931 τὸ
2883 879 3093 932 δίκαιον
3131 877 3448 949 ἀπονέμων.
3478 878 3592 930 Καὶ
3615 893 3746 930 παν-

459 970 706 1028 bonitate
730 971 1017 1035 laborarit,
1042 970 1270 1041 perinde
1297 970 1503 1025 bonum
1525 969 1796 1041 rependit.
1824 969 1886 1024 Ei
1908 985 2041 1025 vero

2146 971 2377 1048 εαχόθεν
2419 973 2808 1046 ἐξελήλεγκται
2860 971 3026 1027 αὑτοῦ
3074 975 3103 1026 6
3151 972 3330 1042 λόγος,
3394 969 3742 1042 ὑποφθείρων

457 1063 552 1132 qui
589 1063 731 1117 maia
772 1063 1132 1122 commiserit.
1157 1061 1320 1133 quod
1359 1062 1572 1132 justum
1602 1071 1688 1119 est
1731 1061 1934 1118 reddit.
1963 1061 2039 1116 Ex

2150 1065 2380 1136 καρδίας
2407 1065 2714 1138 ἀνθρώπων
2744 1067 2824 1130 είς
2856 1066 2927 1119 τὰ
2955 1065 3192 1119 ἑναντία.

453 1153 837 1228 quibus“,
853 1155 1110 1210 omnibus
1127 1153 1602 1212 Manichaai-oratio
1616 1153 2052 1227 refellitur,quae
2091 1154 2158 1212 at]
2193 1158 2528 1214 contrariam
2554 1157 2862 1214 doctrinam
2928 1157 3258 1230 depravatos
3291 1157 3573 1212 hominum
3615 1153 3740 1209 ani-

461 1261 583 1302 mos
604 1248 845 1303 abducit.

533 1336 698 1393 XXV.
746 1337 849 1392 Sed
904 1353 1053 1394 nunc
1106 1337 1256 1396 illius
1300 1338 1498 1408 dogma
1547 1338 1616 1392 ad
1658 1338 1916 1404 verbum,
1960 1338 2042 1392 uti

455 1439 892 1486 consentaneum
931 1440 1046 1495 est,
1090 1431 1401 1494 ascribam,
1436 1447 1502 1486 es
1539 1431 1795 1486 Archelai
1837 1445 2041 1501 opere,

454 1523 606 1594 quod
637 1523 906 1577 adversus
949 1521 1208 1577 eumdem
1254 1522 1406 1576 illum
1437 1522 1633 1590 edidit,
1664 1538 1728 1578 ex
1757 1523 1829 1578 iis
1858 1538 1980 1594 quae
2013 1539 2043 1578 a

454 1610 716 1683 'l‘yrbonc
743 1611 1015 1680 discipulo
1042 1612 1189 1666 illius
1219 1619 1529 1681 acceperat,
1561 1612 1629 1667 de
1665 1628 1777 1682 quo
1809 1613 2044 1668 mentio-

457 1720 580 1759 nem
614 1714 740 1758 ante
770 1702 1033 1769 fecimus;
1067 1719 1194 1758 nam
1225 1719 1350 1758 cum
1379 1704 1688 1760 Archelaus
1727 1705 2042 1776 episcopus,

453 1806 513 1850 et
544 1795 834 1852 Marcellus
864 1796 932 1851 de
959 1795 1136 1850 Manis
1172 1797 1520 1867 dogmatibus
1539 1795 1850 1868 'l'yrbonem
1877 1797 2048 1852 inter-

2219 1336 2351 1390 KE'.
2381 1333 2542 1390 Κατά
2575 1333 2718 1404 λέξιν
2743 1335 2802 1390 δὲ
2826 1334 3062 1406 καθεξῆς
3082 1335 3338 1402 ὑποτάξω
3361 1336 3738 1407 ἀρμοττόντως

2147 1427 2211 1482 τδ
2247 1425 2416 1482 αὐτοῦ
2457 1424 2715 1500 φρόνημα
2755 1427 2866 1482 ἀπὸ
2905 1427 3016 1482 τῶν
3069 1427 3362 1501 Ἀρχελάου
3398 1427 3536 1498 πρὸς
3575 1427 3740 1483 αὑτὸν

2152 1519 2742 1592 πεπραγματευμένων
2773 1520 2834 1572 ἑν
2860 1522 2929 1591 τῇ
2964 1519 3103 1591 πρὸς
3133 1519 3298 1573 αὑτὸν
3328 1518 3629 1590 ἀντιλογίᾳ,
3664 1523 3743 1583 ὡς

2151 1611 2315 1674 αὐτὸς
2353 1611 2672 1682 ἀπεκάλυψε
2707 1611 2956 1685 Τύρὸων,
2997 1609 3079 1677 εἷς
3118 1611 3227 1666 τῶν
3253 1610 3420 1665 αὐτοῦ
3454 1609 3736 1683 μαθητῶν,

2154 1701 2284 1773 περὶ
2325 1697 2386 1756 οὗ
2427 1703 2542 1757 ἄνω
2587 1703 2960 1774 ἐπεμνήσθην.
3005 1703 3506 1776 Ἐπερωτησάντων
3555 1703 3738 1756 τοίνυν

2153 1791 2262 1845 τῶν
2297 1792 2426 1863 περὶ
2469 1793 2761 1865 Ἀρχέλαον
2802 1795 2894 1849 τὸν
2936 1794 3258 1862 ἐπίσκοπον,
3290 1794 3386 1849 καὶ
3412 1794 3740 1867 Μάρκελλον

455 1899 766 1960 rogassent,
799 1891 914 1944 haec
939 1890 1032 1944 ille
1055 1890 1174 1960 ipsa
1218 1863 1526 1960 respondit,
1557 1863 1677 1960 quae
1719 1905 1823 1946 nos
1863 1907 1930 1945 ex
1978 1905 2043 1946 eo

2147 1882 2439 1954 Τύρόωνα,
2465 1863 2600 1955 περὶ
2619 1886 2718 1956 τῆς
2737 1886 2833 1939 τοῦ
2861 1887 3022 1959 Μάνη
3052 1885 3422 1950 διδασκαλίας,
3452 1889 3481 1941 ὁ
3510 1863 3740 1958 rapam

456 1982 599 2038 libro
631 1981 1061 2052 descripsimus;
1090 1989 1329 2053 suntque
1361 1981 1633 2052 ejusmodi
1661 2001 1675 2038 :

856 2199 1147 2257 Manichwt’
1174 2202 1342 2273 impia
1377 2200 1654 2274 dogmata.

528 2313 589 2370 Si
622 2313 910 2370 Mantcnaai
932 2315 1096 2371 (idem
1136 2331 1474 2387 cognoscere
1512 2319 1715 2385 velitis,
1747 2333 1779 2373 a
1809 2336 1896 2377 me
1921 2321 2046 2376 bre-

453 2407 596 2463 viter
621 2407 931 2478 expositam
957 2407 1162 2464 audite.
1195 2406 1299 2463 Hic
1334 2410 1500 2481 igitur
1527 2411 1660 2466 deos
1683 2412 1932 2481 geminos
1955 2428 2050 2468 co-

454 2499 542 2565 lit,
573 2499 872 2571 ingenitos,
897 2515 928 2553 a
950 2509 1125 2556 semet
1148 2501 1506 2566 exsistenles,
1542 2505 1934 2575 sempiternos,
1963 2509 2048 2562 in-

453 2592 744 2664 vicemque
772 2594 1103 2650 contrarios.
1136 2593 1381 2661 Quorum
1413 2597 1645 2653 alterum
1681 2599 1908 2664 bonum,
1932 2616 2048 2656 ma—

455 2681 571 2738 lum
585 2684 820 2740 alterum
844 2684 1060 2750 deﬁnit,
1091 2697 1256 2756 atque
1276 2688 1371 2742 uni
1394 2687 1536 2743 lucis
1561 2705 1762 2745 nomen
1789 2691 2044 2762 imponit,

451 2775 806 2830 tenebrarum
834 2775 1015 2832 alteri.
1047 2775 1130 2830 Ad
1159 2777 1299 2834 lucis
1323 2786 1506 2848 partes
1540 2778 1780 2836 hominis
1802 2783 2045 2838 animam

455 2866 742 2939 pertinere
777 2875 966 2938 putat;
999 2868 1243 2925 tenebris
1272 2885 1406 2925 vero
1435 2885 1661 2941 corpus,
1695 2888 1760 2927 ac
1805 2874 2049 2929 materiae

452 2959 735 3033 opiﬁcium
763 2962 978 3018 tribuit.
1007 2960 1214 3017 Horum
1236 2977 1367 3019 vero
1391 2964 1805 3034 permistionem
1831 2980 1896 3021 ac
1917 2977 2048 3022 tem-

453 3053 798 3124 perationem
850 3053 1001 3109 hunc
1052 3054 1109 3111 in
1168 3055 1393 3111 modum
1446 3056 1720 3114 accidisse
1761 3058 1933 3124 dicit,
1979 3075 2046 3115 ac

453 3145 692 3202 duorum
730 3161 921 3216 regum
960 3147 1212 3217 exemplo
1261 3146 1526 3214 declarat,
1570 3149 1664 3219 qui
1688 3149 1802 3220 jam
1835 3151 2043 3205 dudum

2148 1974 2487 2045 ἀπεκρίνατο
2507 1975 2702 2046 λέγων,
2734 1977 2891 2032 ἆτινα
2931 1980 2997 2033 ἑκ
3033 1977 3127 2034 τοῦ
3162 1978 3370 2050 βιϐλίου
3395 1979 3734 2052 παρεθέμην

2146 2066 2244 2119 καὶ
2275 2067 2394 2120 ἐστι
2419 2068 2568 2122 τάδε·

2159 2179 2333 2250 Ἀρχὴ
2372 2178 2493 2234 τῶν
2533 2181 2641 2236 τοῦ
2685 2181 2994 2251 Μάνεντος
3019 2183 3132 2255 (28)
3177 2183 3370 2240 ἀθέων
3405 2183 3735 2255 δογμάτων.

2217 2292 2283 2346 Εἰ
2311 2293 2412 2367 τὴν
2436 2294 2530 2350 τοῦ
2558 2296 2720 2368 Μάνη
2761 2297 2947 2352 πίστιν
2978 2297 3163 2352 θέλετε
3191 2299 3407 2370 μαθεῖν,
3448 2315 3577 2373 παρ’
3601 2301 3735 2373 ἐμοῦ

2147 2387 2424 2443 ἀκούσατε
2463 2389 2765 2462 συντόμως.
2797 2383 2968 2456 Οὗτος
2995 2392 3090 2446 δύο
3127 2392 3276 2446 σέϐει
3311 2393 3468 2458 θεοὺς
3505 2395 3737 2466 ἀγεννή-

2145 2493 2293 2542 τους.
2337 2479 2650 2549 αὐτοφυεῖς,
2694 2481 2920 2547 ἀϊδίους,
2963 2481 3063 2536 ἕνα
3104 2482 3182 2554 τῷ
3227 2484 3308 2536 ἑνὶ
3339 2483 3734 2555 ἀντικείμενονο

2146 2571 2243 2626 καὶ
2271 2571 2364 2624 τὸν
2395 2570 2495 2643 μὲν
2524 2571 2750 2642 ἀγαθὸν,
2779 2573 2872 2628 τὸν
2895 2574 2954 2628 δὲ
2993 2575 3230 2647 πονηρὸν
3263 2578 3586 2646 είσηγείταυ
3622 2577 3738 2646 φῶς

2145 2663 2224 2735 τῷ
2253 2665 2335 2718 ἑνὶ
2362 2664 2536 2737 ὄνομα
2566 2665 2813 2737 θέμενος,
2843 2667 2940 2721 καὶ
2959 2667 3040 2740 τῷ
3062 2669 3237 2741 ἑτέρῳ
3261 2669 3476 2734 σκότος.
3513 2671 3624 2724 Καὶ
3643 2669 3736 2723 τοῦ

2149 2759 2251 2830 μὲν
2277 2759 2456 2830 φωτὸς
2490 2755 2630 2815 εἶναι
2668 2760 2835 2834 μέρος
2871 2762 2972 2834 τὴν
3000 2764 3059 2817 ἑν
3089 2763 3398 2835 ἀνθρώποις
3416 2764 3615 2836 ψυχὴν,
3642 2765 3736 2818 τοῦ

2144 2850 2203 2905 δὲ
2233 2851 2459 2916 σκότους
2492 2853 2554 2906 τὸ
2589 2852 2770 2924 σῶμα,
2805 2855 2989 2908 καὶτὸ
3024 2855 3126 2925 τῆς
3156 2855 3290 2928 ὕλης
3327 2855 3734 2929 δημιούργημα.

2146 2943 2310 3009 Μίξιν
2331 2945 2410 3010 δὲ,
2441 2946 2559 3017 ἥτοι
2591 2947 2893 3020 σύγκρασιν
2931 2947 3138 3002 τούτων
3164 2949 3314 3018 λέγει
3342 2950 3627 3018 γεγονέναι
3646 2950 3737 3002 τὸν

2145 3039 2368 3110 τρόπον,
2403 3040 2720 3106 ἀπεικάζων
2746 3043 2871 3106 τοὺς
2896 3042 2990 3096 δύο
3017 3043 3156 3115 τῷδε
3194 3045 3272 3116 τῷ
3309 3045 3735 3117 παραδείγματιδ

2146 3130 2399 3202 καθάπερ
2427 3133 2521 3186 δύο
2554 3133 2798 3203 βασιλεῖς
2827 3135 3255 3208 ἀντιμαχόμενοι
3287 3138 3422 3210 πρὸς
3450 3139 3735 3211 ἀλλήλους,

453 3236 675 3296 inimici
702 3248 899 3294 mutuo
934 3239 1040 3296 sibi
1073 3239 1278 3295 bellum
1307 3239 1574 3306 inferunt,
1613 3240 1689 3295 ita
1719 3251 1780 3298 ut
1815 3253 2043 3315 uterque

2147 3223 2301 3287 ὄντες
2327 3225 2583 3297 ἀπαρχῆς
2608 3225 2816 3297 ἐχθροὶ,
2847 3228 2944 3280 καὶ
2970 3230 3248 3302 ἀναμέρος
3274 3233 3507 3287 ἑκάστου
3541 3235 3609 3288 τὰ
3633 3236 3737 3289 ἴδια

455 3331 712 3404 privatim
743 3347 843 3388 sua
876 3333 1178 3403 possideat.
1209 3331 1290 3386 lta
1325 3333 1607 3396 tenebras,
1656 3335 1754 3400 ait,
1794 3337 2045 3394 collectis

455 3423 693 3488 viribus,
729 3421 934 3479 ﬁnibus
972 3423 1094 3480 suis
1124 3438 1380 3493 egressas
1419 3425 1790 3482 incursionem
1823 3427 2046 3498 fecisse,

455 3530 524 3571 ac
555 3530 681 3571 cum
715 3515 841 3571 luce
859 3515 1177 3572 dimicasse.
1207 3514 1349 3571 Cum
1367 3525 1553 3573 autem
1579 3518 1758 3575 bonus
1785 3529 1940 3590 pater
1964 3531 2048 3578 te-

457 3608 662 3665 nebras
696 3607 922 3664 interra
950 3623 1050 3662 sua
1088 3609 1300 3665 versari
1343 3619 1731 3680 cognosceret,
1761 3614 1871 3668 vim
1905 3631 1936 3669 a
1985 3633 2045 3673 se

457 3702 583 3773 ipso
611 3706 912 3772 quamdam
935 3700 1198 3764 edidisse,
1229 3719 1353 3774 quae
1392 3706 1522 3759 vitae
1567 3713 1744 3761 mater
1769 3709 2044 3778 appellata

456 3793 554 3848 sit.
583 3791 668 3847 Ah
690 3790 796 3846 hac
826 3789 1064 3862 primum
1100 3791 1378 3847 hominem
1409 3792 1777 3863 productum;
1810 3812 2043 3853 necnon

456 3890 514 3937 et
532 3881 801 3937 elementa
817 3882 1082 3953 quinque,
1101 3891 1350 3948 ventum,
1372 3884 1573 3950 lucem,
1593 3901 1818 3958 aquam,
1840 3888 2042 3960 ignem,

458 3971 773 4026 materiam.
807 3970 934 4028 Hac
978 3987 1104 4027 cum
1135 3973 1286 4029 velut
1313 3974 1384 4028 ad
1425 3975 1683 4032 bellicum
1715 3989 2043 4049 apparatum

458 4061 758 4130 induisset,
789 4063 846 4118 in
885 4063 1150 4120 inferiora
1177 4064 1464 4135 delapsum
1495 4081 1628 4122 cum
1669 4069 1914 4126 tenebris
1943 4087 2044 4140 pu-

457 4170 680 4225 gnasse.
721 4155 1096 4214 Tenebrarum
1138 4171 1270 4212 vero
1313 4158 1618 4229 principes,
1666 4163 1763 4232 qui
1804 4178 1932 4218 cum
1978 4179 2044 4220 ea

456 4249 834 4312 decertalxmt,
867 4264 933 4305 ex
957 4251 1106 4306 illius
1139 4259 1442 4315 armatura,
1465 4269 1636 4323 quam
1661 4256 1902 4312 animam
1919 4275 2046 4316 esse

453 4339 630 4404 dicit,
665 4340 916 4394 nonnihil
960 4341 1196 4397 dedisse.
1239 4340 1361 4409 Quo
1400 4344 1618 4412 quidem
1661 4354 1904 4419 tempore
1934 4352 2045 4421 pri-

455 4447 606 4487 mum
635 4431 915 4486 hominem
961 4433 1016 4488 in
1063 4433 1422 4489 inferioribus
1451 4435 1543 4492 his
1561 4436 1702 4492 locis
1735 4453 1766 4492 a
1799 4442 2043 4499 tenebris

453 4539 792 4596 magnopere
817 4539 940 4580 esse
968 4535 1248 4583 vexatum.
1278 4526 1436 4594 Quod
1463 4529 1571 4583 nisi
1603 4539 1854 4586 orantem
1882 4531 2044 4590 Pater

2147 3313 2385 3385 ἔχοντος.
2419 3315 2578 3370 Κατὰ
2603 3316 2663 3369 δὲ
2697 3316 2957 3372 σύστασιν
2981 3320 3046 3372 τὸ
3078 3323 3269 3385 σκότος
3293 3323 3521 3378 ἐπελθὸν
3545 3326 3611 3378 ἑκ
3630 3327 3740 3381 τῶν

2145 3407 2312 3479 ὁρίων
2338 3405 2503 3460 αὑτοῦ
2543 3412 3008 3482 προσεμαχήσατο
3039 3411 3117 3484 τῷ
3148 3414 3307 3484 φωτί.
3339 3415 3540 3470 Γνόντα
3563 3419 3622 3472 δὲ
3647 3419 3738 3473 τὸν

2145 3499 2356 3569 ἀγαθὸν
2384 3499 2600 3572 πατέρα
2634 3500 2696 3554 τὸ
2722 3504 2912 3567 σκότος
2941 3506 3000 3558 ἑν
3024 3508 3091 3577 τῇ
3123 3509 3193 3578 γῇ
3218 3507 3383 3561 αὐτοῦ
3404 3510 3736 3585 ἐπιδεδημη-

2145 3592 2264 3656 κὸς,
2289 3591 2615 3663 προὸάλλειν
2639 3593 2699 3662 ἑξ
2729 3594 2896 3648 αὐτοῦ
2923 3595 3172 3669 δύναμιν,
3197 3598 3500 3674 λεγομένην
3525 3606 3739 3677 μητέρα

2144 3686 2248 3757 τῆς
2276 3685 2443 3758 ζωῆςο
2482 3689 2578 3742 καὶ
2609 3689 2781 3762 αὐτὴν
2811 3691 3248 3765 προσεὸληκέναι
3277 3697 3369 3751 τὸν
3399 3699 3620 3771 πρῶτον
3644 3703 3738 3756 ἀν-

2147 3774 2387 3846 θρωπον,
2423 3778 2440 3808 ί
2463 3776 2535 3832 τὰ
2576 3779 2740 3833 πέντε
2784 3786 3042 3853 στοιχεῖα.
3075 3785 3199 3838 Είσ)⁸
3234 3785 3292 3839 δὲ
3333 3788 3554 3862 ἄνεμος,
3597 3793 3736 3862 φῶς.

2147 3868 2312 3941 ὕδωρ,
2345 3869 2458 3942 πῦρ
2484 3872 2579 3924 καὶ
2608 3871 2732 3944 ὕλη.
2774 3875 2888 3928 Kal.
2910 3875 3084 3930 ταῦτα
3113 3878 3476 3951 ὲνδυσάμενον
3501 3884 3578 3948 ὡς
3600 3886 3736 3957 πρὸς

2145 3963 2492 4036 κατασκευὴν
2517 3965 2778 4036 πολέμου,
2801 3968 3085 4023 κατελθεῖν
3107 3969 3279 4039 κάτω,
3305 3973 3401 4027 καὶ
3425 3975 3736 4048 πολεμῆσαι

2143 4056 2224 4128 τῷ
2267 4058 2469 4112 σκότει.
2517 4060 2582 4112 Οί
2616 4059 2675 4113 δὲ
2711 4057 2808 4113 τοῦ
2844 4061 3074 4127 σκότους
3119 4064 3402 4136 ἄρχοντες,
3449 4071 3736 4124 ἀντιπολε-

2145 4148 2374 4222 μοῦντες
2395 4151 2566 4224 αὐτῷ,
2589 4152 2791 4223 ἔφαγον
2814 4157 2879 4209 ἑκ
2893 4156 2994 4227 τῆς
3011 4159 3318 4224 πανοπλίας
3337 4163 3526 4228 αὐτοῦ,
3540 4165 3569 4218 ὅ
3587 4166 3736 4220 ἑστιν

2143 4243 2178 4314 ἡ
2217 4243 2386 4316 ψυχή.
2407 4245 2540 4298 Τότε
2573 4245 2762 4311 δεινῶς
2788 4247 2975 4319 to}.th
3005 4251 3125 4304 ἐκεῖ
3156 4253 3306 4307 κάτω
3335 4255 3366 4308 6
3395 4255 3614 4328 πρῶτος
3638 4259 3734 4314 ἄν-

2145 4335 2368 4408 θρωπος
2397 4336 2502 4390 ὑπὸ
2531 4337 2626 4391 τοῦ
2665 4339 2912 4404 σκότους.
2945 4342 3057 4396 Kal.
3087 4345 3136 4397 εί
3173 4346 3249 4418 μὴ
3280 4347 3582 4419 εὐξαμένου
3623 4353 3736 4404 εἰσ-

2144 4431 2379 4500 ήκουσεν
2415 4431 2444 4483 6
2480 4430 2682 4502 πατὴρ,
2736 4435 2834 4486 καὶ
2892 4435 3214 4491 ἀπέστειλεν
3262 4441 3458 4512 ἑτέραν
3505 4442 3735 4515 δύναμιν

2145 4521 2548 4594 προϐληθεῖσαν
2575 4525 2666 4577 ὑπ’
2691 4526 2878 4594 αὐτοῦ,
2907 4528 3211 4602 λεγομένην
3233 4531 3342 4596 ζῶν
3369 4534 3616 4606 Πνεῦμα,
3642 4539 3736 4590 καὶ

451 4616 796 4681 exaudisset,
822 4625 987 4685 atque
1009 4618 1236 4674 alteram
1281 4636 1311 4672 a
1361 4635 1423 4674 se
1457 4622 1780 4690 productam
1821 4624 1952 4693 vim,
1989 4628 2042 4682 in

2146 4617 2197 4668 εί
2231 4615 2309 4688 μὴ
2336 4617 2614 4673 κατελθὼν
2645 4620 2877 4675 δέδωκεν
2904 4622 3055 4694 αὑτῷ
3077 4623 3278 4693 δεξιὰν,
3311 4627 3404 4679 καὶ
3434 4630 3735 4699 ἀνήνεγκεν

451 4708 766 4764 subsidium
793 4709 1060 4774 misisset,
1075 4726 1198 4780 quae
1215 4711 1370 4765 vivus
1388 4712 1631 4781 Spiritus
1647 4715 1946 4781 diceretur,
1979 4735 2043 4775 ac

453 4799 561 4856 nisi
597 4798 940 4856 descendens
983 4800 1262 4855 dexteram
1295 4803 1344 4855 ei
1398 4805 1758 4873 porrexisset,
1803 4816 1967 4877 atque
2010 4827 2042 4866 e

449 4891 699 4948 tenebris
735 4890 1045 4956 eduxisset,
1075 4893 1401 4962 jamdudum
1456 4897 1692 4965 primum
1744 4899 1896 4953 illum
1942 4901 2039 4957 ho-

450 4985 656 5040 minem
684 4982 965 5040 detentum
985 4986 1291 5056 pcriculum
1323 4988 1516 5058 ingens
1533 4989 1810 5045 aditurum
1845 4993 2036 5049 fuisse.

451 5076 536 5132 Ab
567 5092 634 5131 eo
664 5077 832 5146 igitur
861 5084 1110 5148 tempore
1135 5079 1374 5133 animam
1407 5081 1461 5134 in
1491 5080 1738 5137 inferiori
1771 5085 1874 5138 hac
1908 5086 2038 5142 sede

450 5168 696 5240 reliquit.
731 5167 894 5241 643
925 5169 1059 5236 Quae
1100 5185 1270 5226 causa
1301 5178 1386 5228 est
1430 5186 1534 5227 cur
1567 5173 1874 5241 Manichaei,
1905 5192 2038 5248 quo-

447 5258 556 5314 ties
585 5260 821 5316 invicem
850 5272 1176 5326 occurrunt,
1209 5262 1377 5333 hujus
1412 5265 1491 5320 rei
1513 5265 1892 5336 signiﬁcanda:
1910 5283 2036 5341 gra-

523 5415 540 5447 ¹
567 5414 730 5472 Deest
757 5417 1068 5489 quidpiam.

520 5570 860 5649 (28)___’Apg~h
890 5571 1010 5649 τῶν
1037 5573 1145 5629 τοῦ
1175 5574 1510 5649 Μάνεντος.
1548 5575 1771 5649 Primus
1806 5586 2034 5649 porten-

447 5649 585 5720 tosa;
618 5643 768 5720 illius
799 5647 1024 5720 haeresis
1057 5655 1425 5720 oppugnator,
1460 5647 1532 5701 ob
1559 5643 2034 5720 idquesi'ngulari

449 5665 585 5698 ιοιςειε
620 5665 768 5724 unus
799 5665 1024 5700 nzerests
1057 5665 1425 5728 oppugnatur,
1460 5665 1532 5701 on
1559 5665 2034 5771 inquesmgutart

449 5713 613 5768 laude
635 5715 862 5788 dignus.
897 5715 1204 5788 Archelaus
1232 5718 1476 5783 exstitit;
1506 5733 1599 5788 qui
1653 5720 1876 5774 tabttatn
1907 5735 1937 5772 a
1977 5737 2038 5776 se

447 5799 576 5858 cum
621 5786 931 5858 impostore
986 5785 1412 5858 disputationem
1472 5785 1540 5842 in‘
1580 5793 2037 5845 commentarium

450 5855 660 5927 redegit
688 5855 983 5927 omniaque
1016 5855 1241 5917 tte'tarize
1269 5859 1685 5929 superstitionis
1714 5875 1916 5916 arcana
1944 5876 2041 5932 pa-

2149 4709 2213 4762 ἑκ
2241 4709 2336 4763 τοῦ
2371 4709 2627 4775 σκότους’
2667 4713 2838 4768 πάλαι
2885 4714 2952 4768 ἂν
2979 4717 3008 4767 6
3041 4717 3256 4788 πρῶτος
3287 4718 3574 4792 ἄνθρωπος
3605 4740 3736 4775 κατ-

2147 4800 2404 4870 εχόμενος
2449 4803 2845 4863 ἐκινδύνευσεν.
2872 4807 3102 4862 Ἐκτοτε
3146 4807 3239 4865 οὗν
3265 4813 3553 4884 κατέλειψε
3583 4815 3735 4870 κάτω

2145 4891 2244 4963 τὴν
2263 4893 2465 4964 ψυχήν.
2500 4896 2611 4949 Kal.
2633 4895 2721 4950 διὰ
2744 4897 2902 4952 τοῦτο
2925 4901 3239 4971 Μανιχαῖοι,
3263 4902 3360 4956 ἑὰν
3389 4907 3734 4978 συναντήσωο

2146 5000 2232 5037 σιν
2259 4985 2530 5058 ἀλλήλοις,
2563 4990 2742 5056 δεξιὰς
2769 4993 3006 5048 διδόασιν
3039 4996 3254 5060 ἑαυτοῖς
3290 4999 3518 5069 σημείου
3550 5001 3732 5073 χάριν,

2143 5080 2221 5145 ὠς
2257 5085 2367 5138 ἀπὸ
2399 5088 2625 5153 σκότους
2654 5090 2939 5155 σωθέντες.
2990 5093 3078 5147 Ἐν
3110 5092 3220 5166 γὰρ
3243 5093 3320 5166 τῷ
3347 5095 3531 5148 σκότει
3553 5096 3735 5159 πάσας

2142 5173 2242 5238 τὰς
2271 5178 2513 5250 αἱρέσεις
2533 5176 2673 5234 εἶναι
2700 5182 2869 5251 λέγει.
2896 5185 3030 5241 Τότε
3060 5183 3169 5249 ζῶν
3189 5186 3416 5257 Πνεῦμα
3436 5187 3620 5241 ἑκτισε
3640 5187 3736 5241 τὸν

2142 5266 2369 5340 κόσμον,
2400 5273 2494 5326 καὶ
2514 5273 2647 5328 αὐτὸ
2675 5276 2914 5347 φορέσαν
2941 5277 3134 5350 ἑτέρας
3155 5282 3304 5351 τρεῖς
3332 5280 3612 5352 δυνάμεις,
3635 5300 3735 5335 κα-

2139 5579 2355 5639 tefecit.
2389 5582 2464 5639 Ex
2501 5584 2606 5640 hac
2633 5584 2888 5640 Archelai
2919 5585 3218 5641 collatione
3250 5584 3434 5640 ueteri
3469 5583 3734 5653 deinceps

2143 5653 2449 5727 hauserunt
2481 5671 2696 5722 omnes,
2730 5657 2825 5727 qui
2880 5657 3318 5727 haereticiillius
3350 5656 3639 5727 historiam
3668 5668 3734 5727 ac

2143 5723 2403 5798 dogmata
2421 5727 2657 5798 scriptis
2687 5723 3070 5798 prodiderunt.
3102 5726 3352 5784 Meminit
3385 5724 3644 5782 Archelai
3672 5724 3733 5778 in

2145 5792 2505 5865 Scriptoribus
2525 5792 2712 5854 cheles.
2747 5797 3138 5870 Hieronymus.
