  <div class='ocr_page' id='page_1' title='image "/cluster/home/n/w/nwhite01/storage/ocr_20150623/42/nnc1.0046978682/044.png"; bbox 0 0 4076 6392; ppageno 0'>
   <div class='ocr_carea' id='block_1_1' title="bbox 329 355 1913 417">
    <p class='ocr_par' dir='ltr' id='par_1_1' title="bbox 329 355 1905 417">
     <span class='ocr_line' id='line_1_1' title="bbox 329 355 1905 417; baseline -0.004 -2"><span class='ocrx_word' id='word_1_1' title='bbox 329 365 403 417; x_wconf 73' lang='lat'><strong>73</strong></span> <span class='ocrx_word' id='word_1_2' title='bbox 992 357 1362 412; x_wconf 79' lang='lat' dir='ltr'><strong>ADVERSUS</strong></span> <span class='ocrx_word' id='word_1_3' title='bbox 1401 355 1740 411; x_wconf 67' lang='lat' dir='ltr'><strong>&quot;fERESES</strong></span> <span class='ocrx_word' id='word_1_4' title='bbox 1781 355 1905 408; x_wconf 81' lang='lat' dir='ltr'><strong>LIB.</strong></span> 
     </span>
    </p>
   </div>
   <div class='ocr_carea' id='block_1_2' title="bbox 2017 355 3582 417">
    <p class='ocr_par' dir='ltr' id='par_1_2' title="bbox 2059 355 3582 417">
     <span class='ocr_line' id='line_1_2' title="bbox 2059 355 3582 417; baseline 0.005 -8"><span class='ocrx_word' id='word_1_5' title='bbox 2059 355 2220 410; x_wconf 55' lang='lat' dir='ltr'><strong>T031.</strong></span> <span class='ocrx_word' id='word_1_6' title='bbox 2264 356 2401 409; x_wconf 87' lang='lat' dir='ltr'><strong>Il.—</strong></span> <span class='ocrx_word' id='word_1_7' title='bbox 2442 358 2713 416; x_wconf 58' lang='lat' dir='ltr'><strong>ILERES.</strong></span> <span class='ocrx_word' id='word_1_8' title='bbox 2760 361 2939 414; x_wconf 72' lang='lat' dir='ltr'><strong>LXVI.</strong></span> <span class='ocrx_word' id='word_1_9' title='bbox 3513 365 3582 417; x_wconf 72' lang='grc'><strong>74</strong></span> 
     </span>
    </p>
   </div>
   <div class='ocr_carea' id='block_1_3' title="bbox 327 476 1913 551">
    <p class='ocr_par' dir='ltr' id='par_1_3' title="bbox 327 476 1910 549">
     <span class='ocr_line' id='line_1_3' title="bbox 327 476 1910 549; baseline -0.003 -15"><span class='ocrx_word' id='word_1_10' title='bbox 327 480 518 534; x_wconf 82' lang='grc' dir='ltr'>τελθὸν</span> <span class='ocrx_word' id='word_1_11' title='bbox 553 481 817 549; x_wconf 84' lang='grc' dir='ltr'>ἀνήνεγκε</span> <span class='ocrx_word' id='word_1_12' title='bbox 861 480 984 542; x_wconf 69' lang='grc' dir='ltr'>τοὺς</span> <span class='ocrx_word' id='word_1_13' title='bbox 1021 481 1306 549; x_wconf 79' lang='grc' dir='ltr'>ἄρχοντας,</span> <span class='ocrx_word' id='word_1_14' title='bbox 1350 476 1445 531; x_wconf 59' lang='grc' dir='ltr'><strong>καὶ⁹</strong></span> <span class='ocrx_word' id='word_1_15' title='bbox 1491 477 1822 548; x_wconf 70' lang='grc' dir='ltr'><strong>ἐστερέωσεν</strong></span> <span class='ocrx_word' id='word_1_16' title='bbox 1853 479 1910 529; x_wconf 82' lang='grc' dir='ltr'>ἐν</span> 
     </span>
    </p>
   </div>
   <div class='ocr_carea' id='block_1_4' title="bbox 2017 476 3583 551">
    <p class='ocr_par' dir='ltr' id='par_1_4' title="bbox 2017 479 3583 551">
     <span class='ocr_line' id='line_1_4' title="bbox 2017 479 3583 551; baseline 0.003 -21"><span class='ocrx_word' id='word_1_17' title='bbox 2017 479 2085 530; x_wconf 90' lang='lat' dir='ltr'><strong>tia</strong></span> <span class='ocrx_word' id='word_1_18' title='bbox 2117 489 2306 534; x_wconf 82' lang='lat' dir='ltr'><strong>mutuo</strong></span> <span class='ocrx_word' id='word_1_19' title='bbox 2335 480 2436 534; x_wconf 93' lang='lat' dir='ltr'><strong>sibi</strong></span> <span class='ocrx_word' id='word_1_20' title='bbox 2472 481 2723 536; x_wconf 75' lang='lat' dir='ltr'><strong>dexteras</strong></span> <span class='ocrx_word' id='word_1_21' title='bbox 2753 482 3056 551; x_wconf 83' lang='lat' dir='ltr'><strong>porrigant,</strong></span> <span class='ocrx_word' id='word_1_22' title='bbox 3088 489 3344 550; x_wconf 78' lang='lat' dir='ltr'><strong>tanquam</strong></span> <span class='ocrx_word' id='word_1_23' title='bbox 3369 497 3398 533; x_wconf 91' lang='lat' dir='ltr'><strong>a</strong></span> <span class='ocrx_word' id='word_1_24' title='bbox 3431 490 3583 536; x_wconf 88' lang='lat' dir='ltr'><strong>tene-</strong></span> 
     </span>
    </p>
   </div>
   <div class='ocr_carea' id='block_1_5' title="bbox 325 569 1766 643">
    <p class='ocr_par' dir='ltr' id='par_1_5' title="bbox 325 569 1766 643">
     <span class='ocr_line' id='line_1_5' title="bbox 325 569 1766 643; baseline -0.004 -17"><span class='ocrx_word' id='word_1_25' title='bbox 325 573 409 642; x_wconf 79' lang='grc' dir='ltr'>τῷ</span> <span class='ocrx_word' id='word_1_26' title='bbox 444 571 807 643; x_wconf 86' lang='grc' dir='ltr'>στερεώματι,</span> <span class='ocrx_word' id='word_1_27' title='bbox 835 571 863 622; x_wconf 87' lang='grc' dir='ltr'><strong>ὃ</strong></span> <span class='ocrx_word' id='word_1_28' title='bbox 883 571 1029 622; x_wconf 82' lang='grc' dir='ltr'>ἐστιν</span> <span class='ocrx_word' id='word_1_29' title='bbox 1061 570 1240 622; x_wconf 88' lang='grc' dir='ltr'>αὐτῶν</span> <span class='ocrx_word' id='word_1_30' title='bbox 1271 569 1449 638; x_wconf 84' lang='grc' dir='ltr'>σῶμα,</span> <span class='ocrx_word' id='word_1_31' title='bbox 1479 569 1511 638; x_wconf 87' lang='grc' dir='ltr'><strong>ἢ</strong></span> <span class='ocrx_word' id='word_1_32' title='bbox 1544 571 1766 639; x_wconf 85' lang='grc' dir='ltr'>σφαῖρα.</span> 
     </span>
    </p>
   </div>
   <div class='ocr_carea' id='block_1_6' title="bbox 2017 568 3584 638">
    <p class='ocr_par' dir='ltr' id='par_1_6' title="bbox 2017 568 3584 638">
     <span class='ocr_line' id='line_1_6' title="bbox 2017 568 3584 638; baseline 0.003 -16"><span class='ocrx_word' id='word_1_33' title='bbox 2017 568 2133 624; x_wconf 87' lang='lat' dir='ltr'><strong>bris</strong></span> <span class='ocrx_word' id='word_1_34' title='bbox 2163 572 2354 638; x_wconf 78' lang='lat' dir='ltr'><strong>erepti.</strong></span> <span class='ocrx_word' id='word_1_35' title='bbox 2380 569 2581 626; x_wconf 84' lang='lat' dir='ltr'><strong>Omnes</strong></span> <span class='ocrx_word' id='word_1_36' title='bbox 2615 573 2758 627; x_wconf 92' lang='lat' dir='ltr'><strong>enim</strong></span> <span class='ocrx_word' id='word_1_37' title='bbox 2797 582 2974 626; x_wconf 84' lang='lat' dir='ltr'><strong>sectas</strong></span> <span class='ocrx_word' id='word_1_38' title='bbox 3008 573 3216 626; x_wconf 86' lang='lat' dir='ltr'><strong>versari</strong></span> <span class='ocrx_word' id='word_1_39' title='bbox 3259 573 3315 624; x_wconf 87' lang='lat' dir='ltr'><strong>in</strong></span> <span class='ocrx_word' id='word_1_40' title='bbox 3349 571 3584 626; x_wconf 89' lang='lat' dir='ltr'><strong>tenebris</strong></span> 
     </span>
    </p>
   </div>
   <div class='ocr_carea' id='block_1_7' title="bbox 327 659 3584 736">
    <p class='ocr_par' dir='ltr' id='par_1_7' title="bbox 327 659 3584 736">
     <span class='ocr_line' id='line_1_7' title="bbox 327 659 3584 736; baseline -0 -17"><span class='ocrx_word' id='word_1_41' title='bbox 327 665 553 720; x_wconf 87' lang='lat' dir='ltr'><strong>asserit.</strong></span> <span class='ocrx_word' id='word_1_42' title='bbox 587 661 742 716; x_wconf 85' lang='lat' dir='ltr'><strong>Tunc</strong></span> <span class='ocrx_word' id='word_1_43' title='bbox 770 662 954 716; x_wconf 87' lang='lat' dir='ltr'><strong>vivum</strong></span> <span class='ocrx_word' id='word_1_44' title='bbox 987 661 1140 716; x_wconf 91' lang='lat' dir='ltr'><strong>illum</strong></span> <span class='ocrx_word' id='word_1_45' title='bbox 1175 660 1441 730; x_wconf 86' lang='lat' dir='ltr'><strong>Spiritum</strong></span> <span class='ocrx_word' id='word_1_46' title='bbox 1477 661 1740 713; x_wconf 90' lang='lat' dir='ltr'><strong>mundum</strong></span> <span class='ocrx_word' id='word_1_47' title='bbox 1773 659 2112 723; x_wconf 85' lang='lat' dir='ltr'><strong>condidisse,</strong></span> <span class='ocrx_word' id='word_1_48' title='bbox 2143 676 2207 714; x_wconf 89' lang='lat' dir='ltr'><strong>ac</strong></span> <span class='ocrx_word' id='word_1_49' title='bbox 2239 670 2353 718; x_wconf 90' lang='lat' dir='ltr'><strong>tres</strong></span> <span class='ocrx_word' id='word_1_50' title='bbox 2384 664 2515 718; x_wconf 89' lang='lat' dir='ltr'><strong>alias</strong></span> <span class='ocrx_word' id='word_1_51' title='bbox 2577 665 2808 718; x_wconf 80' lang='lat' dir='ltr'><strong>virtutes</strong></span> <span class='ocrx_word' id='word_1_52' title='bbox 2872 666 3134 720; x_wconf 78' lang='lat' dir='ltr'><strong>ferentem</strong></span> <span class='ocrx_word' id='word_1_53' title='bbox 3189 672 3243 718; x_wconf 90' lang='lat' dir='ltr'><strong>et</strong></span> <span class='ocrx_word' id='word_1_54' title='bbox 3301 664 3584 736; x_wconf 89' lang='lat' dir='ltr'><strong>delapsum</strong></span> 
     </span>
    </p>
   </div>
   <div class='ocr_carea' id='block_1_8' title="bbox 328 754 3304 833">
    <p class='ocr_par' dir='ltr' id='par_1_8' title="bbox 328 754 3304 833">
     <span class='ocr_line' id='line_1_8' title="bbox 328 754 3304 833; baseline -0.001 -19"><span class='ocrx_word' id='word_1_55' title='bbox 328 761 612 833; x_wconf 80' lang='lat' dir='ltr'><strong>principes</strong></span> <span class='ocrx_word' id='word_1_56' title='bbox 641 758 908 813; x_wconf 81' lang='lat' dir='ltr'><strong>extulisse</strong></span> <span class='ocrx_word' id='word_1_57' title='bbox 931 772 1176 819; x_wconf 87' lang='lat' dir='ltr'><strong>sursum,</strong></span> <span class='ocrx_word' id='word_1_58' title='bbox 1216 764 1269 812; x_wconf 90' lang='lat' dir='ltr'><strong>et</strong></span> <span class='ocrx_word' id='word_1_59' title='bbox 1303 756 1359 811; x_wconf 91' lang='lat' dir='ltr'><strong>in</strong></span> <span class='ocrx_word' id='word_1_60' title='bbox 1396 757 1742 810; x_wconf 86' lang='lat' dir='ltr'><strong>ﬁrmamento</strong></span> <span class='ocrx_word' id='word_1_61' title='bbox 1788 754 2110 816; x_wconf 87' lang='lat' dir='ltr'><strong>stabiliisse.</strong></span> <span class='ocrx_word' id='word_1_62' title='bbox 2139 757 2285 826; x_wconf 90' lang='lat' dir='ltr'><strong>quod</strong></span> <span class='ocrx_word' id='word_1_63' title='bbox 2309 758 2550 827; x_wconf 91' lang='lat' dir='ltr'><strong>ipsorum</strong></span> <span class='ocrx_word' id='word_1_64' title='bbox 2579 774 2780 828; x_wconf 92' lang='lat' dir='ltr'><strong>corpus</strong></span> <span class='ocrx_word' id='word_1_65' title='bbox 2805 767 2906 825; x_wconf 90' lang='lat' dir='ltr'><strong>est,</strong></span> <span class='ocrx_word' id='word_1_66' title='bbox 2937 759 3052 814; x_wconf 85' lang='lat' dir='ltr'><strong>sive</strong></span> <span class='ocrx_word' id='word_1_67' title='bbox 3089 758 3304 828; x_wconf 83' lang='lat' dir='ltr'><strong>globus.</strong></span> 
     </span>
    </p>
   </div>
   <div class='ocr_carea' id='block_1_9' title="bbox 401 851 1916 922">
    <p class='ocr_par' dir='ltr' id='par_1_9' title="bbox 401 851 1916 922">
     <span class='ocr_line' id='line_1_9' title="bbox 401 851 1916 922; baseline -0.004 -13"><span class='ocrx_word' id='word_1_68' title='bbox 401 853 548 922; x_wconf 61' lang='lat' dir='ltr'><strong>KQ&quot;.</strong></span> <span class='ocrx_word' id='word_1_69' title='bbox 582 854 716 906; x_wconf 85' lang='grc' dir='ltr'><strong>Τότε</strong></span> <span class='ocrx_word' id='word_1_70' title='bbox 758 853 919 906; x_wconf 84' lang='grc' dir='ltr'>πάλιν</span> <span class='ocrx_word' id='word_1_71' title='bbox 949 853 1009 905; x_wconf 87' lang='grc' dir='ltr'><strong>τὸ</strong></span> <span class='ocrx_word' id='word_1_72' title='bbox 1031 852 1138 916; x_wconf 78' lang='grc' dir='ltr'>ζῶν</span> <span class='ocrx_word' id='word_1_73' title='bbox 1172 853 1394 922; x_wconf 84' lang='grc' dir='ltr'><strong>Πνεῦμα</strong></span> <span class='ocrx_word' id='word_1_74' title='bbox 1425 851 1606 904; x_wconf 79' lang='grc' dir='ltr'>ἔκτισε</span> <span class='ocrx_word' id='word_1_75' title='bbox 1634 852 1760 914; x_wconf 82' lang='grc' dir='ltr'>τοὺς</span> <span class='ocrx_word' id='word_1_76' title='bbox 1803 867 1916 918; x_wconf 68' lang='grc' dir='ltr'>φωε-</span> 
     </span>
    </p>
   </div>
   <div class='ocr_carea' id='block_1_10' title="bbox 327 940 1914 1016">
    <p class='ocr_par' dir='ltr' id='par_1_10' title="bbox 327 940 1914 1016">
     <span class='ocr_line' id='line_1_10' title="bbox 327 940 1914 1016; baseline -0.003 -16"><span class='ocrx_word' id='word_1_77' title='bbox 327 947 574 1016; x_wconf 78' lang='grc' dir='ltr'>στῆρας,</span> <span class='ocrx_word' id='word_1_78' title='bbox 628 945 665 998; x_wconf 81' lang='grc' dir='ltr'><strong>ἆ</strong></span> <span class='ocrx_word' id='word_1_79' title='bbox 714 946 831 997; x_wconf 77' lang='grc' dir='ltr'>ἔστι</span> <span class='ocrx_word' id='word_1_80' title='bbox 887 944 982 1014; x_wconf 83' lang='grc' dir='ltr'><strong>τῆς</strong></span> <span class='ocrx_word' id='word_1_81' title='bbox 1037 943 1218 1013; x_wconf 78' lang='grc' dir='ltr'>ψυχῆς</span> <span class='ocrx_word' id='word_1_82' title='bbox 1273 943 1532 1012; x_wconf 73' lang='grc' dir='ltr'>λείψαναο</span> <span class='ocrx_word' id='word_1_83' title='bbox 1591 945 1683 996; x_wconf 77' lang='grc' dir='ltr'>καὶ</span> <span class='ocrx_word' id='word_1_84' title='bbox 1742 940 1914 1006; x_wconf 76' lang='grc' dir='ltr'>οὕτως</span> 
     </span>
    </p>
   </div>
   <div class='ocr_carea' id='block_1_11' title="bbox 326 1033 1914 1107">
    <p class='ocr_par' dir='ltr' id='par_1_11' title="bbox 326 1033 1914 1107">
     <span class='ocr_line' id='line_1_11' title="bbox 326 1033 1914 1107; baseline -0.001 -19"><span class='ocrx_word' id='word_1_85' title='bbox 326 1036 556 1107; x_wconf 80' lang='grc' dir='ltr'>ἐποίησε</span> <span class='ocrx_word' id='word_1_86' title='bbox 591 1035 881 1106; x_wconf 77' lang='grc' dir='ltr'>στερέωμα</span> <span class='ocrx_word' id='word_1_87' title='bbox 914 1033 1233 1088; x_wconf 76' lang='grc' dir='ltr'>κυκλεῦσαι.</span> <span class='ocrx_word' id='word_1_88' title='bbox 1268 1035 1379 1087; x_wconf 82' lang='grc' dir='ltr'><strong>Καὶ</strong></span> <span class='ocrx_word' id='word_1_89' title='bbox 1411 1034 1572 1087; x_wconf 81' lang='grc' dir='ltr'>πάλιν</span> <span class='ocrx_word' id='word_1_90' title='bbox 1605 1033 1787 1086; x_wconf 79' lang='grc' dir='ltr'>ἔκτισε</span> <span class='ocrx_word' id='word_1_91' title='bbox 1815 1034 1914 1106; x_wconf 78' lang='grc' dir='ltr'>τὴν</span> 
     </span>
    </p>
   </div>
   <div class='ocr_carea' id='block_1_12' title="bbox 325 1125 1913 1198">
    <p class='ocr_par' dir='ltr' id='par_1_12' title="bbox 325 1125 1913 1198">
     <span class='ocr_line' id='line_1_12' title="bbox 325 1125 1913 1198; baseline -0.001 -18"><span class='ocrx_word' id='word_1_92' title='bbox 325 1129 436 1196; x_wconf 79' lang='grc' dir='ltr'>γῆν</span> <span class='ocrx_word' id='word_1_93' title='bbox 464 1129 547 1190; x_wconf 77' lang='grc' dir='ltr'>εἰς</span> <span class='ocrx_word' id='word_1_94' title='bbox 576 1128 689 1198; x_wconf 79' lang='grc' dir='ltr'>εῖδη</span> <span class='ocrx_word' id='word_1_95' title='bbox 727 1125 890 1181; x_wconf 87' lang='grc' dir='ltr'>ὀκτώ.</span> <span class='ocrx_word' id='word_1_96' title='bbox 937 1125 996 1179; x_wconf 78' lang='grc'><strong>’0</strong></span> <span class='ocrx_word' id='word_1_97' title='bbox 1031 1126 1088 1179; x_wconf 83' lang='grc' dir='ltr'><strong>δὲ</strong></span> <span class='ocrx_word' id='word_1_98' title='bbox 1129 1126 1424 1197; x_wconf 73' lang='grc' dir='ltr'>Ὠμοφόρος</span> <span class='ocrx_word' id='word_1_99' title='bbox 1463 1127 1613 1180; x_wconf 87' lang='grc' dir='ltr'>κάτω</span> <span class='ocrx_word' id='word_1_100' title='bbox 1658 1125 1913 1197; x_wconf 82' lang='grc' dir='ltr'><strong>βαστάζει</strong></span> 
     </span>
    </p>
   </div>
   <div class='ocr_carea' id='block_1_13' title="bbox 328 1210 1912 1284">
    <p class='ocr_par' dir='ltr' id='par_1_13' title="bbox 328 1210 1912 1284">
     <span class='ocr_line' id='line_1_13' title="bbox 328 1210 1912 1284; baseline -0.005 -14"><span class='ocrx_word' id='word_1_101' title='bbox 328 1219 426 1270; x_wconf 73' lang='grc' dir='ltr'><strong>καὶ</strong></span> <span class='ocrx_word' id='word_1_102' title='bbox 481 1215 621 1269; x_wconf 76' lang='grc' dir='ltr'>ἐπὰν</span> <span class='ocrx_word' id='word_1_103' title='bbox 677 1215 828 1284; x_wconf 83' lang='grc' dir='ltr'>κάμῃ</span> <span class='ocrx_word' id='word_1_104' title='bbox 885 1212 1202 1283; x_wconf 76' lang='grc' dir='ltr'><strong>βαστάζων,</strong></span> <span class='ocrx_word' id='word_1_105' title='bbox 1265 1214 1480 1282; x_wconf 84' lang='grc' dir='ltr'>τρέμει,</span> <span class='ocrx_word' id='word_1_106' title='bbox 1538 1212 1632 1264; x_wconf 77' lang='grc' dir='ltr'><strong>καὶ</strong></span> <span class='ocrx_word' id='word_1_107' title='bbox 1689 1210 1912 1280; x_wconf 78' lang='grc' dir='ltr'>σεισμοῦ</span> 
     </span>
    </p>
   </div>
   <div class='ocr_carea' id='block_1_14' title="bbox 327 1301 1912 1374">
    <p class='ocr_par' dir='ltr' id='par_1_14' title="bbox 327 1301 1912 1374">
     <span class='ocr_line' id='line_1_14' title="bbox 327 1301 1912 1374; baseline -0.005 -13"><span class='ocrx_word' id='word_1_108' title='bbox 327 1311 508 1372; x_wconf 74' lang='grc' dir='ltr'>αἴτιος</span> <span class='ocrx_word' id='word_1_109' title='bbox 537 1305 783 1372; x_wconf 84' lang='grc' dir='ltr'>γίνεσθαι</span> <span class='ocrx_word' id='word_1_110' title='bbox 814 1303 966 1374; x_wconf 79' lang='grc' dir='ltr'>παρὰ</span> <span class='ocrx_word' id='word_1_111' title='bbox 1002 1303 1097 1357; x_wconf 86' lang='grc' dir='ltr'><strong>τὸν</strong></span> <span class='ocrx_word' id='word_1_112' title='bbox 1127 1303 1428 1373; x_wconf 83' lang='grc' dir='ltr'>ὡρισμένον</span> <span class='ocrx_word' id='word_1_113' title='bbox 1462 1303 1670 1373; x_wconf 83' lang='grc' dir='ltr'>καιρόν.</span> <span class='ocrx_word' id='word_1_114' title='bbox 1708 1301 1912 1355; x_wconf 80' lang='grc' dir='ltr'>Τούτου</span> 
     </span>
    </p>
   </div>
   <div class='ocr_carea' id='block_1_15' title="bbox 326 1395 1914 1466">
    <p class='ocr_par' dir='ltr' id='par_1_15' title="bbox 326 1395 1914 1466">
     <span class='ocr_line' id='line_1_15' title="bbox 326 1395 1914 1466; baseline -0.004 -9"><span class='ocrx_word' id='word_1_115' title='bbox 326 1405 497 1457; x_wconf 75' lang='grc' dir='ltr'>ἕνεκα</span> <span class='ocrx_word' id='word_1_116' title='bbox 543 1404 634 1457; x_wconf 85' lang='grc' dir='ltr'><strong>τὸν</strong></span> <span class='ocrx_word' id='word_1_117' title='bbox 686 1403 814 1455; x_wconf 82' lang='grc' dir='ltr'>Υίὸν</span> <span class='ocrx_word' id='word_1_118' title='bbox 864 1397 1028 1454; x_wconf 81' lang='grc' dir='ltr'>αὐτοῦ</span> <span class='ocrx_word' id='word_1_119' title='bbox 1060 1396 1375 1451; x_wconf 86' lang='grc' dir='ltr'>ἀπέστειλεν</span> <span class='ocrx_word' id='word_1_120' title='bbox 1413 1399 1442 1450; x_wconf 98' lang='lat'><strong>6</strong></span> <span class='ocrx_word' id='word_1_121' title='bbox 1490 1395 1690 1466; x_wconf 87' lang='grc' dir='ltr'>ἀγαθὸς</span> <span class='ocrx_word' id='word_1_122' title='bbox 1723 1396 1914 1466; x_wconf 80' lang='grc' dir='ltr'>Πατὴρ</span> 
     </span>
    </p>
   </div>
   <div class='ocr_carea' id='block_1_16' title="bbox 326 1488 1914 1564">
    <p class='ocr_par' dir='ltr' id='par_1_16' title="bbox 326 1488 1914 1564">
     <span class='ocr_line' id='line_1_16' title="bbox 326 1488 1914 1564; baseline -0.006 -13"><span class='ocrx_word' id='word_1_123' title='bbox 326 1499 396 1550; x_wconf 83' lang='grc' dir='ltr'>ὲκ</span> <span class='ocrx_word' id='word_1_124' title='bbox 425 1498 537 1550; x_wconf 89' lang='grc' dir='ltr'><strong>τῶν</strong></span> <span class='ocrx_word' id='word_1_125' title='bbox 565 1496 784 1550; x_wconf 82' lang='grc' dir='ltr'>κόλπων</span> <span class='ocrx_word' id='word_1_126' title='bbox 812 1495 892 1558; x_wconf 81' lang='grc' dir='ltr'><strong>είς</strong></span> <span class='ocrx_word' id='word_1_127' title='bbox 914 1492 1013 1564; x_wconf 85' lang='grc' dir='ltr'><strong>τὴν</strong></span> <span class='ocrx_word' id='word_1_128' title='bbox 1045 1489 1269 1563; x_wconf 82' lang='grc' dir='ltr'>καρδίαν</span> <span class='ocrx_word' id='word_1_129' title='bbox 1307 1490 1407 1560; x_wconf 87' lang='grc' dir='ltr'>τῆς</span> <span class='ocrx_word' id='word_1_130' title='bbox 1441 1488 1566 1559; x_wconf 80' lang='grc' dir='ltr'>γῆς,</span> <span class='ocrx_word' id='word_1_131' title='bbox 1609 1488 1702 1542; x_wconf 75' lang='grc' dir='ltr'><strong>καὶ</strong></span> <span class='ocrx_word' id='word_1_132' title='bbox 1739 1490 1820 1551; x_wconf 83' lang='grc' dir='ltr'><strong>είς</strong></span> <span class='ocrx_word' id='word_1_133' title='bbox 1846 1488 1914 1542; x_wconf 81' lang='grc' dir='ltr'>τὰ</span> 
     </span>
    </p>
   </div>
   <div class='ocr_carea' id='block_1_17' title="bbox 324 1577 1917 1658">
    <p class='ocr_par' dir='ltr' id='par_1_17' title="bbox 324 1577 1917 1658">
     <span class='ocr_line' id='line_1_17' title="bbox 324 1577 1917 1658; baseline -0.007 -17"><span class='ocrx_word' id='word_1_134' title='bbox 324 1589 538 1658; x_wconf 83' lang='grc' dir='ltr'>ταύτης</span> <span class='ocrx_word' id='word_1_135' title='bbox 573 1585 860 1640; x_wconf 86' lang='grc' dir='ltr'>κατώτατα</span> <span class='ocrx_word' id='word_1_136' title='bbox 901 1584 1064 1655; x_wconf 88' lang='grc' dir='ltr'>μέρη.</span> <span class='ocrx_word' id='word_1_137' title='bbox 1106 1583 1254 1644; x_wconf 85' lang='grc' dir='ltr'>ὅπως</span> <span class='ocrx_word' id='word_1_138' title='bbox 1291 1577 1440 1650; x_wconf 76' lang='grc' dir='ltr'>αὐτῷ</span> <span class='ocrx_word' id='word_1_139' title='bbox 1475 1579 1573 1650; x_wconf 83' lang='grc' dir='ltr'><strong>τὴν</strong></span> <span class='ocrx_word' id='word_1_140' title='bbox 1609 1579 1917 1649; x_wconf 86' lang='grc' dir='ltr'>προσήκου-</span> 
     </span>
    </p>
   </div>
   <div class='ocr_carea' id='block_1_18' title="bbox 329 1669 1912 1748">
    <p class='ocr_par' dir='ltr' id='par_1_18' title="bbox 329 1669 1912 1748">
     <span class='ocr_line' id='line_1_18' title="bbox 329 1669 1912 1748; baseline -0.008 -14"><span class='ocrx_word' id='word_1_141' title='bbox 329 1698 433 1734; x_wconf 85' lang='grc' dir='ltr'><strong>σαν</strong></span> <span class='ocrx_word' id='word_1_142' title='bbox 465 1677 761 1748; x_wconf 73' lang='grc' dir='ltr'>ἐπιθυμίαν</span> <span class='ocrx_word' id='word_1_143' title='bbox 795 1678 811 1708; x_wconf 80' lang='grc' dir='ltr'><strong>ί</strong></span> <span class='ocrx_word' id='word_1_144' title='bbox 840 1675 915 1746; x_wconf 84' lang='grc' dir='ltr'>δῷ</span> <span class='ocrx_word' id='word_1_145' title='bbox 933 1691 947 1705; x_wconf 87' lang='grc'><strong>·</strong></span> <span class='ocrx_word' id='word_1_146' title='bbox 977 1676 1071 1728; x_wconf 71' lang='grc' dir='ltr'>καὶ</span> <span class='ocrx_word' id='word_1_147' title='bbox 1093 1672 1284 1736; x_wconf 83' lang='grc' dir='ltr'>ὁσάκις</span> <span class='ocrx_word' id='word_1_148' title='bbox 1311 1671 1377 1726; x_wconf 85' lang='grc' dir='ltr'><strong>ἂν</strong></span> <span class='ocrx_word' id='word_1_149' title='bbox 1413 1669 1636 1738; x_wconf 85' lang='grc' dir='ltr'>σεισμὸς</span> <span class='ocrx_word' id='word_1_150' title='bbox 1665 1669 1912 1740; x_wconf 83' lang='grc' dir='ltr'>γένηται,</span> 
     </span>
    </p>
   </div>
   <div class='ocr_carea' id='block_1_19' title="bbox 2090 849 3584 923">
    <p class='ocr_par' dir='ltr' id='par_1_19' title="bbox 2090 849 3584 923">
     <span class='ocr_line' id='line_1_19' title="bbox 2090 849 3584 923; baseline -0.001 -18"><span class='ocrx_word' id='word_1_151' title='bbox 2090 849 2277 905; x_wconf 84' lang='lat' dir='ltr'><strong>XXVI.</strong></span> <span class='ocrx_word' id='word_1_152' title='bbox 2320 851 2458 907; x_wconf 92' lang='lat' dir='ltr'><strong>Tum</strong></span> <span class='ocrx_word' id='word_1_153' title='bbox 2488 869 2616 908; x_wconf 90' lang='lat' dir='ltr'><strong>vero</strong></span> <span class='ocrx_word' id='word_1_154' title='bbox 2661 863 2921 923; x_wconf 62' lang='lat' dir='ltr'><strong>praaterea</strong></span> <span class='ocrx_word' id='word_1_155' title='bbox 2965 852 3155 907; x_wconf 88' lang='lat' dir='ltr'><strong>eodem</strong></span> <span class='ocrx_word' id='word_1_156' title='bbox 3187 867 3216 906; x_wconf 92' lang='lat' dir='ltr'><strong>a</strong></span> <span class='ocrx_word' id='word_1_157' title='bbox 3250 851 3456 920; x_wconf 87' lang='lat' dir='ltr'><strong>Spiritu</strong></span> <span class='ocrx_word' id='word_1_158' title='bbox 3503 851 3584 904; x_wconf 85' lang='lat' dir='ltr'><strong>lu-</strong></span> 
     </span>
    </p>
   </div>
   <div class='ocr_carea' id='block_1_20' title="bbox 2017 943 3586 1016">
    <p class='ocr_par' dir='ltr' id='par_1_20' title="bbox 2017 943 3586 1016">
     <span class='ocr_line' id='line_1_20' title="bbox 2017 943 3586 1016; baseline -0.001 -18"><span class='ocrx_word' id='word_1_159' title='bbox 2017 945 2250 999; x_wconf 87' lang='lat' dir='ltr'><strong>minaria</strong></span> <span class='ocrx_word' id='word_1_160' title='bbox 2286 955 2470 1000; x_wconf 86' lang='lat' dir='ltr'><strong>creata</strong></span> <span class='ocrx_word' id='word_1_161' title='bbox 2493 987 2506 1011; x_wconf 94' lang='lat'><strong>,</strong></span> <span class='ocrx_word' id='word_1_162' title='bbox 2542 961 2664 1016; x_wconf 72' lang='lat' dir='ltr'><strong>qua:</strong></span> <span class='ocrx_word' id='word_1_163' title='bbox 2699 954 2826 1000; x_wconf 88' lang='lat' dir='ltr'><strong>sunt</strong></span> <span class='ocrx_word' id='word_1_164' title='bbox 2859 945 3057 999; x_wconf 70' lang='lat' dir='ltr'><strong>anima:</strong></span> <span class='ocrx_word' id='word_1_165' title='bbox 3087 944 3333 1014; x_wconf 81' lang='lat' dir='ltr'><strong>reliquiae</strong></span> <span class='ocrx_word' id='word_1_166' title='bbox 3361 961 3374 1010; x_wconf 90' lang='lat'><strong>;</strong></span> <span class='ocrx_word' id='word_1_167' title='bbox 3406 943 3586 1012; x_wconf 85' lang='lat' dir='ltr'><strong>itaque</strong></span> 
     </span>
    </p>
   </div>
   <div class='ocr_carea' id='block_1_21' title="bbox 2017 1035 3588 1107">
    <p class='ocr_par' dir='ltr' id='par_1_21' title="bbox 2017 1035 3588 1107">
     <span class='ocr_line' id='line_1_21' title="bbox 2017 1035 3588 1107; baseline -0.001 -19"><span class='ocrx_word' id='word_1_168' title='bbox 2017 1036 2087 1091; x_wconf 88' lang='lat' dir='ltr'><strong>ab</strong></span> <span class='ocrx_word' id='word_1_169' title='bbox 2121 1036 2216 1090; x_wconf 91' lang='lat' dir='ltr'><strong>illo</strong></span> <span class='ocrx_word' id='word_1_170' title='bbox 2246 1036 2488 1107; x_wconf 82' lang='lat' dir='ltr'><strong>perfecta</strong></span> <span class='ocrx_word' id='word_1_171' title='bbox 2510 1078 2524 1102; x_wconf 96' lang='lat'><strong>,</strong></span> <span class='ocrx_word' id='word_1_172' title='bbox 2557 1045 2619 1092; x_wconf 93' lang='lat' dir='ltr'><strong>ut</strong></span> <span class='ocrx_word' id='word_1_173' title='bbox 2655 1036 3056 1091; x_wconf 73' lang='lat' dir='ltr'><strong>firmamentum</strong></span> <span class='ocrx_word' id='word_1_174' title='bbox 3090 1035 3420 1088; x_wconf 88' lang='lat' dir='ltr'><strong>circumacta</strong></span> <span class='ocrx_word' id='word_1_175' title='bbox 3461 1049 3588 1103; x_wconf 88' lang='lat' dir='ltr'><strong>per-</strong></span> 
     </span>
    </p>
   </div>
   <div class='ocr_carea' id='block_1_22' title="bbox 2016 1125 3586 1197">
    <p class='ocr_par' dir='ltr' id='par_1_22' title="bbox 2016 1125 3586 1197">
     <span class='ocr_line' id='line_1_22' title="bbox 2016 1125 3586 1197; baseline -0.002 -16"><span class='ocrx_word' id='word_1_176' title='bbox 2016 1139 2323 1182; x_wconf 91' lang='lat' dir='ltr'><strong>currerent.</strong></span> <span class='ocrx_word' id='word_1_177' title='bbox 2355 1127 2593 1182; x_wconf 79' lang='lat' dir='ltr'><strong>Rursum</strong></span> <span class='ocrx_word' id='word_1_178' title='bbox 2620 1143 2751 1184; x_wconf 90' lang='lat' dir='ltr'><strong>vero</strong></span> <span class='ocrx_word' id='word_1_179' title='bbox 2775 1135 2976 1184; x_wconf 88' lang='lat' dir='ltr'><strong>terram</strong></span> <span class='ocrx_word' id='word_1_180' title='bbox 3006 1127 3268 1197; x_wconf 88' lang='lat' dir='ltr'><strong>octuplici</strong></span> <span class='ocrx_word' id='word_1_181' title='bbox 3302 1128 3481 1197; x_wconf 90' lang='lat' dir='ltr'><strong>specie</strong></span> <span class='ocrx_word' id='word_1_182' title='bbox 3510 1125 3586 1179; x_wconf 82' lang='lat' dir='ltr'><strong>l&#39;a-</strong></span> 
     </span>
    </p>
   </div>
   <div class='ocr_carea' id='block_1_23' title="bbox 2019 1219 3589 1291">
    <p class='ocr_par' dir='ltr' id='par_1_23' title="bbox 2019 1219 3589 1291">
     <span class='ocr_line' id='line_1_23' title="bbox 2019 1219 3589 1291; baseline 0.001 -18"><span class='ocrx_word' id='word_1_183' title='bbox 2019 1219 2286 1276; x_wconf 85' lang='lat' dir='ltr'><strong>bricasse.</strong></span> <span class='ocrx_word' id='word_1_184' title='bbox 2315 1222 2386 1274; x_wconf 85' lang='lat' dir='ltr'><strong>At</strong></span> <span class='ocrx_word' id='word_1_185' title='bbox 2411 1221 2659 1291; x_wconf 89' lang='lat' dir='ltr'><strong>Bajulum</strong></span> <span class='ocrx_word' id='word_1_186' title='bbox 2685 1222 2827 1275; x_wconf 86' lang='lat' dir='ltr'><strong>infra</strong></span> <span class='ocrx_word' id='word_1_187' title='bbox 2861 1221 3158 1282; x_wconf 88' lang='lat' dir='ltr'><strong>sustinere,</strong></span> <span class='ocrx_word' id='word_1_188' title='bbox 3195 1219 3589 1290; x_wconf 78' lang='lat' dir='ltr'><strong>fatigatumque</strong></span> 
     </span>
    </p>
   </div>
   <div class='ocr_carea' id='block_1_24' title="bbox 2018 1314 3588 1383">
    <p class='ocr_par' dir='ltr' id='par_1_24' title="bbox 2018 1314 3588 1383">
     <span class='ocr_line' id='line_1_24' title="bbox 2018 1314 3588 1383; baseline -0.001 -17"><span class='ocrx_word' id='word_1_189' title='bbox 2018 1321 2252 1367; x_wconf 87' lang='lat' dir='ltr'><strong>tremere</strong></span> <span class='ocrx_word' id='word_1_190' title='bbox 2273 1355 2288 1376; x_wconf 95' lang='lat'><strong>,</strong></span> <span class='ocrx_word' id='word_1_191' title='bbox 2322 1329 2386 1368; x_wconf 90' lang='lat' dir='ltr'><strong>ac</strong></span> <span class='ocrx_word' id='word_1_192' title='bbox 2417 1321 2576 1368; x_wconf 70' lang='lat' dir='ltr'><strong>terrae</strong></span> <span class='ocrx_word' id='word_1_193' title='bbox 2602 1321 2807 1368; x_wconf 90' lang='lat' dir='ltr'><strong>motum</strong></span> <span class='ocrx_word' id='word_1_194' title='bbox 2840 1321 3034 1383; x_wconf 67' lang='lat' dir='ltr'><strong>praeter</strong></span> <span class='ocrx_word' id='word_1_195' title='bbox 3061 1314 3418 1368; x_wconf 87' lang='lat' dir='ltr'><strong>constitutum</strong></span> <span class='ocrx_word' id='word_1_196' title='bbox 3451 1319 3588 1366; x_wconf 90' lang='lat' dir='ltr'><strong>tem-</strong></span> 
     </span>
    </p>
   </div>
   <div class='ocr_carea' id='block_1_25' title="bbox 2021 1402 3588 1476">
    <p class='ocr_par' dir='ltr' id='par_1_25' title="bbox 2021 1402 3588 1476">
     <span class='ocr_line' id='line_1_25' title="bbox 2021 1402 3588 1476; baseline 0.001 -19"><span class='ocrx_word' id='word_1_197' title='bbox 2021 1420 2126 1473; x_wconf 88' lang='lat' dir='ltr'><strong>pus</strong></span> <span class='ocrx_word' id='word_1_198' title='bbox 2153 1403 2381 1460; x_wconf 80' lang='lat' dir='ltr'><strong>eiiicere.</strong></span> <span class='ocrx_word' id='word_1_199' title='bbox 2416 1403 2499 1460; x_wconf 90' lang='lat' dir='ltr'><strong>Ob</strong></span> <span class='ocrx_word' id='word_1_200' title='bbox 2537 1403 2590 1459; x_wconf 89' lang='lat' dir='ltr'><strong>id</strong></span> <span class='ocrx_word' id='word_1_201' title='bbox 2628 1404 2840 1468; x_wconf 86' lang='lat' dir='ltr'><strong>bonus,</strong></span> <span class='ocrx_word' id='word_1_202' title='bbox 2881 1405 3094 1476; x_wconf 91' lang='lat' dir='ltr'><strong>inquit,</strong></span> <span class='ocrx_word' id='word_1_203' title='bbox 3131 1404 3290 1459; x_wconf 88' lang='lat' dir='ltr'><strong>Pater</strong></span> <span class='ocrx_word' id='word_1_204' title='bbox 3328 1402 3526 1457; x_wconf 87' lang='lat' dir='ltr'><strong>Filium</strong></span> <span class='ocrx_word' id='word_1_205' title='bbox 3559 1418 3588 1458; x_wconf 93' lang='lat' dir='ltr'><strong>e</strong></span> 
     </span>
    </p>
   </div>
   <div class='ocr_carea' id='block_1_26' title="bbox 2020 1495 3589 1566">
    <p class='ocr_par' dir='ltr' id='par_1_26' title="bbox 2020 1495 3589 1566">
     <span class='ocr_line' id='line_1_26' title="bbox 2020 1495 3589 1566; baseline -0.001 -16"><span class='ocrx_word' id='word_1_206' title='bbox 2020 1495 2144 1550; x_wconf 90' lang='lat' dir='ltr'><strong>sinu</strong></span> <span class='ocrx_word' id='word_1_207' title='bbox 2183 1512 2284 1551; x_wconf 91' lang='lat' dir='ltr'><strong>suo</strong></span> <span class='ocrx_word' id='word_1_208' title='bbox 2331 1497 2383 1549; x_wconf 92' lang='lat' dir='ltr'><strong>in</strong></span> <span class='ocrx_word' id='word_1_209' title='bbox 2427 1506 2584 1552; x_wconf 66' lang='lat' dir='ltr'><strong>terrae</strong></span> <span class='ocrx_word' id='word_1_210' title='bbox 2629 1497 2961 1566; x_wconf 81' lang='lat' dir='ltr'><strong>penetralia,</strong></span> <span class='ocrx_word' id='word_1_211' title='bbox 3000 1506 3163 1566; x_wconf 90' lang='lat' dir='ltr'><strong>atque</strong></span> <span class='ocrx_word' id='word_1_212' title='bbox 3205 1495 3427 1551; x_wconf 90' lang='lat' dir='ltr'><strong>intimas</strong></span> <span class='ocrx_word' id='word_1_213' title='bbox 3469 1496 3589 1564; x_wconf 86' lang='lat' dir='ltr'><strong>ejus</strong></span> 
     </span>
    </p>
   </div>
   <div class='ocr_carea' id='block_1_27' title="bbox 2021 1583 3590 1657">
    <p class='ocr_par' dir='ltr' id='par_1_27' title="bbox 2021 1583 3590 1657">
     <span class='ocr_line' id='line_1_27' title="bbox 2021 1583 3590 1657; baseline -0.003 -19"><span class='ocrx_word' id='word_1_214' title='bbox 2021 1594 2205 1656; x_wconf 82' lang='lat' dir='ltr'><strong>partes</strong></span> <span class='ocrx_word' id='word_1_215' title='bbox 2251 1586 2536 1657; x_wconf 79' lang='lat' dir='ltr'><strong>allegavit,</strong></span> <span class='ocrx_word' id='word_1_216' title='bbox 2597 1595 2659 1640; x_wconf 91' lang='lat' dir='ltr'><strong>ut</strong></span> <span class='ocrx_word' id='word_1_217' title='bbox 2709 1586 2856 1641; x_wconf 91' lang='lat' dir='ltr'><strong>illius</strong></span> <span class='ocrx_word' id='word_1_218' title='bbox 2901 1592 3274 1641; x_wconf 79' lang='lat' dir='ltr'><strong>consentanea</strong></span> <span class='ocrx_word' id='word_1_219' title='bbox 3315 1583 3590 1639; x_wconf 83' lang='lat' dir='ltr'><strong>desiderio</strong></span> 
     </span>
    </p>
   </div>
   <div class='ocr_carea' id='block_1_28' title="bbox 2021 1674 3587 1746">
    <p class='ocr_par' dir='ltr' id='par_1_28' title="bbox 2021 1674 3587 1746">
     <span class='ocr_line' id='line_1_28' title="bbox 2021 1674 3587 1746; baseline -0.004 -15"><span class='ocrx_word' id='word_1_220' title='bbox 2021 1676 2366 1731; x_wconf 81' lang='lat' dir='ltr'><strong>satisfaceret</strong></span> <span class='ocrx_word' id='word_1_221' title='bbox 2393 1695 2408 1739; x_wconf 86' lang='lat'><strong>;</strong></span> <span class='ocrx_word' id='word_1_222' title='bbox 2439 1687 2494 1732; x_wconf 91' lang='lat' dir='ltr'><strong>et</strong></span> <span class='ocrx_word' id='word_1_223' title='bbox 2524 1677 2742 1746; x_wconf 91' lang='lat' dir='ltr'><strong>quoties</strong></span> <span class='ocrx_word' id='word_1_224' title='bbox 2776 1684 2921 1730; x_wconf 89' lang='lat' dir='ltr'><strong>terra</strong></span> <span class='ocrx_word' id='word_1_225' title='bbox 2958 1682 3168 1736; x_wconf 84' lang='lat' dir='ltr'><strong>movet,</strong></span> <span class='ocrx_word' id='word_1_226' title='bbox 3202 1674 3284 1728; x_wconf 82' lang='lat' dir='ltr'><strong>vel</strong></span> <span class='ocrx_word' id='word_1_227' title='bbox 3316 1674 3407 1728; x_wconf 91' lang='lat' dir='ltr'><strong>ille</strong></span> <span class='ocrx_word' id='word_1_228' title='bbox 3437 1674 3587 1728; x_wconf 83' lang='lat' dir='ltr'><strong>Ialm-</strong></span> 
     </span>
    </p>
   </div>
   <div class='ocr_carea' id='block_1_29' title="bbox 328 1751 1913 1841">
    <p class='ocr_par' dir='ltr' id='par_1_29' title="bbox 328 1751 1911 1839">
     <span class='ocr_line' id='line_1_29' title="bbox 328 1751 1911 1839; baseline -0.007 -18"><span class='ocrx_word' id='word_1_229' title='bbox 328 1769 363 1839; x_wconf 79' lang='grc' dir='ltr'>ἦ</span> <span class='ocrx_word' id='word_1_230' title='bbox 391 1769 587 1838; x_wconf 83' lang='grc' dir='ltr'>τρέμει</span> <span class='ocrx_word' id='word_1_231' title='bbox 615 1765 862 1832; x_wconf 84' lang='grc' dir='ltr'>κάμνων,</span> <span class='ocrx_word' id='word_1_232' title='bbox 890 1763 923 1834; x_wconf 86' lang='grc' dir='ltr'>ἢ</span> <span class='ocrx_word' id='word_1_233' title='bbox 958 1763 1233 1833; x_wconf 77' lang='grc' dir='ltr'>ἀντιφέρει</span> <span class='ocrx_word' id='word_1_234' title='bbox 1274 1761 1353 1824; x_wconf 83' lang='grc' dir='ltr'><strong>είς</strong></span> <span class='ocrx_word' id='word_1_235' title='bbox 1391 1760 1482 1813; x_wconf 84' lang='grc' dir='ltr'><strong>τὸν</strong></span> <span class='ocrx_word' id='word_1_236' title='bbox 1520 1759 1704 1830; x_wconf 72' lang='grc' dir='ltr'>ἕτερον</span> <span class='ocrx_word' id='word_1_237' title='bbox 1739 1751 1911 1828; x_wconf 77' lang='grc' dir='ltr'>ὦμον.</span> 
     </span>
    </p>
   </div>
   <div class='ocr_carea' id='block_1_30' title="bbox 2017 1751 3589 1841">
    <p class='ocr_par' dir='ltr' id='par_1_30' title="bbox 2021 1766 3589 1830">
     <span class='ocr_line' id='line_1_30' title="bbox 2021 1766 3589 1830; baseline -0.001 -10"><span class='ocrx_word' id='word_1_238' title='bbox 2021 1783 2152 1822; x_wconf 87' lang='lat' dir='ltr'><strong>rans</strong></span> <span class='ocrx_word' id='word_1_239' title='bbox 2186 1769 2406 1830; x_wconf 93' lang='lat' dir='ltr'><strong>tremit,</strong></span> <span class='ocrx_word' id='word_1_240' title='bbox 2439 1767 2526 1822; x_wconf 86' lang='lat' dir='ltr'><strong>vel</strong></span> <span class='ocrx_word' id='word_1_241' title='bbox 2556 1782 2696 1822; x_wconf 91' lang='lat' dir='ltr'><strong>onus</strong></span> <span class='ocrx_word' id='word_1_242' title='bbox 2729 1767 2785 1821; x_wconf 88' lang='lat' dir='ltr'><strong>in</strong></span> <span class='ocrx_word' id='word_1_243' title='bbox 2825 1767 3056 1821; x_wconf 86' lang='lat' dir='ltr'><strong>alterum</strong></span> <span class='ocrx_word' id='word_1_244' title='bbox 3088 1766 3373 1819; x_wconf 89' lang='lat' dir='ltr'><strong>humerum</strong></span> <span class='ocrx_word' id='word_1_245' title='bbox 3409 1774 3589 1819; x_wconf 85' lang='lat' dir='ltr'><strong>trans-</strong></span> 
     </span>
    </p>
   </div>
   <div class='ocr_carea' id='block_1_31' title="bbox 327 1848 1912 1927">
    <p class='ocr_par' dir='ltr' id='par_1_31' title="bbox 327 1848 1912 1927">
     <span class='ocr_line' id='line_1_31' title="bbox 327 1848 1912 1927; baseline -0.006 -15"><span class='ocrx_word' id='word_1_246' title='bbox 327 1861 468 1914; x_wconf 84' lang='grc' dir='ltr'>Τότε</span> <span class='ocrx_word' id='word_1_247' title='bbox 496 1860 675 1912; x_wconf 87' lang='grc' dir='ltr'>τοίνυν</span> <span class='ocrx_word' id='word_1_248' title='bbox 709 1860 802 1910; x_wconf 77' lang='grc' dir='ltr'><strong>καὶ</strong></span> <span class='ocrx_word' id='word_1_249' title='bbox 842 1859 874 1927; x_wconf 84' lang='grc' dir='ltr'><strong>ἡ</strong></span> <span class='ocrx_word' id='word_1_250' title='bbox 907 1856 1006 1926; x_wconf 83' lang='grc' dir='ltr'>ὖλη</span> <span class='ocrx_word' id='word_1_251' title='bbox 1047 1855 1140 1924; x_wconf 76' lang='grc' dir='ltr'><strong>ἀφ’</strong></span> <span class='ocrx_word' id='word_1_252' title='bbox 1173 1854 1373 1924; x_wconf 81' lang='grc' dir='ltr'>ἑαυτῆς</span> <span class='ocrx_word' id='word_1_253' title='bbox 1419 1850 1598 1904; x_wconf 84' lang='grc' dir='ltr'>ἔκτισε</span> <span class='ocrx_word' id='word_1_254' title='bbox 1645 1849 1714 1904; x_wconf 77' lang='grc' dir='ltr'>τὰ</span> <span class='ocrx_word' id='word_1_255' title='bbox 1742 1848 1912 1920; x_wconf 82' lang='grc' dir='ltr'>φυτά·</span> 
     </span>
    </p>
   </div>
   <div class='ocr_carea' id='block_1_32' title="bbox 328 1940 1916 2020">
    <p class='ocr_par' dir='ltr' id='par_1_32' title="bbox 328 1940 1916 2020">
     <span class='ocr_line' id='line_1_32' title="bbox 328 1940 1916 2020; baseline -0.008 -15"><span class='ocrx_word' id='word_1_256' title='bbox 328 1954 428 2005; x_wconf 84' lang='grc' dir='ltr'><strong>καὶ</strong></span> <span class='ocrx_word' id='word_1_257' title='bbox 481 1949 806 2020; x_wconf 83' lang='grc' dir='ltr'>συλωμένων</span> <span class='ocrx_word' id='word_1_258' title='bbox 852 1947 1032 2002; x_wconf 81' lang='grc' dir='ltr'>αὐτῶν</span> <span class='ocrx_word' id='word_1_259' title='bbox 1079 1945 1188 2000; x_wconf 88' lang='grc' dir='ltr'><strong>ἀπό</strong></span> <span class='ocrx_word' id='word_1_260' title='bbox 1233 1961 1394 1996; x_wconf 91' lang='grc' dir='ltr'>τινων</span> <span class='ocrx_word' id='word_1_261' title='bbox 1437 1943 1733 2013; x_wconf 76' lang='grc' dir='ltr'>ἀρχόντων,</span> <span class='ocrx_word' id='word_1_262' title='bbox 1783 1940 1916 1994; x_wconf 83' lang='grc' dir='ltr'><strong>ὲκά-</strong></span> 
     </span>
    </p>
   </div>
   <div class='ocr_carea' id='block_1_33' title="bbox 327 2031 1919 2108">
    <p class='ocr_par' dir='ltr' id='par_1_33' title="bbox 327 2031 1919 2108">
     <span class='ocr_line' id='line_1_33' title="bbox 327 2031 1919 2108; baseline -0.008 -12"><span class='ocrx_word' id='word_1_263' title='bbox 327 2042 458 2096; x_wconf 84' lang='grc' dir='ltr'>λεσε</span> <span class='ocrx_word' id='word_1_264' title='bbox 511 2042 719 2104; x_wconf 82' lang='grc' dir='ltr'>πάντας</span> <span class='ocrx_word' id='word_1_265' title='bbox 763 2040 891 2102; x_wconf 79' lang='grc' dir='ltr'>τοὺς</span> <span class='ocrx_word' id='word_1_266' title='bbox 937 2038 1045 2090; x_wconf 87' lang='grc' dir='ltr'><strong>τῶν</strong></span> <span class='ocrx_word' id='word_1_267' title='bbox 1085 2036 1364 2108; x_wconf 80' lang='grc' dir='ltr'>ἀρχόντων</span> <span class='ocrx_word' id='word_1_268' title='bbox 1413 2033 1771 2106; x_wconf 83' lang='grc' dir='ltr'>πρωτίστους,</span> <span class='ocrx_word' id='word_1_269' title='bbox 1823 2031 1919 2086; x_wconf 80' lang='grc' dir='ltr'>καὶ</span> 
     </span>
    </p>
   </div>
   <div class='ocr_carea' id='block_1_34' title="bbox 328 2125 1920 2200">
    <p class='ocr_par' dir='ltr' id='par_1_34' title="bbox 328 2125 1920 2200">
     <span class='ocr_line' id='line_1_34' title="bbox 328 2125 1920 2200; baseline -0.009 -11"><span class='ocrx_word' id='word_1_270' title='bbox 328 2135 526 2190; x_wconf 77' lang='grc' dir='ltr'>ἔλαϐεν</span> <span class='ocrx_word' id='word_1_271' title='bbox 577 2133 671 2188; x_wconf 75' lang='grc' dir='ltr'>ἀπ’</span> <span class='ocrx_word' id='word_1_272' title='bbox 725 2132 904 2186; x_wconf 74' lang='grc' dir='ltr'>αὐτῶν</span> <span class='ocrx_word' id='word_1_273' title='bbox 960 2130 1064 2184; x_wconf 87' lang='grc' dir='ltr'><strong>ἀνά</strong></span> <span class='ocrx_word' id='word_1_274' title='bbox 1148 2130 1274 2200; x_wconf 88' lang='grc' dir='ltr'>μίαν</span> <span class='ocrx_word' id='word_1_275' title='bbox 1325 2129 1586 2198; x_wconf 83' lang='grc' dir='ltr'>δύναμιν,</span> <span class='ocrx_word' id='word_1_276' title='bbox 1639 2125 1733 2177; x_wconf 79' lang='grc' dir='ltr'><strong>καὶ</strong></span> <span class='ocrx_word' id='word_1_277' title='bbox 1788 2141 1920 2177; x_wconf 74' lang='grc' dir='ltr'>κατι</span> 
     </span>
    </p>
   </div>
   <div class='ocr_carea' id='block_1_35' title="bbox 329 2215 1915 2295">
    <p class='ocr_par' dir='ltr' id='par_1_35' title="bbox 329 2215 1915 2295">
     <span class='ocr_line' id='line_1_35' title="bbox 329 2215 1915 2295; baseline -0.009 -13"><span class='ocrx_word' id='word_1_278' title='bbox 329 2228 601 2282; x_wconf 79' lang='grc' dir='ltr'>εσκεύασε</span> <span class='ocrx_word' id='word_1_279' title='bbox 645 2227 737 2280; x_wconf 80' lang='grc' dir='ltr'><strong>τὸν</strong></span> <span class='ocrx_word' id='word_1_280' title='bbox 782 2224 1096 2295; x_wconf 79' lang='grc' dir='ltr'>ἄνθρωπον,</span> <span class='ocrx_word' id='word_1_281' title='bbox 1145 2221 1238 2275; x_wconf 84' lang='grc' dir='ltr'><strong>τὸν</strong></span> <span class='ocrx_word' id='word_1_282' title='bbox 1274 2221 1414 2274; x_wconf 85' lang='grc' dir='ltr'>κατὰ</span> <span class='ocrx_word' id='word_1_283' title='bbox 1472 2219 1570 2288; x_wconf 86' lang='grc' dir='ltr'><strong>τὴν</strong></span> <span class='ocrx_word' id='word_1_284' title='bbox 1625 2219 1767 2272; x_wconf 83' lang='grc' dir='ltr'>ἰδέαν</span> <span class='ocrx_word' id='word_1_285' title='bbox 1822 2215 1915 2269; x_wconf 84' lang='grc' dir='ltr'>τοῦ</span> 
     </span>
    </p>
   </div>
   <div class='ocr_carea' id='block_1_36' title="bbox 332 2309 1943 2394">
    <p class='ocr_par' dir='ltr' id='par_1_36' title="bbox 332 2309 1943 2394">
     <span class='ocr_line' id='line_1_36' title="bbox 332 2309 1943 2394; baseline -0.009 -20"><span class='ocrx_word' id='word_1_286' title='bbox 332 2320 558 2391; x_wconf 79' lang='grc' dir='ltr'>πρώτου</span> <span class='ocrx_word' id='word_1_287' title='bbox 591 2316 879 2390; x_wconf 85' lang='grc' dir='ltr'>ἀνθρώπου</span> <span class='ocrx_word' id='word_1_288' title='bbox 913 2315 1144 2378; x_wconf 82' lang='grc' dir='ltr'>ἐκείνου,</span> <span class='ocrx_word' id='word_1_289' title='bbox 1185 2315 1281 2366; x_wconf 78' lang='grc' dir='ltr'><strong>καὶ</strong></span> <span class='ocrx_word' id='word_1_290' title='bbox 1317 2313 1472 2382; x_wconf 88' lang='grc' dir='ltr'>ἔδησε</span> <span class='ocrx_word' id='word_1_291' title='bbox 1509 2311 1608 2382; x_wconf 83' lang='grc' dir='ltr'>τὴν</span> <span class='ocrx_word' id='word_1_292' title='bbox 1652 2309 1827 2380; x_wconf 68' lang='grc' dir='ltr'>ψυχὴν</span> <span class='ocrx_word' id='word_1_293' title='bbox 1860 2311 1943 2394; x_wconf 69' lang='grc' dir='ltr'><strong>ὲν⁴</strong></span> 
     </span>
    </p>
   </div>
   <div class='ocr_carea' id='block_1_37' title="bbox 331 2400 1916 2481">
    <p class='ocr_par' dir='ltr' id='par_1_37' title="bbox 331 2400 1916 2481">
     <span class='ocr_line' id='line_1_37' title="bbox 331 2400 1916 2481; baseline -0.009 -16"><span class='ocrx_word' id='word_1_294' title='bbox 331 2411 508 2481; x_wconf 80' lang='grc' dir='ltr'>αὐτῷ.</span> <span class='ocrx_word' id='word_1_295' title='bbox 543 2408 692 2474; x_wconf 76' lang='grc' dir='ltr'>Αὕτη</span> <span class='ocrx_word' id='word_1_296' title='bbox 719 2408 836 2460; x_wconf 81' lang='grc' dir='ltr'>ἐστὶ</span> <span class='ocrx_word' id='word_1_297' title='bbox 869 2407 970 2476; x_wconf 76' lang='grc' dir='ltr'><strong>τῆς</strong></span> <span class='ocrx_word' id='word_1_298' title='bbox 1000 2405 1352 2477; x_wconf 80' lang='grc' dir='ltr'>συγκράσεως</span> <span class='ocrx_word' id='word_1_299' title='bbox 1395 2405 1428 2472; x_wconf 87' lang='grc' dir='ltr'>ἠ</span> <span class='ocrx_word' id='word_1_300' title='bbox 1482 2400 1758 2464; x_wconf 85' lang='grc' dir='ltr'>ὑπόθεσις.</span> <span class='ocrx_word' id='word_1_301' title='bbox 1787 2401 1916 2451; x_wconf 81' lang='grc' dir='ltr'>Ὅτε</span> 
     </span>
    </p>
   </div>
   <div class='ocr_carea' id='block_1_38' title="bbox 329 2496 1917 2571">
    <p class='ocr_par' dir='ltr' id='par_1_38' title="bbox 329 2496 1917 2571">
     <span class='ocr_line' id='line_1_38' title="bbox 329 2496 1917 2571; baseline -0.006 -14"><span class='ocrx_word' id='word_1_302' title='bbox 329 2505 390 2557; x_wconf 80' lang='grc' dir='ltr'>δὲ</span> <span class='ocrx_word' id='word_1_303' title='bbox 418 2499 560 2557; x_wconf 82' lang='grc' dir='ltr'>εἶδεν</span> <span class='ocrx_word' id='word_1_304' title='bbox 595 2502 626 2553; x_wconf 87' lang='grc' dir='ltr'>ὁ</span> <span class='ocrx_word' id='word_1_305' title='bbox 661 2501 849 2571; x_wconf 86' lang='grc' dir='ltr'>Πατὴρ</span> <span class='ocrx_word' id='word_1_306' title='bbox 886 2501 915 2553; x_wconf 89' lang='lat'><strong>6</strong></span> <span class='ocrx_word' id='word_1_307' title='bbox 965 2499 1073 2562; x_wconf 79' lang='grc' dir='ltr'>ζῶν</span> <span class='ocrx_word' id='word_1_308' title='bbox 1123 2498 1443 2568; x_wconf 77' lang='grc' dir='ltr'>θλιϐομένην</span> <span class='ocrx_word' id='word_1_309' title='bbox 1489 2497 1589 2567; x_wconf 83' lang='grc' dir='ltr'><strong>τὴν</strong></span> <span class='ocrx_word' id='word_1_310' title='bbox 1630 2496 1806 2567; x_wconf 78' lang='grc' dir='ltr'>ψυχὴν</span> <span class='ocrx_word' id='word_1_311' title='bbox 1859 2497 1917 2548; x_wconf 74' lang='grc' dir='ltr'>ὲν</span> 
     </span>
    </p>
   </div>
   <div class='ocr_carea' id='block_1_39' title="bbox 326 2586 1916 2666">
    <p class='ocr_par' dir='ltr' id='par_1_39' title="bbox 326 2586 1916 2666">
     <span class='ocr_line' id='line_1_39' title="bbox 326 2586 1916 2666; baseline -0.006 -18"><span class='ocrx_word' id='word_1_312' title='bbox 326 2596 412 2666; x_wconf 79' lang='grc' dir='ltr'>τῷ</span> <span class='ocrx_word' id='word_1_313' title='bbox 449 2593 682 2662; x_wconf 86' lang='grc' dir='ltr'>σώματι,</span> <span class='ocrx_word' id='word_1_314' title='bbox 713 2591 1086 2662; x_wconf 76' lang='grc' dir='ltr'>εὔσπλαγχνος</span> <span class='ocrx_word' id='word_1_315' title='bbox 1127 2590 1204 2644; x_wconf 84' lang='grc' dir='ltr'><strong>ῶν</strong></span> <span class='ocrx_word' id='word_1_316' title='bbox 1253 2591 1346 2644; x_wconf 77' lang='grc' dir='ltr'><strong>καὶ</strong></span> <span class='ocrx_word' id='word_1_317' title='bbox 1396 2589 1516 2660; x_wconf 81' lang='grc' dir='ltr'>ἔλεή</span> <span class='ocrx_word' id='word_1_318' title='bbox 1527 2606 1663 2659; x_wconf 90' lang='grc' dir='ltr'>μων,</span> <span class='ocrx_word' id='word_1_319' title='bbox 1704 2586 1916 2658; x_wconf 81' lang='grc' dir='ltr'>ἔπεμψε</span> 
     </span>
    </p>
   </div>
   <div class='ocr_carea' id='block_1_40' title="bbox 327 2680 1918 2752">
    <p class='ocr_par' dir='ltr' id='par_1_40' title="bbox 327 2680 1918 2752">
     <span class='ocr_line' id='line_1_40' title="bbox 327 2680 1918 2752; baseline -0.004 -14"><span class='ocrx_word' id='word_1_320' title='bbox 327 2688 424 2738; x_wconf 77' lang='grc' dir='ltr'><strong>τὸν</strong></span> <span class='ocrx_word' id='word_1_321' title='bbox 478 2685 598 2736; x_wconf 82' lang='grc' dir='ltr'>Υἰὸν</span> <span class='ocrx_word' id='word_1_322' title='bbox 630 2682 794 2738; x_wconf 79' lang='grc' dir='ltr'>αὐτοῦ</span> <span class='ocrx_word' id='word_1_323' title='bbox 843 2682 934 2735; x_wconf 78' lang='grc' dir='ltr'><strong>τὸν</strong></span> <span class='ocrx_word' id='word_1_324' title='bbox 979 2683 1334 2752; x_wconf 77' lang='grc' dir='ltr'>ἠγαπημένον</span> <span class='ocrx_word' id='word_1_325' title='bbox 1375 2683 1454 2743; x_wconf 82' lang='grc' dir='ltr'><strong>είς</strong></span> <span class='ocrx_word' id='word_1_326' title='bbox 1507 2681 1781 2750; x_wconf 84' lang='grc' dir='ltr'>σωτηρίαν</span> <span class='ocrx_word' id='word_1_327' title='bbox 1817 2680 1918 2749; x_wconf 85' lang='grc' dir='ltr'>τῆς</span> 
     </span>
    </p>
   </div>
   <div class='ocr_carea' id='block_1_41' title="bbox 324 2771 1915 2846">
    <p class='ocr_par' dir='ltr' id='par_1_41' title="bbox 324 2771 1915 2846">
     <span class='ocr_line' id='line_1_41' title="bbox 324 2771 1915 2846; baseline -0.003 -18"><span class='ocrx_word' id='word_1_328' title='bbox 324 2771 534 2846; x_wconf 80' lang='grc' dir='ltr'>ψυχῆς.</span> <span class='ocrx_word' id='word_1_329' title='bbox 577 2775 675 2829; x_wconf 80' lang='grc' dir='ltr'>Διά</span> <span class='ocrx_word' id='word_1_330' title='bbox 706 2775 814 2845; x_wconf 78' lang='grc' dir='ltr'>γὰρ</span> <span class='ocrx_word' id='word_1_331' title='bbox 845 2772 1046 2844; x_wconf 82' lang='grc' dir='ltr'>ταύτην</span> <span class='ocrx_word' id='word_1_332' title='bbox 1081 2773 1178 2844; x_wconf 83' lang='grc' dir='ltr'><strong>τὴν</strong></span> <span class='ocrx_word' id='word_1_333' title='bbox 1220 2773 1510 2844; x_wconf 79' lang='grc' dir='ltr'>πρόφασιν,</span> <span class='ocrx_word' id='word_1_334' title='bbox 1559 2773 1653 2825; x_wconf 79' lang='grc' dir='ltr'><strong>καὶ</strong></span> <span class='ocrx_word' id='word_1_335' title='bbox 1695 2771 1785 2823; x_wconf 86' lang='grc' dir='ltr'><strong>τὸν</strong></span> <span class='ocrx_word' id='word_1_336' title='bbox 1823 2771 1915 2823; x_wconf 82' lang='grc' dir='ltr'>τοῦ</span> 
     </span>
    </p>
   </div>
   <div class='ocr_carea' id='block_1_42' title="bbox 344 2863 1918 2939">
    <p class='ocr_par' dir='ltr' id='par_1_42' title="bbox 344 2863 1918 2939">
     <span class='ocr_line' id='line_1_42' title="bbox 344 2863 1918 2939; baseline -0.004 -18"><span class='ocrx_word' id='word_1_337' title='bbox 344 2868 648 2939; x_wconf 77' lang='grc' dir='ltr'>Ὦμοφόρου</span> <span class='ocrx_word' id='word_1_338' title='bbox 678 2866 994 2921; x_wconf 83' lang='grc' dir='ltr'>ἀπέστειλεν</span> <span class='ocrx_word' id='word_1_339' title='bbox 1021 2866 1203 2919; x_wconf 82' lang='grc' dir='ltr'>αὐτόν.</span> <span class='ocrx_word' id='word_1_340' title='bbox 1239 2865 1349 2918; x_wconf 80' lang='grc' dir='ltr'>Καὶ</span> <span class='ocrx_word' id='word_1_341' title='bbox 1375 2863 1544 2918; x_wconf 79' lang='grc' dir='ltr'>ἐλθὼν</span> <span class='ocrx_word' id='word_1_342' title='bbox 1572 2866 1600 2916; x_wconf 91' lang='lat'><strong>6</strong></span> <span class='ocrx_word' id='word_1_343' title='bbox 1629 2864 1754 2926; x_wconf 81' lang='grc' dir='ltr'>Υἱὸς</span> <span class='ocrx_word' id='word_1_344' title='bbox 1789 2878 1918 2932; x_wconf 88' lang='grc' dir='ltr'>μετ-</span> 
     </span>
    </p>
   </div>
   <div class='ocr_carea' id='block_1_43' title="bbox 331 2952 1915 3030">
    <p class='ocr_par' dir='ltr' id='par_1_43' title="bbox 331 2952 1915 3030">
     <span class='ocr_line' id='line_1_43' title="bbox 331 2952 1915 3030; baseline -0.003 -19"><span class='ocrx_word' id='word_1_345' title='bbox 331 2961 704 3030; x_wconf 77' lang='grc' dir='ltr'>εσχημάτισεν</span> <span class='ocrx_word' id='word_1_346' title='bbox 744 2959 934 3012; x_wconf 79' lang='grc' dir='ltr'>ἑαυτὸν</span> <span class='ocrx_word' id='word_1_347' title='bbox 980 2960 1060 3022; x_wconf 84' lang='grc' dir='ltr'>εἰς</span> <span class='ocrx_word' id='word_1_348' title='bbox 1102 2955 1390 3027; x_wconf 86' lang='grc' dir='ltr'>ἀνθρώπου</span> <span class='ocrx_word' id='word_1_349' title='bbox 1433 2952 1593 3018; x_wconf 77' lang='grc' dir='ltr'>εἶδος,</span> <span class='ocrx_word' id='word_1_350' title='bbox 1630 2957 1722 3009; x_wconf 79' lang='grc' dir='ltr'>καὶ</span> <span class='ocrx_word' id='word_1_351' title='bbox 1758 2953 1915 3022; x_wconf 78' lang='grc' dir='ltr'>ἐφαί-</span> 
     </span>
    </p>
   </div>
   <div class='ocr_carea' id='block_1_44' title="bbox 331 3046 1910 3120">
    <p class='ocr_par' dir='ltr' id='par_1_44' title="bbox 331 3046 1910 3120">
     <span class='ocr_line' id='line_1_44' title="bbox 331 3046 1910 3120; baseline -0.004 -17"><span class='ocrx_word' id='word_1_352' title='bbox 331 3068 457 3103; x_wconf 84' lang='grc' dir='ltr'>νετο</span> <span class='ocrx_word' id='word_1_353' title='bbox 504 3054 614 3113; x_wconf 90' lang='grc' dir='ltr'>τοῖς</span> <span class='ocrx_word' id='word_1_354' title='bbox 661 3049 969 3120; x_wconf 84' lang='grc' dir='ltr'>ἀνθρώποις</span> <span class='ocrx_word' id='word_1_355' title='bbox 1017 3049 1323 3120; x_wconf 84' lang='grc' dir='ltr'>ἄνθρωπος,</span> <span class='ocrx_word' id='word_1_356' title='bbox 1364 3048 1438 3118; x_wconf 85' lang='grc' dir='ltr'>μὴ</span> <span class='ocrx_word' id='word_1_357' title='bbox 1484 3046 1560 3100; x_wconf 86' lang='grc' dir='ltr'><strong>ὢν</strong></span> <span class='ocrx_word' id='word_1_358' title='bbox 1601 3047 1910 3116; x_wconf 79' lang='grc' dir='ltr'>ἄνθρωπος’</span> 
     </span>
    </p>
   </div>
   <div class='ocr_carea' id='block_1_45' title="bbox 333 3139 1832 3213">
    <p class='ocr_par' dir='ltr' id='par_1_45' title="bbox 333 3139 1832 3213">
     <span class='ocr_line' id='line_1_45' title="bbox 333 3139 1832 3213; baseline -0.003 -15"><span class='ocrx_word' id='word_1_359' title='bbox 333 3146 433 3198; x_wconf 73' lang='grc' dir='ltr'><strong>καὶ</strong></span> <span class='ocrx_word' id='word_1_360' title='bbox 464 3145 515 3196; x_wconf 85' lang='grc' dir='ltr'>οἱ</span> <span class='ocrx_word' id='word_1_361' title='bbox 541 3143 814 3213; x_wconf 77' lang='grc' dir='ltr'>ἄνθρωποι</span> <span class='ocrx_word' id='word_1_362' title='bbox 845 3141 1227 3212; x_wconf 79' lang='grc' dir='ltr'>ὑπελάμϐανον</span> <span class='ocrx_word' id='word_1_363' title='bbox 1260 3140 1422 3194; x_wconf 81' lang='grc' dir='ltr'>αὑτὸν</span> <span class='ocrx_word' id='word_1_364' title='bbox 1452 3139 1832 3209; x_wconf 83' lang='grc' dir='ltr'>γεγεννῆσθαι.</span> 
     </span>
    </p>
   </div>
   <div class='ocr_carea' id='block_1_46' title="bbox 420 3231 1917 3304">
    <p class='ocr_par' dir='ltr' id='par_1_46' title="bbox 420 3231 1917 3304">
     <span class='ocr_line' id='line_1_46' title="bbox 420 3231 1917 3304; baseline -0.005 -15"><span class='ocrx_word' id='word_1_365' title='bbox 420 3235 623 3290; x_wconf 84' lang='grc' dir='ltr'>Ἐλθὼν</span> <span class='ocrx_word' id='word_1_366' title='bbox 651 3231 743 3288; x_wconf 77' lang='grc' dir='ltr'><strong>οὖν</strong></span> <span class='ocrx_word' id='word_1_367' title='bbox 775 3236 1011 3286; x_wconf 87' lang='grc' dir='ltr'>ποιεῖται</span> <span class='ocrx_word' id='word_1_368' title='bbox 1048 3233 1146 3303; x_wconf 82' lang='grc' dir='ltr'><strong>τὴν</strong></span> <span class='ocrx_word' id='word_1_369' title='bbox 1177 3233 1534 3304; x_wconf 87' lang='grc' dir='ltr'>δημιουργίαν</span> <span class='ocrx_word' id='word_1_370' title='bbox 1572 3231 1706 3304; x_wconf 86' lang='grc' dir='ltr'>πρὸς</span> <span class='ocrx_word' id='word_1_371' title='bbox 1743 3247 1917 3300; x_wconf 85' lang='grc' dir='ltr'>σωτη-</span> 
     </span>
    </p>
   </div>
   <div class='ocr_carea' id='block_1_47' title="bbox 335 3323 1916 3398">
    <p class='ocr_par' dir='ltr' id='par_1_47' title="bbox 335 3323 1916 3398">
     <span class='ocr_line' id='line_1_47' title="bbox 335 3323 1916 3398; baseline -0.003 -19"><span class='ocrx_word' id='word_1_372' title='bbox 335 3328 458 3398; x_wconf 77' lang='grc' dir='ltr'>ρίαν</span> <span class='ocrx_word' id='word_1_373' title='bbox 490 3328 598 3380; x_wconf 86' lang='grc' dir='ltr'><strong>τῶν</strong></span> <span class='ocrx_word' id='word_1_374' title='bbox 621 3327 830 3397; x_wconf 71' lang='grc' dir='ltr'>ψυχῶν,</span> <span class='ocrx_word' id='word_1_375' title='bbox 863 3329 957 3380; x_wconf 73' lang='grc' dir='ltr'>καὶ</span> <span class='ocrx_word' id='word_1_376' title='bbox 987 3326 1232 3397; x_wconf 80' lang='grc' dir='ltr'>μηχανὴν</span> <span class='ocrx_word' id='word_1_377' title='bbox 1276 3327 1636 3398; x_wconf 86' lang='grc' dir='ltr'>συνεστήσατο</span> <span class='ocrx_word' id='word_1_378' title='bbox 1688 3323 1916 3394; x_wconf 80' lang='grc' dir='ltr'>ἔχουσαν</span> 
     </span>
    </p>
   </div>
   <div class='ocr_carea' id='block_1_48' title="bbox 331 3414 1914 3487">
    <p class='ocr_par' dir='ltr' id='par_1_48' title="bbox 331 3414 1914 3487">
     <span class='ocr_line' id='line_1_48' title="bbox 331 3414 1914 3487; baseline 0.001 -18"><span class='ocrx_word' id='word_1_379' title='bbox 331 3414 544 3469; x_wconf 82' lang='grc' dir='ltr'>δώδεκα</span> <span class='ocrx_word' id='word_1_380' title='bbox 576 3417 796 3480; x_wconf 81' lang='grc' dir='ltr'>κάδους·</span> <span class='ocrx_word' id='word_1_381' title='bbox 832 3417 972 3486; x_wconf 80' lang='grc' dir='ltr'>ἥτις,</span> <span class='ocrx_word' id='word_1_382' title='bbox 1008 3416 1114 3469; x_wconf 86' lang='grc' dir='ltr'>ὑπὸ</span> <span class='ocrx_word' id='word_1_383' title='bbox 1143 3416 1240 3487; x_wconf 81' lang='grc' dir='ltr'>τῆς</span> <span class='ocrx_word' id='word_1_384' title='bbox 1285 3417 1517 3487; x_wconf 81' lang='grc' dir='ltr'>σφαίρας</span> <span class='ocrx_word' id='word_1_385' title='bbox 1556 3416 1914 3486; x_wconf 77' lang='grc' dir='ltr'>στρεφομένη.</span> 
     </span>
    </p>
   </div>
   <div class='ocr_carea' id='block_1_49' title="bbox 333 3508 1916 3580">
    <p class='ocr_par' dir='ltr' id='par_1_49' title="bbox 333 3508 1916 3580">
     <span class='ocr_line' id='line_1_49' title="bbox 333 3508 1916 3580; baseline -0.003 -17"><span class='ocrx_word' id='word_1_386' title='bbox 333 3509 601 3578; x_wconf 74' lang='grc' dir='ltr'>ἀνιμᾶται</span> <span class='ocrx_word' id='word_1_387' title='bbox 625 3509 733 3562; x_wconf 85' lang='grc' dir='ltr'><strong>τῶν</strong></span> <span class='ocrx_word' id='word_1_388' title='bbox 762 3508 1100 3579; x_wconf 85' lang='grc' dir='ltr'>θνησκόντων</span> <span class='ocrx_word' id='word_1_389' title='bbox 1127 3508 1226 3572; x_wconf 86' lang='grc' dir='ltr'><strong>τάς</strong></span> <span class='ocrx_word' id='word_1_390' title='bbox 1261 3510 1456 3580; x_wconf 77' lang='grc' dir='ltr'>ψυχάς.</span> <span class='ocrx_word' id='word_1_391' title='bbox 1501 3509 1610 3562; x_wconf 78' lang='grc' dir='ltr'><strong>Καὶ</strong></span> <span class='ocrx_word' id='word_1_392' title='bbox 1645 3508 1847 3570; x_wconf 84' lang='grc' dir='ltr'>ταύτας</span> <span class='ocrx_word' id='word_1_393' title='bbox 1888 3509 1916 3558; x_wconf 89' lang='lat'><strong>6</strong></span> 
     </span>
    </p>
   </div>
   <div class='ocr_carea' id='block_1_50' title="bbox 337 3598 1917 3670">
    <p class='ocr_par' dir='ltr' id='par_1_50' title="bbox 337 3598 1917 3670">
     <span class='ocr_line' id='line_1_50' title="bbox 337 3598 1917 3670; baseline -0.001 -18"><span class='ocrx_word' id='word_1_394' title='bbox 337 3598 518 3669; x_wconf 81' lang='grc' dir='ltr'>μέγας</span> <span class='ocrx_word' id='word_1_395' title='bbox 557 3599 802 3670; x_wconf 76' lang='grc' dir='ltr'>φωστὴρ,</span> <span class='ocrx_word' id='word_1_396' title='bbox 839 3603 959 3663; x_wconf 85' lang='grc' dir='ltr'>ταῖς</span> <span class='ocrx_word' id='word_1_397' title='bbox 997 3601 1180 3653; x_wconf 84' lang='grc' dir='ltr'>ἀκτῖσι</span> <span class='ocrx_word' id='word_1_398' title='bbox 1220 3598 1430 3663; x_wconf 78' lang='grc' dir='ltr'>λαϐὼν,</span> <span class='ocrx_word' id='word_1_399' title='bbox 1487 3599 1771 3670; x_wconf 79' lang='grc' dir='ltr'>καθαρίζει</span> <span class='ocrx_word' id='word_1_400' title='bbox 1824 3601 1917 3652; x_wconf 80' lang='grc' dir='ltr'>καὶ</span> 
     </span>
    </p>
   </div>
   <div class='ocr_carea' id='block_1_51' title="bbox 337 3691 1919 3767">
    <p class='ocr_par' dir='ltr' id='par_1_51' title="bbox 337 3691 1919 3767">
     <span class='ocr_line' id='line_1_51' title="bbox 337 3691 1919 3767; baseline 0 -22"><span class='ocrx_word' id='word_1_401' title='bbox 337 3693 667 3764; x_wconf 79' lang='grc' dir='ltr'>μεταδίδωσι</span> <span class='ocrx_word' id='word_1_402' title='bbox 713 3695 779 3764; x_wconf 80' lang='grc' dir='ltr'>τῇ</span> <span class='ocrx_word' id='word_1_403' title='bbox 836 3693 1062 3767; x_wconf 69' lang='grc' dir='ltr'>σελήνην</span> <span class='ocrx_word' id='word_1_404' title='bbox 1112 3695 1205 3748; x_wconf 77' lang='grc' dir='ltr'>καὶ</span> <span class='ocrx_word' id='word_1_405' title='bbox 1252 3693 1422 3758; x_wconf 65' lang='grc' dir='ltr'>οὕτως</span> <span class='ocrx_word' id='word_1_406' title='bbox 1466 3693 1767 3765; x_wconf 73' lang='grc' dir='ltr'>πληροῦται</span> <span class='ocrx_word' id='word_1_407' title='bbox 1815 3691 1919 3760; x_wconf 77' lang='grc' dir='ltr'>τῆς</span> 
     </span>
    </p>
   </div>
   <div class='ocr_carea' id='block_1_52' title="bbox 334 3785 1912 3858">
    <p class='ocr_par' dir='ltr' id='par_1_52' title="bbox 334 3785 1912 3858">
     <span class='ocr_line' id='line_1_52' title="bbox 334 3785 1912 3858; baseline -0.001 -19"><span class='ocrx_word' id='word_1_408' title='bbox 334 3787 570 3858; x_wconf 76' lang='grc' dir='ltr'>σελήνης</span> <span class='ocrx_word' id='word_1_409' title='bbox 617 3790 646 3840; x_wconf 88' lang='grc' dir='ltr'><em>ὀ</em></span> <span class='ocrx_word' id='word_1_410' title='bbox 689 3787 894 3851; x_wconf 84' lang='grc' dir='ltr'>δίσκος,</span> <span class='ocrx_word' id='word_1_411' title='bbox 926 3790 955 3840; x_wconf 90' lang='lat'><strong>6</strong></span> <span class='ocrx_word' id='word_1_412' title='bbox 1004 3788 1132 3858; x_wconf 84' lang='grc' dir='ltr'>παρ’</span> <span class='ocrx_word' id='word_1_413' title='bbox 1181 3789 1311 3858; x_wconf 85' lang='grc' dir='ltr'>ἡμῖν</span> <span class='ocrx_word' id='word_1_414' title='bbox 1356 3785 1912 3858; x_wconf 84' lang='grc' dir='ltr'>προσαγορευόμενος.</span> 
     </span>
    </p>
   </div>
   <div class='ocr_carea' id='block_1_53' title="bbox 333 3873 1914 3950">
    <p class='ocr_par' dir='ltr' id='par_1_53' title="bbox 333 3873 1914 3950">
     <span class='ocr_line' id='line_1_53' title="bbox 333 3873 1914 3950; baseline 0 -22"><span class='ocrx_word' id='word_1_415' title='bbox 333 3878 508 3929; x_wconf 84' lang='grc' dir='ltr'>ῐΙλοῖα</span> <span class='ocrx_word' id='word_1_416' title='bbox 543 3877 670 3948; x_wconf 74' lang='grc' dir='ltr'>γὰρ,</span> <span class='ocrx_word' id='word_1_417' title='bbox 695 3879 812 3948; x_wconf 69' lang='grc' dir='ltr'>ἦτοι</span> <span class='ocrx_word' id='word_1_418' title='bbox 837 3877 1109 3950; x_wconf 85' lang='grc' dir='ltr'>πορθμεῖα</span> <span class='ocrx_word' id='word_1_419' title='bbox 1141 3873 1279 3931; x_wconf 83' lang='grc' dir='ltr'>εἶναι</span> <span class='ocrx_word' id='word_1_420' title='bbox 1321 3878 1466 3946; x_wconf 86' lang='grc' dir='ltr'>λέγει</span> <span class='ocrx_word' id='word_1_421' title='bbox 1511 3878 1635 3941; x_wconf 83' lang='grc' dir='ltr'>τοὺς</span> <span class='ocrx_word' id='word_1_422' title='bbox 1675 3877 1768 3930; x_wconf 78' lang='grc' dir='ltr'>δύο</span> <span class='ocrx_word' id='word_1_423' title='bbox 1801 3894 1914 3945; x_wconf 79' lang='grc' dir='ltr'>φω-</span> 
     </span>
    </p>
   </div>
   <div class='ocr_carea' id='block_1_54' title="bbox 335 3961 1911 4038">
    <p class='ocr_par' dir='ltr' id='par_1_54' title="bbox 335 3961 1911 4038">
     <span class='ocr_line' id='line_1_54' title="bbox 335 3961 1911 4038; baseline 0.001 -21"><span class='ocrx_word' id='word_1_424' title='bbox 335 3967 566 4036; x_wconf 78' lang='grc' dir='ltr'>στῆρας.</span> <span class='ocrx_word' id='word_1_425' title='bbox 632 3961 763 4020; x_wconf 83' lang='grc' dir='ltr'>Εἶτα</span> <span class='ocrx_word' id='word_1_426' title='bbox 813 3968 908 4021; x_wconf 83' lang='grc' dir='ltr'><strong>ὲάν</strong></span> <span class='ocrx_word' id='word_1_427' title='bbox 962 3967 1196 4038; x_wconf 81' lang='grc' dir='ltr'>γεμισθῇ</span> <span class='ocrx_word' id='word_1_428' title='bbox 1255 3969 1288 4037; x_wconf 85' lang='grc' dir='ltr'>ἡ</span> <span class='ocrx_word' id='word_1_429' title='bbox 1348 3967 1565 4037; x_wconf 84' lang='grc' dir='ltr'>σελήνη,</span> <span class='ocrx_word' id='word_1_430' title='bbox 1636 3982 1911 4036; x_wconf 86' lang='grc' dir='ltr'>μεταπορ-</span> 
     </span>
    </p>
   </div>
   <div class='ocr_carea' id='block_1_55' title="bbox 333 4057 1914 4130">
    <p class='ocr_par' dir='ltr' id='par_1_55' title="bbox 333 4057 1914 4130">
     <span class='ocr_line' id='line_1_55' title="bbox 333 4057 1914 4130; baseline -0.001 -18"><span class='ocrx_word' id='word_1_431' title='bbox 333 4060 532 4130; x_wconf 76' lang='grc' dir='ltr'>θμεὺει</span> <span class='ocrx_word' id='word_1_432' title='bbox 561 4061 639 4120; x_wconf 79' lang='grc' dir='ltr'>εἰς</span> <span class='ocrx_word' id='word_1_433' title='bbox 676 4057 992 4130; x_wconf 85' lang='grc' dir='ltr'>ἀπηλιώτην</span> <span class='ocrx_word' id='word_1_434' title='bbox 1011 4074 1025 4088; x_wconf 85' lang='lat'><strong><em>°</em></strong></span> <span class='ocrx_word' id='word_1_435' title='bbox 1055 4059 1148 4112; x_wconf 82' lang='grc' dir='ltr'><strong>καὶ</strong></span> <span class='ocrx_word' id='word_1_436' title='bbox 1193 4057 1364 4120; x_wconf 82' lang='grc' dir='ltr'>οὕτως</span> <span class='ocrx_word' id='word_1_437' title='bbox 1389 4057 1720 4128; x_wconf 83' lang='grc' dir='ltr'>ἀπόκρουσιν</span> <span class='ocrx_word' id='word_1_438' title='bbox 1746 4061 1914 4111; x_wconf 90' lang='grc' dir='ltr'>ποιεῖ-</span> 
     </span>
    </p>
   </div>
   <div class='ocr_carea' id='block_1_56' title="bbox 331 4144 1916 4221">
    <p class='ocr_par' dir='ltr' id='par_1_56' title="bbox 331 4144 1916 4221">
     <span class='ocr_line' id='line_1_56' title="bbox 331 4144 1916 4221; baseline -0.001 -17"><span class='ocrx_word' id='word_1_439' title='bbox 331 4169 424 4204; x_wconf 78' lang='grc' dir='ltr'><strong>ται</strong></span> <span class='ocrx_word' id='word_1_440' title='bbox 467 4144 563 4202; x_wconf 69' lang='grc' dir='ltr'>τοῦ</span> <span class='ocrx_word' id='word_1_441' title='bbox 608 4150 777 4220; x_wconf 83' lang='grc' dir='ltr'>γόμου</span> <span class='ocrx_word' id='word_1_442' title='bbox 816 4149 1246 4220; x_wconf 78' lang='grc' dir='ltr'>ἐλαφρυνομένη,</span> <span class='ocrx_word' id='word_1_443' title='bbox 1298 4150 1391 4202; x_wconf 74' lang='grc' dir='ltr'><strong>καὶ</strong></span> <span class='ocrx_word' id='word_1_444' title='bbox 1433 4148 1576 4202; x_wconf 71' lang='grc' dir='ltr'>οὕτω</span> <span class='ocrx_word' id='word_1_445' title='bbox 1626 4150 1822 4221; x_wconf 85' lang='grc' dir='ltr'>πληροῖ</span> <span class='ocrx_word' id='word_1_446' title='bbox 1853 4147 1916 4202; x_wconf 72' lang='grc' dir='ltr'>τὸ</span> 
     </span>
    </p>
   </div>
   <div class='ocr_carea' id='block_1_57' title="bbox 333 4239 1914 4313">
    <p class='ocr_par' dir='ltr' id='par_1_57' title="bbox 333 4239 1914 4313">
     <span class='ocr_line' id='line_1_57' title="bbox 333 4239 1914 4313; baseline -0.001 -19"><span class='ocrx_word' id='word_1_447' title='bbox 333 4241 657 4313; x_wconf 80' lang='grc' dir='ltr'>πορθμεῖον,</span> <span class='ocrx_word' id='word_1_448' title='bbox 708 4241 801 4292; x_wconf 77' lang='grc' dir='ltr'><strong>καὶ</strong></span> <span class='ocrx_word' id='word_1_449' title='bbox 849 4239 1013 4292; x_wconf 86' lang='grc' dir='ltr'>πάλιν</span> <span class='ocrx_word' id='word_1_450' title='bbox 1051 4240 1354 4308; x_wconf 89' lang='grc' dir='ltr'>ἀπογομοῖ,</span> <span class='ocrx_word' id='word_1_451' title='bbox 1408 4239 1765 4309; x_wconf 88' lang='grc' dir='ltr'>ἀνιμωμένων</span> <span class='ocrx_word' id='word_1_452' title='bbox 1809 4239 1914 4294; x_wconf 82' lang='grc' dir='ltr'>ὑπὸ</span> 
     </span>
    </p>
   </div>
   <div class='ocr_carea' id='block_1_58' title="bbox 242 4323 1914 4403">
    <p class='ocr_par' dir='ltr' id='par_1_58' title="bbox 242 4323 1914 4403">
     <span class='ocr_line' id='line_1_58' title="bbox 242 4323 1914 4403; baseline 0.001 -20"><span class='ocrx_word' id='word_1_453' title='bbox 242 4377 248 4383; x_wconf 91' lang='grc'>.</span> <span class='ocrx_word' id='word_1_454' title='bbox 331 4334 444 4388; x_wconf 90' lang='grc' dir='ltr'><strong>τῶν</strong></span> <span class='ocrx_word' id='word_1_455' title='bbox 473 4335 650 4387; x_wconf 79' lang='grc' dir='ltr'>κάδων</span> <span class='ocrx_word' id='word_1_456' title='bbox 677 4333 784 4385; x_wconf 90' lang='grc' dir='ltr'><strong>τῶν</strong></span> <span class='ocrx_word' id='word_1_457' title='bbox 811 4331 1020 4402; x_wconf 76' lang='grc' dir='ltr'>ψυχῶν,</span> <span class='ocrx_word' id='word_1_458' title='bbox 1048 4332 1205 4403; x_wconf 77' lang='grc' dir='ltr'>ἄχρις</span> <span class='ocrx_word' id='word_1_459' title='bbox 1245 4323 1305 4383; x_wconf 77' lang='grc' dir='ltr'>οὗ</span> <span class='ocrx_word' id='word_1_460' title='bbox 1349 4331 1408 4384; x_wconf 82' lang='grc' dir='ltr'>τὸ</span> <span class='ocrx_word' id='word_1_461' title='bbox 1457 4332 1586 4384; x_wconf 75' lang='grc' dir='ltr'>ἴδιον</span> <span class='ocrx_word' id='word_1_462' title='bbox 1621 4331 1785 4384; x_wconf 76' lang='grc' dir='ltr'>αὑτοῦ</span> <span class='ocrx_word' id='word_1_463' title='bbox 1819 4331 1914 4400; x_wconf 82' lang='grc' dir='ltr'>μέ-</span> 
     </span>
    </p>
   </div>
   <div class='ocr_carea' id='block_1_59' title="bbox 333 4421 1911 4500">
    <p class='ocr_par' dir='ltr' id='par_1_59' title="bbox 333 4421 1911 4500">
     <span class='ocr_line' id='line_1_59' title="bbox 333 4421 1911 4500; baseline -0.004 -20"><span class='ocrx_word' id='word_1_464' title='bbox 333 4446 432 4500; x_wconf 80' lang='grc' dir='ltr'><strong>ρος</strong></span> <span class='ocrx_word' id='word_1_465' title='bbox 463 4426 627 4478; x_wconf 73' lang='grc' dir='ltr'>σώσει</span> <span class='ocrx_word' id='word_1_466' title='bbox 651 4425 750 4493; x_wconf 75' lang='grc' dir='ltr'>τῆς</span> <span class='ocrx_word' id='word_1_467' title='bbox 781 4423 979 4493; x_wconf 58' lang='grc' dir='ltr'>ψυχῆς.</span> <span class='ocrx_word' id='word_1_468' title='bbox 1024 4422 1136 4492; x_wconf 79' lang='grc' dir='ltr'><strong>Τῆς</strong></span> <span class='ocrx_word' id='word_1_469' title='bbox 1173 4421 1281 4492; x_wconf 86' lang='grc' dir='ltr'>γὰρ</span> <span class='ocrx_word' id='word_1_470' title='bbox 1323 4422 1417 4474; x_wconf 81' lang='grc' dir='ltr'>τοῦ</span> <span class='ocrx_word' id='word_1_471' title='bbox 1464 4421 1670 4490; x_wconf 83' lang='grc' dir='ltr'>ἀγαθοῦ</span> <span class='ocrx_word' id='word_1_472' title='bbox 1706 4422 1911 4493; x_wconf 87' lang='grc' dir='ltr'>πατρὸς</span> 
     </span>
    </p>
   </div>
   <div class='ocr_carea' id='block_1_60' title="bbox 329 4511 1912 4584">
    <p class='ocr_par' dir='ltr' id='par_1_60' title="bbox 329 4511 1912 4584">
     <span class='ocr_line' id='line_1_60' title="bbox 329 4511 1912 4584; baseline -0.004 -13"><span class='ocrx_word' id='word_1_473' title='bbox 329 4519 523 4580; x_wconf 75' lang='grc' dir='ltr'>οὐσίας</span> <span class='ocrx_word' id='word_1_474' title='bbox 558 4518 738 4568; x_wconf 74' lang='grc' dir='ltr'>πᾶσαν</span> <span class='ocrx_word' id='word_1_475' title='bbox 761 4514 937 4584; x_wconf 72' lang='grc' dir='ltr'>ψυχὴν</span> <span class='ocrx_word' id='word_1_476' title='bbox 978 4513 1072 4565; x_wconf 74' lang='grc' dir='ltr'><strong>καὶ</strong></span> <span class='ocrx_word' id='word_1_477' title='bbox 1111 4514 1220 4565; x_wconf 81' lang='grc' dir='ltr'><strong>πᾶν</strong></span> <span class='ocrx_word' id='word_1_478' title='bbox 1265 4512 1578 4580; x_wconf 83' lang='grc' dir='ltr'>κινούμενον</span> <span class='ocrx_word' id='word_1_479' title='bbox 1616 4511 1753 4575; x_wconf 81' lang='grc' dir='ltr'>ζῶον</span> <span class='ocrx_word' id='word_1_480' title='bbox 1784 4529 1912 4582; x_wconf 86' lang='grc' dir='ltr'>μετ-</span> 
     </span>
    </p>
   </div>
   <div class='ocr_carea' id='block_1_61' title="bbox 331 4600 1911 4680">
    <p class='ocr_par' dir='ltr' id='par_1_61' title="bbox 331 4600 1911 4680">
     <span class='ocr_line' id='line_1_61' title="bbox 331 4600 1911 4680; baseline -0.005 -16"><span class='ocrx_word' id='word_1_481' title='bbox 331 4612 482 4680; x_wconf 83' lang='grc' dir='ltr'>έχειν</span> <span class='ocrx_word' id='word_1_482' title='bbox 530 4608 697 4674; x_wconf 85' lang='grc' dir='ltr'>λέγει.</span> <span class='ocrx_word' id='word_1_483' title='bbox 746 4606 857 4676; x_wconf 86' lang='grc' dir='ltr'>Τῆς</span> <span class='ocrx_word' id='word_1_484' title='bbox 891 4600 984 4680; x_wconf 70' lang='grc' dir='ltr'><strong>οὖν</strong></span> <span class='ocrx_word' id='word_1_485' title='bbox 1021 4603 1250 4674; x_wconf 86' lang='grc' dir='ltr'>σελήνης</span> <span class='ocrx_word' id='word_1_486' title='bbox 1281 4604 1662 4675; x_wconf 84' lang='grc' dir='ltr'>μεταδιδούσης</span> <span class='ocrx_word' id='word_1_487' title='bbox 1698 4605 1789 4657; x_wconf 85' lang='grc' dir='ltr'><strong>τὸν</strong></span> <span class='ocrx_word' id='word_1_488' title='bbox 1821 4605 1911 4672; x_wconf 88' lang='grc' dir='ltr'>γό-</span> 
     </span>
    </p>
   </div>
   <div class='ocr_carea' id='block_1_62' title="bbox 335 4693 1911 4773">
    <p class='ocr_par' dir='ltr' id='par_1_62' title="bbox 335 4693 1911 4773">
     <span class='ocr_line' id='line_1_62' title="bbox 335 4693 1911 4773; baseline -0.004 -19"><span class='ocrx_word' id='word_1_489' title='bbox 335 4719 439 4773; x_wconf 85' lang='grc' dir='ltr'><strong>μον</strong></span> <span class='ocrx_word' id='word_1_490' title='bbox 460 4700 572 4752; x_wconf 85' lang='grc' dir='ltr'><strong>τῶν</strong></span> <span class='ocrx_word' id='word_1_491' title='bbox 594 4697 777 4768; x_wconf 73' lang='grc' dir='ltr'>ψυχῶν</span> <span class='ocrx_word' id='word_1_492' title='bbox 809 4700 924 4759; x_wconf 90' lang='grc' dir='ltr'>τοῖς</span> <span class='ocrx_word' id='word_1_493' title='bbox 949 4695 1118 4749; x_wconf 83' lang='grc' dir='ltr'>Αίῶσι</span> <span class='ocrx_word' id='word_1_494' title='bbox 1169 4693 1262 4748; x_wconf 83' lang='grc' dir='ltr'>τοῦ</span> <span class='ocrx_word' id='word_1_495' title='bbox 1295 4696 1525 4767; x_wconf 83' lang='grc' dir='ltr'>Πατρὸς,</span> <span class='ocrx_word' id='word_1_496' title='bbox 1562 4697 1911 4766; x_wconf 75' lang='grc' dir='ltr'>παραμένουο</span> 
     </span>
    </p>
   </div>
   <div class='ocr_carea' id='block_1_63' title="bbox 335 4786 1912 4860">
    <p class='ocr_par' dir='ltr' id='par_1_63' title="bbox 335 4786 1912 4860">
     <span class='ocr_line' id='line_1_63' title="bbox 335 4786 1912 4860; baseline -0.01 -16"><span class='ocrx_word' id='word_1_497' title='bbox 335 4809 419 4844; x_wconf 87' lang='grc' dir='ltr'><strong>σιν</strong></span> <span class='ocrx_word' id='word_1_498' title='bbox 453 4795 512 4844; x_wconf 83' lang='grc' dir='ltr'><strong>ὲν</strong></span> <span class='ocrx_word' id='word_1_499' title='bbox 543 4789 623 4860; x_wconf 79' lang='grc' dir='ltr'><strong>τῷ</strong></span> <span class='ocrx_word' id='word_1_500' title='bbox 656 4789 834 4858; x_wconf 72' lang='grc' dir='ltr'>στόλῳ</span> <span class='ocrx_word' id='word_1_501' title='bbox 867 4788 967 4857; x_wconf 82' lang='grc' dir='ltr'><strong>τῆς</strong></span> <span class='ocrx_word' id='word_1_502' title='bbox 1008 4786 1186 4857; x_wconf 77' lang='grc' dir='ltr'>δόξης,</span> <span class='ocrx_word' id='word_1_503' title='bbox 1214 4788 1273 4851; x_wconf 82' lang='grc' dir='ltr'>ὃς</span> <span class='ocrx_word' id='word_1_504' title='bbox 1306 4787 1547 4842; x_wconf 84' lang='grc' dir='ltr'>καλεῖται</span> <span class='ocrx_word' id='word_1_505' title='bbox 1591 4788 1698 4858; x_wconf 84' lang='grc' dir='ltr'>ἀὴρ</span> <span class='ocrx_word' id='word_1_506' title='bbox 1753 4790 1782 4840; x_wconf 84' lang='grc' dir='ltr'>ὁ</span> <span class='ocrx_word' id='word_1_507' title='bbox 1822 4789 1912 4842; x_wconf 81' lang='grc' dir='ltr'><strong>τέ-</strong></span> 
     </span>
    </p>
   </div>
   <div class='ocr_carea' id='block_1_64' title="bbox 330 4871 1906 4950">
    <p class='ocr_par' dir='ltr' id='par_1_64' title="bbox 330 4871 1906 4950">
     <span class='ocr_line' id='line_1_64' title="bbox 330 4871 1906 4950; baseline -0.001 -18"><span class='ocrx_word' id='word_1_508' title='bbox 330 4880 494 4944; x_wconf 86' lang='grc' dir='ltr'>λειος.</span> <span class='ocrx_word' id='word_1_509' title='bbox 539 4879 599 4931; x_wconf 82' lang='lat'><strong>&#39;0</strong></span> <span class='ocrx_word' id='word_1_510' title='bbox 633 4879 690 4930; x_wconf 84' lang='grc' dir='ltr'><strong>δὲ</strong></span> <span class='ocrx_word' id='word_1_511' title='bbox 743 4878 852 4948; x_wconf 78' lang='grc' dir='ltr'><strong>ἀὴρ</strong></span> <span class='ocrx_word' id='word_1_512' title='bbox 887 4871 1041 4940; x_wconf 76' lang='grc' dir='ltr'>οὗτος</span> <span class='ocrx_word' id='word_1_513' title='bbox 1082 4877 1271 4939; x_wconf 84' lang='grc' dir='ltr'>στύλος</span> <span class='ocrx_word' id='word_1_514' title='bbox 1311 4877 1427 4929; x_wconf 77' lang='grc' dir='ltr'>ἐστὶ</span> <span class='ocrx_word' id='word_1_515' title='bbox 1476 4878 1682 4946; x_wconf 77' lang='grc' dir='ltr'>φωτός’</span> <span class='ocrx_word' id='word_1_516' title='bbox 1721 4878 1906 4950; x_wconf 78' lang='grc' dir='ltr'>ἐπειδὴ</span> 
     </span>
    </p>
   </div>
   <div class='ocr_carea' id='block_1_65' title="bbox 329 4968 1906 5042">
    <p class='ocr_par' dir='ltr' id='par_1_65' title="bbox 329 4968 1906 5042">
     <span class='ocr_line' id='line_1_65' title="bbox 329 4968 1906 5042; baseline 0.001 -21"><span class='ocrx_word' id='word_1_517' title='bbox 329 4975 495 5042; x_wconf 78' lang='grc' dir='ltr'>γέμει</span> <span class='ocrx_word' id='word_1_518' title='bbox 550 4971 736 5041; x_wconf 66' lang='grc' dir='ltr'>ψυχῶν</span> <span class='ocrx_word' id='word_1_519' title='bbox 783 4971 894 5022; x_wconf 88' lang='grc' dir='ltr'><strong>τῶν</strong></span> <span class='ocrx_word' id='word_1_520' title='bbox 947 4968 1408 5040; x_wconf 78' lang='grc' dir='ltr'>καθαριζομένων.</span> <span class='ocrx_word' id='word_1_521' title='bbox 1465 4969 1613 5041; x_wconf 76' lang='grc' dir='ltr'>Αὕτη</span> <span class='ocrx_word' id='word_1_522' title='bbox 1665 4972 1813 5024; x_wconf 80' lang='grc' dir='ltr'>ἐστὶν</span> <span class='ocrx_word' id='word_1_523' title='bbox 1873 4972 1906 5042; x_wconf 89' lang='grc' dir='ltr'><strong>ἡ</strong></span> 
     </span>
    </p>
   </div>
   <div class='ocr_carea' id='block_1_66' title="bbox 330 5059 1290 5134">
    <p class='ocr_par' dir='ltr' id='par_1_66' title="bbox 330 5059 1290 5134">
     <span class='ocr_line' id='line_1_66' title="bbox 330 5059 1290 5134; baseline -0.002 -17"><span class='ocrx_word' id='word_1_524' title='bbox 330 5066 507 5124; x_wconf 76' lang='grc' dir='ltr'>αἰτία,</span> <span class='ocrx_word' id='word_1_525' title='bbox 536 5064 604 5116; x_wconf 85' lang='grc' dir='ltr'>δι’</span> <span class='ocrx_word' id='word_1_526' title='bbox 627 5059 695 5134; x_wconf 83' lang='grc' dir='ltr'>ἧς</span> <span class='ocrx_word' id='word_1_527' title='bbox 719 5065 776 5116; x_wconf 86' lang='grc' dir='ltr'>αἱ</span> <span class='ocrx_word' id='word_1_528' title='bbox 805 5062 972 5133; x_wconf 71' lang='grc' dir='ltr'>ψυχαὶ</span> <span class='ocrx_word' id='word_1_529' title='bbox 1012 5061 1290 5126; x_wconf 83' lang='grc' dir='ltr'>σώζονται.</span> 
     </span>
    </p>
   </div>
   <div class='ocr_carea' id='block_1_67' title="bbox 402 5151 1907 5224">
    <p class='ocr_par' dir='ltr' id='par_1_67' title="bbox 402 5151 1907 5224">
     <span class='ocr_line' id='line_1_67' title="bbox 402 5151 1907 5224; baseline -0.001 -17"><span class='ocrx_word' id='word_1_530' title='bbox 402 5153 531 5207; x_wconf 85' lang='grc' dir='ltr'><strong>ΚΖ’.</strong></span> <span class='ocrx_word' id='word_1_531' title='bbox 580 5153 640 5205; x_wconf 87' lang='grc' dir='ltr'><em>Ἠ</em></span> <span class='ocrx_word' id='word_1_532' title='bbox 669 5153 725 5205; x_wconf 82' lang='grc' dir='ltr'><strong>δὲ</strong></span> <span class='ocrx_word' id='word_1_533' title='bbox 769 5152 831 5203; x_wconf 86' lang='grc' dir='ltr'>τὸ</span> <span class='ocrx_word' id='word_1_534' title='bbox 873 5154 894 5182; x_wconf 81' lang='grc'>¹</span> <span class='ocrx_word' id='word_1_535' title='bbox 931 5151 1219 5205; x_wconf 83' lang='grc' dir='ltr'>ἀποθανεῖν</span> <span class='ocrx_word' id='word_1_536' title='bbox 1267 5153 1393 5216; x_wconf 82' lang='grc' dir='ltr'>τοὺς</span> <span class='ocrx_word' id='word_1_537' title='bbox 1435 5151 1753 5224; x_wconf 85' lang='grc' dir='ltr'>ἀνθρώπους</span> <span class='ocrx_word' id='word_1_538' title='bbox 1792 5154 1907 5206; x_wconf 75' lang='grc' dir='ltr'>ἐστὶ</span> 
     </span>
    </p>
   </div>
   <div class='ocr_carea' id='block_1_68' title="bbox 329 5243 1906 5315">
    <p class='ocr_par' dir='ltr' id='par_1_68' title="bbox 329 5243 1906 5315">
     <span class='ocr_line' id='line_1_68' title="bbox 329 5243 1906 5315; baseline 0.003 -21"><span class='ocrx_word' id='word_1_539' title='bbox 329 5244 498 5296; x_wconf 82' lang='grc' dir='ltr'>πάλιν</span> <span class='ocrx_word' id='word_1_540' title='bbox 533 5243 703 5312; x_wconf 68' lang='grc' dir='ltr'><strong>αὕτη⁸</strong></span> <span class='ocrx_word' id='word_1_541' title='bbox 735 5243 1008 5314; x_wconf 84' lang='grc' dir='ltr'>Παρθένος</span> <span class='ocrx_word' id='word_1_542' title='bbox 1044 5262 1126 5307; x_wconf 89' lang='grc' dir='ltr'><strong>τις</strong></span> <span class='ocrx_word' id='word_1_543' title='bbox 1164 5243 1340 5315; x_wconf 84' lang='grc' dir='ltr'>ὡραία</span> <span class='ocrx_word' id='word_1_544' title='bbox 1377 5244 1784 5315; x_wconf 84' lang='grc' dir='ltr'>κεκοσμημένη,</span> <span class='ocrx_word' id='word_1_545' title='bbox 1818 5264 1906 5298; x_wconf 85' lang='grc' dir='ltr'>πι-</span> 
     </span>
    </p>
   </div>
   <div class='ocr_carea' id='block_1_69' title="bbox 330 5335 1906 5406">
    <p class='ocr_par' dir='ltr' id='par_1_69' title="bbox 330 5335 1906 5406">
     <span class='ocr_line' id='line_1_69' title="bbox 330 5335 1906 5406; baseline 0.001 -20"><span class='ocrx_word' id='word_1_546' title='bbox 330 5337 470 5406; x_wconf 83' lang='grc' dir='ltr'>θανὴ</span> <span class='ocrx_word' id='word_1_547' title='bbox 502 5337 664 5398; x_wconf 87' lang='grc' dir='ltr'>πάνυ,</span> <span class='ocrx_word' id='word_1_548' title='bbox 706 5336 872 5405; x_wconf 84' lang='grc' dir='ltr'>συλᾷν</span> <span class='ocrx_word' id='word_1_549' title='bbox 903 5337 1171 5405; x_wconf 80' lang='grc' dir='ltr'>ἐπιχειρεῖ</span> <span class='ocrx_word' id='word_1_550' title='bbox 1209 5336 1332 5397; x_wconf 74' lang='grc' dir='ltr'>τοὺς</span> <span class='ocrx_word' id='word_1_551' title='bbox 1383 5335 1648 5406; x_wconf 81' lang='grc' dir='ltr'>ἄρχοντας</span> <span class='ocrx_word' id='word_1_552' title='bbox 1680 5338 1804 5400; x_wconf 81' lang='grc' dir='ltr'>τοὺς</span> <span class='ocrx_word' id='word_1_553' title='bbox 1849 5338 1906 5389; x_wconf 79' lang='grc' dir='ltr'>ἐν</span> 
     </span>
    </p>
   </div>
   <div class='ocr_carea' id='block_1_70' title="bbox 328 5425 1906 5497">
    <p class='ocr_par' dir='ltr' id='par_1_70' title="bbox 328 5425 1906 5497">
     <span class='ocr_line' id='line_1_70' title="bbox 328 5425 1906 5497; baseline 0.001 -18"><span class='ocrx_word' id='word_1_554' title='bbox 328 5428 409 5497; x_wconf 82' lang='grc' dir='ltr'>τῷ</span> <span class='ocrx_word' id='word_1_555' title='bbox 453 5426 790 5496; x_wconf 87' lang='grc' dir='ltr'>στερεώματι</span> <span class='ocrx_word' id='word_1_556' title='bbox 833 5426 938 5478; x_wconf 83' lang='grc' dir='ltr'><strong>ὑπὸ</strong></span> <span class='ocrx_word' id='word_1_557' title='bbox 979 5425 1072 5478; x_wconf 75' lang='grc' dir='ltr'><strong>τοῦ</strong></span> <span class='ocrx_word' id='word_1_558' title='bbox 1115 5425 1314 5490; x_wconf 84' lang='grc' dir='ltr'>ζῶντος</span> <span class='ocrx_word' id='word_1_559' title='bbox 1360 5428 1674 5497; x_wconf 87' lang='grc' dir='ltr'>Πνεύματος</span> <span class='ocrx_word' id='word_1_560' title='bbox 1725 5429 1906 5480; x_wconf 81' lang='grc' dir='ltr'>ἀνενε-</span> 
     </span>
    </p>
   </div>
   <div class='ocr_carea' id='block_1_71' title="bbox 329 5518 1904 5590">
    <p class='ocr_par' dir='ltr' id='par_1_71' title="bbox 329 5518 1904 5590">
     <span class='ocr_line' id='line_1_71' title="bbox 329 5518 1904 5590; baseline 0.002 -20"><span class='ocrx_word' id='word_1_561' title='bbox 329 5520 559 5590; x_wconf 84' lang='grc' dir='ltr'>χθέντας</span> <span class='ocrx_word' id='word_1_562' title='bbox 587 5520 679 5570; x_wconf 76' lang='grc' dir='ltr'><strong>καὶ</strong></span> <span class='ocrx_word' id='word_1_563' title='bbox 713 5518 1139 5588; x_wconf 86' lang='grc' dir='ltr'>σταυρωθέντας.</span> <span class='ocrx_word' id='word_1_564' title='bbox 1173 5518 1472 5588; x_wconf 83' lang='grc' dir='ltr'>Φαινομένη</span> <span class='ocrx_word' id='word_1_565' title='bbox 1497 5518 1554 5570; x_wconf 80' lang='grc' dir='ltr'>δὲ</span> <span class='ocrx_word' id='word_1_566' title='bbox 1578 5521 1687 5579; x_wconf 88' lang='grc' dir='ltr'>τοῖς</span> <span class='ocrx_word' id='word_1_567' title='bbox 1713 5519 1904 5590; x_wconf 69' lang='grc' dir='ltr'>ἄρρεσι</span> 
     </span>
    </p>
   </div>
   <div class='ocr_carea' id='block_1_72' title="bbox 331 5608 1906 5683">
    <p class='ocr_par' dir='ltr' id='par_1_72' title="bbox 331 5608 1906 5683">
     <span class='ocr_line' id='line_1_72' title="bbox 331 5608 1906 5683; baseline 0 -19"><span class='ocrx_word' id='word_1_568' title='bbox 331 5612 526 5682; x_wconf 75' lang='grc' dir='ltr'>θήλεια</span> <span class='ocrx_word' id='word_1_569' title='bbox 562 5610 854 5682; x_wconf 70' lang='grc' dir='ltr'>εὔμορφος,</span> <span class='ocrx_word' id='word_1_570' title='bbox 894 5613 1012 5674; x_wconf 87' lang='grc' dir='ltr'>ταῖς</span> <span class='ocrx_word' id='word_1_571' title='bbox 1056 5610 1112 5663; x_wconf 85' lang='grc' dir='ltr'>δὲ</span> <span class='ocrx_word' id='word_1_572' title='bbox 1159 5608 1396 5680; x_wconf 82' lang='grc' dir='ltr'>Θηλείαις</span> <span class='ocrx_word' id='word_1_573' title='bbox 1445 5611 1656 5673; x_wconf 80' lang='grc' dir='ltr'>νεανίας</span> <span class='ocrx_word' id='word_1_574' title='bbox 1700 5612 1906 5683; x_wconf 80' lang='grc' dir='ltr'>εὐειδὴς</span> 
     </span>
    </p>
   </div>
   <div class='ocr_carea' id='block_1_73' title="bbox 404 5763 1913 5838">
    <p class='ocr_par' dir='ltr' id='par_1_73' title="bbox 404 5763 1908 5837">
     <span class='ocr_line' id='line_1_73' title="bbox 404 5763 1908 5837; baseline 0.003 -21"><span class='ocrx_word' id='word_1_575' title='bbox 404 5765 423 5797; x_wconf 78' lang='grc' dir='ltr'>ι</span> <span class='ocrx_word' id='word_1_576' title='bbox 459 5763 573 5819; x_wconf 80' lang='lat' dir='ltr'><strong>Vox</strong></span> <span class='ocrx_word' id='word_1_577' title='bbox 605 5766 695 5819; x_wconf 89' lang='lat' dir='ltr'><strong>illa</strong></span> <span class='ocrx_word' id='word_1_578' title='bbox 725 5764 1019 5836; x_wconf 80' lang='grc' dir='ltr'>ἐπιθυμίαν</span> <span class='ocrx_word' id='word_1_579' title='bbox 1062 5764 1193 5818; x_wconf 89' lang='lat' dir='ltr'><strong>mihi</strong></span> <span class='ocrx_word' id='word_1_580' title='bbox 1233 5773 1508 5836; x_wconf 85' lang='lat' dir='ltr'><strong>suspecta,</strong></span> <span class='ocrx_word' id='word_1_581' title='bbox 1549 5766 1908 5837; x_wconf 86' lang='lat' dir='ltr'><strong>conjiciebam</strong></span> 
     </span>
    </p>
   </div>
   <div class='ocr_carea' id='block_1_74' title="bbox 2017 5763 2251 5838">
    <p class='ocr_par' dir='ltr' id='par_1_74' title="bbox 2017 5767 2251 5838">
     <span class='ocr_line' id='line_1_74' title="bbox 2017 5767 2251 5838; baseline -0.004 -19"><span class='ocrx_word' id='word_1_582' title='bbox 2017 5767 2251 5838; x_wconf 51' lang='lat' dir='ltr'><strong>Lupiam</strong></span> 
     </span>
    </p>
   </div>
   <div class='ocr_carea' id='block_1_75' title="bbox 624 5861 1272 5922">
    <p class='ocr_par' dir='ltr' id='par_1_75' title="bbox 624 5861 1272 5922">
     <span class='ocr_line' id='line_1_75' title="bbox 624 5861 1272 5922; baseline 0.005 -4"><span class='ocrx_word' id='word_1_583' title='bbox 624 5861 876 5922; x_wconf 55' lang='lat' dir='ltr'><strong>Pyram.</strong></span> <span class='ocrx_word' id='word_1_584' title='bbox 931 5863 1048 5922; x_wconf 77' lang='lat' dir='ltr'><strong>Gn.</strong></span> <span class='ocrx_word' id='word_1_585' title='bbox 1077 5861 1272 5921; x_wconf 78' lang='lat' dir='ltr'><strong>XLII.</strong></span> 
     </span>
    </p>
   </div>
   <div class='ocr_carea' id='block_1_76' title="bbox 1943 3133 1994 3196">
    <p class='ocr_par' dir='ltr' id='par_1_76' title="bbox 1943 3133 1994 3196">
     <span class='ocr_line' id='line_1_76' title="bbox 1943 3133 1994 3196; baseline 0 0"><span class='ocrx_word' id='word_1_586' title='bbox 1943 3133 1994 3196; x_wconf 87' lang='lat' dir='ltr'><strong><em>C</em></strong></span> 
     </span>
    </p>
   </div>
   <div class='ocr_carea' id='block_1_77' title="bbox 2020 1857 3591 1929">
    <p class='ocr_par' dir='ltr' id='par_1_77' title="bbox 2020 1857 3591 1929">
     <span class='ocr_line' id='line_1_77' title="bbox 2020 1857 3591 1929; baseline -0.002 -17"><span class='ocrx_word' id='word_1_587' title='bbox 2020 1859 2146 1913; x_wconf 76' lang='lat' dir='ltr'><strong>fert.</strong></span> <span class='ocrx_word' id='word_1_588' title='bbox 2176 1857 2280 1913; x_wconf 86' lang='lat' dir='ltr'><strong>Per</strong></span> <span class='ocrx_word' id='word_1_589' title='bbox 2316 1859 2456 1914; x_wconf 92' lang='lat' dir='ltr'><strong>idem</strong></span> <span class='ocrx_word' id='word_1_590' title='bbox 2491 1868 2707 1928; x_wconf 87' lang='lat' dir='ltr'><strong>tempus</strong></span> <span class='ocrx_word' id='word_1_591' title='bbox 2746 1859 2972 1913; x_wconf 86' lang='lat' dir='ltr'><strong>materia</strong></span> <span class='ocrx_word' id='word_1_592' title='bbox 3003 1860 3203 1929; x_wconf 83' lang='lat' dir='ltr'><strong>stirpes</strong></span> <span class='ocrx_word' id='word_1_593' title='bbox 3231 1873 3296 1913; x_wconf 84' lang='lat' dir='ltr'><strong>ex</strong></span> <span class='ocrx_word' id='word_1_594' title='bbox 3327 1871 3447 1913; x_wconf 88' lang='lat' dir='ltr'><strong>sese</strong></span> <span class='ocrx_word' id='word_1_595' title='bbox 3471 1872 3591 1926; x_wconf 82' lang='lat' dir='ltr'><strong>pro-</strong></span> 
     </span>
    </p>
   </div>
   <div class='ocr_carea' id='block_1_78' title="bbox 2018 1949 3588 2022">
    <p class='ocr_par' dir='ltr' id='par_1_78' title="bbox 2018 1949 3588 2022">
     <span class='ocr_line' id='line_1_78' title="bbox 2018 1949 3588 2022; baseline -0.003 -17"><span class='ocrx_word' id='word_1_596' title='bbox 2018 1951 2263 2016; x_wconf 85' lang='lat' dir='ltr'><strong>creavit;</strong></span> <span class='ocrx_word' id='word_1_597' title='bbox 2321 1966 2458 2022; x_wconf 91' lang='lat' dir='ltr'><strong>quas</strong></span> <span class='ocrx_word' id='word_1_598' title='bbox 2501 1967 2629 2006; x_wconf 88' lang='lat' dir='ltr'><strong>cum</strong></span> <span class='ocrx_word' id='word_1_599' title='bbox 2680 1951 2925 2005; x_wconf 91' lang='lat' dir='ltr'><strong>nonnulli</strong></span> <span class='ocrx_word' id='word_1_600' title='bbox 2952 1951 3226 2021; x_wconf 87' lang='lat' dir='ltr'><strong>principes</strong></span> <span class='ocrx_word' id='word_1_601' title='bbox 3259 1949 3588 2019; x_wconf 87' lang='lat' dir='ltr'><strong>diriperent,</strong></span> 
     </span>
    </p>
   </div>
   <div class='ocr_carea' id='block_1_79' title="bbox 2017 2041 3592 2113">
    <p class='ocr_par' dir='ltr' id='par_1_79' title="bbox 2017 2041 3592 2113">
     <span class='ocr_line' id='line_1_79' title="bbox 2017 2041 3592 2113; baseline 0 -19"><span class='ocrx_word' id='word_1_602' title='bbox 2017 2044 2336 2097; x_wconf 89' lang='lat' dir='ltr'><strong>convocatis</strong></span> <span class='ocrx_word' id='word_1_603' title='bbox 2388 2043 2480 2096; x_wconf 70' lang='lat' dir='ltr'><strong>illa</strong></span> <span class='ocrx_word' id='word_1_604' title='bbox 2529 2043 2837 2113; x_wconf 89' lang='lat' dir='ltr'><strong>principum</strong></span> <span class='ocrx_word' id='word_1_605' title='bbox 2893 2041 3263 2113; x_wconf 89' lang='lat' dir='ltr'><strong>primoribus,</strong></span> <span class='ocrx_word' id='word_1_606' title='bbox 3308 2057 3474 2096; x_wconf 90' lang='lat' dir='ltr'><strong>unam</strong></span> <span class='ocrx_word' id='word_1_607' title='bbox 3523 2043 3592 2094; x_wconf 83' lang='lat' dir='ltr'><strong>ab</strong></span> 
     </span>
    </p>
   </div>
   <div class='ocr_carea' id='block_1_80' title="bbox 2019 2133 3592 2204">
    <p class='ocr_par' dir='ltr' id='par_1_80' title="bbox 2019 2133 3592 2204">
     <span class='ocr_line' id='line_1_80' title="bbox 2019 2133 3592 2204; baseline -0.001 -16"><span class='ocrx_word' id='word_1_608' title='bbox 2019 2134 2253 2204; x_wconf 83' lang='lat' dir='ltr'><strong>singulis</strong></span> <span class='ocrx_word' id='word_1_609' title='bbox 2311 2136 2569 2188; x_wconf 80' lang='lat' dir='ltr'><strong>virtutem</strong></span> <span class='ocrx_word' id='word_1_610' title='bbox 2623 2135 2864 2204; x_wconf 88' lang='lat' dir='ltr'><strong>accepit,</strong></span> <span class='ocrx_word' id='word_1_611' title='bbox 2918 2135 3304 2204; x_wconf 89' lang='lat' dir='ltr'><strong>hominemque</strong></span> <span class='ocrx_word' id='word_1_612' title='bbox 3345 2133 3592 2188; x_wconf 85' lang='lat' dir='ltr'><strong>condidit</strong></span> 
     </span>
    </p>
   </div>
   <div class='ocr_carea' id='block_1_81' title="bbox 2019 2223 3588 2296">
    <p class='ocr_par' dir='ltr' id='par_1_81' title="bbox 2019 2223 3588 2296">
     <span class='ocr_line' id='line_1_81' title="bbox 2019 2223 3588 2296; baseline 0.001 -20"><span class='ocrx_word' id='word_1_613' title='bbox 2019 2223 2084 2277; x_wconf 87' lang='lat' dir='ltr'><strong>ad</strong></span> <span class='ocrx_word' id='word_1_614' title='bbox 2122 2225 2281 2294; x_wconf 88' lang='lat' dir='ltr'><strong>primi</strong></span> <span class='ocrx_word' id='word_1_615' title='bbox 2320 2225 2467 2279; x_wconf 91' lang='lat' dir='ltr'><strong>illius</strong></span> <span class='ocrx_word' id='word_1_616' title='bbox 2496 2225 2736 2280; x_wconf 86' lang='lat' dir='ltr'><strong>hominis</strong></span> <span class='ocrx_word' id='word_1_617' title='bbox 2774 2225 3074 2296; x_wconf 80' lang='lat' dir='ltr'><strong>exemplar,</strong></span> <span class='ocrx_word' id='word_1_618' title='bbox 3123 2225 3212 2280; x_wconf 89' lang='lat' dir='ltr'><strong>cui</strong></span> <span class='ocrx_word' id='word_1_619' title='bbox 3254 2232 3310 2280; x_wconf 93' lang='lat' dir='ltr'><strong>et</strong></span> <span class='ocrx_word' id='word_1_620' title='bbox 3350 2226 3588 2279; x_wconf 88' lang='lat' dir='ltr'><strong>animam</strong></span> 
     </span>
    </p>
   </div>
   <div class='ocr_carea' id='block_1_82' title="bbox 2021 2315 3591 2386">
    <p class='ocr_par' dir='ltr' id='par_1_82' title="bbox 2021 2315 3591 2386">
     <span class='ocr_line' id='line_1_82' title="bbox 2021 2315 3591 2386; baseline 0.001 -18"><span class='ocrx_word' id='word_1_621' title='bbox 2021 2315 2266 2386; x_wconf 83' lang='lat' dir='ltr'><strong>illigavit.</strong></span> <span class='ocrx_word' id='word_1_622' title='bbox 2301 2316 2584 2385; x_wconf 86' lang='lat' dir='ltr'><strong>Ejusmodi</strong></span> <span class='ocrx_word' id='word_1_623' title='bbox 2620 2317 3020 2373; x_wconf 83' lang='lat' dir='ltr'><strong>commistionis</strong></span> <span class='ocrx_word' id='word_1_624' title='bbox 3049 2326 3133 2372; x_wconf 89' lang='lat' dir='ltr'><strong>est</strong></span> <span class='ocrx_word' id='word_1_625' title='bbox 3160 2318 3322 2372; x_wconf 89' lang='lat' dir='ltr'><strong>ratio.</strong></span> <span class='ocrx_word' id='word_1_626' title='bbox 3367 2317 3472 2373; x_wconf 89' lang='lat' dir='ltr'><strong>Sed</strong></span> <span class='ocrx_word' id='word_1_627' title='bbox 3506 2318 3591 2370; x_wconf 89' lang='lat' dir='ltr'><strong>vi-</strong></span> 
     </span>
    </p>
   </div>
   <div class='ocr_carea' id='block_1_83' title="bbox 2019 2395 3592 2480">
    <p class='ocr_par' dir='ltr' id='par_1_83' title="bbox 2019 2395 3592 2480">
     <span class='ocr_line' id='line_1_83' title="bbox 2019 2395 3592 2480; baseline 0.001 -18"><span class='ocrx_word' id='word_1_628' title='bbox 2019 2395 2128 2464; x_wconf 58' lang='lat' dir='ltr'><strong>vus&#39;</strong></span> <span class='ocrx_word' id='word_1_629' title='bbox 2152 2409 2336 2476; x_wconf 87' lang='lat' dir='ltr'><strong>Pater,</strong></span> <span class='ocrx_word' id='word_1_630' title='bbox 2368 2410 2513 2480; x_wconf 91' lang='lat' dir='ltr'><strong>quod</strong></span> <span class='ocrx_word' id='word_1_631' title='bbox 2549 2411 2787 2464; x_wconf 90' lang='lat' dir='ltr'><strong>animam</strong></span> <span class='ocrx_word' id='word_1_632' title='bbox 2822 2411 2876 2465; x_wconf 93' lang='lat' dir='ltr'><strong>in</strong></span> <span class='ocrx_word' id='word_1_633' title='bbox 2907 2425 3143 2480; x_wconf 81' lang='lat' dir='ltr'><strong>corpore</strong></span> <span class='ocrx_word' id='word_1_634' title='bbox 3175 2411 3427 2466; x_wconf 79' lang='lat' dir='ltr'><strong>amictam</strong></span> <span class='ocrx_word' id='word_1_635' title='bbox 3481 2426 3592 2466; x_wconf 85' lang='lat' dir='ltr'><strong>cer-</strong></span> 
     </span>
    </p>
   </div>
   <div class='ocr_carea' id='block_1_84' title="bbox 2017 2502 3581 2574">
    <p class='ocr_par' dir='ltr' id='par_1_84' title="bbox 2017 2502 3581 2574">
     <span class='ocr_line' id='line_1_84' title="bbox 2017 2502 3581 2574; baseline 0.002 -20"><span class='ocrx_word' id='word_1_636' title='bbox 2017 2510 2193 2566; x_wconf 88' lang='lat' dir='ltr'><strong>neret,</strong></span> <span class='ocrx_word' id='word_1_637' title='bbox 2231 2510 2292 2556; x_wconf 92' lang='lat' dir='ltr'><strong>ut</strong></span> <span class='ocrx_word' id='word_1_638' title='bbox 2320 2513 2404 2559; x_wconf 85' lang='lat' dir='ltr'><strong>est</strong></span> <span class='ocrx_word' id='word_1_639' title='bbox 2434 2504 2748 2559; x_wconf 88' lang='lat' dir='ltr'><strong>misericors</strong></span> <span class='ocrx_word' id='word_1_640' title='bbox 2777 2518 2842 2558; x_wconf 91' lang='lat' dir='ltr'><strong>ac</strong></span> <span class='ocrx_word' id='word_1_641' title='bbox 2875 2504 3165 2574; x_wconf 84' lang='lat' dir='ltr'><strong>benignus,</strong></span> <span class='ocrx_word' id='word_1_642' title='bbox 3196 2502 3581 2558; x_wconf 90' lang='lat' dir='ltr'><strong>charissimum</strong></span> 
     </span>
    </p>
   </div>
   <div class='ocr_carea' id='block_1_85' title="bbox 2020 2593 3578 2665">
    <p class='ocr_par' dir='ltr' id='par_1_85' title="bbox 2020 2593 3578 2665">
     <span class='ocr_line' id='line_1_85' title="bbox 2020 2593 3578 2665; baseline -0.002 -17"><span class='ocrx_word' id='word_1_643' title='bbox 2020 2595 2120 2649; x_wconf 84' lang='lat' dir='ltr'><strong>sibi</strong></span> <span class='ocrx_word' id='word_1_644' title='bbox 2154 2593 2348 2649; x_wconf 88' lang='lat' dir='ltr'><strong>Filium</strong></span> <span class='ocrx_word' id='word_1_645' title='bbox 2378 2597 2444 2648; x_wconf 92' lang='lat' dir='ltr'><strong>ad</strong></span> <span class='ocrx_word' id='word_1_646' title='bbox 2477 2596 2626 2649; x_wconf 91' lang='lat' dir='ltr'><strong>illius</strong></span> <span class='ocrx_word' id='word_1_647' title='bbox 2663 2594 3088 2665; x_wconf 90' lang='lat' dir='ltr'><strong>recuperandam</strong></span> <span class='ocrx_word' id='word_1_648' title='bbox 3119 2595 3348 2651; x_wconf 89' lang='lat' dir='ltr'><strong>salutem</strong></span> <span class='ocrx_word' id='word_1_649' title='bbox 3377 2595 3578 2650; x_wconf 89' lang='lat' dir='ltr'><strong>emisit.</strong></span> 
     </span>
    </p>
   </div>
   <div class='ocr_carea' id='block_1_86' title="bbox 2020 2685 3588 2757">
    <p class='ocr_par' dir='ltr' id='par_1_86' title="bbox 2020 2685 3588 2757">
     <span class='ocr_line' id='line_1_86' title="bbox 2020 2685 3588 2757; baseline 0.001 -19"><span class='ocrx_word' id='word_1_650' title='bbox 2020 2685 2172 2740; x_wconf 74' lang='lat' dir='ltr'><strong>Hanc</strong></span> <span class='ocrx_word' id='word_1_651' title='bbox 2199 2688 2344 2742; x_wconf 92' lang='lat' dir='ltr'><strong>enim</strong></span> <span class='ocrx_word' id='word_1_652' title='bbox 2383 2688 2456 2742; x_wconf 88' lang='lat' dir='ltr'><strong>ob</strong></span> <span class='ocrx_word' id='word_1_653' title='bbox 2481 2703 2704 2742; x_wconf 87' lang='lat' dir='ltr'><strong>causam</strong></span> <span class='ocrx_word' id='word_1_654' title='bbox 2731 2729 2748 2754; x_wconf 98' lang='lat'><strong>,</strong></span> <span class='ocrx_word' id='word_1_655' title='bbox 2779 2687 2943 2742; x_wconf 91' lang='lat' dir='ltr'><strong>simul</strong></span> <span class='ocrx_word' id='word_1_656' title='bbox 2975 2694 3029 2742; x_wconf 89' lang='lat' dir='ltr'><strong>et</strong></span> <span class='ocrx_word' id='word_1_657' title='bbox 3059 2685 3231 2756; x_wconf 88' lang='lat' dir='ltr'><strong>Bajuli</strong></span> <span class='ocrx_word' id='word_1_658' title='bbox 3278 2687 3450 2757; x_wconf 82' lang='lat' dir='ltr'><strong>gratia</strong></span> <span class='ocrx_word' id='word_1_659' title='bbox 3485 2688 3588 2740; x_wconf 87' lang='lat' dir='ltr'><strong>mi-</strong></span> 
     </span>
    </p>
   </div>
   <div class='ocr_carea' id='block_1_87' title="bbox 2021 2777 3591 2850">
    <p class='ocr_par' dir='ltr' id='par_1_87' title="bbox 2021 2777 3591 2850">
     <span class='ocr_line' id='line_1_87' title="bbox 2021 2777 3591 2850; baseline -0.001 -17"><span class='ocrx_word' id='word_1_660' title='bbox 2021 2779 2161 2833; x_wconf 91' lang='lat' dir='ltr'><strong>sisse</strong></span> <span class='ocrx_word' id='word_1_661' title='bbox 2192 2779 2411 2833; x_wconf 87' lang='lat' dir='ltr'><strong>dicitur.</strong></span> <span class='ocrx_word' id='word_1_662' title='bbox 2444 2778 2614 2850; x_wconf 85' lang='lat' dir='ltr'><strong>Igitur</strong></span> <span class='ocrx_word' id='word_1_663' title='bbox 2640 2778 2813 2834; x_wconf 86' lang='lat' dir='ltr'><strong>Filius</strong></span> <span class='ocrx_word' id='word_1_664' title='bbox 2855 2778 3150 2834; x_wconf 84' lang='lat' dir='ltr'><strong>adveniens</strong></span> <span class='ocrx_word' id='word_1_665' title='bbox 3193 2792 3315 2834; x_wconf 85' lang='lat' dir='ltr'><strong>sese</strong></span> <span class='ocrx_word' id='word_1_666' title='bbox 3355 2777 3591 2832; x_wconf 88' lang='lat' dir='ltr'><strong>hominis</strong></span> 
     </span>
    </p>
   </div>
   <div class='ocr_carea' id='block_1_88' title="bbox 2020 2867 3588 2939">
    <p class='ocr_par' dir='ltr' id='par_1_88' title="bbox 2020 2867 3588 2939">
     <span class='ocr_line' id='line_1_88' title="bbox 2020 2867 3588 2939; baseline 0.001 -18"><span class='ocrx_word' id='word_1_667' title='bbox 2020 2867 2075 2921; x_wconf 91' lang='lat' dir='ltr'><strong>in</strong></span> <span class='ocrx_word' id='word_1_668' title='bbox 2106 2867 2335 2938; x_wconf 76' lang='lat' dir='ltr'><strong>figuram</strong></span> <span class='ocrx_word' id='word_1_669' title='bbox 2365 2870 2670 2931; x_wconf 86' lang='lat' dir='ltr'><strong>convertit,</strong></span> <span class='ocrx_word' id='word_1_670' title='bbox 2706 2876 2870 2939; x_wconf 89' lang='lat' dir='ltr'><strong>atque</strong></span> <span class='ocrx_word' id='word_1_671' title='bbox 2911 2868 3151 2924; x_wconf 88' lang='lat' dir='ltr'><strong>hominis</strong></span> <span class='ocrx_word' id='word_1_672' title='bbox 3188 2869 3383 2925; x_wconf 92' lang='lat' dir='ltr'><strong>similis</strong></span> <span class='ocrx_word' id='word_1_673' title='bbox 3412 2869 3588 2923; x_wconf 90' lang='lat' dir='ltr'><strong>homi-</strong></span> 
     </span>
    </p>
   </div>
   <div class='ocr_carea' id='block_1_89' title="bbox 2019 2960 3590 3031">
    <p class='ocr_par' dir='ltr' id='par_1_89' title="bbox 2019 2960 3590 3031">
     <span class='ocr_line' id='line_1_89' title="bbox 2019 2960 3590 3031; baseline 0.001 -17"><span class='ocrx_word' id='word_1_674' title='bbox 2019 2960 2184 3015; x_wconf 89' lang='lat' dir='ltr'><strong>nibus</strong></span> <span class='ocrx_word' id='word_1_675' title='bbox 2212 2962 2493 3030; x_wconf 89' lang='lat' dir='ltr'><strong>apparuit,</strong></span> <span class='ocrx_word' id='word_1_676' title='bbox 2524 2962 2651 3016; x_wconf 90' lang='lat' dir='ltr'><strong>licet</strong></span> <span class='ocrx_word' id='word_1_677' title='bbox 2679 2961 2844 3016; x_wconf 83' lang='lat' dir='ltr'><strong>homo</strong></span> <span class='ocrx_word' id='word_1_678' title='bbox 2875 2977 2983 3016; x_wconf 89' lang='lat' dir='ltr'><strong>non</strong></span> <span class='ocrx_word' id='word_1_679' title='bbox 3013 2971 3160 3016; x_wconf 89' lang='lat' dir='ltr'><strong>esset</strong></span> <span class='ocrx_word' id='word_1_680' title='bbox 3188 2980 3202 3025; x_wconf 90' lang='lat'><strong>;</strong></span> <span class='ocrx_word' id='word_1_681' title='bbox 3231 2961 3590 3031; x_wconf 89' lang='lat' dir='ltr'><strong>eumdemque</strong></span> 
     </span>
    </p>
   </div>
   <div class='ocr_carea' id='block_1_90' title="bbox 2021 3049 3296 3120">
    <p class='ocr_par' dir='ltr' id='par_1_90' title="bbox 2021 3049 3296 3120">
     <span class='ocr_line' id='line_1_90' title="bbox 2021 3049 3296 3120; baseline 0.001 -16"><span class='ocrx_word' id='word_1_682' title='bbox 2021 3052 2264 3120; x_wconf 75' lang='lat' dir='ltr'><strong>genitura</strong></span> <span class='ocrx_word' id='word_1_683' title='bbox 2293 3065 2417 3106; x_wconf 88' lang='lat' dir='ltr'><strong>esse</strong></span> <span class='ocrx_word' id='word_1_684' title='bbox 2444 3050 2696 3106; x_wconf 85' lang='lat' dir='ltr'><strong>homines</strong></span> <span class='ocrx_word' id='word_1_685' title='bbox 2725 3051 2888 3120; x_wconf 86' lang='lat' dir='ltr'><strong>vulgo</strong></span> <span class='ocrx_word' id='word_1_686' title='bbox 2922 3049 3296 3105; x_wconf 87' lang='lat' dir='ltr'><strong>crediderunt.</strong></span> 
     </span>
    </p>
   </div>
   <div class='ocr_carea' id='block_1_91' title="bbox 2091 3232 3588 3304">
    <p class='ocr_par' dir='ltr' id='par_1_91' title="bbox 2091 3232 3588 3304">
     <span class='ocr_line' id='line_1_91' title="bbox 2091 3232 3588 3304; baseline 0.002 -19"><span class='ocrx_word' id='word_1_687' title='bbox 2091 3232 2278 3302; x_wconf 86' lang='lat' dir='ltr'><strong>Itaque</strong></span> <span class='ocrx_word' id='word_1_688' title='bbox 2314 3247 2438 3287; x_wconf 85' lang='lat' dir='ltr'><strong>mox</strong></span> <span class='ocrx_word' id='word_1_689' title='bbox 2470 3241 2530 3286; x_wconf 85' lang='lat' dir='ltr'><strong>ut</strong></span> <span class='ocrx_word' id='word_1_690' title='bbox 2562 3232 2836 3296; x_wconf 89' lang='lat' dir='ltr'><strong>accessit,</strong></span> <span class='ocrx_word' id='word_1_691' title='bbox 2878 3248 3014 3303; x_wconf 93' lang='lat' dir='ltr'><strong>opus</strong></span> <span class='ocrx_word' id='word_1_692' title='bbox 3045 3233 3320 3304; x_wconf 89' lang='lat' dir='ltr'><strong>quoddam</strong></span> <span class='ocrx_word' id='word_1_693' title='bbox 3361 3234 3426 3288; x_wconf 87' lang='lat' dir='ltr'><strong>ad</strong></span> <span class='ocrx_word' id='word_1_694' title='bbox 3469 3236 3588 3289; x_wconf 88' lang='lat' dir='ltr'><strong>ani-</strong></span> 
     </span>
    </p>
   </div>
   <div class='ocr_carea' id='block_1_92' title="bbox 2019 3325 3588 3398">
    <p class='ocr_par' dir='ltr' id='par_1_92' title="bbox 2019 3325 3588 3398">
     <span class='ocr_line' id='line_1_92' title="bbox 2019 3325 3588 3398; baseline 0.001 -18"><span class='ocrx_word' id='word_1_695' title='bbox 2019 3341 2234 3380; x_wconf 89' lang='lat' dir='ltr'><strong>marum</strong></span> <span class='ocrx_word' id='word_1_696' title='bbox 2281 3325 2514 3381; x_wconf 85' lang='lat' dir='ltr'><strong>salutem</strong></span> <span class='ocrx_word' id='word_1_697' title='bbox 2557 3327 2783 3382; x_wconf 89' lang='lat' dir='ltr'><strong>molitus</strong></span> <span class='ocrx_word' id='word_1_698' title='bbox 2826 3333 2947 3390; x_wconf 87' lang='lat' dir='ltr'><strong>est,</strong></span> <span class='ocrx_word' id='word_1_699' title='bbox 2998 3327 3416 3398; x_wconf 88' lang='lat' dir='ltr'><strong>machinamque</strong></span> <span class='ocrx_word' id='word_1_700' title='bbox 3456 3343 3588 3382; x_wconf 91' lang='lat' dir='ltr'><strong>con-</strong></span> 
     </span>
    </p>
   </div>
   <div class='ocr_carea' id='block_1_93' title="bbox 2017 3416 3591 3490">
    <p class='ocr_par' dir='ltr' id='par_1_93' title="bbox 2017 3416 3591 3490">
     <span class='ocr_line' id='line_1_93' title="bbox 2017 3416 3591 3490; baseline 0.003 -20"><span class='ocrx_word' id='word_1_701' title='bbox 2017 3416 2260 3481; x_wconf 81' lang='lat' dir='ltr'><strong>struxit;</strong></span> <span class='ocrx_word' id='word_1_702' title='bbox 2293 3418 2350 3470; x_wconf 92' lang='lat' dir='ltr'><strong>in</strong></span> <span class='ocrx_word' id='word_1_703' title='bbox 2395 3433 2502 3485; x_wconf 90' lang='lat' dir='ltr'><strong>qua</strong></span> <span class='ocrx_word' id='word_1_704' title='bbox 2549 3417 2670 3472; x_wconf 89' lang='lat' dir='ltr'><strong>cadi</strong></span> <span class='ocrx_word' id='word_1_705' title='bbox 2717 3427 2876 3472; x_wconf 89' lang='lat' dir='ltr'><strong>erant</strong></span> <span class='ocrx_word' id='word_1_706' title='bbox 2917 3417 3243 3473; x_wconf 87' lang='lat' dir='ltr'><strong>duodecim:</strong></span> <span class='ocrx_word' id='word_1_707' title='bbox 3283 3434 3402 3488; x_wconf 73' lang='lat' dir='ltr'><strong>qua:</strong></span> <span class='ocrx_word' id='word_1_708' title='bbox 3441 3421 3591 3490; x_wconf 86' lang='lat' dir='ltr'><strong>globi</strong></span> 
     </span>
    </p>
   </div>
   <div class='ocr_carea' id='block_1_94' title="bbox 2019 3507 3588 3577">
    <p class='ocr_par' dir='ltr' id='par_1_94' title="bbox 2019 3507 3588 3577">
     <span class='ocr_line' id='line_1_94' title="bbox 2019 3507 3588 3577; baseline 0.003 -16"><span class='ocrx_word' id='word_1_709' title='bbox 2019 3507 2308 3576; x_wconf 88' lang='lat' dir='ltr'><strong>cujusdam</strong></span> <span class='ocrx_word' id='word_1_710' title='bbox 2349 3507 2650 3577; x_wconf 77' lang='lat' dir='ltr'><strong>agitatione</strong></span> <span class='ocrx_word' id='word_1_711' title='bbox 2679 3522 2946 3563; x_wconf 85' lang='lat' dir='ltr'><strong>conversa</strong></span> <span class='ocrx_word' id='word_1_712' title='bbox 2990 3517 3329 3563; x_wconf 90' lang='lat' dir='ltr'><strong>mortuorum</strong></span> <span class='ocrx_word' id='word_1_713' title='bbox 3375 3511 3588 3565; x_wconf 88' lang='lat' dir='ltr'><strong>animas</strong></span> 
     </span>
    </p>
   </div>
   <div class='ocr_carea' id='block_1_95' title="bbox 2018 3598 3586 3670">
    <p class='ocr_par' dir='ltr' id='par_1_95' title="bbox 2018 3598 3586 3670">
     <span class='ocr_line' id='line_1_95' title="bbox 2018 3598 3586 3670; baseline 0.002 -16"><span class='ocrx_word' id='word_1_714' title='bbox 2018 3614 2236 3654; x_wconf 86' lang='lat' dir='ltr'><strong>sursum</strong></span> <span class='ocrx_word' id='word_1_715' title='bbox 2261 3598 2468 3663; x_wconf 89' lang='lat' dir='ltr'><strong>evehit,</strong></span> <span class='ocrx_word' id='word_1_716' title='bbox 2496 3614 2603 3668; x_wconf 86' lang='lat' dir='ltr'><strong>qua</strong></span> <span class='ocrx_word' id='word_1_717' title='bbox 2631 3615 2886 3670; x_wconf 84' lang='lat' dir='ltr'><strong>magnum</strong></span> <span class='ocrx_word' id='word_1_718' title='bbox 2919 3599 3050 3654; x_wconf 92' lang='lat' dir='ltr'><strong>illud</strong></span> <span class='ocrx_word' id='word_1_719' title='bbox 3083 3599 3236 3655; x_wconf 91' lang='lat' dir='ltr'><strong>sidus</strong></span> <span class='ocrx_word' id='word_1_720' title='bbox 3267 3600 3437 3655; x_wconf 89' lang='lat' dir='ltr'><strong>radiis</strong></span> <span class='ocrx_word' id='word_1_721' title='bbox 3468 3603 3586 3657; x_wconf 91' lang='lat' dir='ltr'><strong>suis</strong></span> 
     </span>
    </p>
   </div>
   <div class='ocr_carea' id='block_1_96' title="bbox 2017 3692 3583 3762">
    <p class='ocr_par' dir='ltr' id='par_1_96' title="bbox 2017 3692 3583 3762">
     <span class='ocr_line' id='line_1_96' title="bbox 2017 3692 3583 3762; baseline -0.002 -15"><span class='ocrx_word' id='word_1_722' title='bbox 2017 3698 2274 3762; x_wconf 80' lang='lat' dir='ltr'><strong>exceptas</strong></span> <span class='ocrx_word' id='word_1_723' title='bbox 2302 3705 2366 3744; x_wconf 90' lang='lat' dir='ltr'><strong>ac</strong></span> <span class='ocrx_word' id='word_1_724' title='bbox 2395 3700 2711 3762; x_wconf 85' lang='lat' dir='ltr'><strong>repurgatas</strong></span> <span class='ocrx_word' id='word_1_725' title='bbox 2734 3692 2786 3746; x_wconf 94' lang='lat' dir='ltr'><strong>in</strong></span> <span class='ocrx_word' id='word_1_726' title='bbox 2813 3692 2993 3746; x_wconf 85' lang='lat' dir='ltr'><strong>lunam</strong></span> <span class='ocrx_word' id='word_1_727' title='bbox 3021 3700 3374 3762; x_wconf 87' lang='lat' dir='ltr'><strong>transportat.</strong></span> <span class='ocrx_word' id='word_1_728' title='bbox 3396 3693 3474 3746; x_wconf 85' lang='lat' dir='ltr'><strong>Ita</strong></span> <span class='ocrx_word' id='word_1_729' title='bbox 3508 3693 3583 3754; x_wconf 76' lang='lat' dir='ltr'><strong>fit,</strong></span> 
     </span>
    </p>
   </div>
   <div class='ocr_carea' id='block_1_97' title="bbox 2017 3784 3588 3855">
    <p class='ocr_par' dir='ltr' id='par_1_97' title="bbox 2017 3784 3588 3855">
     <span class='ocr_line' id='line_1_97' title="bbox 2017 3784 3588 3855; baseline 0.002 -18"><span class='ocrx_word' id='word_1_730' title='bbox 2017 3794 2077 3837; x_wconf 92' lang='lat' dir='ltr'><strong>ut</strong></span> <span class='ocrx_word' id='word_1_731' title='bbox 2115 3784 2278 3850; x_wconf 88' lang='lat' dir='ltr'><strong>hujus</strong></span> <span class='ocrx_word' id='word_1_732' title='bbox 2306 3785 2455 3838; x_wconf 87' lang='lat' dir='ltr'><strong>orbis</strong></span> <span class='ocrx_word' id='word_1_733' title='bbox 2485 3784 2796 3854; x_wconf 85' lang='lat' dir='ltr'><strong>impleatur,</strong></span> <span class='ocrx_word' id='word_1_734' title='bbox 2829 3784 2923 3853; x_wconf 90' lang='lat' dir='ltr'><strong>qui</strong></span> <span class='ocrx_word' id='word_1_735' title='bbox 2956 3784 3141 3839; x_wconf 84' lang='lat' dir='ltr'><strong>discus</strong></span> <span class='ocrx_word' id='word_1_736' title='bbox 3171 3799 3201 3838; x_wconf 88' lang='lat' dir='ltr'><strong>a</strong></span> <span class='ocrx_word' id='word_1_737' title='bbox 3235 3787 3394 3839; x_wconf 81' lang='lat' dir='ltr'><strong>nobis</strong></span> <span class='ocrx_word' id='word_1_738' title='bbox 3426 3787 3588 3855; x_wconf 80' lang='lat' dir='ltr'><strong>vulgo</strong></span> 
     </span>
    </p>
   </div>
   <div class='ocr_carea' id='block_1_98' title="bbox 2016 3875 3588 3947">
    <p class='ocr_par' dir='ltr' id='par_1_98' title="bbox 2016 3875 3588 3947">
     <span class='ocr_line' id='line_1_98' title="bbox 2016 3875 3588 3947; baseline 0.002 -18"><span class='ocrx_word' id='word_1_739' title='bbox 2016 3875 2237 3930; x_wconf 91' lang='lat' dir='ltr'><strong>dicitur.</strong></span> <span class='ocrx_word' id='word_1_740' title='bbox 2266 3875 2490 3946; x_wconf 83' lang='lat' dir='ltr'><strong>Navigia</strong></span> <span class='ocrx_word' id='word_1_741' title='bbox 2519 3878 2718 3946; x_wconf 88' lang='lat' dir='ltr'><strong>quippe</strong></span> <span class='ocrx_word' id='word_1_742' title='bbox 2748 3885 2801 3932; x_wconf 90' lang='lat' dir='ltr'><strong>et</strong></span> <span class='ocrx_word' id='word_1_743' title='bbox 2827 3889 3099 3947; x_wconf 88' lang='lat' dir='ltr'><strong>pontones</strong></span> <span class='ocrx_word' id='word_1_744' title='bbox 3126 3877 3232 3932; x_wconf 88' lang='lat' dir='ltr'><strong>duo</strong></span> <span class='ocrx_word' id='word_1_745' title='bbox 3258 3893 3378 3933; x_wconf 83' lang='lat' dir='ltr'><strong>esse</strong></span> <span class='ocrx_word' id='word_1_746' title='bbox 3408 3878 3588 3932; x_wconf 88' lang='lat' dir='ltr'><strong>sidera</strong></span> 
     </span>
    </p>
   </div>
   <div class='ocr_carea' id='block_1_99' title="bbox 2016 3966 3584 4026">
    <p class='ocr_par' dir='ltr' id='par_1_99' title="bbox 2016 3966 3584 4026">
     <span class='ocr_line' id='line_1_99' title="bbox 2016 3966 3584 4026; baseline 0.003 -5"><span class='ocrx_word' id='word_1_747' title='bbox 2016 3967 2105 4021; x_wconf 90' lang='lat' dir='ltr'><strong>illa</strong></span> <span class='ocrx_word' id='word_1_748' title='bbox 2127 3978 2333 4023; x_wconf 89' lang='lat' dir='ltr'><strong>censet.</strong></span> <span class='ocrx_word' id='word_1_749' title='bbox 2356 3966 2564 4024; x_wconf 88' lang='lat' dir='ltr'><strong>Onusta</strong></span> <span class='ocrx_word' id='word_1_750' title='bbox 2584 3983 2712 4023; x_wconf 88' lang='lat' dir='ltr'><strong>vero</strong></span> <span class='ocrx_word' id='word_1_751' title='bbox 2751 3969 2876 4023; x_wconf 89' lang='lat' dir='ltr'><strong>luna</strong></span> <span class='ocrx_word' id='word_1_752' title='bbox 2908 3970 2977 4024; x_wconf 88' lang='lat' dir='ltr'><strong>ad</strong></span> <span class='ocrx_word' id='word_1_753' title='bbox 3016 3970 3365 4025; x_wconf 88' lang='lat' dir='ltr'><strong>subsolanum</strong></span> <span class='ocrx_word' id='word_1_754' title='bbox 3403 3979 3584 4026; x_wconf 88' lang='lat' dir='ltr'><strong>trans-</strong></span> 
     </span>
    </p>
   </div>
   <div class='ocr_carea' id='block_1_100' title="bbox 2017 4059 3588 4129">
    <p class='ocr_par' dir='ltr' id='par_1_100' title="bbox 2017 4059 3588 4129">
     <span class='ocr_line' id='line_1_100' title="bbox 2017 4059 3588 4129; baseline 0.002 -17"><span class='ocrx_word' id='word_1_755' title='bbox 2017 4059 2184 4114; x_wconf 89' lang='lat' dir='ltr'><strong>vehit.</strong></span> <span class='ocrx_word' id='word_1_756' title='bbox 2232 4059 2311 4112; x_wconf 92' lang='lat' dir='ltr'><strong>Ita</strong></span> <span class='ocrx_word' id='word_1_757' title='bbox 2343 4059 2594 4129; x_wconf 87' lang='lat' dir='ltr'><strong>deposito</strong></span> <span class='ocrx_word' id='word_1_758' title='bbox 2626 4075 2796 4115; x_wconf 91' lang='lat' dir='ltr'><strong>onerc</strong></span> <span class='ocrx_word' id='word_1_759' title='bbox 2839 4061 3068 4124; x_wconf 89' lang='lat' dir='ltr'><strong>levatur,</strong></span> <span class='ocrx_word' id='word_1_760' title='bbox 3117 4076 3181 4115; x_wconf 90' lang='lat' dir='ltr'><strong>ac</strong></span> <span class='ocrx_word' id='word_1_761' title='bbox 3231 4076 3450 4115; x_wconf 90' lang='lat' dir='ltr'><strong>rursum</strong></span> <span class='ocrx_word' id='word_1_762' title='bbox 3489 4078 3588 4115; x_wconf 87' lang='lat' dir='ltr'><strong>na-</strong></span> 
     </span>
    </p>
   </div>
   <div class='ocr_carea' id='block_1_101' title="bbox 2014 4151 3588 4224">
    <p class='ocr_par' dir='ltr' id='par_1_101' title="bbox 2014 4151 3588 4224">
     <span class='ocr_line' id='line_1_101' title="bbox 2014 4151 3588 4224; baseline 0.003 -21"><span class='ocrx_word' id='word_1_763' title='bbox 2014 4151 2217 4220; x_wconf 87' lang='lat' dir='ltr'><strong>vigium</strong></span> <span class='ocrx_word' id='word_1_764' title='bbox 2245 4151 2412 4224; x_wconf 64' lang='lat' dir='ltr'><strong>6M</strong></span> <span class='ocrx_word' id='word_1_765' title='bbox 2442 4152 2710 4221; x_wconf 90' lang='lat' dir='ltr'><strong>complet:</strong></span> <span class='ocrx_word' id='word_1_766' title='bbox 2752 4153 2882 4207; x_wconf 87' lang='lat' dir='ltr'><strong>hinc</strong></span> <span class='ocrx_word' id='word_1_767' title='bbox 2927 4155 3082 4208; x_wconf 88' lang='lat' dir='ltr'><strong>novis</strong></span> <span class='ocrx_word' id='word_1_768' title='bbox 3127 4169 3222 4224; x_wconf 86' lang='lat' dir='ltr'><strong>per</strong></span> <span class='ocrx_word' id='word_1_769' title='bbox 3256 4154 3421 4208; x_wconf 89' lang='lat' dir='ltr'><strong>cados</strong></span> <span class='ocrx_word' id='word_1_770' title='bbox 3462 4170 3588 4209; x_wconf 91' lang='lat' dir='ltr'><strong>eve-</strong></span> 
     </span>
    </p>
   </div>
   <div class='ocr_carea' id='block_1_102' title="bbox 2015 4244 3584 4315">
    <p class='ocr_par' dir='ltr' id='par_1_102' title="bbox 2015 4244 3584 4315">
     <span class='ocr_line' id='line_1_102' title="bbox 2015 4244 3584 4315; baseline 0.003 -19"><span class='ocrx_word' id='word_1_771' title='bbox 2015 4245 2120 4296; x_wconf 92' lang='lat' dir='ltr'><strong>ctis</strong></span> <span class='ocrx_word' id='word_1_772' title='bbox 2152 4244 2349 4298; x_wconf 86' lang='lat' dir='ltr'><strong>animis</strong></span> <span class='ocrx_word' id='word_1_773' title='bbox 2380 4245 2578 4297; x_wconf 88' lang='lat' dir='ltr'><strong>iterum</strong></span> <span class='ocrx_word' id='word_1_774' title='bbox 2611 4253 2961 4309; x_wconf 81' lang='lat' dir='ltr'><strong>exoneratur,</strong></span> <span class='ocrx_word' id='word_1_775' title='bbox 2991 4245 3166 4301; x_wconf 89' lang='lat' dir='ltr'><strong>donec</strong></span> <span class='ocrx_word' id='word_1_776' title='bbox 3206 4261 3358 4300; x_wconf 85' lang='lat' dir='ltr'><strong>suam</strong></span> <span class='ocrx_word' id='word_1_777' title='bbox 3390 4262 3455 4300; x_wconf 86' lang='lat' dir='ltr'><strong>ac</strong></span> <span class='ocrx_word' id='word_1_778' title='bbox 3489 4261 3584 4315; x_wconf 87' lang='lat' dir='ltr'><strong>pe-</strong></span> 
     </span>
    </p>
   </div>
   <div class='ocr_carea' id='block_1_103' title="bbox 2014 4335 3587 4406">
    <p class='ocr_par' dir='ltr' id='par_1_103' title="bbox 2014 4335 3587 4406">
     <span class='ocr_line' id='line_1_103' title="bbox 2014 4335 3587 4406; baseline 0.001 -17"><span class='ocrx_word' id='word_1_779' title='bbox 2014 4335 2274 4390; x_wconf 86' lang='lat' dir='ltr'><strong>culiarem</strong></span> <span class='ocrx_word' id='word_1_780' title='bbox 2321 4335 2518 4390; x_wconf 72' lang='lat' dir='ltr'><strong>animae</strong></span> <span class='ocrx_word' id='word_1_781' title='bbox 2569 4343 2777 4405; x_wconf 87' lang='lat' dir='ltr'><strong>partem</strong></span> <span class='ocrx_word' id='word_1_782' title='bbox 2822 4336 3040 4406; x_wconf 85' lang='lat' dir='ltr'><strong>eripiat.</strong></span> <span class='ocrx_word' id='word_1_783' title='bbox 3095 4335 3304 4390; x_wconf 84' lang='lat' dir='ltr'><strong>Etenim</strong></span> <span class='ocrx_word' id='word_1_784' title='bbox 3348 4337 3587 4390; x_wconf 88' lang='lat' dir='ltr'><strong>animam</strong></span> 
     </span>
    </p>
   </div>
   <div class='ocr_carea' id='block_1_104' title="bbox 2016 4427 3586 4495">
    <p class='ocr_par' dir='ltr' id='par_1_104' title="bbox 2016 4427 3586 4495">
     <span class='ocr_line' id='line_1_104' title="bbox 2016 4427 3586 4495; baseline -0.001 -16"><span class='ocrx_word' id='word_1_785' title='bbox 2016 4441 2252 4488; x_wconf 88' lang='lat' dir='ltr'><strong>omnem,</strong></span> <span class='ocrx_word' id='word_1_786' title='bbox 2300 4435 2462 4494; x_wconf 89' lang='lat' dir='ltr'><strong>atque</strong></span> <span class='ocrx_word' id='word_1_787' title='bbox 2513 4442 2676 4481; x_wconf 85' lang='lat' dir='ltr'><strong>omne</strong></span> <span class='ocrx_word' id='word_1_788' title='bbox 2724 4427 2870 4495; x_wconf 91' lang='lat' dir='ltr'><strong>quod</strong></span> <span class='ocrx_word' id='word_1_789' title='bbox 2915 4434 3162 4481; x_wconf 90' lang='lat' dir='ltr'><strong>movetur</strong></span> <span class='ocrx_word' id='word_1_790' title='bbox 3205 4427 3404 4480; x_wconf 83' lang='lat' dir='ltr'><strong>animal</strong></span> <span class='ocrx_word' id='word_1_791' title='bbox 3458 4427 3586 4481; x_wconf 89' lang='lat' dir='ltr'><strong>boni</strong></span> 
     </span>
    </p>
   </div>
   <div class='ocr_carea' id='block_1_105' title="bbox 2018 4515 3584 4586">
    <p class='ocr_par' dir='ltr' id='par_1_105' title="bbox 2018 4515 3584 4586">
     <span class='ocr_line' id='line_1_105' title="bbox 2018 4515 3584 4586; baseline -0.002 -15"><span class='ocrx_word' id='word_1_792' title='bbox 2018 4518 2166 4572; x_wconf 90' lang='lat' dir='ltr'><strong>illius</strong></span> <span class='ocrx_word' id='word_1_793' title='bbox 2192 4517 2361 4586; x_wconf 88' lang='lat' dir='ltr'><strong>patris</strong></span> <span class='ocrx_word' id='word_1_794' title='bbox 2385 4524 2592 4570; x_wconf 67' lang='lat' dir='ltr'><strong>naturae</strong></span> <span class='ocrx_word' id='word_1_795' title='bbox 2621 4517 2892 4586; x_wconf 85' lang='lat' dir='ltr'><strong>particeps</strong></span> <span class='ocrx_word' id='word_1_796' title='bbox 2920 4531 3043 4571; x_wconf 90' lang='lat' dir='ltr'><strong>esse</strong></span> <span class='ocrx_word' id='word_1_797' title='bbox 3063 4516 3240 4570; x_wconf 84' lang='lat' dir='ltr'><strong>docet.</strong></span> <span class='ocrx_word' id='word_1_798' title='bbox 3265 4515 3436 4570; x_wconf 87' lang='lat' dir='ltr'><strong>Porro</strong></span> <span class='ocrx_word' id='word_1_799' title='bbox 3461 4531 3584 4570; x_wconf 91' lang='lat' dir='ltr'><strong>cum</strong></span> 
     </span>
    </p>
   </div>
   <div class='ocr_carea' id='block_1_106' title="bbox 2018 4606 3587 4688">
    <p class='ocr_par' dir='ltr' id='par_1_106' title="bbox 2018 4606 3587 4688">
     <span class='ocr_line' id='line_1_106' title="bbox 2018 4606 3587 4688; baseline -0.001 -26"><span class='ocrx_word' id='word_1_800' title='bbox 2018 4624 2158 4663; x_wconf 83' lang='lat' dir='ltr'><strong>onus</strong></span> <span class='ocrx_word' id='word_1_801' title='bbox 2186 4607 2317 4688; x_wconf 74' lang='lat' dir='ltr'><strong>illud</strong></span> <span class='ocrx_word' id='word_1_802' title='bbox 2342 4607 2642 4662; x_wconf 88' lang='lat' dir='ltr'><strong>animarum</strong></span> <span class='ocrx_word' id='word_1_803' title='bbox 2672 4607 2737 4662; x_wconf 89' lang='lat' dir='ltr'><strong>ad</strong></span> <span class='ocrx_word' id='word_1_804' title='bbox 2765 4606 2943 4662; x_wconf 85' lang='lat' dir='ltr'><strong>Patris</strong></span> <span class='ocrx_word' id='word_1_805' title='bbox 2967 4606 3170 4662; x_wconf 59' lang='lat' dir='ltr'><strong>{Eones</strong></span> <span class='ocrx_word' id='word_1_806' title='bbox 3192 4608 3316 4662; x_wconf 86' lang='lat' dir='ltr'><strong>luna</strong></span> <span class='ocrx_word' id='word_1_807' title='bbox 3342 4616 3587 4662; x_wconf 77' lang='lat' dir='ltr'><strong>transve-</strong></span> 
     </span>
    </p>
   </div>
   <div class='ocr_carea' id='block_1_107' title="bbox 2017 4699 3585 4771">
    <p class='ocr_par' dir='ltr' id='par_1_107' title="bbox 2017 4699 3585 4771">
     <span class='ocr_line' id='line_1_107' title="bbox 2017 4699 3585 4771; baseline 0.001 -19"><span class='ocrx_word' id='word_1_808' title='bbox 2017 4699 2192 4762; x_wconf 82' lang='lat' dir='ltr'><strong>xerit,</strong></span> <span class='ocrx_word' id='word_1_809' title='bbox 2234 4707 2456 4754; x_wconf 88' lang='lat' dir='ltr'><strong>manent</strong></span> <span class='ocrx_word' id='word_1_810' title='bbox 2482 4715 2558 4754; x_wconf 63' lang='lat' dir='ltr'><strong>ea:</strong></span> <span class='ocrx_word' id='word_1_811' title='bbox 2589 4699 2644 4754; x_wconf 90' lang='lat' dir='ltr'><strong>in</strong></span> <span class='ocrx_word' id='word_1_812' title='bbox 2677 4701 2861 4771; x_wconf 74' lang='lat' dir='ltr'><strong>gloria:</strong></span> <span class='ocrx_word' id='word_1_813' title='bbox 2892 4701 3145 4754; x_wconf 87' lang='lat' dir='ltr'><strong>columna</strong></span> <span class='ocrx_word' id='word_1_814' title='bbox 3176 4700 3268 4769; x_wconf 85' lang='lat' dir='ltr'><strong>qui</strong></span> <span class='ocrx_word' id='word_1_815' title='bbox 3311 4700 3585 4770; x_wconf 80' lang='lat' dir='ltr'><strong>perfectus</strong></span> 
     </span>
    </p>
   </div>
   <div class='ocr_carea' id='block_1_108' title="bbox 2017 4789 3581 4862">
    <p class='ocr_par' dir='ltr' id='par_1_108' title="bbox 2017 4789 3581 4862">
     <span class='ocr_line' id='line_1_108' title="bbox 2017 4789 3581 4862; baseline 0.002 -20"><span class='ocrx_word' id='word_1_816' title='bbox 2017 4805 2108 4843; x_wconf 88' lang='lat' dir='ltr'><strong>aer</strong></span> <span class='ocrx_word' id='word_1_817' title='bbox 2138 4790 2358 4843; x_wconf 85' lang='lat' dir='ltr'><strong>dicitur.</strong></span> <span class='ocrx_word' id='word_1_818' title='bbox 2388 4789 2484 4845; x_wconf 84' lang='lat' dir='ltr'><strong>Est</strong></span> <span class='ocrx_word' id='word_1_819' title='bbox 2515 4801 2693 4847; x_wconf 89' lang='lat' dir='ltr'><strong>autem</strong></span> <span class='ocrx_word' id='word_1_820' title='bbox 2733 4791 2819 4845; x_wconf 86' lang='lat' dir='ltr'><strong>hic</strong></span> <span class='ocrx_word' id='word_1_821' title='bbox 2847 4807 2939 4846; x_wconf 89' lang='lat' dir='ltr'><strong>aer</strong></span> <span class='ocrx_word' id='word_1_822' title='bbox 2975 4793 3112 4845; x_wconf 82' lang='lat' dir='ltr'><strong>lucis</strong></span> <span class='ocrx_word' id='word_1_823' title='bbox 3142 4794 3394 4845; x_wconf 87' lang='lat' dir='ltr'><strong>columna</strong></span> <span class='ocrx_word' id='word_1_824' title='bbox 3428 4810 3581 4862; x_wconf 74' lang='lat' dir='ltr'><strong>qlia:-</strong></span> 
     </span>
    </p>
   </div>
   <div class='ocr_carea' id='block_1_109' title="bbox 2015 4882 3580 4954">
    <p class='ocr_par' dir='ltr' id='par_1_109' title="bbox 2015 4882 3580 4954">
     <span class='ocr_line' id='line_1_109' title="bbox 2015 4882 3580 4954; baseline 0.003 -18"><span class='ocrx_word' id='word_1_825' title='bbox 2015 4882 2172 4948; x_wconf 89' lang='lat' dir='ltr'><strong>dam;</strong></span> <span class='ocrx_word' id='word_1_826' title='bbox 2196 4883 2452 4952; x_wconf 87' lang='lat' dir='ltr'><strong>quoniam</strong></span> <span class='ocrx_word' id='word_1_827' title='bbox 2482 4883 2768 4938; x_wconf 87' lang='lat' dir='ltr'><strong>animabus</strong></span> <span class='ocrx_word' id='word_1_828' title='bbox 2791 4900 2911 4954; x_wconf 72' lang='lat' dir='ltr'><strong>qua:</strong></span> <span class='ocrx_word' id='word_1_829' title='bbox 2933 4893 3233 4954; x_wconf 82' lang='lat' dir='ltr'><strong>purgantur</strong></span> <span class='ocrx_word' id='word_1_830' title='bbox 3255 4893 3338 4939; x_wconf 88' lang='lat' dir='ltr'><strong>est</strong></span> <span class='ocrx_word' id='word_1_831' title='bbox 3362 4886 3580 4940; x_wconf 77' lang='lat' dir='ltr'><strong>referta.</strong></span> 
     </span>
    </p>
   </div>
   <div class='ocr_carea' id='block_1_110' title="bbox 2017 4976 3586 5048">
    <p class='ocr_par' dir='ltr' id='par_1_110' title="bbox 2017 4976 3586 5048">
     <span class='ocr_line' id='line_1_110' title="bbox 2017 4976 3586 5048; baseline 0.003 -18"><span class='ocrx_word' id='word_1_832' title='bbox 2017 4977 2140 5030; x_wconf 82' lang='lat' dir='ltr'><strong>llaec</strong></span> <span class='ocrx_word' id='word_1_833' title='bbox 2170 4976 2288 5044; x_wconf 89' lang='lat' dir='ltr'><strong>ipsa</strong></span> <span class='ocrx_word' id='word_1_834' title='bbox 2312 4990 2478 5030; x_wconf 90' lang='lat' dir='ltr'><strong>causa</strong></span> <span class='ocrx_word' id='word_1_835' title='bbox 2506 4985 2589 5032; x_wconf 90' lang='lat' dir='ltr'><strong>est</strong></span> <span class='ocrx_word' id='word_1_836' title='bbox 2612 4992 2710 5046; x_wconf 92' lang='lat' dir='ltr'><strong>per</strong></span> <span class='ocrx_word' id='word_1_837' title='bbox 2738 4993 2898 5048; x_wconf 88' lang='lat' dir='ltr'><strong>quam</strong></span> <span class='ocrx_word' id='word_1_838' title='bbox 2922 4978 3148 5032; x_wconf 89' lang='lat' dir='ltr'><strong>salutem</strong></span> <span class='ocrx_word' id='word_1_839' title='bbox 3173 4979 3366 5032; x_wconf 77' lang='lat' dir='ltr'><strong>animae</strong></span> <span class='ocrx_word' id='word_1_840' title='bbox 3391 4994 3586 5034; x_wconf 79' lang='lat' dir='ltr'><strong>conse-</strong></span> 
     </span>
    </p>
   </div>
   <div class='ocr_carea' id='block_1_111' title="bbox 2015 5075 3241 5135">
    <p class='ocr_par' dir='ltr' id='par_1_111' title="bbox 2015 5075 3241 5135">
     <span class='ocr_line' id='line_1_111' title="bbox 2015 5075 3241 5135; baseline 0.002 -17"><span class='ocrx_word' id='word_1_841' title='bbox 2015 5075 2274 5135; x_wconf 87' lang='lat' dir='ltr'><strong>quantur.</strong></span> <span class='ocrx_word' id='word_1_842' title='bbox 3240 5117 3241 5120; x_wconf 45' lang='grc' dir='ltr'><strong>η</strong></span> 
     </span>
    </p>
   </div>
   <div class='ocr_carea' id='block_1_112' title="bbox 2084 5156 3581 5216">
    <p class='ocr_par' dir='ltr' id='par_1_112' title="bbox 2084 5156 3581 5216">
     <span class='ocr_line' id='line_1_112' title="bbox 2084 5156 3581 5216; baseline 0.003 -6"><span class='ocrx_word' id='word_1_843' title='bbox 2084 5156 2299 5212; x_wconf 75' lang='lat' dir='ltr'><strong>XXVII.</strong></span> <span class='ocrx_word' id='word_1_844' title='bbox 2339 5158 2451 5213; x_wconf 88' lang='lat' dir='ltr'><strong>Cur</strong></span> <span class='ocrx_word' id='word_1_845' title='bbox 2492 5167 2674 5214; x_wconf 86' lang='lat' dir='ltr'><strong>autem</strong></span> <span class='ocrx_word' id='word_1_846' title='bbox 2721 5160 3026 5214; x_wconf 88' lang='lat' dir='ltr'><strong>moriantur</strong></span> <span class='ocrx_word' id='word_1_847' title='bbox 3071 5160 3318 5215; x_wconf 90' lang='lat' dir='ltr'><strong>homines</strong></span> <span class='ocrx_word' id='word_1_848' title='bbox 3359 5175 3581 5216; x_wconf 86' lang='lat' dir='ltr'><strong>causam</strong></span> 
     </span>
    </p>
   </div>
   <div class='ocr_carea' id='block_1_113' title="bbox 2015 5251 3584 5322">
    <p class='ocr_par' dir='ltr' id='par_1_113' title="bbox 2015 5251 3584 5322">
     <span class='ocr_line' id='line_1_113' title="bbox 2015 5251 3584 5322; baseline -0.001 -17"><span class='ocrx_word' id='word_1_849' title='bbox 2015 5251 2329 5321; x_wconf 90' lang='lat' dir='ltr'><strong>hujusmodi</strong></span> <span class='ocrx_word' id='word_1_850' title='bbox 2370 5253 2624 5322; x_wconf 88' lang='lat' dir='ltr'><strong>proponit</strong></span> <span class='ocrx_word' id='word_1_851' title='bbox 2653 5272 2665 5306; x_wconf 93' lang='lat'><strong>:</strong></span> <span class='ocrx_word' id='word_1_852' title='bbox 2691 5251 2857 5322; x_wconf 87' lang='lat' dir='ltr'><strong>Virgo</strong></span> <span class='ocrx_word' id='word_1_853' title='bbox 2883 5251 3165 5322; x_wconf 69' lang='lat' dir='ltr'><strong>quaadam,</strong></span> <span class='ocrx_word' id='word_1_854' title='bbox 3217 5252 3426 5322; x_wconf 80' lang='lat' dir='ltr'><strong>inquit,</strong></span> <span class='ocrx_word' id='word_1_855' title='bbox 3471 5253 3584 5306; x_wconf 81' lang='lat' dir='ltr'><strong>lor-</strong></span> 
     </span>
    </p>
   </div>
   <div class='ocr_carea' id='block_1_114' title="bbox 2015 5340 3584 5410">
    <p class='ocr_par' dir='ltr' id='par_1_114' title="bbox 2015 5340 3584 5410">
     <span class='ocr_line' id='line_1_114' title="bbox 2015 5340 3584 5410; baseline 0 -16"><span class='ocrx_word' id='word_1_856' title='bbox 2015 5356 2168 5396; x_wconf 88' lang='lat' dir='ltr'><strong>mosa</strong></span> <span class='ocrx_word' id='word_1_857' title='bbox 2219 5349 2381 5410; x_wconf 87' lang='lat' dir='ltr'><strong>atque</strong></span> <span class='ocrx_word' id='word_1_858' title='bbox 2421 5351 2636 5410; x_wconf 89' lang='lat' dir='ltr'><strong>compta</strong></span> <span class='ocrx_word' id='word_1_859' title='bbox 2676 5341 3169 5410; x_wconf 82' lang='lat' dir='ltr'><strong>blanditiarumque</strong></span> <span class='ocrx_word' id='word_1_860' title='bbox 3199 5341 3358 5410; x_wconf 89' lang='lat' dir='ltr'><strong>plena</strong></span> <span class='ocrx_word' id='word_1_861' title='bbox 3385 5340 3584 5410; x_wconf 89' lang='lat' dir='ltr'><strong>princi-</strong></span> 
     </span>
    </p>
   </div>
   <div class='ocr_carea' id='block_1_115' title="bbox 2013 5421 3580 5502">
    <p class='ocr_par' dir='ltr' id='par_1_115' title="bbox 2013 5421 3580 5502">
     <span class='ocr_line' id='line_1_115' title="bbox 2013 5421 3580 5502; baseline -0.003 -16"><span class='ocrx_word' id='word_1_862' title='bbox 2013 5421 2110 5499; x_wconf 72' lang='lat' dir='ltr'><strong>pes</strong></span> <span class='ocrx_word' id='word_1_863' title='bbox 2138 5447 2167 5486; x_wconf 88' lang='lat' dir='ltr'><strong>a</strong></span> <span class='ocrx_word' id='word_1_864' title='bbox 2200 5433 2322 5486; x_wconf 83' lang='lat' dir='ltr'><strong>vivo</strong></span> <span class='ocrx_word' id='word_1_865' title='bbox 2347 5429 2553 5502; x_wconf 87' lang='lat' dir='ltr'><strong>Spiritu</strong></span> <span class='ocrx_word' id='word_1_866' title='bbox 2580 5432 2634 5486; x_wconf 92' lang='lat' dir='ltr'><strong>in</strong></span> <span class='ocrx_word' id='word_1_867' title='bbox 2666 5431 3062 5485; x_wconf 83' lang='lat' dir='ltr'><strong>ﬁrmamentum</strong></span> <span class='ocrx_word' id='word_1_868' title='bbox 3091 5431 3317 5486; x_wconf 86' lang='lat' dir='ltr'><strong>eductos</strong></span> <span class='ocrx_word' id='word_1_869' title='bbox 3345 5445 3408 5484; x_wconf 90' lang='lat' dir='ltr'><strong>ac</strong></span> <span class='ocrx_word' id='word_1_870' title='bbox 3430 5445 3580 5484; x_wconf 79' lang='lat' dir='ltr'><strong>cruci</strong></span> 
     </span>
    </p>
   </div>
   <div class='ocr_carea' id='block_1_116' title="bbox 2014 5522 3582 5594">
    <p class='ocr_par' dir='ltr' id='par_1_116' title="bbox 2014 5522 3582 5594">
     <span class='ocr_line' id='line_1_116' title="bbox 2014 5522 3582 5594; baseline -0.002 -16"><span class='ocrx_word' id='word_1_871' title='bbox 2014 5522 2235 5578; x_wconf 85' lang='lat' dir='ltr'><strong>sulIixos</strong></span> <span class='ocrx_word' id='word_1_872' title='bbox 2276 5524 2390 5578; x_wconf 90' lang='lat' dir='ltr'><strong>suis</strong></span> <span class='ocrx_word' id='word_1_873' title='bbox 2431 5523 2702 5578; x_wconf 88' lang='lat' dir='ltr'><strong>illecebris</strong></span> <span class='ocrx_word' id='word_1_874' title='bbox 2737 5523 2955 5577; x_wconf 85' lang='lat' dir='ltr'><strong>allicere</strong></span> <span class='ocrx_word' id='word_1_875' title='bbox 2984 5522 3334 5594; x_wconf 74' lang='lat' dir='ltr'><strong>aggreditur;</strong></span> <span class='ocrx_word' id='word_1_876' title='bbox 3370 5538 3490 5592; x_wconf 72' lang='lat' dir='ltr'><strong>quae</strong></span> <span class='ocrx_word' id='word_1_877' title='bbox 3523 5537 3582 5576; x_wconf 87' lang='lat' dir='ltr'><strong>se</strong></span> 
     </span>
    </p>
   </div>
   <div class='ocr_carea' id='block_1_117' title="bbox 2015 5613 3580 5684">
    <p class='ocr_par' dir='ltr' id='par_1_117' title="bbox 2015 5613 3580 5684">
     <span class='ocr_line' id='line_1_117' title="bbox 2015 5613 3580 5684; baseline 0.002 -18"><span class='ocrx_word' id='word_1_878' title='bbox 2015 5613 2262 5670; x_wconf 89' lang='lat' dir='ltr'><strong>maribus</strong></span> <span class='ocrx_word' id='word_1_879' title='bbox 2313 5614 2694 5684; x_wconf 78' lang='lat' dir='ltr'><strong>pulcherrima:</strong></span> <span class='ocrx_word' id='word_1_880' title='bbox 2738 5614 2982 5680; x_wconf 70' lang='lat' dir='ltr'><strong>feminae,</strong></span> <span class='ocrx_word' id='word_1_881' title='bbox 3033 5613 3253 5670; x_wconf 82' lang='lat' dir='ltr'><strong>feminis</strong></span> <span class='ocrx_word' id='word_1_882' title='bbox 3276 5617 3422 5683; x_wconf 39' lang='lat' dir='ltr'><strong>jvero</strong></span> <span class='ocrx_word' id='word_1_883' title='bbox 3466 5615 3580 5669; x_wconf 87' lang='lat' dir='ltr'><strong>ele-</strong></span> 
     </span>
    </p>
   </div>
   <div class='ocr_carea' id='block_1_118' title="bbox 2335 5767 2658 5823">
    <p class='ocr_par' dir='ltr' id='par_1_118' title="bbox 2335 5767 2658 5823">
     <span class='ocr_line' id='line_1_118' title="bbox 2335 5767 2658 5823; baseline -0.006 -1"><span class='ocrx_word' id='word_1_884' title='bbox 2335 5770 2354 5799; x_wconf 83' lang='grc'>¹</span> <span class='ocrx_word' id='word_1_885' title='bbox 2390 5767 2512 5823; x_wconf 86' lang='lat' dir='ltr'><strong>Cor.</strong></span> <span class='ocrx_word' id='word_1_886' title='bbox 2548 5772 2658 5821; x_wconf 74' lang='grc' dir='ltr'>τοῦ.</span> 
     </span>
    </p>
   </div>
   <div class='ocr_carea' id='block_1_119' title="bbox 3267 5865 3299 5924">
    <p class='ocr_par' dir='ltr' id='par_1_119' title="bbox 3267 5865 3299 5924">
     <span class='ocr_line' id='line_1_119' title="bbox 3267 5865 3299 5924; baseline 0 0"><span class='ocrx_word' id='word_1_887' title='bbox 3267 5865 3299 5924; x_wconf 85' lang='grc'><strong>3</strong></span> 
     </span>
    </p>
   </div>
  </div>
