  <div class='ocr_page' id='page_1' title='image "/cluster/home/n/w/nwhite01/storage/ocr_20150623/42/nnc1.0046978682/045.png"; bbox 0 0 4076 6392; ppageno 0'>
   <div class='ocr_carea' id='block_1_1' title="bbox 446 350 3656 413">
    <p class='ocr_par' dir='ltr' id='par_1_1' title="bbox 446 350 3656 413">
     <span class='ocr_line' id='line_1_1' title="bbox 446 350 3656 413; baseline 0.002 -8"><span class='ocrx_word' id='word_1_1' title='bbox 446 350 525 407; x_wconf 69' lang='grc'><strong>’15</strong></span> <span class='ocrx_word' id='word_1_2' title='bbox 1856 357 1911 413; x_wconf 90' lang='lat' dir='ltr'><strong>S.</strong></span> <span class='ocrx_word' id='word_1_3' title='bbox 1953 354 2290 411; x_wconf 77' lang='lat' dir='ltr'><strong>EPIPIIANII</strong></span> <span class='ocrx_word' id='word_1_4' title='bbox 3624 355 3656 410; x_wconf 82' lang='lat'><strong>7</strong></span> 
     </span>
    </p>
   </div>
   <div class='ocr_carea' id='block_1_2' title="bbox 431 467 2010 544">
    <p class='ocr_par' dir='ltr' id='par_1_2' title="bbox 431 467 2010 544">
     <span class='ocr_line' id='line_1_2' title="bbox 431 467 2010 544; baseline 0.003 -22"><span class='ocrx_word' id='word_1_5' title='bbox 431 469 632 539; x_wconf 54' lang='lat' dir='ltr'><strong>.gantis</strong></span> <span class='ocrx_word' id='word_1_6' title='bbox 664 484 725 523; x_wconf 90' lang='lat' dir='ltr'><strong>ac</strong></span> <span class='ocrx_word' id='word_1_7' title='bbox 756 467 977 523; x_wconf 78' lang='lat' dir='ltr'><strong>formosi</strong></span> <span class='ocrx_word' id='word_1_8' title='bbox 1002 470 1405 540; x_wconf 87' lang='lat' dir='ltr'><strong>speciejuvenis</strong></span> <span class='ocrx_word' id='word_1_9' title='bbox 1435 470 1688 533; x_wconf 74' lang='lat' dir='ltr'><strong>olIcrens,</strong></span> <span class='ocrx_word' id='word_1_10' title='bbox 1720 476 2010 544; x_wconf 76' lang='lat' dir='ltr'><strong>principes,</strong></span> 
     </span>
    </p>
   </div>
   <div class='ocr_carea' id='block_1_3' title="bbox 2113 467 3697 544">
    <p class='ocr_par' dir='ltr' id='par_1_3' title="bbox 2123 467 3697 542">
     <span class='ocr_line' id='line_1_3' title="bbox 2123 467 3697 542; baseline -0.001 -17"><span class='ocrx_word' id='word_1_11' title='bbox 2123 473 2215 526; x_wconf 75' lang='grc' dir='ltr'><strong>καὶ</strong></span> <span class='ocrx_word' id='word_1_12' title='bbox 2250 470 2599 542; x_wconf 81' lang='grc' dir='ltr'>ὲπιθυμητὸς,</span> <span class='ocrx_word' id='word_1_13' title='bbox 2637 468 2730 523; x_wconf 68' lang='grc' dir='ltr'>καὶ</span> <span class='ocrx_word' id='word_1_14' title='bbox 2757 469 2804 522; x_wconf 82' lang='lat' dir='ltr'><strong>oi</strong></span> <span class='ocrx_word' id='word_1_15' title='bbox 2838 468 2934 540; x_wconf 79' lang='grc' dir='ltr'>μὲν</span> <span class='ocrx_word' id='word_1_16' title='bbox 2968 468 3245 540; x_wconf 81' lang='grc' dir='ltr'>ἄρχοντες,</span> <span class='ocrx_word' id='word_1_17' title='bbox 3275 467 3474 521; x_wconf 78' lang='grc' dir='ltr'>ὁπόταν</span> <span class='ocrx_word' id='word_1_18' title='bbox 3513 467 3697 524; x_wconf 83' lang='grc' dir='ltr'>ῐὸωσιν</span> 
     </span>
    </p>
   </div>
   <div class='ocr_carea' id='block_1_4' title="bbox 454 562 2022 630">
    <p class='ocr_par' dir='ltr' id='par_1_4' title="bbox 454 562 2022 630">
     <span class='ocr_line' id='line_1_4' title="bbox 454 562 2022 630; baseline 0.004 -18"><span class='ocrx_word' id='word_1_19' title='bbox 454 576 576 613; x_wconf 72' lang='lat' dir='ltr'><strong>cum</strong></span> <span class='ocrx_word' id='word_1_20' title='bbox 611 576 730 614; x_wconf 89' lang='lat' dir='ltr'><strong>eam</strong></span> <span class='ocrx_word' id='word_1_21' title='bbox 779 569 887 614; x_wconf 90' lang='lat' dir='ltr'><strong>tam</strong></span> <span class='ocrx_word' id='word_1_22' title='bbox 934 562 1211 630; x_wconf 69' lang='lat' dir='ltr'><strong>exquisito</strong></span> <span class='ocrx_word' id='word_1_23' title='bbox 1251 574 1449 618; x_wconf 91' lang='lat' dir='ltr'><strong>ornatu</strong></span> <span class='ocrx_word' id='word_1_24' title='bbox 1500 564 1775 629; x_wconf 87' lang='lat' dir='ltr'><strong>viderint,</strong></span> <span class='ocrx_word' id='word_1_25' title='bbox 1816 566 1882 619; x_wconf 86' lang='lat' dir='ltr'><strong>ad</strong></span> <span class='ocrx_word' id='word_1_26' title='bbox 1937 566 2022 620; x_wconf 92' lang='lat' dir='ltr'><strong>sui</strong></span> 
     </span>
    </p>
   </div>
   <div class='ocr_carea' id='block_1_5' title="bbox 452 651 2024 719">
    <p class='ocr_par' dir='ltr' id='par_1_5' title="bbox 452 651 2024 719">
     <span class='ocr_line' id='line_1_5' title="bbox 452 651 2024 719; baseline 0.001 -12"><span class='ocrx_word' id='word_1_27' title='bbox 452 652 784 707; x_wconf 79' lang='lat' dir='ltr'><strong>desiderium</strong></span> <span class='ocrx_word' id='word_1_28' title='bbox 816 651 1165 707; x_wconf 72' lang='lat' dir='ltr'><strong>vehementer</strong></span> <span class='ocrx_word' id='word_1_29' title='bbox 1193 652 1460 708; x_wconf 74' lang='lat' dir='ltr'><strong>accendit.</strong></span> <span class='ocrx_word' id='word_1_30' title='bbox 1495 651 1598 719; x_wconf 90' lang='lat' dir='ltr'><strong>Qui</strong></span> <span class='ocrx_word' id='word_1_31' title='bbox 1632 669 1755 708; x_wconf 90' lang='lat' dir='ltr'><strong>cum</strong></span> <span class='ocrx_word' id='word_1_32' title='bbox 1786 669 1906 710; x_wconf 87' lang='lat' dir='ltr'><strong>eam</strong></span> <span class='ocrx_word' id='word_1_33' title='bbox 1939 671 2024 709; x_wconf 91' lang='lat' dir='ltr'><strong>as-</strong></span> 
     </span>
    </p>
   </div>
   <div class='ocr_carea' id='block_1_6' title="bbox 454 746 2025 818">
    <p class='ocr_par' dir='ltr' id='par_1_6' title="bbox 454 746 2025 818">
     <span class='ocr_line' id='line_1_6' title="bbox 454 746 2025 818; baseline 0.001 -17"><span class='ocrx_word' id='word_1_34' title='bbox 454 746 609 815; x_wconf 87' lang='lat' dir='ltr'><strong>sequi</strong></span> <span class='ocrx_word' id='word_1_35' title='bbox 645 753 946 815; x_wconf 91' lang='lat' dir='ltr'><strong>nequeant,</strong></span> <span class='ocrx_word' id='word_1_36' title='bbox 1000 753 1152 800; x_wconf 86' lang='lat' dir='ltr'><strong>extra</strong></span> <span class='ocrx_word' id='word_1_37' title='bbox 1198 753 1522 816; x_wconf 89' lang='lat' dir='ltr'><strong>potestatem</strong></span> <span class='ocrx_word' id='word_1_38' title='bbox 1574 757 1865 810; x_wconf 80' lang='lat' dir='ltr'><strong>exeuntes,</strong></span> <span class='ocrx_word' id='word_1_39' title='bbox 1913 764 2025 818; x_wconf 79' lang='lat' dir='ltr'><strong>pra:</strong></span> 
     </span>
    </p>
   </div>
   <div class='ocr_carea' id='block_1_7' title="bbox 453 836 2019 905">
    <p class='ocr_par' dir='ltr' id='par_1_7' title="bbox 453 836 2019 905">
     <span class='ocr_line' id='line_1_7' title="bbox 453 836 2019 905; baseline 0.002 -15"><span class='ocrx_word' id='word_1_40' title='bbox 453 851 640 891; x_wconf 87' lang='lat' dir='ltr'><strong>amore</strong></span> <span class='ocrx_word' id='word_1_41' title='bbox 669 851 734 890; x_wconf 90' lang='lat' dir='ltr'><strong>ac</strong></span> <span class='ocrx_word' id='word_1_42' title='bbox 757 836 1052 905; x_wconf 86' lang='lat' dir='ltr'><strong>cupiditate</strong></span> <span class='ocrx_word' id='word_1_43' title='bbox 1077 836 1277 890; x_wconf 89' lang='lat' dir='ltr'><strong>mirum</strong></span> <span class='ocrx_word' id='word_1_44' title='bbox 1307 836 1364 890; x_wconf 93' lang='lat' dir='ltr'><strong>in</strong></span> <span class='ocrx_word' id='word_1_45' title='bbox 1392 837 1610 891; x_wconf 90' lang='lat' dir='ltr'><strong>modum</strong></span> <span class='ocrx_word' id='word_1_46' title='bbox 1636 839 2019 893; x_wconf 82' lang='lat' dir='ltr'><strong>exardescunt.</strong></span> 
     </span>
    </p>
   </div>
   <div class='ocr_carea' id='block_1_8' title="bbox 451 928 2023 999">
    <p class='ocr_par' dir='ltr' id='par_1_8' title="bbox 451 928 2023 999">
     <span class='ocr_line' id='line_1_8' title="bbox 451 928 2023 999; baseline 0.003 -17"><span class='ocrx_word' id='word_1_47' title='bbox 451 928 695 999; x_wconf 89' lang='lat' dir='ltr'><strong>Cumque</strong></span> <span class='ocrx_word' id='word_1_48' title='bbox 713 929 1124 983; x_wconf 80' lang='lat' dir='ltr'><strong>accurrentibus</strong></span> <span class='ocrx_word' id='word_1_49' title='bbox 1150 929 1257 983; x_wconf 92' lang='lat' dir='ltr'><strong>illis</strong></span> <span class='ocrx_word' id='word_1_50' title='bbox 1280 929 1429 999; x_wconf 84' lang='lat' dir='ltr'><strong>virgo</strong></span> <span class='ocrx_word' id='word_1_51' title='bbox 1455 945 1516 983; x_wconf 85' lang='lat' dir='ltr'><strong>se</strong></span> <span class='ocrx_word' id='word_1_52' title='bbox 1536 944 1603 983; x_wconf 79' lang='lat' dir='ltr'><strong>ex</strong></span> <span class='ocrx_word' id='word_1_53' title='bbox 1631 930 1844 984; x_wconf 90' lang='lat' dir='ltr'><strong>illorum</strong></span> <span class='ocrx_word' id='word_1_54' title='bbox 1866 946 2023 999; x_wconf 88' lang='lat' dir='ltr'><strong>aspe-</strong></span> 
     </span>
    </p>
   </div>
   <div class='ocr_carea' id='block_1_9' title="bbox 452 1019 2024 1090">
    <p class='ocr_par' dir='ltr' id='par_1_9' title="bbox 452 1019 2024 1090">
     <span class='ocr_line' id='line_1_9' title="bbox 452 1019 2024 1090; baseline 0.001 -17"><span class='ocrx_word' id='word_1_55' title='bbox 452 1030 544 1074; x_wconf 88' lang='lat' dir='ltr'><strong>ctu</strong></span> <span class='ocrx_word' id='word_1_56' title='bbox 577 1020 929 1081; x_wconf 79' lang='lat' dir='ltr'><strong>subduxerit,</strong></span> <span class='ocrx_word' id='word_1_57' title='bbox 967 1027 1081 1072; x_wconf 90' lang='lat' dir='ltr'><strong>tum</strong></span> <span class='ocrx_word' id='word_1_58' title='bbox 1117 1034 1346 1090; x_wconf 87' lang='lat' dir='ltr'><strong>magnus</strong></span> <span class='ocrx_word' id='word_1_59' title='bbox 1379 1019 1643 1088; x_wconf 86' lang='lat' dir='ltr'><strong>Princeps</strong></span> <span class='ocrx_word' id='word_1_60' title='bbox 1673 1036 1737 1074; x_wconf 77' lang='lat' dir='ltr'><strong>ex</strong></span> <span class='ocrx_word' id='word_1_61' title='bbox 1773 1035 1894 1076; x_wconf 82' lang='lat' dir='ltr'><strong>sese</strong></span> <span class='ocrx_word' id='word_1_62' title='bbox 1929 1036 2024 1074; x_wconf 92' lang='lat' dir='ltr'><strong>nu-</strong></span> 
     </span>
    </p>
   </div>
   <div class='ocr_carea' id='block_1_10' title="bbox 450 1111 2022 1180">
    <p class='ocr_par' dir='ltr' id='par_1_10' title="bbox 450 1111 2022 1180">
     <span class='ocr_line' id='line_1_10' title="bbox 450 1111 2022 1180; baseline -0.001 -14"><span class='ocrx_word' id='word_1_63' title='bbox 450 1112 546 1166; x_wconf 91' lang='lat' dir='ltr'><strong>bes</strong></span> <span class='ocrx_word' id='word_1_64' title='bbox 595 1112 824 1175; x_wconf 89' lang='lat' dir='ltr'><strong>emittit,</strong></span> <span class='ocrx_word' id='word_1_65' title='bbox 859 1120 919 1165; x_wconf 94' lang='lat' dir='ltr'><strong>ut</strong></span> <span class='ocrx_word' id='word_1_66' title='bbox 949 1126 1057 1180; x_wconf 72' lang='lat' dir='ltr'><strong>pra:</strong></span> <span class='ocrx_word' id='word_1_67' title='bbox 1087 1111 1369 1165; x_wconf 86' lang='lat' dir='ltr'><strong>iracundia</strong></span> <span class='ocrx_word' id='word_1_68' title='bbox 1403 1111 1604 1164; x_wconf 93' lang='lat' dir='ltr'><strong>mundo</strong></span> <span class='ocrx_word' id='word_1_69' title='bbox 1647 1112 1903 1167; x_wconf 83' lang='lat' dir='ltr'><strong>tenebras</strong></span> <span class='ocrx_word' id='word_1_70' title='bbox 1936 1112 2022 1166; x_wconf 87' lang='lat' dir='ltr'><strong>of-</strong></span> 
     </span>
    </p>
   </div>
   <div class='ocr_carea' id='block_1_11' title="bbox 450 1201 2018 1273">
    <p class='ocr_par' dir='ltr' id='par_1_11' title="bbox 450 1201 2018 1273">
     <span class='ocr_line' id='line_1_11' title="bbox 450 1201 2018 1273; baseline 0 -16"><span class='ocrx_word' id='word_1_71' title='bbox 450 1202 663 1257; x_wconf 90' lang='lat' dir='ltr'><strong>fundat.</strong></span> <span class='ocrx_word' id='word_1_72' title='bbox 700 1203 876 1271; x_wconf 87' lang='lat' dir='ltr'><strong>Atque</strong></span> <span class='ocrx_word' id='word_1_73' title='bbox 906 1203 1008 1255; x_wconf 92' lang='lat' dir='ltr'><strong>hoc</strong></span> <span class='ocrx_word' id='word_1_74' title='bbox 1040 1201 1201 1256; x_wconf 90' lang='lat' dir='ltr'><strong>modo</strong></span> <span class='ocrx_word' id='word_1_75' title='bbox 1230 1203 1274 1255; x_wconf 89' lang='lat' dir='ltr'><strong>si</strong></span> <span class='ocrx_word' id='word_1_76' title='bbox 1306 1202 1681 1259; x_wconf 85' lang='lat' dir='ltr'><strong>vehementius</strong></span> <span class='ocrx_word' id='word_1_77' title='bbox 1716 1210 2018 1273; x_wconf 89' lang='lat' dir='ltr'><strong>prematur,</strong></span> 
     </span>
    </p>
   </div>
   <div class='ocr_carea' id='block_1_12' title="bbox 449 1291 2018 1362">
    <p class='ocr_par' dir='ltr' id='par_1_12' title="bbox 449 1291 2018 1362">
     <span class='ocr_line' id='line_1_12' title="bbox 449 1291 2018 1362; baseline 0.001 -17"><span class='ocrx_word' id='word_1_78' title='bbox 449 1292 686 1345; x_wconf 85' lang='lat' dir='ltr'><strong>hominis</strong></span> <span class='ocrx_word' id='word_1_79' title='bbox 716 1291 889 1345; x_wconf 90' lang='lat' dir='ltr'><strong>instar</strong></span> <span class='ocrx_word' id='word_1_80' title='bbox 923 1306 986 1344; x_wconf 79' lang='lat' dir='ltr'><strong>ex</strong></span> <span class='ocrx_word' id='word_1_81' title='bbox 1011 1291 1211 1345; x_wconf 89' lang='lat' dir='ltr'><strong>sudore</strong></span> <span class='ocrx_word' id='word_1_82' title='bbox 1238 1292 1499 1357; x_wconf 86' lang='lat' dir='ltr'><strong>lassatur,</strong></span> <span class='ocrx_word' id='word_1_83' title='bbox 1530 1294 1622 1362; x_wconf 91' lang='lat' dir='ltr'><strong>qui</strong></span> <span class='ocrx_word' id='word_1_84' title='bbox 1664 1293 1884 1362; x_wconf 88' lang='lat' dir='ltr'><strong>quidem</strong></span> <span class='ocrx_word' id='word_1_85' title='bbox 1921 1310 2018 1347; x_wconf 90' lang='lat' dir='ltr'><strong>su-</strong></span> 
     </span>
    </p>
   </div>
   <div class='ocr_carea' id='block_1_13' title="bbox 445 1383 2019 1455">
    <p class='ocr_par' dir='ltr' id='par_1_13' title="bbox 445 1383 2019 1455">
     <span class='ocr_line' id='line_1_13' title="bbox 445 1383 2019 1455; baseline 0 -16"><span class='ocrx_word' id='word_1_86' title='bbox 445 1385 546 1439; x_wconf 89' lang='lat' dir='ltr'><strong>dor</strong></span> <span class='ocrx_word' id='word_1_87' title='bbox 574 1386 809 1454; x_wconf 82' lang='lat' dir='ltr'><strong>pluviam</strong></span> <span class='ocrx_word' id='word_1_88' title='bbox 857 1384 1037 1438; x_wconf 79' lang='lat' dir='ltr'><strong>eliicit.</strong></span> <span class='ocrx_word' id='word_1_89' title='bbox 1087 1383 1177 1437; x_wconf 89' lang='lat' dir='ltr'><strong>Sic</strong></span> <span class='ocrx_word' id='word_1_90' title='bbox 1205 1392 1258 1437; x_wconf 93' lang='lat' dir='ltr'><strong>et</strong></span> <span class='ocrx_word' id='word_1_91' title='bbox 1307 1385 1561 1455; x_wconf 86' lang='lat' dir='ltr'><strong>princeps</strong></span> <span class='ocrx_word' id='word_1_92' title='bbox 1608 1386 1768 1453; x_wconf 86' lang='lat' dir='ltr'><strong>alter,</strong></span> <span class='ocrx_word' id='word_1_93' title='bbox 1809 1384 2019 1441; x_wconf 86' lang='lat' dir='ltr'><strong>Messor</strong></span> 
     </span>
    </p>
   </div>
   <div class='ocr_carea' id='block_1_14' title="bbox 441 1474 2018 1545">
    <p class='ocr_par' dir='ltr' id='par_1_14' title="bbox 441 1474 2018 1545">
     <span class='ocr_line' id='line_1_14' title="bbox 441 1474 2018 1545; baseline 0.001 -17"><span class='ocrx_word' id='word_1_94' title='bbox 441 1476 786 1545; x_wconf 85' lang='lat' dir='ltr'><strong>appellatus,</strong></span> <span class='ocrx_word' id='word_1_95' title='bbox 832 1477 878 1530; x_wconf 90' lang='lat' dir='ltr'><strong>si</strong></span> <span class='ocrx_word' id='word_1_96' title='bbox 926 1475 1154 1544; x_wconf 81' lang='lat' dir='ltr'><strong>virginis</strong></span> <span class='ocrx_word' id='word_1_97' title='bbox 1194 1474 1449 1529; x_wconf 88' lang='lat' dir='ltr'><strong>illecebra</strong></span> <span class='ocrx_word' id='word_1_98' title='bbox 1494 1477 1762 1545; x_wconf 81' lang='lat' dir='ltr'><strong>capiatur,</strong></span> <span class='ocrx_word' id='word_1_99' title='bbox 1807 1485 2018 1545; x_wconf 87' lang='lat' dir='ltr'><strong>pestem</strong></span> 
     </span>
    </p>
   </div>
   <div class='ocr_carea' id='block_1_15' title="bbox 445 1563 2013 1632">
    <p class='ocr_par' dir='ltr' id='par_1_15' title="bbox 445 1563 2013 1632">
     <span class='ocr_line' id='line_1_15' title="bbox 445 1563 2013 1632; baseline -0.001 -13"><span class='ocrx_word' id='word_1_100' title='bbox 445 1567 500 1619; x_wconf 89' lang='lat' dir='ltr'><strong>in</strong></span> <span class='ocrx_word' id='word_1_101' title='bbox 533 1566 843 1619; x_wconf 62' lang='lat' dir='ltr'><strong>unitersam</strong></span> <span class='ocrx_word' id='word_1_102' title='bbox 872 1571 1071 1617; x_wconf 87' lang='lat' dir='ltr'><strong>terram</strong></span> <span class='ocrx_word' id='word_1_103' title='bbox 1104 1563 1389 1632; x_wconf 91' lang='lat' dir='ltr'><strong>perdendis</strong></span> <span class='ocrx_word' id='word_1_104' title='bbox 1418 1564 1727 1618; x_wconf 88' lang='lat' dir='ltr'><strong>hominibus</strong></span> <span class='ocrx_word' id='word_1_105' title='bbox 1752 1565 2013 1618; x_wconf 89' lang='lat' dir='ltr'><strong>immittit.</strong></span> 
     </span>
    </p>
   </div>
   <div class='ocr_carea' id='block_1_16' title="bbox 375 1652 2018 1725">
    <p class='ocr_par' dir='ltr' id='par_1_16' title="bbox 375 1652 2018 1725">
     <span class='ocr_line' id='line_1_16' title="bbox 375 1652 2018 1725; baseline -0.001 -16"><span class='ocrx_word' id='word_1_106' title='bbox 375 1678 380 1683; x_wconf 61' lang='grc' dir='ltr'><strong><em>υ</em></strong></span> <span class='ocrx_word' id='word_1_107' title='bbox 448 1654 724 1725; x_wconf 86' lang='lat' dir='ltr'><strong>Siquidem</strong></span> <span class='ocrx_word' id='word_1_108' title='bbox 771 1668 973 1723; x_wconf 88' lang='lat' dir='ltr'><strong>corpus</strong></span> <span class='ocrx_word' id='word_1_109' title='bbox 996 1652 1140 1707; x_wconf 84' lang='lat' dir='ltr'><strong>istud</strong></span> <span class='ocrx_word' id='word_1_110' title='bbox 1170 1668 1291 1708; x_wconf 90' lang='lat' dir='ltr'><strong>cum</strong></span> <span class='ocrx_word' id='word_1_111' title='bbox 1341 1652 1544 1721; x_wconf 86' lang='lat' dir='ltr'><strong>majore</strong></span> <span class='ocrx_word' id='word_1_112' title='bbox 1570 1654 1771 1707; x_wconf 90' lang='lat' dir='ltr'><strong>mundo</strong></span> <span class='ocrx_word' id='word_1_113' title='bbox 1797 1668 2018 1723; x_wconf 87' lang='lat' dir='ltr'><strong>compa—</strong></span> 
     </span>
    </p>
   </div>
   <div class='ocr_carea' id='block_1_17' title="bbox 446 1742 2014 1812">
    <p class='ocr_par' dir='ltr' id='par_1_17' title="bbox 446 1742 2014 1812">
     <span class='ocr_line' id='line_1_17' title="bbox 446 1742 2014 1812; baseline -0.001 -13"><span class='ocrx_word' id='word_1_114' title='bbox 446 1755 626 1799; x_wconf 87' lang='lat' dir='ltr'><strong>ratum</strong></span> <span class='ocrx_word' id='word_1_115' title='bbox 659 1745 895 1798; x_wconf 84' lang='lat' dir='ltr'><strong>mundus</strong></span> <span class='ocrx_word' id='word_1_116' title='bbox 921 1742 1155 1812; x_wconf 77' lang='lat' dir='ltr'><strong>_dicitur.</strong></span> <span class='ocrx_word' id='word_1_117' title='bbox 1190 1743 1459 1797; x_wconf 61' lang='lat' dir='ltr'><strong>(laterum</strong></span> <span class='ocrx_word' id='word_1_118' title='bbox 1501 1743 1750 1799; x_wconf 89' lang='lat' dir='ltr'><strong>homines</strong></span> <span class='ocrx_word' id='word_1_119' title='bbox 1773 1746 2014 1799; x_wconf 86' lang='lat' dir='ltr'><strong>universi</strong></span> 
     </span>
    </p>
   </div>
   <div class='ocr_carea' id='block_1_18' title="bbox 2124 558 3694 635">
    <p class='ocr_par' dir='ltr' id='par_1_18' title="bbox 2124 558 3694 635">
     <span class='ocr_line' id='line_1_18' title="bbox 2124 558 3694 635; baseline -0.003 -18"><span class='ocrx_word' id='word_1_120' title='bbox 2124 565 2292 635; x_wconf 83' lang='grc' dir='ltr'>αὐτὴν</span> <span class='ocrx_word' id='word_1_121' title='bbox 2347 561 2899 633; x_wconf 81' lang='grc' dir='ltr'><strong>κεκαλλωπισμένην,</strong></span> <span class='ocrx_word' id='word_1_122' title='bbox 2950 559 3289 629; x_wconf 79' lang='grc' dir='ltr'>οἰστροῦνται</span> <span class='ocrx_word' id='word_1_123' title='bbox 3339 558 3416 629; x_wconf 81' lang='grc' dir='ltr'>τῷ</span> <span class='ocrx_word' id='word_1_124' title='bbox 3468 559 3694 633; x_wconf 81' lang='grc' dir='ltr'><strong>φίλτρῳ,</strong></span> 
     </span>
    </p>
   </div>
   <div class='ocr_carea' id='block_1_19' title="bbox 2123 653 3698 727">
    <p class='ocr_par' dir='ltr' id='par_1_19' title="bbox 2123 653 3698 727">
     <span class='ocr_line' id='line_1_19' title="bbox 2123 653 3698 727; baseline -0.001 -17"><span class='ocrx_word' id='word_1_125' title='bbox 2123 658 2216 710; x_wconf 82' lang='grc' dir='ltr'><strong>καὶ</strong></span> <span class='ocrx_word' id='word_1_126' title='bbox 2274 656 2348 727; x_wconf 81' lang='grc' dir='ltr'>μὴ</span> <span class='ocrx_word' id='word_1_127' title='bbox 2390 655 2672 726; x_wconf 87' lang='grc' dir='ltr'>δυνάμενοι</span> <span class='ocrx_word' id='word_1_128' title='bbox 2720 653 2887 725; x_wconf 84' lang='grc' dir='ltr'>αὐτὴν</span> <span class='ocrx_word' id='word_1_129' title='bbox 2935 654 3277 718; x_wconf 87' lang='grc' dir='ltr'>καταλαϐεῖν,</span> <span class='ocrx_word' id='word_1_130' title='bbox 3340 654 3527 717; x_wconf 83' lang='grc' dir='ltr'>δεινῶς</span> <span class='ocrx_word' id='word_1_131' title='bbox 3571 655 3698 724; x_wconf 79' lang='grc' dir='ltr'>φλέ-</span> 
     </span>
    </p>
   </div>
   <div class='ocr_carea' id='block_1_20' title="bbox 2122 745 3696 819">
    <p class='ocr_par' dir='ltr' id='par_1_20' title="bbox 2122 745 3696 819">
     <span class='ocr_line' id='line_1_20' title="bbox 2122 745 3696 819; baseline -0.001 -18"><span class='ocrx_word' id='word_1_132' title='bbox 2122 764 2308 816; x_wconf 87' lang='grc' dir='ltr'>γονται</span> <span class='ocrx_word' id='word_1_133' title='bbox 2352 747 2431 818; x_wconf 85' lang='grc' dir='ltr'>τῷ</span> <span class='ocrx_word' id='word_1_134' title='bbox 2476 746 2722 819; x_wconf 77' lang='grc' dir='ltr'>ἐρωτικῷ</span> <span class='ocrx_word' id='word_1_135' title='bbox 2764 746 2930 816; x_wconf 80' lang='grc' dir='ltr'>πόθῳ,</span> <span class='ocrx_word' id='word_1_136' title='bbox 2965 746 3055 799; x_wconf 85' lang='grc' dir='ltr'><strong>τὸν</strong></span> <span class='ocrx_word' id='word_1_137' title='bbox 3084 746 3208 799; x_wconf 94' lang='grc' dir='ltr'>νοῦν</span> <span class='ocrx_word' id='word_1_138' title='bbox 3246 745 3696 817; x_wconf 80' lang='grc' dir='ltr'>ὲξαρπασθέντες.</span> 
     </span>
    </p>
   </div>
   <div class='ocr_carea' id='block_1_21' title="bbox 2125 835 3698 909">
    <p class='ocr_par' dir='ltr' id='par_1_21' title="bbox 2125 835 3698 909">
     <span class='ocr_line' id='line_1_21' title="bbox 2125 835 3698 909; baseline -0.002 -16"><span class='ocrx_word' id='word_1_139' title='bbox 2125 840 2292 893; x_wconf 85' lang='grc' dir='ltr'>Ὅταν</span> <span class='ocrx_word' id='word_1_140' title='bbox 2327 835 2441 903; x_wconf 81' lang='grc' dir='ltr'>οὖν,</span> <span class='ocrx_word' id='word_1_141' title='bbox 2482 839 2783 909; x_wconf 82' lang='grc' dir='ltr'><strong>τρεχόντων</strong></span> <span class='ocrx_word' id='word_1_142' title='bbox 2821 837 3020 902; x_wconf 81' lang='grc' dir='ltr'>αὐτῶν,</span> <span class='ocrx_word' id='word_1_143' title='bbox 3069 839 3102 907; x_wconf 80' lang='grc' dir='ltr'>ὴ</span> <span class='ocrx_word' id='word_1_144' title='bbox 3151 837 3417 908; x_wconf 81' lang='grc' dir='ltr'>παρθένος</span> <span class='ocrx_word' id='word_1_145' title='bbox 3462 836 3698 905; x_wconf 76' lang='grc' dir='ltr'>ἄφαντος</span> 
     </span>
    </p>
   </div>
   <div class='ocr_carea' id='block_1_22' title="bbox 2121 928 3697 1001">
    <p class='ocr_par' dir='ltr' id='par_1_22' title="bbox 2121 928 3697 1001">
     <span class='ocr_line' id='line_1_22' title="bbox 2121 928 3697 1001; baseline -0.001 -17"><span class='ocrx_word' id='word_1_146' title='bbox 2121 932 2365 1001; x_wconf 82' lang='grc' dir='ltr'>γένηται,</span> <span class='ocrx_word' id='word_1_147' title='bbox 2397 930 2515 982; x_wconf 88' lang='grc' dir='ltr'>τότε</span> <span class='ocrx_word' id='word_1_148' title='bbox 2540 932 2568 984; x_wconf 86' lang='grc' dir='ltr'>ὁ</span> <span class='ocrx_word' id='word_1_149' title='bbox 2586 931 2802 1001; x_wconf 77' lang='grc' dir='ltr'>’Ἄρχων</span> <span class='ocrx_word' id='word_1_150' title='bbox 2830 932 2858 983; x_wconf 86' lang='grc' dir='ltr'>ὁ</span> <span class='ocrx_word' id='word_1_151' title='bbox 2877 928 3047 1000; x_wconf 85' lang='grc' dir='ltr'><strong>μέγας</strong></span> <span class='ocrx_word' id='word_1_152' title='bbox 3085 928 3375 1000; x_wconf 86' lang='grc' dir='ltr'>προϐάλλει</span> <span class='ocrx_word' id='word_1_153' title='bbox 3408 929 3509 992; x_wconf 86' lang='grc' dir='ltr'>τὰς</span> <span class='ocrx_word' id='word_1_154' title='bbox 3541 928 3697 998; x_wconf 78' lang='grc' dir='ltr'>νεφέ-</span> 
     </span>
    </p>
   </div>
   <div class='ocr_carea' id='block_1_23' title="bbox 2121 1022 3695 1094">
    <p class='ocr_par' dir='ltr' id='par_1_23' title="bbox 2121 1022 3695 1094">
     <span class='ocr_line' id='line_1_23' title="bbox 2121 1022 3695 1094; baseline -0.001 -15"><span class='ocrx_word' id='word_1_155' title='bbox 2121 1025 2218 1089; x_wconf 89' lang='grc' dir='ltr'><strong>λας</strong></span> <span class='ocrx_word' id='word_1_156' title='bbox 2250 1025 2307 1091; x_wconf 82' lang='grc' dir='ltr'>ἐξ</span> <span class='ocrx_word' id='word_1_157' title='bbox 2337 1023 2522 1085; x_wconf 81' lang='grc' dir='ltr'>αὑτοῦ,</span> <span class='ocrx_word' id='word_1_158' title='bbox 2551 1025 2697 1087; x_wconf 83' lang='grc' dir='ltr'>ὅπως</span> <span class='ocrx_word' id='word_1_159' title='bbox 2725 1024 2948 1094; x_wconf 81' lang='grc' dir='ltr'>σκοτίσῃ</span> <span class='ocrx_word' id='word_1_160' title='bbox 2984 1025 3049 1094; x_wconf 83' lang='grc' dir='ltr'>τῇ</span> <span class='ocrx_word' id='word_1_161' title='bbox 3097 1024 3233 1094; x_wconf 75' lang='grc' dir='ltr'>ὀργῇ</span> <span class='ocrx_word' id='word_1_162' title='bbox 3260 1022 3424 1076; x_wconf 84' lang='grc' dir='ltr'>αὐτοῦ</span> <span class='ocrx_word' id='word_1_163' title='bbox 3469 1024 3561 1077; x_wconf 82' lang='grc' dir='ltr'><strong>τὸν</strong></span> <span class='ocrx_word' id='word_1_164' title='bbox 3598 1024 3695 1077; x_wconf 86' lang='grc' dir='ltr'>κό-</span> 
     </span>
    </p>
   </div>
   <div class='ocr_carea' id='block_1_24' title="bbox 2124 1113 3694 1186">
    <p class='ocr_par' dir='ltr' id='par_1_24' title="bbox 2124 1113 3694 1186">
     <span class='ocr_line' id='line_1_24' title="bbox 2124 1113 3694 1186; baseline 0 -17"><span class='ocrx_word' id='word_1_165' title='bbox 2124 1133 2276 1185; x_wconf 89' lang='grc' dir='ltr'>σμον.</span> <span class='ocrx_word' id='word_1_166' title='bbox 2310 1116 2417 1168; x_wconf 77' lang='grc' dir='ltr'><strong>Καὶ</strong></span> <span class='ocrx_word' id='word_1_167' title='bbox 2457 1114 2628 1178; x_wconf 80' lang='grc' dir='ltr'>οὓτως</span> <span class='ocrx_word' id='word_1_168' title='bbox 2671 1115 2764 1168; x_wconf 80' lang='grc' dir='ltr'>ἐὰν</span> <span class='ocrx_word' id='word_1_169' title='bbox 2793 1113 2950 1186; x_wconf 82' lang='grc' dir='ltr'>θλίϐῃ</span> <span class='ocrx_word' id='word_1_170' title='bbox 2995 1115 3157 1177; x_wconf 82' lang='grc' dir='ltr'>πάνυ,</span> <span class='ocrx_word' id='word_1_171' title='bbox 3204 1113 3454 1185; x_wconf 86' lang='grc' dir='ltr'>καθάπερ</span> <span class='ocrx_word' id='word_1_172' title='bbox 3483 1114 3694 1185; x_wconf 76' lang='grc' dir='ltr'>ἀνθρω-</span> 
     </span>
    </p>
   </div>
   <div class='ocr_carea' id='block_1_25' title="bbox 2122 1203 3697 1278">
    <p class='ocr_par' dir='ltr' id='par_1_25' title="bbox 2122 1203 3697 1278">
     <span class='ocr_line' id='line_1_25' title="bbox 2122 1203 3697 1278; baseline -0.001 -18"><span class='ocrx_word' id='word_1_173' title='bbox 2122 1225 2222 1271; x_wconf 90' lang='grc' dir='ltr'><strong>πος</strong></span> <span class='ocrx_word' id='word_1_174' title='bbox 2268 1207 2427 1278; x_wconf 79' lang='grc' dir='ltr'>ίδρῶν</span> <span class='ocrx_word' id='word_1_175' title='bbox 2470 1205 2864 1260; x_wconf 87' lang='grc' dir='ltr'>ἀποκοποῦται.</span> <span class='ocrx_word' id='word_1_176' title='bbox 2909 1205 2967 1258; x_wconf 85' lang='lat'><strong>&#39;0</strong></span> <span class='ocrx_word' id='word_1_177' title='bbox 3021 1205 3077 1258; x_wconf 78' lang='grc' dir='ltr'><strong>δὲ</strong></span> <span class='ocrx_word' id='word_1_178' title='bbox 3128 1203 3286 1276; x_wconf 83' lang='grc' dir='ltr'>ἱδρὼς</span> <span class='ocrx_word' id='word_1_179' title='bbox 3340 1204 3506 1261; x_wconf 84' lang='grc' dir='ltr'>αὐτοῦ</span> <span class='ocrx_word' id='word_1_180' title='bbox 3548 1208 3697 1259; x_wconf 82' lang='grc' dir='ltr'>ἐστιν</span> 
     </span>
    </p>
   </div>
   <div class='ocr_carea' id='block_1_26' title="bbox 2121 1294 3697 1369">
    <p class='ocr_par' dir='ltr' id='par_1_26' title="bbox 2121 1294 3697 1369">
     <span class='ocr_line' id='line_1_26' title="bbox 2121 1294 3697 1369; baseline -0.001 -18"><span class='ocrx_word' id='word_1_181' title='bbox 2121 1300 2154 1369; x_wconf 80' lang='grc' dir='ltr'>ἡ</span> <span class='ocrx_word' id='word_1_182' title='bbox 2188 1298 2376 1369; x_wconf 88' lang='grc' dir='ltr'>βροχή.</span> <span class='ocrx_word' id='word_1_183' title='bbox 2410 1296 2575 1366; x_wconf 86' lang='grc' dir='ltr'>Ὁμοῦ</span> <span class='ocrx_word' id='word_1_184' title='bbox 2612 1296 2705 1348; x_wconf 69' lang='grc' dir='ltr'><strong>καὶ</strong></span> <span class='ocrx_word' id='word_1_185' title='bbox 2732 1297 2760 1347; x_wconf 86' lang='grc' dir='ltr'><strong>ό</strong></span> <span class='ocrx_word' id='word_1_186' title='bbox 2801 1295 3058 1367; x_wconf 82' lang='grc' dir='ltr'>θερισμὸς</span> <span class='ocrx_word' id='word_1_187' title='bbox 3102 1296 3286 1365; x_wconf 85' lang='grc' dir='ltr'>ἄρχων</span> <span class='ocrx_word' id='word_1_188' title='bbox 3319 1294 3431 1365; x_wconf 77' lang='grc'><strong>(29)</strong></span> <span class='ocrx_word' id='word_1_189' title='bbox 3467 1294 3560 1349; x_wconf 81' lang='grc' dir='ltr'><strong>ὲάν</strong></span> <span class='ocrx_word' id='word_1_190' title='bbox 3603 1312 3697 1349; x_wconf 89' lang='grc' dir='ltr'>συ-</span> 
     </span>
    </p>
   </div>
   <div class='ocr_carea' id='block_1_27' title="bbox 2119 1386 3695 1458">
    <p class='ocr_par' dir='ltr' id='par_1_27' title="bbox 2119 1386 3695 1458">
     <span class='ocr_line' id='line_1_27' title="bbox 2119 1386 3695 1458; baseline 0 -19"><span class='ocrx_word' id='word_1_191' title='bbox 2119 1386 2255 1458; x_wconf 82' lang='grc' dir='ltr'>ληθῇ</span> <span class='ocrx_word' id='word_1_192' title='bbox 2291 1387 2394 1439; x_wconf 84' lang='grc' dir='ltr'><strong>ὑπὸ</strong></span> <span class='ocrx_word' id='word_1_193' title='bbox 2433 1387 2530 1457; x_wconf 72' lang='grc' dir='ltr'>τῆς</span> <span class='ocrx_word' id='word_1_194' title='bbox 2576 1386 2865 1456; x_wconf 81' lang='grc' dir='ltr'>παρθένου,</span> <span class='ocrx_word' id='word_1_195' title='bbox 2903 1386 3159 1456; x_wconf 83' lang='grc' dir='ltr'>καταχέει</span> <span class='ocrx_word' id='word_1_196' title='bbox 3208 1386 3394 1456; x_wconf 75' lang='grc' dir='ltr'>λοιμὸν</span> <span class='ocrx_word' id='word_1_197' title='bbox 3433 1388 3517 1455; x_wconf 79' lang='grc' dir='ltr'><strong>ἐφ’</strong></span> <span class='ocrx_word' id='word_1_198' title='bbox 3567 1387 3695 1457; x_wconf 84' lang='grc' dir='ltr'>ὅλης</span> 
     </span>
    </p>
   </div>
   <div class='ocr_carea' id='block_1_28' title="bbox 2118 1480 3696 1552">
    <p class='ocr_par' dir='ltr' id='par_1_28' title="bbox 2118 1480 3696 1552">
     <span class='ocr_line' id='line_1_28' title="bbox 2118 1480 3696 1552; baseline 0 -19"><span class='ocrx_word' id='word_1_199' title='bbox 2118 1481 2216 1551; x_wconf 84' lang='grc' dir='ltr'><strong>τῆς</strong></span> <span class='ocrx_word' id='word_1_200' title='bbox 2254 1481 2373 1551; x_wconf 81' lang='grc' dir='ltr'>γῆς,</span> <span class='ocrx_word' id='word_1_201' title='bbox 2405 1481 2553 1543; x_wconf 81' lang='grc' dir='ltr'>ὅπως</span> <span class='ocrx_word' id='word_1_202' title='bbox 2591 1480 2888 1534; x_wconf 75' lang='grc' dir='ltr'>θανατώσει</span> <span class='ocrx_word' id='word_1_203' title='bbox 2934 1482 3058 1544; x_wconf 82' lang='grc' dir='ltr'>τοὺς</span> <span class='ocrx_word' id='word_1_204' title='bbox 3100 1481 3436 1552; x_wconf 86' lang='grc' dir='ltr'>ἀνθρώπους.</span> <span class='ocrx_word' id='word_1_205' title='bbox 3483 1482 3556 1534; x_wconf 83' lang='grc' dir='ltr'>Τὸ</span> <span class='ocrx_word' id='word_1_206' title='bbox 3585 1482 3696 1552; x_wconf 78' lang='grc' dir='ltr'>γὰρ</span> 
     </span>
    </p>
   </div>
   <div class='ocr_carea' id='block_1_29' title="bbox 2122 1570 3735 1643">
    <p class='ocr_par' dir='ltr' id='par_1_29' title="bbox 2122 1570 3735 1643">
     <span class='ocr_line' id='line_1_29' title="bbox 2122 1570 3735 1643; baseline -0.001 -18"><span class='ocrx_word' id='word_1_207' title='bbox 2122 1572 2280 1642; x_wconf 84' lang='grc' dir='ltr'>σῶμα</span> <span class='ocrx_word' id='word_1_208' title='bbox 2330 1570 2486 1624; x_wconf 87' lang='grc' dir='ltr'>τοῦτο</span> <span class='ocrx_word' id='word_1_209' title='bbox 2539 1571 2742 1641; x_wconf 87' lang='grc' dir='ltr'>κόσμος</span> <span class='ocrx_word' id='word_1_210' title='bbox 2784 1571 3027 1624; x_wconf 86' lang='grc' dir='ltr'>καλεῖται</span> <span class='ocrx_word' id='word_1_211' title='bbox 3075 1571 3210 1643; x_wconf 81' lang='grc' dir='ltr'>πρὸς</span> <span class='ocrx_word' id='word_1_212' title='bbox 3258 1572 3347 1624; x_wconf 82' lang='grc' dir='ltr'><strong>τὸν</strong></span> <span class='ocrx_word' id='word_1_213' title='bbox 3395 1572 3565 1643; x_wconf 80' lang='grc' dir='ltr'>μέγαν</span> <span class='ocrx_word' id='word_1_214' title='bbox 3601 1573 3735 1624; x_wconf 77' lang='grc' dir='ltr'>κό-ι</span> 
     </span>
    </p>
   </div>
   <div class='ocr_carea' id='block_1_30' title="bbox 2121 1659 3694 1732">
    <p class='ocr_par' dir='ltr' id='par_1_30' title="bbox 2121 1659 3694 1732">
     <span class='ocr_line' id='line_1_30' title="bbox 2121 1659 3694 1732; baseline 0.001 -19"><span class='ocrx_word' id='word_1_215' title='bbox 2121 1678 2277 1731; x_wconf 91' lang='grc' dir='ltr'>σμον.</span> <span class='ocrx_word' id='word_1_216' title='bbox 2309 1661 2418 1713; x_wconf 74' lang='grc' dir='ltr'><strong>Καὶ</strong></span> <span class='ocrx_word' id='word_1_217' title='bbox 2450 1661 2499 1713; x_wconf 80' lang='grc' dir='ltr'>οἱ</span> <span class='ocrx_word' id='word_1_218' title='bbox 2532 1660 2807 1732; x_wconf 81' lang='grc' dir='ltr'>ἄνθρωποι</span> <span class='ocrx_word' id='word_1_219' title='bbox 2860 1661 3060 1723; x_wconf 84' lang='grc' dir='ltr'>πάντες</span> <span class='ocrx_word' id='word_1_220' title='bbox 3102 1659 3255 1730; x_wconf 81' lang='grc' dir='ltr'>ῥίζας</span> <span class='ocrx_word' id='word_1_221' title='bbox 3296 1660 3497 1731; x_wconf 69' lang='grc' dir='ltr'>ἔχουσι,</span> <span class='ocrx_word' id='word_1_222' title='bbox 3541 1662 3694 1715; x_wconf 81' lang='grc' dir='ltr'>κάτω</span> 
     </span>
    </p>
   </div>
   <div class='ocr_carea' id='block_1_31' title="bbox 2122 1747 3694 1822">
    <p class='ocr_par' dir='ltr' id='par_1_31' title="bbox 2122 1747 3694 1822">
     <span class='ocr_line' id='line_1_31' title="bbox 2122 1747 3694 1822; baseline 0 -17"><span class='ocrx_word' id='word_1_223' title='bbox 2122 1751 2463 1815; x_wconf 87' lang='grc' dir='ltr'>συνδεθείσας</span> <span class='ocrx_word' id='word_1_224' title='bbox 2510 1754 2622 1815; x_wconf 79' lang='grc' dir='ltr'>τοῖς</span> <span class='ocrx_word' id='word_1_225' title='bbox 2658 1752 2789 1805; x_wconf 73' lang='grc' dir='ltr'>ἀνω.</span> <span class='ocrx_word' id='word_1_226' title='bbox 2830 1751 3060 1804; x_wconf 71' lang='grc' dir='ltr'>Ὀπόταν</span> <span class='ocrx_word' id='word_1_227' title='bbox 3094 1747 3185 1805; x_wconf 84' lang='grc' dir='ltr'><strong>οὖν</strong></span> <span class='ocrx_word' id='word_1_228' title='bbox 3224 1751 3423 1822; x_wconf 82' lang='grc' dir='ltr'>συληθῇ</span> <span class='ocrx_word' id='word_1_229' title='bbox 3455 1751 3559 1804; x_wconf 78' lang='grc' dir='ltr'><strong>ὑπὸ</strong></span> <span class='ocrx_word' id='word_1_230' title='bbox 3592 1750 3694 1820; x_wconf 86' lang='grc' dir='ltr'>τῆς</span> 
     </span>
    </p>
   </div>
   <div class='ocr_carea' id='block_1_32' title="bbox 443 1828 2010 1913">
    <p class='ocr_par' dir='ltr' id='par_1_32' title="bbox 443 1833 2009 1903">
     <span class='ocr_line' id='line_1_32' title="bbox 443 1833 2009 1903; baseline -0.001 -13"><span class='ocrx_word' id='word_1_231' title='bbox 443 1836 657 1891; x_wconf 85' lang='lat' dir='ltr'><strong>radices</strong></span> <span class='ocrx_word' id='word_1_232' title='bbox 686 1835 888 1889; x_wconf 85' lang='lat' dir='ltr'><strong>habent</strong></span> <span class='ocrx_word' id='word_1_233' title='bbox 929 1833 1073 1888; x_wconf 89' lang='lat' dir='ltr'><strong>infra</strong></span> <span class='ocrx_word' id='word_1_234' title='bbox 1115 1848 1239 1887; x_wconf 94' lang='lat' dir='ltr'><strong>cum</strong></span> <span class='ocrx_word' id='word_1_235' title='bbox 1288 1833 1662 1903; x_wconf 87' lang='lat' dir='ltr'><strong>superioribus</strong></span> <span class='ocrx_word' id='word_1_236' title='bbox 1712 1849 2009 1890; x_wconf 80' lang='lat' dir='ltr'><strong>connexas.</strong></span> 
     </span>
    </p>
   </div>
   <div class='ocr_carea' id='block_1_33' title="bbox 2113 1828 3690 1913">
    <p class='ocr_par' dir='ltr' id='par_1_33' title="bbox 2117 1838 3690 1913">
     <span class='ocr_line' id='line_1_33' title="bbox 2117 1838 3690 1913; baseline -0.002 -16"><span class='ocrx_word' id='word_1_237' title='bbox 2117 1842 2408 1913; x_wconf 79' lang='grc' dir='ltr'>παρθένου,</span> <span class='ocrx_word' id='word_1_238' title='bbox 2439 1843 2559 1895; x_wconf 87' lang='grc' dir='ltr'>τότε</span> <span class='ocrx_word' id='word_1_239' title='bbox 2599 1843 2823 1912; x_wconf 84' lang='grc' dir='ltr'>ἄρχεται</span> <span class='ocrx_word' id='word_1_240' title='bbox 2873 1841 3093 1893; x_wconf 85' lang='grc' dir='ltr'>κόπτειν</span> <span class='ocrx_word' id='word_1_241' title='bbox 3132 1841 3229 1904; x_wconf 72' lang='grc' dir='ltr'><strong>τὰς</strong></span> <span class='ocrx_word' id='word_1_242' title='bbox 3270 1838 3425 1910; x_wconf 71' lang='grc' dir='ltr'>ῥίζας</span> <span class='ocrx_word' id='word_1_243' title='bbox 3455 1840 3563 1894; x_wconf 84' lang='grc' dir='ltr'>τῶν</span> <span class='ocrx_word' id='word_1_244' title='bbox 3591 1842 3690 1895; x_wconf 87' lang='grc' dir='ltr'>ἀν-</span> 
     </span>
    </p>
   </div>
   <div class='ocr_carea' id='block_1_34' title="bbox 444 1924 2010 1999">
    <p class='ocr_par' dir='ltr' id='par_1_34' title="bbox 444 1924 2010 1999">
     <span class='ocr_line' id='line_1_34' title="bbox 444 1924 2010 1999; baseline -0.001 -18"><span class='ocrx_word' id='word_1_245' title='bbox 444 1928 613 1999; x_wconf 71' lang='lat' dir='ltr'><strong>lgitur</strong></span> <span class='ocrx_word' id='word_1_246' title='bbox 647 1943 771 1982; x_wconf 90' lang='lat' dir='ltr'><strong>eum</strong></span> <span class='ocrx_word' id='word_1_247' title='bbox 820 1941 849 1979; x_wconf 88' lang='lat' dir='ltr'><strong>a</strong></span> <span class='ocrx_word' id='word_1_248' title='bbox 902 1925 1111 1995; x_wconf 78' lang='lat' dir='ltr'><strong>virgine</strong></span> <span class='ocrx_word' id='word_1_249' title='bbox 1157 1924 1421 1995; x_wconf 79' lang='lat' dir='ltr'><strong>pellectus</strong></span> <span class='ocrx_word' id='word_1_250' title='bbox 1473 1935 1775 1996; x_wconf 76' lang='lat' dir='ltr'><strong>captusque</strong></span> <span class='ocrx_word' id='word_1_251' title='bbox 1814 1926 2010 1991; x_wconf 89' lang='lat' dir='ltr'><strong>fuerit,</strong></span> 
     </span>
    </p>
   </div>
   <div class='ocr_carea' id='block_1_35' title="bbox 432 2015 2012 2088">
    <p class='ocr_par' dir='ltr' id='par_1_35' title="bbox 432 2015 2012 2088">
     <span class='ocr_line' id='line_1_35' title="bbox 432 2015 2012 2088; baseline 0.001 -16"><span class='ocrx_word' id='word_1_252' title='bbox 432 2029 579 2073; x_wconf 61' lang='lat' dir='ltr'><strong>.tunc</strong></span> <span class='ocrx_word' id='word_1_253' title='bbox 625 2018 905 2072; x_wconf 89' lang='lat' dir='ltr'><strong>hominum</strong></span> <span class='ocrx_word' id='word_1_254' title='bbox 955 2023 1245 2086; x_wconf 86' lang='lat' dir='ltr'><strong>amputare</strong></span> <span class='ocrx_word' id='word_1_255' title='bbox 1282 2015 1495 2071; x_wconf 89' lang='lat' dir='ltr'><strong>radices</strong></span> <span class='ocrx_word' id='word_1_256' title='bbox 1538 2017 1764 2088; x_wconf 83' lang='lat' dir='ltr'><strong>incipit;</strong></span> <span class='ocrx_word' id='word_1_257' title='bbox 1811 2018 2012 2088; x_wconf 89' lang='lat' dir='ltr'><strong>quibus</strong></span> 
     </span>
    </p>
   </div>
   <div class='ocr_carea' id='block_1_36' title="bbox 440 2108 2008 2179">
    <p class='ocr_par' dir='ltr' id='par_1_36' title="bbox 440 2108 2008 2179">
     <span class='ocr_line' id='line_1_36' title="bbox 440 2108 2008 2179; baseline -0.001 -13"><span class='ocrx_word' id='word_1_258' title='bbox 440 2109 676 2166; x_wconf 84' lang='lat' dir='ltr'><strong>succisis</strong></span> <span class='ocrx_word' id='word_1_259' title='bbox 699 2148 712 2171; x_wconf 84' lang='lat'><strong>.</strong></span> <span class='ocrx_word' id='word_1_260' title='bbox 750 2109 1063 2179; x_wconf 87' lang='lat' dir='ltr'><strong>pestilentia</strong></span> <span class='ocrx_word' id='word_1_261' title='bbox 1110 2116 1413 2176; x_wconf 77' lang='lat' dir='ltr'><strong>grassatur,</strong></span> <span class='ocrx_word' id='word_1_262' title='bbox 1467 2108 1651 2177; x_wconf 90' lang='lat' dir='ltr'><strong>itaque</strong></span> <span class='ocrx_word' id='word_1_263' title='bbox 1679 2109 2008 2165; x_wconf 89' lang='lat' dir='ltr'><strong>moriuntur.</strong></span> 
     </span>
    </p>
   </div>
   <div class='ocr_carea' id='block_1_37' title="bbox 444 2199 2010 2270">
    <p class='ocr_par' dir='ltr' id='par_1_37' title="bbox 444 2199 2010 2270">
     <span class='ocr_line' id='line_1_37' title="bbox 444 2199 2010 2270; baseline -0.001 -14"><span class='ocrx_word' id='word_1_264' title='bbox 444 2201 601 2267; x_wconf 84' lang='lat' dir='ltr'><strong>Quod</strong></span> <span class='ocrx_word' id='word_1_265' title='bbox 634 2201 681 2255; x_wconf 90' lang='lat' dir='ltr'><strong>si</strong></span> <span class='ocrx_word' id='word_1_266' title='bbox 714 2199 998 2270; x_wconf 88' lang='lat' dir='ltr'><strong>superiora</strong></span> <span class='ocrx_word' id='word_1_267' title='bbox 1044 2199 1247 2253; x_wconf 90' lang='lat' dir='ltr'><strong>radicis</strong></span> <span class='ocrx_word' id='word_1_268' title='bbox 1296 2213 1407 2269; x_wconf 76' lang='lat' dir='ltr'><strong>pra:</strong></span> <span class='ocrx_word' id='word_1_269' title='bbox 1444 2199 1631 2254; x_wconf 90' lang='lat' dir='ltr'><strong>labore</strong></span> <span class='ocrx_word' id='word_1_270' title='bbox 1671 2202 2010 2270; x_wconf 85' lang='lat' dir='ltr'><strong>quatiantur,</strong></span> 
     </span>
    </p>
   </div>
   <div class='ocr_carea' id='block_1_38' title="bbox 442 2289 2014 2360">
    <p class='ocr_par' dir='ltr' id='par_1_38' title="bbox 442 2289 2014 2360">
     <span class='ocr_line' id='line_1_38' title="bbox 442 2289 2014 2360; baseline -0.001 -12"><span class='ocrx_word' id='word_1_271' title='bbox 442 2302 603 2349; x_wconf 73' lang='lat' dir='ltr'><strong>terra:</strong></span> <span class='ocrx_word' id='word_1_272' title='bbox 628 2299 809 2346; x_wconf 91' lang='lat' dir='ltr'><strong>motus</strong></span> <span class='ocrx_word' id='word_1_273' title='bbox 833 2291 1212 2359; x_wconf 88' lang='lat' dir='ltr'><strong>consequitur,</strong></span> <span class='ocrx_word' id='word_1_274' title='bbox 1241 2304 1351 2359; x_wconf 92' lang='lat' dir='ltr'><strong>quo</strong></span> <span class='ocrx_word' id='word_1_275' title='bbox 1369 2289 1594 2360; x_wconf 82' lang='lat' dir='ltr'><strong>Bajulus</strong></span> <span class='ocrx_word' id='word_1_276' title='bbox 1622 2292 1783 2347; x_wconf 86' lang='lat' dir='ltr'><strong>etiam</strong></span> <span class='ocrx_word' id='word_1_277' title='bbox 1810 2308 2014 2347; x_wconf 92' lang='lat' dir='ltr'><strong>concu-</strong></span> 
     </span>
    </p>
   </div>
   <div class='ocr_carea' id='block_1_39' title="bbox 442 2382 1256 2438">
    <p class='ocr_par' dir='ltr' id='par_1_39' title="bbox 442 2382 1256 2438">
     <span class='ocr_line' id='line_1_39' title="bbox 442 2382 1256 2438; baseline -0.002 -1"><span class='ocrx_word' id='word_1_278' title='bbox 442 2385 595 2438; x_wconf 84' lang='lat' dir='ltr'><strong>titur.</strong></span> <span class='ocrx_word' id='word_1_279' title='bbox 633 2382 706 2436; x_wconf 86' lang='lat' dir='ltr'><strong>Ea</strong></span> <span class='ocrx_word' id='word_1_280' title='bbox 734 2396 898 2436; x_wconf 84' lang='lat' dir='ltr'><strong>causa</strong></span> <span class='ocrx_word' id='word_1_281' title='bbox 930 2383 1121 2436; x_wconf 91' lang='lat' dir='ltr'><strong>mortis</strong></span> <span class='ocrx_word' id='word_1_282' title='bbox 1153 2390 1256 2438; x_wconf 92' lang='lat' dir='ltr'><strong>est.</strong></span> 
     </span>
    </p>
   </div>
   <div class='ocr_carea' id='block_1_40' title="bbox 513 2472 2013 2545">
    <p class='ocr_par' dir='ltr' id='par_1_40' title="bbox 513 2472 2013 2545">
     <span class='ocr_line' id='line_1_40' title="bbox 513 2472 2013 2545; baseline 0.001 -17"><span class='ocrx_word' id='word_1_283' title='bbox 513 2473 754 2528; x_wconf 76' lang='lat' dir='ltr'><strong>XXVIII.</strong></span> <span class='ocrx_word' id='word_1_284' title='bbox 796 2472 955 2528; x_wconf 88' lang='lat' dir='ltr'><strong>Nunc</strong></span> <span class='ocrx_word' id='word_1_285' title='bbox 981 2473 1113 2527; x_wconf 90' lang='lat' dir='ltr'><strong>illud</strong></span> <span class='ocrx_word' id='word_1_286' title='bbox 1142 2474 1301 2528; x_wconf 83' lang='lat' dir='ltr'><strong>vobis</strong></span> <span class='ocrx_word' id='word_1_287' title='bbox 1329 2488 1594 2544; x_wconf 77' lang='lat' dir='ltr'><strong>exponam</strong></span> <span class='ocrx_word' id='word_1_288' title='bbox 1618 2513 1633 2538; x_wconf 92' lang='lat'><strong>,</strong></span> <span class='ocrx_word' id='word_1_289' title='bbox 1661 2473 2013 2545; x_wconf 80' lang='lat' dir='ltr'><strong>quemadmo-</strong></span> 
     </span>
    </p>
   </div>
   <div class='ocr_carea' id='block_1_41' title="bbox 440 2560 2010 2634">
    <p class='ocr_par' dir='ltr' id='par_1_41' title="bbox 440 2560 2010 2634">
     <span class='ocr_line' id='line_1_41' title="bbox 440 2560 2010 2634; baseline -0.004 -12"><span class='ocrx_word' id='word_1_290' title='bbox 440 2566 571 2622; x_wconf 86' lang='lat' dir='ltr'><strong>dum</strong></span> <span class='ocrx_word' id='word_1_291' title='bbox 607 2565 791 2619; x_wconf 88' lang='lat' dir='ltr'><strong>anima</strong></span> <span class='ocrx_word' id='word_1_292' title='bbox 840 2563 1082 2634; x_wconf 89' lang='lat' dir='ltr'><strong>quinque</strong></span> <span class='ocrx_word' id='word_1_293' title='bbox 1115 2562 1170 2616; x_wconf 90' lang='lat' dir='ltr'><strong>in</strong></span> <span class='ocrx_word' id='word_1_294' title='bbox 1202 2578 1433 2633; x_wconf 89' lang='lat' dir='ltr'><strong>corpora</strong></span> <span class='ocrx_word' id='word_1_295' title='bbox 1477 2562 1916 2617; x_wconf 82' lang='lat' dir='ltr'><strong>transfundatur.</strong></span> <span class='ocrx_word' id='word_1_296' title='bbox 1950 2560 2010 2615; x_wconf 90' lang='lat' dir='ltr'><strong>In</strong></span> 
     </span>
    </p>
   </div>
   <div class='ocr_carea' id='block_1_42' title="bbox 441 2654 2009 2728">
    <p class='ocr_par' dir='ltr' id='par_1_42' title="bbox 441 2654 2009 2728">
     <span class='ocr_line' id='line_1_42' title="bbox 441 2654 2009 2728; baseline -0.004 -15"><span class='ocrx_word' id='word_1_297' title='bbox 441 2659 636 2728; x_wconf 84' lang='lat' dir='ltr'><strong>primis</strong></span> <span class='ocrx_word' id='word_1_298' title='bbox 687 2657 833 2711; x_wconf 91' lang='lat' dir='ltr'><strong>enim</strong></span> <span class='ocrx_word' id='word_1_299' title='bbox 880 2669 1006 2725; x_wconf 88' lang='lat' dir='ltr'><strong>pars</strong></span> <span class='ocrx_word' id='word_1_300' title='bbox 1047 2654 1194 2708; x_wconf 91' lang='lat' dir='ltr'><strong>illius</strong></span> <span class='ocrx_word' id='word_1_301' title='bbox 1231 2655 1445 2728; x_wconf 75' lang='lat' dir='ltr'><strong>exigua</strong></span> <span class='ocrx_word' id='word_1_302' title='bbox 1479 2662 1825 2725; x_wconf 75' lang='lat' dir='ltr'><strong>repurgatur.</strong></span> <span class='ocrx_word' id='word_1_303' title='bbox 1871 2654 2009 2706; x_wconf 90' lang='lat' dir='ltr'><strong>Tum</strong></span> 
     </span>
    </p>
   </div>
   <div class='ocr_carea' id='block_1_43' title="bbox 440 2726 2009 2813">
    <p class='ocr_par' dir='ltr' id='par_1_43' title="bbox 440 2726 2009 2813">
     <span class='ocr_line' id='line_1_43' title="bbox 440 2726 2009 2813; baseline -0.005 -8"><span class='ocrx_word' id='word_1_304' title='bbox 440 2726 498 2805; x_wconf 82' lang='lat' dir='ltr'><strong>in</strong></span> <span class='ocrx_word' id='word_1_305' title='bbox 528 2748 684 2803; x_wconf 89' lang='lat' dir='ltr'><strong>canis</strong></span> <span class='ocrx_word' id='word_1_306' title='bbox 726 2747 810 2800; x_wconf 86' lang='lat' dir='ltr'><strong>vel</strong></span> <span class='ocrx_word' id='word_1_307' title='bbox 855 2745 1047 2800; x_wconf 88' lang='lat' dir='ltr'><strong>cameli</strong></span> <span class='ocrx_word' id='word_1_308' title='bbox 1100 2744 1182 2798; x_wconf 89' lang='lat' dir='ltr'><strong>vel</strong></span> <span class='ocrx_word' id='word_1_309' title='bbox 1233 2726 1459 2798; x_wconf 84' lang='lat' dir='ltr'><strong>alterius</strong></span> <span class='ocrx_word' id='word_1_310' title='bbox 1507 2744 1763 2799; x_wconf 90' lang='lat' dir='ltr'><strong>animalis</strong></span> <span class='ocrx_word' id='word_1_311' title='bbox 1808 2756 2009 2813; x_wconf 88' lang='lat' dir='ltr'><strong>corpus</strong></span> 
     </span>
    </p>
   </div>
   <div class='ocr_carea' id='block_1_44' title="bbox 440 2834 2007 2907">
    <p class='ocr_par' dir='ltr' id='par_1_44' title="bbox 440 2834 2007 2907">
     <span class='ocr_line' id='line_1_44' title="bbox 440 2834 2007 2907; baseline -0.005 -12"><span class='ocrx_word' id='word_1_312' title='bbox 440 2838 793 2896; x_wconf 81' lang='lat' dir='ltr'><strong>transfertur.</strong></span> <span class='ocrx_word' id='word_1_313' title='bbox 824 2837 903 2891; x_wconf 86' lang='lat' dir='ltr'><strong>Ac</strong></span> <span class='ocrx_word' id='word_1_314' title='bbox 928 2837 975 2891; x_wconf 89' lang='lat' dir='ltr'><strong>si</strong></span> <span class='ocrx_word' id='word_1_315' title='bbox 1001 2835 1353 2890; x_wconf 88' lang='lat' dir='ltr'><strong>homicidium</strong></span> <span class='ocrx_word' id='word_1_316' title='bbox 1383 2836 1568 2890; x_wconf 88' lang='lat' dir='ltr'><strong>anima</strong></span> <span class='ocrx_word' id='word_1_317' title='bbox 1593 2834 2007 2907; x_wconf 87' lang='lat' dir='ltr'><strong>perpetraverit,</strong></span> 
     </span>
    </p>
   </div>
   <div class='ocr_carea' id='block_1_45' title="bbox 433 2924 2009 3000">
    <p class='ocr_par' dir='ltr' id='par_1_45' title="bbox 433 2924 2009 3000">
     <span class='ocr_line' id='line_1_45' title="bbox 433 2924 2009 3000; baseline -0.005 -13"><span class='ocrx_word' id='word_1_318' title='bbox 433 2933 496 2987; x_wconf 80' lang='lat' dir='ltr'><strong>in</strong></span> <span class='ocrx_word' id='word_1_319' title='bbox 530 2931 884 3000; x_wconf 82' lang='lat' dir='ltr'><strong>celepltorum</strong></span> <span class='ocrx_word' id='word_1_320' title='bbox 954 2941 1155 2996; x_wconf 90' lang='lat' dir='ltr'><strong>corpus</strong></span> <span class='ocrx_word' id='word_1_321' title='bbox 1197 2925 1546 2982; x_wconf 81' lang='lat' dir='ltr'><strong>transfertur.</strong></span> <span class='ocrx_word' id='word_1_322' title='bbox 1602 2924 1660 2981; x_wconf 85' lang='lat' dir='ltr'><strong>Si</strong></span> <span class='ocrx_word' id='word_1_323' title='bbox 1711 2925 2009 2980; x_wconf 87' lang='lat' dir='ltr'><strong>messuisse</strong></span> 
     </span>
    </p>
   </div>
   <div class='ocr_carea' id='block_1_46' title="bbox 426 3015 2005 3093">
    <p class='ocr_par' dir='ltr' id='par_1_46' title="bbox 426 3015 2005 3093">
     <span class='ocr_line' id='line_1_46' title="bbox 426 3015 2005 3093; baseline -0.004 -15"><span class='ocrx_word' id='word_1_324' title='bbox 426 3021 900 3093; x_wconf 69' lang='lat' dir='ltr'><strong>deprehendatur,</strong></span> <span class='ocrx_word' id='word_1_325' title='bbox 956 3021 1011 3073; x_wconf 91' lang='lat' dir='ltr'><strong>in</strong></span> <span class='ocrx_word' id='word_1_326' title='bbox 1062 3018 1253 3073; x_wconf 89' lang='lat' dir='ltr'><strong>balbos</strong></span> <span class='ocrx_word' id='word_1_327' title='bbox 1302 3031 1367 3072; x_wconf 91' lang='lat' dir='ltr'><strong>ac</strong></span> <span class='ocrx_word' id='word_1_328' title='bbox 1419 3018 1600 3088; x_wconf 77' lang='lat' dir='ltr'><strong>lingua</strong></span> <span class='ocrx_word' id='word_1_329' title='bbox 1656 3015 2005 3086; x_wconf 65' lang='lat' dir='ltr'><strong>ormpeditos.</strong></span> 
     </span>
    </p>
   </div>
   <div class='ocr_carea' id='block_1_47' title="bbox 437 3108 2007 3180">
    <p class='ocr_par' dir='ltr' id='par_1_47' title="bbox 437 3108 2007 3180">
     <span class='ocr_line' id='line_1_47' title="bbox 437 3108 2007 3180; baseline -0.006 -9"><span class='ocrx_word' id='word_1_330' title='bbox 437 3116 650 3171; x_wconf 70' lang='lat' dir='ltr'><strong>Anima:</strong></span> <span class='ocrx_word' id='word_1_331' title='bbox 678 3129 805 3168; x_wconf 89' lang='lat' dir='ltr'><strong>vero</strong></span> <span class='ocrx_word' id='word_1_332' title='bbox 833 3112 950 3166; x_wconf 64' lang='lat' dir='ltr'><strong>haec</strong></span> <span class='ocrx_word' id='word_1_333' title='bbox 980 3111 1097 3180; x_wconf 89' lang='lat' dir='ltr'><strong>ipsa</strong></span> <span class='ocrx_word' id='word_1_334' title='bbox 1127 3109 1348 3164; x_wconf 90' lang='lat' dir='ltr'><strong>nomina</strong></span> <span class='ocrx_word' id='word_1_335' title='bbox 1380 3119 1508 3166; x_wconf 89' lang='lat' dir='ltr'><strong>sunt</strong></span> <span class='ocrx_word' id='word_1_336' title='bbox 1534 3124 1548 3161; x_wconf 87' lang='lat'>:</span> <span class='ocrx_word' id='word_1_337' title='bbox 1586 3122 1740 3164; x_wconf 86' lang='lat' dir='ltr'><strong>mens</strong></span> <span class='ocrx_word' id='word_1_338' title='bbox 1759 3148 1775 3171; x_wconf 87' lang='lat'><strong>,</strong></span> <span class='ocrx_word' id='word_1_339' title='bbox 1818 3108 1971 3161; x_wconf 92' lang='lat' dir='ltr'><strong>notio</strong></span> <span class='ocrx_word' id='word_1_340' title='bbox 1991 3147 2007 3171; x_wconf 92' lang='lat'><strong>,</strong></span> 
     </span>
    </p>
   </div>
   <div class='ocr_carea' id='block_1_48' title="bbox 438 3202 2008 3278">
    <p class='ocr_par' dir='ltr' id='par_1_48' title="bbox 438 3202 2008 3278">
     <span class='ocr_line' id='line_1_48' title="bbox 438 3202 2008 3278; baseline -0.004 -14"><span class='ocrx_word' id='word_1_341' title='bbox 438 3208 797 3278; x_wconf 76' lang='lat' dir='ltr'><strong>intelligentia</strong></span> <span class='ocrx_word' id='word_1_342' title='bbox 816 3245 832 3268; x_wconf 93' lang='lat'><strong>,</strong></span> <span class='ocrx_word' id='word_1_343' title='bbox 863 3202 1026 3276; x_wconf 63' lang='lat'><strong>645</strong></span> <span class='ocrx_word' id='word_1_344' title='bbox 1058 3203 1341 3273; x_wconf 82' lang='lat' dir='ltr'><strong>cogitatio,</strong></span> <span class='ocrx_word' id='word_1_345' title='bbox 1367 3202 1734 3259; x_wconf 78' lang='lat' dir='ltr'><strong>ratiocinatio.</strong></span> <span class='ocrx_word' id='word_1_346' title='bbox 1765 3203 1836 3255; x_wconf 83' lang='lat' dir='ltr'><strong>At</strong></span> <span class='ocrx_word' id='word_1_347' title='bbox 1863 3216 2008 3258; x_wconf 88' lang='lat' dir='ltr'><strong>mes-</strong></span> 
     </span>
    </p>
   </div>
   <div class='ocr_carea' id='block_1_49' title="bbox 439 3293 2005 3369">
    <p class='ocr_par' dir='ltr' id='par_1_49' title="bbox 439 3293 2005 3369">
     <span class='ocr_line' id='line_1_49' title="bbox 439 3293 2005 3369; baseline -0.008 -11"><span class='ocrx_word' id='word_1_348' title='bbox 439 3316 628 3365; x_wconf 83' lang='lat' dir='ltr'><strong>sores,</strong></span> <span class='ocrx_word' id='word_1_349' title='bbox 655 3299 970 3369; x_wconf 85' lang='lat' dir='ltr'><strong>quicunque</strong></span> <span class='ocrx_word' id='word_1_350' title='bbox 993 3302 1235 3360; x_wconf 87' lang='lat' dir='ltr'><strong>tnetunt,</strong></span> <span class='ocrx_word' id='word_1_351' title='bbox 1267 3293 1577 3364; x_wconf 89' lang='lat' dir='ltr'><strong>principum</strong></span> <span class='ocrx_word' id='word_1_352' title='bbox 1613 3294 1821 3349; x_wconf 79' lang='lat' dir='ltr'><strong>similes</strong></span> <span class='ocrx_word' id='word_1_353' title='bbox 1854 3299 2005 3357; x_wconf 88' lang='lat' dir='ltr'><strong>sunt,</strong></span> 
     </span>
    </p>
   </div>
   <div class='ocr_carea' id='block_1_50' title="bbox 437 3387 2007 3465">
    <p class='ocr_par' dir='ltr' id='par_1_50' title="bbox 437 3387 2007 3465">
     <span class='ocr_line' id='line_1_50' title="bbox 437 3387 2007 3465; baseline -0.004 -17"><span class='ocrx_word' id='word_1_354' title='bbox 437 3396 533 3465; x_wconf 91' lang='lat' dir='ltr'><strong>qui</strong></span> <span class='ocrx_word' id='word_1_355' title='bbox 563 3394 620 3447; x_wconf 92' lang='lat' dir='ltr'><strong>in</strong></span> <span class='ocrx_word' id='word_1_356' title='bbox 653 3390 894 3446; x_wconf 88' lang='lat' dir='ltr'><strong>tenebris</strong></span> <span class='ocrx_word' id='word_1_357' title='bbox 932 3390 1043 3457; x_wconf 90' lang='lat' dir='ltr'><strong>jam</strong></span> <span class='ocrx_word' id='word_1_358' title='bbox 1073 3394 1187 3441; x_wconf 92' lang='lat' dir='ltr'><strong>tum</strong></span> <span class='ocrx_word' id='word_1_359' title='bbox 1222 3388 1292 3442; x_wconf 91' lang='lat' dir='ltr'><strong>ab</strong></span> <span class='ocrx_word' id='word_1_360' title='bbox 1323 3387 1480 3440; x_wconf 89' lang='lat' dir='ltr'><strong>initio</strong></span> <span class='ocrx_word' id='word_1_361' title='bbox 1526 3395 1837 3449; x_wconf 88' lang='lat' dir='ltr'><strong>versantur,</strong></span> <span class='ocrx_word' id='word_1_362' title='bbox 1878 3402 2007 3441; x_wconf 89' lang='lat' dir='ltr'><strong>cum</strong></span> 
     </span>
    </p>
   </div>
   <div class='ocr_carea' id='block_1_51' title="bbox 437 3476 2005 3556">
    <p class='ocr_par' dir='ltr' id='par_1_51' title="bbox 437 3476 2005 3556">
     <span class='ocr_line' id='line_1_51' title="bbox 437 3476 2005 3556; baseline -0.004 -17"><span class='ocrx_word' id='word_1_363' title='bbox 437 3484 601 3556; x_wconf 90' lang='lat' dir='ltr'><strong>primi</strong></span> <span class='ocrx_word' id='word_1_364' title='bbox 640 3481 881 3537; x_wconf 89' lang='lat' dir='ltr'><strong>hominis</strong></span> <span class='ocrx_word' id='word_1_365' title='bbox 931 3485 1265 3532; x_wconf 87' lang='lat' dir='ltr'><strong>armaturam</strong></span> <span class='ocrx_word' id='word_1_366' title='bbox 1311 3477 1631 3533; x_wconf 87' lang='lat' dir='ltr'><strong>adederunt.</strong></span> <span class='ocrx_word' id='word_1_367' title='bbox 1666 3476 1792 3532; x_wconf 85' lang='lat' dir='ltr'><strong>ldco</strong></span> <span class='ocrx_word' id='word_1_368' title='bbox 1821 3484 2005 3534; x_wconf 77' lang='lat' dir='ltr'><strong>trans-</strong></span> 
     </span>
    </p>
   </div>
   <div class='ocr_carea' id='block_1_52' title="bbox 430 3568 2003 3647">
    <p class='ocr_par' dir='ltr' id='par_1_52' title="bbox 430 3568 2003 3647">
     <span class='ocr_line' id='line_1_52' title="bbox 430 3568 2003 3647; baseline -0.004 -16"><span class='ocrx_word' id='word_1_369' title='bbox 430 3576 647 3647; x_wconf 90' lang='lat' dir='ltr'><strong>.portari</strong></span> <span class='ocrx_word' id='word_1_370' title='bbox 684 3574 808 3627; x_wconf 88' lang='lat' dir='ltr'><strong>illos</strong></span> <span class='ocrx_word' id='word_1_371' title='bbox 864 3571 918 3623; x_wconf 94' lang='lat' dir='ltr'><strong>in</strong></span> <span class='ocrx_word' id='word_1_372' title='bbox 962 3569 1144 3623; x_wconf 86' lang='lat' dir='ltr'><strong>fenum</strong></span> <span class='ocrx_word' id='word_1_373' title='bbox 1179 3575 1273 3622; x_wconf 90' lang='lat' dir='ltr'><strong>aut</strong></span> <span class='ocrx_word' id='word_1_374' title='bbox 1305 3568 1559 3638; x_wconf 87' lang='lat' dir='ltr'><strong>phaselos</strong></span> <span class='ocrx_word' id='word_1_375' title='bbox 1600 3578 1697 3622; x_wconf 89' lang='lat' dir='ltr'><strong>aut</strong></span> <span class='ocrx_word' id='word_1_376' title='bbox 1740 3569 2003 3625; x_wconf 76' lang='lat' dir='ltr'><strong>hordeum</strong></span> 
     </span>
    </p>
   </div>
   <div class='ocr_carea' id='block_1_53' title="bbox 429 3660 2006 3736">
    <p class='ocr_par' dir='ltr' id='par_1_53' title="bbox 429 3660 2006 3736">
     <span class='ocr_line' id='line_1_53' title="bbox 429 3660 2006 3736; baseline -0.004 -14"><span class='ocrx_word' id='word_1_377' title='bbox 429 3679 533 3722; x_wconf 81' lang='lat' dir='ltr'><strong>.aut</strong></span> <span class='ocrx_word' id='word_1_378' title='bbox 560 3666 769 3736; x_wconf 92' lang='lat' dir='ltr'><strong>spicam</strong></span> <span class='ocrx_word' id='word_1_379' title='bbox 796 3663 1014 3718; x_wconf 84' lang='lat' dir='ltr'><strong>olerave</strong></span> <span class='ocrx_word' id='word_1_380' title='bbox 1040 3675 1265 3717; x_wconf 87' lang='lat' dir='ltr'><strong>necesse</strong></span> <span class='ocrx_word' id='word_1_381' title='bbox 1289 3667 1372 3716; x_wconf 92' lang='lat' dir='ltr'><strong>est</strong></span> <span class='ocrx_word' id='word_1_382' title='bbox 1390 3700 1406 3723; x_wconf 92' lang='lat'><strong>,</strong></span> <span class='ocrx_word' id='word_1_383' title='bbox 1439 3669 1498 3713; x_wconf 90' lang='lat' dir='ltr'><strong>ut</strong></span> <span class='ocrx_word' id='word_1_384' title='bbox 1526 3661 1658 3715; x_wconf 88' lang='lat' dir='ltr'><strong>meti</strong></span> <span class='ocrx_word' id='word_1_385' title='bbox 1687 3660 2006 3731; x_wconf 90' lang='lat' dir='ltr'><strong>succidique</strong></span> 
     </span>
    </p>
   </div>
   <div class='ocr_carea' id='block_1_54' title="bbox 433 3751 2003 3830">
    <p class='ocr_par' dir='ltr' id='par_1_54' title="bbox 433 3751 2003 3830">
     <span class='ocr_line' id='line_1_54' title="bbox 433 3751 2003 3830; baseline -0.006 -15"><span class='ocrx_word' id='word_1_386' title='bbox 433 3758 672 3830; x_wconf 84' lang='lat' dir='ltr'><strong>possint.</strong></span> <span class='ocrx_word' id='word_1_387' title='bbox 708 3753 857 3809; x_wconf 87' lang='lat' dir='ltr'><strong>Pane</strong></span> <span class='ocrx_word' id='word_1_388' title='bbox 892 3753 937 3808; x_wconf 94' lang='lat' dir='ltr'><strong>si</strong></span> <span class='ocrx_word' id='word_1_389' title='bbox 973 3753 1098 3823; x_wconf 91' lang='lat' dir='ltr'><strong>quis</strong></span> <span class='ocrx_word' id='word_1_390' title='bbox 1145 3751 1407 3815; x_wconf 88' lang='lat' dir='ltr'><strong>vescitur,</strong></span> <span class='ocrx_word' id='word_1_391' title='bbox 1456 3765 1650 3820; x_wconf 90' lang='lat' dir='ltr'><strong>panem</strong></span> <span class='ocrx_word' id='word_1_392' title='bbox 1697 3751 1844 3806; x_wconf 88' lang='lat' dir='ltr'><strong>hunc</strong></span> <span class='ocrx_word' id='word_1_393' title='bbox 1886 3752 2003 3806; x_wconf 90' lang='lat' dir='ltr'><strong>lieri</strong></span> 
     </span>
    </p>
   </div>
   <div class='ocr_carea' id='block_1_55' title="bbox 433 3842 2002 3920">
    <p class='ocr_par' dir='ltr' id='par_1_55' title="bbox 433 3842 2002 3920">
     <span class='ocr_line' id='line_1_55' title="bbox 433 3842 2002 3920; baseline -0.006 -15"><span class='ocrx_word' id='word_1_394' title='bbox 433 3855 688 3920; x_wconf 89' lang='lat' dir='ltr'><strong>oportet,</strong></span> <span class='ocrx_word' id='word_1_395' title='bbox 713 3853 774 3901; x_wconf 88' lang='lat' dir='ltr'><strong>ut</strong></span> <span class='ocrx_word' id='word_1_396' title='bbox 802 3854 854 3901; x_wconf 93' lang='lat' dir='ltr'><strong>et</strong></span> <span class='ocrx_word' id='word_1_397' title='bbox 884 3845 1002 3915; x_wconf 89' lang='lat' dir='ltr'><strong>ipse</strong></span> <span class='ocrx_word' id='word_1_398' title='bbox 1032 3843 1373 3899; x_wconf 84' lang='lat' dir='ltr'><strong>comedatur.</strong></span> <span class='ocrx_word' id='word_1_399' title='bbox 1402 3842 1571 3898; x_wconf 88' lang='lat' dir='ltr'><strong>Avem</strong></span> <span class='ocrx_word' id='word_1_400' title='bbox 1594 3842 1687 3912; x_wconf 90' lang='lat' dir='ltr'><strong>qui</strong></span> <span class='ocrx_word' id='word_1_401' title='bbox 1715 3843 2002 3909; x_wconf 86' lang='lat' dir='ltr'><strong>occiderit,</strong></span> 
     </span>
    </p>
   </div>
   <div class='ocr_carea' id='block_1_56' title="bbox 436 3934 2005 4006">
    <p class='ocr_par' dir='ltr' id='par_1_56' title="bbox 436 3934 2005 4006">
     <span class='ocr_line' id='line_1_56' title="bbox 436 3934 2005 4006; baseline -0.004 -10"><span class='ocrx_word' id='word_1_402' title='bbox 436 3943 554 3997; x_wconf 85' lang='lat' dir='ltr'><strong>avis</strong></span> <span class='ocrx_word' id='word_1_403' title='bbox 587 3940 698 3994; x_wconf 86' lang='lat' dir='ltr'><strong>ﬁet.</strong></span> <span class='ocrx_word' id='word_1_404' title='bbox 737 3938 1005 3992; x_wconf 84' lang='lat' dir='ltr'><strong>Similiter</strong></span> <span class='ocrx_word' id='word_1_405' title='bbox 1039 3936 1133 4006; x_wconf 90' lang='lat' dir='ltr'><strong>qui</strong></span> <span class='ocrx_word' id='word_1_406' title='bbox 1177 3950 1388 3990; x_wconf 89' lang='lat' dir='ltr'><strong>murem</strong></span> <span class='ocrx_word' id='word_1_407' title='bbox 1429 3934 1733 4003; x_wconf 84' lang='lat' dir='ltr'><strong>occiderit,</strong></span> <span class='ocrx_word' id='word_1_408' title='bbox 1783 3936 1838 3990; x_wconf 94' lang='lat' dir='ltr'><strong>in</strong></span> <span class='ocrx_word' id='word_1_409' title='bbox 1882 3950 2005 3989; x_wconf 86' lang='lat' dir='ltr'><strong>mu-</strong></span> 
     </span>
    </p>
   </div>
   <div class='ocr_carea' id='block_1_57' title="bbox 434 4027 2000 4096">
    <p class='ocr_par' dir='ltr' id='par_1_57' title="bbox 434 4027 2000 4096">
     <span class='ocr_line' id='line_1_57' title="bbox 434 4027 2000 4096; baseline -0.005 -6"><span class='ocrx_word' id='word_1_410' title='bbox 434 4050 552 4091; x_wconf 81' lang='lat' dir='ltr'><strong>rem</strong></span> <span class='ocrx_word' id='word_1_411' title='bbox 586 4030 1037 4086; x_wconf 88' lang='lat' dir='ltr'><strong>commutabitur.</strong></span> <span class='ocrx_word' id='word_1_412' title='bbox 1069 4028 1338 4083; x_wconf 63' lang='lat' dir='ltr'><strong>Praeterea</strong></span> <span class='ocrx_word' id='word_1_413' title='bbox 1375 4028 1420 4081; x_wconf 91' lang='lat' dir='ltr'><strong>si</strong></span> <span class='ocrx_word' id='word_1_414' title='bbox 1461 4028 1584 4096; x_wconf 89' lang='lat' dir='ltr'><strong>quis</strong></span> <span class='ocrx_word' id='word_1_415' title='bbox 1631 4027 1686 4080; x_wconf 93' lang='lat' dir='ltr'><strong>in</strong></span> <span class='ocrx_word' id='word_1_416' title='bbox 1735 4028 1839 4082; x_wconf 87' lang='lat' dir='ltr'><strong>hac</strong></span> <span class='ocrx_word' id='word_1_417' title='bbox 1888 4029 2000 4082; x_wconf 90' lang='lat' dir='ltr'><strong>vita</strong></span> 
     </span>
    </p>
   </div>
   <div class='ocr_carea' id='block_1_58' title="bbox 436 4115 2001 4187">
    <p class='ocr_par' dir='ltr' id='par_1_58' title="bbox 436 4115 2001 4187">
     <span class='ocr_line' id='line_1_58' title="bbox 436 4115 2001 4187; baseline -0.005 -9"><span class='ocrx_word' id='word_1_418' title='bbox 436 4126 589 4180; x_wconf 91' lang='lat' dir='ltr'><strong>dives</strong></span> <span class='ocrx_word' id='word_1_419' title='bbox 620 4122 786 4176; x_wconf 85' lang='lat' dir='ltr'><strong>fuerit</strong></span> <span class='ocrx_word' id='word_1_420' title='bbox 808 4160 823 4185; x_wconf 92' lang='lat'><strong>,</strong></span> <span class='ocrx_word' id='word_1_421' title='bbox 858 4120 948 4173; x_wconf 92' lang='lat' dir='ltr'><strong>ubi</strong></span> <span class='ocrx_word' id='word_1_422' title='bbox 977 4134 1043 4173; x_wconf 80' lang='lat' dir='ltr'><strong>ex</strong></span> <span class='ocrx_word' id='word_1_423' title='bbox 1075 4132 1304 4187; x_wconf 90' lang='lat' dir='ltr'><strong>corpore</strong></span> <span class='ocrx_word' id='word_1_424' title='bbox 1324 4116 1651 4187; x_wconf 75' lang='lat' dir='ltr'><strong>migraverit</strong></span> <span class='ocrx_word' id='word_1_425' title='bbox 1680 4115 1734 4170; x_wconf 90' lang='lat' dir='ltr'><strong>in</strong></span> <span class='ocrx_word' id='word_1_426' title='bbox 1765 4116 2001 4171; x_wconf 86' lang='lat' dir='ltr'><strong>mendici</strong></span> 
     </span>
    </p>
   </div>
   <div class='ocr_carea' id='block_1_59' title="bbox 435 4206 1999 4285">
    <p class='ocr_par' dir='ltr' id='par_1_59' title="bbox 435 4206 1999 4285">
     <span class='ocr_line' id='line_1_59' title="bbox 435 4206 1999 4285; baseline -0.006 -16"><span class='ocrx_word' id='word_1_427' title='bbox 435 4231 636 4285; x_wconf 85' lang='lat' dir='ltr'><strong>corpus</strong></span> <span class='ocrx_word' id='word_1_428' title='bbox 669 4210 1051 4273; x_wconf 88' lang='lat' dir='ltr'><strong>transferetur,</strong></span> <span class='ocrx_word' id='word_1_429' title='bbox 1085 4218 1142 4262; x_wconf 96' lang='lat' dir='ltr'><strong>ut</strong></span> <span class='ocrx_word' id='word_1_430' title='bbox 1168 4208 1432 4262; x_wconf 89' lang='lat' dir='ltr'><strong>oberrans</strong></span> <span class='ocrx_word' id='word_1_431' title='bbox 1482 4206 1679 4276; x_wconf 87' lang='lat' dir='ltr'><strong>stipem</strong></span> <span class='ocrx_word' id='word_1_432' title='bbox 1713 4215 1999 4276; x_wconf 82' lang='lat' dir='ltr'><strong>corroget,</strong></span> 
     </span>
    </p>
   </div>
   <div class='ocr_carea' id='block_1_60' title="bbox 436 4299 2002 4376">
    <p class='ocr_par' dir='ltr' id='par_1_60' title="bbox 436 4299 2002 4376">
     <span class='ocr_line' id='line_1_60' title="bbox 436 4299 2002 4376; baseline -0.007 -14"><span class='ocrx_word' id='word_1_433' title='bbox 436 4309 674 4376; x_wconf 79' lang='lat' dir='ltr'><strong>indeque</strong></span> <span class='ocrx_word' id='word_1_434' title='bbox 701 4303 1096 4373; x_wconf 88' lang='lat' dir='ltr'><strong>sempiternum</strong></span> <span class='ocrx_word' id='word_1_435' title='bbox 1128 4300 1195 4353; x_wconf 90' lang='lat' dir='ltr'><strong>ad</strong></span> <span class='ocrx_word' id='word_1_436' title='bbox 1226 4299 1551 4369; x_wconf 91' lang='lat' dir='ltr'><strong>supplicium</strong></span> <span class='ocrx_word' id='word_1_437' title='bbox 1586 4300 1885 4368; x_wconf 88' lang='lat' dir='ltr'><strong>perveniat.</strong></span> <span class='ocrx_word' id='word_1_438' title='bbox 1923 4299 2002 4352; x_wconf 90' lang='lat' dir='ltr'><strong>Ac</strong></span> 
     </span>
    </p>
   </div>
   <div class='ocr_carea' id='block_1_61' title="bbox 434 4386 2004 4458">
    <p class='ocr_par' dir='ltr' id='par_1_61' title="bbox 434 4386 2004 4458">
     <span class='ocr_line' id='line_1_61' title="bbox 434 4386 2004 4458; baseline -0.008 -7"><span class='ocrx_word' id='word_1_439' title='bbox 434 4411 561 4452; x_wconf 89' lang='lat' dir='ltr'><strong>cum</strong></span> <span class='ocrx_word' id='word_1_440' title='bbox 590 4401 838 4449; x_wconf 81' lang='lat' dir='ltr'><strong>nostrum</strong></span> <span class='ocrx_word' id='word_1_441' title='bbox 869 4390 1015 4446; x_wconf 89' lang='lat' dir='ltr'><strong>istud</strong></span> <span class='ocrx_word' id='word_1_442' title='bbox 1050 4403 1251 4458; x_wconf 91' lang='lat' dir='ltr'><strong>corpus</strong></span> <span class='ocrx_word' id='word_1_443' title='bbox 1283 4388 1351 4442; x_wconf 92' lang='lat' dir='ltr'><strong>ad</strong></span> <span class='ocrx_word' id='word_1_444' title='bbox 1382 4388 1659 4457; x_wconf 89' lang='lat' dir='ltr'><strong>principes</strong></span> <span class='ocrx_word' id='word_1_445' title='bbox 1686 4386 2004 4441; x_wconf 88' lang='lat' dir='ltr'><strong>materiam-</strong></span> 
     </span>
    </p>
   </div>
   <div class='ocr_carea' id='block_1_62' title="bbox 433 4478 2078 4573">
    <p class='ocr_par' dir='ltr' id='par_1_62' title="bbox 433 4478 2078 4573">
     <span class='ocr_line' id='line_1_62' title="bbox 433 4478 2078 4573; baseline -0.007 -30"><span class='ocrx_word' id='word_1_446' title='bbox 433 4485 850 4559; x_wconf 85' lang='lat' dir='ltr'><strong>quepertineat,</strong></span> <span class='ocrx_word' id='word_1_447' title='bbox 877 4482 970 4551; x_wconf 90' lang='lat' dir='ltr'><strong>qui</strong></span> <span class='ocrx_word' id='word_1_448' title='bbox 989 4479 1267 4536; x_wconf 83' lang='lat' dir='ltr'><strong>Persicam</strong></span> <span class='ocrx_word' id='word_1_449' title='bbox 1294 4478 1541 4533; x_wconf 89' lang='lat' dir='ltr'><strong>arborem</strong></span> <span class='ocrx_word' id='word_1_450' title='bbox 1568 4480 1797 4548; x_wconf 88' lang='lat' dir='ltr'><strong>plantat,</strong></span> <span class='ocrx_word' id='word_1_451' title='bbox 1826 4478 1995 4532; x_wconf 90' lang='lat' dir='ltr'><strong>multa</strong></span> <span class='ocrx_word' id='word_1_452' title='bbox 2033 4518 2078 4573; x_wconf 64' lang='grc' dir='ltr'><strong><em>Β</em></strong></span> 
     </span>
    </p>
   </div>
   <div class='ocr_carea' id='block_1_63' title="bbox 433 4568 1999 4646">
    <p class='ocr_par' dir='ltr' id='par_1_63' title="bbox 433 4568 1999 4646">
     <span class='ocr_line' id='line_1_63' title="bbox 433 4568 1999 4646; baseline -0.006 -12"><span class='ocrx_word' id='word_1_453' title='bbox 433 4581 485 4634; x_wconf 92' lang='lat' dir='ltr'><strong>ei</strong></span> <span class='ocrx_word' id='word_1_454' title='bbox 502 4591 730 4646; x_wconf 89' lang='lat' dir='ltr'><strong>corpora</strong></span> <span class='ocrx_word' id='word_1_455' title='bbox 748 4572 998 4628; x_wconf 86' lang='lat' dir='ltr'><strong>obeunda</strong></span> <span class='ocrx_word' id='word_1_456' title='bbox 1010 4578 1161 4635; x_wconf 90' lang='lat' dir='ltr'><strong>sunt,</strong></span> <span class='ocrx_word' id='word_1_457' title='bbox 1179 4570 1351 4625; x_wconf 87' lang='lat' dir='ltr'><strong>donec</strong></span> <span class='ocrx_word' id='word_1_458' title='bbox 1365 4568 1582 4625; x_wconf 89' lang='lat' dir='ltr'><strong>Persica</strong></span> <span class='ocrx_word' id='word_1_459' title='bbox 1603 4570 1692 4623; x_wconf 89' lang='lat' dir='ltr'><strong>illa</strong></span> <span class='ocrx_word' id='word_1_460' title='bbox 1716 4569 1999 4624; x_wconf 89' lang='lat' dir='ltr'><strong>deciderit.</strong></span> 
     </span>
    </p>
   </div>
   <div class='ocr_carea' id='block_1_64' title="bbox 434 4660 2000 4736">
    <p class='ocr_par' dir='ltr' id='par_1_64' title="bbox 434 4660 2000 4736">
     <span class='ocr_line' id='line_1_64' title="bbox 434 4660 2000 4736; baseline -0.007 -11"><span class='ocrx_word' id='word_1_461' title='bbox 434 4669 540 4735; x_wconf 85' lang='lat' dir='ltr'><strong>Qui</strong></span> <span class='ocrx_word' id='word_1_462' title='bbox 577 4668 681 4724; x_wconf 91' lang='lat' dir='ltr'><strong>sibi</strong></span> <span class='ocrx_word' id='word_1_463' title='bbox 712 4666 816 4736; x_wconf 90' lang='lat' dir='ltr'><strong>ipsi</strong></span> <span class='ocrx_word' id='word_1_464' title='bbox 848 4664 1068 4718; x_wconf 89' lang='lat' dir='ltr'><strong>domum</strong></span> <span class='ocrx_word' id='word_1_465' title='bbox 1097 4661 1365 4723; x_wconf 82' lang='lat' dir='ltr'><strong>exstruit,</strong></span> <span class='ocrx_word' id='word_1_466' title='bbox 1403 4660 1457 4713; x_wconf 90' lang='lat' dir='ltr'><strong>in</strong></span> <span class='ocrx_word' id='word_1_467' title='bbox 1487 4660 1740 4714; x_wconf 89' lang='lat' dir='ltr'><strong>universa</strong></span> <span class='ocrx_word' id='word_1_468' title='bbox 1767 4673 2000 4729; x_wconf 84' lang='lat' dir='ltr'><strong>corpora</strong></span> 
     </span>
    </p>
   </div>
   <div class='ocr_carea' id='block_1_65' title="bbox 435 4749 2002 4823">
    <p class='ocr_par' dir='ltr' id='par_1_65' title="bbox 435 4749 2002 4823">
     <span class='ocr_line' id='line_1_65' title="bbox 435 4749 2002 4823; baseline -0.006 -9"><span class='ocrx_word' id='word_1_469' title='bbox 435 4759 790 4815; x_wconf 88' lang='lat' dir='ltr'><strong>distrahetur.</strong></span> <span class='ocrx_word' id='word_1_470' title='bbox 824 4754 928 4821; x_wconf 91' lang='lat' dir='ltr'><strong>Qui</strong></span> <span class='ocrx_word' id='word_1_471' title='bbox 982 4753 1036 4807; x_wconf 91' lang='lat' dir='ltr'><strong>in</strong></span> <span class='ocrx_word' id='word_1_472' title='bbox 1091 4767 1231 4823; x_wconf 89' lang='lat' dir='ltr'><strong>aqua</strong></span> <span class='ocrx_word' id='word_1_473' title='bbox 1280 4752 1461 4816; x_wconf 87' lang='lat' dir='ltr'><strong>lavat,</strong></span> <span class='ocrx_word' id='word_1_474' title='bbox 1509 4756 1777 4804; x_wconf 89' lang='lat' dir='ltr'><strong>suammet</strong></span> <span class='ocrx_word' id='word_1_475' title='bbox 1824 4749 2002 4818; x_wconf 85' lang='lat' dir='ltr'><strong>ipsius</strong></span> 
     </span>
    </p>
   </div>
   <div class='ocr_carea' id='block_1_66' title="bbox 436 4840 2002 4915">
    <p class='ocr_par' dir='ltr' id='par_1_66' title="bbox 436 4840 2002 4915">
     <span class='ocr_line' id='line_1_66' title="bbox 436 4840 2002 4915; baseline -0.008 -11"><span class='ocrx_word' id='word_1_476' title='bbox 436 4850 677 4905; x_wconf 87' lang='lat' dir='ltr'><strong>animam</strong></span> <span class='ocrx_word' id='word_1_477' title='bbox 729 4845 1000 4915; x_wconf 80' lang='lat' dir='ltr'><strong>astringit.</strong></span> <span class='ocrx_word' id='word_1_478' title='bbox 1051 4841 1382 4909; x_wconf 85' lang='lat' dir='ltr'><strong>Quielectis</strong></span> <span class='ocrx_word' id='word_1_479' title='bbox 1431 4841 1605 4912; x_wconf 91' lang='lat' dir='ltr'><strong>ipsius</strong></span> <span class='ocrx_word' id='word_1_480' title='bbox 1638 4841 1860 4912; x_wconf 87' lang='lat' dir='ltr'><strong>pietatis</strong></span> <span class='ocrx_word' id='word_1_481' title='bbox 1901 4840 2002 4893; x_wconf 90' lang='lat' dir='ltr'><strong>ali-</strong></span> 
     </span>
    </p>
   </div>
   <div class='ocr_carea' id='block_1_67' title="bbox 434 4932 2001 5011">
    <p class='ocr_par' dir='ltr' id='par_1_67' title="bbox 434 4932 2001 5011">
     <span class='ocr_line' id='line_1_67' title="bbox 434 4932 2001 5011; baseline -0.004 -16"><span class='ocrx_word' id='word_1_482' title='bbox 434 4940 582 5011; x_wconf 79' lang='lat' dir='ltr'><strong>quod</strong></span> <span class='ocrx_word' id='word_1_483' title='bbox 617 4953 818 4993; x_wconf 90' lang='lat' dir='ltr'><strong>munus</strong></span> <span class='ocrx_word' id='word_1_484' title='bbox 850 4949 958 4989; x_wconf 89' lang='lat' dir='ltr'><strong>non</strong></span> <span class='ocrx_word' id='word_1_485' title='bbox 991 4932 1234 4995; x_wconf 89' lang='lat' dir='ltr'><strong>dederit,</strong></span> <span class='ocrx_word' id='word_1_486' title='bbox 1267 4947 1362 5000; x_wconf 88' lang='lat' dir='ltr'><strong>per</strong></span> <span class='ocrx_word' id='word_1_487' title='bbox 1393 4932 1592 4987; x_wconf 85' lang='lat' dir='ltr'><strong>multas</strong></span> <span class='ocrx_word' id='word_1_488' title='bbox 1619 4934 2001 5001; x_wconf 84' lang='lat' dir='ltr'><strong>generationes</strong></span> 
     </span>
    </p>
   </div>
   <div class='ocr_carea' id='block_1_68' title="bbox 435 5020 2001 5100">
    <p class='ocr_par' dir='ltr' id='par_1_68' title="bbox 435 5020 2001 5100">
     <span class='ocr_line' id='line_1_68' title="bbox 435 5020 2001 5100; baseline -0.004 -17"><span class='ocrx_word' id='word_1_489' title='bbox 435 5042 628 5100; x_wconf 64' lang='lat' dir='ltr'><strong>poenas</strong></span> <span class='ocrx_word' id='word_1_490' title='bbox 675 5025 976 5095; x_wconf 83' lang='lat' dir='ltr'><strong>expendet,</strong></span> <span class='ocrx_word' id='word_1_491' title='bbox 1023 5021 1269 5091; x_wconf 88' lang='lat' dir='ltr'><strong>atquein</strong></span> <span class='ocrx_word' id='word_1_492' title='bbox 1316 5020 1835 5075; x_wconf 90' lang='lat' dir='ltr'><strong>catechumenorum</strong></span> <span class='ocrx_word' id='word_1_493' title='bbox 1873 5037 2001 5076; x_wconf 80' lang='lat' dir='ltr'><strong>eor-</strong></span> 
     </span>
    </p>
   </div>
   <div class='ocr_carea' id='block_1_69' title="bbox 437 5114 1998 5190">
    <p class='ocr_par' dir='ltr' id='par_1_69' title="bbox 437 5114 1998 5190">
     <span class='ocr_line' id='line_1_69' title="bbox 437 5114 1998 5190; baseline -0.003 -16"><span class='ocrx_word' id='word_1_494' title='bbox 437 5135 570 5190; x_wconf 90' lang='lat' dir='ltr'><strong>pora</strong></span> <span class='ocrx_word' id='word_1_495' title='bbox 620 5116 907 5180; x_wconf 86' lang='lat' dir='ltr'><strong>transibit,</strong></span> <span class='ocrx_word' id='word_1_496' title='bbox 957 5114 1131 5169; x_wconf 83' lang='lat' dir='ltr'><strong>donec</strong></span> <span class='ocrx_word' id='word_1_497' title='bbox 1172 5128 1398 5166; x_wconf 85' lang='lat' dir='ltr'><strong>munera</strong></span> <span class='ocrx_word' id='word_1_498' title='bbox 1442 5114 1847 5183; x_wconf 89' lang='lat' dir='ltr'><strong>quam-plurima</strong></span> <span class='ocrx_word' id='word_1_499' title='bbox 1886 5116 1998 5169; x_wconf 88' lang='lat' dir='ltr'><strong>lar—</strong></span> 
     </span>
    </p>
   </div>
   <div class='ocr_carea' id='block_1_70' title="bbox 435 5203 2000 5281">
    <p class='ocr_par' dir='ltr' id='par_1_70' title="bbox 435 5203 2000 5281">
     <span class='ocr_line' id='line_1_70' title="bbox 435 5203 2000 5281; baseline -0.002 -18"><span class='ocrx_word' id='word_1_500' title='bbox 435 5211 633 5281; x_wconf 74' lang='lat' dir='ltr'><strong>giatur.</strong></span> <span class='ocrx_word' id='word_1_501' title='bbox 666 5208 755 5262; x_wconf 78' lang='lat' dir='ltr'><strong>0b</strong></span> <span class='ocrx_word' id='word_1_502' title='bbox 793 5206 850 5261; x_wconf 86' lang='lat' dir='ltr'><strong>id</strong></span> <span class='ocrx_word' id='word_1_503' title='bbox 892 5205 1138 5260; x_wconf 85' lang='lat' dir='ltr'><strong>ciborum</strong></span> <span class='ocrx_word' id='word_1_504' title='bbox 1179 5203 1481 5271; x_wconf 66' lang='lat' dir='ltr'><strong>exquisitos</strong></span> <span class='ocrx_word' id='word_1_505' title='bbox 1526 5219 1773 5274; x_wconf 87' lang='lat' dir='ltr'><strong>quosque</strong></span> <span class='ocrx_word' id='word_1_506' title='bbox 1809 5205 2000 5261; x_wconf 81' lang='lat' dir='ltr'><strong>electis</strong></span> 
     </span>
    </p>
   </div>
   <div class='ocr_carea' id='block_1_71' title="bbox 432 5301 690 5354">
    <p class='ocr_par' dir='ltr' id='par_1_71' title="bbox 432 5301 690 5354">
     <span class='ocr_line' id='line_1_71' title="bbox 432 5301 690 5354; baseline -0.004 0"><span class='ocrx_word' id='word_1_507' title='bbox 432 5301 690 5354; x_wconf 66' lang='lat' dir='ltr'><strong>oliorum.</strong></span> 
     </span>
    </p>
   </div>
   <div class='ocr_carea' id='block_1_72' title="bbox 507 5386 1997 5458">
    <p class='ocr_par' dir='ltr' id='par_1_72' title="bbox 507 5386 1997 5458">
     <span class='ocr_line' id='line_1_72' title="bbox 507 5386 1997 5458; baseline 0 -15"><span class='ocrx_word' id='word_1_508' title='bbox 507 5391 709 5445; x_wconf 82' lang='lat' dir='ltr'><strong>Panem</strong></span> <span class='ocrx_word' id='word_1_509' title='bbox 741 5395 1031 5458; x_wconf 85' lang='lat' dir='ltr'><strong>antequam</strong></span> <span class='ocrx_word' id='word_1_510' title='bbox 1063 5386 1351 5441; x_wconf 83' lang='lat' dir='ltr'><strong>comedam</strong></span> <span class='ocrx_word' id='word_1_511' title='bbox 1372 5425 1387 5449; x_wconf 91' lang='lat'><strong>,</strong></span> <span class='ocrx_word' id='word_1_512' title='bbox 1413 5387 1715 5441; x_wconf 88' lang='lat' dir='ltr'><strong>orationem</strong></span> <span class='ocrx_word' id='word_1_513' title='bbox 1757 5388 1828 5441; x_wconf 89' lang='lat' dir='ltr'><strong>ita</strong></span> <span class='ocrx_word' id='word_1_514' title='bbox 1861 5403 1997 5443; x_wconf 88' lang='lat' dir='ltr'><strong>con-</strong></span> 
     </span>
    </p>
   </div>
   <div class='ocr_carea' id='block_1_73' title="bbox 431 5476 1994 5553">
    <p class='ocr_par' dir='ltr' id='par_1_73' title="bbox 431 5476 1994 5553">
     <span class='ocr_line' id='line_1_73' title="bbox 431 5476 1994 5553; baseline -0.001 -16"><span class='ocrx_word' id='word_1_515' title='bbox 431 5484 644 5553; x_wconf 86' lang='lat' dir='ltr'><strong>cipiunt</strong></span> <span class='ocrx_word' id='word_1_516' title='bbox 670 5481 737 5536; x_wconf 89' lang='lat' dir='ltr'><strong>ad</strong></span> <span class='ocrx_word' id='word_1_517' title='bbox 767 5495 957 5551; x_wconf 87' lang='lat' dir='ltr'><strong>panem</strong></span> <span class='ocrx_word' id='word_1_518' title='bbox 985 5483 1236 5535; x_wconf 83' lang='lat' dir='ltr'><strong>sermone</strong></span> <span class='ocrx_word' id='word_1_519' title='bbox 1264 5492 1531 5532; x_wconf 89' lang='lat' dir='ltr'><strong>converso</strong></span> <span class='ocrx_word' id='word_1_520' title='bbox 1560 5495 1573 5530; x_wconf 92' lang='lat'><em>:</em></span> <span class='ocrx_word' id='word_1_521' title='bbox 1607 5476 1793 5548; x_wconf 86' lang='lat' dir='ltr'><strong>Neque</strong></span> <span class='ocrx_word' id='word_1_522' title='bbox 1814 5495 1915 5548; x_wconf 79' lang='lat' dir='ltr'><strong>ego</strong></span> <span class='ocrx_word' id='word_1_523' title='bbox 1941 5489 1994 5535; x_wconf 87' lang='lat' dir='ltr'><strong>te</strong></span> 
     </span>
    </p>
   </div>
   <div class='ocr_carea' id='block_1_74' title="bbox 504 5677 1994 5752">
    <p class='ocr_par' dir='ltr' id='par_1_74' title="bbox 504 5677 1994 5752">
     <span class='ocr_line' id='line_1_74' title="bbox 504 5677 1994 5752; baseline -0.001 -17"><span class='ocrx_word' id='word_1_524' title='bbox 504 5680 618 5752; x_wconf 65' lang='lat'><strong>(&#39;29)</strong></span> <span class='ocrx_word' id='word_1_525' title='bbox 669 5681 844 5750; x_wconf 82' lang='grc' dir='ltr'><strong>Ὁμοῦ</strong></span> <span class='ocrx_word' id='word_1_526' title='bbox 870 5682 968 5735; x_wconf 80' lang='grc' dir='ltr'>καὶ</span> <span class='ocrx_word' id='word_1_527' title='bbox 996 5683 1028 5752; x_wconf 82' lang='grc' dir='ltr'><strong>ό</strong></span> <span class='ocrx_word' id='word_1_528' title='bbox 1054 5679 1330 5748; x_wconf 78' lang='grc' dir='ltr'>θερισμὸς</span> <span class='ocrx_word' id='word_1_529' title='bbox 1360 5677 1589 5752; x_wconf 69' lang='grc' dir='ltr'>ἄρχων.</span> <span class='ocrx_word' id='word_1_530' title='bbox 1628 5677 1689 5752; x_wconf 50' lang='grc' dir='ltr'>Ρ.</span> <span class='ocrx_word' id='word_1_531' title='bbox 1719 5679 1994 5752; x_wconf 86' lang='grc' dir='ltr'>θεριστής.</span> 
     </span>
    </p>
   </div>
   <div class='ocr_carea' id='block_1_75' title="bbox 502 5748 1999 5821">
    <p class='ocr_par' dir='ltr' id='par_1_75' title="bbox 502 5748 1999 5821">
     <span class='ocr_line' id='line_1_75' title="bbox 502 5748 1999 5821; baseline -0.001 -16"><span class='ocrx_word' id='word_1_532' title='bbox 502 5748 619 5821; x_wconf 71' lang='lat'><strong>{50)</strong></span> <span class='ocrx_word' id='word_1_533' title='bbox 656 5748 739 5806; x_wconf 70' lang='grc' dir='ltr'><strong><em>Εἴ</em></strong></span> <span class='ocrx_word' id='word_1_534' title='bbox 756 5767 845 5817; x_wconf 85' lang='grc' dir='ltr'><strong>τις</strong></span> <span class='ocrx_word' id='word_1_535' title='bbox 900 5751 1135 5805; x_wconf 80' lang='grc' dir='ltr'>λούεται</span> <span class='ocrx_word' id='word_1_536' title='bbox 1188 5754 1265 5815; x_wconf 80' lang='grc' dir='ltr'>εὶς</span> <span class='ocrx_word' id='word_1_537' title='bbox 1312 5750 1375 5802; x_wconf 79' lang='grc' dir='ltr'>τὸ</span> <span class='ocrx_word' id='word_1_538' title='bbox 1422 5749 1596 5817; x_wconf 79' lang='grc' dir='ltr'>ὕδωρ.</span> <span class='ocrx_word' id='word_1_539' title='bbox 1653 5748 1794 5806; x_wconf 62' lang='grc' dir='ltr'><strong>(Ξυικ⁷</strong></span> <span class='ocrx_word' id='word_1_540' title='bbox 1835 5749 1888 5802; x_wconf 76' lang='grc' dir='ltr'><strong>εί</strong></span> <span class='ocrx_word' id='word_1_541' title='bbox 1913 5748 1999 5815; x_wconf 80' lang='grc' dir='ltr'><strong>τις</strong></span> 
     </span>
    </p>
   </div>
   <div class='ocr_carea' id='block_1_76' title="bbox 2116 1929 3688 2005">
    <p class='ocr_par' dir='ltr' id='par_1_76' title="bbox 2116 1929 3688 2005">
     <span class='ocr_line' id='line_1_76' title="bbox 2116 1929 3688 2005; baseline -0.002 -18"><span class='ocrx_word' id='word_1_542' title='bbox 2116 1931 2367 2005; x_wconf 85' lang='grc' dir='ltr'>θρώπων.</span> <span class='ocrx_word' id='word_1_543' title='bbox 2413 1933 2524 1985; x_wconf 77' lang='grc' dir='ltr'><strong>Καὶ</strong></span> <span class='ocrx_word' id='word_1_544' title='bbox 2570 1932 2696 1984; x_wconf 83' lang='grc' dir='ltr'>ὅταν</span> <span class='ocrx_word' id='word_1_545' title='bbox 2733 1929 2971 1985; x_wconf 84' lang='grc' dir='ltr'>κοπῶσιν</span> <span class='ocrx_word' id='word_1_546' title='bbox 3012 1931 3068 1983; x_wconf 69' lang='lat' dir='ltr'><strong>at</strong></span> <span class='ocrx_word' id='word_1_547' title='bbox 3126 1930 3271 2002; x_wconf 77' lang='grc' dir='ltr'>ῥίζαι</span> <span class='ocrx_word' id='word_1_548' title='bbox 3322 1930 3526 1995; x_wconf 83' lang='grc' dir='ltr'>αὐτῶν,</span> <span class='ocrx_word' id='word_1_549' title='bbox 3564 1930 3688 1984; x_wconf 84' lang='grc' dir='ltr'>τότε</span> 
     </span>
    </p>
   </div>
   <div class='ocr_carea' id='block_1_77' title="bbox 2114 2022 3686 2096">
    <p class='ocr_par' dir='ltr' id='par_1_77' title="bbox 2114 2022 3686 2096">
     <span class='ocr_line' id='line_1_77' title="bbox 2114 2022 3686 2096; baseline 0 -18"><span class='ocrx_word' id='word_1_550' title='bbox 2114 2027 2339 2096; x_wconf 80' lang='grc' dir='ltr'>ἄρχεται</span> <span class='ocrx_word' id='word_1_551' title='bbox 2383 2024 2569 2095; x_wconf 87' lang='grc' dir='ltr'>λοιμὸς</span> <span class='ocrx_word' id='word_1_552' title='bbox 2599 2024 2862 2093; x_wconf 88' lang='grc' dir='ltr'>γίνεσθαι,</span> <span class='ocrx_word' id='word_1_553' title='bbox 2899 2025 2992 2076; x_wconf 77' lang='grc' dir='ltr'><strong>καὶ</strong></span> <span class='ocrx_word' id='word_1_554' title='bbox 3026 2022 3197 2088; x_wconf 75' lang='grc' dir='ltr'>οὕτως</span> <span class='ocrx_word' id='word_1_555' title='bbox 3234 2023 3686 2094; x_wconf 83' lang='grc' dir='ltr'>ἀποθνήσκουσιν.</span> 
     </span>
    </p>
   </div>
   <div class='ocr_carea' id='block_1_78' title="bbox 2127 2114 3688 2187">
    <p class='ocr_par' dir='ltr' id='par_1_78' title="bbox 2127 2114 3688 2187">
     <span class='ocr_line' id='line_1_78' title="bbox 2127 2114 3688 2187; baseline -0.001 -18"><span class='ocrx_word' id='word_1_556' title='bbox 2127 2116 2252 2169; x_wconf 79' lang='grc' dir='ltr'><strong>Ἐὰν</strong></span> <span class='ocrx_word' id='word_1_557' title='bbox 2287 2116 2342 2169; x_wconf 87' lang='grc' dir='ltr'><strong>δὲ</strong></span> <span class='ocrx_word' id='word_1_558' title='bbox 2392 2115 2458 2168; x_wconf 91' lang='grc' dir='ltr'><strong>τά</strong></span> <span class='ocrx_word' id='word_1_559' title='bbox 2505 2115 2618 2169; x_wconf 84' lang='grc' dir='ltr'>ἄνω</span> <span class='ocrx_word' id='word_1_560' title='bbox 2662 2114 2761 2185; x_wconf 82' lang='grc' dir='ltr'><strong>τῆς</strong></span> <span class='ocrx_word' id='word_1_561' title='bbox 2810 2116 2965 2187; x_wconf 78' lang='grc' dir='ltr'>ῥίζης</span> <span class='ocrx_word' id='word_1_562' title='bbox 2998 2114 3143 2184; x_wconf 83' lang='grc' dir='ltr'>πόνῳ</span> <span class='ocrx_word' id='word_1_563' title='bbox 3186 2114 3439 2187; x_wconf 77' lang='grc' dir='ltr'>σαλεύσῃ,</span> <span class='ocrx_word' id='word_1_564' title='bbox 3468 2114 3688 2185; x_wconf 79' lang='grc' dir='ltr'>σεισμὸς</span> 
     </span>
    </p>
   </div>
   <div class='ocr_carea' id='block_1_79' title="bbox 2114 2205 3688 2277">
    <p class='ocr_par' dir='ltr' id='par_1_79' title="bbox 2114 2205 3688 2277">
     <span class='ocr_line' id='line_1_79' title="bbox 2114 2205 3688 2277; baseline 0.001 -19"><span class='ocrx_word' id='word_1_565' title='bbox 2114 2207 2356 2276; x_wconf 87' lang='grc' dir='ltr'>γίγνεταί</span> <span class='ocrx_word' id='word_1_566' title='bbox 2386 2225 2445 2261; x_wconf 90' lang='grc' dir='ltr'><strong>τε</strong></span> <span class='ocrx_word' id='word_1_567' title='bbox 2478 2208 2570 2260; x_wconf 72' lang='grc' dir='ltr'><strong>καὶ</strong></span> <span class='ocrx_word' id='word_1_568' title='bbox 2609 2206 2983 2271; x_wconf 76' lang='grc' dir='ltr'>ἐπακολουθεῖ,</span> <span class='ocrx_word' id='word_1_569' title='bbox 3015 2206 3437 2277; x_wconf 84' lang='grc' dir='ltr'>συγκινουμένου</span> <span class='ocrx_word' id='word_1_570' title='bbox 3466 2206 3564 2277; x_wconf 78' lang='grc' dir='ltr'>μὲν</span> <span class='ocrx_word' id='word_1_571' title='bbox 3591 2205 3688 2260; x_wconf 83' lang='grc' dir='ltr'><strong>τοῦ</strong></span> 
     </span>
    </p>
   </div>
   <div class='ocr_carea' id='block_1_80' title="bbox 2128 2298 3263 2371">
    <p class='ocr_par' dir='ltr' id='par_1_80' title="bbox 2128 2298 3263 2371">
     <span class='ocr_line' id='line_1_80' title="bbox 2128 2298 3263 2371; baseline 0.002 -20"><span class='ocrx_word' id='word_1_572' title='bbox 2128 2298 2443 2370; x_wconf 84' lang='grc' dir='ltr'>Ὠμοφόρου.</span> <span class='ocrx_word' id='word_1_573' title='bbox 2473 2298 2619 2371; x_wconf 79' lang='grc' dir='ltr'>Αὕτη</span> <span class='ocrx_word' id='word_1_574' title='bbox 2649 2302 2683 2371; x_wconf 81' lang='grc' dir='ltr'><strong>ἡ</strong></span> <span class='ocrx_word' id='word_1_575' title='bbox 2715 2300 2861 2354; x_wconf 88' lang='grc' dir='ltr'>αἰτία</span> <span class='ocrx_word' id='word_1_576' title='bbox 2888 2299 2980 2353; x_wconf 89' lang='grc' dir='ltr'><strong>τοῦ</strong></span> <span class='ocrx_word' id='word_1_577' title='bbox 3012 2299 3263 2353; x_wconf 83' lang='grc' dir='ltr'>θανάτου.</span> 
     </span>
    </p>
   </div>
   <div class='ocr_carea' id='block_1_81' title="bbox 2182 2476 3685 2547">
    <p class='ocr_par' dir='ltr' id='par_1_81' title="bbox 2182 2476 3685 2547">
     <span class='ocr_line' id='line_1_81' title="bbox 2182 2476 3685 2547; baseline 0.002 -17"><span class='ocrx_word' id='word_1_578' title='bbox 2182 2478 2316 2531; x_wconf 87' lang='lat' dir='ltr'><strong>KH&#39;.</strong></span> <span class='ocrx_word' id='word_1_579' title='bbox 2351 2477 2492 2547; x_wconf 86' lang='grc' dir='ltr'>Ἐρῶ</span> <span class='ocrx_word' id='word_1_580' title='bbox 2541 2476 2596 2530; x_wconf 87' lang='grc' dir='ltr'><strong>δὲ</strong></span> <span class='ocrx_word' id='word_1_581' title='bbox 2642 2478 2768 2547; x_wconf 80' lang='grc' dir='ltr'>ὑμῖν</span> <span class='ocrx_word' id='word_1_582' title='bbox 2809 2477 2902 2530; x_wconf 73' lang='grc' dir='ltr'><strong>καὶ</strong></span> <span class='ocrx_word' id='word_1_583' title='bbox 2947 2477 3122 2539; x_wconf 85' lang='grc' dir='ltr'>τοῦτο,</span> <span class='ocrx_word' id='word_1_584' title='bbox 3157 2478 3275 2541; x_wconf 85' lang='grc' dir='ltr'><strong>πῶς</strong></span> <span class='ocrx_word' id='word_1_585' title='bbox 3300 2476 3685 2547; x_wconf 79' lang='grc' dir='ltr'>μεταγγίζεται</span> 
     </span>
    </p>
   </div>
   <div class='ocr_carea' id='block_1_82' title="bbox 2114 2563 3684 2639">
    <p class='ocr_par' dir='ltr' id='par_1_82' title="bbox 2114 2563 3684 2639">
     <span class='ocr_line' id='line_1_82' title="bbox 2114 2563 3684 2639; baseline -0.002 -21"><span class='ocrx_word' id='word_1_586' title='bbox 2114 2570 2148 2639; x_wconf 75' lang='grc' dir='ltr'><strong>ἡ</strong></span> <span class='ocrx_word' id='word_1_587' title='bbox 2179 2566 2324 2636; x_wconf 81' lang='grc' dir='ltr'>ψυχὴ</span> <span class='ocrx_word' id='word_1_588' title='bbox 2356 2567 2436 2629; x_wconf 87' lang='grc' dir='ltr'><strong>είς</strong></span> <span class='ocrx_word' id='word_1_589' title='bbox 2463 2565 2624 2619; x_wconf 83' lang='grc' dir='ltr'>πέντε</span> <span class='ocrx_word' id='word_1_590' title='bbox 2656 2563 2902 2635; x_wconf 90' lang='grc' dir='ltr'>σώματα.</span> <span class='ocrx_word' id='word_1_591' title='bbox 2942 2563 3163 2635; x_wconf 84' lang='grc' dir='ltr'>Πρῶτον</span> <span class='ocrx_word' id='word_1_592' title='bbox 3206 2563 3555 2635; x_wconf 76' lang='grc' dir='ltr'>καθαρίζεται</span> <span class='ocrx_word' id='word_1_593' title='bbox 3592 2580 3684 2634; x_wconf 86' lang='grc' dir='ltr'>μι-</span> 
     </span>
    </p>
   </div>
   <div class='ocr_carea' id='block_1_83' title="bbox 2112 2650 3682 2729">
    <p class='ocr_par' dir='ltr' id='par_1_83' title="bbox 2112 2650 3682 2729">
     <span class='ocr_line' id='line_1_83' title="bbox 2112 2650 3682 2729; baseline -0.001 -19"><span class='ocrx_word' id='word_1_594' title='bbox 2112 2658 2244 2729; x_wconf 86' lang='grc' dir='ltr'>κρόν</span> <span class='ocrx_word' id='word_1_595' title='bbox 2291 2674 2343 2709; x_wconf 92' lang='grc' dir='ltr'><strong>τι</strong></span> <span class='ocrx_word' id='word_1_596' title='bbox 2388 2656 2481 2710; x_wconf 89' lang='grc' dir='ltr'>ἀπ’</span> <span class='ocrx_word' id='word_1_597' title='bbox 2507 2655 2703 2726; x_wconf 68' lang='grc' dir='ltr'>αὐτῆς·</span> <span class='ocrx_word' id='word_1_598' title='bbox 2748 2650 2866 2708; x_wconf 74' lang='grc' dir='ltr'>εἶτα</span> <span class='ocrx_word' id='word_1_599' title='bbox 2902 2654 3284 2723; x_wconf 76' lang='grc' dir='ltr'>μεταγγίζεται</span> <span class='ocrx_word' id='word_1_600' title='bbox 3326 2657 3406 2718; x_wconf 86' lang='grc' dir='ltr'><strong>είς</strong></span> <span class='ocrx_word' id='word_1_601' title='bbox 3439 2655 3617 2720; x_wconf 79' lang='grc' dir='ltr'>κυνὸς,</span> <span class='ocrx_word' id='word_1_602' title='bbox 3646 2654 3682 2726; x_wconf 68' lang='grc' dir='ltr'><strong>ἢ</strong></span> 
     </span>
    </p>
   </div>
   <div class='ocr_carea' id='block_1_84' title="bbox 2112 2742 3686 2818">
    <p class='ocr_par' dir='ltr' id='par_1_84' title="bbox 2112 2742 3686 2818">
     <span class='ocr_line' id='line_1_84' title="bbox 2112 2742 3686 2818; baseline -0.001 -17"><span class='ocrx_word' id='word_1_603' title='bbox 2112 2751 2191 2812; x_wconf 86' lang='grc' dir='ltr'><strong>είς</strong></span> <span class='ocrx_word' id='word_1_604' title='bbox 2223 2747 2490 2818; x_wconf 85' lang='grc' dir='ltr'>καμήλου,</span> <span class='ocrx_word' id='word_1_605' title='bbox 2523 2746 2555 2817; x_wconf 76' lang='grc' dir='ltr'>ἢ</span> <span class='ocrx_word' id='word_1_606' title='bbox 2586 2748 2666 2810; x_wconf 80' lang='grc' dir='ltr'>εἰς</span> <span class='ocrx_word' id='word_1_607' title='bbox 2692 2748 2877 2818; x_wconf 82' lang='grc' dir='ltr'>ἑτέρου</span> <span class='ocrx_word' id='word_1_608' title='bbox 2912 2745 3049 2810; x_wconf 79' lang='grc' dir='ltr'>ζώου</span> <span class='ocrx_word' id='word_1_609' title='bbox 3079 2746 3255 2817; x_wconf 81' lang='grc' dir='ltr'>σῶμα.</span> <span class='ocrx_word' id='word_1_610' title='bbox 3297 2747 3421 2801; x_wconf 79' lang='grc' dir='ltr'><strong>Ἐὰν</strong></span> <span class='ocrx_word' id='word_1_611' title='bbox 3445 2742 3558 2818; x_wconf 77' lang='grc' dir='ltr'><strong>δὲῇ</strong></span> <span class='ocrx_word' id='word_1_612' title='bbox 3587 2762 3686 2799; x_wconf 83' lang='grc' dir='ltr'>πε-</span> 
     </span>
    </p>
   </div>
   <div class='ocr_carea' id='block_1_85' title="bbox 2111 2836 3681 2908">
    <p class='ocr_par' dir='ltr' id='par_1_85' title="bbox 2111 2836 3681 2908">
     <span class='ocr_line' id='line_1_85' title="bbox 2111 2836 3681 2908; baseline 0 -18"><span class='ocrx_word' id='word_1_613' title='bbox 2111 2840 2402 2906; x_wconf 82' lang='grc' dir='ltr'>φονευκυῖα</span> <span class='ocrx_word' id='word_1_614' title='bbox 2446 2836 2612 2908; x_wconf 79' lang='grc' dir='ltr'>ψυχὴ,</span> <span class='ocrx_word' id='word_1_615' title='bbox 2664 2839 2741 2901; x_wconf 90' lang='grc' dir='ltr'>εἰς</span> <span class='ocrx_word' id='word_1_616' title='bbox 2790 2836 3031 2906; x_wconf 86' lang='grc' dir='ltr'>κελεφῶν</span> <span class='ocrx_word' id='word_1_617' title='bbox 3079 2836 3237 2906; x_wconf 86' lang='grc' dir='ltr'>σῶμα</span> <span class='ocrx_word' id='word_1_618' title='bbox 3284 2836 3681 2908; x_wconf 78' lang='grc' dir='ltr'>μεταφέρεταιο</span> 
     </span>
    </p>
   </div>
   <div class='ocr_carea' id='block_1_86' title="bbox 2110 2927 3679 3001">
    <p class='ocr_par' dir='ltr' id='par_1_86' title="bbox 2110 2927 3679 3001">
     <span class='ocr_line' id='line_1_86' title="bbox 2110 2927 3679 3001; baseline -0.002 -19"><span class='ocrx_word' id='word_1_619' title='bbox 2110 2928 2205 2983; x_wconf 77' lang='grc' dir='ltr'><strong>ἐὰν</strong></span> <span class='ocrx_word' id='word_1_620' title='bbox 2234 2929 2291 2983; x_wconf 83' lang='grc' dir='ltr'><strong>δὲ</strong></span> <span class='ocrx_word' id='word_1_621' title='bbox 2317 2928 2579 3001; x_wconf 89' lang='grc' dir='ltr'>θερίσασα</span> <span class='ocrx_word' id='word_1_622' title='bbox 2606 2929 2826 3001; x_wconf 82' lang='grc' dir='ltr'>εὑρεθῇ,</span> <span class='ocrx_word' id='word_1_623' title='bbox 2856 2931 2935 2993; x_wconf 88' lang='grc' dir='ltr'><strong>είς</strong></span> <span class='ocrx_word' id='word_1_624' title='bbox 2966 2928 3305 3000; x_wconf 86' lang='grc' dir='ltr'>μογιλάλους.</span> <span class='ocrx_word' id='word_1_625' title='bbox 3340 2927 3453 2998; x_wconf 81' lang='grc' dir='ltr'><strong>Τῆς</strong></span> <span class='ocrx_word' id='word_1_626' title='bbox 3483 2927 3539 2980; x_wconf 81' lang='grc' dir='ltr'><strong>δὲ</strong></span> <span class='ocrx_word' id='word_1_627' title='bbox 3575 2928 3679 2998; x_wconf 75' lang='grc' dir='ltr'><strong>ψυ-</strong></span> 
     </span>
    </p>
   </div>
   <div class='ocr_carea' id='block_1_87' title="bbox 2110 3019 3680 3092">
    <p class='ocr_par' dir='ltr' id='par_1_87' title="bbox 2110 3019 3680 3092">
     <span class='ocr_line' id='line_1_87' title="bbox 2110 3019 3680 3092; baseline -0.001 -17"><span class='ocrx_word' id='word_1_628' title='bbox 2110 3021 2211 3092; x_wconf 86' lang='grc' dir='ltr'>χῆς</span> <span class='ocrx_word' id='word_1_629' title='bbox 2239 3024 2354 3075; x_wconf 76' lang='grc' dir='ltr'>ἐστι</span> <span class='ocrx_word' id='word_1_630' title='bbox 2384 3020 2454 3074; x_wconf 89' lang='grc' dir='ltr'><strong>τά</strong></span> <span class='ocrx_word' id='word_1_631' title='bbox 2484 3020 2722 3092; x_wconf 84' lang='grc' dir='ltr'>ὀνόματα</span> <span class='ocrx_word' id='word_1_632' title='bbox 2752 3020 2924 3074; x_wconf 88' lang='grc' dir='ltr'>ταῦτα</span> <span class='ocrx_word' id='word_1_633' title='bbox 2942 3019 3122 3086; x_wconf 68' lang='grc' dir='ltr'>’νοῦς,</span> <span class='ocrx_word' id='word_1_634' title='bbox 3165 3019 3364 3085; x_wconf 80' lang='grc' dir='ltr'>ἔννοια,</span> <span class='ocrx_word' id='word_1_635' title='bbox 3400 3022 3680 3091; x_wconf 86' lang='grc' dir='ltr'>φρόνησις,</span> 
     </span>
    </p>
   </div>
   <div class='ocr_carea' id='block_1_88' title="bbox 2110 3111 3682 3186">
    <p class='ocr_par' dir='ltr' id='par_1_88' title="bbox 2110 3111 3682 3186">
     <span class='ocr_line' id='line_1_88' title="bbox 2110 3111 3682 3186; baseline -0.002 -19"><span class='ocrx_word' id='word_1_636' title='bbox 2110 3113 2427 3186; x_wconf 82' lang='grc' dir='ltr'>ὲνθύμησις,</span> <span class='ocrx_word' id='word_1_637' title='bbox 2469 3112 2747 3184; x_wconf 87' lang='grc' dir='ltr'>λογισμός.</span> <span class='ocrx_word' id='word_1_638' title='bbox 2781 3112 2843 3165; x_wconf 85' lang='grc' dir='ltr'>Οί</span> <span class='ocrx_word' id='word_1_639' title='bbox 2895 3112 2952 3165; x_wconf 86' lang='grc' dir='ltr'><strong>δὲ</strong></span> <span class='ocrx_word' id='word_1_640' title='bbox 2986 3112 3252 3183; x_wconf 75' lang='grc' dir='ltr'>θερισταὶ,</span> <span class='ocrx_word' id='word_1_641' title='bbox 3284 3113 3398 3165; x_wconf 86' lang='grc' dir='ltr'>ὅσοι</span> <span class='ocrx_word' id='word_1_642' title='bbox 3438 3111 3682 3183; x_wconf 78' lang='grc' dir='ltr'>θερίζου·</span> 
     </span>
    </p>
   </div>
   <div class='ocr_carea' id='block_1_89' title="bbox 2116 3198 3682 3275">
    <p class='ocr_par' dir='ltr' id='par_1_89' title="bbox 2116 3198 3682 3275">
     <span class='ocr_line' id='line_1_89' title="bbox 2116 3198 3682 3275; baseline -0.003 -16"><span class='ocrx_word' id='word_1_643' title='bbox 2116 3210 2220 3270; x_wconf 57' lang='lat' dir='ltr'><strong>cui,</strong></span> <span class='ocrx_word' id='word_1_644' title='bbox 2273 3207 2483 3259; x_wconf 76' lang='grc' dir='ltr'>ἐοίκασι</span> <span class='ocrx_word' id='word_1_645' title='bbox 2528 3207 2641 3269; x_wconf 86' lang='grc' dir='ltr'>τοῖς</span> <span class='ocrx_word' id='word_1_646' title='bbox 2690 3204 2917 3275; x_wconf 77' lang='grc' dir='ltr'>ἄρχουσι</span> <span class='ocrx_word' id='word_1_647' title='bbox 2965 3206 3078 3266; x_wconf 85' lang='grc' dir='ltr'>τοῖς</span> <span class='ocrx_word' id='word_1_648' title='bbox 3119 3203 3371 3274; x_wconf 84' lang='grc' dir='ltr'>ἀπαρχῆς</span> <span class='ocrx_word' id='word_1_649' title='bbox 3403 3198 3552 3257; x_wconf 80' lang='grc' dir='ltr'>οὖσιν</span> <span class='ocrx_word' id='word_1_650' title='bbox 3602 3203 3682 3265; x_wconf 85' lang='grc' dir='ltr'><strong>είς</strong></span> 
     </span>
    </p>
   </div>
   <div class='ocr_carea' id='block_1_90' title="bbox 2116 3292 3679 3366">
    <p class='ocr_par' dir='ltr' id='par_1_90' title="bbox 2116 3292 3679 3366">
     <span class='ocr_line' id='line_1_90' title="bbox 2116 3292 3679 3366; baseline -0.003 -15"><span class='ocrx_word' id='word_1_651' title='bbox 2116 3298 2325 3360; x_wconf 86' lang='grc' dir='ltr'>σκότος,</span> <span class='ocrx_word' id='word_1_652' title='bbox 2357 3298 2444 3351; x_wconf 83' lang='grc' dir='ltr'>ὅτε</span> <span class='ocrx_word' id='word_1_653' title='bbox 2481 3296 2681 3366; x_wconf 73' lang='grc' dir='ltr'>ἔφαγον</span> <span class='ocrx_word' id='word_1_654' title='bbox 2731 3296 2794 3347; x_wconf 85' lang='grc' dir='ltr'>ὲκ</span> <span class='ocrx_word' id='word_1_655' title='bbox 2842 3294 2943 3363; x_wconf 77' lang='grc' dir='ltr'>τῆς</span> <span class='ocrx_word' id='word_1_656' title='bbox 2981 3292 3074 3346; x_wconf 86' lang='grc' dir='ltr'><strong>τοῦ</strong></span> <span class='ocrx_word' id='word_1_657' title='bbox 3126 3292 3343 3364; x_wconf 85' lang='grc' dir='ltr'>πρώτου</span> <span class='ocrx_word' id='word_1_658' title='bbox 3393 3292 3679 3364; x_wconf 86' lang='grc' dir='ltr'>ἀνθρώπου</span> 
     </span>
    </p>
   </div>
   <div class='ocr_carea' id='block_1_91' title="bbox 2113 3384 3681 3458">
    <p class='ocr_par' dir='ltr' id='par_1_91' title="bbox 2113 3384 3681 3458">
     <span class='ocr_line' id='line_1_91' title="bbox 2113 3384 3681 3458; baseline -0.003 -15"><span class='ocrx_word' id='word_1_659' title='bbox 2113 3389 2430 3453; x_wconf 86' lang='grc' dir='ltr'>πανοπλίας.</span> <span class='ocrx_word' id='word_1_660' title='bbox 2479 3389 2571 3442; x_wconf 80' lang='grc' dir='ltr'>Διὸ</span> <span class='ocrx_word' id='word_1_661' title='bbox 2621 3388 2833 3458; x_wconf 78' lang='grc' dir='ltr'><strong>ἀνάγκη</strong></span> <span class='ocrx_word' id='word_1_662' title='bbox 2880 3389 3077 3452; x_wconf 84' lang='grc' dir='ltr'>αὐτοὺς</span> <span class='ocrx_word' id='word_1_663' title='bbox 3133 3384 3557 3458; x_wconf 82' lang='grc' dir='ltr'>μεταγγισθῆναι</span> <span class='ocrx_word' id='word_1_664' title='bbox 3601 3388 3681 3450; x_wconf 86' lang='grc' dir='ltr'><strong>είς</strong></span> 
     </span>
    </p>
   </div>
   <div class='ocr_carea' id='block_1_92' title="bbox 2114 3476 3680 3552">
    <p class='ocr_par' dir='ltr' id='par_1_92' title="bbox 2114 3476 3680 3552">
     <span class='ocr_line' id='line_1_92' title="bbox 2114 3476 3680 3552; baseline -0.003 -20"><span class='ocrx_word' id='word_1_665' title='bbox 2114 3480 2323 3552; x_wconf 83' lang='grc' dir='ltr'>χόρτον,</span> <span class='ocrx_word' id='word_1_666' title='bbox 2372 3480 2406 3551; x_wconf 82' lang='grc' dir='ltr'>ἢ</span> <span class='ocrx_word' id='word_1_667' title='bbox 2456 3480 2535 3543; x_wconf 89' lang='grc' dir='ltr'><strong>είς</strong></span> <span class='ocrx_word' id='word_1_668' title='bbox 2592 3478 2848 3548; x_wconf 76' lang='grc' dir='ltr'>φασήλια,</span> <span class='ocrx_word' id='word_1_669' title='bbox 2898 3478 2931 3549; x_wconf 83' lang='grc' dir='ltr'>ἢ</span> <span class='ocrx_word' id='word_1_670' title='bbox 2984 3480 3063 3542; x_wconf 85' lang='grc' dir='ltr'><strong>είς</strong></span> <span class='ocrx_word' id='word_1_671' title='bbox 3116 3476 3328 3549; x_wconf 82' lang='grc' dir='ltr'>κριθὴν,</span> <span class='ocrx_word' id='word_1_672' title='bbox 3369 3476 3515 3547; x_wconf 57' lang='lat' dir='ltr'><strong>ﬁsi;</strong></span> <span class='ocrx_word' id='word_1_673' title='bbox 3549 3476 3680 3529; x_wconf 84' lang='grc' dir='ltr'>στά-</span> 
     </span>
    </p>
   </div>
   <div class='ocr_carea' id='block_1_93' title="bbox 2111 3565 3681 3641">
    <p class='ocr_par' dir='ltr' id='par_1_93' title="bbox 2111 3565 3681 3641">
     <span class='ocr_line' id='line_1_93' title="bbox 2111 3565 3681 3641; baseline -0.003 -18"><span class='ocrx_word' id='word_1_674' title='bbox 2111 3570 2291 3641; x_wconf 84' lang='grc' dir='ltr'>χυν,ἢ</span> <span class='ocrx_word' id='word_1_675' title='bbox 2328 3572 2406 3633; x_wconf 87' lang='grc' dir='ltr'><strong>είς</strong></span> <span class='ocrx_word' id='word_1_676' title='bbox 2447 3570 2669 3640; x_wconf 82' lang='grc' dir='ltr'>λάχανα,</span> <span class='ocrx_word' id='word_1_677' title='bbox 2711 3570 2795 3623; x_wconf 77' lang='grc' dir='ltr'><strong>ἵνα</strong></span> <span class='ocrx_word' id='word_1_678' title='bbox 2832 3569 3120 3639; x_wconf 86' lang='grc' dir='ltr'>θερισθῶσι</span> <span class='ocrx_word' id='word_1_679' title='bbox 3155 3570 3247 3622; x_wconf 76' lang='grc' dir='ltr'>καὶ</span> <span class='ocrx_word' id='word_1_680' title='bbox 3288 3566 3515 3621; x_wconf 83' lang='grc' dir='ltr'>κοπῶσι.</span> <span class='ocrx_word' id='word_1_681' title='bbox 3569 3565 3681 3620; x_wconf 78' lang='grc' dir='ltr'><strong>Καὶ</strong></span> 
     </span>
    </p>
   </div>
   <div class='ocr_carea' id='block_1_94' title="bbox 2112 3655 3680 3731">
    <p class='ocr_par' dir='ltr' id='par_1_94' title="bbox 2112 3655 3680 3731">
     <span class='ocr_line' id='line_1_94' title="bbox 2112 3655 3680 3731; baseline -0.003 -17"><span class='ocrx_word' id='word_1_682' title='bbox 2112 3662 2166 3714; x_wconf 79' lang='grc' dir='ltr'><strong>εί</strong></span> <span class='ocrx_word' id='word_1_683' title='bbox 2214 3678 2298 3724; x_wconf 90' lang='grc' dir='ltr'><strong>τις</strong></span> <span class='ocrx_word' id='word_1_684' title='bbox 2327 3661 2487 3714; x_wconf 77' lang='grc' dir='ltr'>πάλιν</span> <span class='ocrx_word' id='word_1_685' title='bbox 2515 3659 2684 3713; x_wconf 73' lang='grc' dir='ltr'>ἐσθίει</span> <span class='ocrx_word' id='word_1_686' title='bbox 2712 3660 2894 3731; x_wconf 83' lang='grc' dir='ltr'>ἀρτον,</span> <span class='ocrx_word' id='word_1_687' title='bbox 2940 3660 3153 3731; x_wconf 84' lang='grc' dir='ltr'>ἀνάγκη</span> <span class='ocrx_word' id='word_1_688' title='bbox 3194 3659 3289 3712; x_wconf 81' lang='grc' dir='ltr'>καὶ</span> <span class='ocrx_word' id='word_1_689' title='bbox 3338 3657 3500 3711; x_wconf 78' lang='grc' dir='ltr'>αὑτὸν</span> <span class='ocrx_word' id='word_1_690' title='bbox 3540 3655 3680 3728; x_wconf 80' lang='grc' dir='ltr'>βρω-</span> 
     </span>
    </p>
   </div>
   <div class='ocr_carea' id='block_1_95' title="bbox 2111 3748 3677 3823">
    <p class='ocr_par' dir='ltr' id='par_1_95' title="bbox 2111 3748 3677 3823">
     <span class='ocr_line' id='line_1_95' title="bbox 2111 3748 3677 3823; baseline -0.003 -18"><span class='ocrx_word' id='word_1_691' title='bbox 2111 3750 2271 3823; x_wconf 82' lang='grc' dir='ltr'>θῆναι</span> <span class='ocrx_word' id='word_1_692' title='bbox 2313 3751 2476 3823; x_wconf 81' lang='grc' dir='ltr'>ἀρτον</span> <span class='ocrx_word' id='word_1_693' title='bbox 2518 3752 2824 3821; x_wconf 87' lang='grc' dir='ltr'>γενόμενον.</span> <span class='ocrx_word' id='word_1_694' title='bbox 2880 3750 2950 3804; x_wconf 81' lang='grc' dir='ltr'><strong>Εἴ</strong></span> <span class='ocrx_word' id='word_1_695' title='bbox 3001 3768 3085 3814; x_wconf 87' lang='grc' dir='ltr'><strong>τις</strong></span> <span class='ocrx_word' id='word_1_696' title='bbox 3132 3751 3376 3819; x_wconf 82' lang='grc' dir='ltr'>φονεύσει</span> <span class='ocrx_word' id='word_1_697' title='bbox 3424 3748 3677 3819; x_wconf 83' lang='grc' dir='ltr'>ὀρνίθιον,</span> 
     </span>
    </p>
   </div>
   <div class='ocr_carea' id='block_1_96' title="bbox 2110 3841 3677 3915">
    <p class='ocr_par' dir='ltr' id='par_1_96' title="bbox 2110 3841 3677 3915">
     <span class='ocr_line' id='line_1_96' title="bbox 2110 3841 3677 3915; baseline -0.001 -19"><span class='ocrx_word' id='word_1_698' title='bbox 2110 3842 2338 3915; x_wconf 87' lang='grc' dir='ltr'>ὀρνίθιον</span> <span class='ocrx_word' id='word_1_699' title='bbox 2366 3843 2537 3897; x_wconf 76' lang='grc' dir='ltr'>ἔσται.</span> <span class='ocrx_word' id='word_1_700' title='bbox 2586 3845 2653 3896; x_wconf 85' lang='lat' dir='ltr'><strong>EI’</strong></span> <span class='ocrx_word' id='word_1_701' title='bbox 2690 3860 2773 3907; x_wconf 88' lang='grc' dir='ltr'><strong>τις</strong></span> <span class='ocrx_word' id='word_1_702' title='bbox 2820 3842 3066 3912; x_wconf 86' lang='grc' dir='ltr'>φονεύσει</span> <span class='ocrx_word' id='word_1_703' title='bbox 3095 3842 3219 3913; x_wconf 88' lang='grc' dir='ltr'>μῦν,</span> <span class='ocrx_word' id='word_1_704' title='bbox 3254 3844 3348 3896; x_wconf 80' lang='grc' dir='ltr'>καὶ</span> <span class='ocrx_word' id='word_1_705' title='bbox 3382 3842 3542 3906; x_wconf 79' lang='grc' dir='ltr'>αὐτὸς</span> <span class='ocrx_word' id='word_1_706' title='bbox 3573 3841 3677 3913; x_wconf 90' lang='grc' dir='ltr'><strong>μῦς</strong></span> 
     </span>
    </p>
   </div>
   <div class='ocr_carea' id='block_1_97' title="bbox 2110 3933 3678 4005">
    <p class='ocr_par' dir='ltr' id='par_1_97' title="bbox 2110 3933 3678 4005">
     <span class='ocr_line' id='line_1_97' title="bbox 2110 3933 3678 4005; baseline -0.002 -16"><span class='ocrx_word' id='word_1_707' title='bbox 2110 3936 2278 3994; x_wconf 71' lang='grc' dir='ltr'>ἔσται.</span> <span class='ocrx_word' id='word_1_708' title='bbox 2314 3935 2381 3989; x_wconf 70' lang='lat' dir='ltr'><strong>EI</strong></span> <span class='ocrx_word' id='word_1_709' title='bbox 2404 3952 2487 3999; x_wconf 88' lang='grc' dir='ltr'><strong>τις</strong></span> <span class='ocrx_word' id='word_1_710' title='bbox 2527 3935 2688 3990; x_wconf 85' lang='grc' dir='ltr'>πάλιν</span> <span class='ocrx_word' id='word_1_711' title='bbox 2729 3934 2845 3987; x_wconf 76' lang='grc' dir='ltr'>ἐστὶ</span> <span class='ocrx_word' id='word_1_712' title='bbox 2888 3934 3141 3996; x_wconf 87' lang='grc' dir='ltr'>πλούσιος</span> <span class='ocrx_word' id='word_1_713' title='bbox 3188 3937 3244 3987; x_wconf 83' lang='grc' dir='ltr'>ὲν</span> <span class='ocrx_word' id='word_1_714' title='bbox 3283 3934 3455 4005; x_wconf 85' lang='grc' dir='ltr'>τούτῳ</span> <span class='ocrx_word' id='word_1_715' title='bbox 3477 3933 3554 4004; x_wconf 83' lang='grc' dir='ltr'>τῷ</span> <span class='ocrx_word' id='word_1_716' title='bbox 3586 3933 3678 3987; x_wconf 88' lang='grc' dir='ltr'>κό-</span> 
     </span>
    </p>
   </div>
   <div class='ocr_carea' id='block_1_98' title="bbox 2111 4023 3675 4098">
    <p class='ocr_par' dir='ltr' id='par_1_98' title="bbox 2111 4023 3675 4098">
     <span class='ocr_line' id='line_1_98' title="bbox 2111 4023 3675 4098; baseline -0.002 -18"><span class='ocrx_word' id='word_1_717' title='bbox 2111 4044 2253 4098; x_wconf 87' lang='grc' dir='ltr'>σμῳ,</span> <span class='ocrx_word' id='word_1_718' title='bbox 2305 4028 2401 4080; x_wconf 75' lang='grc' dir='ltr'>καὶ</span> <span class='ocrx_word' id='word_1_719' title='bbox 2448 4026 2542 4079; x_wconf 77' lang='grc' dir='ltr'><strong>ἐὰν</strong></span> <span class='ocrx_word' id='word_1_720' title='bbox 2579 4024 2769 4097; x_wconf 76' lang='grc' dir='ltr'>ἐξέλθῃ</span> <span class='ocrx_word' id='word_1_721' title='bbox 2829 4026 2892 4078; x_wconf 83' lang='grc' dir='ltr'>ὲκ</span> <span class='ocrx_word' id='word_1_722' title='bbox 2943 4024 3037 4077; x_wconf 90' lang='grc' dir='ltr'><strong>τοῦ</strong></span> <span class='ocrx_word' id='word_1_723' title='bbox 3094 4024 3443 4095; x_wconf 82' lang='grc' dir='ltr'>σκηνώματος</span> <span class='ocrx_word' id='word_1_724' title='bbox 3487 4023 3675 4087; x_wconf 84' lang='grc' dir='ltr'>αὐτοῦ,</span> 
     </span>
    </p>
   </div>
   <div class='ocr_carea' id='block_1_99' title="bbox 2109 4114 3679 4187">
    <p class='ocr_par' dir='ltr' id='par_1_99' title="bbox 2109 4114 3679 4187">
     <span class='ocr_line' id='line_1_99' title="bbox 2109 4114 3679 4187; baseline -0.003 -16"><span class='ocrx_word' id='word_1_725' title='bbox 2109 4118 2321 4187; x_wconf 84' lang='grc' dir='ltr'>ἀνάγκη</span> <span class='ocrx_word' id='word_1_726' title='bbox 2372 4114 2535 4170; x_wconf 79' lang='grc' dir='ltr'>αὑτὸν</span> <span class='ocrx_word' id='word_1_727' title='bbox 2597 4118 2676 4178; x_wconf 83' lang='grc' dir='ltr'><strong>είς</strong></span> <span class='ocrx_word' id='word_1_728' title='bbox 2732 4114 2946 4185; x_wconf 81' lang='grc' dir='ltr'>πτωχοῦ</span> <span class='ocrx_word' id='word_1_729' title='bbox 3009 4115 3170 4186; x_wconf 85' lang='grc' dir='ltr'>σῶμα</span> <span class='ocrx_word' id='word_1_730' title='bbox 3226 4114 3679 4185; x_wconf 83' lang='grc' dir='ltr'>μεταγγισθῆναι.</span> 
     </span>
    </p>
   </div>
   <div class='ocr_carea' id='block_1_100' title="bbox 2107 4204 3681 4279">
    <p class='ocr_par' dir='ltr' id='par_1_100' title="bbox 2107 4204 3681 4279">
     <span class='ocr_line' id='line_1_100' title="bbox 2107 4204 3681 4279; baseline -0.004 -17"><span class='ocrx_word' id='word_1_731' title='bbox 2107 4209 2244 4263; x_wconf 80' lang='grc' dir='ltr'>ὥστε</span> <span class='ocrx_word' id='word_1_732' title='bbox 2311 4207 2711 4279; x_wconf 86' lang='grc' dir='ltr'>περιπατοῦντα</span> <span class='ocrx_word' id='word_1_733' title='bbox 2779 4206 2940 4259; x_wconf 83' lang='grc' dir='ltr'>αὐτὸν</span> <span class='ocrx_word' id='word_1_734' title='bbox 2993 4206 3286 4277; x_wconf 82' lang='grc' dir='ltr'>ἐπαιτῆσαι</span> <span class='ocrx_word' id='word_1_735' title='bbox 3311 4246 3326 4267; x_wconf 88' lang='grc'><strong>,</strong></span> <span class='ocrx_word' id='word_1_736' title='bbox 3381 4204 3476 4259; x_wconf 77' lang='grc' dir='ltr'><strong>καὶ</strong></span> <span class='ocrx_word' id='word_1_737' title='bbox 3537 4205 3681 4275; x_wconf 58' lang='grc' dir='ltr'>μετὰ</span> 
     </span>
    </p>
   </div>
   <div class='ocr_carea' id='block_1_101' title="bbox 2108 4295 3671 4362">
    <p class='ocr_par' dir='ltr' id='par_1_101' title="bbox 2108 4295 3671 4362">
     <span class='ocr_line' id='line_1_101' title="bbox 2108 4295 3671 4362; baseline -0.003 -8"><span class='ocrx_word' id='word_1_738' title='bbox 2108 4301 2276 4354; x_wconf 89' lang='grc' dir='ltr'>ταῦτα</span> <span class='ocrx_word' id='word_1_739' title='bbox 2321 4299 2564 4353; x_wconf 86' lang='grc' dir='ltr'>ἀνελθεῖν</span> <span class='ocrx_word' id='word_1_740' title='bbox 2602 4298 2763 4353; x_wconf 81' lang='grc' dir='ltr'>αὐτὸν</span> <span class='ocrx_word' id='word_1_741' title='bbox 2810 4300 2891 4362; x_wconf 90' lang='grc' dir='ltr'><strong>είς</strong></span> <span class='ocrx_word' id='word_1_742' title='bbox 2934 4297 3151 4352; x_wconf 86' lang='grc' dir='ltr'>κόλασιν</span> <span class='ocrx_word' id='word_1_743' title='bbox 3188 4295 3424 4350; x_wconf 84' lang='grc' dir='ltr'>αἰώνιον.</span> <span class='ocrx_word' id='word_1_744' title='bbox 3467 4296 3574 4350; x_wconf 74' lang='grc' dir='ltr'><strong>Τοῦ</strong></span> <span class='ocrx_word' id='word_1_745' title='bbox 3613 4295 3671 4349; x_wconf 74' lang='grc' dir='ltr'><strong>δὲ</strong></span> 
     </span>
    </p>
   </div>
   <div class='ocr_carea' id='block_1_102' title="bbox 2109 4387 3672 4463">
    <p class='ocr_par' dir='ltr' id='par_1_102' title="bbox 2109 4387 3672 4463">
     <span class='ocr_line' id='line_1_102' title="bbox 2109 4387 3672 4463; baseline -0.004 -18"><span class='ocrx_word' id='word_1_746' title='bbox 2109 4391 2357 4463; x_wconf 87' lang='grc' dir='ltr'>σώματος</span> <span class='ocrx_word' id='word_1_747' title='bbox 2401 4392 2588 4445; x_wconf 86' lang='grc' dir='ltr'>τούτου</span> <span class='ocrx_word' id='word_1_748' title='bbox 2630 4391 2782 4453; x_wconf 77' lang='grc' dir='ltr'>ὄντος</span> <span class='ocrx_word' id='word_1_749' title='bbox 2812 4390 2919 4445; x_wconf 85' lang='grc' dir='ltr'><strong>τῶν</strong></span> <span class='ocrx_word' id='word_1_750' title='bbox 2959 4390 3232 4461; x_wconf 79' lang='grc' dir='ltr'>ἀρχόντων</span> <span class='ocrx_word' id='word_1_751' title='bbox 3261 4389 3353 4442; x_wconf 76' lang='grc' dir='ltr'><strong>καὶ</strong></span> <span class='ocrx_word' id='word_1_752' title='bbox 3391 4387 3491 4457; x_wconf 80' lang='grc' dir='ltr'>τῆς</span> <span class='ocrx_word' id='word_1_753' title='bbox 3519 4387 3672 4452; x_wconf 76' lang='grc' dir='ltr'>ὕλης,</span> 
     </span>
    </p>
   </div>
   <div class='ocr_carea' id='block_1_103' title="bbox 2107 4473 3673 4551">
    <p class='ocr_par' dir='ltr' id='par_1_103' title="bbox 2107 4473 3673 4551">
     <span class='ocr_line' id='line_1_103' title="bbox 2107 4473 3673 4551; baseline -0.006 -18"><span class='ocrx_word' id='word_1_754' title='bbox 2107 4480 2316 4551; x_wconf 82' lang='grc' dir='ltr'>ἀνάγκη</span> <span class='ocrx_word' id='word_1_755' title='bbox 2354 4480 2445 4532; x_wconf 78' lang='grc' dir='ltr'><strong>τὸν</strong></span> <span class='ocrx_word' id='word_1_756' title='bbox 2488 4479 2786 4548; x_wconf 85' lang='grc' dir='ltr'>φυτεύοντα</span> <span class='ocrx_word' id='word_1_757' title='bbox 2828 4480 3063 4551; x_wconf 79' lang='grc' dir='ltr'>περσέαν</span> <span class='ocrx_word' id='word_1_758' title='bbox 3103 4477 3328 4531; x_wconf 85' lang='grc' dir='ltr'>διελθεῖν</span> <span class='ocrx_word' id='word_1_759' title='bbox 3369 4473 3537 4527; x_wconf 88' lang='grc' dir='ltr'>πολλά</span> <span class='ocrx_word' id='word_1_760' title='bbox 3565 4474 3673 4525; x_wconf 61' lang='grc' dir='ltr'>σώη</span> 
     </span>
    </p>
   </div>
   <div class='ocr_carea' id='block_1_104' title="bbox 2108 4565 3672 4643">
    <p class='ocr_par' dir='ltr' id='par_1_104' title="bbox 2108 4565 3672 4643">
     <span class='ocr_line' id='line_1_104' title="bbox 2108 4565 3672 4643; baseline -0.003 -21"><span class='ocrx_word' id='word_1_761' title='bbox 2108 4589 2273 4642; x_wconf 87' lang='grc' dir='ltr'>ματα,</span> <span class='ocrx_word' id='word_1_762' title='bbox 2306 4570 2410 4633; x_wconf 71' lang='grc' dir='ltr'>ἕως</span> <span class='ocrx_word' id='word_1_763' title='bbox 2433 4569 2498 4623; x_wconf 84' lang='grc' dir='ltr'><strong>ἂν</strong></span> <span class='ocrx_word' id='word_1_764' title='bbox 2524 4570 2834 4643; x_wconf 83' lang='grc' dir='ltr'>καταϐληθῇ</span> <span class='ocrx_word' id='word_1_765' title='bbox 2867 4573 2899 4639; x_wconf 85' lang='grc' dir='ltr'><strong>ή</strong></span> <span class='ocrx_word' id='word_1_766' title='bbox 2939 4571 3145 4641; x_wconf 85' lang='grc' dir='ltr'>περσέα</span> <span class='ocrx_word' id='word_1_767' title='bbox 3179 4568 3382 4638; x_wconf 83' lang='grc' dir='ltr'>ἐκείνη.</span> <span class='ocrx_word' id='word_1_768' title='bbox 3407 4567 3471 4619; x_wconf 78' lang='lat' dir='ltr'><strong>Et</strong></span> <span class='ocrx_word' id='word_1_769' title='bbox 3504 4565 3559 4617; x_wconf 89' lang='grc' dir='ltr'>δέ</span> <span class='ocrx_word' id='word_1_770' title='bbox 3589 4578 3672 4617; x_wconf 74' lang='grc' dir='ltr'><strong>τις</strong></span> 
     </span>
    </p>
   </div>
   <div class='ocr_carea' id='block_1_105' title="bbox 2102 4653 3674 4733">
    <p class='ocr_par' dir='ltr' id='par_1_105' title="bbox 2102 4653 3674 4733">
     <span class='ocr_line' id='line_1_105' title="bbox 2102 4653 3674 4733; baseline -0.004 -20"><span class='ocrx_word' id='word_1_771' title='bbox 2102 4661 2373 4732; x_wconf 79' lang='grc' dir='ltr'>οἰκοδομεί</span> <span class='ocrx_word' id='word_1_772' title='bbox 2422 4661 2599 4731; x_wconf 82' lang='grc' dir='ltr'>ἑαυτῷ</span> <span class='ocrx_word' id='word_1_773' title='bbox 2642 4662 2839 4725; x_wconf 74' lang='grc' dir='ltr'>οἰκίαν,</span> <span class='ocrx_word' id='word_1_774' title='bbox 2891 4659 3424 4733; x_wconf 81' lang='grc' dir='ltr'>διασπαραχθήσεται</span> <span class='ocrx_word' id='word_1_775' title='bbox 3470 4657 3549 4719; x_wconf 90' lang='grc' dir='ltr'><strong>είς</strong></span> <span class='ocrx_word' id='word_1_776' title='bbox 3603 4653 3674 4707; x_wconf 85' lang='grc' dir='ltr'><strong>τά</strong></span> 
     </span>
    </p>
   </div>
   <div class='ocr_carea' id='block_1_106' title="bbox 2102 4746 3674 4823">
    <p class='ocr_par' dir='ltr' id='par_1_106' title="bbox 2102 4746 3674 4823">
     <span class='ocr_line' id='line_1_106' title="bbox 2102 4746 3674 4823; baseline -0.005 -18"><span class='ocrx_word' id='word_1_777' title='bbox 2102 4753 2197 4805; x_wconf 86' lang='grc' dir='ltr'>ὅλα</span> <span class='ocrx_word' id='word_1_778' title='bbox 2226 4751 2471 4823; x_wconf 86' lang='grc' dir='ltr'>σώματα.</span> <span class='ocrx_word' id='word_1_779' title='bbox 2520 4752 2586 4805; x_wconf 76' lang='lat' dir='ltr'><strong>EI</strong></span> <span class='ocrx_word' id='word_1_780' title='bbox 2627 4769 2710 4815; x_wconf 84' lang='grc' dir='ltr'><strong>τις</strong></span> <span class='ocrx_word' id='word_1_781' title='bbox 2749 4751 2962 4806; x_wconf 82' lang='grc' dir='ltr'>λούεται</span> <span class='ocrx_word' id='word_1_782' title='bbox 2996 4754 3075 4816; x_wconf 83' lang='grc' dir='ltr'><strong>είς</strong></span> <span class='ocrx_word' id='word_1_783' title='bbox 3124 4752 3186 4805; x_wconf 81' lang='grc' dir='ltr'><strong>τὸ</strong></span> <span class='ocrx_word' id='word_1_784' title='bbox 3227 4750 3370 4820; x_wconf 73' lang='grc' dir='ltr'>ὕδωρ</span> <span class='ocrx_word' id='word_1_785' title='bbox 3405 4747 3539 4819; x_wconf 79' lang='lat'><strong>(50),</strong></span> <span class='ocrx_word' id='word_1_786' title='bbox 3576 4746 3674 4817; x_wconf 80' lang='grc' dir='ltr'><strong>τὴν</strong></span> 
     </span>
    </p>
   </div>
   <div class='ocr_carea' id='block_1_107' title="bbox 2104 4837 3676 4914">
    <p class='ocr_par' dir='ltr' id='par_1_107' title="bbox 2104 4837 3676 4914">
     <span class='ocr_line' id='line_1_107' title="bbox 2104 4837 3676 4914; baseline -0.005 -17"><span class='ocrx_word' id='word_1_787' title='bbox 2104 4844 2293 4898; x_wconf 75' lang='grc' dir='ltr'>ἑαυτοῦ</span> <span class='ocrx_word' id='word_1_788' title='bbox 2320 4844 2494 4914; x_wconf 80' lang='grc' dir='ltr'>ψυχὴν</span> <span class='ocrx_word' id='word_1_789' title='bbox 2530 4846 2744 4913; x_wconf 83' lang='grc' dir='ltr'>πήσσει.</span> <span class='ocrx_word' id='word_1_790' title='bbox 2773 4844 2883 4896; x_wconf 74' lang='grc' dir='ltr'>Καὶ</span> <span class='ocrx_word' id='word_1_791' title='bbox 2909 4843 2962 4895; x_wconf 79' lang='grc' dir='ltr'>εἴ</span> <span class='ocrx_word' id='word_1_792' title='bbox 2987 4860 3069 4905; x_wconf 90' lang='grc' dir='ltr'><strong>τις</strong></span> <span class='ocrx_word' id='word_1_793' title='bbox 3094 4843 3155 4895; x_wconf 82' lang='grc' dir='ltr'><strong>οῦ</strong></span> <span class='ocrx_word' id='word_1_794' title='bbox 3185 4841 3363 4894; x_wconf 83' lang='grc' dir='ltr'>δίδωσι</span> <span class='ocrx_word' id='word_1_795' title='bbox 3388 4843 3497 4902; x_wconf 84' lang='grc' dir='ltr'>τοῖς</span> <span class='ocrx_word' id='word_1_796' title='bbox 3524 4837 3676 4890; x_wconf 83' lang='grc' dir='ltr'>ὲκλε-</span> 
     </span>
    </p>
   </div>
   <div class='ocr_carea' id='block_1_108' title="bbox 2106 4926 3674 5000">
    <p class='ocr_par' dir='ltr' id='par_1_108' title="bbox 2106 4926 3674 5000">
     <span class='ocr_line' id='line_1_108' title="bbox 2106 4926 3674 5000; baseline -0.006 -13"><span class='ocrx_word' id='word_1_797' title='bbox 2106 4937 2252 4997; x_wconf 85' lang='grc' dir='ltr'>κτοῖς</span> <span class='ocrx_word' id='word_1_798' title='bbox 2285 4933 2447 4985; x_wconf 80' lang='grc' dir='ltr'>αὐτοῦ</span> <span class='ocrx_word' id='word_1_799' title='bbox 2473 4933 2774 4997; x_wconf 81' lang='grc' dir='ltr'>εὐσέϐειαν,</span> <span class='ocrx_word' id='word_1_800' title='bbox 2802 4931 3191 5000; x_wconf 85' lang='grc' dir='ltr'>κολασθήσεται</span> <span class='ocrx_word' id='word_1_801' title='bbox 3227 4931 3305 4991; x_wconf 89' lang='grc' dir='ltr'><strong>είς</strong></span> <span class='ocrx_word' id='word_1_802' title='bbox 3328 4928 3426 4989; x_wconf 80' lang='grc' dir='ltr'>τὰς</span> <span class='ocrx_word' id='word_1_803' title='bbox 3460 4926 3674 4995; x_wconf 81' lang='grc' dir='ltr'>γενεὰς,</span> 
     </span>
    </p>
   </div>
   <div class='ocr_carea' id='block_1_109' title="bbox 2107 5019 3675 5094">
    <p class='ocr_par' dir='ltr' id='par_1_109' title="bbox 2107 5019 3675 5094">
     <span class='ocr_line' id='line_1_109' title="bbox 2107 5019 3675 5094; baseline -0.006 -17"><span class='ocrx_word' id='word_1_804' title='bbox 2107 5027 2199 5077; x_wconf 80' lang='grc' dir='ltr'>καὶ</span> <span class='ocrx_word' id='word_1_805' title='bbox 2243 5022 2747 5094; x_wconf 85' lang='grc' dir='ltr'>μετενσωματοῦται</span> <span class='ocrx_word' id='word_1_806' title='bbox 2806 5024 2886 5085; x_wconf 83' lang='grc' dir='ltr'>εἰς</span> <span class='ocrx_word' id='word_1_807' title='bbox 2936 5020 3354 5091; x_wconf 84' lang='grc' dir='ltr'>κατηχουμένων</span> <span class='ocrx_word' id='word_1_808' title='bbox 3408 5019 3634 5087; x_wconf 87' lang='grc' dir='ltr'>σώματα</span> <span class='ocrx_word' id='word_1_809' title='bbox 3657 5054 3675 5080; x_wconf 90' lang='grc'><strong>,</strong></span> 
     </span>
    </p>
   </div>
   <div class='ocr_carea' id='block_1_110' title="bbox 2105 5107 3677 5187">
    <p class='ocr_par' dir='ltr' id='par_1_110' title="bbox 2105 5107 3677 5187">
     <span class='ocr_line' id='line_1_110' title="bbox 2105 5107 3677 5187; baseline -0.007 -18"><span class='ocrx_word' id='word_1_810' title='bbox 2105 5116 2209 5180; x_wconf 77' lang='grc' dir='ltr'>ἕως</span> <span class='ocrx_word' id='word_1_811' title='bbox 2263 5109 2323 5168; x_wconf 78' lang='grc' dir='ltr'>οὗ</span> <span class='ocrx_word' id='word_1_812' title='bbox 2372 5115 2446 5187; x_wconf 81' lang='grc' dir='ltr'><strong>δῷ</strong></span> <span class='ocrx_word' id='word_1_813' title='bbox 2482 5116 2762 5178; x_wconf 85' lang='grc' dir='ltr'>εὐσεϐείας</span> <span class='ocrx_word' id='word_1_814' title='bbox 2808 5114 3025 5177; x_wconf 82' lang='grc' dir='ltr'>πολλάς.</span> <span class='ocrx_word' id='word_1_815' title='bbox 3057 5114 3167 5166; x_wconf 74' lang='grc' dir='ltr'><strong>Καὶ</strong></span> <span class='ocrx_word' id='word_1_816' title='bbox 3207 5107 3296 5165; x_wconf 72' lang='grc' dir='ltr'><strong>δὶά</strong></span> <span class='ocrx_word' id='word_1_817' title='bbox 3337 5109 3497 5163; x_wconf 85' lang='grc' dir='ltr'>τοῦτο</span> <span class='ocrx_word' id='word_1_818' title='bbox 3537 5107 3592 5160; x_wconf 73' lang='grc' dir='ltr'>εἴ</span> <span class='ocrx_word' id='word_1_819' title='bbox 3622 5123 3677 5158; x_wconf 90' lang='grc' dir='ltr'><strong>τι</strong></span> 
     </span>
    </p>
   </div>
   <div class='ocr_carea' id='block_1_111' title="bbox 2106 5200 3674 5277">
    <p class='ocr_par' dir='ltr' id='par_1_111' title="bbox 2106 5200 3674 5277">
     <span class='ocr_line' id='line_1_111' title="bbox 2106 5200 3674 5277; baseline -0.006 -18"><span class='ocrx_word' id='word_1_820' title='bbox 2106 5207 2388 5260; x_wconf 79' lang='grc' dir='ltr'>κάλλιστον</span> <span class='ocrx_word' id='word_1_821' title='bbox 2434 5208 2491 5259; x_wconf 79' lang='grc' dir='ltr'>ὲν</span> <span class='ocrx_word' id='word_1_822' title='bbox 2525 5206 2775 5277; x_wconf 88' lang='grc' dir='ltr'>βρώμασι</span> <span class='ocrx_word' id='word_1_823' title='bbox 2819 5211 2930 5269; x_wconf 84' lang='grc' dir='ltr'>τοῖς</span> <span class='ocrx_word' id='word_1_824' title='bbox 2973 5206 3247 5266; x_wconf 77' lang='grc' dir='ltr'>ἐκλεκτοῖς</span> <span class='ocrx_word' id='word_1_825' title='bbox 3286 5200 3674 5272; x_wconf 84' lang='grc' dir='ltr'>προσφέρουσι.</span> 
     </span>
    </p>
   </div>
   <div class='ocr_carea' id='block_1_112' title="bbox 2174 5382 3678 5461">
    <p class='ocr_par' dir='ltr' id='par_1_112' title="bbox 2174 5382 3678 5461">
     <span class='ocr_line' id='line_1_112' title="bbox 2174 5382 3678 5461; baseline -0.008 -19"><span class='ocrx_word' id='word_1_826' title='bbox 2174 5390 2285 5443; x_wconf 73' lang='grc' dir='ltr'>Καὶ</span> <span class='ocrx_word' id='word_1_827' title='bbox 2332 5389 2457 5444; x_wconf 75' lang='grc' dir='ltr'>ὅταν</span> <span class='ocrx_word' id='word_1_828' title='bbox 2498 5390 2757 5461; x_wconf 81' lang='grc' dir='ltr'>μέλλωσιν</span> <span class='ocrx_word' id='word_1_829' title='bbox 2801 5388 3000 5441; x_wconf 83' lang='grc' dir='ltr'>ἐσθίειν</span> <span class='ocrx_word' id='word_1_830' title='bbox 3042 5388 3236 5457; x_wconf 80' lang='grc' dir='ltr'>ἄρτον,</span> <span class='ocrx_word' id='word_1_831' title='bbox 3286 5382 3678 5454; x_wconf 82' lang='grc' dir='ltr'>προσεύχονται</span> 
     </span>
    </p>
   </div>
   <div class='ocr_carea' id='block_1_113' title="bbox 2104 5472 3679 5550">
    <p class='ocr_par' dir='ltr' id='par_1_113' title="bbox 2104 5472 3679 5550">
     <span class='ocr_line' id='line_1_113' title="bbox 2104 5472 3679 5550; baseline -0.006 -18"><span class='ocrx_word' id='word_1_832' title='bbox 2104 5479 2318 5550; x_wconf 85' lang='grc' dir='ltr'>πρῶτον</span> <span class='ocrx_word' id='word_1_833' title='bbox 2366 5481 2506 5533; x_wconf 73' lang='grc' dir='ltr'>οὕτω</span> <span class='ocrx_word' id='word_1_834' title='bbox 2553 5480 2804 5548; x_wconf 86' lang='grc' dir='ltr'>λέγοντες</span> <span class='ocrx_word' id='word_1_835' title='bbox 2856 5479 2989 5549; x_wconf 73' lang='grc' dir='ltr'>πρὸς</span> <span class='ocrx_word' id='word_1_836' title='bbox 3046 5479 3134 5531; x_wconf 80' lang='grc' dir='ltr'>τὸν</span> <span class='ocrx_word' id='word_1_837' title='bbox 3189 5476 3383 5546; x_wconf 81' lang='grc' dir='ltr'>ἄρτον·</span> <span class='ocrx_word' id='word_1_838' title='bbox 3430 5472 3565 5526; x_wconf 74' lang='grc' dir='ltr'>Οὔτε</span> <span class='ocrx_word' id='word_1_839' title='bbox 3617 5488 3679 5524; x_wconf 81' lang='grc' dir='ltr'><strong>σε</strong></span> 
     </span>
    </p>
   </div>
   <div class='ocr_carea' id='block_1_114' title="bbox 2103 5662 3678 5762">
    <p class='ocr_par' dir='ltr' id='par_1_114' title="bbox 2103 5662 3678 5762">
     <span class='ocr_line' id='line_1_114' title="bbox 2103 5662 3678 5762; baseline -0.004 -32"><span class='ocrx_word' id='word_1_840' title='bbox 2103 5662 2340 5761; x_wconf 69' lang='grc' dir='ltr'>λούεται,</span> <span class='ocrx_word' id='word_1_841' title='bbox 2365 5681 2444 5762; x_wconf 74' lang='grc' dir='ltr'><strong>είς</strong></span> <span class='ocrx_word' id='word_1_842' title='bbox 2465 5681 2529 5762; x_wconf 60' lang='grc' dir='ltr'><strong>τό</strong></span> <span class='ocrx_word' id='word_1_843' title='bbox 2552 5680 2714 5751; x_wconf 76' lang='grc' dir='ltr'>ὕδωρ.</span> <span class='ocrx_word' id='word_1_844' title='bbox 2748 5678 2946 5749; x_wconf 80' lang='lat' dir='ltr'><strong>Siquis</strong></span> <span class='ocrx_word' id='word_1_845' title='bbox 2979 5676 3141 5746; x_wconf 85' lang='lat' dir='ltr'><strong>lavat,</strong></span> <span class='ocrx_word' id='word_1_846' title='bbox 3189 5677 3245 5732; x_wconf 82' lang='lat' dir='ltr'><strong>in</strong></span> <span class='ocrx_word' id='word_1_847' title='bbox 3293 5689 3484 5744; x_wconf 85' lang='lat' dir='ltr'><strong>aquam</strong></span> <span class='ocrx_word' id='word_1_848' title='bbox 3525 5687 3678 5728; x_wconf 74' lang='lat' dir='ltr'><strong>suam</strong></span> 
     </span>
    </p>
   </div>
   <div class='ocr_carea' id='block_1_115' title="bbox 2104 5759 2693 5821">
    <p class='ocr_par' dir='ltr' id='par_1_115' title="bbox 2104 5759 2693 5821">
     <span class='ocr_line' id='line_1_115' title="bbox 2104 5759 2693 5821; baseline 0 -16"><span class='ocrx_word' id='word_1_849' title='bbox 2104 5759 2413 5821; x_wconf 77' lang='lat' dir='ltr'><strong>constringit</strong></span> <span class='ocrx_word' id='word_1_850' title='bbox 2438 5759 2693 5806; x_wconf 76' lang='lat' dir='ltr'><strong>animum.</strong></span> 
     </span>
    </p>
   </div>
  </div>
