4076 6392
369 404 443 463 π
975 406 1347 468 ADVERSUS
1388 410 1728 467 HERESES
1767 409 1894 466 LIB.
1926 408 1991 465 11.
2035 408 2200 466 ΤΟΜ.
2240 409 2303 467 ll.
2349 442 2407 454 —-
2449 411 2723 471 HAERES.
2757 414 2941 472 LXVI.
3557 420 3631 471 78

368 523 485 593 ἐγὼ
511 523 750 596 ὲθέρισα,
779 525 906 580 οὔτε
945 527 1133 599 ἦλεσα,
1173 527 1297 582 οὔτε
1355 528 1550 600 έθλιψά
1601 547 1681 595 σε,
1720 528 1844 583 οὔτε
1876 530 1957 591 είς

2062 531 2288 595 messui,
2318 546 2495 602 neque
2512 533 2701 601 molui,
2728 550 2829 591 nec
2849 536 3095 606 expressi
3117 575 3132 599 ,
3152 548 3253 589 nec
3275 531 3330 587 in
3354 531 3631 586 clibanum

367 614 627 669 κλίϐανον
673 617 884 673 ἔϐαλον.
907 619 1078 673 Ἀλλά
1121 621 1280 686 ἄλλος
1334 621 1558 693 εποίησε
1602 620 1806 684 ταῦτα,
1862 619 1958 673 καὶ

367 708 571 776 ἤνεγκέ
615 726 735 779 μοι·
782 711 894 779 ἐγὼ
938 712 1192 777 ἀναιτίως
1243 714 1462 784 ἔφαγον.
1510 715 1619 768 Καὶ
1659 714 1786 767 ὅταν
1835 711 1957 764 καθ’

366 799 565 853 ἑαυτὸν
593 801 721 872 εἴπῃ
764 802 961 868 ταῦτα,
1002 803 1149 873 λέγει
1198 805 1275 877 τῷ
1317 806 1740 877 κατηχουμένῳ’
1778 802 1957 868 Ηῦξά·

369 908 484 964 μην
528 893 672 965 ὑπὲρ
717 892 834 949 σοῦ.
886 896 996 949 Καὶ
1039 895 1212 962 οὕτως
1263 897 1557 966 ἀφίσταται
1603 897 1827 957 ἐκεῖνος.
1870 894 1958 957 Ὠς

366 983 483 1055 γὰρ
514 981 668 1039 εἷπον
693 986 823 1057 ὑμῖν
853 987 962 1059 πρὸ
986 988 1191 1059 ὀλίγου,
1231 991 1283 1043 εί
1313 1007 1399 1054 τις
1445 989 1668 1061 θερίζει,
1706 987 1959 1059 θερισθή-

368 1094 558 1132 σεταιο
589 1078 765 1142 οὕτως
809 1079 904 1134 ἐὰν
951 1082 1032 1145 είς
1070 1081 1319 1154 μηχανὴν
1370 1084 1512 1135 σῖτον
1541 1080 1732 1152 βάλλῃ,
1761 1077 1959 1149 βληθή-

366 1187 530 1224 σεται
560 1173 656 1227 καὶ
684 1173 867 1236 αὐτὸς,
900 1173 934 1245 ἢ
984 1173 1234 1245 φυράσας
1269 1174 1665 1247 φυραθήσεται,
1700 1172 1735 1243 ἢ
1785 1171 1958 1223 ὀπτοί-

366 1280 473 1326 σας
506 1260 668 1334 ἄρτον
695 1264 1086 1337 ὀπτηθήσεται.
1118 1265 1227 1319 Καὶ
1251 1264 1340 1319 διὰ
1361 1265 1519 1319 τοῦτο
1545 1265 1836 1335 ἀπείρηται
1865 1263 1962 1314 αὐη

362 1360 485 1420 τοῖς
523 1355 685 1427 ἔργον
722 1356 970 1426 ποιῆσαι.
1011 1357 1123 1410 Καὶ
1166 1356 1328 1411 πάλιν
1373 1356 1511 1410 εἰσὶν
1554 1353 1730 1426 ’ἑτεροι
1765 1354 1958 1424 κόσμοι

362 1454 516 1510 τινες
558 1446 668 1500 τῶν
706 1448 1011 1518 φωστήρων
1051 1446 1323 1500 δυνάντων
1360 1443 1470 1499 ἀπὸ
1506 1443 1696 1496 τούτου
1740 1444 1837 1497 τοῦ
1869 1443 1951 1496 κό-

365 1555 534 1609 σμου,
570 1536 633 1602 ἐξ
672 1531 747 1590 ὧν
770 1537 1139 1591 ἀνατέλλουσι.
1172 1538 1284 1592 Καὶ
1321 1535 1375 1588 εί
1408 1553 1491 1600 τις
1538 1538 1831 1608 περιπατεί
1859 1554 1957 1605 χα-

365 1633 493 1701 μαὶ,
528 1632 755 1702 βλάπτει
780 1632 884 1701 τὴν
922 1631 1027 1702 γῆν
1047 1648 1059 1661 ο
1095 1632 1188 1686 καὶ
1232 1632 1261 1684 6
1291 1630 1456 1686 κινῶν
1487 1630 1586 1700 τὴν
1621 1632 1801 1702 χεῖρα,
1833 1628 1961 1699 βλά-

362 1741 495 1777 πτει
522 1724 614 1777 τὸν
637 1723 804 1795 ἀέρα·
837 1723 1022 1794 ἐπειδὴ
1063 1724 1093 1777 6
1131 1724 1241 1795 ἀὴρ
1267 1723 1414 1794 ψυχή
1458 1725 1576 1777 ἐστι
1613 1723 1719 1776 τῶν
1744 1721 1952 1793 ἀνθρώ-

362 1832 510 1881 πων,
552 1816 649 1868 καὶ
686 1815 797 1868 τῶν
842 1814 1017 1879 ζώων,
1067 1816 1161 1869 καὶ
1201 1814 1310 1870 τῶν
1364 1814 1647 1877 πετεινῶν,
1706 1816 1799 1868 καὶ
1851 1814 1960 1869 τῶν

2061 619 2322 691 imposui.
2352 622 2509 680 Alius
2537 626 2652 681 haec
2679 629 2865 683 omnia
2893 628 3174 699 praestitit,
3203 627 3447 696 mihique
3470 623 3632 678 obtu-

2059 709 2163 777 lit;
2198 729 2299 782 ego
2331 714 2399 769 ab
2426 716 2573 770 omni
2609 718 2770 787 culpa
2805 719 3071 775 innocens
3101 733 3315 774 vescor.
3343 717 3476 784 Quae
3504 727 3631 769 cum

2060 805 2206 873 apud
2263 821 2321 861 se
2380 812 2796 878 pronuntiavit,
2848 820 2963 866 tum
3008 812 3401 868 catechumeno
3452 806 3631 863 dicit:

2060 895 2167 951 Pro
2197 906 2250 953 te
2279 902 2452 955 oravi.
2486 901 2564 956 Ita
2592 901 2682 958 ille
2713 903 2966 961 discedit.
2997 903 3159 970 Nam,
3193 912 3248 959 ut
3278 902 3436 956 vobis
3467 897 3634 970 paulo

2060 997 2190 1045 ante
2220 990 2334 1046 dixi
2364 1032 2379 1057 ,
2407 994 2502 1062 qui
2527 998 2821 1053 messuerit
2848 1005 2904 1053 et
2929 998 3111 1069 ipsum
3134 1013 3259 1054 esse
3279 993 3592 1051 metendum
3612 1028 3632 1055 ,

2060 1080 2134 1132 ita
2158 1081 2256 1150 qui
2285 1081 2339 1136 in
2369 1083 2795 1142 instrumentum
2824 1089 3044 1159 aliquod
3071 1090 3406 1144 frumentum
3429 1083 3635 1154 injeceo

2061 1181 2161 1237 ut,
2191 1173 2524 1243 injiciendus
2545 1190 2595 1234 et
2625 1180 2741 1250 ipse
2765 1189 2882 1247 est,
2918 1189 2977 1236 ut
3002 1181 3096 1252 qui
3131 1194 3369 1237 massam
3398 1177 3632 1245 subege-

2059 1264 2162 1329 rit,
2196 1266 2537 1338 subigendus
2569 1275 2994 1346 coquendusque
3036 1276 3133 1344 qui
3180 1286 3375 1344 panem
3399 1266 3632 1325 coxerit.

2059 1353 2357 1426 Propterea
2390 1362 2539 1416 omni
2565 1377 2729 1434 opere
2755 1365 2862 1422 illis
2888 1366 3259 1423 interdicitur.
3295 1362 3438 1429 Quin
3467 1359 3634 1416 etiam

2059 1447 2153 1500 alii
2183 1457 2350 1513 sunt,
2388 1451 2679 1522 inquiunt,
2716 1458 2905 1512 mundi
2937 1474 3003 1514 ex
3036 1458 3238 1530 quibus
3269 1456 3526 1511 oriuntur
3559 1451 3637 1505 si-

2061 1535 2224 1603 dera,
2262 1555 2382 1608 quae
2411 1542 2479 1597 ab
2521 1543 2625 1599 hoc
2673 1554 2863 1601 nostro
2914 1548 3216 1603 occidendo
3259 1544 3544 1602 recedant.
3576 1544 3636 1599 Si

2061 1627 2184 1695 quis
2237 1628 2391 1685 humi
2446 1634 2722 1699 ambulet,
2778 1645 2980 1693 terram
3011 1639 3196 1703 laedit,
3253 1648 3312 1692 ut
3356 1645 3412 1694 et
3452 1651 3636 1693 aerem

2062 1714 2206 1768 laedit
2240 1718 2334 1787 qui
2366 1734 2589 1776 manum
2621 1725 2823 1794 agitat,
2854 1741 2978 1780 cum
3014 1740 3107 1782 aer
3136 1727 3420 1782 hominum
3450 1733 3504 1782 et
3537 1725 3635 1781 be-

2063 1807 2290 1861 stiarum
2317 1823 2382 1864 ac
2407 1812 2690 1867 volucrum
2721 1822 2775 1869 et
2804 1815 3038 1886 piscium
3060 1825 3113 1871 et
3135 1817 3413 1887 reptilium
3447 1816 3633 1871 anima

366 1905 595 1976 ίχθύων,
624 1907 719 1959 καὶ
742 1905 848 1967 τῷν
868 1906 1136 1987 ἑρπετῶν.
1160 1908 1269 1960 Καὶ
1292 1905 1450 1969 εἴτις
1477 1910 1534 1960 ὲν
1571 1907 1761 1976 κόσμῳ
1790 1907 1955 1968 ἐστὶν,

2063 1899 2152 1952 sit.
2187 1897 2514 1972 Quicunque
2540 1919 2671 1959 vero
2705 1906 2760 1960 in
2795 1907 3001 1963 mundo
3029 1916 3151 1972 est,
3185 1910 3288 1964 hoc
3317 1910 3495 1978 ipsum
3521 1947 3535 1970 ,
3573 1915 3634 1961 ut

360 1994 524 2052 ε’ίπον
556 1999 707 2070 ὑμῖν,
739 1998 820 2052 ὅτι
857 1999 919 2052 16
950 1997 1110 2070 σῶμα
1159 1998 1318 2053 τοῦτο
1362 1999 1463 2053 οὐκ
1508 1999 1622 2052 ἔστι
1668 1998 1760 2051 τοῦ
1799 1997 1957 2061 Θεοῦ,

362 2088 505 2143 ἀλλά
538 2088 641 2158 τῆς
674 2088 807 2160 ὕλης
834 2090 972 2157 ἐστὶ,
1008 2092 1104 2144 καὶ
1135 2090 1326 2156 σκότος
1364 2093 1500 2147 ἐστὶ.
1535 2091 1629 2145 καὶ
1658 2090 1788 2142 αὐτὸ
1835 2105 1960 2142 σκο-

359 2182 610 2252 τωθῆναι
650 2182 749 2235 δεῖ.

437 2273 569 2328 ΚΘ.
613 2275 751 2344 Περὶ
792 2274 849 2326 δὲ
901 2274 994 2327 τοῦ
1054 2275 1403 2344 παραδείσου,
1436 2276 1540 2341 (οὐ)
1589 2278 1832 2333 καλεῖται
1870 2282 1960 2335 κό-

363 2384 529 2437 σμος.
550 2365 717 2435 Ἔστι,
740 2366 796 2419 δὲ
821 2366 888 2419 16
925 2365 1068 2435 φυτά
1094 2366 1166 2420 τὰ
1187 2368 1245 2420 ὲν
1266 2365 1414 2437 αὐτῷ
1435 2368 1718 2440 ἐπιθυμία,
1751 2372 1845 2426 καὶ
1868 2374 1960 2427 ἄλ-

358 2458 456 2512 λαι
486 2458 718 2522 ἀπάται,
744 2456 1150 2529 διαφθείρουσαι
1173 2458 1300 2522 τοὺς
1318 2458 1609 2530 λογισμοὺς
1628 2461 1737 2516 τῶν
1760 2463 1962 2536 ἀνθρώ-

360 2568 485 2604 πων
508 2549 753 2606 ὲκείνων.
772 2549 845 2602 Τὸ
876 2549 933 2602 δὲ
962 2551 1021 2601 ὲν
1042 2548 1352 2621 παραδείσῳ
1383 2551 1569 2620 φυτὸν,
1597 2551 1658 2618 ἐξ
1678 2545 1741 2606 οὗ
1772 2557 1962 2626 γνωρὶ-

359 2640 520 2704 ζουσι
543 2640 603 2693 16
627 2638 809 2704 καλὸν,
832 2637 964 2691 αὐτό
992 2640 1137 2691 ἐστιν
1157 2640 1186 2690 6
1206 2636 1433 2707 Ἰησοῦς,
1457 2638 1491 2709 ἡ
1519 2638 1721 2707 γνῶσις
1741 2640 1903 2693 αὐτοῦ
1926 2643 1960 2712 ὴ

359 2734 425 2785 ἐν
458 2732 540 2801 τῷ
589 2731 807 2802 κόσμῳ·
852 2732 882 2783 6
936 2729 995 2782 δὲ
1040 2729 1331 2799 λαμϐάνων
1378 2729 1643 2801 διακρίνει
1686 2732 1748 2785 τὸ
1799 2733 1961 2786 καλὸν

359 2825 464 2878 καὶ
495 2823 558 2876 τὸ
600 2823 857 2894 πονηρόν.
907 2823 967 2875 Ὀ
1002 2821 1187 2892 μέντοι
1215 2822 1439 2892 κόσμος,
1487 2822 1597 2876 οὐδ’
1642 2824 1804 2888 αὑτός
1847 2825 1961 2878 ἐστι

358 2915 461 2969 τοῦ
492 2914 649 2978 Θεοῦ,
675 2914 791 2968 ἀλλ’
822 2915 855 2987 ἢ
886 2914 994 2968 ἀπὸ
1023 2914 1222 2987 μέρους
1264 2916 1362 2986 τῆς
1409 2915 1540 2984 ὕλης
1567 2915 1832 2989 ἐπλάσθη.
1868 2918 1963 2972 καὶ

358 3009 454 3062 διὰ
480 3007 639 3061 τοῦτο
668 3007 845 3061 πάντα
873 3006 1216 3075 ἀφανίζεται.
1257 3008 1321 3057 Ἥ
1362 3005 1419 3059 δὲ
1462 3007 1732 3077 ἐσύλησαν
1773 3010 1823 3061 οἱ
1863 3012 1962 3080 ἆρ-

358 3117 555 3171 χοντες
609 3100 719 3153 ἀπὸ
767 3097 862 3152 τοῦ
916 3096 1135 3170 πρώτου
1184 3098 1496 3170 ἀνθρώπου,
1542 3099 1675 3152 αὐτό
1724 3102 1840 3153 ἐστι
1903 3101 1964 3154 τὸ

360 3193 595 3263 γεμίζον
641 3192 742 3262 τὴν
788 3191 1040 3263 σελήνην,
1081 3192 1142 3245 16
1190 3190 1619 3262 καθαριζόμενον
1654 3192 1960 3265 καθημερι-
1987 3216 2030 3275 C

358 3285 459 3340 νὺν
517 3284 627 3339 ἀπὸ
666 3283 758 3338 τοῦ
815 3285 1046 3355 κόσμου’
1102 3282 1198 3337 καὶ
1247 3285 1342 3338 ἐὰν
1389 3285 1581 3357 ἐξέλθῃ
1616 3287 1649 3357 ἡ
1691 3286 1838 3356 ψυχὴ
1879 3286 1954 3357 μὴ

360 3377 575 3445 γνοῦσα
639 3376 737 3447 τὴν
792 3375 1081 3448 ἀλήθειαν,
1136 3375 1489 3447 παραδίδοται
1534 3380 1646 3441 τοῖς
1692 3376 1958 3447 δαίμοσιν,

361 3473 519 3533 ὅπως
542 3469 858 3540 δαμάσωσιν
902 3468 1071 3538 αὐτὴν
1103 3468 1162 3521 ὲν
1203 3471 1323 3532 ταῖς
1358 3470 1603 3536 γεένναις
1636 3469 1729 3524 τοῦ
1764 3469 1956 3540 πυρός.

360 3561 480 3615 Καὶ
502 3560 664 3631 -μετά
708 3559 807 3630 τὴν
845 3559 1127 3613 παίδευσιν
1162 3560 1553 3629 μεταγγίζεται
1586 3562 1666 3625 είς
1710 3561 1958 3631 σώματα,

362 3652 459 3706 ενα
488 3651 773 3723 δαμασθῇ’
809 3652 903 3704 καὶ
949 3648 1094 3703 οὕτω
1144 3649 1393 3720 βάλλεται
1429 3653 1508 3716 εἰς
1548 3653 1609 3706 τὸ
1649 3652 1790 3723 μέγα
1825 3651 1956 3723 πῧρν

364 3744 505 3816 ἄχρι
534 3746 635 3815 τῆς
662 3741 995 3805 συντελείας.

439 3838 524 3891 Λ’.
552 3836 688 3907 Περὶ
727 3834 785 3889 δὲ
818 3834 928 3887 τῶν
962 3835 1094 3904 παρ’
1134 3833 1263 3905 ὑμῖν
1295 3836 1311 3865 ¹
1336 3834 1627 3906 προφητῶν
1665 3836 1836 3901 οὕτως
1870 3837 1960 3890 λέ-

362 3945 493 3997 γει·
533 3927 757 3998 Πνεῦμα
797 3922 937 3980 εἶναι
974 3925 1252 3991 ἀσεϐείας,
1293 3928 1412 3997 ἦτοι
1444 3928 1672 3999 ἀνομίας
1708 3930 1801 3984 τοῦ
1838 3930 1963 3983 σκό-

362 4036 523 4084 τους,
554 4019 647 4073 τοῦ
681 4019 776 4073 ἀπ’
809 4018 984 4090 ἀρχῆς
1018 4018 1331 4083 ἀνελθόντος
1350 4036 1363 4051 ·
1399 4020 1493 4073 καὶ¹
1523 4020 1611 4074 διὰ
1637 4020 1795 4075 τοῦτο
1822 4022 1961 4075 πλα-

366 4109 630 4180 νηθέντες
669 4111 769 4163 οὐκ
811 4110 832 4140 ²
876 4108 1168 4181 ἐλάλησαν.
1195 4109 1507 4179 Ἐτύφλωσε
1550 4110 1659 4185 γὰρ
1712 4111 1891 4166 αὐτῶν
1933 4115 1963 4165 6

364 4202 559 4273 ἄρχων
604 4199 703 4272 τὴν
744 4200 1005 4256 διάνοιαν.
1051 4201 1163 4256 Καὶ
1201 4200 1257 4253 εί
1293 4218 1378 4265 τις
1410 4201 1691 4255 ἀκολουθεί
1739 4205 1851 4265 τοῖς
1879 4203 1964 4254 λό-

367 4309 494 4360 γοις
520 4291 718 4356 αὐτῶν,
760 4290 1097 4363 ἀποθνήσκει
1141 4293 1222 4356 είς
1261 4291 1386 4355 τοὺς
1428 4290 1651 4357 αἰῶνας,
1683 4292 1961 4363 δεδεμένος

367 4386 455 4449 εἰς
482 4384 583 4454 τὴν
621 4383 811 4453 βῶλον,
836 4384 918 4437 ὅτι
948 4385 1051 4439 οὐκ
1078 4383 1245 4454 ἔμαθε
1283 4384 1381 4456 τὴν
1414 4382 1615 4452 γνῶσιν
1641 4384 1734 4438 τοῦ
1772 4386 1959 4456 Παρα-

368 4476 599 4547 κλὴτου.
670 4475 1000 4530 Ἐνετείλατο
1045 4476 1102 4528 δὲ
1155 4478 1264 4539 τοῖς
1317 4474 1590 4539 ἐκλεκτοῖς
1633 4476 1745 4542 (51)
1795 4475 1959 4529 αὑτοῦ

2061 1988 2172 2042 dixi
2193 2028 2208 2053 ,
2235 2004 2438 2061 corpus
2470 2007 2579 2047 non
2609 1992 2702 2049 Dei
2768 1994 2864 2051 sed
2892 1999 3134 2054 materia:
3163 2005 3283 2061 est,
3317 2007 3370 2053 et
3394 1996 3637 2052 tenebris

2059 2079 2257 2135 obduci
2288 2096 2515 2138 necesse
2545 2091 2648 2140 est.

2128 2252 2294 2325 646
2331 2253 2522 2310 XXIX.
2556 2256 2713 2324 Quod
2740 2259 2807 2314 ad
2834 2261 3149 2330 paradisum
3177 2262 3451 2331 pertinet,
3481 2274 3639 2316 mun-

2061 2343 2165 2413 dus
2201 2347 2250 2402 is
2291 2348 2619 2419 appellatur.
2659 2351 2904 2408 Arbores
2942 2367 3109 2423 porro
3143 2352 3201 2407 in
3237 2368 3304 2408 eo
3336 2361 3494 2420 sunt,
3534 2368 3638 2408 cu-

2063 2435 2265 2506 piditas
2286 2480 2302 2505 ,
2330 2439 2560 2510 aliasque
2589 2440 2812 2497 fraudes
2832 2483 2848 2508 ,
2878 2444 3078 2513 quibus
3107 2443 3324 2498 illorum
3351 2443 3638 2498 hominum

2061 2541 2496 2602 corrumpuntur
2524 2534 2717 2589 animi.
2749 2533 2881 2601 Qua:
2913 2544 3096 2590 autem
3126 2535 3181 2590 in
3216 2535 3474 2606 paradiso
3502 2549 3638 2590 con-

2064 2622 2168 2676 sita
2199 2632 2283 2679 est
2326 2625 2511 2690 arbor,
2544 2625 2705 2694 cujus
2735 2628 3000 2683 beneﬁcio
3030 2629 3236 2683 bonum
3277 2629 3635 2694 discernitur,

2062 2713 2220 2771 Jesus
2262 2725 2384 2782 est,
2418 2719 2647 2789 ejusque
2687 2721 2964 2791 cognitio,
3012 2736 3132 2791 qua:
3163 2722 3219 2776 in
3265 2722 3471 2779 mundo
3514 2731 3639 2793 est;

2062 2821 2223 2889 quam
2274 2809 2369 2878 qui
2418 2811 2690 2881 percipit,
2743 2813 2947 2867 bonum
2994 2814 3309 2884 malumque
3348 2814 3637 2872 discernit.

2066 2899 2171 2955 Sed
2198 2916 2299 2956 nec
2331 2904 2570 2960 mundus
2605 2905 2722 2974 ipse
2751 2906 2816 2960 ad
2855 2904 3022 2960 Deum
3054 2906 3324 2976 pertinet,
3356 2924 3544 2964 verum
3569 2925 3639 2966 ex

2063 2992 2308 3046 materiae
2340 2993 2482 3047 mole
2515 2992 2780 3049 formatus
2809 3001 2934 3060 est;
2979 2996 3049 3050 ob
3093 2996 3148 3051 id
3196 2999 3455 3055 universa
3507 3016 3636 3071 per-

2064 3091 2216 3136 eunt.
2251 3082 2409 3149 Quod
2438 3093 2618 3138 autem
2664 3087 2840 3154 primo
2870 3101 2937 3141 ex
2970 3087 3194 3142 homine
3228 3089 3508 3160 principes
3548 3105 3641 3145 ra-

2065 3186 2335 3243 puerunt,
2367 3176 2513 3230 istud
2562 3177 2741 3247 ipsum
2791 3193 2932 3233 onus
2977 3186 3092 3245 est,
3145 3179 3293 3250 quod
3339 3180 3640 3251 imponitur

2063 3266 2232 3330 lunae,
2263 3265 2518 3337 quodque
2545 3266 2780 3337 singulis
2825 3267 3016 3325 diebus
3038 3283 3068 3323 a
3106 3270 3296 3326 mundi
3316 3271 3642 3342 contagione

2064 3367 2370 3430 purgatur;
2397 3360 2580 3414 anima
2610 3374 2767 3424 vero,
2796 3375 2919 3431 qua
2940 3362 3189 3418 veritatis
3216 3378 3412 3434 expers
3434 3354 3639 3421 ex’ltac

2060 3450 2173 3504 vita
2204 3451 2473 3515 discedit,
2502 3451 2843 3507 daemonibus
2874 3451 3131 3518 traditur,
3159 3463 3217 3509 ut
3240 3469 3361 3510 eam
3388 3455 3639 3526 gebenna

2061 3552 2226 3613 atque
2271 3541 2540 3597 incendiis
2577 3542 2852 3598 edoment.
2900 3541 3106 3600 Deinde
3152 3545 3227 3599 ita
3265 3547 3531 3618 castigata
3578 3549 3640 3604 in

2063 3648 2293 3704 corpora
2358 3634 2650 3689 edomaudi
2711 3650 2928 3691 rursum
2979 3637 3155 3706 gratia
3205 3638 3637 3706 transmittitur;

2062 3726 2207 3781 unde
2247 3726 2521 3797 ingentem
2558 3727 2613 3779 in
2679 3726 2859 3797 ignem
2891 3727 2959 3782 ad
2989 3727 3150 3782 linem
3182 3743 3356 3799 usque
3384 3729 3638 3787 mittitur.

2135 3815 2303 3873 XXX.
2346 3816 2422 3872 De
2463 3817 2745 3888 prophetis
2794 3818 3002 3874 nostris
3038 3819 3112 3874 ita
3141 3819 3367 3875 disserit
3396 3838 3411 3874 :
3447 3820 3645 3891 Impie-

2061 3911 2194 3965 tatis
2224 3911 2340 3965 sive
2370 3908 2740 3979 improbitatis
2787 3909 3139 3965 tenebrarum
3183 3926 3305 3967 esse
3349 3909 3640 3981 Spiritum,

2062 4003 2158 4073 qui
2198 3999 2443 4057 ascendit
2481 4001 2551 4056 ab
2590 4001 2792 4067 initio;
2843 4009 2898 4056 et
2943 4001 3015 4056 ob
3058 4001 3112 4055 id
3155 4003 3474 4058 aberrantes
3502 4004 3643 4058 nihil

2062 4094 2231 4150 locuti
2264 4100 2426 4160 sunt,
2457 4093 2603 4163 quod
2639 4094 2855 4148 illorum
2888 4095 3143 4165 princeps
3166 4093 3480 4152 obcaecatus
3512 4095 3641 4150 ani-

2065 4205 2155 4245 mo
2185 4188 2371 4245 fuerit.
2422 4188 2668 4256 Quorum
2708 4190 2803 4262 qui
2855 4191 3203 4247 sermonibus
3242 4191 3550 4256 auscultat,
3582 4192 3644 4248 in

2063 4287 2460 4355 sempiternum
2505 4287 2689 4357 perit,
2734 4283 2802 4339 ad
2848 4283 3061 4355 glebam
3105 4282 3381 4353 illigatus,
3431 4297 3535 4353 pro
3574 4298 3643 4338 eo

2064 4378 2211 4449 quod
2261 4375 2533 4433 Paracleti
2589 4376 2877 4431 scientiam
2936 4374 3163 4428 minime
3236 4373 3448 4428 didicit.
3495 4375 3641 4441 Quin

2065 4468 2233 4521 etiam
2287 4467 2425 4523 solis
2458 4466 2512 4521 id
2546 4466 2740 4521 electis
2786 4466 2903 4520 suis
2924 4506 2937 4528 ,
2985 4465 3078 4535 qui
3117 4481 3226 4519 non
3255 4466 3440 4535 plures
3473 4482 3640 4537 quam

373 4569 585 4641 μόνοις,
619 4568 680 4621 οὐ
709 4567 867 4621 πλέον
900 4567 1042 4621 ἑπτὰ
1073 4564 1192 4623 οὖσι
1223 4567 1313 4621 τὸν
1355 4567 1608 4638 ἀριθμόν·
1655 4567 1777 4622 Ἐὰν
1817 4567 1958 4620 παύ-

2066 4565 2273 4628 septem
2302 4556 2559 4621 fuerunt,
2602 4556 2706 4610 hoc
2742 4556 3060 4610 mandatum
3094 4554 3280 4609 dedit:
3320 4553 3420 4610 Ubi
3456 4556 3639 4609 cibum

372 4660 549 4732 σησθε
581 4659 871 4725 ἐσθίοντες,
901 4658 1144 4730 εὔχεσθε,
1171 4661 1266 4713 καὶ
1295 4658 1515 4729 βάλλετε
1546 4659 1640 4711 ἐπὶ
1670 4658 1772 4729 τῆς
1804 4676 1965 4727 κεφα-

372 4751 478 4822 λῆς
506 4751 685 4806 ἔλαιον
717 4751 1115 4823 ὲξωρκισμένον
1142 4753 1367 4823 ὀνόμασι
1395 4752 1628 4820 πολλοῖς,
1665 4752 1799 4823 πρὸς
1833 4769 1964 4822 στη-

376 4841 576 4913 ριγμὺν
613 4842 712 4912 τῆς
741 4842 975 4907 πίστεως
1002 4844 1223 4914 ταύτης.
1271 4844 1350 4897 Τὰ
1395 4844 1451 4898 δὲ
1480 4844 1719 4914 ὀνόματά
1749 4861 1838 4914 μοι
1867 4845 1966 4897 οὐκ

377 4932 732 5005 ἐφανερώθη·
766 4935 916 5005 μόνοι
944 4936 1052 5007 γὰρ
1078 4940 1126 4988 οἱ
1156 4936 1298 4988 έπτὰ
1330 4935 1537 4999 τούτοις
1562 4934 1818 5006 χρῶνται.
1856 4936 1967 4989 Καὶ

378 5026 547 5081 πάλιν
572 5025 635 5078 16
668 5027 798 5096 παρ’
829 5028 958 5097 ἡμῖν
996 5027 1175 5096 τίμιον
1212 5027 1306 5079 καὶ
1343 5027 1484 5096 μέγα
1512 5026 1682 5097 ὄνομα
1711 5025 1962 5092 Σαϐαὼθ,

375 5116 512 5170 αὐτὸ
540 5111 680 5169 εἶναι
703 5116 802 5186 τὴν
830 5117 991 5183 φύσιν
1024 5114 1118 5168 τοῦ
1149 5116 1460 5186 ἀνθρώπου,
1489 5116 1585 5169 καὶ
1615 5114 1829 5186 πατέρα
1865 5115 1965 5185 τῆς

376 5206 698 5278 ἐπιθυμίας.
754 5207 867 5261 Καὶ
913 5207 1002 5259 διὰ
1050 5206 1204 5260 τοῦτο
1253 5205 1509 5277 ἀπλάριοι
1547 5206 1567 5236 ³
1601 5204 1964 5276 προσκυνοῦσι

376 5300 483 5371 τὴν
510 5298 830 5369 ἐπιθυμίαν,
860 5298 991 5352 Θεὸν
1021 5301 1190 5370 αὐτὴν
1220 5298 1534 5369 ἡγούμενοι.

450 5480 591 5550 Περὶ⁸
606 5479 665 5533 δὲ
677 5478 772 5532 τοῦ
802 5479 993 5550 Ἀδὰμ,
1028 5477 1144 5543 πῶς
1167 5478 1412 5549 ἐκτίσθη,
1439 5478 1589 5547 λέγει
1617 5476 1807 5540 οὕτως’
1833 5478 1959 5530 Ὅτι

2065 4648 2444 4720 sumpseritis,
2475 4655 2649 4710 orate,
2684 4654 2739 4701 et
2763 4646 2940 4700 oleum
2967 4647 3262 4700 multorum
3291 4647 3641 4703 invocatione

2066 4741 2349 4808 nominum
2377 4746 2759 4794 consecratum
2792 4738 2846 4791 in
2879 4744 3042 4807 caput
3070 4738 3393 4807 inspergite,
3429 4746 3488 4790 ut
3525 4738 3641 4791 haec

2066 4832 2123 4886 in
2174 4831 2327 4886 vobis
2376 4829 2510 4884 ﬁdes
2548 4829 2955 4884 corroboretur.
2989 4826 3063 4881 De
3094 4826 3293 4897 quibus
3327 4829 3642 4883 nominibus

2066 4924 2204 4978 nihil
2238 4932 2322 4978 est
2352 4921 2486 4977 mihi
2527 4920 2933 4990 signiﬁcatum;
2981 4919 3082 4973 soli
3126 4919 3269 4972 enim
3315 4918 3393 4972 illi
3431 4930 3639 4989 septem

2067 5018 2155 5071 his
2181 5023 2427 5071 utuntur.
2458 5012 2727 5068 Praeterea
2761 5028 2977 5068 sacrum
3006 5010 3140 5066 illud
3174 5027 3237 5066 ac
3266 5011 3638 5066 venerandum

2069 5108 2209 5179 apud
2239 5122 2340 5161 nos
2369 5104 2611 5160 Sabaoth
2638 5118 2837 5158 nomen
2880 5104 3051 5173 ipsam
3084 5116 3206 5157 esse
3240 5102 3428 5155 dicunt
3463 5102 3641 5155 homi-

2068 5202 2156 5255 nis
2204 5205 2498 5258 naturam,
2544 5192 2976 5263 cupiditatisque
3013 5199 3245 5257 patrem.
3295 5189 3645 5260 Quapmptcr

2434 5326 2449 5341 .
2538 5284 2891 5356 cupiditatem
2923 5283 3174 5347 adorant,
3209 5288 3265 5337 et
3284 5297 3407 5337 esse
3429 5296 3637 5339 numen

2069 5382 2423 5436 arbitrantur.

2146 5473 2221 5528 De
2247 5472 2440 5527 Adami
2463 5470 2741 5526 creatione
2767 5467 2841 5521 ita
2869 5464 3033 5521 sentit
3061 5484 3074 5518 :
3107 5463 3244 5519 Eum
3265 5464 3360 5535 qui
3389 5463 3463 5518 ita
3493 5463 3651 5519 locu-

454 5637 473 5669 ⁸
501 5635 633 5691 Cor.
667 5637 818 5708 ἡμῖν.
893 5637 915 5668 ¹
940 5635 1202 5707 Expungo
1229 5635 1350 5690 οῦκ.
1424 5635 1444 5667 ³
1475 5634 1551 5691 De
1586 5636 1688 5689 hac
1728 5650 1883 5699 voce,
1909 5634 1961 5686 ἀι

2062 5648 2187 5703 ριοι,
2218 5629 2458 5684 viderint
2484 5626 2703 5682 eruditi.

458 5794 574 5865 (⁸51)
606 5793 977 5848 Ἐνετείλατυ
1019 5790 1087 5844 δὲ
1117 5792 1249 5865 τοῖς
1283 5791 1605 5865 ἐκλεκτοῖς.
1654 5788 1958 5865 _De__Mani-

383 5859 665 5923 clamorum
709 5865 1057 5919 audientibus
1086 5868 1140 5919 et
1204 5863 1393 5921 electis
1451 5864 1562 5933 agit
1614 5859 1862 5930 pluribus
1896 5863 1952 5916 in

2062 5789 2588 5914 Eocis’zfugustinus,
2621 5792 2929 5860 praesertim
2957 5790 3140 5839 contra
3171 5779 3475 5846 Faustum;
3513 5781 3649 5836 item

2110 5877 2159 5914 ι).
2260 5896 2276 5913 ο
3220 5892 3227 5902 .

2107 5877 2159 5931 p.
2199 5877 2276 5913 η.
3220 5892 3227 5902 .
