4076 6392
426 425 492 477 79
1831 400 1888 456 s.
1930 397 2272 454 EPIPHANII
3607 400 3677 454 so

421 541 514 584 tus
549 532 675 585 est:
719 521 896 577 Venite
923 565 938 588 ,
981 521 1245 592 faciamus
1292 519 1555 572 hominem
1599 517 1666 570 ad
1711 517 1993 584 imaginem

2100 515 2124 566 6
2173 512 2375 567 εἰπών·
2419 515 2618 578 Δεῦτε,
2671 515 2768 568 καί
2813 513 3159 582 ποιήσωμεν
3192 513 3504 580 ἄνθρωπον
3546 511 3675 567 κατ’

418 629 662 673 nostram
688 627 733 670 et
764 616 1186 671 similitudinem‘
1210 653 1223 675 ,
1259 614 1374 668 sive
1407 611 1473 664 ad
1510 625 1629 665 eam
1660 623 1824 678 quam
1855 606 1994 660 vidi-

422 723 546 763 mus
577 721 840 770 tormam,
873 704 1182 774 Principem
1215 718 1358 766 esse,
1405 703 1498 770 qui
1532 699 1758 769 reliquis
1791 698 1995 768 princi-

419 797 586 868 pibus
613 795 840 851 dixerit:
866 795 1085 857 Adeste,
1114 793 1237 847 date
1267 792 1396 846 mihi
1427 807 1492 846 ex
1530 792 1619 845 illa
1649 790 1770 844 luce
1789 828 1803 852 ,
1831 803 1994 858 quam

413 891 769 961 accepimus,
815 897 866 943 et
913 888 1175 957 faciamus
1201 886 1463 940 hominem
1494 884 1560 940 ad
1595 873 1873 945 nostrum,
1903 879 1994 952 qui

413 981 698 1050 \principes
725 994 917 1033 sumus
937 1018 951 1042 ,
978 975 1204 1046 eﬂlgiem
1228 1014 1243 1039 ,
1270 976 1488 1045 qualem
1515 974 1830 1045 aspeximus
1854 990 1870 1039 ;
1901 971 1995 1042 qui

423 1071 644 1141 quidem
669 1070 878 1139 primus
907 1067 1070 1122 homo
1094 1076 1216 1130 est,
1247 1067 1324 1120 ita
1359 1065 1634 1120 hominem
1669 1063 1993 1119 fabricasse.

424 1161 624 1217 Eadem
653 1169 709 1216 et
757 1160 921 1214 Evam
975 1160 1187 1214 ratione
1231 1157 1584 1221 condidisse,
1622 1155 1786 1228 647
1835 1156 1998 1226 eique

418 1257 492 1311 de
521 1268 621 1310 sua
647 1253 950 1323 cupiditate
981 1250 1048 1305 ad
1079 1250 1347 1305 Adamum
1377 1247 1760 1318 decipiendum
1795 1247 1996 1317 imper-

419 1347 597 1403 tiisse.
637 1346 719 1399 Ab
766 1346 834 1400 iis
878 1344 1044 1414 igitur
1086 1358 1152 1397 ex
1199 1341 1462 1412 principis
1509 1339 1730 1412 opiﬁcio
1759 1340 1998 1394 mundus

419 1440 525 1496 iste
556 1436 852 1492 fabricatus
879 1442 984 1490 est.

491 1529 684 1584 XXXI.
736 1529 816 1583 Ad
871 1527 988 1581 hazc
1038 1526 1206 1581 Deum
1259 1523 1398 1578 nihil
1450 1523 1652 1578 habere
1703 1536 1826 1576 cum
1891 1522 1996 1578 boc

421 1621 626 1677 mundo
671 1633 982 1682 commune,
1031 1631 1135 1670 nec
1177 1630 1243 1670 eo
1284 1615 1588 1680 delectari;
1628 1613 1774 1684 quod
1815 1613 1995 1683 ipsum

421 1711 717 1784 depraedati
768 1712 877 1766 sint
926 1709 1222 1780 principes,
1276 1720 1342 1760 ac
1391 1705 1696 1760 molestiam
1739 1704 1998 1760 exhibue-

417 1806 552 1860 rint.
582 1802 878 1872 PrOpterea
919 1799 1166 1869 quotidie
1194 1811 1292 1867 per
1332 1795 1515 1851 sidera
1550 1796 1678 1859 ista,
1722 1795 1894 1860 solem
1925 1795 1999 1848 vi-

415 1895 618 1950 delicet
649 1908 711 1947 ac
733 1893 937 1954 lunam,
981 1891 1217 1943 animam
1247 1900 1405 1942 suam
1435 1884 1670 1954 eripere,
1702 1884 1903 1953 quibus
1927 1884 1996 1938 ab

423 1986 698 2042 sideribus
733 1983 973 2037 mundus
999 1982 1314 2043 universus,
1346 1993 1411 2032 ac
1433 1975 1699 2047 quidquid
1724 1983 1807 2031 est
1835 1991 1994 2031 crea-

413 2087 537 2132 tum
573 2077 847 2146 diripitur.
883 2074 1017 2128 Eum
1056 2074 1148 2143 qui
1188 2087 1312 2126 cum
1346 2070 1550 2141 Moyse,
1594 2083 1658 2122 ac
1685 2066 1912 2130 Judteis,
1940 2073 1998 2123 et

418 2172 802 2228 sacerdotibus
845 2169 1062 2223 locutus
1095 2171 1200 2226 est,
1243 2161 1594 2217 tenebrarum
1640 2159 1813 2215 fuisse
1853 2159 1998 2229 prin-

412 2264 595 2332 cipem
625 2261 945 2317 existimat:
977 2272 1042 2310 ex
1075 2269 1184 2324 quo
1223 2252 1456 2308 edicitur
1497 2250 1842 2305 Christianos
1871 2264 1998 2304 cum

411 2353 622 2410 Judaais
648 2367 712 2407 ac
741 2349 1034 2421 gentilibus
1062 2361 1228 2400 unum
1259 2351 1313 2400 et
1342 2343 1484 2398 idem
1515 2357 1657 2404 esse,
1691 2349 1876 2412 utpote
1903 2343 1998 2412 qui

411 2446 670 2504 eumdem
716 2443 886 2499 Deum
925 2450 1268 2497 venerentur.
1303 2438 1408 2506 Qui
1451 2453 1552 2508 pro
1594 2437 1712 2493 suis
1751 2437 1876 2491 illos
1901 2449 1999 2489 cu-

420 2521 746 2610 piditatibus
783 2534 1005 2604 decipit,
1049 2549 1173 2588 cum
1219 2533 1356 2587 nihil
1387 2532 1572 2585 minus
1602 2528 1674 2584 sit
1709 2543 1876 2598 quam
1907 2544 2000 2583 ve-

420 2629 606 2685 ritatis
637 2627 802 2683 Deus.
853 2626 1036 2692 Quare
1078 2625 1171 2694 qui
1221 2622 1492 2694 ejusmodi
1536 2621 1647 2678 Deo
1692 2619 1996 2684 conﬁdunt,

423 2721 520 2792 qui
545 2735 669 2775 cum
701 2717 908 2789 Moyse,
938 2733 1002 2771 ac
1031 2716 1310 2786 prophetis
1340 2715 1556 2769 locutus
1591 2721 1697 2778 est,
1726 2711 2000 2767 vinciendi

421 2828 546 2869 cum
595 2813 688 2865 illo
726 2821 876 2877 sunt,
911 2809 1167 2879 quoniam
1218 2808 1468 2864 veritatis
1515 2808 1568 2860 in
1619 2803 1730 2860 Deo
1775 2805 2000 2859 minime

413 2904 729 2962 conﬁdunt.
766 2903 900 2957 Nam
953 2903 1042 2957 ille
1100 2903 1236 2956 alter
1289 2916 1386 2972 pro
1441 2901 1709 2971 ipsorum,
1741 2899 1819 2953 uti
1864 2898 1998 2964 dixi,

415 2995 648 3052 libidine
711 3011 834 3050 cum
878 2996 959 3049 eis
1011 2994 1230 3048 locutus
1295 3001 1398 3048 est.
1469 2993 1599 3050 Post
1650 2993 1767 3046 haec
1815 2990 2000 3046 omnia

421 3098 704 3160 postremo
729 3087 896 3142 utille
917 3086 1161 3156 scripsit,
1194 3085 1284 3141 ubi
1317 3101 1485 3141 senex
1513 3085 1804 3156 imaginem
1845 3099 1999 3137 suam

2096 611 2300 663 εἰκόνα
2348 610 2641 678 ἡμετέραν
2688 611 2786 662 καὶ
2844 612 2973 664 καθ’
3021 610 3327 677 ὁμοίωσιν,
3369 607 3402 678 ἢ
3442 605 3566 660 καθ’
3611 609 3678 677 ἣν

2097 699 2309 769 είδομεν
2350 701 2583 772 μορφὴν,
2614 702 2832 772 ⁸Ἄρχων
2859 701 3026 765 ἐστὶν,
3062 703 3091 753 6
3124 698 3292 752 εἰπὼν
3323 701 3434 762 τοῖς
3473 698 3679 770 ἑτέροις

2096 789 2375 860 ἄρχουσιν,
2407 792 2508 854 ὅτι,
2537 790 2721 854 Δεῦτε,
2748 791 2866 844 δότε
2903 808 2991 861 μοι
3029 793 3092 844 ἐκ
3132 789 3225 843 τοῦ
3255 789 3431 858 φωτὸς
3459 785 3519 842 οὗ
3556 789 3678 842 ἐλά-

2098 879 2293 952 ϐομεν,
2335 881 2433 934 καὶ
2468 881 2813 950 ποιήσωμεν
2860 881 3172 950 ἄνθρωπον
3209 880 3351 935 κατὰ
3389 880 3490 950 τὴν
3520 879 3678 950 ήμῶν

2096 973 2206 1028 τῶν
2234 975 2508 1046 ἀρχόντων
2537 974 2771 1046 μορφὴν,
2801 973 2921 1028 καθ’
2949 975 3016 1046 ὴν
3046 973 3277 1045 εἴδομεν,
3307 976 3336 1029 ὃ
3377 977 3492 1028 ἐστι
3522 973 3677 1044 πρῶο

2095 1081 2187 1129 τος
2225 1064 2538 1137 ἄνθρωπος·
2567 1067 2661 1118 καὶ
2691 1064 2868 1129 οὕτως
2893 1065 3074 1118 ἔκτισε
3111 1066 3202 1119 τὸν
3225 1065 3530 1137 ἄνθρωπον.
3563 1067 3676 1136 Τὴν

2097 1157 2155 1212 δὲ
2179 1156 2324 1212 Εὔαν
2347 1157 2548 1227 ὁμοίως
2585 1156 2824 1221 ἔκτισαν,
2852 1157 3034 1220 δόντες
3077 1158 3214 1228 αὐτῇ
3244 1160 3307 1211 ὲκ
3352 1155 3452 1226 τῆς
3485 1156 3677 1210 ἐπιθυο

2103 1248 2232 1318 μίας
2254 1247 2453 1311 αὐτῶν,
2490 1247 2624 1319 πρὸς
2655 1247 2716 1301 τὸ
2738 1246 3077 1318 ἐξαπατῆσαι
3100 1248 3190 1300 τὸν
3231 1247 3402 1318 Ἀδάμ
3427 1264 3442 1278 ο
3471 1249 3565 1302 καὶ
3593 1246 3680 1301 διά

2097 1339 2300 1393 τούτων
2355 1341 2576 1409 γέγονεν
2627 1341 2661 1410 ή
2695 1339 2891 1404 πλάσις
2936 1339 3030 1394 τοῦ
3073 1341 3282 1412 κόσμου
3327 1343 3393 1394 ἐκ
3439 1341 3541 1411 τῆς
3582 1340 3678 1395 τοῦ

2099 1431 2355 1505 ἄρχοντος
2379 1432 2755 1503 δημιουργίας.

2168 1525 2293 1576 ΛΑ’.
2320 1524 2423 1576 Τὸν
2467 1523 2524 1575 δὲ
2557 1523 2688 1576 Θεὸν
2726 1523 2802 1595 μὴ
2851 1523 2994 1594 ἔχειν
3042 1523 3206 1594 μέρος
3250 1525 3366 1594 μετ’
3389 1524 3554 1577 αὑτοῦ
3583 1521 3680 1578 τοῦ

2100 1615 2328 1686 κόσμου,
2364 1614 2498 1686 μηδέ
2527 1615 2737 1686 χαίρειν
2772 1618 2858 1669 ἐπ’
2893 1615 3063 1686 αὐτῷ,
3108 1615 3197 1668 διὰ
3224 1616 3282 1668 τὸ
3303 1615 3362 1682 ἐξ
3390 1615 3565 1686 ἀρχῆς
3589 1633 3682 1668 σε-

2101 1705 2363 1776 συλῆσθαι
2381 1706 2544 1759 αὐτὸν
2573 1706 2679 1760 ὑπὸ
2705 1705 2812 1760 τῶν
2828 1707 3123 1778 ἀρχόντων,
3149 1707 3241 1760 καὶ
3259 1707 3511 1775 γενέσθαι
3533 1707 3683 1778 αὐτῷ

2100 1794 2298 1866 θλίψιν.
2327 1795 2530 1850 Τούτου
2551 1797 2709 1868 χάριν
2733 1798 2940 1868 πέμπει
2967 1797 3062 1851 καὶ
3091 1798 3228 1868 συλᾷ
3257 1798 3350 1850 ἀπ’
3385 1799 3564 1851 αὐτῶν
3581 1801 3682 1867 τὴν

2098 1886 2276 1959 ψυχὴν
2307 1887 2472 1942 αὐτοῦ
2502 1888 2624 1942 καθ’
2656 1891 2873 1962 ἡμέραν
2925 1888 3015 1941 διά
3064 1889 3174 1942 τῶν
3208 1890 3512 1960 φωστήρων
3553 1890 3680 1942 τούς

2098 1995 2227 2044 των,
2253 1979 2408 2050 ἡλίου
2443 1979 2539 2033 καὶ
2589 1981 2838 2051 σελήνης,
2881 1981 2972 2050 ὑφ’
3001 1975 3078 2034 ὧν
3127 1979 3249 2043 ὅλος
3297 1983 3326 2034 6
3350 1982 3554 2051 κόσμος
3589 1982 3684 2034 καὶ

2099 2074 2313 2144 πᾶσαή
2363 2072 2541 2136 κτίσις
2594 2074 2922 2145 ἀρπάζεται.
2968 2073 3070 2126 Τὸν
3099 2073 3156 2126 δὲ
3212 2074 3519 2145 λαλήσαντα
3545 2073 3685 2145 μετά

2099 2164 2378 2229 Μωῦσέως
2411 2164 2644 2218 καὶτῶν
2685 2165 2974 2230 Ἰουδαίων,
3031 2166 3125 2219 καὶ
3178 2165 3288 2218 τῶν
3326 2167 3537 2238 ἱερέων,
3589 2167 3684 2220 τδν

2099 2254 2337 2326 ἄρχοντα
2365 2255 2513 2323 λέγει
2536 2250 2674 2309 εἶναι
2697 2256 2792 2309 τοῦ
2827 2257 3053 2321 σκότους
3070 2275 3084 2289 ·
3121 2257 3262 2311 ὥστε
3291 2259 3351 2312 ἐν
3372 2260 3476 2312 είσι
3502 2261 3597 2314 καὶ
3621 2260 3687 2314 τδ

2099 2348 2233 2401 αὐτὸ
2260 2348 2313 2401 οἶ
2331 2365 2389 2400 τε
2414 2349 2728 2418 Χριστιανοὶ
2765 2351 2860 2404 καὶ
2883 2353 2932 2404 oi
2974 2351 3236 2414 Ἰουδαῖοι,
3257 2353 3352 2407 καὶ
3376 2355 3425 2406 οἱ
3458 2353 3681 2419 ἐθνικοὶ,

2099 2438 2188 2491 τὸν
2233 2439 2394 2493 αὐτόν
2432 2440 2564 2494 Θεὸν
2602 2441 2870 2507 σέϐοντες.
2923 2444 3010 2497 Ἐν
3052 2443 3162 2514 γὰρ
3203 2448 3324 2510 ταῖς
3367 2444 3685 2515 ἐπιθυμίαις

2099 2526 2266 2580 αὐτοῦ
2318 2529 2568 2602 ἐξαπατᾷ
2618 2533 2837 2598 αὐτοὺς,
2863 2535 2961 2588 οὐκ
2986 2534 3063 2588 ὢν
3093 2535 3352 2607 ἀληθείας
3404 2537 3556 2601 Θεός.
3587 2539 3686 2593 Διά

2099 2619 2256 2674 τοῦτο
2300 2617 2393 2674 οὖν
2438 2625 2552 2677 ὅσοι
2596 2627 2681 2679 ἐπ’
2707 2629 2910 2680 ἐκεῖνον
2960 2627 3236 2693 ἐλπίζουσι
3282 2629 3372 2682 τὸν
3417 2631 3551 2684 Θεὸν
3593 2631 3684 2685 τὸν

2104 2714 2241 2783 μετὰ
2269 2716 2547 2780 Μωῦσέως
2597 2719 2905 2791 λαλήσαντα
2933 2721 3027 2774 καὶ
3075 2723 3184 2774 τῶν
3214 2722 3528 2794 προφητῶν,
3567 2726 3684 2794 μετ’

2101 2805 2264 2858 αὑτοῦ
2295 2806 2476 2876 έχουσι
2509 2808 2752 2878 δεθῆναι,
2779 2812 2862 2864 ὅτι
2904 2813 3004 2865 οὐκ
3037 2812 3272 2883 ἧλπισαν
3310 2815 3402 2867 ἐπὶ
3436 2813 3526 2867 τὸν
3552 2815 3688 2870 Θεὸν

2099 2895 2199 2966 τῆς
2232 2897 2505 2967 ἀληθείας.
2547 2901 2783 2965 Ἐκεῖνος
2814 2903 2924 2974 γὰρ
2955 2903 3094 2956 κατά
3130 2905 3230 2966 τὰς
3255 2906 3550 2974 ἐπιθυμίας
3584 2908 3685 2960 αὑ-

2101 2984 2210 3037 τῶν
2243 2987 2472 3058 ἐλάλησε
2501 2991 2628 3066 μετέ
2660 2991 2859 3045 αὐτῶν.
2910 2995 3065 3048 Μετά
3107 2995 3164 3047 δὲ
3192 2995 3369 3048 πάντα
3393 2995 3564 3050 ταῦτα
3593 2995 3687 3050 ἐπὶ

2102 3074 2246 3128 τέλει
2265 3075 2436 3145 λέγει,
2469 3079 2650 3144 καθὼς
2667 3082 2830 3146 αὐτὸς
2860 3083 3117 3155 ἔγραψεν,
3143 3087 3172 3138 6
3202 3086 3535 3158 πρεσϐύτης,
3557 3089 3686 3142 ὅταν

413 3181 741 3245 ostenderit,
783 3189 915 3233 tunc
960 3178 1184 3247 Bajulus
1210 3187 1413 3233 terram
1453 3187 1611 3234 extra
1663 3195 1723 3233 se
1753 3178 1998 3241 dimittit,

2105 3171 2357 3240 προφανῇ
2390 3171 2554 3224 αὑτοῦ
2587 3173 2688 3244 τὴν
2717 3173 2922 3237 εἰκόνα,
2959 3177 3079 3229 τότε
3114 3179 3142 3230 6
3177 3179 3473 3249 Ὠμοφόρος
3519 3181 3685 3250 ἀφίη-

421 3271 659 3343 indeque
697 3273 990 3328 vehemens
1040 3271 1180 3341 ignis
1219 3286 1515 3341 erumpens
1553 3271 1821 3324 mundum
1876 3285 2004 3325 con-

419 3366 589 3418 sumit
631 3365 967 3419 uuiversum.
1010 3362 1212 3418 Deinde
1254 3364 1465 3433 glebam
1499 3378 1642 3418 novo
1681 3378 1808 3416 cum
1851 3377 2004 3417 mone

424 3458 613 3519 nIittit,
655 3463 716 3511 ut
759 3472 949 3511 omnes
1003 3463 1351 3525 peccatorum
1392 3456 1588 3511 anima:
1634 3456 1689 3510 in
1737 3466 2000 3511 aeternum

423 3548 656 3603 vinculis
703 3547 1013 3602 consn‘icta:
1049 3553 1356 3600 teneantur.
1405 3545 1537 3610 Qua:
1573 3553 1688 3601 tum
1725 3545 1998 3610 accident,

419 3654 552 3696 cum
599 3639 957 3695 simulacrum
999 3636 1302 3690 advenerit.
1336 3635 1613 3705 Quidquid
1653 3653 1782 3692 vero
1812 3653 2003 3707 propa—

425 3739 566 3804 gata:
598 3730 802 3786 sobolis
834 3737 941 3792 est,
989 3737 1118 3798 puta
1151 3725 1334 3793 Jesus,
1385 3729 1479 3798 qui
1528 3729 1741 3784 minore
1784 3731 2002 3801 navigio

419 3825 664 3887 vehitur,
696 3830 751 3878 et
783 3823 905 3877 vita:
934 3831 1110 3878 mater
1143 3828 1196 3877 et
1227 3823 1620 3892 gubernatores
1643 3837 1740 3885 xu,
1774 3829 1828 3877 et
1864 3823 2002 3880 lucis

423 3917 604 3986 virgo,
634 3922 689 3970 et
728 3914 926 3968 tertius
965 3928 1153 3978 senex,
1201 3915 1293 3983 qui
1333 3914 1388 3967 in
1427 3913 1634 3982 majore
1669 3915 1886 3984 navigio
1914 3929 2001 3969 re-

427 4004 593 4069 sidet,
627 4019 735 4058 una
763 4018 888 4056 cum
916 4004 1041 4057 vivo
1066 4003 1286 4074 spiritu,
1309 4010 1362 4056 et
1390 4002 1628 4072 ingentis
1653 4002 1795 4071 ignis
1822 4018 1998 4068 muro,

424 4098 683 4167 ventique
709 4096 914 4167 pariter
960 4110 1139 4159 muro,
1177 4101 1232 4149 et
1269 4094 1436 4158 aeris,
1467 4107 1642 4168 aquae,
1691 4093 1908 4162 vivique
1948 4101 2004 4148 et

425 4189 718 4244 exterioris
756 4188 918 4258 ignis,
956 4186 1098 4256 apud
1127 4186 1384 4256 exiguum
1423 4185 1576 4240 sidus
1607 4184 1876 4248 habitant,
1904 4185 2005 4241 do-

424 4295 530 4335 nec
576 4280 892 4334 incendium
938 4280 1259 4333 universum
1303 4275 1566 4329 mundum
1615 4275 1906 4342 absumat;
1948 4277 2005 4332 id

425 4371 576 4442 quod
610 4383 762 4427 certo
793 4385 1062 4424 annorqu
1100 4370 1278 4438 spatio
1307 4369 1609 4438 continget,
1638 4383 1874 4437 quorum
1899 4384 2003 4422 nu-

421 4479 637 4521 merum
673 4462 881 4518 nescio.
935 4462 1146 4528 Quibus
1193 4459 1454 4530 perfectis
1493 4469 1706 4514 naturae
1738 4459 1860 4514 duas
1889 4461 2000 4530 pri-

2107 3275 2190 3312 σιν
2219 3259 2325 3326 ἔξω
2342 3259 2440 3332 την
2469 3265 2593 3334 γῆν,
2641 3267 2736 3319 καὶ
2763 3264 2932 3332 οὕτως
2971 3269 3265 3323 ἀπολύεται
3291 3270 3351 3324 τὸ
3385 3272 3526 3341 μέγα
3551 3272 3684 3343 πῦρ,

2105 3354 2200 3405 καὶ
2247 3352 2366 3407 ὅλον
2416 3355 2696 3411 ἀναλίσκει
2725 3359 2819 3412 τὸν
2849 3363 3073 3431 κόσμον.
3115 3360 3248 3416 Εἶτα
3297 3363 3458 3418 πάλιν
3492 3364 3686 3434 ἀφίησι

2103 3445 2195 3498 τὸν
2229 3445 2399 3515 βῶλον
2439 3448 2577 3518 μετὰ
2602 3449 2696 3502 τοῦ
2723 3451 2845 3504 νέου
2875 3453 3102 3516 Αίῶνος,
3129 3455 3278 3517 ὅπως
3305 3457 3475 3508 πᾶσαι
3507 3459 3564 3508 αί
3584 3455 3692 3525 ψυ-

2103 3541 2197 3610 χαὶ
2223 3541 2331 3595 τῶν
2367 3542 2710 3613 ἁμαρτωλῶν
2758 3544 2985 3598 δεθῶσιν
3013 3548 3094 3609 είς
3136 3545 3226 3599 τὸν
3253 3546 3443 3600 αἰῶνα.
3476 3548 3610 3600 Τότε
3629 3546 3686 3600 δὲ

2104 3632 2276 3688 ταῦτα
2306 3636 2618 3705 γενήσεται,
2649 3636 2776 3689 ὅταν
2802 3639 2831 3690 6
2858 3637 3080 3709 ἀνδριὰς
3105 3637 3253 3711 ἔλθῃ.
3296 3641 3363 3692 Δί
3393 3640 3449 3692 δέ
3496 3639 3690 3710 προϐο-

2103 3725 2192 3778 λαὶ
2227 3727 2420 3795 πᾶσαι,
2476 3729 2504 3780 6
2542 3727 2770 3799 Ἰησοῦς,
2811 3730 2839 3781 6
2867 3731 2925 3781 ὲν
2957 3729 3034 3800 τῷ
3065 3731 3246 3802 μικρῷ
3286 3731 3474 3802 πλοίῳ,
3533 3730 3626 3786 καὶ
3652 3733 3686 3801 ή

2107 3819 2292 3890 μήτηρ
2316 3818 2415 3888 τῆς
2438 3817 2603 3889 ζωῆς,
2666 3821 2759 3872 καὶ
2785 3822 2834 3872 oi
2883 3819 3090 3874 δώδεκα
3119 3822 3468 3894 κυϐερνῆται,
3519 3825 3612 3877 καὶ
3651 3825 3686 3896 ή

2103 3909 2374 3981 παρθένος
2395 3909 2490 3963 τοῦ
2514 3910 2710 3978 φωτὸς,
2757 3913 2852 3965 καὶ
2877 3913 2906 3964 6
2957 3913 3268 3986 πρεσϐύτης
3293 3916 3322 3967 ό
3345 3915 3547 3986 τρίτος,
3577 3918 3606 3970 ὁ
3629 3917 3686 3969 ἐν

2101 4003 2181 4072 τῷ
2213 4001 2431 4073 μεγάλῳ
2463 4002 2652 4074 πλοίῳ,
2679 4004 2775 4056 καί⁷
2803 4004 2862 4057 τὸ
2891 4003 2999 4069 ζῶν
3054 4006 3271 4077 πνεῦμα
3303 4007 3396 4060 καὶ
3429 4008 3489 4060 τὸ
3510 4011 3687 4078 τεῖχος

2102 4093 2196 4146 τοῦ
2219 4093 2457 4164 μεγάλου
2487 4095 2679 4166 πυρὸς,
2726 4096 2820 4148 καὶ
2862 4096 2924 4149 τὸ
2977 4101 3152 4169 τεῖχος
3180 4099 3275 4152 τοῦ
3333 4101 3556 4170 ἀνέμου,
3593 4102 3688 4154 καὶ

2101 4183 2195 4237 τοῦ
2228 4185 2412 4256 ἀέρος,
2435 4186 2648 4239 καὶτοῦ
2678 4187 2885 4253 ὓδατος,
2915 4189 3009 4242 καὶ
3044 4189 3139 4243 τοῦ
3163 4189 3364 4244 ἔσωθεν
3389 4191 3560 4261 πυρὸς
3591 4190 3685 4244 τοῦ

2103 4273 2328 4340 ζῶντος,
2360 4277 2495 4347 πρὸς
2527 4277 2618 4331 τὸν
2646 4278 2842 4350 μικρὸν
2895 4284 3162 4352 φωστῆρα
3205 4281 3464 4345 οἰκοῦσιν,
3527 4283 3686 4354 ἄχρις

2104 4368 2172 4422 ἂν
2192 4369 2252 4421 τὸ
2280 4368 2392 4440 πῦρ
2414 4370 2770 4443 καταναλώσῃ
2814 4372 2904 4425 τὸν
2953 4374 3153 4443 κόσμον
3213 4375 3351 4440 ὅλον,
3406 4377 3464 4428 ἐν
3501 4379 3688 4440 ποσοῖς

2106 4474 2236 4511 ποτε
2266 4459 2462 4522 ἐτεσιν,
2493 4455 2568 4514 ὧν
2594 4463 2692 4516 οὐκ
2720 4463 2920 4533 ἔμαθον
2959 4464 3058 4535 τὴν
3093 4465 3385 4535 ποσότητα.
3410 4467 3517 4520 Καὶ
3548 4467 3686 4537 μετά

425 4558 630 4612 stinum
671 4555 726 4608 in
770 4560 971 4608 statum
1016 4551 1370 4609 restituendae
1419 4559 1569 4618 sunt,
1616 4567 1681 4606 ac
1721 4552 1998 4621 principes

2103 4549 2280 4604 ταῦτα
2300 4551 2742 4618 ἀποκατάστασις
2775 4555 2924 4609 ἔσται
2958 4556 3067 4610 τῶν
3102 4557 3195 4610 δύο
3239 4559 3472 4626 φύσεων.
3498 4562 3608 4614 Καὶ
3633 4561 3685 4614 oi

423 4649 687 4705 inferiora
727 4647 938 4702 sediqu
975 4660 1196 4700 suarum
1229 4643 1485 4708 incolent,
1531 4645 1816 4713 superiora
1841 4643 1998 4700 Pater

2104 4641 2363 4712 ἄρχοντες
2395 4645 2764 4714 οἰκήσουσιτά
2796 4646 3079 4720 κατώτερα
3114 4649 3254 4720 μέρη
3271 4651 3510 4713 ἑαυτῶν,
3545 4655 3575 4704 6
3623 4653 3682 4706 δὲ

423 4739 739 4812 occupabit,
776 4755 840 4791 ac
879 4739 1055 4791 locum
1099 4751 1257 4792 suum
1309 4735 1554 4804 recipiet.
1592 4733 1744 4790 Hanc
1781 4749 1998 4790 omnem

2105 4733 2294 4806 Πατὴρ
2317 4736 2386 4789 τά
2414 4737 2683 4810 ἀνώτερα,
2743 4740 2804 4792 τὸ
2838 4740 2966 4794 [διον
3005 4742 3312 4796 ἀπολαϐών.
3371 4744 3588 4815 Ταύτην
3621 4746 3682 4799 δὲ

423 4833 736 4889 doctrinam
785 4828 1114 4883 Manichacus
1178 4828 1355 4882 tribus
1408 4825 1693 4895 discipulis
1734 4825 1998 4892 tradidit,

2105 4828 2284 4880 πᾶσαν
2311 4828 2410 4897 τὴν
2452 4829 2796 4884 διδασκαλίαν
2847 4833 3129 4903 παρέδωκε
3157 4837 3270 4898 τοῖς
3314 4835 3495 4905 τρισὶν
3519 4836 3685 4889 αὐτοῦ

377 4949 382 4954 -
423 4926 720 4995 variasque
761 4923 816 4976 in
866 4922 1117 4993 regiones
1146 4920 1375 4976 dimisit.
1421 4918 1587 4974 Addas
1613 4916 1808 4974 Oriens
1851 4919 1998 4973 obti-

2109 4919 2393 4990 μαθηταῖς,
2419 4922 2680 4986 κελεύσας
2728 4925 2956 4977 ἕκαστον
3004 4927 3083 4990 είς
3138 4926 3390 4997 κλήματα
3411 4931 3432 4960 ³
3457 4928 3680 4982 ὁδεύειν-

427 5019 525 5087 git,
578 5015 800 5069 Thoma:
852 5012 1030 5084 Syria,
1078 5009 1340 5067 Hermeas
1403 5012 1544 5066 alius
1596 5013 1651 5066 in
1702 5009 1998 5083 Egyptum

2102 5002 2214 5061 Καὶ
2241 5011 2270 5061 6
2313 5011 2411 5080 μὲν
2456 5011 2639 5076 Ἀδδᾶς
2681 5014 2748 5066 τά
2790 5015 2889 5084 τῆς
2928 5015 3215 5084 Ἀνατολῆς
3246 5016 3388 5086 μέρη
3418 5015 3624 5086 ἔλαχεν,
3655 5017 3684 5068 6

427 5104 709 5176 profectus
731 5111 836 5166 est,
863 5102 1063 5172 quibus
1095 5102 1150 5154 in
1182 5102 1316 5154 locis
1355 5101 1421 5155 ad
1455 5099 1779 5155 hodiernum
1827 5117 1998 5170 usque

2107 5097 2163 5150 δὲ
2185 5100 2385 5169 Θωμᾶς
2417 5102 2516 5173 τὴν
2549 5103 2735 5174 Σύρων
2762 5104 2866 5173 γῆν
2909 5104 3283 5176 κεκλήρωται·
3348 5105 3602 5176 Ἑρμείας
3625 5105 3682 5158 δὲ

425 5199 569 5250 diem
598 5203 840 5256 manent,
871 5191 1256 5264 umquam
1276 5192 1472 5262 dogma
1504 5208 1664 5248 suum
1699 5209 1764 5249 ac
1794 5204 1998 5251 sectam

2106 5188 2266 5253 ἄλλος
2286 5189 2385 5261 τὴν
2410 5193 2489 5254 είς
2513 5193 2784 5261 Αἴγυπτον
2805 5195 3029 5266 πορείαν
3054 5197 3345 5266 ἐποιήσατο
3363 5212 3376 5225 ·
3403 5196 3494 5248 καὶ
3523 5195 3683 5266 μέχρι

427 5289 678 5344 stabilire
707 5285 1062 5342 contendunt.

2110 5284 2346 5353 σήμερον
2381 5286 2559 5337 ἐκεῖσε
2601 5284 2955 5356 διατρίϐουσι,
3005 5286 3105 5357 τὴν
3135 5285 3230 5338 τοῦ
3255 5285 3524 5356 δόγματος
3553 5286 3684 5338 ὑπό-

2111 5371 2258 5425 θεσιν
2281 5374 2474 5443 στῆσαι
2503 5375 2764 5440 θέλοντες.

496 5461 714 5518 XXXII.
758 5460 883 5516 Haec
922 5477 1023 5531 ego
1071 5477 1138 5516 ex
1177 5459 1428 5514 Archelai
1478 5460 1618 5515 libro
1649 5461 1998 5529 proponenda

426 5559 637 5628 putavi.
667 5562 841 5626 Atque
871 5556 984 5608 hac
1017 5554 1218 5607 scholae
1251 5552 1395 5607 illius
1417 5552 1833 5623 disciplinaque
1867 5568 2000 5608 con-

428 5647 720 5704 stituendae
748 5646 889 5701 ratio
925 5645 1048 5713 fuit,
1077 5661 1174 5715 per
1211 5660 1374 5718 quam
1403 5645 1591 5700 lolium
1641 5646 1696 5699 in
1730 5645 1998 5702 mundum

514 5815 529 5839 '
552 5821 689 5878 Gen.
718 5837 759 5890 ι,
779 5821 863 5877 9.6.
955 5823 975 5854 ²
995 5821 1128 5889 Leg.
1155 5824 1417 5892 κλίματα.-
1487 5823 1507 5860 ¹
1539 5819 1608 5884 ἲ.
1641 5826 1962 5893 συνέστησε.

2179 5464 2302 5518 AB'.
2332 5465 2518 5521 Ταῦτά
2547 5470 2694 5522 ἐστιν
2714 5471 2858 5542 ἀπερ
2887 5470 3088 5541 ἐθέμην
3116 5469 3222 5524 ἀπὸ
3253 5469 3349 5522 τοῦ
3391 5467 3682 5541 Ἀρχελάου

2109 5556 2312 5626 βιϐλίου
2334 5559 2424 5612 τοῦ
2451 5563 2867 5634 προειρημένου.
2893 5564 3004 5617 Καὶ
3033 5563 3173 5618 οὕτω
3204 5563 3430 5632 συνέστη
3457 5562 3476 5592 ⁸
3500 5561 3560 5614 τὸ
3585 5561 3685 5614 αὺ-

2103 5649 2199 5705 τοῦ
2223 5652 2591 5710 διδασκαλεῖον
2613 5653 2959 5720 ζιζανιώδους
2997 5657 3054 5709 ἐν
3101 5655 3294 5727 κόσμῳ
3331 5655 3559 5726 σπορᾶς,
3588 5651 3683 5707 καὶ
