4076 6392
385 303 451 360 81
1042 312 1416 371 ADVERSUS
1453 316 1794 376 HERESES
1833 318 1963 377 LIB.
1997 320 2064 375 II.
2101 323 2262 378 TOM.
2304 323 2367 379 11.
2406 357 2476 368 —
2509 325 2784 382 IUERES.
2818 325 3000 382 LXVI.
3587 329 3659 386 82

381 421 456 474 τά
489 421 776 495 ζιζανιώδη
811 425 912 496 τῆς
945 428 1106 482 αὐτοῦ
1134 430 1484 498 διδασκαλίας
1512 434 1797 506 ἐξεμέσας.
1824 438 1961 492 Πόσα

2077 439 2497 498 disseminatum
2547 452 2651 501 est.
2702 443 2839 499 Huic
2887 444 3031 499 enim
3084 441 3280 498 semini
3325 441 3656 499 simillimam

379 510 443 564 δέ
470 529 555 576 τις
581 514 873 584 ὑπενέγκοι
903 519 1039 588 πρὸς
1066 521 1166 590 τὴν
1188 525 1459 594 τοσαύτην
1482 525 1734 597 διαὸολὴν
1753 527 1848 581 τοῦ
1880 547 1972 602 μι-

384 602 617 672 μολόγου
642 606 853 673 τούτου,
890 611 967 674 ὡς
995 615 1158 668 παντί
1196 633 1300 671 που
1328 617 1486 688 δῆλον
1509 617 1628 689 sini
1665 621 1781 675 Κάν
1800 638 1859 674 τε
1897 622 1972 695 μὴ

379 693 743 758 ἐπιξεσθῶσιν
772 701 827 751 at
883 700 1058 766 λέξεις
1109 705 1247 777 πρὸς
1288 708 1618 781 ἀνατροπὴν,
1650 693 1974 781 ἀρκέσουσιν

378 786 463 849 είς
484 788 749 858 αἰσχύνην
777 792 940 861 μόνον
961 794 1022 846 τὸ
1053 796 1274 864 εἰδέναι,
1320 800 1401 853 ὅτι
1431 780 1603 854 ταῦτα
1635 780 1766 874 παρ’
1789 803 1974 869 αὐτοῖς

377 879 761 948 νομιστεύεται
795 883 1076 942 ἀσύστατα
1109 889 1258 954 ὄντα,
1295 892 1390 947 καὶ
1436 892 1708 964 μηδεμίαν
1744 894 1973 967 δύναμιν

378 968 595 1038 ἔχοντα.
627 973 711 1026 Τὰ
744 976 845 1044 μὲν
871 978 979 1050 γάρ
1028 981 1222 1052 πρῶτα
1255 986 1314 1038 ἐν
1367 987 1478 1049 τοῖς
1510 986 1781 1057 δευτέροις
1805 1005 1974 1043 κατα-

376 1061 498 1116 λύει
521 1081 535 1094 °
572 1065 644 1118 τά
690 1067 749 1120 δὲ
777 1070 1008 1144 δεύτερα
1046 1074 1211 1146 ἐτερα
1241 1079 1391 1148 παρὰ
1415 1080 1484 1134 τὰ
1516 1080 1706 1152 πρῶτα
1735 1082 1972 1154 φθέγγε-

376 1170 490 1248 ται.
536 1156 656 1248 Ὀτέ
691 1160 792 1223 μὲν
819 1163 928 1234 γὰρ
955 1165 1046 1218 τὸν
1079 1169 1282 1239 κόσμον
1317 1170 1382 1224 ἐκ
1416 1171 1552 1225 Θεοῦ
1575 1173 1721 1226 θέλει
1746 1177 1973 1248 γεγενῆ-

379 1243 530 1308 σθαι,
565 1247 655 1299 ὁτὲ
681 1248 739 1301 δὲ
774 1252 839 1304 ἐκ
861 1253 970 1306 τῶν
996 1256 1295 1326 ἀρχόντων,
1329 1261 1532 1314 καὶτὸν
1557 1262 1692 1316 Θεὸν
1826 1243 1972 1337 ἐχειν

381 1338 466 1399 είς
497 1337 589 1390 τὸν
627 1340 835 1412 κόσμον
864 1361 918 1397 τι
967 1347 1159 1412 αῐτιον,
1207 1349 1345 1404 ἀλλά
1365 1353 1734 1424 ἀπολλύμενον
1757 1356 1850 1410 τὸν
1879 1358 1972 1412 κό-

376 1443 539 1496 σμον.
595 1430 734 1484 Ποτέ
766 1433 822 1486 δὲ
872 1437 934 1488 τὸ
969 1439 1257 1510 στερέωμα
1301 1441 1545 1514 δέρματα
1573 1441 1844 1500 εἶναιτῶν
1875 1449 1974 1522 ἀρ-

373 1516 581 1585 χόντων
611 1520 832 1587 φάσκει,
858 1525 988 1576 ποτὲ
1021 1526 1077 1578 δὲ
1113 1529 1476 1600 σταυροῦσθαι
1504 1533 1643 1586 αὐτὰ
1665 1534 1777 1588 ἄνω
1802 1537 1861 1588 ἐν
1893 1535 1972 1606 τῷ

374 1608 546 1678 πόλῳ,
572 1614 934 1683 κατατρέχειν
980 1617 1074 1669 καὶ
1133 1625 1436 1693 συννεφεῖν,
1489 1624 1583 1677 καὶ
1629 1625 1821 1696 όργᾷν,
1876 1631 1973 1682 καὶ

371 1699 784 1771 ἐξοιστροῦσθαι
821 1706 958 1777 πρὸς
1000 1707 1099 1780 τὴν
1117 1711 1216 1782 τῆς
1239 1714 1510 1784 παρθένου
1537 1714 1686 1784 θέαν,
1710 1721 1804 1772 καὶ
1833 1721 1972 1792 πρὸς

371 1791 474 1862 τὴν
501 1792 814 1867 ὡραιότητα
843 1797 937 1851 τοῦ
967 1801 1203 1858 νεανίου.

443 2055 559 2107 Καὶ
587 2055 633 2108 ὣ
655 2055 856 2129 πολλῆς
876 2061 1168 2131 αίσχύνηςί
1197 2063 1263 2117 Τί
1287 2064 1395 2136 τὰρ
1413 2066 1604 2122 τούτου
1637 2065 1968 2144 μοχθηρότε-

375 2161 492 2215 ρον,
533 2148 861 2221 ἀηδέστερόν
916 2169 976 2204 τε
1025 2155 1119 2206 καὶ
1165 2158 1586 2230 αὶσχρότατονί,
1642 2161 1706 2214 τὸ
1750 2161 1966 2232 θήλειαν

371 2237 552 2307 ἐαυτῷ
591 2240 899 2295 ἀνατυποῦν
946 2244 1006 2297 τὸ
1032 2245 1259 2316 Πνεῦμα
1291 2249 1390 2320 τῆς
1423 2249 1715 2320 ἀληθείας;
1774 2253 1862 2306 ὁτὲ
1909 2253 1965 2306 δὲ

369 2329 730 2400 ἀῤῥενοειδῶς
750 2333 1082 2389 ὀπτάνεσθαι
1125 2341 1239 2402 τοῖς
1270 2339 1562 2412 ἀρχουσιν;
1598 2344 1832 2417 Αίσχρὸν
1868 2346 1965 2416 μὲν

369 2421 483 2491 γὰρ
513 2428 791 2493 παροινεῖν
828 2428 889 2480 τὸ
946 2428 1112 2500 ἄνδρα
1141 2431 1561 2502 θηλυεύεσθαι’,
1613 2436 1709 2488 καὶ
1771 2437 1828 2489 ἐν
1869 2437 1964 2508 θη-

365 2512 524 2576 λείας
561 2519 742 2586 μορφῇ
777 2517 1043 2590 ὑπάρχειν
1065 2537 1076 2548 ·
1118 2523 1472 2593 αἰσχρότατον
1516 2525 1576 2576 δέ
1605 2527 1767 2579 πάλιν
1807 2527 1867 2580 τὸ
1896 2528 1964 2582 τὰ

365 2601 571 2670 γύναια
604 2605 1013 2674 ἀνδραῖζεσθαι,
1057 2611 1152 2665 καὶ
1179 2612 1273 2664 τοῦ
1313 2614 1503 2685 ἀνδρὸς
1531 2616 1716 2687 φέρειν
1749 2619 1809 2670 τὸ
1834 2619 1964 2690 σχῆ-

370 2712 468 2763 μα.
501 2697 609 2748 Καὶ
641 2699 760 2762 πῶς
791 2702 914 2771 οὐχὶ
944 2702 1144 2773 ἀρετῆς
1163 2704 1222 2757 ὃν
1243 2707 1467 2778 Πνεῦμα
1497 2709 1590 2760 καὶ
1621 2709 1782 2773 θεῖον,
1818 2711 1964 2783 ὑϐρι-

365 2783 602 2854 ζόμενον
646 2789 846 2856 μᾶλλον
875 2793 1231 2866 εὑρεθήσεται
1275 2797 1427 2868 παρὰ
1465 2799 1561 2852 τοῦ
1586 2801 1960 2873 πλαστουργοῦ

363 2875 561 2930 τούτου
579 2879 772 2950 Μάνη;
802 2881 924 2944 Πῶς
951 2883 1006 2935 δὲ
1024 2885 1073 2937 οἱ
1095 2886 1414 2957 ἐκδαρέντες
1446 2889 1806 2960 οἰστροῦνται,
1837 2893 1960 2961 λέγε

369 2987 486 3039 μοι.
521 2964 566 3022 ὦ
591 2966 772 3038 οῦτος;
810 2975 929 3038 πῶς
958 2977 1016 3028 δέ
1043 2977 1182 3046 μετά
1201 2978 1261 3031 τὸ
1295 2981 1671 3053 σταυρωθῆναι
1705 2985 1961 3057 ἐξεδάρη-

367 3077 471 3112 σαν
499 3078 515 3122 ;
544 3063 686 3115 Εἰδέ
719 3065 814 3117 καὶ
865 3065 1271 3138 ὲσταύρωνται,
1315 3071 1434 3134 πῶς
1489 3069 1834 3145 ἐπιτρέχουσι
1891 3080 1955 3148 τῇ

2075 531 2388 587 doctrinam
2438 535 2706 589 evomuit.
2751 535 2924 600 Quam
2969 534 3140 588 multa
3189 529 3355 604 porro
3390 532 3656 587 adversus

2074 630 2283 678 tantam
2342 624 2630 681 histrionis
2677 626 2844 695 hujus
2894 624 3228 679 calumniam
3279 623 3483 694 opponi
3531 637 3658 694 pos-

2074 724 2204 770 sunt
2236 733 2252 770 :
2283 716 2429 787 quod
2465 718 2762 789 unicuique
2805 725 3063 774 constare
3097 725 3296 788 potest.
3323 719 3402 772 Ac
3437 717 3651 771 tametsi

2075 805 2348 875 perpolita
2388 807 2443 860 in
2485 805 2778 862 refutando
2809 821 3154 878 nequaquam
3190 805 3518 860 adhibeatur
3538 820 3658 860 ora-

2074 895 2175 962 tio,
2217 898 2352 954 satis
2400 899 2469 952 ad
2507 899 2887 955 incutiendum
2931 899 3040 954 illis
3077 898 3340 970 pudorem
3377 897 3562 960 fuerit,
3599 908 3657 954 ut

2073 987 2128 1043 id
2178 987 2516 1060 intelligatur
2558 989 2831 1060 ejusmodi
2888 991 2956 1044 ab
2995 991 3106 1046 illis
3141 988 3360 1045 decreta
3411 987 3652 1054 defendi,

2074 1094 2194 1150 qua:
2231 1089 2489 1136 constare
2521 1081 2626 1135 sibi
2668 1088 2966 1151 nequeant,
2994 1096 3172 1151 neque
3202 1081 3312 1134 vim
3352 1081 3520 1134 ullam
3559 1087 3655 1134 aut

2073 1173 2294 1242 pondus
2323 1171 2584 1228 habeant.
2611 1171 2828 1228 Etenim
2860 1175 3044 1243 priora
3070 1173 3470 1244 posterioribus
3493 1187 3653 1228 ever-

2073 1264 2156 1326 tit,
2185 1265 2488 1333 posteriora
2528 1265 2688 1335 longe
2736 1280 2765 1319 a
2813 1265 3094 1334 prioribus
3125 1264 3343 1321 diversa
3375 1264 3650 1336 proponit.

2073 1353 2331 1408 Mundam
2371 1357 2506 1412 alias
2555 1371 2587 1410 a
2638 1355 2749 1412 Deo
2791 1356 3120 1426 productum
3167 1356 3384 1422 asserit,
3437 1356 3575 1412 alias
3620 1370 3652 1412 a
3696 1371 3698 1373 '

2071 1447 2434 1517 principibus,
2470 1455 2531 1502 ut
2557 1449 2680 1520 ejus
2707 1451 2860 1504 nulla
2890 1466 2955 1505 ex
2992 1458 3147 1521 parte
3171 1463 3338 1504 causa
3377 1449 3449 1504 sit
3484 1446 3654 1509 Deus.

2017 1597 2019 1600 ς
2073 1536 2170 1590 sed
2209 1547 2264 1590 et
2299 1538 2417 1606 ipse
2459 1544 2699 1594 mundus
2736 1541 2989 1595 intereat.
3036 1538 3440 1608 Nonnunquam
3475 1538 3652 1592 ﬁrma-

2073 1637 2313 1682 mentum
2349 1630 2518 1699 pelles
2562 1647 2684 1688 esse
2717 1633 3024 1702 principum
3056 1631 3249 1695 docet,
3297 1645 3436 1701 quos
3487 1630 3654 1684 inter-

2072 1716 2201 1771 dum
2232 1734 2400 1790 supra
2432 1721 2487 1774 in
2518 1723 2644 1791 polo
2682 1723 2735 1776 in
2768 1737 2935 1777 cruce
2977 1721 3201 1776 suffixos
3233 1738 3359 1776 esse
3393 1721 3551 1786 dicit,
3584 1735 3656 1776 ac

1998 1789 2043 1845 Β
2071 1789 2404 1872 discurrere.
2437 1815 2494 1862 et
2524 1789 2674 1864 velut
2704 1811 2881 1868 nubes
2920 1810 3218 1876 obducere,
3254 1810 3648 1880 proritarique,

2070 1901 2126 1948 et
2161 1895 2406 1952 libidinis
2442 1899 2683 1954 stimulis
2723 1902 2788 1955 ad
2823 1909 3104 1972 aspectum
3143 1900 3393 1972 virginis,
3431 1907 3488 1956 et
3517 1900 3654 1956 ado-

2067 1983 2327 2042 lescentis
2350 1989 3124 2056 pulcbritudinem°concitari.

2139 2073 2185 2130 Ο
2220 2074 2501 2132 infamiam
2544 2079 2911 2151 singularem!
2941 2082 3082 2148 Quid
3115 2081 3260 2136 enim
3297 2080 3427 2153 ﬁngi
3465 2087 3648 2152 potest

2067 2164 2407 2236 improbius?
2429 2169 2562 2239 quid
2589 2172 2877 2228 molestius
2912 2187 2977 2227 ac
3017 2172 3234 2242 turpius
3260 2186 3422 2242 quam
3446 2172 3652 2227 verita-

2067 2256 2138 2312 tis
2170 2256 2435 2328 Spiritum
2487 2262 2743 2316 muliebri
2778 2263 2882 2318 sibi
2913 2263 3088 2334 ﬁgura
3123 2263 3460 2328 describere,
3487 2278 3645 2318 enm-

2065 2349 2297 2419 demque
2323 2348 2508 2406 dicere
2535 2367 2928 2424 nonnunquam
2955 2355 3127 2409 maris
3159 2353 3342 2424 specie
3372 2353 3642 2426 principi-

2065 2440 2168 2496 bus
2196 2445 2496 2514 apparere?
2536 2443 2672 2500 Nam
2703 2461 2828 2501 cum
2867 2453 3027 2517 turpe
3059 2449 3130 2504 sit
3160 2447 3339 2502 virum
3370 2463 3437 2502 eo
3467 2456 3644 2503 temu-

2065 2533 2244 2588 lentia:
2277 2536 2692 2608 insolentimque
2727 2538 3000 2610 progredi,
3036 2550 3093 2594 ut
3128 2539 3447 2594 muliebrem
3487 2538 3646 2594 habi-

2064 2633 2178 2680 tum
2204 2640 2267 2680 ac
2299 2625 2528 2682 formam
2562 2629 2784 2697 induat;
2813 2638 2928 2684 tum
2960 2645 3092 2685 vero
3122 2630 3501 2700 turpissimum
3533 2637 3642 2698 est,

2063 2715 2416 2774 mulierculas
2449 2719 2504 2771 in
2539 2719 2684 2776 viros
2711 2722 3059 2785 commutari,
3091 2736 3156 2776 ac
3188 2722 3402 2775 virilem
3435 2721 3642 2775 cultum

2062 2805 2310 2862 induere.
2341 2807 2557 2874 Quanto
2588 2826 2720 2865 vero
2747 2811 2954 2881 majore
2992 2827 3021 2865 a
3051 2812 3291 2882 pessimo
3321 2811 3416 2865 illo
3457 2810 3645 2866 ﬁctore

2063 2894 2362 2953 Manicbaao
2390 2901 2588 2969 injuria
2619 2902 2837 2957 divinus
2884 2903 2976 2957 ille
3009 2904 3256 2959 veritatis
3285 2902 3522 2972 Spiritus
3549 2903 3634 2958 af-

2063 2990 2280 3046 ﬁcitur?
2311 2991 2416 3047 Sed
2459 2994 2593 3048 illud
2625 2984 2754 3049 volo
2782 2995 2914 3048 mihi
2941 2997 3114 3060 dicas,
3145 2997 3346 3066 quibus
3372 2997 3517 3052 cutis
3546 2996 3643 3051 de-

2063 3091 2234 3138 tracta
2284 3086 2378 3148 sit,
2432 3087 2681 3142 libidinis
2730 3087 2972 3141 stimulis
3015 3088 3211 3158 agitari
3241 3088 3336 3157 qui
3389 3087 3645 3158 possint?

366 3151 753 3224 ἀφαντουμένῃ
781 3171 796 3220 ;
825 3155 923 3218 Τίς
977 3137 1045 3208 δεῖ
1071 3159 1320 3225 ἀνέξεται
1350 3163 1443 3216 τοῦ
1489 3137 1828 3237 βλασφήμου,
1864 3137 1956 3223 τοῦ

2162 3137 2171 3138 ,
2227 3137 2233 3138 ,
2316 3137 2377 3148 ,,
2433 3137 2677 3142 _,_,_,____
3017 3137 3211 3158 τηαν--
3247 3137 3336 3157 1--
3389 3137 3637 3158 παπ---

2061 3184 2154 3229 aut
2184 3178 2480 3245 quomodo,
2514 3185 2810 3248 postquam
2842 3181 2896 3234 in
2924 3195 3148 3234 crucem
3184 3180 3290 3234 acti
3323 3190 3476 3245 sunt,
3502 3180 3643 3250 pelle

363 3242 479 3294 ἀπὸ
507 3243 748 3314 ἱδρώτων
779 3247 1056 3318 ἀρχόντων
1087 3251 1234 3320 ἡμᾶς
1268 3255 1564 3326 τρέφεσθαι
1613 3260 1954 3331 ὁριζομένου,

365 3335 462 3386 καὶ
488 3334 597 3386 ἀπὸ
621 3337 924 3407 ἐκκρίσεως
954 3341 1312 3412 αἰσχρότητπ
1339 3345 1428 3398 τὸν
1455 3347 1611 3400 ὑετὸν
1636 3351 1770 3419 ἡμῖν
1792 3368 1958 3405 κατα-

361 3423 720 3493 πέμπεσθαις
775 3429 946 3482 Πόθεν
991 3430 1047 3483 δέ
1101 3433 1262 3497 αὐτὸς
1309 3437 1461 3508 πόμα
1515 3440 1660 3492 πίνει
1702 3441 1762 3506 ἐξ
1788 3443 1958 3498 ὑετῶν

361 3518 672 3587 ἀρυόμενος
708 3522 847 3590 μετά
898 3523 1008 3577 τῶν
1040 3525 1188 3577 ίδίων
1220 3527 1386 3581 αὐτοῦ
1414 3531 1710 3602 μαθητῶν;
1745 3535 1870 3597 Πῶς
1900 3535 1958 3589 δὲ

362 3609 427 3658 οὺ
464 3611 868 3677 καταγέλαστος
893 3612 1001 3683 εἴη,
1043 3615 1357 3686 ἡττώμενος
1392 3622 1456 3689 τῇ
1488 3621 1595 3673 τῶν
1629 3625 1958 3694 σωματικῶν

361 3699 548 3770 χρεία,
578 3701 810 3772 ἱδρῶτας
832 3705 1035 3768 πίνων;
1062 3707 1171 3761 Καὶ
1191 3709 1299 3783 γὰρ
1318 3711 1562 3783 ἁμαρτία
1584 3713 1839 3785 διάφορος
1858 3717 1958 3787 μὲν

363 3793 606 3863 ὑπάρχει
625 3811 638 3822 ·
668 3796 730 3847 οὐ
749 3795 987 3878 τοσαύτη
1015 3799 1070 3852 δὲ
1097 3798 1249 3853 ἔσται
1275 3803 1306 3872 ἡ
1332 3804 1569 3878 τιμωρία
1592 3804 1669 3876 τῷ
1688 3807 1957 3871 ἀκουσίως

363 3885 759 3955 ἁμαρτάνοντι,
801 3888 877 3952 ὡς
908 3875 971 3942 τὸ
996 3891 1133 3960 μετά
1159 3893 1414 3957 ἑκουσίας
1441 3875 1665 3968 γνώμης
1688 3896 1750 3950 τὸ
1772 3898 1955 3970 ἀμάρ-

360 3992 520 4046 τημα
540 3977 892 4032 ἐπιτελοῦντι.
929 3981 992 4033 Οἱ
1019 3981 1118 4050 μὲν
1142 3982 1252 4055 γὰρ
1286 3984 1436 4038 ἄλλοι
1459 3985 1755 4055 ἄνθρωποι,
1792 3991 1840 4042 εί
1863 3990 1957 4042 καὶ

361 4068 540 4130 οὕτως
569 4063 656 4137 ἦν,
683 4071 821 4139 ὅπερ
855 4071 928 4141 μὴ
961 4073 1191 4139 γένοιτο,
1225 4075 1555 4142 φαντάζεται
1583 4077 1692 4148 γὰρ
1721 4081 1750 4132 ό
1779 4083 1956 4150 ἐμμα-

361 4161 495 4227 νής·
529 4157 670 4229 πλὴν
715 4162 762 4212 οἱ
797 4161 1118 4229 ἀγνοοῦντες
1178 4163 1407 4232 ἱδρῶτας
1437 4169 1531 4220 καὶ
1563 4169 1839 4239 ἐκκρίσεις
1867 4172 1955 4223 αἰ-

362 4249 558 4321 σχρὰς,
586 4250 670 4301 ὅτι
696 4249 1010 4322 ὑδρεύονται
1046 4253 1141 4307 καὶ
1181 4255 1418 4320 πίνουσι,
1453 4258 1789 4325 σύγγνωστοι
1821 4261 1954 4330 μᾶλ-

358 4339 454 4393 λον
485 4341 667 4406 ἐλέους
697 4343 1032 4415 ὑπάρχουσιν
1077 4346 1222 4416 ἥπερ
1251 4349 1279 4400 ό
1332 4347 1470 4417 μετὰ
1528 4348 1621 4402 τοῦ
1657 4352 1954 4416 συνειδότος

2061 3267 2250 3320 nudati
2300 3267 2464 3321 sunt?
2515 3270 2624 3323 imo
2652 3285 2803 3335 vero,
2851 3272 2895 3326 si
2936 3270 3087 3324 cruci
3135 3269 3274 3324 aﬁixi
3319 3277 3468 3336 sunt,
3503 3285 3642 3340 qua-

2058 3372 2185 3411 nam
2229 3359 2444 3415 ratione
2480 3361 2548 3416 ad
2590 3360 2849 3415 virtutem
2899 3361 3069 3424 illam,
3111 3377 3233 3432 quae
3273 3368 3496 3432 repente
3526 3361 3641 3417 dis-

2057 3458 2265 3518 pareat,
2318 3462 2550 3520 possunt
2588 3454 2910 3508 accurrere?
2936 3453 3140 3508 Deinde
3183 3469 3312 3508 vero
3339 3453 3464 3524 quis
3506 3469 3640 3508 con-

2063 3542 2412 3597 tumeliosum
2446 3545 2612 3598 istum
2663 3544 2718 3598 in
2753 3543 2922 3599 Deum
2957 3544 3232 3600 hominem
3270 3543 3410 3599 ferre
3440 3543 3636 3614 possit,

2057 3633 2152 3701 qui
2208 3649 2310 3689 nos
2355 3635 2665 3705 principum
2725 3635 3024 3691 sudoribus
3069 3636 3142 3689 ali
3193 3637 3414 3701 sentiat,
3474 3643 3639 3705 atque

2057 3737 2125 3776 ex
2165 3723 2485 3782 foedissimis
2532 3729 2750 3782 illorum
2800 3729 3164 3784 excrementis
3203 3729 3430 3783 imbrem
3479 3727 3638 3782 nobis

2057 3815 2268 3869 emitti?
2300 3816 2415 3870 Cur
2443 3823 2628 3873 autem
2670 3825 2858 3888 potum
2890 3820 3006 3889 ipse
3029 3833 3153 3874 cum
3195 3817 3499 3887 discipulis
3519 3815 3637 3872 suis

2058 3906 2244 3961 haurit
2273 3924 2337 3962 ex
2375 3908 2549 3964 imbre
2577 3909 2902 3965 collectum?
2938 3909 3130 3965 Nonne
3158 3909 3338 3964 statim
3366 3908 3634 3964 ridiculus

2056 4006 2163 4063 est,
2214 4000 2306 4070 qui
2353 4003 2604 4071 corporis
2664 4003 3084 4058 necessitatibus
3123 4003 3432 4072 obsequens
3467 4000 3634 4056 sudo-

2055 4106 2172 4150 rem
2212 4092 2400 4148 bibat?
2435 4093 2570 4149 Nam
2603 4103 2665 4149 ut
2697 4095 2884 4166 dispar
2916 4096 2989 4150 sit
3029 4104 3336 4166 peccatum,
3370 4109 3530 4165 poena
3562 4103 3635 4148 ta-

2055 4199 2179 4238 men
2211 4185 2262 4238 ei
2296 4186 2391 4254 qui
2427 4186 2636 4242 invitus
2674 4195 2866 4258 peccat
2907 4189 3066 4258 longe
3096 4187 3279 4241 minor
3307 4185 3635 4257 proponitur

2054 4289 2217 4342 quam
2246 4275 2296 4330 ei
2328 4277 2421 4346 qui
2454 4287 2652 4346 sponte
2686 4279 3048 4334 commiserit.
3084 4277 3236 4334 Licet
3276 4280 3450 4352 enim,
3485 4279 3636 4349 quod

2054 4365 2240 4434 reipsa
2275 4383 2384 4422 non
2416 4377 2521 4432 est,
2551 4385 2738 4425 verum
2773 4379 2921 4426 esset
2943 4372 3084 4441 quod
3130 4372 3374 4430 furiosus
3409 4372 3498 4427 ille
3527 4371 3632 4426 ﬁn-

357 4435 697 4504 νενυγμὲνος
726 4437 905 4506 μάτην
937 4436 1025 4490 διὰ
1055 4437 1153 4508 τὴν
1181 4434 1352 4509 ἧτταν
1395 4441 1494 4512 τῆς
1525 4441 1806 4507 ἀσθενείας
1851 4446 1950 4498 αὐ·-

2060 4456 2149 4526 git.
2188 4461 2372 4514 caeteri
2401 4460 2568 4532 649
2597 4461 2817 4531 quidem
2851 4434 3120 4530 homines,
3150 4465 3242 4534 qui
3293 4465 3523 4521 sudores
3565 4479 3632 4522 ac

357 4523 455 4578 τοῦ
487 4527 554 4579 ἐκ
579 4525 689 4578 τῶν
714 4525 878 4581 αὐτοῦ
910 4528 1171 4599 πομάτων
1201 4531 1480 4602 χρώμενος
1521 4533 1615 4586 καὶ
1641 4533 1750 4587 τῶν
1778 4535 1950 4590 ἄλλων

357 4615 472 4669 τῶν
503 4617 569 4668 ἐκ
593 4618 692 4688 τῆς
733 4621 935 4690 σαρκὸς
962 4622 1233 4692 χρήσεων.

2057 4547 2232 4605 ῑωάιιε
2285 4555 2630 4610 excretiones
2675 4555 2949 4626 ignorant,
2999 4572 3123 4611 cum
3175 4567 3482 4627 aquantur,
3534 4565 3630 4612 aut

2055 4647 2268 4707 potant,
2301 4643 2456 4696 venia
2499 4645 2673 4715 magis
2710 4645 2860 4716 digni
2905 4656 3026 4701 sunl
3048 4686 3063 4712 ,
3087 4661 3251 4715 quam
3274 4647 3389 4714 qui,
3423 4646 3626 4702 frustra

361 4713 682 4768 stimulante
724 4717 1084 4780 conscientia,
1153 4717 1514 4774 imbecillitati
1582 4737 1696 4777 sua.-
1768 4730 2157 4799 succumbens,
2207 4736 2482 4806 ejusmodi
2557 4713 2720 4810 potus
2767 4713 3012 4804 adhibet,
3063 4713 3388 4811 ueterisque
3437 4740 3623 4796 carnis

358 4808 786 4864 necessitatibus
815 4811 1175 4880 obtemperat.

429 4898 556 4953 AI".
587 4900 697 4953 Καὶ
725 4900 896 4954 πολλά
923 4904 1070 4956 ἐστιν
1111 4905 1170 4956 ἐν
1200 4900 1281 4966 οἷς
1305 4901 1460 4970 οὗτος
1495 4907 1721 4979 στόματι
1753 4909 1948 4982 ψευδη-

359 4989 556 5060 γορίας
618 4993 742 5056 τοὺς
775 4993 925 5064 αὐτῷ
955 5005 959 5008 ’
985 4996 1305 5062 πεισθέντας
1352 4999 1621 5069 ὴπάτησε.
1657 5003 1813 5056 Ποῖον
1841 5003 1949 5075 γὰρ

359 5081 496 5152 παρ’
527 5081 679 5153 αὐτῷ
733 5085 792 5137 οὐ
841 5087 1273 5156 καταγέλαστονς
1316 5091 1409 5153 Τὸ,
1433 5092 1698 5160 ’ἡγεῖσθαι
1735 5094 1836 5164 μὲν
1881 5095 1950 5149 τὰ

360 5173 659 5244 σπέρματα
683 5173 920 5242 βοτανῶν
947 5194 1008 5230 τε
1045 5179 1140 5231 καὶ
1195 5197 1357 5251 γεννη
1367 5180 1571 5251 μάτων,
1595 5185 1689 5236 καὶ
1709 5184 1950 5256 ὀσπρίων

357 5261 541 5332 ψυχὰς
569 5259 727 5318 εἶναι.
788 5265 876 5330 Ὠς
933 5269 1030 5320 καὶ
1063 5268 1271 5336 γελοῖον
1314 5272 1740 5344 ἐπιχειρήσομεν
1771 5274 1948 5342 λέγειν

359 5352 508 5406 κατά
571 5355 673 5426 τὴν
725 5357 890 5410 αὑτοῦ
931 5359 1253 5430 μυθοποιίαν
1310 5363 1448 5434 πρὸς
1486 5363 1708 5434 ἔλεγχον
1758 5365 1945 5419 αὐτοῦ.

360 5445 491 5499 Ὅτι
519 5447 569 5498 εί
596 5446 768 5517 ψυχαὶ
799 5451 1164 5520 τυγχάνουσαι
1197 5454 1387 5508 κόκκοι
1419 5454 1616 5523 φακοῦ,
1647 5457 1741 5510 καί
1785 5459 1947 5526 φασί-

359 5535 484 5602 λως
503 5538 547 5604 ³,
588 5539 683 5593 καὶ
737 5542 1038 5611 ἐρεϐίνθου,
1072 5547 1164 5598 καὶ
1212 5547 1320 5600 τῶν
1349 5547 1544 5612 ἄλλων,
1591 5549 1737 5620 ψυχὴ
1771 5549 1828 5603 δὲ
1855 5552 1947 5604 καὶ

435 5719 457 5750 ¹
483 5718 544 5773 F.
583 5721 953 5795 αἰσχρότερον.
983 5729 1046 5785 Et
1079 5745 1204 5786 mox
1236 5732 1393 5788 ἑαυτὸ
1421 5735 1578 5790 ἀνατ.

2125 4913 2365 4971 XXXIII.
2410 4917 2513 4974 Sed
2543 4919 2648 4973 alia
2699 4929 2827 4975 sunt
2872 4920 3292 4989 quamplurima,
3335 4921 3389 4974 in
3424 4922 3623 4992 quibus

2054 5005 2158 5062 iste
2184 5017 2486 5064 sectatores
2509 5025 2640 5064 suos
2664 5025 2759 5064 ore
2782 5009 3203 5064 mendacissimo
3225 5011 3456 5082 decepit.
3482 5013 3623 5080 Quid

2053 5100 2201 5153 enim
2231 5099 2301 5154 ab
2334 5115 2400 5155 eo
2430 5116 2538 5155 non
2579 5099 2870 5155 ridiculum
2896 5109 2980 5157 est
3006 5102 3272 5156 allatum?
3299 5100 3620 5174 Cujusmodi

2053 5201 2178 5246 est:
2216 5192 2508 5247 herbarum
2540 5192 2910 5264 stirpiumque
2945 5208 3009 5247 ac
3050 5195 3384 5263 leguminum
3413 5197 3621 5252 semina

2055 5284 2266 5337 animas
2293 5299 2416 5338 esse
2443 5283 2689 5340 credere.
2721 5283 2874 5349 Quod
2913 5299 3076 5354 quam
3105 5284 3402 5340 absurdum
3427 5287 3519 5352 sit,
3555 5289 3621 5342 ad

2050 5372 2194 5427 illius
2233 5373 2552 5430 refutandas
2582 5374 2838 5445 ineptias,
2865 5375 3244 5432 demonstrare
3274 5375 3618 5432 conabimur.

2048 5460 2261 5518 Etenim
2306 5465 2351 5519 si
2387 5465 2570 5529 lentis,
2627 5465 2858 5534 exempli
2897 5481 3085 5529 causa,
3135 5466 3221 5521 vel
3272 5465 3482 5534 faseoli,
3533 5467 3618 5530 vel

2049 5554 2246 5611 ciceris
2290 5555 2524 5627 aliaque'
2540 5571 2709 5628 grana
2740 5556 2792 5612 id
2819 5573 2991 5628 genus
3024 5560 3217 5614 animae
3256 5566 3415 5627 sunt;
3454 5559 3607 5614 item--

1661 5737 1680 5767 '
1709 5733 1766 5790 F.
1804 5736 1862 5790 τὸ
1889 5736 2226 5806 θηλεύεσθαι.
2310 5738 2328 5770 ³
2370 5735 2430 5792 F.
2457 5736 2696 5807 ’φασίλου
2729 5737 2808 5793 vel
2834 5737 3107 5807 φασιόλου.
