4076 6392
392 320 465 374 35
1054 342 1057 345 -
1805 310 1861 368 S.
1902 307 2241 368 EPIPHANII
3578 292 3651 353 8-5

393 455 503 510 que
529 438 717 497 eadem
749 446 805 496 et
852 440 995 495 tauri
1050 439 1121 495 sit
1153 439 1360 503 anima,
1408 435 1664 492 laudandi
1713 434 1887 506 magis
1929 434 1967 488 ii

2106 432 2272 503 αύρου
2296 431 2330 500 ἡ
2359 429 2517 498 αὐτὴ,
2542 422 2819 481 ὲπαινετοὶ
2842 419 3043 494 μᾶλλον
3095 418 3146 472 οἱ
3177 417 3315 489 κρέα
3352 413 3648 485 φαγοῦντες

396 537 549 596 sunt,
581 546 647 586 ex
674 544 866 585 eorum
899 528 1190 592 sententia,
1221 528 1315 599 qui
1355 526 1616 580 carnibus
1645 531 1965 587 vescuntur,

393 636 560 691 quam
599 622 695 693 qui
730 620 1020 677 severioris
1048 621 1172 676 vitae
1218 620 1471 676 instituta
1513 626 1812 675 sectantur.
1854 617 1970 673 Hoc

392 712 564 775 enim,
599 718 660 765 ut
693 711 841 765 illius
870 710 1049 766 fabula
1079 708 1345 775 continet,
1369 718 1614 764 metuere
1642 707 1856 762 videtur
1878 722 1968 771 ne,

394 806 444 860 s‘i
474 804 731 861 animatis
756 805 923 859 rebus
948 810 1158 867 utatur,
1190 803 1340 859 velut
1369 800 1696 857 animalibus
1722 815 1786 855 ac
1813 806 1973 856 caete-

394 896 498 960 iis,
534 894 729 951 horum
765 895 961 951 similis
997 896 1250 951 exsistat.
1279 893 1442 965 Atqui
1491 894 1829 948 contrarium
1876 906 1973 962 po-

397 987 510 1043 tius
544 988 762 1041 accidit.
799 984 1002 1042 Demus
1042 985 1189 1041 enim
1240 984 1681 1055 quinquagenos,
1720 983 1805 1037 vel
1847 997 1975 1037 cen—

398 1087 559 1133 tenos
589 1078 732 1133 tauri
763 1077 928 1132 unius
966 1076 1226 1131 carnibus
1261 1074 1487 1141 nutriri,
1537 1088 1729 1130 omnes
1776 1072 1877 1136 illi,
1915 1080 1975 1126 ut

402 1169 507 1225 iste
553 1168 773 1239 quidem
817 1175 1076 1239 nugatur,
1121 1176 1177 1221 et
1214 1180 1245 1219 a
1286 1165 1444 1221 nobis
1474 1162 1757 1220 refellendi
1802 1163 1974 1234 gratia

400 1260 694 1317 dicendum
725 1268 830 1328 est,
864 1261 1029 1316 unius
1059 1259 1325 1314 duntaxat
1362 1258 1559 1311 animae
1600 1256 1679 1310 rei
1726 1262 1874 1310 sunt.
1908 1254 1978 1307 At

398 1355 497 1424 qui
530 1352 801 1409 seminum
831 1352 1018 1423 granis
1048 1350 1314 1425 pascitur,
1352 1350 1687 1403 tricenarum
1721 1347 1807 1403 vel
1841 1363 1977 1418 qua-

398 1442 768 1514 dragenarum
809 1458 921 1498 uno
973 1442 1175 1498 haustu
1225 1442 1638 1510 absumptarum
1697 1453 1826 1495 reus
1872 1446 1977 1494 cst.

2071 523 2211 579 κατὰ
2238 523 2328 578 τὸν
2363 522 2540 577 αὐτῶν
2591 519 2750 588 λόγον
2800 517 2945 588 ἥπερ
2975 512 3026 567 οί
3081 510 3183 575 τὰς
3245 506 3517 568 πολιτείας
3566 505 3660 568 ἐξς
3736 548 3742 553 .

2072 615 2387 686 ασκούντες.
2421 612 2571 667 Δέδιε
2610 610 2718 682 γὰρ
2753 607 2892 662 κατὰ
2909 604 3007 677 τὴν
3032 602 3196 658 αὐτοῦ
3230 599 3650 673 ραψιιῆοποιίαν,

2077 710 2291 780 μήπως,
2320 703 2638 778 μεταλαϐὼν
2666 698 2944 773 ἐμψύχων,
2988 695 3147 760 ζώων
3193 710 3253 746 τε
3291 691 3388 745 καὶ
3420 689 3529 743 τῶν
3560 688 3653 742 ἄλ-

2073 799 2201 865 λων,
2228 798 2324 852 καὶ⁵
2380 796 2542 860 αὐτὸς
2580 794 2766 865 ὅμοιος
2787 789 3032 860 γένηται.
3084 782 3405 838 Τοὺναντίον
3431 780 3649 852 μᾶλλον.

2074 890 2425 954 Συνελθόντες
2451 888 2562 960 γὰρ
2587 886 2775 958 ἄνδρες
2801 882 3138 953 πεντήκοντα
3159 877 3193 948 ἢ
3229 875 3323 930 καὶ
3345 873 3557 939 ἑκατὸν,
3594 871 3657 937 ἐξ

2076 984 2195 1047 ἑνὸς
2227 982 2429 1054 ταύρου
2460 981 2512 1035 oi
2535 979 2735 1042 πάντες
2752 975 3144 1048 τραφήσονται,
3166 970 3241 1033 ὡς
3263 966 3407 1022 κατὰ
3427 966 3526 1037 τὴν
3554 964 3667 1018 aiam

2075 1057 2170 1130 τοῦ
2226 1074 2461 1147 ματαίαν
2497 1069 2884 1141 συκοφαντίαν,
2944 1067 3094 1137 ὅμως
3147 1060 3284 1131 πρὸς
3318 1059 3536 1128 ἔλεγχον
3570 1055 3658 1108 λε-

2078 1171 2254 1234 κτέον,
2278 1171 2360 1225 ὅτι
2386 1169 2436 1221 οἱ
2460 1164 2796 1235 πεντήκοντα
2832 1159 2866 1232 ἢ
2891 1158 2944 1212 οἱ
2972 1155 3167 1211 ἑκατὸν
3221 1152 3392 1222 ἔνοχοι
3421 1149 3668 1235 γίνονταιξ

2082 1262 2210 1331 μιᾶς
2241 1230 2450 1330 ψυχῆς.
2505 1256 2565 1309 Ὀ
2599 1230 2656 1308 δὲ
2707 1230 3112 1316 τοὺςήκόκκους
3179 1243 3287 1297 τῶν
3331 1230 3669 1312 σπερμάτων

2080 1351 2275 1406 ἐσθίων
2311 1350 2509 1422 μᾶλλον
2537 1349 2596 1399 ὲν
2627 1346 2708 1398 ἐνὶ
2739 1338 3018 1415 βροχισμῷ
3042 1334 3393 1409 μεταλήψεως
3414 1331 3666 1403 τριάκον-

2079 1462 2150 1499 τα
2175 1443 2269 1497 καὶ
2298 1438 2705 1511 τεσσαράκοντα
2731 1432 2919 1505 ψυχῶν
2947 1430 3101 1485 ἔσται
3134 1429 3327 1492 αίτιος.
3357 1425 3469 1479 Καὶ
3490 1422 3667 1478 πάντα

400 1532 480 1588 lta
506 1533 644 1589 nihil
676 1549 787 1589 non
818 1534 888 1589 ab
916 1549 983 1589 eo
1013 1533 1305 1589 ridiculum
1351 1539 1405 1587 et
1433 1531 1597 1585 inane
1633 1530 1978 1601 proponitur.

2101 1533 2250 1589 ιύτοῦ
2291 1535 2496 1605 μάταια
2526 1530 2622 1585 καὶ
2642 1525 2922 1598 γελοιώδη.

473 1624 584 1682 Nec
608 1626 753 1683 enim
790 1627 935 1682 ullus
964 1633 1070 1691 est,
1100 1625 1193 1697 qui
1230 1623 1510 1694 paululum
1549 1638 1733 1679 rerum
1772 1623 1984 1677 divina-

2155 1627 2326 1681 Παντὶ
2364 1623 2473 1695 γὰρ
2514 1621 2591 1693 τῷ
2622 1618 2748 1674 νοῦν
2780 1616 2958 1689 ἔχοντι
2991 1616 3049 1670 ὲν
3076 1613 3268 1685 Κυρίῳ
3310 1610 3379 1665 τὰ
3403 1610 3505 1682 τῆς
3537 1606 3670 1681 ἀλη-

400 1731 526 1772 rum
575 1717 933 1789 intelligentia
978 1717 1051 1773 sit
1094 1716 1377 1787 praditus,
1435 1714 1525 1769 cui
1564 1728 1676 1769 non
1728 1728 1797 1768 ex
1851 1728 1984 1768 sana

2101 1718 2237 1781 leta;
2273 1716 2547 1787 τεκμήρια
2572 1710 2771 1781 εὔδηλα
2817 1706 3087 1780 δήπουθέν
3111 1706 3258 1758 ἐστιν
3287 1702 3347 1769 ἐξ
3376 1702 3545 1773 αὐτῆς
3567 1699 3670 1770 τῆς

403 1806 657 1861 doctrina
695 1782 858 1878 plana
886 1821 950 1861 ac
990 1782 1280 1861 manifesta
1324 1805 1437 1861 sint
1470 1802 1719 1859 veritatis
1756 1802 1977 1857 indicia.

2101 1805 2345 1876 ὶληθινῆς
2378 1782 2753 1862 διδασκαλίας.
2805 1797 2916 1851 Kal
2945 1793 3055 1865 γὰρ
3100 1791 3195 1847 τοῦ
3229 1791 3481 1863 Σωτῆρος
3517 1790 3671 1843 οὐδὲν

404 1894 617 1969 Quippe
660 1897 947 1954 Salvatore
973 1905 1168 1955 nostro
1214 1898 1350 1952 nihil
1386 1897 1453 1953 ad
1483 1896 1765 1951 hominum
1813 1896 1980 1948 vitam

2101 1896 2441 1969 ἱιληοέστερον
2466 1892 2602 1965 πρὸς
2640 1887 2984 1957 ἀποκάλυψιν
3020 1885 3165 1957 ζωῆς
3213 1882 3536 1954 ἀνθρώπων.
3565 1881 3673 1934 Φά-

404 1988 791 2047 declarandam
839 2005 965 2049 esse
1017 1997 1200 2061 potest
1241 1988 1446 2045 verius.
1500 1987 1607 2044 Iste
1653 2002 1783 2041 vero
1822 1985 1984 2040 nobis

2101 2003 2206 2040 τκει
2228 1985 2337 2056 γὰρ
2358 1976 2513 2048 οὗτος
2537 1985 2566 2037 6
2617 1979 2892 2052 βάρϐαρος
2921 1977 3054 2047 ἡμῖν
3085 1973 3393 2045 παρελθὼν,
3433 1972 3673 2043 Πέρσης,

404 2079 677 2135 barbarus
723 2077 914 2147 Persa,
975 2079 1306 2152 ingenioque
1352 2093 1547 2134 servus
1580 2080 1737 2145 (nam
1780 2074 1984 2145 alioqui

2101 2078 2183 2132 sal.
2208 2076 2392 2140 δοῦλος
2437 2075 2534 2147 τὴν
2562 2073 2806 2143 γνώμην.
2840 2067 3007 2123 Οὐδὲν
3032 2066 3140 2137 γὰρ
3164 2065 3349 2119 ἐλύπει
3379 2064 3441 2117 τὸ
3478 2063 3663 2117 δοῦλον

406 2169 548 2225 nihil
582 2170 635 2227 ei
672 2172 922 2243 corporis
971 2171 1211 2227 servitus
1256 2169 1518 2238 obesset),
1563 2169 1691 2236 hoc,
1733 2167 1982 2238 inquam,

2101 2170 2249 2225 ιύτὸν
2300 2166 2441 2224 εἶναι
2488 2165 2630 2221 κατὰ
2656 2165 2719 2219 τὸ
2749 2163 2929 2235 σῶμα.
2968 2162 3136 2231 Φησὶν
3169 2155 3287 2217 οὖν.
3308 2160 3391 2212 ὅτι
3416 2159 3585 2212 πᾶσαι
3618 2158 3676 2212 al

408 2261 642 2318 asserit:
664 2262 904 2334 aquales
928 2277 1122 2318 omnes
1149 2262 1363 2317 animas
1390 2275 1533 2324 esse,
1564 2269 1620 2315 et
1650 2259 1707 2314 in
1732 2258 1988 2313 omnibus

2101 2263 2260 2334 ψυχαὶ
2282 2263 2394 2316 ῑσαι
2419 2261 2548 2325 εἰσὶ,
2597 2259 2692 2313 καὶ
2715 2260 2750 2328 ἡ
2806 2255 2905 2328 μία
2929 2256 2986 2307 ὲν
3008 2254 3182 2308 ἆπασι
3218 2251 3497 2321 τυγχάνει,
3527 2249 3585 2302 ἐν
3617 2265 3678 2302 τε

410 2355 631 2412 micam
680 2355 933 2426 reperiri,
963 2364 1076 2410 tam
1109 2353 1421 2409 hominibus
1460 2352 1670 2408 scilicet
1700 2366 1861 2422 quam
1903 2366 1991 2421 pe.

2101 2354 2397 2428 ἀνθρώποις
2424 2354 2518 2408 καὶ
2544 2353 2784 2421 κτήνεσι,
2816 2348 2910 2402 καὶ
2939 2346 3122 2418 θηρσὶ,
3149 2344 3242 2399 καὶ
3270 2345 3555 2405 πετεινοῖς,
3586 2341 3682 2395 καὶ

410 2448 668 2513 cudibus,
722 2446 877 2508 ieris.
936 2447 1152 2511 avibus,
1208 2444 1577 2516 serpentibus,
1635 2443 1989 2507 animalibus,

2101 2449 2363 2520 ἑρπετοῖς,
2399 2444 2496 2499 καὶ
2529 2442 2707 2509 ζώοις,
2768 2437 2991 2509 πτηνοῖς
3040 2453 3102 2489 τε
3128 2434 3225 2489 καὶ
3248 2434 3501 2498 ὲναλίοις,
3537 2449 3679 2486 κνω-

412 2536 755 2602 s‘olucribns,
789 2535 1053 2607 piscibus,
1086 2534 1302 2596 bestiis,
1332 2533 1740 2603 herbarumque
1774 2532 1996 2588 semini-

2101 2541 2272 2603 δάλοις
2298 2556 2358 2593 τε
2392 2538 2488 2592 καὶ
2513 2538 2569 2590 ὲν
2600 2534 2880 2606 σπέρμασι
2908 2530 3287 2602 γεννημάτων,
3320 2529 3379 2583 ὲν
3408 2525 3583 2594 ξύλοις
3618 2540 3682 2579 τε

413 2630 541 2694 bus,
568 2635 624 2685 et
644 2628 954 2694 arboribus,
983 2627 1304 2697 ueterisque
1328 2642 1448 2696 qua:
1470 2625 1641 2681 videri
1666 2627 1839 2681 oculis
1862 2642 1992 2696 pos—

2101 2636 2190 2689 xal.
2212 2636 2270 2687 ὲν
2301 2634 2412 2695 τοῖς
2435 2629 2614 2693 ἄλλοις
2638 2628 2805 2680 πᾶσιν
2831 2625 3071 2697 ὁρατοῖς.
3096 2623 3206 2677 Kal
3230 2621 3330 2691 ούχ
3354 2617 3526 2681 οὕτως
3579 2617 3684 2670 ὑπ-

414 2729 567 2779 sunt.
591 2726 661 2775 At
686 2735 796 2776 non
824 2719 971 2777 istud
995 2719 1156 2774 nobis
1179 2733 1210 2773 a
1240 2717 1472 2774 Domino
1493 2718 1860 2789 signiﬁcatum
1885 2727 1989 2774 est.

2101 2728 2295 2795 ἔδειξεν
2322 2727 2352 2779 6
2375 2723 2578 2794 Κύριος
2611 2712 2887 2790 ήμῶν.Ἦ
2919 2713 3030 2785 γὰρ
3067 2709 3236 2765 ἐλθὼν
3267 2710 3437 2763 σῶσαι
3467 2708 3566 2780 τὴν
3592 2707 3684 2760 ἀν-

413 2812 553 2869 Nam
580 2813 629 2869 si
659 2812 736 2867 ita
766 2818 936 2879 esset,
968 2824 1093 2865 cum
1136 2810 1205 2865 ad
1240 2809 1464 2864 humani
1505 2809 1723 2881 generis
1764 2811 1995 2866 salutem

2101 2817 2445 2893 θρωπάτητα,
2499 2811 2593 2866 καὶ
2623 2809 2723 2881 τὴν
2773 2805 2879 2861 τῶν
2932 2801 3145 2873 κτηνῶν
3176 2802 3429 2865 ἐποιεῖτο,
3456 2796 3557 2868 τὴν
3585 2795 3684 2866 τῆς

416 2903 663 2970 advenit,
712 2901 951 2974 pecudes
994 2916 1217 2973 quoque
1269 2907 1542 2965 sanasset,
1584 2900 1763 2972 iisque
1809 2915 1996 2955 curam

2103 2892 2295 2976 ἰάσεως
2328 2905 2646 2980 ἐπιμέλειάν
2678 2921 2736 2957 τε
2771 2903 2864 2956 καὶ
2896 2897 3217 2972 θεραπείαν,
3249 2895 3344 2949 καὶ
3392 2892 3686 2961 ἀνάστασιν

417 3010 483 3051 ac
523 2996 733 3051 cultum
767 2994 1130 3056 adhibuisset,
1163 3007 1227 3047 ac
1255 3000 1503 3048 mortuas
1536 2993 1743 3049 bestias
1778 3006 1996 3048 rursum

2101 3005 2210 3060 τῶν
2235 3000 2601 3057 πεπτωκότων
2635 2994 2788 3060 ζώων
2850 2992 3119 3061 συνάγων.
3188 2987 3328 3042 Ἀλλ’
3360 2985 3459 3056 οὺχ
3511 2982 3686 3046 οὕτως

419 3088 489 3144 ad
517 3088 686 3143 vitam
730 3087 1046 3143 excitasset.
1068 3084 1235 3157 650
1261 3083 1429 3154 Atqui
1462 3083 1621 3152 longe
1669 3083 1778 3137 alia
1810 3096 1996 3135 narra-

2101 3096 2386 3167 διηγεῖται,
2410 3090 2530 3145 οὐδὲ
2556 3088 2728 3150 οὕτως
2748 3084 3010 3147 διδάσκει,
3043 3079 3118 3151 μὴ
3142 3079 3381 3147 γένοιτοῖ
3414 3074 3552 3129 Ἀλλ’
3581 3068 3687 3175 οἶδε

416 3180 519 3246 vit,
570 3192 672 3233 nec
706 3176 856 3234 istud
892 3191 1132 3247 unquam
1166 3173 1375 3230 docuit.
1419 3174 1609 3229 Absit!
1671 3172 1728 3227 Si
1778 3173 1996 3244 quidem

2108 3164 2204 3260 μὲν
2244 3182 2405 3248 αὐτὸς
2458 3181 2559 3246 τὰς
2606 3177 2784 3249 ψυχὰς
2832 3174 2942 3228 τῶν
3002 3171 3307 3243 ἀνθρώπων
3369 3167 3583 3233 σώζειν,
3621 3164 3690 3236 ἢν

419 3268 704 3328 hominum
746 3282 806 3324 se
850 3267 1049 3323 animis
1109 3266 1340 3323 salutem
1394 3267 1636 3322 tribuere
1688 3268 2001 3336 proﬁtetur,

419 3376 585 3433 quam
622 3361 729 3415 hoc
766 3359 1054 3431 aenigmate
1097 3361 1337 3416 breviter
1368 3360 1688 3429 complexus
1726 3367 1830 3424 est,
1877 3373 2001 3413 cum

420 3454 561 3509 dixit
593 3472 607 3508 :
637 3451 763 3506 Non
806 3453 920 3507 veni
964 3451 1068 3506 nisi
1111 3462 1322 3522 propter
1373 3467 1515 3506 ovem
1553 3469 1670 3523 quae
1706 3454 1933 3522 perierat
1960 3452 1999 3503 ¹.

423 3544 637 3612 Quibus
665 3543 849 3599 verbis
873 3543 1186 3598 universam
1229 3543 1468 3599 hominis
1506 3553 1761 3598 naturam
1807 3544 2007 3598 intelli-

423 3637 522 3713 git.
549 3635 822 3702 Quidnam
844 3649 975 3690 vero
1005 3642 1268 3704 praeterea
1300 3635 1567 3705 scriptum
1600 3634 1716 3691 est?
1745 3634 2004 3703 Curabat,

428 3730 624 3801 Iinquit,
651 3744 828 3782 omnes
862 3742 991 3796 quos
1024 3726 1311 3795 offerebant
1350 3726 1471 3790 sibi,
1506 3727 1792 3791 lunaticos,
1836 3737 1885 3781 et
1914 3745 2005 3780 va-

425 3823 522 3877 riis
553 3820 746 3879 morbis
774 3820 992 3891 affectos
1013 3821 1058 3873 ³.
1082 3821 1219 3874 Cum
1263 3821 1410 3875 enim
1437 3834 1632 3887 caecos,
1675 3819 1895 3884 surdos,
1932 3820 2010 3873 in-

426 3929 648 3978 curvos,
694 3912 1049 3983 paralyticos,
1098 3926 1323 3968 mancos
1367 3911 1433 3966 ad
1477 3927 1603 3966 eum
1652 3909 2007 3975 adducerent,

426 4004 687 4062 omnibus
724 4001 1050 4057 beneﬁcium
1082 4016 1242 4055 suum
1285 4015 1349 4054 ac
1379 4000 1670 4056 sanitatem
1698 3998 1883 4069 largiri
1915 4014 2005 4052 so-

426 4098 596 4165 lebat,
636 4110 909 4166 nusquam
958 4109 1090 4151 vero
1131 4095 1396 4189 scriptum
1431 4101 1516 4149 est
1560 4093 1796 4164 pecudes
1830 4093 2009 4148 eidem

430 4191 669 4248 oblatas.

498 4283 772 4338 Praeterea
808 4297 932 4337 cum
963 4282 1032 4338 ad
1056 4280 1493 4351 Gergesenorum
1526 4279 1801 4350 regionem
1832 4280 2013 4334 venis-

431 4384 537 4443 set,
576 4387 637 4433 ut
666 4375 883 4432 Marcus
931 4375 1209 4443 asserit';
1259 4383 1351 4430 aut
1399 4374 1467 4429 ad
1519 4389 1710 4429 eorum
1748 4372 1905 4436 lines,
1954 4382 2013 4427 ut

2108 3278 2405 3349 συλλήϐδην
2423 3275 2444 3307 ⁸
2472 3269 2806 3344 συνειληφὼς
2830 3267 2918 3322 διὰ
2937 3266 3030 3320 τοῦ
3055 3264 3377 3334 αἰνίγματος
3404 3262 3508 3331 ἔφη
3526 3278 3539 3290 ·
3568 3260 3692 3312 Οὐκ

2105 3365 2295 3440 ἦλθον
2319 3371 2371 3422 εί
2392 3366 2479 3437 μὴ
2507 3364 2607 3420 διὰ
2636 3365 2701 3418 τὸ
2756 3362 3055 3430 πρόϐατον
3088 3356 3155 3410 τὸ
3203 3355 3541 3419 ἀπολωλός.
3574 3352 3692 3405 Ἵνα

2107 3462 2234 3533 εἴπῃ
2258 3461 2439 3514 πᾶσαν
2462 3457 2623 3528 φύσιν
2656 3452 3020 3526 ἀνθρωπείαν.
3052 3449 3163 3503 Καὶ
3180 3449 3234 3502 τί
3267 3464 3430 3518 φησι;
3470 3442 3694 3514 Ἐθερὼ

2108 3570 2253 3608 πευε
2282 3550 2532 3615 πάντας,
2560 3547 2667 3614 οὓς
2691 3549 2908 3614 ἔφερον
2932 3540 3112 3608 αὐτῷ,
3157 3536 3694 3608 σεληνιαζομένους

2109 3647 2207 3701 καὶ
2234 3642 2674 3713 κατεχομένους
2701 3640 2770 3693 ἐν
2798 3636 3102 3700 ποικίλαις
3156 3634 3384 3698 νόσοις.
3418 3630 3696 3703 Προσέφε-

2112 3755 2205 3811 ρον
2239 3737 2387 3808 αὑτῷ
2429 3734 2685 3804 τυφλοὺς,
2720 3731 2955 3800 κωφοὺς,
2987 3725 3235 3791 κυλλοὺς,
3270 3723 3695 3797 παραλυτικοὺς,

2111 3831 2447 3902 ἀναπήρους,
2478 3827 2575 3881 καὶ
2602 3825 2695 3879 ἐπὶ
2751 3822 2960 3884 πάντας
2986 3812 3161 3891 ἥπλού
3202 3816 3302 3888 τὴν
3342 3813 3508 3897 αὑτοῦ
3542 3812 3696 3884 εὐερ-

2112 3922 2302 3990 γεσίαν
2352 3938 2412 3973 τε
2455 3919 2548 3973 καὶ
2585 3917 2858 3989 ἰατρείαν·
2892 3910 3129 3983 οὐδαμοῦ
3172 3908 3232 3964 δὲ
3260 3907 3593 3981 γέγραπται,
3613 3906 3698 3959 ὅτι

2114 4015 2495 4086 προσήνεγκαν
2519 4010 2667 4081 αὐτῷ
2693 4008 2827 4073 ζῶα.

2187 4279 2320 4337 Εἶτα
2353 4279 2514 4334 πάλιν
2556 4274 2725 4329 ἐλθὼν
2768 4275 2849 4337 εἰς
2877 4273 2947 4327 τὰ
2977 4271 3117 4343 μέρη
3150 4267 3394 4338 (52).τῆς
3422 4266 3699 4338 Γεργεση-

2115 4378 2240 4441 νῶν,
2267 4376 2342 4437 ὼς
2387 4376 2415 4427 6
2437 4372 2661 4444 Μάρκος
2695 4367 2861 4435 λέγει,
2895 4365 2929 4436 ἢ
2963 4365 3022 4417 ὲν
3042 4364 3152 4426 τοῖς
3177 4361 3345 4433 ὁρίοις
3377 4357 3484 4411 τῶν
3504 4359 3699 4430 Γεργε-

429 4467 610 4526 Lucas
649 4466 943 4539 scripsit‘;
993 4477 1089 4522 aut
1130 4466 1566 4534 Gadarenorum,
1590 4474 1651 4520 ut
1692 4464 1996 4530 Matthazus;

2117 4466 2314 4540 σηνῶν,
2348 4465 2423 4527 ὼς
2445 4465 2472 4516 6
2495 4461 2708 4524 Λουκᾶς
2742 4472 2928 4530 φησιν,
2962 4455 2995 4525 ἢ
3025 4449 3373 4523 Γαδαρηνῶν,
3390 4448 3466 4540 ῶς
3492 4450 3521 4500 6

432 4564 551 4618 sive
587 4560 1022 4631 Gergesaaorum,
1066 4568 1125 4615 ut
1171 4560 1502 4630 exemplaria
1535 4557 1782 4631 quaedam
1823 4557 2011 4628 praefe-

432 4663 599 4721 runt;
630 4662 750 4709 erat
779 4654 927 4708 enim
957 4653 1125 4707 trium
1165 4653 1394 4708 sortium
1432 4653 1487 4707 in
1524 4651 1702 4708 medio
1742 4652 1897 4706 locus
1922 4651 2011 4706 ille

433 4751 646 4822 positus
694 4765 708 4803 ι
745 4748 914 4812 Ecce,
958 4747 1212 4818 inquit',
1256 4747 1571 4802 dwmoniaci
1611 4745 1716 4798 duo
1772 4744 2009 4815 difficiles

433 4841 586 4897 valde
605 4857 632 4895 e
648 4841 997 4897 monumentis
1019 4841 1214 4910 egressi
1243 4840 1548 4894 clamabant
1564 4839 1795 4893 dicentes
1819 4853 1836 4891 :
1862 4835 2007 4891 Sine.

438 4934 578 5000 Quid
623 4934 773 4990 nobis
818 4943 867 4987 et
914 4932 1030 4996 tibi,
1081 4930 1210 4986 Iesu
1263 4930 1371 4986 Fili
1411 4931 1531 4997 Dei,
1591 4934 1841 5002 quoniam
1892 4942 2013 4984 ante

438 5035 638 5094 tempus
680 5026 865 5082 venisti
916 5034 1155 5095 torquere
1195 5027 1331 5080 nos!
1360 5023 1617 5078 Nouimus
1659 5033 1728 5090 te,
1769 5024 1858 5093 qui
1913 5023 2007 5085 sis,

438 5114 669 5171 Sanctus
716 5116 835 5172 Dei.
874 5116 1009 5171 Erat
1052 5127 1227 5171 autem
1270 5133 1397 5187 gres;
1430 5133 1728 5186 porcorum,
1763 5116 1853 5186 qui
1900 5115 2013 5167 illic

437 5211 772 5277 pascebatur.
817 5206 884 5262 Et
918 5209 1175 5279 rogabant
1195 5225 1313 5262 eum
1355 5208 1617 5263 dtemones
1654 5207 1882 5262 dicentes
1914 5204 2012 5260 :Si

2118 4538 2288 4622 Θαῖος,
2319 4556 2353 4628 ἢ
2385 4552 2748 4626 Γεργεσαίων,
2805 4549 2880 4613 ὡς
2918 4544 3226 4616 ἀντίγραφά
3256 4558 3381 4595 τινα
3409 4538 3523 4611 ἔχει
3545 4556 3559 4571 ο
3590 4538 3700 4592 τῶν

2117 4652 2227 4721 γὰρ
2252 4648 2419 4722 τριῶν
2444 4646 2665 4717 κλήρων
2692 4646 2721 4696 6
2760 4643 2925 4704 τόπος
2955 4639 3058 4694 ἀνὰ
3101 4636 3263 4709 μέσον
3301 4630 3402 4706 ἦν·
3434 4632 3547 4688 Καὶ
3568 4629 3699 4684 ἰδοὺ

2117 4744 2225 4797 δύο
2274 4736 2738 4808 δαιμονιζόμενοι
2769 4731 3022 4804 χαλεποὶ
3070 4730 3234 4794 λίαν,
3288 4726 3357 4780 ἐκ
3382 4722 3503 4778 τῶν
3543 4738 3700 4793 μνη-

2114 4835 2298 4906 μείων
2328 4830 2729 4899 ἐξερχόμενοι.
2780 4824 2879 4879 καὶ
2909 4820 3160 4891 ἔκραζον
3208 4818 3523 4888 λέγοντεςο
3561 4814 3697 4906 "Ea:

2118 4902 2175 4981 τί
2208 4923 2351 4996 ἡμῖν
2399 4922 2499 4977 καὶ
2549 4919 2671 4985 σοὶ,
2714 4916 2915 4986 Ἰησοῦ
2979 4914 3074 4969 Υἱὲ
3099 4912 3206 4967 τοῦ
3236 4908 3405 4972 Θεοῦ,
3461 4906 3552 4960 ὅτι
3584 4902 3700 4996 πρό

2118 4992 2324 5089 καιροῦ
2348 5014 2530 5087 ἦλθες
2548 5011 2887 5079 βασανίσαι
2914 5006 3108 5078 ὴμᾶς;
3136 5000 3392 5073 Οἴδαμέν
3417 5016 3492 5054 σε
3512 4997 3600 5062 τίς
3624 4992 3699 5061 ετ,

2119 5114 2150 5166 ό
2177 5088 2371 5180 ’Ἄγιος
2396 5106 2501 5162 τοῦ
2538 5104 2708 5160 Θεοῦ.
2740 5098 2860 5157 Ἦν
2888 5099 2957 5153 δὲ
2978 5097 3168 5168 ἀγέλη
3194 5094 3413 5165 χοίρων
3441 5089 3568 5144 ἐκεῖ
3584 5088 3699 5180 βο.-

2118 5177 2405 5272 σκομένη.
2437 5197 2547 5253 Καὶ
2569 5193 2957 5265 παρεκάλουν
2980 5189 3169 5245 αὐτὸν
3200 5189 3255 5242 οἱ
3289 5185 3571 5251 δαίμονες
3606 5177 3700 5235 λέ·

512 5364 528 5394 ³
564 5360 753 5417 Matth.
788 5379 877 5428 xv,
904 5362 995 5417 24.
1070 5365 1091 5395 ¹
1116 5360 1306 5416 Matth.
1345 5378 1417 5427 Iv,
1448 5361 1536 5419 ll.
1611 5363 1632 5394 ³
1661 5362 1827 5417 Marc.
1859 5377 1912 5428 ν,
1946 5359 1992 5415 l.

2120 5358 2251 5412 Luc.
2277 5371 2394 5421 vnt,
2421 5353 2511 5408 ‘26.
2586 5355 2607 5385 ⁵
2636 5346 3162 5414 Matth.vm,28-55.
3219 5344 3241 5375 ⁸
3260 5341 3320 5396 F.
3353 5341 3382 5394 ὂ
3406 5338 3523 5394 συλ.

514 5514 626 5591 (32)
662 5513 807 5591 βῖτα
851 5515 1270 5591 πάλιν-,ὲλᾷὼν
1300 5518 1387 5591 είς
1424 5515 1497 5570 τὰ
1547 5517 1717 5585 μέρη.
1767 5515 2020 5591 Le_vicu_le

441 5585 537 5656 hic
591 5588 978 5641 'nallucinatur.
1037 5585 1250 5641 Etenim
1307 5585 1523 5641 Marcus
1575 5602 1697 5654 cap.
1741 5603 1794 5648 v,
1827 5587 1879 5650 i,
1920 5586 2020 5656 τὴν

479 5654 628 5728 ώραν
648 5656 756 5712 τῶν
777 5656 1396 5729 Γαδαρηνῶζερροιιειιζ
1430 5656 1618 5729 M_atth.
1645 5654 2016 5727 Γεργεσηνῶν.

493 5724 625 5783 u'cas
660 5742 760 5794 cap
814 5724 937 5791 vnn,
969 5724 1060 5792 26,
1088 5724 1428 5800 Γαδὸρτῃών.
1468 5724 2005 5786 ιιιιιὶηυε’ἱιιιοῖυω5

2126 5513 2329 5582 ubique
2348 5508 2772 5582 Gerasenorum.
2803 5504 3007 5582 Ger-asa
3032 5508 3086 5556 et
3108 5498 3321 5582 Gadara
3345 5495 3478 5582 aliis
3497 5490 3698 5582 oppida

2127 5562 2616 5647 duoTaliisnnum
2637 5586 2692 5633 et
2716 5577 2857 5647 idem
2888 5573 3059 5647 fuisse
3087 5570 3321 5625 videtur.
3345 5564 3484 5619 Vide
3503 5562 3697 5647 Janse-

2129 5644 2278 5708 nium
2306 5667 2424 5719 cap.
2457 5651 2525 5705 50
2547 5647 2806 5704 Concord.
2831 5644 2877 5719 A
2906 5644 3102 5716 quibus
3127 5650 3518 5697 transamnana
3543 5645 3693 5705 quae.

2118 5724 2242 5780 dam
2272 5717 2421 5791 regio
2449 5734 2646 5776 nomen
2679 5717 2905 5788 accepit.
