4076 6392
352 398 434 457 85
962 403 1333 463 ADVERSUS
1368 409 1713 465 "IERESES
1739 409 1867 465 LIB.
1906 411 1969 469 11.
2013 410 2177 467 TOM.
2220 410 2285 464 ll.
2325 440 2397 451 —-
2430 406 2703 463 ll/ERES.
2747 404 2929 460 LXVI.
3543 397 3615 457 86

353 532 601 586 τοντες’
654 519 725 570 El
773 517 1090 585 ἐκϐάλλεις
1140 522 1298 593 ἡμᾶς
1338 524 1406 578 ἐκ
1440 525 1559 578 τῶν
1596 526 1942 594 ἀνθρώπων,

2051 527 2196 596 ejicis
2242 543 2334 581 nos
2361 541 2425 579 ea:
2453 522 2772 584 hominibus,
2809 522 2958 574 mitte
2999 534 3090 572 nos
3130 519 3181 571 in
3209 532 3410 585 ροιεοε.
3442 513 3509 566 Et
3540 514 3617 567 ir-

353 606 729 661 ἀπόστειλον
750 607 908 677 ἡμᾶς
938 613 1024 677 εὶς
1049 611 1192 679 τοὺς
1216 614 1477 683 χοίρους.
1513 616 1622 669 Kal
1660 615 1944 685 ὥρμησαν

353 699 446 764 είς
473 698 591 765 τὴν
612 699 957 764 θάλασσαν,
988 702 1085 756 καὶ
1130 702 1440 759 ἀπώλοντο
1459 706 1529 759 ἐν
1560 706 1683 773 τοῖς
1702 706 1943 764 ὕδασιν.

357 790 427 842 Ol
450 787 522 840 δὲ
545 789 886 858 βόσκοντες
910 792 1159 862 ἔφυγον,
1190 796 1288 848 καὶ
1318 796 1697 867 ἀπήγγειλαν
1725 802 1812 866 είς
1830 798 1947 867 τὴν

354 881 564 933 πάλιν.
606 881 716 934 Καὶ
736 883 795 936 ἐν
824 883 921 952 μὲν
947 883 1025 954 τῷ
1044 884 1310 957 Ματθαίῳ
1332 888 1461 959 περὶ
1480 888 1571 941 δύο
1596 889 1812 958 λέγεται
1839 891 1967 943 δαι-.

358 972 754 1042 μονιζομὲνων.
797 974 1032 1046 Χοίρους
1089 976 1147 1029 δὲ
1205 979 1461 1048 σημαίνει
1523 981 1729 1046 ἁπλῶς,
1756 982 1852 1035 καὶ
1884 983 1944 1036 οὐ

354 1060 451 1114 τὸν
480 1061 715 1132 ἀριθμὸν
743 1063 927 1134 δηλοῖ·
961 1066 991 1117 ὁ
1026 1065 1085 1119 δὲ
1112 1067 1339 1139 Μάρκος
1393 1071 1489 1124 καὶ
1531 1072 1629 1143 τὴν
1662 1072 1947 1145 ἀκρίϐειαν

353 1151 455 1205 τοῦ
480 1153 718 1226 ἀριθμοῦ
739 1155 847 1211 τῶν
874 1156 1074 1228 χοίρων
1109 1160 1409 1231 διηγήσατο
1428 1161 1619 1228 είπὼν,
1654 1164 1737 1217 ὅτι
1761 1160 1948 1219 τΗαῑθιίι

354 1244 430 1297 δὲ
448 1247 538 1311 εὶς
564 1247 637 1301 τὰ
651 1247 801 1316 μέρη
826 1247 939 1318 τῆς
971 1251 1389 1320 Γεργεσηνῶν,
1437 1255 1538 1308 καὶ
1594 1256 1949 1324 ἀπήντησεν

352 1336 523 1403 αὐτῷ
543 1336 1041 1409 δαιμονιζόμενος,
1073 1342 1143 1409 ὃς
1174 1343 1479 1415 ἐδεσμεῖτο
1501 1347 1761 1401 ἁλύσεσι
1784 1349 1949 1418 σιδη-

353 1427 513 1495 ραῑς,
546 1430 645 1483 καὶ
676 1428 897 1484 διέσπα
922 1433 995 1487 τὰ
1022 1433 1235 1503 δεσμὰ,
1268 1436 1365 1490 καὶ
1386 1437 1456 1490 ἐν
1488 1437 1613 1503 τοῖς
1636 1438 1949 1507 μνημείοις

354 1517 553 1589 διῆγε,
580 1521 680 1574 καὶ
706 1521 951 1590 ἔκραζεν
973 1539 988 1553 ⁸
1020 1525 1134 1578 Ἔα
1154 1542 1168 1555 ⁸
1204 1527 1262 1580 τί
1285 1527 1432 1596 ἡμῖν
1459 1528 1558 1582 καί
1586 1530 1711 1595 σοί,
1752 1529 1950 1599 Ἰησοῦ

365 1612 467 1664 Υἱὲ
510 1612 619 1666 τοῦ
675 1613 862 1678 Θεοῦ;
922 1611 1139 1682 Ἦλθες
1182 1618 1295 1686 πρὸ
1345 1620 1556 1688 καιροῦ
1610 1621 1951 1685 βασανίσαι

353 1701 540 1771 ἡμᾶς.
567 1702 680 1757 Kal
707 1704 1020 1773 ἠρώτησεν
1045 1709 1233 1763 αὐτὸν
1254 1712 1287 1764 ὁ
1325 1710 1552 1778 Ἰησοῦς
1570 1716 1677 1773 ’7Τί
1702 1730 1802 1769 σοι
1821 1714 1951 1769 ὄνο-

350 1794 441 1864 μὰ
468 1794 638 1861 eam;
663 1797 775 1851 Kal
808 1794 998 1863 εἶπεν,
1048 1797 1137 1851 ὅτι
1177 1799 1426 1870 λεγεὼν,
1454 1802 1543 1857 ὅτι
1572 1805 1775 1860 πολλὰ
1825 1805 1953 1859 δαι-

2047 627 2267 671 ruerunt
2300 617 2355 670 in
2378 631 2541 678 mare,
2592 623 2641 669 et
2670 614 2934 681 perierunt
2973 612 3025 664 in
3067 610 3237 680 aquis.
3271 601 3345 661 At
3380 614 3615 676 pastores

2045 706 2314 776 fugerunt,
2346 717 2395 761 et
2430 705 2742 758 nuntiarunt
2772 704 2827 756 in
2860 702 3059 756 urbem.
3104 700 3259 772 Apud
3309 697 3617 752 Matthanun

2045 800 2367 855 damioniaei
2397 800 2505 854 duo
2535 797 2704 852 fuisse
2741 797 3019 851 dicuntur.
3061 793 3207 847 Idem
3248 805 3442 862 porcos
3486 789 3619 844 sim-

2046 891 2261 962 pliciter
2293 888 2554 958 concipit,
2602 902 2783 957 neque
2823 900 3110 940 numerum
3160 882 3437 951 exprimit.
3481 880 3620 933 Mar-

2045 997 2144 1038 cus
2177 997 2308 1036 vero
2336 980 2501 1035 etiam
2539 993 2834 1050 porcorum
2883 992 3168 1032 numerum
3200 972 3511 1029 accuratius
3533 985 3622 1024 ex-

2046 1075 2219 1144 ponit.
2266 1072 2418 1127 Venit
2466 1082 2663 1134 autem.
2696 1071 2946 1141 inquit‘,
3000 1070 3055 1122 in
3098 1076 3275 1135 partes
3306 1064 3622 1144 Gergeseno-

2048 1182 2186 1229 rum,
2213 1175 2261 1219 et
2286 1164 2516 1219 occurrit
2547 1164 2595 1218 ei
2624 1163 2943 1217 damonium
2986 1159 3202 1220 habens,
3242 1158 3330 1227 qui
3369 1142 3628 1225 alligatus

2046 1266 2160 1312 erat
2207 1257 2405 1310 catenis
2450 1255 2657 1324 ferreis,
2713 1263 2762 1308 et
2805 1250 3164 1320 disrumpebat
3215 1246 3445 1309 vincula,
3488 1246 3630 1296 etin

2051 1346 2401 1401 monumentis
2428 1344 2668 1416 degebat,
2706 1353 2757 1398 et
2798 1341 3187 1407 uociferabatur
3217 1355 3235 1392 :
3274 1337 3420 1392 Sine.
3482 1332 3623 1401 Quid

2052 1437 2202 1493 nobis
2248 1446 2299 1493 et
2341 1437 2455 1502 tibi,
2510 1435 2641 1491 Iesu
2690 1434 2802 1488 Fili
2854 1434 2991 1488 Dei?
3028 1432 3226 1486 Venisti
3257 1439 3381 1483 ante
3424 1436 3623 1494 tempus

2051 1537 2292 1598 torquere
2316 1529 2450 1582 nos?
2475 1525 2543 1579 Et
2577 1524 2916 1595 interrogavit
2947 1525 3118 1592 ipsum
3146 1519 3304 1574 Jesus
3328 1535 3343 1572 :
3369 1518 3520 1584 Quod
3547 1527 3622 1570 est

2050 1619 2146 1673 tibi
2180 1617 2501 1673 nomen?Et
2527 1619 2706 1671 dixit:
2737 1617 2914 1687 Legio,
2938 1622 3188 1685 quoniam
3230 1611 3396 1666 muha
3435 1610 3628 1664 dn'mo-

2050 1711 2141 1763 nia
2187 1710 2518 1764 intraverant
2561 1710 2617 1763 in
2658 1710 2852 1777 ipsum.
2910 1706 2973 1760 Et
3015 1705 3270 1776 rogabant
3318 1704 3511 1771 ipsum,
3562 1717 3627 1757 ne

2049 1803 2411 1857 emitterentur
2432 1811 2584 1855 eastra
2629 1801 2909 1871 regionem,
2940 1798 3030 1851 sed
3070 1807 3127 1848 ut
3166 1796 3229 1849 in
3248 1809 3432 1864 porcos
3453 1794 3627 1862 ingre-

352 1886 541 1954 μόνια
566 1886 854 1957 εἰσῆλθεν
879 1891 966 1954 είς
1002 1890 1208 1944 αὐτόν.
1263 1893 1375 1946 Kal
1420 1894 1805 1962 παρεκάλουν
1831 1899 1948 1951 αὺ-

2051 1892 2314 1945 derentur.
2353 1890 2485 1944 Erat
2521 1891 2660 1945 enim
2700 1890 2814 1943 illic
2853 1903 2978 1958 grex
3010 1902 3289 1957 porcorum
3319 1885 3407 1954 qui
3442 1897 3626 1951 pasce-

353 1976 469 2030 τὸν
486 1977 576 2046 μὴ
604 1979 1027 2049 ἀποσταλῆναι
1049 1982 1166 2046 ἔξω
1185 1981 1294 2051 τῆς
1312 1982 1529 2054 χώρας,
1560 1986 1724 2041 ἀλλὰ
1750 1990 1951 2043 εἰσελ-

353 2068 492 2123 θεῖν
519 2073 609 2137 είς
632 2072 772 2138 τοὺς
799 2073 1048 2141 χοίρους
1066 2090 1079 2105 ·
1116 2070 1198 2145 ἦν
1229 2076 1342 2144 γὰρ
1364 2076 1493 2131 ἐκεῖ
1517 2078 1706 2149 ἀγέλη
1732 2082 1951 2149 χοίρων

353 2160 741 2233 βοσκομένη,
791 2165 891 2218 καὶ
935 2164 1267 2236 ἐπέτρεψεν
1286 2168 1491 2234 αὐτοῖς
1539 2170 1836 2225 εἰσελθεῖν
1862 2174 1948 2240 είς

354 2252 506 2319 τοὺς
548 2255 817 2323 χοίρους.
871 2255 983 2309 Kal
1038 2255 1318 2326 ὥρμησεν
1377 2260 1416 2327 ἡ
1443 2259 1630 2330 ἀγέλη
1672 2266 1823 2315 κατὰ
1841 2262 1948 2316 τοῦ

352 2344 633 2412 κρημνοῦ
658 2346 745 2411 εις
766 2344 880 2411 τὴν
916 2344 1258 2402 θάλασσαν.
1286 2343 1492 2403 Ἦσαν
1510 2349 1621 2419 γὰρ
1656 2352 1737 2416 ὡς
1766 2351 1953 2421 δισχί-

351 2438 502 2498 λιοι,
538 2434 637 2489 καὶ
684 2437 1027 2507 ἐπνίγησαν
1058 2440 1130 2493 ἐν
1155 2438 1233 2532 τῇ
1283 2440 1590 2511 θαλάσσῃ.
1615 2444 1727 2497 Καὶ
1757 2447 1811 2498 oi
1833 2445 1945 2509 ,ϐό-

351 2540 623 2593 σκοντες
658 2528 881 2593 αὐτοὺς
932 2530 1181 2600 ἔφυγον,
1204 2528 1327 2586 ’καὶ
1382 2532 1749 2603 ἀνήγγειλαν
1780 2536 1852 2589 ἐν
1877 2534 1952 2605 τῇ

352 2619 557 2672 πόλει.
593 2614 739 2692 Ἆρα
770 2616 868 2676 οὖν
924 2621 993 2675 δι’
1017 2621 1240 2690 ἄγνοιαν
1269 2622 1458 2695 ἠρώτα
1483 2626 1512 2678 ὁ
1539 2624 1672 2689 Θεὸς
1702 2626 1894 2695 Λόγος,
1923 2628 1952 2680 ὁ

352 2709 431 2762 δι’
457 2711 609 2781 ἡμᾶς
660 2711 946 2783 ἄνθρωπος
983 2712 1248 2783 γεγονὼς,
1280 2716 1375 2769 καὶ
1418 2715 1519 2769 οὐκ
1547 2716 1664 2787 ᾔδει
1696 2716 1756 2771 τὸ
1781 2717 1952 2790 ὄνομα

353 2803 456 2857 τοῦ
482 2805 761 2877 δαιμονίου
791 2809 923 2881 πρὶν
980 2810 1290 2882 ἐρωτῆσαις
1340 2811 1500 2866 Ἀλλὰ
1541 2813 1699 2866 εἴωθε
1719 2814 1781 2867 τὸ
1799 2815 1950 2869 Θεῖον

352 2897 429 2948 ἐκ
477 2897 745 2968 στόματος
775 2899 886 2954 τῶν
926 2901 1294 2972 ἐρωτωμένων
1341 2902 1438 2967 τὰς
1487 2905 1791 2975 προφάσεις
1819 2907 1951 2962 ἐκά-

357 3005 498 3060 στης
523 2988 831 3055 ὑποθέσεως
861 2992 1121 3062 ἐκδήλους
1156 2993 1624 3065 παρασκευάζειν.
1667 2994 1825 3051 Οὕτω
1856 2998 1952 3051 καὶ

353 3080 622 3144 ἐνταῦθα.
655 3082 748 3137 ἵνα
764 3083 914 3156 δείξῃ
937 3083 998 3136 τὸ
1027 3083 1257 3156 φοϐερὸν
1287 3085 1463 3138 καὶτὸ
1485 3085 1690 3157 πλῆθος
1714 3087 1821 3141 τῶν
1845 3088 1951 3141 δαι-

358 3172 565 3243 μόνων.
611 3172 675 3226 τὸ
702 3174 965 3246 ἐρώτημα
992 3178 1247 3239 ποιεῖται,
1294 3176 1384 3231 ἵνα
1409 3177 1475 3230 ἐκ
1499 3176 1768 3248 στόματος
1798 3178 1945 3231 ὲκεί-

356 3281 454 3317 νου
484 3263 880 3335 τὺθαυμαστὺν
927 3265 1088 3340 ἔργον
1136 3267 1605 3339 ὑποδειχθήσεται.
1657 3268 1768 3325 Kal
1798 3283 1943 3340 παρ-

356 3354 633 3410 εκάλουν
651 3357 839 3411 αὐτὸν
868 3360 923 3411 οἱ
950 3358 1232 3428 δαίμονες
1255 3359 1558 3428 λέγοντες*
1585 3360 1682 3429 Μὴ
1703 3361 1949 3433 πέμψῃς

355 3443 523 3513 ἡμᾶς
556 3446 644 3511 είς
664 3445 784 3513 τὴν
820 3445 1098 3501 ἄϐυσσον
1124 3464 1137 3478 ·
1169 3448 1305 3502 ἀλλ’
1329 3450 1654 3519 ἐπίτρεψον
1683 3451 1827 3520 ἡμῖν
1851 3453 1953 3507 ἵνα

355 3532 729 3602 εἰσέλθωμεν
750 3537 838 3601 είς
878 3535 1020 3602 τοὺς
1046 3537 1309 3605 χοίρους.
1348 3538 1457 3591 Kal
1493 3537 1825 3608 ἐπέτρεψεν
1847 3542 1954 3595 αὐ-

2052 1982 2231 2047 batur;
2270 1991 2321 2038 et
2366 1983 2607 2052 permisit
2652 1982 2785 2049 ipsis
2813 1982 3013 2049 ingredi
3057 1981 3112 2032 in
3140 1991 3358 2047 porcos;
3383 1983 3431 2029 et
3466 1974 3627 2027 irruit

2052 2090 2185 2146 grex
2230 2090 2322 2144 per
2366 2090 2597 2144 praeceps
2640 2075 2695 2127 in
2746 2062 2928 2136 "infe;
2957 2079 3108 2126 erant
3138 2070 3277 2123 enim
3324 2067 3476 2138 quasi
3518 2065 3625 2121 duo

2054 2170 2250 2235 millia,
2281 2178 2332 2224 et
2361 2170 2625 2239 su/focata
2671 2179 2794 2223 sunt
2828 2169 2885 2221 in
2932 2167 3087 2222 mari.
3124 2164 3193 2218 Et
3215 2165 3305 2235 qui
3344 2163 3625 2233 pascebant

2052 2262 2193 2330 ipsos
2222 2262 2490 2332 (tigerunt,
2523 2270 2572 2316 et
2598 2262 2910 2314 nuntiarunt
2936 2261 2991 2313 in
3014 2259 3299 2312 civitatem.
3330 2254 3468 2310 Num
3496 2269 3627 2308 vero

2053 2351 2147 2406 Dei
2169 2351 2432 2414 Verbum,
2483 2349 2630 2420 quod
2674 2359 2895 2421 propter
2935 2365 3037 2406 nos
3083 2348 3357 2404 hominem
3386 2362 3446 2403 se
3474 2346 3630 2409 fecit,

2051 2440 2321 2512 ejusmodi
2348 2439 2606 2512 quiddam
2637 2455 2703 2494 ex
2741 2440 3049 2509 ignorantia
3083 2438 3487 2502 sciscitabatur,
3529 2451 3626 2490 nc-

2052 2548 2158 2603 que
2185 2531 2450 2587 daemonis
2475 2547 2675 2586 nomen
2716 2537 2965 2597 noverat,
2998 2537 3288 2600 antequam
3323 2529 3629 2599 interroga-

2053 2625 2172 2679 ret?
2197 2623 2356 2695 651
2388 2621 2589 2678 Verum
2630 2624 2703 2677 ita
2737 2621 2879 2677 Deus
2920 2621 3101 2677 facere
3128 2623 3436 2684 consuevit,
3467 2629 3519 2675 ut
3555 2635 3627 2676 ex

2054 2717 2293 2778 illorum.
2343 2729 2486 2786 quos
2516 2715 2839 2786 interrogat,
2871 2730 2968 2770 ore
2995 2714 3265 2785 cujusque
3301 2713 3502 2784 negotii
3544 2725 3628 2767 ra-

2053 2810 2232 2864 tiones
2264 2808 2693 2878 occasionesque
2724 2807 3036 2879 patel‘aeiat.
3073 2807 3435 2874 Quamobrem
3471 2812 3520 2859 et
3554 2805 3627 2861 il»

2052 2902 2124 2957 lic
2151 2917 2388 2972 quoque,
2426 2909 2485 2954 ut
2517 2917 2679 2970 quam
2720 2901 3014 2963 terribiles,
3047 2907 3360 2971 quantoque
3400 2913 3626 2953 numero

2051 2992 2324 3047 daemones
2354 3000 2540 3046 essent
2572 2989 2862 3053 indicaret,
2893 2991 3231 3061 interrogare
3254 2993 3406 3060 prius
3430 2990 3622 3053 voluit,

2053 3093 2113 3138 nt
2150 3100 2212 3138 ex
2252 3084 2400 3138 illius
2441 3098 2537 3138 ore
2577 3081 2899 3137 admirabile
2944 3081 3155 3135 facinus
3197 3082 3326 3136 illud
3368 3082 3631 3136 ostende-

2054 3183 2220 3232 retur.
2258 3174 2535 3230 Damones
2578 3190 2736 3243 porro
2780 3173 3039 3244 rogabant
3071 3174 3284 3244 ipsum:
3319 3172 3401 3228 Ne
3442 3176 3632 3229 mittas

2053 3284 2146 3323 nos
2176 3268 2232 3321 in
2263 3266 2549 3336 abyssum;
2580 3268 2671 3321 sed
2709 3268 2953 3336 permitte
2989 3265 3137 3320 nobis
3167 3274 3223 3318 ut
3261 3264 3626 3336 ingrediantur

2052 3359 2107 3412 in
2133 3373 2353 3427 porcos:
2385 3366 2435 3410 et
2457 3358 2695 3425 permisit
2726 3359 2875 3428 ipsis.
2906 3356 2986 3437 Et.
3004 3359 3241 3412 exierunt
3262 3357 3544 3423 damenes,
3574 3364 3628 3411 et

2052 3449 2387 3502 intraverunt
2434 3449 2489 3503 in
2520 3464 2730 3518 porcos,
2774 3459 2823 3505 et
2855 3450 3013 3503 irruit
3042 3465 3170 3520 grex
3198 3464 3498 3518 porcorum
3534 3464 3627 3518 per

2055 3540 2407 3610 prazcipitium
2431 3539 2483 3594 in
2514 3557 2691 3606 mare;
2725 3550 2774 3596 et
2799 3542 3064 3612 perierunt
3095 3542 3149 3594 in
3175 3543 3347 3613 aquis.

355 3628 523 3695 τοῖς·
574 3629 673 3683 καὶ
698 3629 964 3699 ἐξῆλθον
1003 3634 1058 3684 οἱ
1090 3631 1372 3701 δαίμονες
1395 3636 1482 3699 εις
1522 3633 1663 3700 τοὺς
1691 3635 1956 3704 χοίρους.
1997 3635 2111 3688 Kal
2148 3633 2428 3703 ὥρμησεν
2453 3635 2492 3703 ἠ
2516 3634 2702 3705 ἀγέλη
2733 3634 2852 3690 τῶν
2885 3636 3105 3704 χοίρων
3142 3635 3292 3689 κατὰ
3318 3635 3425 3689 τοῦ
3480 3650 3626 3703 κρη-

355 3722 519 3793 μνοῦ
539 3726 627 3790 είς
656 3724 773 3794 τὴν
807 3727 1131 3783 θάλασσαν
1150 3744 1164 3758 ·
1209 3729 1308 3782 καὶ
1367 3730 1679 3785 ἀπώλοντο
1720 3731 1789 3784 ἐν
1827 3729 1951 3796 τοῖς
1988 3727 2228 3783 ὕδασιν.

433 3814 559 3869 AA'.
587 3816 654 3867 Ὢ
694 3816 934 3888 μεγάλης
966 3817 1102 3873 Θεοῦ
1128 3818 1566 3890 φιλανθρωπίαςί
1605 3820 1721 3885 πῶς
1754 3821 1815 3874 τὸ
1845 3820 1945 3892 μὲν

356 3904 560 3976 ψεῦδος
602 3908 835 3979 ἐλέγχει,
868 3913 981 3975 τοῖς
1021 3911 1079 3965 δὲ
1107 3910 1314 3975 δούλοις
1359 3913 1523 3967 αὑτοῦ
1557 3912 1655 3985 τὴν
1687 3914 1945 3985 ἀλήθειαν

359 3998 713 4054 ὑποδεικνύει
743 4000 809 4053 δι’
837 4001 1034 4073 ἔργων,
1066 4005 1160 4057 καὶ
1185 4003 1272 4058 διὰ
1300 4003 1495 4073 λόγων,
1520 4006 1611 4058 καὶ
1643 4005 1731 4059 διὰ
1768 4006 1946 4077 πάσης

363 4088 532 4143 αὐτοῦ
564 4090 664 4159 τῆς
693 4091 1026 4162 ἐπιμελείας.
1067 4093 1257 4165 Ἔργῳ
1300 4095 1408 4167 γὰρ
1456 4095 1656 4160 ἔδειξεν
1699 4097 1819 4167 οὐχὶ
1846 4097 1945 4168 τὴν

359 4180 539 4254 αὐτὴν
568 4181 748 4254 ψυχὴν
778 4179 917 4237 εἶναι
950 4184 1008 4237 ἐν
1044 4203 1104 4238 τε
1132 4188 1244 4250 τοῖς
1285 4185 1591 4258 ἀνθρώποις
1624 4189 1718 4241 καὶ
1748 4190 1806 4242 ἐν
1832 4190 1945 4252 τοῖς

288 4314 295 4319 .
361 4274 617 4346 κτήνεσι,
657 4275 752 4327 καὶ
788 4275 846 4328 ἐν
889 4278 1004 4340 τοῖς
1049 4276 1229 4342 ζώοις.
1270 4280 1333 4331 El
1375 4278 1486 4350 γὰρ
1534 4281 1567 4349 ὴ
1613 4281 1751 4351 αὐτὴ
1799 4280 1945 4351 ψυχὴ

360 4365 607 4436 ὑπῆρχε,
636 4367 744 4420 τίνι
770 4366 913 4438 λόγῳ
944 4367 1041 4423 ἕνα
1075 4369 1175 4440 μὲν
1203 4369 1523 4441 βουλόμενος
1558 4370 1873 4443 καθαρίσαι,
1911 4371 1944 4442 ἢ

364 4457 497 4527 μίαν
522 4456 704 4528 ψυχὴν
734 4456 906 4512 σῶσαι
936 4459 1035 4530 τὴν
1063 4459 1159 4513 τοῦ
1186 4460 1477 4532 ἀνθρώπου
1514 4462 1608 4515 τοῦ
1648 4462 1947 4534 δαιμονῶν·

358 4562 476 4611 τος,
504 4544 770 4616 δισχιλίας
796 4546 932 4618 ὁμοῦ
966 4547 1145 4618 ψυχὰς
1173 4549 1437 4605 ἀπολέσαι
1460 4551 1560 4603 οὐκ
1595 4551 1869 4621 ἐφείσατο,
1898 4551 1947 4603 εἰ

359 4635 571 4706 ἠάῠτὴ
598 4631 702 4706 ira;
746 4635 874 4699 Πῶς
903 4637 995 4691 τὸν
1019 4639 1117 4693 ἕνα
1152 4638 1462 4712 καθαρίζει,
1493 4642 1526 4712 ἢ
1556 4641 1656 4713 τὴν
1696 4642 1821 4713 μίαν
1847 4641 1950 4712 ψυ-

362 4726 490 4798 χὴν,
526 4728 607 4790 εἰς
635 4727 692 4780 δὲ
726 4728 794 4781 τὰ
833 4728 969 4782 ἄλλα
1021 4729 1268 4801 σώματα,
1318 4731 1413 4785 εἴτ’
1462 4728 1556 4785 οὖν
1601 4732 1779 4803 ψυχὰς
1827 4733 1948 4786 ἐπι-

360 4819 557 4891 τρέπει
605 4819 734 4882 τοὺς
772 4818 1032 4890 δαίμονας
1068 4821 1445 4892 είσέρχεσθαις
1504 4823 1615 4877 Οὐκ
1659 4823 1772 4877 ἐστι
1811 4823 1946 4894 δῆλα

364 4908 548 4963 τὰτοῦ
577 4908 755 4977 φωτὸς
775 4908 947 4981 ἐργα;
974 4911 1063 4965 Ἐν
1079 4918 1218 4981 φωτί
1251 4915 1389 4966 εἰσιν
1408 4906 1555 4967 οὗτοι
1584 4915 1633 4967 οἱ
1662 4912 1809 4982 λόγοι
1826 4915 1944 4986 sip-

360 5000 674 5070 γασμὲνοι;
708 5000 771 5053 οὐ
812 5001 916 5073 τῆς
954 5002 1210 5074 ἀληθείας
1242 5004 1305 5056 τὸ
1350 5004 1641 5076 πρόσωπον
1689 5005 1945 5077 φαιδρόν;

362 5091 492 5162 οὐχὶ
522 5090 700 5145 πάντα
727 5090 845 5144 λεῖα
874 5094 987 5155 τοῖς
1034 5091 1298 5157 συνιοῦσι,
1332 5095 1427 5147 καὶ
1463 5093 1601 5164 ὀρθὰ
1645 5097 1757 5159 τοῖς
1802 5096 1950 5166 εὑρί-

367 5199 561 5236 σκουσι
602 5182 836 5252 γνῶσιν;
886 5184 990 5247 τίς,
1025 5183 1200 5239 ταῦτα
1229 5184 1465 5251 ἀκούσας
1503 5188 1597 5240 καὶ
1630 5188 1945 5260 συγκρίνας,

364 5275 471 5329 οὐκ
501 5273 701 5347 ἐλέγχῃ
744 5274 836 5328 τὸν
880 5275 1074 5346 Μάνην
1121 5277 1421 5329 καττύοντα
1458 5277 1496 5331 s
1532 5280 1605 5350 μὴ
1643 5279 1814 5332 δεῖτὸ
1850 5280 1948 5349 τὴν

364 5364 612 5420 διάνοιαν
648 5364 755 5418 τῶν
800 5364 1105 5436 ἀνθρώπων
1138 5369 1203 5421 ἐκ
1245 5367 1339 5420 τοῦ
1373 5369 1525 5431 ὄντος
1570 5369 1945 5441 διαστρέφεινς

380 5455 547 5509 mm
592 5456 756 5510 πάλιν
802 5457 852 5510 οἱ
895 5457 1187 5532 ἀλιτήριοι.
1267 5461 1504 5532 Ἀκήκοα
1538 5461 1647 5531 γὰρ
1680 5462 1773 5514 καί
1804 5478 1948 5526 τινος

366 5547 517 5601 οὕτω
558 5547 965 5618 διαλεγομένου.
1009 5551 1098 5616 Ὧς
1132 5554 1262 5624 παρ’
1292 5553 1446 5624 ἡμῶν
1480 5554 1680 5624 ἢκουσε
1720 5555 1948 5625 ταυτηνὶ

364 5637 472 5710 τὴν
498 5640 904 5709 πραγματείαν,
936 5642 1193 5713 στραφεὶς
1226 5643 1253 5695 ὁ
1293 5644 1588 5716 κτηνώδης,
1620 5645 1835 5715 ἐνόμισε
1872 5645 1951 5716 μή

442 5793 462 5826 ί
488 5790 660 5849 Marc.
696 5810 749 5863 v,
781 5794 931 5851 1-15.

2126 3817 2367 3874 XXXIV.
2404 3817 2449 3874 Ο
2479 3818 2811 3889 singularem
2854 3815 2949 3870 Dei
2992 3816 3413 3887 benignitatem!
3459 3830 3629 3885 quam

2051 3912 2188 3969 bene
2242 3911 2585 3967 mendacium
2634 3908 2935 3979 redarguit,
2990 3924 3054 3962 ac
3101 3908 3276 3964 servis
3335 3909 3470 3970 suis,
3514 3913 3623 3962 tam

2051 4005 2208 4060 factis
2232 4018 2394 4073 quam
2418 4003 2616 4065 verbis,
2639 4010 2693 4057 et
2724 4002 2779 4058 in
2803 4000 2952 4055 omni
2988 3999 3465 4054 administratione
3497 4013 3625 4068 pro-

2050 4098 2403 4167 videntiaque
2451 4110 2550 4150 sua
2597 4096 2876 4150 veritatem
2920 4094 3293 4149 demonstrat!
3337 4091 3451 4146 lloc
3478 4093 3625 4147 enim

2049 4205 2110 4244 re
2139 4190 2256 4259 ipsa
2284 4186 2633 4258 signiﬁcavit,
2683 4202 2790 4240 non
2822 4186 3066 4241 eamdem
3089 4184 3326 4239 animam
3365 4184 3418 4238 in
3449 4183 3626 4238 homi-

2053 4277 2236 4338 nibus.
2281 4293 2347 4332 ac
2388 4275 2715 4347 pecudibus,
2757 4284 2810 4330 et
2851 4275 3076 4347 reliquis
3118 4273 3488 4328 animantibus
3539 4273 3624 4327 in-

2053 4384 2195 4425 esse.
2251 4367 2384 4421 Nam
2421 4368 2467 4422 si
2500 4369 2688 4422 eadem
2735 4367 2789 4420 in
2834 4368 2944 4423 illis
2990 4366 3131 4422 foret
3171 4367 3372 4431 anima,
3401 4383 3499 4421 cur
3526 4382 3618 4437 qui

2054 4475 2222 4515 unum
2271 4474 2572 4530 repurgare
2598 4459 2782 4524 vellet,
2816 4467 2913 4514 aut
2941 4475 3102 4514 unam
3132 4474 3353 4514 servare
3384 4457 3624 4527 correpti

2054 4565 2084 4603 a
2117 4548 2458 4604 daemonibus
2502 4548 2739 4605 hominis
2770 4550 3030 4612 animam,
3067 4550 3283 4604 duobus
3317 4549 3622 4603 animarum

2053 4640 2297 4695 millibus
2335 4655 2444 4694 non
2484 4640 2793 4711 pepercit?’
2826 4641 2939 4694 (lur.
2968 4657 3133 4695 unum
3167 4640 3462 4701 hominem,
3504 4638 3621 4694 sive

2053 4746 2216 4785 unam
2256 4731 2492 4784 animam
2533 4731 2607 4784 ita
2650 4728 2964 4802 perpurgat,
3039 4739 3097 4785 ut
3137 4733 3192 4784 in
3237 4732 3340 4783 alia
3389 4745 3623 4800 corpora

2051 4821 2135 4874 vel
2174 4821 2393 4875 animas
2419 4819 2695 4876 damiones
2740 4822 2948 4890 ingredi
2993 4823 3315 4891 permittat?
3364 4821 3620 4891 Nunquid

2051 4912 2191 4967 lucis
2239 4911 2528 4968 manifesta
2559 4921 2686 4967 sunt
2718 4912 2921 4982 opera?
2969 4912 3085 4967 Non
3129 4914 3248 4968 luce
3294 4914 3469 4983 palam
3502 4928 3627 4981 qua:

2051 5005 2164 5059 illic
2209 5013 2508 5060 narrantur
2544 5006 2787 5075 perfecta
2843 5007 3013 5062 sunt?
3062 5006 3254 5061 Nonne
3308 5007 3501 5060 hilaris
3556 5022 3620 5060 ae

2051 5093 2335 5163 splendida
2378 5096 2627 5151 veritatis
2677 5104 2763 5152 est
2812 5096 3024 5153 facies?
3078 5112 3259 5152 nonne
3298 5099 3461 5166 plana
3491 5107 3620 5152 sunt

2050 5184 2480 5257 intelligentibus
2518 5174 2724 5255 omnia,
2771 5198 3023 5257 rectaque
3063 5188 3164 5253 iis,
3199 5189 3291 5258 qui
3327 5189 3617 5243 scientiam

2051 5279 2390 5349 repercrint?
2420 5278 2557 5346 Quis
2588 5280 2702 5334 haec
2723 5280 2977 5343 audiens,
3018 5287 3072 5335 et
3118 5279 3261 5349 apud
3299 5294 3358 5334 se
3384 5295 3616 5349 perpen-

2055 5374 2189 5429 dens
2233 5389 2347 5428 non
2396 5373 2606 5429 Manem
2662 5375 2814 5428 illum
2863 5373 3244 5444 reprehendat,
3275 5372 3366 5442 qui
3402 5387 3463 5426 ea
3498 5388 3619 5441 qua:

2056 5463 2277 5518 minime
2312 5446 2526 5534 opertet
2570 5471 2822 5525 consuat,
2864 5478 2975 5533 quo
3022 5463 3300 5517 hominum
3348 5468 3619 5515 mentesa

2052 5555 2285 5610 veritate
2312 5556 2651 5625 detorqueat.
2691 5555 2759 5607 At
2781 5555 2925 5609 enim
2972 5563 3203 5625 pergunt
3240 5551 3456 5607 nefarii.
3506 5551 3620 5603 Au—

2055 5645 2164 5702 divi
2199 5646 2340 5703 enim
2369 5646 2654 5718 quemdam
2683 5662 2747 5703 ex
2780 5647 2886 5701 illis
2915 5647 3015 5702 hoc
3046 5647 3206 5702 modo
3229 5645 3614 5717 diSpuIantem.
