4076 6392
415 305 487 364 87
857 329 861 336 ι
1836 305 1894 361 ε.
1937 304 2274 360 meum“
3597 280 3668 340 88

421 419 528 486 Qui
567 434 692 473 cum
726 418 869 472 hanc
892 433 933 471 'a
964 419 1125 473 nobis
1157 418 1633 474 ratiocinationem
1675 420 1998 488 accepisset,
2029 470 2030 476 η

2132 437 2178 489 νη
2210 419 2316 491 ἄρα
2357 417 2578 472 δύναται
2630 414 2765 468 κατὰ
2809 411 2907 482 τῆς
2950 407 3044 462 τοῦ
3087 403 3224 460 Θεοῦ
3265 400 3544 491 ἀληθείας
3575 397 3670 491 καὶ

420 526 731 566 conversus
781 511 837 564 in
880 525 1002 566 sese
1043 511 1272 580 pecudis
1299 510 1461 565 homo
1513 510 1710 566 similis
1756 511 1998 581 cogitare

2132 489 2314 580 )tsd'rlg,
2355 507 2565 579 ἔμπλεα
2594 507 2810 576 ῥήματα
2840 500 3015 571 ἑαυτῷ
3045 496 3499 570 προϐαλλόμενος,
3534 489 3671 562 [ivd-

421 598 612 668 cnepit,
663 595 860 667 ecquid
909 597 1173 654 adversus
1223 597 1463 653 divinam
1509 599 1660 652 illam
1713 600 1997 654 veritatem

2132 603 2252 675 ιισε]
2283 603 2350 656 τά
2376 597 2603 670 ἀληθινὰ
2633 596 2709 666 τῷ
2733 593 2914 664 ψεύδει
2941 588 3306 662 μηχανᾶσθαι,
3339 583 3431 639 καί
3463 598 3634 676 φησιν.
3653 595 3665 607 °

428 700 614 760 posset
646 690 902 760 obiicere.
933 689 1170 745 Proinde
1203 706 1402 744 vanum
1434 706 1498 745 ac
1522 691 1813 746 ridiculum
1843 692 2002 762 quid-

427 781 555 833 dam
617 794 902 850 Oppuuens
970 779 1256 834 mendacio
1312 781 1594 834 veritatem
1651 788 1896 834 evertere
1943 794 2004 834 se

429 884 594 940 posse
646 869 972 925 crediderat.
1047 869 1139 924 Sic
1198 871 1366 938 igitur
1411 870 1692 925 asserebat
1741 889 1754 924 :
1802 869 2004 924 Utilem

434 963 620 1032 porcis
669 972 901 1017 mortem
935 963 1081 1017 illam
1115 962 1306 1018 fuisse.
1341 964 1416 1017 Ita
1448 963 1593 1018 enim
1625 981 1653 1017 a
1683 963 2005 1034 corporibus

433 1055 676 1109 liberata:
702 1069 766 1108 ac
791 1063 1020 1110 servatae
1045 1063 1175 1109 sunt
1206 1054 1424 1109 aninue.

511 1145 619 1201 Sed
669 1147 979 1202 istiusmodi
1029 1148 1352 1208 hominum,
1405 1148 1498 1216 qui
1549 1147 1686 1201 nihil
1731 1145 1916 1200 vident
1954 1153 2010 1199 et

435 1246 618 1293 mente
659 1239 786 1292 caeci
840 1249 986 1301 sunt,
1045 1254 1222 1308 neque
1271 1239 1404 1308 quid
1436 1239 1620 1293 dicant
1654 1235 1845 1292 audire
1875 1237 2009 1307 ipsi-

437 1339 546 1382 mct
571 1329 845 1396 videntur,
879 1331 1108 1401 insignis
1133 1340 1216 1386 est
1238 1333 1513 1386 vecordia.
1541 1329 1675 1385 Nam
1703 1330 1748 1384 si
1778 1330 2011 1385 liberare

438 1438 468 1474 a
499 1422 825 1491 corporibus
877 1424 1088 1478 animas
1138 1423 1378 1478 salutare
1431 1438 1552 1478 esse
1611 1431 1798 1493 putat,
1856 1423 2014 1490 longe

440 1513 745 1567 consultius
789 1512 1039 1566 Salvator
1069 1515 1294 1582 egisset,
1327 1515 1370 1568 si
1401 1524 1717 1582 correptum
1751 1527 1783 1565 a
1815 1513 2016 1565 dmmo—

442 1602 607 1656 nibus
635 1601 911 1656 hominem
964 1602 1286 1672 ablegasset,
1334 1602 1497 1673 652
1550 1610 1608 1655 ut
1654 1603 1724 1656 ab
1776 1600 2016 1655 hominis

440 1709 672 1763 corpore
703 1695 932 1749 liberata
965 1696 1186 1752 tandem
1220 1695 1398 1748 anima
1445 1695 1678 1750 salutem
1723 1694 2013 1748 obtineret.

2116 671 2275 749 Ἀλλά
2301 693 2570 764 διενήνοχε
2615 691 2728 752 τοῖς
2759 687 2959 758 χοίροις
2989 683 3049 736 τὸ
3078 680 3353 734 τεθνάναι.
3403 671 3672 744 Ἀπηλλα-

2105 806 2280 860 γησαν
2311 787 2418 860 γάρ
2457 786 2512 840 αἱ
2544 782 2714 854 ψυχαὶ
2745 779 2855 834 ἀπὸ
2889 777 2996 831 τῶν
3023 774 3313 846 σωμάτων,
3349 769 3444 823 καὶ
3469 765 3676 835 ἐσώθη-

2108 898 2224 938 σαν.

2181 1147 2292 1202 Καὶ
2325 1144 2492 1214 πολλὴ
2527 1143 2678 1196 ἄνοια
2709 1111 2816 1192 τῶν
2847 1135 2920 1208 μὴ
2954 1133 3279 1205 βλεπόντων,
3315 1125 3410 1180 καὶ
3445 1123 3544 1195 τὴν
3571 1121 3684 1214 διάξ

2111 1256 2261 1293 νοιαν
2310 1211 2749 1306 τυφλωττόντων,
2809 1226 2944 1298 μηδὲ
2972 1229 3052 1288 είς
3101 1222 3351 1290 αἴσθησιν
3400 1215 3569 1306 ἀκοῆς
3617 1211 3685 1306 τά

2115 1332 2207 1384 ὑπ’
2252 1303 2432 1380 αὐτῶν
2478 1323 2744 1392 λεγόμενα
2778 1315 3180 1388 λαμϐανόντων.
3215 1311 3277 1363 Εἰ
3317 1308 3424 1378 γὰρ
3462 1305 3598 1366 ὅλως
3624 1303 3687 1355 τὸ

2113 1421 2221 1475 ἀπὸ
2245 1419 2338 1472 τοῦ
2385 1416 2632 1486 σώματος
2666 1407 3041 1477 ἀπαλλαγῆναι
3073 1405 3170 1466 τὰς
3204 1399 3382 1472 ψυχὰς
3413 1397 3687 1486 σωτηρίαν

2115 1514 2348 1583 ἡγεῖται,
2381 1483 2486 1561 ἔδει
2534 1505 2730 1577 μᾶλλον
2781 1502 2872 1554 τὸν
2907 1499 3138 1568 Σωτῆρα
3169 1489 3486 1583 ἀποστεῖλαι
3531 1486 3563 1583 ⁷.
3598 1483 3690 1536 τὸν

2116 1577 2454 1673 δαιμονῶντα
2487 1597 2792 1667 ἄνθρωπον,
2820 1592 2907 1644 ἵνα
2939 1587 3084 1658 σωθῇ
3122 1587 3155 1656 ἠ
3191 1582 3334 1654 ψυχὴ
3355 1579 3472 1673 ,ἀπὸ
3502 1577 3691 1673 σωμα-

2117 1665 2224 1758 τος.
2253 1689 2537 1763 ἀνθρώπου
2586 1665 2980 1751 άπαλλαγεῖσα.
3019 1675 3225 1730 Οὐκοῦν
3263 1672 3454 1763 ἠγάπα
3489 1665 3693 1763 μᾶλλον

443 1785 586 1857 Ergo
619 1787 830 1841 animas
877 1787 1020 1850 illas,
1070 1801 1191 1856 quae
1233 1787 1286 1839 in
1339 1787 1523 1855 porcis
1566 1786 1802 1848 inerant,
1849 1783 2021 1853 pluris

2132 1754 2219 1846 τάξ
2242 1754 2417 1852 ψυχάς
2450 1778 2548 1840 τὰς
2591 1779 2647 1830 ὲν
2677 1777 2788 1836 τοῖς
2817 1771 3018 1842 χοίροις
3061 1765 3202 1835 ὑπὲρ
3231 1763 3341 1857 την
3369 1757 3547 1857 ψυχην
3596 1754 3695 1857 ⁸τὴν

444 1878 684 1933 hominis
731 1879 912 1932 anima
966 1877 1217 1933 faciebat.
1267 1878 1377 1932 Cur
1425 1877 1569 1931 enim
1617 1892 1727 1931 non
1760 1887 1814 1930 et
1847 1875 2022 1930 homi-

445 1985 569 2023 nem
609 1969 662 2022 in
698 1983 848 2022 mare
876 1984 999 2022 cum
1036 1969 1218 2038 porcis
1267 1967 1607 2037 praecipitare
1651 1975 1705 2022 et
1747 1967 2021 2037 exstingui

445 2075 643 2129 passus
695 2070 800 2124 est,
851 2075 960 2129 quo
1011 2061 1298 2114 universas
1347 2059 1580 2118 animas,
1627 2068 1737 2112 tam
1785 2055 2022 2116 hominis

444 2152 655 2207 scilicet
687 2166 848 2220 quam
885 2166 1206 2221 porcorum,
1257 2158 1574 2220 repurgaret
1621 2163 1686 2208 ac
1717 2135 2020 2212 servaret?

448 2236 649 2300 verum
699 2246 859 2314 longe
909 2245 1068 2300 aliter
1113 2243 1261 2301 istud
1315 2245 1705 2314 intelligimus;
1753 2241 2022 2315 siquidem

449 2335 715 2393 Lazarum
744 2353 775 2392 e
800 2345 1156 2392 monumento
1180 2334 1604 2405 quatriduanUm
1621 2343 1835 2401 evocat,
1863 2344 2025 2404 atque

451 2430 676 2497 excitat,
706 2435 761 2484 et
808 2427 862 2482 in
907 2426 1172 2480 mundum
1224 2426 1478 2491 reducit;
1517 2439 1616 2494 nec
1663 2425 1851 2494 utique
1895 2424 2023 2492 mali

450 2519 752 2591 quidquam
781 2534 847 2574 eo
881 2518 1026 2574 facto
1056 2518 1347 2572 conciliare
1376 2517 1564 2579 voluit,
1603 2524 1698 2570 aut
1725 2513 2022 2571 absurdum

453 2614 502 2666 ei
538 2611 745 2682 aliqu-id
789 2611 1144 2700 ineptumque
1175 2609 1372 2665 facere.
1410 2607 1639 2662 Amabat
1671 2611 1811 2662 enim
1842 2605 2024 2660 Lazao

454 2720 595 2765 rum,
637 2704 712 2757 ait
749 2701 1032 2773 Scriptura
1058 2704 1098 2756 ¹.
1149 2701 1318 2768 Quem
1357 2702 1524 2771 igitur
1555 2701 1793 2765 amabat,
1841 2716 1940 2754 cur
1969 2700 2025 2752 in

455 2810 698 2861 carnem,
741 2795 787 2849 si
835 2810 898 2848 ea
940 2795 1081 2848 mala
1121 2804 1225 2859 est,
1277 2793 1488 2864 regredi
1533 2793 1747 2848 voluit?
1781 2808 1881 2846 cur
1917 2809 2026 2847 non

456 2896 731 2940 mortuum
760 2885 910 2938 illum
953 2885 1122 2941 semel
1152 2885 1570 2954 exsolutumque
1593 2898 1822 2952 corpore
1851 2883 1924 2936 ita
1954 2882 2029 2936 uti

457 2984 578 3029 erat
622 2973 888 3044 reliquit?
917 2972 1028 3028 Nec
1061 2983 1144 3028 est
1172 2971 1315 3042 quod
1345 2971 1448 3026 sibi
1479 2971 1766 3040 quisquam
1797 2982 2030 3037 persua-

457 3069 584 3123 deat
628 3067 899 3122 Lazarum
954 3065 1188 3122 subinde
1234 3080 1356 3121 esse
1407 3071 1706 3117 mortuum.
1738 3060 1852 3114 Hoc
1883 3061 2028 3115 enim

460 3161 810 3233 Evangelium
842 3168 1030 3231 aperte
1057 3159 1318 3223 declarat,
1363 3156 1689 3211 accubuisse
1717 3162 1906 3224 postea
1938 3151 2030 3206 Je-

2138 3151 2231 3205 καὶ
2268 3151 2296 3202 ὁ
2335 3145 2585 3218 Λάζαρος
2627 3133 2896 3196 ἀνέκεὲτο.
2923 3135 3037 3208 μετ’
3069 3130 3256 3188 αὑτοῦ.

460 3271 620 3318 sum,
669 3265 725 3309 et
768 3269 892 3308 cum
940 3267 1006 3308 eo
1050 3251 1318 3306 Lazarum
1371 3249 1630 3303 similiter
1684 3247 2030 3302 accubuisse.

463 3345 606 3414 Quin
635 3356 688 3401 et
722 3345 854 3399 illud
888 3344 1030 3398 inter
1058 3342 1404 3396 Traditiones
1440 3341 1765 3410 reperimus,
1812 3339 2033 3408 triginta

461 3449 576 3492 tuum
620 3451 794 3491 annos
835 3445 1021 3489 uatum
1074 3433 1244 3489 fuisse
1275 3431 1567 3494 Lazarum,
1591 3445 1714 3484 cum
1745 3445 1775 3482 a
1806 3429 2036 3482 mortuis

459 3530 734 3584 excitatus
751 3535 856 3583 est.
880 3527 1057 3596 Atque
1074 3525 1213 3579 idem
1237 3524 1324 3576 ille
1347 3530 1533 3592 postea
1559 3513 1780 3592 triginta
1803 3519 1923 3573 aliis
1941 3534 2031 3572 an-

462 3619 550 3674 nis
582 3619 736 3672 vixit.
776 3621 954 3687 Atque
989 3616 1064 3669 ita
1101 3622 1352 3668 mortuus
1401 3613 1469 3667 ad
1518 3610 1809 3664 Dominum
1854 3609 2035 3672 rediit,

461 3720 516 3764 et
563 3724 687 3763 cum
739 3708 940 3764 illustri
987 3706 1230 3762 nominis
1281 3705 1423 3758 fama
1474 3712 1699 3758 vocatus
1737 3709 1841 3764 est,
1894 3709 1952 3755 ut
1987 3709 2039 3755 et

461 3799 643 3853 ca-teri
680 3812 872 3852 omnes
903 3795 970 3850 ad
1001 3795 1204 3849 ultima:
1241 3791 1666 3848 resurrectionis
1697 3805 1868 3860 usque
1902 3799 2042 3844 tem-

464 3904 588 3958 pus,
622 3887 861 3957 quando,
899 3893 958 3939 ut
990 3885 1265 3956 pollicitus
1317 3891 1422 3949 est,
1477 3882 1792 3952 unigenitus
1831 3879 1922 3934 Dei
1958 3877 2044 3933 Fi-

461 3979 571 4032 lius
615 3991 816 4047 corpus
859 3977 1076 4040 animm,
1133 3973 1462 4044 corporique
1498 3973 1748 4028 restituet
1779 3972 2040 4036 animam,

462 4079 518 4125 et
544 4070 842 4139 unicuique
873 4077 1037 4140 prout
1065 4069 1256 4140 gessit,
1291 4067 1407 4122 sive
1429 4067 1657 4128 bonum,
1688 4065 1802 4120 sive
1837 4063 2040 4117 malum

463 4161 791 4233 rependet’.

533 4249 753 4305 XXXV.
797 4250 1010 4306 Etenim
1054 4250 1158 4305 nisi
1204 4264 1499 4320 corporum
1545 4247 1733 4302 futura
1767 4253 1915 4300 esset
1941 4244 2042 4298 ali-

467 4344 688 4416 quando
725 4343 1073 4405 resurrectio.
1121 4341 1252 4412 quid
1304 4341 1396 4396 ille
1444 4339 1548 4394 sibi
1590 4340 1755 4394 vellet
1799 4337 2043 4393 dentium

467 4437 674 4493 stridor
701 4436 762 4490 ’?
794 4435 905 4491 Nec
927 4443 1012 4490 est
1037 4434 1184 4505 quod
1217 4433 1384 4504 aliqui
1427 4433 1639 4489 insanis
1677 4431 1784 4485 illis
1818 4429 2045 4484 vocibus

470 4531 830 4601 obstrepant:
873 4527 1073 4583 Dentes
1110 4527 1273 4583 nobis
1306 4527 1372 4580 ad
1401 4523 1770 4580 mandendum
1805 4537 1927 4578 esse
1968 4520 2048 4574 fa-

471 4623 738 4677 bricatos.
772 4619 981 4691 Ecquid
1020 4635 1152 4675 vero
1191 4619 1298 4673 cibi
1331 4625 1454 4688 post
1484 4625 1829 4671 mortuorum
1857 4628 2047 4668 resur—

471 4715 770 4769 rectionem
802 4711 1191 4767 comedemus?
1228 4708 1430 4764 Verum
1473 4723 1598 4763 cum
1641 4715 1766 4777 post
1796 4719 2049 4760 resurre-

470 4807 707 4860 ctionem
749 4801 911 4859 Jesus
945 4803 1190 4858 secundo
1242 4802 1425 4856 cibum
1480 4797 1925 4862 manducaverit,
1986 4810 2050 4849 ac

469 4897 539 4951 de
582 4905 769 4951 assato
804 4896 977 4965 pisce,
1008 4903 1062 4949 et
1115 4892 1239 4947 favo
1282 4893 1461 4947 mellis
1506 4887 1887 4953 comederit";
1919 4901 2048 4940 uec—

470 5002 583 5041 non
633 4994 686 5041 et
721 5001 846 5038 cum
899 4984 1186 5054 discipulis
1237 4983 1600 5053 quadraginta
1639 4980 1832 5035 diebus
1863 4978 2048 5032 cibum

473 5077 769 5146 sumpserit
799 5077 842 5140 ³,
878 5090 1060 5129 nonne
1088 5075 1270 5128 cibum
1311 5073 1404 5127 illo
1440 5087 1658 5142 quoque
1695 5079 1938 5139 tempore
1964 5066 2050 5120 fu-

473 5179 658 5225 turum
704 5167 1062 5239 putabimus?
1095 5166 1415 5235 Quanquam
1445 5166 1512 5219 de
1537 5164 1659 5218 cibo
1698 5162 2049 5232 perspicuum

473 5263 603 5317 inde
637 5271 744 5324 est,
787 5260 930 5330 quod
992 5259 1298 5314 scribitur:
1333 5257 1526 5310 Beatus
1565 5256 1655 5325 qui
1709 5252 2052 5308 manducabit

473 5367 662 5416 panem
715 5354 770 5404 in
824 5367 978 5421 regno
1025 5349 1335 5402 caelorum“.
1378 5347 1491 5400 lmo
1529 5354 1583 5401 et
1623 5345 1796 5416 ipsius
1834 5342 2050 5396 Domini

477 5443 619 5498 haud
667 5444 898 5497 obscura
938 5441 1261 5512 promissio:
1301 5438 1557 5493 Sedebitis
1593 5439 1660 5490 ad
1694 5432 2056 5490 mensamPa-

551 5624 564 5651 ¹
600 5619 756 5678 Jnan.
793 5638 865 5681 in.
899 5622 986 5675 36.
1066 5623 1085 5651 ³
1114 5621 1154 5672 ll
1187 5621 1310 5675 Cor.
1355 5637 1407 5682 ν,
1434 5619 1521 5673 10.

475 5693 496 5726 ⁷
521 5691 583 5749 F.
617 5695 947 5746 ἀποκτεῖναι.
1024 5692 1043 5722 ⁸
1074 5691 1201 5762 Leg.
1236 5691 1329 5744 mi.
1357 5707 1503 5759 κοιμ.

1637 5622 1656 5652 ³
1689 5619 1876 5674 Matth.
1913 5631 2032 5679 vui,
2075 5615 2158 5668 12.

2122 1844 2214 1930 τοθ
2257 1844 2566 1944 άνυθρώπου.
2609 1867 2728 1921 Τίνι
2757 1866 2866 1933 γὰρ
2902 1860 2979 1930 τῷ
3011 1858 3153 1926 λόγῳ
3193 1853 3314 1923 οὐχὶ
3337 1847 3567 1944 ’καί-τὸν
3598 1844 3692 1944 ἄν·

2124 1969 2338 2034 θρωπον
2362 1936 2499 2034 μετὰ
2548 1958 2654 2012 τῶν
2683 1957 2879 2028 χοίρων
2910 1947 3206 2020 ἐπέτρεψεν
3247 1939 3588 2034 ἐμϐληθῆναι
3617 1936 3696 2034 εἰς

2093 2119 2098 2123 _
2125 2025 2420 2118 θάλασσαν,
2447 2055 2542 2108 καὶ
2571 2025 2881 2111 ἀποθανεῖν,
2916 2047 2996 2108 είς
3022 2043 3081 2096 τὸ
3112 2039 3208 2102 τὰς
3235 2035 3412 2106 ψυχὰς
3437 2032 3564 2123 ὅλας
3601 2025 3698 2079 τοῦ

2094 2203 2099 2214 ,
2123 2169 2182 2205 τε
2209 2147 2498 2222 ἀνθρώπου
2528 2144 2622 2198 καὶ
2648 2141 2756 2196 τῶν
2789 2139 2983 2210 χοίρων
3007 2129 3323 2202 καθαρίσαι,
3369 2124 3462 2178 καὶ
3493 2121 3699 2182 σῶσαι;

2091 2209 2099 2307 ,1
2139 2241 2279 2308 Ἀλλ’
2317 2209 2427 2307 ὀὐχ
2471 2234 2644 2296 οὕτως
2692 2209 2938 2300 εἴδομεν·
2991 2224 3128 2278 ἀλλὰ
3173 2213 3559 2308 Λάζαρον-μέν
3593 2209 3703 2308 ἀπὸ

2099 2301 2735 2406 ημνημείουτεταρταῖον
2773 2321 2949 2381 καλεῖ,
2978 2317 3071 2372 καὶ
3109 2313 3336 2406 ἐγείρει,
3364 2306 3565 2406 fulget:

2093 2457 2098 2460 -
2129 2416 2265 2496 σμον
2293 2419 2634 2491 ἐπιστρέφει,
2667 2416 2727 2469 οὐ
2771 2411 3034 2483 πονηρίαν
3068 2404 3216 2476 αὑτῷ
3257 2398 3556 2472 προξενῶν,
3583 2390 3707 2446 οὐδέ

2093 2551 2104 2584 _-
2214 2484 2502 2586 ἀϐέλτερον
2536 2484 2685 2580 αὐτῷ
2739 2503 3124 2578 ἐργαζόμενος.
3187 2493 3410 2586 Ἠγάπα
3450 2489 3582 2586 γὰρ-
3597 2484 3708 2586 τεν

2096 2591 2098 2594 ν
2128 2580 2603 2682 Ᾰάζὶιροκξφησὶν
2633 2603 2668 2672 ἡ
2697 2601 2734 2652 Γ
2739 2598 2905 2671 ραφή.
2943 2597 3038 2648 Ὃν
3063 2591 3254 2682 ἠγάπα
3283 2581 3625 2682 “(vim-mli;
3649 2580 3709 2682 ἐν

2129 2699 2194 2766 τῇ
2228 2667 2752 2766 σάρκῖάνακάμῷαι-
2780 2685 2975 2747 ἐποίει,
3015 2681 3174 2751 εἴπερ
3219 2674 3429 2746 πονηρὰ
3537 2667 3708 2766 σάρξ

2135 2789 2248 2852 πῶς
2280 2788 2337 2842 δὲ
2364 2787 2463 2839 οὐκ
2489 2769 2654 2842 ⁴εἴασε
2677 2772 2878 2852 μᾶλλον
2909 2777 2998 2829 τὸν
3031 2772 3180 2837 ἅπαξ
3219 2759 3580 2827 ἀποθανόντα,
3614 2763 3711 2816 καὶ

2133 2879 2241 2932 ἀπὸ
2289 2875 2540 2946 σώματος
2569 2871 2844 2932 σωθέντας
2877 2867 2986 2919 Καὶ
3031 2865 3106 2935 μή
3152 2879 3235 2924 τις
3263 2858 3459 2928 νομίσῃ
3484 2855 3574 2908 τὸν
3604 2851 3712 2946 ᾼάο

2137 2969 2302 3038 ζαρον
2355 2963 2516 3026 εὐθὺς
2568 2959 2729 3014 πάλιν
2773 2950 3236 3022 τετελευτηκέναι.
3292 2945 3541 2998 Δείκνυσι
3583 2939 3712 3008 γὰρ,

2140 3057 2327 3128 σαφῶς
2362 3055 2424 3107 τὸ
2457 3053 2610 3122 ἅγιον
2643 3047 2991 3116 Εὑαγγέλιον,
3025 3045 3108 3096 ὅτι
3143 3039 3389 3094 ἀνέκειτο
3416 3035 3445 3086 ὁ
3484 3029 3713 3103 Ἰησους,

3319 3125 3481 3181 Ἀλλά
3527 3122 3621 3177 καὶ
3657 3121 3716 3173 ὲν

2141 3242 2506 3315 Παραδόσεσιν
2536 3225 2791 3309 εὕρομεν,
2814 3226 2916 3298 ,ὅτι
2961 3228 3254 3300 τριάκοντα
3281 3220 3418 3276 ἐτῶν
3444 3215 3513 3291 ἦν
3543 3217 3664 3269 τότε
3691 3215 3717 3265 ὁ

2142 3306 2411 3404 Λάζαρος,
2444 3331 2533 3384 ὅτε
2567 3306 2886 3396 ἐγήγερται.
2912 3319 3070 3386 ,Μετὰ
3093 3317 3150 3370 δὲ
3189 3315 3248 3368 τὸ
3285 3308 3582 3404 divam-ﬁas;

2139 3394 2253 3479 τὸν*
2273 3394 2408 3479 έλλα
2439 3394 2731 3493 τριάκοντα
2778 3414 2872 3484 ἐτη
2900 3413 3060 3482 ἔζησε
3083 3425 3096 3438 ·
3139 3407 3232 3460 καὶ
3274 3402 3418 3457 οὕτω
3449 3397 3585 3493 πρὸς

2140 3535 2254 3590 ριον
2284 3489 2583 3586 ἐξεδήμησε
2618 3505 2942 3580 κοιμηθεὶς⁸
2977 3501 3178 3571 ἐκλήθη
3213 3495 3349 3568 μετὰ
3383 3490 3582 3590 σεμνοῦ
3603 3489 3719 3590 ὀνά-

2143 3582 2334 3683 ματος,
2384 3582 2634 3676 καθάπερ
2677 3597 3015 3664 πάντες-ἓως
3044 3595 3141 3664 τῆς
3179 3590 3328 3660 ὥρας
3349 3586 3451 3655 τῆς
3490 3582 3711 3683 ἀναστά-

2146 3675 2303 3766 σεως,
2335 3699 2424 3752 ὅτε
2454 3675 2637 3768 μέλλει
2684 3693 2713 3743 ὁ
2741 3687 3076 3756 Μονογενὴς,
3099 3682 3172 3745 ὼς
3197 3680 3483 3768 ὑπέσχετο,
3512 3675 3722 3768 άποκα-

2146 3794 2334 3864 θιστᾷν
2361 3791 2421 3844 τὸ
2452 3766 2610 3860 σῶμα
2637 3789 2702 3858 τῇ
2727 3785 2896 3856 ψυχῇ,
2926 3778 3020 3832 καὶ
3044 3775 3141 3846 τὴν
3171 3772 3349 3844 ψυχὴν
3367 3766 3725 3864 ᾃτῷΑσώματι,

2145 3887 2239 3940 καὶ
2275 3859 2474 3937 διδόναι
2503 3882 2720 3948 ἑκάστῳ
2750 3874 2892 3930 καθὰ
2921 3869 3176 3942 ἔπραξεν,
3206 3865 3326 3936 ἦτοι
3355 3859 3579 3931 ἀγαθὸν,
3607 3859 3726 3928 ἢτοι

2147 3975 2350 4046 φαῦλον

2221 4235 2344 4288 AE'.
2391 4233 2453 4285 Εἰ
2502 4230 2576 4301 μὴ
2611 4226 2720 4298 γὰρ
2759 4223 3025 4294 σωμάτων
3076 4219 3371 4279 ἀνάστασις
3414 4210 3512 4286 ἦν,
3567 4210 3730 4264 πόθεν

2153 4325 2397 4400 βρυγμὸς
2425 4323 2684 4384 ὀδόντων;
2727 4317 2886 4370 Ἀλλὰ
2919 4315 2994 4386 μὴ
3023 4311 3186 4364 πάλιν
3211 4310 3280 4363 τὰ
3308 4308 3408 4376 τῆς
3436 4304 3730 4400 φρενοϐλα-

2150 4396 2482 4483 ϐείαςτινὲς
2529 4413 2780 4476 εἴπωσιν,
2821 4411 2902 4463 ὅτι
2950 4407 3161 4469 ὀδόντες
3208 4403 3302 4457 ἐπὶ
3349 4401 3408 4455 τὺ
3455 4396 3731 4470 μασᾶσθαι

2156 4517 2287 4585 ἡμῖν
2343 4513 2450 4564 εἰσι
2516 4503 3038 4574 κατεσκευασμένοι.
3091 4498 3256 4551 Ποίαν
3301 4495 3478 4548 τοίνυν
3532 4490 3732 4559 ἐδωδὴν

2160 4605 2422 4677 μέλλομεν
2465 4600 2668 4654 ἐσθίειν
2704 4596 2842 4668 μετὰ
2885 4594 2981 4665 τὴν
3018 4591 3126 4644 τῶν
3157 4587 3367 4660 νεκρῶν
3399 4584 3730 4644 άνάστασιν;

2160 4675 2220 4750 Εἰ
2253 4695 2361 4765 γὰρ
2423 4692 2558 4764 μετὰ
2607 4689 2901 4744 ἀνάστασιν
2943 4683 3194 4754 δεύτερον
3238 4679 3512 4749 βέϐρωκεν
3560 4677 3588 4729 ὁ
3637 4675 3737 4744 ’1η-

2162 4788 2308 4852 σοῦς,
2343 4786 2438 4840 καὶ
2467 4785 2525 4851 ἐξ
2554 4782 2733 4854 ἰχθύος
2773 4776 2938 4832 ὀπτοῦ
2975 4775 3159 4847 μέρος,
3191 4771 3286 4825 καὶ
3315 4770 3422 4823 ἀπὸ
3455 4765 3734 4839 μελισσίου

2158 4880 2381 4952 κηρίον,
2429 4875 2526 4930 καὶ
2571 4871 2865 4944 συνηλίσθη
2911 4871 3021 4932 τοῖς
3079 4864 3348 4938 μαθηταῖς
3398 4862 3465 4914 δι’
3509 4857 3734 4952 ἡμερῶν

2156 4972 2594 5042 τεσσαράκοντα·
2649 4965 2760 5038 ἆρα
2798 4965 2899 5018 οὐκ
2951 4963 3104 5016 ἔσται
3163 4958 3396 5031 βρῶσις;
3448 4955 3559 5008 Καὶ
3605 4951 3736 5022 περὶ

2163 5066 2259 5136 μὲν
2287 5065 2539 5135 βρώσεως
2570 5059 2740 5128 σαφές
2763 5060 2928 5120 ἐστιν,
2953 5056 3033 5108 ὅτι
3061 5050 3364 5119 Μακάριος
3398 5047 3466 5113 ὃς
3489 5044 3739 5114 φάγεται

2161 5135 2341 5226 ἄρτον·
2377 5157 2447 5208 ἐν
2471 5151 2544 5221 τῇ
2581 5150 2872 5216 βασιλείᾳ
2912 5148 3032 5201 τῶν
3080 5143 3372 5214 οὐρανῶν.
3415 5141 3525 5194 Καὶ
3567 5135 3734 5191 αὑτοῦ

2159 5246 2252 5299 τοῦ
2306 5244 2508 5314 Κυρίου
2561 5244 2594 5311 ἡ
2631 5241 2939 5310 ὑπόσχεσις,
2989 5239 3069 5290 ὅτι.
3115 5236 3369 5287 Ἔσεσθε
3413 5228 3737 5298 καθήμενοι

2159 5337 2259 5391 ἐπὶ
2291 5333 2400 5401 τῆς
2430 5331 2720 5402 τραπέζης
2744 5329 2850 5384 τοῦ
2891 5327 3120 5397 Πατρός
3143 5343 3263 5395 μου
3300 5323 3611 5388 ἐσθίοντες
3640 5318 3738 5372 καὶ

2162 5432 2458 5495 πίνοντες.
2500 5427 2610 5480 Καὶ
2639 5425 2701 5478 τὸ
2730 5425 2825 5494 μὲν
2852 5421 3052 5475 ἐσθίειν
3079 5420 3172 5474 καὶ
3199 5419 3373 5472 πίνειν
3413 5414 3562 5485 αὐτῷ
3592 5413 3738 5486 μόνῳ

3295 5597 3316 5629 ⁸
3341 5594 3474 5650 Luc.
3507 5608 3622 5659 χιιι,
3649 5591 3738 5648 l5.

2276 5613 2296 5644 ⁸
2325 5614 2456 5667 Luc.
2490 5627 2636 5674 xxiv,
2664 5609 2752 5664 49..
2863 5607 2882 5636 ⁸
2911 5608 3030 5661 Act.
3067 5619 3106 5668 ι,
3134 5599 3188 5653 3.
