  <div class='ocr_page' id='page_1' title='image "/cluster/home/n/w/nwhite01/storage/ocr_20150623/42/nnc1.0046978682/052.png"; bbox 0 0 4076 6392; ppageno 0'>
   <div class='ocr_carea' id='block_1_1' title="bbox 329 399 1921 465">
    <p class='ocr_par' dir='ltr' id='par_1_1' title="bbox 329 399 1882 461">
     <span class='ocr_line' id='line_1_1' title="bbox 329 399 1882 461; baseline 0.004 -6"><span class='ocrx_word' id='word_1_1' title='bbox 329 400 402 455; x_wconf 82' lang='grc'><strong>89</strong></span> <span class='ocrx_word' id='word_1_2' title='bbox 967 399 1341 459; x_wconf 79' lang='lat' dir='ltr'><strong>ADVERSUS</strong></span> <span class='ocrx_word' id='word_1_3' title='bbox 1375 401 1718 460; x_wconf 68' lang='grc' dir='ltr'><strong>ΗΕΒΕὸεὸ</strong></span> <span class='ocrx_word' id='word_1_4' title='bbox 1752 404 1882 461; x_wconf 79' lang='lat' dir='ltr'><strong>LIB.</strong></span> 
     </span>
    </p>
   </div>
   <div class='ocr_carea' id='block_1_2' title="bbox 2021 399 3586 465">
    <p class='ocr_par' dir='ltr' id='par_1_2' title="bbox 2029 406 3586 465">
     <span class='ocr_line' id='line_1_2' title="bbox 2029 406 3586 465; baseline 0.001 -4"><span class='ocrx_word' id='word_1_5' title='bbox 2029 406 2191 464; x_wconf 83' lang='lat' dir='ltr'><strong>TOM.</strong></span> <span class='ocrx_word' id='word_1_6' title='bbox 2231 409 2296 465; x_wconf 86' lang='lat' dir='ltr'><strong>ll.</strong></span> <span class='ocrx_word' id='word_1_7' title='bbox 2334 441 2399 450; x_wconf 94' lang='lat'><strong>—</strong></span> <span class='ocrx_word' id='word_1_8' title='bbox 2441 407 2710 464; x_wconf 75' lang='grc' dir='ltr'><strong>ΠᾸΞΒΕΒ.</strong></span> <span class='ocrx_word' id='word_1_9' title='bbox 2754 407 2936 462; x_wconf 71' lang='lat' dir='ltr'><strong>LXVI.</strong></span> <span class='ocrx_word' id='word_1_10' title='bbox 3515 407 3586 462; x_wconf 80' lang='lat'><strong>90</strong></span> 
     </span>
    </p>
   </div>
   <div class='ocr_carea' id='block_1_3' title="bbox 327 518 1921 594">
    <p class='ocr_par' dir='ltr' id='par_1_3' title="bbox 327 518 1900 590">
     <span class='ocr_line' id='line_1_3' title="bbox 327 518 1900 590; baseline 0.004 -20"><span class='ocrx_word' id='word_1_11' title='bbox 327 521 633 586; x_wconf 72' lang='grc' dir='ltr'>ἔγνωσται·</span> <span class='ocrx_word' id='word_1_12' title='bbox 669 519 855 590; x_wconf 77' lang='grc' dir='ltr'>ἐπειδὴ</span> <span class='ocrx_word' id='word_1_13' title='bbox 891 518 930 572; x_wconf 84' lang='lat' dir='ltr'><strong>d</strong></span> <span class='ocrx_word' id='word_1_14' title='bbox 965 520 1272 590; x_wconf 68' lang='grc' dir='ltr'>ὀφθαλμός</span> <span class='ocrx_word' id='word_1_15' title='bbox 1306 525 1417 576; x_wconf 77' lang='grc' dir='ltr'><strong>οὐκ</strong></span> <span class='ocrx_word' id='word_1_16' title='bbox 1453 519 1598 586; x_wconf 75' lang='grc' dir='ltr'>εἶδε,</span> <span class='ocrx_word' id='word_1_17' title='bbox 1646 524 1746 576; x_wconf 79' lang='grc' dir='ltr'><strong>καὶ</strong></span> <span class='ocrx_word' id='word_1_18' title='bbox 1791 519 1900 586; x_wconf 82' lang='grc' dir='ltr'><strong>οὖς</strong></span> 
     </span>
    </p>
   </div>
   <div class='ocr_carea' id='block_1_4' title="bbox 2021 518 3586 594">
    <p class='ocr_par' dir='ltr' id='par_1_4' title="bbox 2023 521 3586 594">
     <span class='ocr_line' id='line_1_4' title="bbox 2023 521 3586 594; baseline -0.002 -15"><span class='ocrx_word' id='word_1_19' title='bbox 2023 528 2097 580; x_wconf 81' lang='lat' dir='ltr'><strong>ris</strong></span> <span class='ocrx_word' id='word_1_20' title='bbox 2131 530 2251 590; x_wconf 84' lang='lat' dir='ltr'><strong>mei,</strong></span> <span class='ocrx_word' id='word_1_21' title='bbox 2286 531 2608 581; x_wconf 87' lang='lat' dir='ltr'><strong>comedentes</strong></span> <span class='ocrx_word' id='word_1_22' title='bbox 2644 535 2693 581; x_wconf 90' lang='lat' dir='ltr'><strong>et</strong></span> <span class='ocrx_word' id='word_1_23' title='bbox 2733 526 2959 578; x_wconf 78' lang='lat' dir='ltr'><strong>bibentes</strong></span> <span class='ocrx_word' id='word_1_24' title='bbox 2984 522 3023 578; x_wconf 74' lang='grc' dir='ltr'><strong>ί.</strong></span> <span class='ocrx_word' id='word_1_25' title='bbox 3056 521 3163 578; x_wconf 87' lang='lat' dir='ltr'><strong>Sed</strong></span> <span class='ocrx_word' id='word_1_26' title='bbox 3198 523 3342 594; x_wconf 90' lang='lat' dir='ltr'><strong>quod</strong></span> <span class='ocrx_word' id='word_1_27' title='bbox 3389 522 3456 577; x_wconf 90' lang='lat' dir='ltr'><strong>ad</strong></span> <span class='ocrx_word' id='word_1_28' title='bbox 3506 526 3586 576; x_wconf 89' lang='lat' dir='ltr'><strong>ci-</strong></span> 
     </span>
    </p>
   </div>
   <div class='ocr_carea' id='block_1_5' title="bbox 329 611 1914 686">
    <p class='ocr_par' dir='ltr' id='par_1_5' title="bbox 329 611 1914 686">
     <span class='ocr_line' id='line_1_5' title="bbox 329 611 1914 686; baseline 0.005 -22"><span class='ocrx_word' id='word_1_29' title='bbox 329 615 446 665; x_wconf 81' lang='grc' dir='ltr'><strong>οὺκ</strong></span> <span class='ocrx_word' id='word_1_30' title='bbox 478 611 771 680; x_wconf 73' lang='grc' dir='ltr'>ἤκουσεν,</span> <span class='ocrx_word' id='word_1_31' title='bbox 804 613 944 666; x_wconf 85' lang='grc' dir='ltr'>οὔτε</span> <span class='ocrx_word' id='word_1_32' title='bbox 969 613 1066 667; x_wconf 75' lang='grc' dir='ltr'><strong>ἐπὶ</strong></span> <span class='ocrx_word' id='word_1_33' title='bbox 1097 615 1352 684; x_wconf 78' lang='grc' dir='ltr'><strong>καρδίαν</strong></span> <span class='ocrx_word' id='word_1_34' title='bbox 1376 616 1686 685; x_wconf 83' lang='grc' dir='ltr'>ἀνθρώπου</span> <span class='ocrx_word' id='word_1_35' title='bbox 1708 618 1914 686; x_wconf 78' lang='grc' dir='ltr'>ἀνέϐη,</span> 
     </span>
    </p>
   </div>
   <div class='ocr_carea' id='block_1_6' title="bbox 327 703 1912 776">
    <p class='ocr_par' dir='ltr' id='par_1_6' title="bbox 327 703 1912 776">
     <span class='ocr_line' id='line_1_6' title="bbox 327 703 1912 776; baseline 0.005 -20"><span class='ocrx_word' id='word_1_36' title='bbox 327 703 452 756; x_wconf 79' lang='grc' dir='ltr'><strong>ὅσα</strong></span> <span class='ocrx_word' id='word_1_37' title='bbox 511 704 845 772; x_wconf 72' lang='grc' dir='ltr'><strong>ἡτοίμασεν</strong></span> <span class='ocrx_word' id='word_1_38' title='bbox 897 707 931 759; x_wconf 85' lang='grc' dir='ltr'><strong>ό</strong></span> <span class='ocrx_word' id='word_1_39' title='bbox 991 705 1136 772; x_wconf 85' lang='grc' dir='ltr'><strong>Θεὸς</strong></span> <span class='ocrx_word' id='word_1_40' title='bbox 1179 705 1303 772; x_wconf 84' lang='grc' dir='ltr'><strong>τοῖς</strong></span> <span class='ocrx_word' id='word_1_41' title='bbox 1345 705 1661 776; x_wconf 78' lang='grc' dir='ltr'><strong>ἀγαπῶσιν</strong></span> <span class='ocrx_word' id='word_1_42' title='bbox 1707 710 1912 764; x_wconf 84' lang='grc' dir='ltr'>αὐτόν.</span> 
     </span>
    </p>
   </div>
   <div class='ocr_carea' id='block_1_7' title="bbox 343 793 1917 870">
    <p class='ocr_par' dir='ltr' id='par_1_7' title="bbox 343 793 1917 870">
     <span class='ocr_line' id='line_1_7' title="bbox 343 793 1917 870; baseline 0.005 -26"><span class='ocrx_word' id='word_1_43' title='bbox 343 793 486 845; x_wconf 76' lang='grc' dir='ltr'>Ἀλλ’</span> <span class='ocrx_word' id='word_1_44' title='bbox 512 793 700 864; x_wconf 77' lang='grc' dir='ltr'>ἐπειδὴ</span> <span class='ocrx_word' id='word_1_45' title='bbox 725 793 1043 864; x_wconf 79' lang='grc' dir='ltr'><strong>ἐφθάσαμεν</strong></span> <span class='ocrx_word' id='word_1_46' title='bbox 1073 796 1168 849; x_wconf 73' lang='grc' dir='ltr'>ἐπὶ</span> <span class='ocrx_word' id='word_1_47' title='bbox 1199 797 1276 866; x_wconf 86' lang='grc' dir='ltr'>τῷ</span> <span class='ocrx_word' id='word_1_48' title='bbox 1315 797 1487 868; x_wconf 86' lang='grc' dir='ltr'>τόπῳ,</span> <span class='ocrx_word' id='word_1_49' title='bbox 1521 797 1622 861; x_wconf 82' lang='grc' dir='ltr'><strong>τὰς</strong></span> <span class='ocrx_word' id='word_1_50' title='bbox 1656 799 1917 870; x_wconf 83' lang='grc' dir='ltr'>διαφορὰς</span> 
     </span>
    </p>
   </div>
   <div class='ocr_carea' id='block_1_8' title="bbox 330 884 1919 960">
    <p class='ocr_par' dir='ltr' id='par_1_8' title="bbox 330 884 1919 960">
     <span class='ocr_line' id='line_1_8' title="bbox 330 884 1919 960; baseline 0.003 -25"><span class='ocrx_word' id='word_1_51' title='bbox 330 884 443 936; x_wconf 82' lang='grc' dir='ltr'>τῶν</span> <span class='ocrx_word' id='word_1_52' title='bbox 472 884 661 954; x_wconf 76' lang='grc' dir='ltr'>ψυχῶν</span> <span class='ocrx_word' id='word_1_53' title='bbox 689 885 1082 956; x_wconf 82' lang='grc' dir='ltr'><strong>ὑφηγούμενοι,</strong></span> <span class='ocrx_word' id='word_1_54' title='bbox 1131 886 1226 939; x_wconf 71' lang='grc' dir='ltr'>καὶ</span> <span class='ocrx_word' id='word_1_55' title='bbox 1252 886 1322 940; x_wconf 83' lang='grc' dir='ltr'>τὰ</span> <span class='ocrx_word' id='word_1_56' title='bbox 1363 886 1424 951; x_wconf 81' lang='grc' dir='ltr'>ὲξ</span> <span class='ocrx_word' id='word_1_57' title='bbox 1463 888 1632 958; x_wconf 80' lang='grc' dir='ltr'>αὐτῆς</span> <span class='ocrx_word' id='word_1_58' title='bbox 1660 889 1757 958; x_wconf 83' lang='grc' dir='ltr'><strong>τῆς</strong></span> <span class='ocrx_word' id='word_1_59' title='bbox 1786 888 1919 960; x_wconf 82' lang='grc' dir='ltr'>άλη-</span> 
     </span>
    </p>
   </div>
   <div class='ocr_carea' id='block_1_9' title="bbox 330 976 1916 1051">
    <p class='ocr_par' dir='ltr' id='par_1_9' title="bbox 330 976 1916 1051">
     <span class='ocr_line' id='line_1_9' title="bbox 330 976 1916 1051; baseline 0.001 -23"><span class='ocrx_word' id='word_1_60' title='bbox 330 976 507 1041; x_wconf 85' lang='grc' dir='ltr'>θείας,</span> <span class='ocrx_word' id='word_1_61' title='bbox 531 979 625 1029; x_wconf 75' lang='grc' dir='ltr'><strong>καὶ</strong></span> <span class='ocrx_word' id='word_1_62' title='bbox 644 977 739 1030; x_wconf 82' lang='grc' dir='ltr'>τοῦ</span> <span class='ocrx_word' id='word_1_63' title='bbox 771 978 1171 1048; x_wconf 81' lang='grc' dir='ltr'>ὑποδείγματος</span> <span class='ocrx_word' id='word_1_64' title='bbox 1198 976 1443 1043; x_wconf 72' lang='grc' dir='ltr'>ἐντελοῦς</span> <span class='ocrx_word' id='word_1_65' title='bbox 1463 979 1651 1043; x_wconf 77' lang='grc' dir='ltr'>ὅντως,</span> <span class='ocrx_word' id='word_1_66' title='bbox 1679 981 1758 1032; x_wconf 83' lang='grc' dir='ltr'><strong>ὅτι</strong></span> <span class='ocrx_word' id='word_1_67' title='bbox 1783 979 1916 1051; x_wconf 82' lang='grc' dir='ltr'>ἄλλη</span> 
     </span>
    </p>
   </div>
   <div class='ocr_carea' id='block_1_10' title="bbox 333 1066 1916 1142">
    <p class='ocr_par' dir='ltr' id='par_1_10' title="bbox 333 1066 1916 1142">
     <span class='ocr_line' id='line_1_10' title="bbox 333 1066 1916 1142; baseline 0.001 -22"><span class='ocrx_word' id='word_1_68' title='bbox 333 1069 437 1137; x_wconf 81' lang='grc' dir='ltr'>μὲν</span> <span class='ocrx_word' id='word_1_69' title='bbox 460 1067 607 1139; x_wconf 79' lang='grc' dir='ltr'>ψυχὴ</span> <span class='ocrx_word' id='word_1_70' title='bbox 631 1066 943 1140; x_wconf 88' lang='grc' dir='ltr'>ἀνθρώπου,</span> <span class='ocrx_word' id='word_1_71' title='bbox 974 1067 1108 1140; x_wconf 78' lang='grc' dir='ltr'>άλλη</span> <span class='ocrx_word' id='word_1_72' title='bbox 1139 1069 1196 1122; x_wconf 84' lang='grc' dir='ltr'>δὲ</span> <span class='ocrx_word' id='word_1_73' title='bbox 1220 1069 1452 1140; x_wconf 82' lang='grc' dir='ltr'><strong>κτήνους</strong></span> <span class='ocrx_word' id='word_1_74' title='bbox 1473 1086 1488 1102; x_wconf 74' lang='grc' dir='ltr'>ο</span> <span class='ocrx_word' id='word_1_75' title='bbox 1520 1071 1614 1124; x_wconf 79' lang='grc' dir='ltr'>καὶ</span> <span class='ocrx_word' id='word_1_76' title='bbox 1657 1071 1756 1123; x_wconf 86' lang='grc' dir='ltr'>οὑκ</span> <span class='ocrx_word' id='word_1_77' title='bbox 1784 1066 1916 1142; x_wconf 80' lang='grc' dir='ltr'>ἦλθε</span> 
     </span>
    </p>
   </div>
   <div class='ocr_carea' id='block_1_11' title="bbox 332 1163 1912 1236">
    <p class='ocr_par' dir='ltr' id='par_1_11' title="bbox 332 1163 1912 1236">
     <span class='ocr_line' id='line_1_11' title="bbox 332 1163 1912 1236; baseline 0 -19"><span class='ocrx_word' id='word_1_78' title='bbox 332 1165 509 1218; x_wconf 84' lang='grc' dir='ltr'>σῶσαι</span> <span class='ocrx_word' id='word_1_79' title='bbox 540 1164 636 1236; x_wconf 81' lang='grc' dir='ltr'><strong>τὴν</strong></span> <span class='ocrx_word' id='word_1_80' title='bbox 663 1165 845 1236; x_wconf 74' lang='grc' dir='ltr'>ψυχὴν</span> <span class='ocrx_word' id='word_1_81' title='bbox 871 1163 965 1218; x_wconf 82' lang='grc' dir='ltr'>τοῦ</span> <span class='ocrx_word' id='word_1_82' title='bbox 1000 1165 1252 1235; x_wconf 84' lang='grc' dir='ltr'><strong>κτήνους,</strong></span> <span class='ocrx_word' id='word_1_83' title='bbox 1292 1163 1433 1219; x_wconf 82' lang='grc' dir='ltr'>ἀλλὰ</span> <span class='ocrx_word' id='word_1_84' title='bbox 1459 1163 1554 1218; x_wconf 81' lang='grc' dir='ltr'>τοῦ</span> <span class='ocrx_word' id='word_1_85' title='bbox 1590 1163 1878 1235; x_wconf 85' lang='grc' dir='ltr'>ἀνθρώπου</span> <span class='ocrx_word' id='word_1_86' title='bbox 1897 1181 1912 1194; x_wconf 67' lang='grc' dir='ltr'>θ</span> 
     </span>
    </p>
   </div>
   <div class='ocr_carea' id='block_1_12' title="bbox 327 1255 1916 1328">
    <p class='ocr_par' dir='ltr' id='par_1_12' title="bbox 327 1255 1916 1328">
     <span class='ocr_line' id='line_1_12' title="bbox 327 1255 1916 1328; baseline -0.001 -19"><span class='ocrx_word' id='word_1_87' title='bbox 327 1258 468 1310; x_wconf 83' lang='grc' dir='ltr'>διότι</span> <span class='ocrx_word' id='word_1_88' title='bbox 516 1257 588 1310; x_wconf 77' lang='grc' dir='ltr'>τὰ</span> <span class='ocrx_word' id='word_1_89' title='bbox 641 1257 810 1326; x_wconf 80' lang='grc' dir='ltr'><strong>κτήνη</strong></span> <span class='ocrx_word' id='word_1_90' title='bbox 862 1257 921 1308; x_wconf 88' lang='grc' dir='ltr'><strong>οὑ</strong></span> <span class='ocrx_word' id='word_1_91' title='bbox 971 1256 1238 1328; x_wconf 81' lang='grc' dir='ltr'>κρίνεται.</span> <span class='ocrx_word' id='word_1_92' title='bbox 1298 1257 1610 1327; x_wconf 78' lang='grc' dir='ltr'><strong>’Ἄνθρωποι</strong></span> <span class='ocrx_word' id='word_1_93' title='bbox 1664 1255 1764 1326; x_wconf 79' lang='grc' dir='ltr'><strong>μὲν</strong></span> <span class='ocrx_word' id='word_1_94' title='bbox 1808 1256 1916 1325; x_wconf 83' lang='grc' dir='ltr'>γὰρ</span> 
     </span>
    </p>
   </div>
   <div class='ocr_carea' id='block_1_13' title="bbox 331 1347 1916 1420">
    <p class='ocr_par' dir='ltr' id='par_1_13' title="bbox 331 1347 1916 1420">
     <span class='ocr_line' id='line_1_13' title="bbox 331 1347 1916 1420; baseline -0.001 -20"><span class='ocrx_word' id='word_1_95' title='bbox 331 1348 730 1419; x_wconf 73' lang='grc' dir='ltr'>κληρονομοῦσι</span> <span class='ocrx_word' id='word_1_96' title='bbox 775 1349 1053 1419; x_wconf 80' lang='grc' dir='ltr'>βασιλείαν</span> <span class='ocrx_word' id='word_1_97' title='bbox 1077 1347 1343 1419; x_wconf 84' lang='grc' dir='ltr'>οὐρανῶν,</span> <span class='ocrx_word' id='word_1_98' title='bbox 1376 1349 1472 1402; x_wconf 70' lang='grc' dir='ltr'><strong>καὶ</strong></span> <span class='ocrx_word' id='word_1_99' title='bbox 1498 1348 1774 1420; x_wconf 79' lang='grc' dir='ltr'>ἄνθρωποι</span> <span class='ocrx_word' id='word_1_100' title='bbox 1794 1348 1916 1416; x_wconf 78' lang='grc' dir='ltr'>κρί-</span> 
     </span>
    </p>
   </div>
   <div class='ocr_carea' id='block_1_14' title="bbox 331 1434 1916 1508">
    <p class='ocr_par' dir='ltr' id='par_1_14' title="bbox 331 1434 1916 1508">
     <span class='ocr_line' id='line_1_14' title="bbox 331 1434 1916 1508; baseline -0.001 -16"><span class='ocrx_word' id='word_1_101' title='bbox 331 1457 538 1493; x_wconf 87' lang='grc' dir='ltr'>νονται.</span> <span class='ocrx_word' id='word_1_102' title='bbox 582 1440 1051 1493; x_wconf 77' lang='grc' dir='ltr'>Ἀπελεὺσονται</span> <span class='ocrx_word' id='word_1_103' title='bbox 1083 1437 1195 1508; x_wconf 82' lang='grc' dir='ltr'><strong>γὰρ</strong></span> <span class='ocrx_word' id='word_1_104' title='bbox 1241 1434 1408 1494; x_wconf 84' lang='grc' dir='ltr'>οὗτοι</span> <span class='ocrx_word' id='word_1_105' title='bbox 1439 1441 1524 1504; x_wconf 85' lang='grc' dir='ltr'><strong>είς</strong></span> <span class='ocrx_word' id='word_1_106' title='bbox 1556 1439 1757 1506; x_wconf 78' lang='grc' dir='ltr'><strong>κρίσιν</strong></span> <span class='ocrx_word' id='word_1_107' title='bbox 1784 1437 1916 1491; x_wconf 75' lang='grc' dir='ltr'><strong>αἰώ-</strong></span> 
     </span>
    </p>
   </div>
   <div class='ocr_carea' id='block_1_15' title="bbox 329 1524 1917 1599">
    <p class='ocr_par' dir='ltr' id='par_1_15' title="bbox 329 1524 1917 1599">
     <span class='ocr_line' id='line_1_15' title="bbox 329 1524 1917 1599; baseline -0.001 -18"><span class='ocrx_word' id='word_1_108' title='bbox 329 1545 491 1591; x_wconf 81' lang='grc' dir='ltr'>νιον,</span> <span class='ocrx_word' id='word_1_109' title='bbox 536 1530 632 1582; x_wconf 75' lang='grc' dir='ltr'><strong>καὶ</strong></span> <span class='ocrx_word' id='word_1_110' title='bbox 666 1524 832 1584; x_wconf 86' lang='grc' dir='ltr'>οὗτοι</span> <span class='ocrx_word' id='word_1_111' title='bbox 877 1529 966 1594; x_wconf 87' lang='grc' dir='ltr'><strong>είς</strong></span> <span class='ocrx_word' id='word_1_112' title='bbox 998 1526 1156 1596; x_wconf 79' lang='grc' dir='ltr'>ζωὴν</span> <span class='ocrx_word' id='word_1_113' title='bbox 1191 1526 1452 1592; x_wconf 76' lang='grc' dir='ltr'>αἰώνιον,</span> <span class='ocrx_word' id='word_1_114' title='bbox 1488 1529 1652 1599; x_wconf 77' lang='grc' dir='ltr'>φησὶν</span> <span class='ocrx_word' id='word_1_115' title='bbox 1689 1531 1718 1582; x_wconf 86' lang='grc' dir='ltr'>ὁ</span> <span class='ocrx_word' id='word_1_116' title='bbox 1749 1529 1917 1582; x_wconf 90' lang='grc' dir='ltr'>Μονο-</span> 
     </span>
    </p>
   </div>
   <div class='ocr_carea' id='block_1_16' title="bbox 329 1623 523 1701">
    <p class='ocr_par' dir='ltr' id='par_1_16' title="bbox 329 1623 523 1701">
     <span class='ocr_line' id='line_1_16' title="bbox 329 1623 523 1701; baseline -0.005 -12"><span class='ocrx_word' id='word_1_117' title='bbox 329 1623 523 1701; x_wconf 64' lang='grc' dir='ltr'><strong>γξνὴς-</strong></span> 
     </span>
    </p>
   </div>
   <div class='ocr_carea' id='block_1_17' title="bbox 2019 614 3579 688">
    <p class='ocr_par' dir='ltr' id='par_1_17' title="bbox 2019 614 3579 688">
     <span class='ocr_line' id='line_1_17' title="bbox 2019 614 3579 688; baseline -0.003 -16"><span class='ocrx_word' id='word_1_118' title='bbox 2019 618 2146 672; x_wconf 90' lang='lat' dir='ltr'><strong>bum</strong></span> <span class='ocrx_word' id='word_1_119' title='bbox 2175 618 2327 673; x_wconf 89' lang='lat' dir='ltr'><strong>illum</strong></span> <span class='ocrx_word' id='word_1_120' title='bbox 2376 625 2673 688; x_wconf 87' lang='lat' dir='ltr'><strong>potumque</strong></span> <span class='ocrx_word' id='word_1_121' title='bbox 2725 615 2994 686; x_wconf 90' lang='lat' dir='ltr'><strong>pertinet,</strong></span> <span class='ocrx_word' id='word_1_122' title='bbox 3051 614 3204 669; x_wconf 89' lang='lat' dir='ltr'><strong>solus</strong></span> <span class='ocrx_word' id='word_1_123' title='bbox 3249 614 3340 668; x_wconf 91' lang='lat' dir='ltr'><strong>ille</strong></span> <span class='ocrx_word' id='word_1_124' title='bbox 3384 615 3579 668; x_wconf 86' lang='lat' dir='ltr'><strong>novit:</strong></span> 
     </span>
    </p>
   </div>
   <div class='ocr_carea' id='block_1_18' title="bbox 2017 704 3585 779">
    <p class='ocr_par' dir='ltr' id='par_1_18' title="bbox 2017 704 3585 779">
     <span class='ocr_line' id='line_1_18' title="bbox 2017 704 3585 779; baseline -0.002 -16"><span class='ocrx_word' id='word_1_125' title='bbox 2017 707 2454 779; x_wconf 84' lang='lat' dir='ltr'><strong>quandoquidem</strong></span> <span class='ocrx_word' id='word_1_126' title='bbox 2489 723 2606 778; x_wconf 74' lang='lat' dir='ltr'><strong>qua:</strong></span> <span class='ocrx_word' id='word_1_127' title='bbox 2635 723 2726 760; x_wconf 91' lang='lat' dir='ltr'><strong>nec</strong></span> <span class='ocrx_word' id='word_1_128' title='bbox 2761 704 2943 761; x_wconf 78' lang='lat' dir='ltr'><strong>oculus</strong></span> <span class='ocrx_word' id='word_1_129' title='bbox 2984 706 3136 772; x_wconf 73' lang='lat' dir='ltr'><strong>vidit,</strong></span> <span class='ocrx_word' id='word_1_130' title='bbox 3178 724 3270 761; x_wconf 91' lang='lat' dir='ltr'><strong>nec</strong></span> <span class='ocrx_word' id='word_1_131' title='bbox 3307 710 3450 761; x_wconf 89' lang='lat' dir='ltr'><strong>auris</strong></span> <span class='ocrx_word' id='word_1_132' title='bbox 3485 724 3585 760; x_wconf 83' lang='lat' dir='ltr'><strong>au-</strong></span> 
     </span>
    </p>
   </div>
   <div class='ocr_carea' id='block_1_19' title="bbox 2015 799 3585 870">
    <p class='ocr_par' dir='ltr' id='par_1_19' title="bbox 2015 799 3585 870">
     <span class='ocr_line' id='line_1_19' title="bbox 2015 799 3585 870; baseline 0 -18"><span class='ocrx_word' id='word_1_133' title='bbox 2015 799 2165 862; x_wconf 85' lang='lat' dir='ltr'><strong><em>divit.</em></strong></span> <span class='ocrx_word' id='word_1_134' title='bbox 2196 817 2287 854; x_wconf 86' lang='lat' dir='ltr'><strong>nec</strong></span> <span class='ocrx_word' id='word_1_135' title='bbox 2315 801 2369 853; x_wconf 87' lang='lat' dir='ltr'><strong>in</strong></span> <span class='ocrx_word' id='word_1_136' title='bbox 2394 817 2485 852; x_wconf 90' lang='lat' dir='ltr'><strong>cor</strong></span> <span class='ocrx_word' id='word_1_137' title='bbox 2504 800 2728 854; x_wconf 87' lang='lat' dir='ltr'><strong>hominis</strong></span> <span class='ocrx_word' id='word_1_138' title='bbox 2757 799 3122 865; x_wconf 85' lang='lat' dir='ltr'><strong>ascenderunt,</strong></span> <span class='ocrx_word' id='word_1_139' title='bbox 3169 816 3284 870; x_wconf 68' lang='lat' dir='ltr'><strong>qua:</strong></span> <span class='ocrx_word' id='word_1_140' title='bbox 3311 815 3585 869; x_wconf 67' lang='lat' dir='ltr'><strong>praepara-</strong></span> 
     </span>
    </p>
   </div>
   <div class='ocr_carea' id='block_1_20' title="bbox 2016 891 3586 963">
    <p class='ocr_par' dir='ltr' id='par_1_20' title="bbox 2016 891 3586 963">
     <span class='ocr_line' id='line_1_20' title="bbox 2016 891 3586 963; baseline 0.001 -18"><span class='ocrx_word' id='word_1_141' title='bbox 2016 892 2088 945; x_wconf 81' lang='lat' dir='ltr'><strong>uit</strong></span> <span class='ocrx_word' id='word_1_142' title='bbox 2121 891 2257 946; x_wconf 84' lang='lat' dir='ltr'><strong>Deus</strong></span> <span class='ocrx_word' id='word_1_143' title='bbox 2299 891 2460 963; x_wconf 78' lang='lat'><strong>653</strong></span> <span class='ocrx_word' id='word_1_144' title='bbox 2488 891 2824 962; x_wconf 78' lang='lat' dir='ltr'><strong>diligentibus</strong></span> <span class='ocrx_word' id='word_1_145' title='bbox 2849 909 2902 946; x_wconf 88' lang='lat' dir='ltr'><strong>se</strong></span> <span class='ocrx_word' id='word_1_146' title='bbox 2924 894 2966 946; x_wconf 80' lang='lat'><strong>&#39;.</strong></span> <span class='ocrx_word' id='word_1_147' title='bbox 3005 891 3110 948; x_wconf 88' lang='lat' dir='ltr'><strong>Sed</strong></span> <span class='ocrx_word' id='word_1_148' title='bbox 3144 893 3258 947; x_wconf 68' lang='lat' dir='ltr'><strong>haec</strong></span> <span class='ocrx_word' id='word_1_149' title='bbox 3280 893 3456 948; x_wconf 87' lang='lat' dir='ltr'><strong>obiter</strong></span> <span class='ocrx_word' id='word_1_150' title='bbox 3478 893 3586 946; x_wconf 87' lang='lat' dir='ltr'><strong>loci</strong></span> 
     </span>
    </p>
   </div>
   <div class='ocr_carea' id='block_1_21' title="bbox 2018 981 3584 1053">
    <p class='ocr_par' dir='ltr' id='par_1_21' title="bbox 2018 981 3584 1053">
     <span class='ocr_line' id='line_1_21' title="bbox 2018 981 3584 1053; baseline -0.003 -15"><span class='ocrx_word' id='word_1_151' title='bbox 2018 984 2177 1051; x_wconf 89' lang='lat' dir='ltr'><strong>hujus</strong></span> <span class='ocrx_word' id='word_1_152' title='bbox 2211 987 2501 1038; x_wconf 85' lang='lat' dir='ltr'><strong>occasione</strong></span> <span class='ocrx_word' id='word_1_153' title='bbox 2529 984 2933 1053; x_wconf 83' lang='lat' dir='ltr'><strong>proposuimus,</strong></span> <span class='ocrx_word' id='word_1_154' title='bbox 2963 997 3089 1037; x_wconf 93' lang='lat' dir='ltr'><strong>cum</strong></span> <span class='ocrx_word' id='word_1_155' title='bbox 3126 983 3432 1036; x_wconf 87' lang='lat' dir='ltr'><strong>animarum</strong></span> <span class='ocrx_word' id='word_1_156' title='bbox 3474 981 3584 1035; x_wconf 89' lang='lat' dir='ltr'><strong>dis-</strong></span> 
     </span>
    </p>
   </div>
   <div class='ocr_carea' id='block_1_22' title="bbox 2015 1074 3588 1145">
    <p class='ocr_par' dir='ltr' id='par_1_22' title="bbox 2015 1074 3588 1145">
     <span class='ocr_line' id='line_1_22' title="bbox 2015 1074 3588 1145; baseline -0.002 -16"><span class='ocrx_word' id='word_1_157' title='bbox 2015 1076 2224 1130; x_wconf 84' lang='lat' dir='ltr'><strong>crimen</strong></span> <span class='ocrx_word' id='word_1_158' title='bbox 2291 1076 2730 1145; x_wconf 83' lang='lat' dir='ltr'><strong>explicaremus;</strong></span> <span class='ocrx_word' id='word_1_159' title='bbox 2773 1075 2935 1144; x_wconf 89' lang='lat' dir='ltr'><strong>idque</strong></span> <span class='ocrx_word' id='word_1_160' title='bbox 2979 1089 3044 1128; x_wconf 83' lang='lat' dir='ltr'><strong>ex</strong></span> <span class='ocrx_word' id='word_1_161' title='bbox 3096 1074 3174 1128; x_wconf 88' lang='lat' dir='ltr'><strong>rei</strong></span> <span class='ocrx_word' id='word_1_162' title='bbox 3234 1075 3492 1138; x_wconf 82' lang='lat' dir='ltr'><strong>veritate,</strong></span> <span class='ocrx_word' id='word_1_163' title='bbox 3531 1080 3588 1128; x_wconf 89' lang='lat' dir='ltr'><strong>et</strong></span> 
     </span>
    </p>
   </div>
   <div class='ocr_carea' id='block_1_23' title="bbox 2014 1163 3586 1237">
    <p class='ocr_par' dir='ltr' id='par_1_23' title="bbox 2014 1163 3586 1237">
     <span class='ocr_line' id='line_1_23' title="bbox 2014 1163 3586 1237; baseline -0.003 -15"><span class='ocrx_word' id='word_1_164' title='bbox 2014 1167 2264 1237; x_wconf 84' lang='lat' dir='ltr'><strong>exemplo</strong></span> <span class='ocrx_word' id='word_1_165' title='bbox 2298 1167 2392 1220; x_wconf 92' lang='lat' dir='ltr'><strong>illo</strong></span> <span class='ocrx_word' id='word_1_166' title='bbox 2421 1166 2582 1236; x_wconf 84' lang='lat' dir='ltr'><strong>longe</strong></span> <span class='ocrx_word' id='word_1_167' title='bbox 2623 1167 2909 1234; x_wconf 89' lang='lat' dir='ltr'><strong>aptissimo</strong></span> <span class='ocrx_word' id='word_1_168' title='bbox 2961 1165 3462 1235; x_wconf 89' lang='lat' dir='ltr'><strong>comprobaremus,</strong></span> <span class='ocrx_word' id='word_1_169' title='bbox 3499 1163 3586 1217; x_wconf 86' lang='lat' dir='ltr'><strong>ni-</strong></span> 
     </span>
    </p>
   </div>
   <div class='ocr_carea' id='block_1_24' title="bbox 2013 1256 3584 1328">
    <p class='ocr_par' dir='ltr' id='par_1_24' title="bbox 2013 1256 3584 1328">
     <span class='ocr_line' id='line_1_24' title="bbox 2013 1256 3584 1328; baseline -0.003 -17"><span class='ocrx_word' id='word_1_170' title='bbox 2013 1258 2212 1312; x_wconf 89' lang='lat' dir='ltr'><strong>mirum</strong></span> <span class='ocrx_word' id='word_1_171' title='bbox 2241 1257 2401 1311; x_wconf 86' lang='lat' dir='ltr'><strong>aliam</strong></span> <span class='ocrx_word' id='word_1_172' title='bbox 2433 1272 2556 1311; x_wconf 90' lang='lat' dir='ltr'><strong>esse</strong></span> <span class='ocrx_word' id='word_1_173' title='bbox 2584 1256 2843 1319; x_wconf 87' lang='lat' dir='ltr'><strong>hominis,</strong></span> <span class='ocrx_word' id='word_1_174' title='bbox 2875 1257 3034 1310; x_wconf 86' lang='lat' dir='ltr'><strong>aliam</strong></span> <span class='ocrx_word' id='word_1_175' title='bbox 3064 1256 3287 1328; x_wconf 89' lang='lat' dir='ltr'><strong>pecudis</strong></span> <span class='ocrx_word' id='word_1_176' title='bbox 3316 1256 3584 1320; x_wconf 89' lang='lat' dir='ltr'><strong>animam;</strong></span> 
     </span>
    </p>
   </div>
   <div class='ocr_carea' id='block_1_25' title="bbox 2013 1346 3588 1418">
    <p class='ocr_par' dir='ltr' id='par_1_25' title="bbox 2013 1346 3588 1418">
     <span class='ocr_line' id='line_1_25' title="bbox 2013 1346 3588 1418; baseline -0.003 -15"><span class='ocrx_word' id='word_1_177' title='bbox 2013 1365 2115 1404; x_wconf 92' lang='lat' dir='ltr'><strong>nec</strong></span> <span class='ocrx_word' id='word_1_178' title='bbox 2141 1357 2199 1403; x_wconf 88' lang='lat' dir='ltr'><strong>ut</strong></span> <span class='ocrx_word' id='word_1_179' title='bbox 2230 1348 2453 1418; x_wconf 89' lang='lat' dir='ltr'><strong>pecudis</strong></span> <span class='ocrx_word' id='word_1_180' title='bbox 2487 1347 2720 1401; x_wconf 86' lang='lat' dir='ltr'><strong>animam</strong></span> <span class='ocrx_word' id='word_1_181' title='bbox 2755 1356 3018 1412; x_wconf 81' lang='lat' dir='ltr'><strong>servaret,</strong></span> <span class='ocrx_word' id='word_1_182' title='bbox 3052 1347 3148 1403; x_wconf 89' lang='lat' dir='ltr'><strong>sed</strong></span> <span class='ocrx_word' id='word_1_183' title='bbox 3183 1347 3417 1402; x_wconf 90' lang='lat' dir='ltr'><strong>hominis</strong></span> <span class='ocrx_word' id='word_1_184' title='bbox 3447 1346 3588 1400; x_wconf 92' lang='lat' dir='ltr'><strong>dun-</strong></span> 
     </span>
    </p>
   </div>
   <div class='ocr_carea' id='block_1_26' title="bbox 2019 1437 3591 1510">
    <p class='ocr_par' dir='ltr' id='par_1_26' title="bbox 2019 1437 3591 1510">
     <span class='ocr_line' id='line_1_26' title="bbox 2019 1437 3591 1510; baseline -0.003 -15"><span class='ocrx_word' id='word_1_185' title='bbox 2019 1450 2191 1506; x_wconf 83' lang='lat' dir='ltr'><strong>taxat,</strong></span> <span class='ocrx_word' id='word_1_186' title='bbox 2237 1441 2527 1496; x_wconf 87' lang='lat' dir='ltr'><strong>advenisse</strong></span> <span class='ocrx_word' id='word_1_187' title='bbox 2567 1440 2867 1503; x_wconf 79' lang='lat' dir='ltr'><strong>Christum,</strong></span> <span class='ocrx_word' id='word_1_188' title='bbox 2908 1441 3165 1510; x_wconf 88' lang='lat' dir='ltr'><strong>quoniam</strong></span> <span class='ocrx_word' id='word_1_189' title='bbox 3212 1439 3450 1507; x_wconf 85' lang='lat' dir='ltr'><strong>pecudes</strong></span> <span class='ocrx_word' id='word_1_190' title='bbox 3488 1437 3591 1491; x_wconf 83' lang='lat' dir='ltr'><strong>mi-</strong></span> 
     </span>
    </p>
   </div>
   <div class='ocr_carea' id='block_1_27' title="bbox 2013 1529 3591 1603">
    <p class='ocr_par' dir='ltr' id='par_1_27' title="bbox 2013 1529 3591 1603">
     <span class='ocr_line' id='line_1_27' title="bbox 2013 1529 3591 1603; baseline -0.002 -16"><span class='ocrx_word' id='word_1_191' title='bbox 2013 1535 2157 1587; x_wconf 89' lang='lat' dir='ltr'><strong>nime</strong></span> <span class='ocrx_word' id='word_1_192' title='bbox 2177 1533 2515 1603; x_wconf 84' lang='lat' dir='ltr'><strong>judicantur.</strong></span> <span class='ocrx_word' id='word_1_193' title='bbox 2543 1529 2678 1584; x_wconf 86' lang='lat' dir='ltr'><strong>Nam</strong></span> <span class='ocrx_word' id='word_1_194' title='bbox 2706 1531 2954 1587; x_wconf 87' lang='lat' dir='ltr'><strong>homines</strong></span> <span class='ocrx_word' id='word_1_195' title='bbox 2979 1531 3196 1601; x_wconf 86' lang='lat' dir='ltr'><strong>quidem</strong></span> <span class='ocrx_word' id='word_1_196' title='bbox 3220 1539 3273 1585; x_wconf 91' lang='lat' dir='ltr'><strong>et</strong></span> <span class='ocrx_word' id='word_1_197' title='bbox 3299 1530 3451 1601; x_wconf 80' lang='lat' dir='ltr'><strong>regni</strong></span> <span class='ocrx_word' id='word_1_198' title='bbox 3477 1543 3591 1584; x_wconf 70' lang='lat' dir='ltr'><strong>cm-</strong></span> 
     </span>
    </p>
   </div>
   <div class='ocr_carea' id='block_1_28' title="bbox 2011 1621 3589 1694">
    <p class='ocr_par' dir='ltr' id='par_1_28' title="bbox 2011 1621 3589 1694">
     <span class='ocr_line' id='line_1_28' title="bbox 2011 1621 3589 1694; baseline -0.003 -14"><span class='ocrx_word' id='word_1_199' title='bbox 2011 1626 2191 1680; x_wconf 90' lang='lat' dir='ltr'><strong>lorum</strong></span> <span class='ocrx_word' id='word_1_200' title='bbox 2248 1625 2624 1680; x_wconf 64' lang='lat' dir='ltr'><strong>haereditatem</strong></span> <span class='ocrx_word' id='word_1_201' title='bbox 2681 1631 3074 1694; x_wconf 86' lang='lat' dir='ltr'><strong>assequuntur,</strong></span> <span class='ocrx_word' id='word_1_202' title='bbox 3130 1631 3184 1678; x_wconf 93' lang='lat' dir='ltr'><strong>et</strong></span> <span class='ocrx_word' id='word_1_203' title='bbox 3226 1624 3280 1676; x_wconf 91' lang='lat' dir='ltr'><strong>in</strong></span> <span class='ocrx_word' id='word_1_204' title='bbox 3319 1621 3589 1692; x_wconf 86' lang='lat' dir='ltr'><strong>judicium</strong></span> 
     </span>
    </p>
   </div>
   <div class='ocr_carea' id='block_1_29' title="bbox 2010 1715 3592 1785">
    <p class='ocr_par' dir='ltr' id='par_1_29' title="bbox 2010 1715 3592 1785">
     <span class='ocr_line' id='line_1_29' title="bbox 2010 1715 3592 1785; baseline -0.003 -13"><span class='ocrx_word' id='word_1_205' title='bbox 2010 1725 2306 1772; x_wconf 80' lang='lat' dir='ltr'><strong>vocantur.</strong></span> <span class='ocrx_word' id='word_1_206' title='bbox 2386 1715 2547 1768; x_wconf 82' lang='lat' dir='ltr'><strong>Ibunt</strong></span> <span class='ocrx_word' id='word_1_207' title='bbox 2586 1716 2747 1779; x_wconf 86' lang='lat' dir='ltr'><strong>enim,</strong></span> <span class='ocrx_word' id='word_1_208' title='bbox 2777 1715 2977 1784; x_wconf 87' lang='lat' dir='ltr'><strong>inquit,</strong></span> <span class='ocrx_word' id='word_1_209' title='bbox 3016 1716 3057 1768; x_wconf 88' lang='lat' dir='ltr'><strong><em>ii</em></strong></span> <span class='ocrx_word' id='word_1_210' title='bbox 3082 1717 3137 1769; x_wconf 89' lang='lat' dir='ltr'><strong>in</strong></span> <span class='ocrx_word' id='word_1_211' title='bbox 3157 1715 3424 1785; x_wconf 86' lang='lat' dir='ltr'><strong>judicium</strong></span> <span class='ocrx_word' id='word_1_212' title='bbox 3445 1725 3592 1768; x_wconf 71' lang='lat' dir='ltr'><strong>teter-</strong></span> 
     </span>
    </p>
   </div>
   <div class='ocr_carea' id='block_1_30' title="bbox 2014 1807 2896 1874">
    <p class='ocr_par' dir='ltr' id='par_1_30' title="bbox 2014 1807 2896 1874">
     <span class='ocr_line' id='line_1_30' title="bbox 2014 1807 2896 1874; baseline -0.002 -11"><span class='ocrx_word' id='word_1_213' title='bbox 2014 1825 2161 1874; x_wconf 91' lang='lat' dir='ltr'><strong>num,</strong></span> <span class='ocrx_word' id='word_1_214' title='bbox 2183 1818 2232 1862; x_wconf 88' lang='lat' dir='ltr'><strong>et</strong></span> <span class='ocrx_word' id='word_1_215' title='bbox 2252 1809 2291 1860; x_wconf 88' lang='lat' dir='ltr'><strong>ii</strong></span> <span class='ocrx_word' id='word_1_216' title='bbox 2318 1808 2373 1860; x_wconf 89' lang='lat' dir='ltr'><strong>in</strong></span> <span class='ocrx_word' id='word_1_217' title='bbox 2396 1809 2558 1861; x_wconf 81' lang='lat' dir='ltr'><strong>vitam</strong></span> <span class='ocrx_word' id='word_1_218' title='bbox 2587 1817 2838 1860; x_wconf 76' lang='lat' dir='ltr'><strong>wternam</strong></span> <span class='ocrx_word' id='word_1_219' title='bbox 2855 1807 2896 1861; x_wconf 88' lang='grc'>³.</span> 
     </span>
    </p>
   </div>
   <div class='ocr_carea' id='block_1_31' title="bbox 404 1872 1921 1968">
    <p class='ocr_par' dir='ltr' id='par_1_31' title="bbox 404 1888 1914 1961">
     <span class='ocr_line' id='line_1_31' title="bbox 404 1888 1914 1961; baseline 0.002 -20"><span class='ocrx_word' id='word_1_220' title='bbox 404 1888 648 1958; x_wconf 60' lang='grc' dir='ltr'><strong>Λφ-Μθ.</strong></span> <span class='ocrx_word' id='word_1_221' title='bbox 672 1888 738 1943; x_wconf 86' lang='grc' dir='ltr'>Τί</span> <span class='ocrx_word' id='word_1_222' title='bbox 751 1889 808 1942; x_wconf 85' lang='grc' dir='ltr'><strong>δὲ</strong></span> <span class='ocrx_word' id='word_1_223' title='bbox 825 1891 871 1942; x_wconf 89' lang='grc' dir='ltr'>οἱ</span> <span class='ocrx_word' id='word_1_224' title='bbox 883 1888 951 1943; x_wconf 81' lang='grc' dir='ltr'>τὰ</span> <span class='ocrx_word' id='word_1_225' title='bbox 964 1888 1252 1961; x_wconf 77' lang='grc' dir='ltr'>ζητήματα</span> <span class='ocrx_word' id='word_1_226' title='bbox 1262 1889 1686 1954; x_wconf 85' lang='grc' dir='ltr'>κατοπτεύοντες</span> <span class='ocrx_word' id='word_1_227' title='bbox 1703 1906 1718 1955; x_wconf 90' lang='grc'>;</span> <span class='ocrx_word' id='word_1_228' title='bbox 1748 1889 1914 1944; x_wconf 83' lang='grc' dir='ltr'>Ἐπάν</span> 
     </span>
    </p>
   </div>
   <div class='ocr_carea' id='block_1_32' title="bbox 2021 1872 3594 1968">
    <p class='ocr_par' dir='ltr' id='par_1_32' title="bbox 2087 1872 3594 1968">
     <span class='ocr_line' id='line_1_32' title="bbox 2087 1872 3594 1968; baseline 0.001 -17"><span class='ocrx_word' id='word_1_229' title='bbox 2087 1872 2447 1951; x_wconf 73' lang='lat' dir='ltr'><strong>XXXVI-XL.</strong></span> <span class='ocrx_word' id='word_1_230' title='bbox 2466 1895 2605 1962; x_wconf 85' lang='lat' dir='ltr'><strong>Quid</strong></span> <span class='ocrx_word' id='word_1_231' title='bbox 2620 1896 2685 1951; x_wconf 90' lang='lat' dir='ltr'><strong>ad</strong></span> <span class='ocrx_word' id='word_1_232' title='bbox 2699 1896 2812 1951; x_wconf 79' lang='lat' dir='ltr'><strong>haec</strong></span> <span class='ocrx_word' id='word_1_233' title='bbox 2825 1896 2915 1951; x_wconf 89' lang='lat' dir='ltr'><strong>isti</strong></span> <span class='ocrx_word' id='word_1_234' title='bbox 2931 1895 3292 1967; x_wconf 68' lang='lat' dir='ltr'><strong>quaestionum</strong></span> <span class='ocrx_word' id='word_1_235' title='bbox 3310 1898 3594 1968; x_wconf 78' lang='lat' dir='ltr'><strong>indagato-</strong></span> 
     </span>
    </p>
   </div>
   <div class='ocr_carea' id='block_1_33' title="bbox 331 1981 1913 2054">
    <p class='ocr_par' dir='ltr' id='par_1_33' title="bbox 331 1981 1913 2054">
     <span class='ocr_line' id='line_1_33' title="bbox 331 1981 1913 2054; baseline 0 -20"><span class='ocrx_word' id='word_1_236' title='bbox 331 1982 607 2052; x_wconf 77' lang='grc' dir='ltr'>φθάσωσι,</span> <span class='ocrx_word' id='word_1_237' title='bbox 646 1983 737 2036; x_wconf 78' lang='grc' dir='ltr'><strong>καὶ</strong></span> <span class='ocrx_word' id='word_1_238' title='bbox 783 1981 858 2053; x_wconf 84' lang='grc' dir='ltr'>μὴ</span> <span class='ocrx_word' id='word_1_239' title='bbox 898 1981 1249 2035; x_wconf 82' lang='grc' dir='ltr'>καταλάϐωσι</span> <span class='ocrx_word' id='word_1_240' title='bbox 1292 1981 1387 2035; x_wconf 79' lang='grc' dir='ltr'>τοῦ</span> <span class='ocrx_word' id='word_1_241' title='bbox 1415 1981 1581 2054; x_wconf 81' lang='grc' dir='ltr'><strong>ῥητοῦ</strong></span> <span class='ocrx_word' id='word_1_242' title='bbox 1609 1983 1708 2052; x_wconf 87' lang='grc' dir='ltr'>τὴν</span> <span class='ocrx_word' id='word_1_243' title='bbox 1737 1984 1913 2054; x_wconf 80' lang='grc' dir='ltr'>σαφήο</span> 
     </span>
    </p>
   </div>
   <div class='ocr_carea' id='block_1_34' title="bbox 329 2074 1911 2146">
    <p class='ocr_par' dir='ltr' id='par_1_34' title="bbox 329 2074 1911 2146">
     <span class='ocr_line' id='line_1_34' title="bbox 329 2074 1911 2146; baseline 0 -19"><span class='ocrx_word' id='word_1_244' title='bbox 329 2091 519 2139; x_wconf 85' lang='grc' dir='ltr'>νειαν,</span> <span class='ocrx_word' id='word_1_245' title='bbox 549 2074 906 2144; x_wconf 78' lang='grc' dir='ltr'><strong>ἀσχάλλουσιν</strong></span> <span class='ocrx_word' id='word_1_246' title='bbox 955 2074 1210 2128; x_wconf 82' lang='grc' dir='ltr'>ἀντίθετα</span> <span class='ocrx_word' id='word_1_247' title='bbox 1260 2075 1474 2138; x_wconf 77' lang='grc' dir='ltr'>ἑαυτοῖς</span> <span class='ocrx_word' id='word_1_248' title='bbox 1521 2074 1911 2146; x_wconf 81' lang='grc' dir='ltr'>διανοούμενοι,</span> 
     </span>
    </p>
   </div>
   <div class='ocr_carea' id='block_1_35' title="bbox 331 2165 1917 2238">
    <p class='ocr_par' dir='ltr' id='par_1_35' title="bbox 331 2165 1917 2238">
     <span class='ocr_line' id='line_1_35' title="bbox 331 2165 1917 2238; baseline -0.001 -18"><span class='ocrx_word' id='word_1_249' title='bbox 331 2168 483 2238; x_wconf 69' lang='grc' dir='ltr'>ἤπερ</span> <span class='ocrx_word' id='word_1_250' title='bbox 524 2168 774 2237; x_wconf 74' lang='grc' dir='ltr'>χρήσιμα</span> <span class='ocrx_word' id='word_1_251' title='bbox 829 2168 1042 2230; x_wconf 76' lang='grc' dir='ltr'>ἑαυτοῖς</span> <span class='ocrx_word' id='word_1_252' title='bbox 1091 2165 1418 2238; x_wconf 82' lang='grc' dir='ltr'>θηρώμενοι.</span> <span class='ocrx_word' id='word_1_253' title='bbox 1487 2166 1703 2238; x_wconf 85' lang='grc' dir='ltr'>Ἐπειδὴ</span> <span class='ocrx_word' id='word_1_254' title='bbox 1744 2167 1852 2238; x_wconf 84' lang='grc' dir='ltr'>γάρ</span> <span class='ocrx_word' id='word_1_255' title='bbox 1889 2169 1917 2219; x_wconf 88' lang='grc' dir='ltr'><strong>ό</strong></span> 
     </span>
    </p>
   </div>
   <div class='ocr_carea' id='block_1_36' title="bbox 329 2258 1917 2330">
    <p class='ocr_par' dir='ltr' id='par_1_36' title="bbox 329 2258 1917 2330">
     <span class='ocr_line' id='line_1_36' title="bbox 329 2258 1917 2330; baseline -0.003 -16"><span class='ocrx_word' id='word_1_256' title='bbox 329 2259 617 2322; x_wconf 81' lang='grc' dir='ltr'>Ματθαίός</span> <span class='ocrx_word' id='word_1_257' title='bbox 650 2259 762 2328; x_wconf 78' lang='grc'><strong>(35)</strong></span> <span class='ocrx_word' id='word_1_258' title='bbox 812 2276 964 2330; x_wconf 81' lang='grc' dir='ltr'>φησι,</span> <span class='ocrx_word' id='word_1_259' title='bbox 995 2259 1090 2312; x_wconf 89' lang='grc' dir='ltr'><strong>δύο</strong></span> <span class='ocrx_word' id='word_1_260' title='bbox 1118 2258 1586 2330; x_wconf 65' lang='grc' dir='ltr'>δαιμονιζόμενον</span> <span class='ocrx_word' id='word_1_261' title='bbox 1617 2260 1645 2312; x_wconf 87' lang='grc' dir='ltr'><strong>ὁ</strong></span> <span class='ocrx_word' id='word_1_262' title='bbox 1683 2259 1741 2311; x_wconf 86' lang='grc' dir='ltr'>δὲ</span> <span class='ocrx_word' id='word_1_263' title='bbox 1783 2261 1917 2312; x_wconf 88' lang='grc' dir='ltr'><strong>Λου-</strong></span> 
     </span>
    </p>
   </div>
   <div class='ocr_carea' id='block_1_37' title="bbox 332 2345 1916 2422">
    <p class='ocr_par' dir='ltr' id='par_1_37' title="bbox 332 2345 1916 2422">
     <span class='ocr_line' id='line_1_37' title="bbox 332 2345 1916 2422; baseline -0.001 -18"><span class='ocrx_word' id='word_1_264' title='bbox 332 2353 441 2415; x_wconf 79' lang='grc' dir='ltr'>κᾶς</span> <span class='ocrx_word' id='word_1_265' title='bbox 494 2351 623 2422; x_wconf 80' lang='grc' dir='ltr'>περὶ</span> <span class='ocrx_word' id='word_1_266' title='bbox 655 2352 771 2414; x_wconf 79' lang='grc' dir='ltr'>ἐνὸς</span> <span class='ocrx_word' id='word_1_267' title='bbox 813 2351 1101 2421; x_wconf 80' lang='grc' dir='ltr'>διηγεῖται.</span> <span class='ocrx_word' id='word_1_268' title='bbox 1144 2351 1254 2403; x_wconf 77' lang='grc' dir='ltr'>Καὶ</span> <span class='ocrx_word' id='word_1_269' title='bbox 1281 2349 1390 2422; x_wconf 86' lang='grc' dir='ltr'><strong>γάρ</strong></span> <span class='ocrx_word' id='word_1_270' title='bbox 1421 2345 1503 2414; x_wconf 75' lang='grc' dir='ltr'><strong>εἷς</strong></span> <span class='ocrx_word' id='word_1_271' title='bbox 1533 2349 1642 2404; x_wconf 85' lang='grc' dir='ltr'>τῶν</span> <span class='ocrx_word' id='word_1_272' title='bbox 1687 2351 1916 2419; x_wconf 83' lang='grc' dir='ltr'>εὐαγγε-</span> 
     </span>
    </p>
   </div>
   <div class='ocr_carea' id='block_1_38' title="bbox 330 2441 1918 2511">
    <p class='ocr_par' dir='ltr' id='par_1_38' title="bbox 330 2441 1918 2511">
     <span class='ocr_line' id='line_1_38' title="bbox 330 2441 1918 2511; baseline 0.001 -17"><span class='ocrx_word' id='word_1_273' title='bbox 330 2442 535 2496; x_wconf 85' lang='grc' dir='ltr'>λιστῶν</span> <span class='ocrx_word' id='word_1_274' title='bbox 564 2442 733 2511; x_wconf 82' lang='grc' dir='ltr'>λέγει,</span> <span class='ocrx_word' id='word_1_275' title='bbox 779 2443 861 2496; x_wconf 85' lang='grc' dir='ltr'>ὅτι</span> <span class='ocrx_word' id='word_1_276' title='bbox 895 2444 960 2495; x_wconf 79' lang='lat' dir='ltr'><em>Ol</em></span> <span class='ocrx_word' id='word_1_277' title='bbox 1000 2442 1225 2511; x_wconf 72' lang='grc' dir='ltr'>λῃσταὶ</span> <span class='ocrx_word' id='word_1_278' title='bbox 1268 2445 1323 2495; x_wconf 86' lang='grc' dir='ltr'><em>οὶ</em></span> <span class='ocrx_word' id='word_1_279' title='bbox 1361 2441 1918 2510; x_wconf 80' lang='grc' dir='ltr'><strong>συνεσταυρωμένοι</strong></span> 
     </span>
    </p>
   </div>
   <div class='ocr_carea' id='block_1_39' title="bbox 329 2533 1918 2607">
    <p class='ocr_par' dir='ltr' id='par_1_39' title="bbox 329 2533 1918 2607">
     <span class='ocr_line' id='line_1_39' title="bbox 329 2533 1918 2607; baseline -0.003 -16"><span class='ocrx_word' id='word_1_280' title='bbox 329 2536 777 2607; x_wconf 61' lang='grc' dir='ltr'><strong>ἐϐλασφήμουν</strong></span> <span class='ocrx_word' id='word_1_281' title='bbox 815 2537 1032 2590; x_wconf 79' lang='grc' dir='ltr'>αὐτόν·</span> <span class='ocrx_word' id='word_1_282' title='bbox 1083 2535 1112 2586; x_wconf 77' lang='grc' dir='ltr'><strong>ὁ</strong></span> <span class='ocrx_word' id='word_1_283' title='bbox 1158 2534 1212 2587; x_wconf 83' lang='grc' dir='ltr'>δὲ</span> <span class='ocrx_word' id='word_1_284' title='bbox 1260 2534 1416 2596; x_wconf 82' lang='grc' dir='ltr'>ἄλλος</span> <span class='ocrx_word' id='word_1_285' title='bbox 1462 2534 1582 2603; x_wconf 69' lang='grc' dir='ltr'>οὐχὶ</span> <span class='ocrx_word' id='word_1_286' title='bbox 1629 2534 1709 2587; x_wconf 85' lang='grc' dir='ltr'><strong>ὅτι</strong></span> <span class='ocrx_word' id='word_1_287' title='bbox 1758 2533 1918 2602; x_wconf 87' lang='grc' dir='ltr'>μόνον</span> 
     </span>
    </p>
   </div>
   <div class='ocr_carea' id='block_1_40' title="bbox 327 2622 1919 2698">
    <p class='ocr_par' dir='ltr' id='par_1_40' title="bbox 327 2622 1919 2698">
     <span class='ocr_line' id='line_1_40' title="bbox 327 2622 1919 2698; baseline -0.004 -18"><span class='ocrx_word' id='word_1_288' title='bbox 327 2629 438 2681; x_wconf 84' lang='grc' dir='ltr'>οὐκ</span> <span class='ocrx_word' id='word_1_289' title='bbox 474 2628 860 2698; x_wconf 77' lang='grc' dir='ltr'>ἐϐλασφήμουν</span> <span class='ocrx_word' id='word_1_290' title='bbox 888 2628 937 2680; x_wconf 80' lang='grc' dir='ltr'><strong>οἱ</strong></span> <span class='ocrx_word' id='word_1_291' title='bbox 968 2626 1288 2697; x_wconf 82' lang='grc' dir='ltr'>ἀμφότεροι,</span> <span class='ocrx_word' id='word_1_292' title='bbox 1323 2624 1459 2679; x_wconf 82' lang='grc' dir='ltr'>ἀλλὰ</span> <span class='ocrx_word' id='word_1_293' title='bbox 1490 2625 1585 2680; x_wconf 67' lang='grc' dir='ltr'><strong>καὶ</strong></span> <span class='ocrx_word' id='word_1_294' title='bbox 1625 2622 1919 2693; x_wconf 82' lang='grc' dir='ltr'>ἀπολογίαν</span> 
     </span>
    </p>
   </div>
   <div class='ocr_carea' id='block_1_41' title="bbox 327 2715 1914 2791">
    <p class='ocr_par' dir='ltr' id='par_1_41' title="bbox 327 2715 1914 2791">
     <span class='ocr_line' id='line_1_41' title="bbox 327 2715 1914 2791; baseline -0.001 -19"><span class='ocrx_word' id='word_1_295' title='bbox 327 2720 430 2772; x_wconf 81' lang='grc' dir='ltr'>τοῦ</span> <span class='ocrx_word' id='word_1_296' title='bbox 462 2721 581 2784; x_wconf 76' lang='grc' dir='ltr'>ἐνὸς</span> <span class='ocrx_word' id='word_1_297' title='bbox 616 2721 889 2791; x_wconf 86' lang='grc' dir='ltr'>σημαίνει.</span> <span class='ocrx_word' id='word_1_298' title='bbox 920 2719 1031 2790; x_wconf 76' lang='grc' dir='ltr'><strong>Καὶ</strong></span> <span class='ocrx_word' id='word_1_299' title='bbox 1056 2719 1168 2789; x_wconf 74' lang='grc' dir='ltr'><strong>γὰρ</strong></span> <span class='ocrx_word' id='word_1_300' title='bbox 1204 2720 1453 2789; x_wconf 81' lang='grc' dir='ltr'><strong>ἐπετίμα</strong></span> <span class='ocrx_word' id='word_1_301' title='bbox 1480 2718 1559 2784; x_wconf 82' lang='grc' dir='ltr'><strong>τῷ</strong></span> <span class='ocrx_word' id='word_1_302' title='bbox 1585 2717 1780 2787; x_wconf 84' lang='grc' dir='ltr'>ἑτέρῳ,</span> <span class='ocrx_word' id='word_1_303' title='bbox 1816 2715 1914 2770; x_wconf 76' lang='grc' dir='ltr'>καί</span> 
     </span>
    </p>
   </div>
   <div class='ocr_carea' id='block_1_42' title="bbox 330 2807 1918 2881">
    <p class='ocr_par' dir='ltr' id='par_1_42' title="bbox 330 2807 1918 2881">
     <span class='ocr_line' id='line_1_42' title="bbox 330 2807 1918 2881; baseline -0.003 -16"><span class='ocrx_word' id='word_1_304' title='bbox 330 2813 571 2881; x_wconf 74' lang='grc' dir='ltr'>ἔλεγεν,</span> <span class='ocrx_word' id='word_1_305' title='bbox 620 2813 730 2872; x_wconf 83' lang='grc' dir='ltr'>ὅτι,</span> <span class='ocrx_word' id='word_1_306' title='bbox 789 2813 872 2865; x_wconf 89' lang='grc' dir='ltr'><strong>Οὐ</strong></span> <span class='ocrx_word' id='word_1_307' title='bbox 919 2810 1075 2880; x_wconf 73' lang='grc' dir='ltr'><em>φοϐῇ</em></span> <span class='ocrx_word' id='word_1_308' title='bbox 1118 2811 1199 2864; x_wconf 80' lang='grc' dir='ltr'><strong>σὺ</strong></span> <span class='ocrx_word' id='word_1_309' title='bbox 1247 2810 1356 2864; x_wconf 81' lang='grc' dir='ltr'>τὸν</span> <span class='ocrx_word' id='word_1_310' title='bbox 1404 2809 1572 2874; x_wconf 84' lang='grc' dir='ltr'>Θεὸν,</span> <span class='ocrx_word' id='word_1_311' title='bbox 1624 2808 1809 2862; x_wconf 82' lang='grc' dir='ltr'>ὅτιὲν</span> <span class='ocrx_word' id='word_1_312' title='bbox 1837 2807 1918 2874; x_wconf 82' lang='grc' dir='ltr'><strong>τῷ</strong></span> 
     </span>
    </p>
   </div>
   <div class='ocr_carea' id='block_1_43' title="bbox 328 2896 1918 2970">
    <p class='ocr_par' dir='ltr' id='par_1_43' title="bbox 328 2896 1918 2970">
     <span class='ocr_line' id='line_1_43' title="bbox 328 2896 1918 2970; baseline -0.003 -13"><span class='ocrx_word' id='word_1_313' title='bbox 328 2901 499 2966; x_wconf 80' lang='grc' dir='ltr'>αὐτῷ</span> <span class='ocrx_word' id='word_1_314' title='bbox 549 2902 786 2970; x_wconf 78' lang='grc' dir='ltr'>κρίματι</span> <span class='ocrx_word' id='word_1_315' title='bbox 827 2901 1047 2970; x_wconf 80' lang='grc' dir='ltr'><strong>ἐσμεν⁸</strong></span> <span class='ocrx_word' id='word_1_316' title='bbox 1101 2896 1282 2967; x_wconf 84' lang='grc' dir='ltr'>οὗτος</span> <span class='ocrx_word' id='word_1_317' title='bbox 1329 2899 1398 2953; x_wconf 82' lang='grc' dir='ltr'>δὲ</span> <span class='ocrx_word' id='word_1_318' title='bbox 1442 2903 1476 2954; x_wconf 82' lang='grc' dir='ltr'><strong>ό</strong></span> <span class='ocrx_word' id='word_1_319' title='bbox 1523 2899 1690 2968; x_wconf 80' lang='grc' dir='ltr'>ἅγιος</span> <span class='ocrx_word' id='word_1_320' title='bbox 1737 2899 1918 2953; x_wconf 85' lang='grc' dir='ltr'>οὐδὲν</span> 
     </span>
    </p>
   </div>
   <div class='ocr_carea' id='block_1_44' title="bbox 329 2988 1915 3062">
    <p class='ocr_par' dir='ltr' id='par_1_44' title="bbox 329 2988 1915 3062">
     <span class='ocr_line' id='line_1_44' title="bbox 329 2988 1915 3062; baseline -0.001 -18"><span class='ocrx_word' id='word_1_321' title='bbox 329 2992 624 3057; x_wconf 77' lang='grc' dir='ltr'>ἐποίησε·</span> <span class='ocrx_word' id='word_1_322' title='bbox 668 2991 763 3043; x_wconf 73' lang='grc' dir='ltr'>καὶ</span> <span class='ocrx_word' id='word_1_323' title='bbox 800 2991 938 3062; x_wconf 79' lang='grc' dir='ltr'>πρὸς</span> <span class='ocrx_word' id='word_1_324' title='bbox 993 2990 1086 3042; x_wconf 74' lang='grc' dir='ltr'>ἐπὶ</span> <span class='ocrx_word' id='word_1_325' title='bbox 1125 2990 1332 3052; x_wconf 85' lang='grc' dir='ltr'>τούτοις</span> <span class='ocrx_word' id='word_1_326' title='bbox 1384 2988 1652 3059; x_wconf 76' lang='grc' dir='ltr'>ἐπεφώνει</span> <span class='ocrx_word' id='word_1_327' title='bbox 1709 2989 1915 3057; x_wconf 87' lang='grc' dir='ltr'>λέγων·</span> 
     </span>
    </p>
   </div>
   <div class='ocr_carea' id='block_1_45' title="bbox 331 3079 1920 3152">
    <p class='ocr_par' dir='ltr' id='par_1_45' title="bbox 331 3079 1920 3152">
     <span class='ocr_line' id='line_1_45' title="bbox 331 3079 1920 3152; baseline -0.003 -14"><span class='ocrx_word' id='word_1_328' title='bbox 331 3083 659 3150; x_wconf 82' lang='grc' dir='ltr'>Μνήσθητί</span> <span class='ocrx_word' id='word_1_329' title='bbox 679 3099 819 3152; x_wconf 82' lang='grc' dir='ltr'>μου,</span> <span class='ocrx_word' id='word_1_330' title='bbox 861 3081 1089 3150; x_wconf 85' lang='grc' dir='ltr'>Ἰησοῦ,</span> <span class='ocrx_word' id='word_1_331' title='bbox 1119 3080 1267 3134; x_wconf 85' lang='grc' dir='ltr'>ὅταν</span> <span class='ocrx_word' id='word_1_332' title='bbox 1295 3080 1483 3148; x_wconf 71' lang='grc' dir='ltr'><strong>ἔλθῃς</strong></span> <span class='ocrx_word' id='word_1_333' title='bbox 1525 3081 1595 3133; x_wconf 80' lang='grc' dir='ltr'>ἐν</span> <span class='ocrx_word' id='word_1_334' title='bbox 1626 3079 1702 3148; x_wconf 80' lang='grc' dir='ltr'><strong>τῇ</strong></span> <span class='ocrx_word' id='word_1_335' title='bbox 1746 3081 1920 3145; x_wconf 78' lang='grc' dir='ltr'>,βασι-</span> 
     </span>
    </p>
   </div>
   <div class='ocr_carea' id='block_1_46' title="bbox 329 3171 1990 3259">
    <p class='ocr_par' dir='ltr' id='par_1_46' title="bbox 329 3171 1990 3259">
     <span class='ocr_line' id='line_1_46' title="bbox 329 3171 1990 3259; baseline -0.003 -30"><span class='ocrx_word' id='word_1_336' title='bbox 329 3176 474 3240; x_wconf 68' lang='grc' dir='ltr'>λείᾳ</span> <span class='ocrx_word' id='word_1_337' title='bbox 523 3189 673 3227; x_wconf 91' lang='grc' dir='ltr'>σου·</span> <span class='ocrx_word' id='word_1_338' title='bbox 719 3175 819 3228; x_wconf 77' lang='grc' dir='ltr'><strong>καὶ</strong></span> <span class='ocrx_word' id='word_1_339' title='bbox 869 3174 974 3227; x_wconf 83' lang='grc' dir='ltr'><strong>τοῦ</strong></span> <span class='ocrx_word' id='word_1_340' title='bbox 1017 3171 1290 3240; x_wconf 82' lang='grc' dir='ltr'><strong>Σωτῆρος</strong></span> <span class='ocrx_word' id='word_1_341' title='bbox 1317 3173 1466 3240; x_wconf 78' lang='grc' dir='ltr'>πρὸς</span> <span class='ocrx_word' id='word_1_342' title='bbox 1503 3173 1692 3227; x_wconf 82' lang='grc' dir='ltr'>αὐτὸν</span> <span class='ocrx_word' id='word_1_343' title='bbox 1727 3174 1922 3226; x_wconf 77' lang='grc' dir='ltr'>εἰπόν·</span> <span class='ocrx_word' id='word_1_344' title='bbox 1950 3204 1990 3259; x_wconf 76' lang='lat' dir='ltr'><strong>C</strong></span> 
     </span>
    </p>
   </div>
   <div class='ocr_carea' id='block_1_47' title="bbox 333 3264 1924 3336">
    <p class='ocr_par' dir='ltr' id='par_1_47' title="bbox 333 3264 1924 3336">
     <span class='ocr_line' id='line_1_47' title="bbox 333 3264 1924 3336; baseline -0.001 -18"><span class='ocrx_word' id='word_1_345' title='bbox 333 3283 460 3331; x_wconf 84' lang='grc' dir='ltr'>τος,</span> <span class='ocrx_word' id='word_1_346' title='bbox 491 3264 582 3319; x_wconf 84' lang='grc' dir='ltr'>ὅτι</span> <span class='ocrx_word' id='word_1_347' title='bbox 621 3265 801 3334; x_wconf 80' lang='grc' dir='ltr'>Ἀμὴν</span> <span class='ocrx_word' id='word_1_348' title='bbox 837 3265 992 3335; x_wconf 77' lang='grc' dir='ltr'>λέγω</span> <span class='ocrx_word' id='word_1_349' title='bbox 1017 3281 1136 3330; x_wconf 91' lang='grc' dir='ltr'>σοι,</span> <span class='ocrx_word' id='word_1_350' title='bbox 1181 3264 1449 3334; x_wconf 82' lang='grc' dir='ltr'>σήμερον</span> <span class='ocrx_word' id='word_1_351' title='bbox 1469 3265 1596 3334; x_wconf 86' lang='grc' dir='ltr'>μετ’</span> <span class='ocrx_word' id='word_1_352' title='bbox 1639 3265 1784 3334; x_wconf 80' lang='grc' dir='ltr'><strong>ἐμοῦ</strong></span> <span class='ocrx_word' id='word_1_353' title='bbox 1808 3265 1924 3336; x_wconf 78' lang='grc' dir='ltr'><strong>ἔσῃ</strong></span> 
     </span>
    </p>
   </div>
   <div class='ocr_carea' id='block_1_48' title="bbox 329 3351 1925 3422">
    <p class='ocr_par' dir='ltr' id='par_1_48' title="bbox 329 3351 1925 3422">
     <span class='ocr_line' id='line_1_48' title="bbox 329 3351 1925 3422; baseline -0.002 -15"><span class='ocrx_word' id='word_1_354' title='bbox 329 3355 408 3407; x_wconf 80' lang='grc' dir='ltr'>ἐν</span> <span class='ocrx_word' id='word_1_355' title='bbox 447 3353 532 3419; x_wconf 85' lang='grc' dir='ltr'><strong>τῷ</strong></span> <span class='ocrx_word' id='word_1_356' title='bbox 571 3353 934 3422; x_wconf 76' lang='grc' dir='ltr'><strong>παραδείσῳ.</strong></span> <span class='ocrx_word' id='word_1_357' title='bbox 982 3353 1170 3406; x_wconf 83' lang='grc' dir='ltr'>Ἔοικε</span> <span class='ocrx_word' id='word_1_358' title='bbox 1206 3352 1262 3405; x_wconf 87' lang='grc' dir='ltr'>δὲ</span> <span class='ocrx_word' id='word_1_359' title='bbox 1307 3351 1479 3405; x_wconf 82' lang='grc' dir='ltr'>ταῦτα</span> <span class='ocrx_word' id='word_1_360' title='bbox 1521 3352 1598 3415; x_wconf 86' lang='grc' dir='ltr'><strong>ὼς</strong></span> <span class='ocrx_word' id='word_1_361' title='bbox 1633 3351 1925 3421; x_wconf 81' lang='grc' dir='ltr'>διαφωνίαν</span> 
     </span>
    </p>
   </div>
   <div class='ocr_carea' id='block_1_49' title="bbox 334 3443 1922 3516">
    <p class='ocr_par' dir='ltr' id='par_1_49' title="bbox 334 3443 1922 3516">
     <span class='ocr_line' id='line_1_49' title="bbox 334 3443 1922 3516; baseline -0.002 -18"><span class='ocrx_word' id='word_1_362' title='bbox 334 3445 536 3515; x_wconf 76' lang='grc' dir='ltr'>ἔχοντα</span> <span class='ocrx_word' id='word_1_363' title='bbox 580 3447 638 3498; x_wconf 78' lang='grc' dir='ltr'>ἐν</span> <span class='ocrx_word' id='word_1_364' title='bbox 688 3447 756 3515; x_wconf 81' lang='grc' dir='ltr'>τῇ</span> <span class='ocrx_word' id='word_1_365' title='bbox 799 3445 1012 3516; x_wconf 80' lang='grc' dir='ltr'>Γραφῇ.</span> <span class='ocrx_word' id='word_1_366' title='bbox 1081 3443 1242 3496; x_wconf 81' lang='grc' dir='ltr'>Ἀλλά</span> <span class='ocrx_word' id='word_1_367' title='bbox 1273 3445 1451 3499; x_wconf 84' lang='grc' dir='ltr'>πάντα</span> <span class='ocrx_word' id='word_1_368' title='bbox 1495 3444 1618 3497; x_wconf 88' lang='grc' dir='ltr'>λεῖα</span> <span class='ocrx_word' id='word_1_369' title='bbox 1670 3443 1922 3515; x_wconf 83' lang='grc' dir='ltr'>ὑπάρχει.</span> 
     </span>
    </p>
   </div>
   <div class='ocr_carea' id='block_1_50' title="bbox 335 3531 1925 3609">
    <p class='ocr_par' dir='ltr' id='par_1_50' title="bbox 335 3531 1925 3609">
     <span class='ocr_line' id='line_1_50' title="bbox 335 3531 1925 3609; baseline -0.002 -17"><span class='ocrx_word' id='word_1_370' title='bbox 335 3538 459 3593; x_wconf 73' lang='grc' dir='ltr'>Κάν</span> <span class='ocrx_word' id='word_1_371' title='bbox 489 3555 552 3591; x_wconf 86' lang='grc' dir='ltr'>τε</span> <span class='ocrx_word' id='word_1_372' title='bbox 575 3538 684 3609; x_wconf 79' lang='grc' dir='ltr'><strong>γὰρ</strong></span> <span class='ocrx_word' id='word_1_373' title='bbox 718 3541 776 3590; x_wconf 82' lang='grc' dir='ltr'><strong>ἐν</strong></span> <span class='ocrx_word' id='word_1_374' title='bbox 811 3537 890 3608; x_wconf 81' lang='grc' dir='ltr'>τῷ</span> <span class='ocrx_word' id='word_1_375' title='bbox 909 3531 1178 3607; x_wconf 66' lang='grc' dir='ltr'>’Ματθαίῳ</span> <span class='ocrx_word' id='word_1_376' title='bbox 1209 3537 1303 3590; x_wconf 89' lang='grc' dir='ltr'><strong>δύο</strong></span> <span class='ocrx_word' id='word_1_377' title='bbox 1344 3536 1448 3589; x_wconf 76' lang='grc' dir='ltr'>εἰσὶ</span> <span class='ocrx_word' id='word_1_378' title='bbox 1474 3535 1925 3606; x_wconf 80' lang='grc' dir='ltr'>δαιμονιζόμενοι,</span> 
     </span>
    </p>
   </div>
   <div class='ocr_carea' id='block_1_51' title="bbox 334 3627 1926 3704">
    <p class='ocr_par' dir='ltr' id='par_1_51' title="bbox 334 3627 1926 3704">
     <span class='ocr_line' id='line_1_51' title="bbox 334 3627 1926 3704; baseline -0.003 -20"><span class='ocrx_word' id='word_1_379' title='bbox 334 3631 494 3704; x_wconf 71' lang='grc' dir='ltr'>παρὰ</span> <span class='ocrx_word' id='word_1_380' title='bbox 531 3631 611 3701; x_wconf 83' lang='grc' dir='ltr'>τῷ</span> <span class='ocrx_word' id='word_1_381' title='bbox 640 3632 826 3702; x_wconf 80' lang='grc' dir='ltr'>Λουκᾷ</span> <span class='ocrx_word' id='word_1_382' title='bbox 872 3631 921 3683; x_wconf 79' lang='grc' dir='ltr'><strong>οἱ</strong></span> <span class='ocrx_word' id='word_1_383' title='bbox 965 3630 1118 3684; x_wconf 78' lang='grc' dir='ltr'>αὑτοὶ</span> <span class='ocrx_word' id='word_1_384' title='bbox 1163 3628 1514 3699; x_wconf 84' lang='grc' dir='ltr'>ὑπάρχουσιν.</span> <span class='ocrx_word' id='word_1_385' title='bbox 1568 3627 1707 3680; x_wconf 83' lang='grc' dir='ltr'>Ἀλλ’</span> <span class='ocrx_word' id='word_1_386' title='bbox 1741 3627 1926 3699; x_wconf 80' lang='grc' dir='ltr'>ἐπειδὴ</span> 
     </span>
    </p>
   </div>
   <div class='ocr_carea' id='block_1_52' title="bbox 336 3719 1924 3794">
    <p class='ocr_par' dir='ltr' id='par_1_52' title="bbox 336 3719 1924 3794">
     <span class='ocr_line' id='line_1_52' title="bbox 336 3719 1924 3794; baseline -0.004 -16"><span class='ocrx_word' id='word_1_387' title='bbox 336 3725 535 3779; x_wconf 82' lang='grc' dir='ltr'>εἴωθεν</span> <span class='ocrx_word' id='word_1_388' title='bbox 582 3726 616 3793; x_wconf 87' lang='grc' dir='ltr'>ἡ</span> <span class='ocrx_word' id='word_1_389' title='bbox 656 3722 849 3794; x_wconf 81' lang='grc' dir='ltr'>Γραφὴ</span> <span class='ocrx_word' id='word_1_390' title='bbox 897 3722 1198 3793; x_wconf 75' lang='grc' dir='ltr'>προφάσεις</span> <span class='ocrx_word' id='word_1_391' title='bbox 1229 3720 1429 3773; x_wconf 85' lang='grc' dir='ltr'>διδόναι</span> <span class='ocrx_word' id='word_1_392' title='bbox 1477 3719 1586 3772; x_wconf 85' lang='grc' dir='ltr'><strong>τῶν</strong></span> <span class='ocrx_word' id='word_1_393' title='bbox 1625 3719 1924 3790; x_wconf 74' lang='grc' dir='ltr'>εἰργασμέ-</span> 
     </span>
    </p>
   </div>
   <div class='ocr_carea' id='block_1_53' title="bbox 337 3811 1923 3884">
    <p class='ocr_par' dir='ltr' id='par_1_53' title="bbox 337 3811 1923 3884">
     <span class='ocr_line' id='line_1_53' title="bbox 337 3811 1923 3884; baseline -0.004 -14"><span class='ocrx_word' id='word_1_394' title='bbox 337 3834 471 3882; x_wconf 86' lang='grc' dir='ltr'>νων,</span> <span class='ocrx_word' id='word_1_395' title='bbox 511 3815 705 3869; x_wconf 84' lang='grc' dir='ltr'>τούτου</span> <span class='ocrx_word' id='word_1_396' title='bbox 736 3815 899 3867; x_wconf 80' lang='grc' dir='ltr'>ἓνεκα</span> <span class='ocrx_word' id='word_1_397' title='bbox 934 3815 996 3868; x_wconf 85' lang='grc' dir='ltr'><strong>ού</strong></span> <span class='ocrx_word' id='word_1_398' title='bbox 1048 3813 1376 3884; x_wconf 86' lang='grc' dir='ltr'>μνημονεύει</span> <span class='ocrx_word' id='word_1_399' title='bbox 1402 3813 1618 3876; x_wconf 81' lang='grc' dir='ltr'>Λουκᾶς</span> <span class='ocrx_word' id='word_1_400' title='bbox 1654 3811 1762 3864; x_wconf 85' lang='grc' dir='ltr'>τῶν</span> <span class='ocrx_word' id='word_1_401' title='bbox 1809 3811 1923 3876; x_wconf 88' lang='grc' dir='ltr'>δύο,</span> 
     </span>
    </p>
   </div>
   <div class='ocr_carea' id='block_1_54' title="bbox 338 3900 1927 3977">
    <p class='ocr_par' dir='ltr' id='par_1_54' title="bbox 338 3900 1927 3977">
     <span class='ocr_line' id='line_1_54' title="bbox 338 3900 1927 3977; baseline -0.004 -15"><span class='ocrx_word' id='word_1_402' title='bbox 338 3909 480 3962; x_wconf 76' lang='grc' dir='ltr'>ἀλλὰ</span> <span class='ocrx_word' id='word_1_403' title='bbox 511 3908 608 3960; x_wconf 82' lang='grc' dir='ltr'><strong>τοῦ</strong></span> <span class='ocrx_word' id='word_1_404' title='bbox 639 3907 778 3970; x_wconf 82' lang='grc' dir='ltr'>ἑνός.</span> <span class='ocrx_word' id='word_1_405' title='bbox 806 3906 911 3958; x_wconf 90' lang='grc' dir='ltr'>Δύο</span> <span class='ocrx_word' id='word_1_406' title='bbox 943 3906 1041 3977; x_wconf 86' lang='grc' dir='ltr'><strong>μὲν</strong></span> <span class='ocrx_word' id='word_1_407' title='bbox 1069 3905 1178 3974; x_wconf 84' lang='grc' dir='ltr'><strong>γὰρ</strong></span> <span class='ocrx_word' id='word_1_408' title='bbox 1215 3900 1355 3976; x_wconf 82' lang='grc' dir='ltr'>ἦσαν</span> <span class='ocrx_word' id='word_1_409' title='bbox 1387 3905 1436 3956; x_wconf 82' lang='grc' dir='ltr'>οἱ</span> <span class='ocrx_word' id='word_1_410' title='bbox 1461 3903 1569 3957; x_wconf 83' lang='grc' dir='ltr'>ἀπὸ</span> <span class='ocrx_word' id='word_1_411' title='bbox 1594 3902 1703 3956; x_wconf 86' lang='grc' dir='ltr'>τῶν</span> <span class='ocrx_word' id='word_1_412' title='bbox 1739 3903 1927 3974; x_wconf 82' lang='grc' dir='ltr'>δαιμο-</span> 
     </span>
    </p>
   </div>
   <div class='ocr_carea' id='block_1_55' title="bbox 339 3992 1922 4071">
    <p class='ocr_par' dir='ltr' id='par_1_55' title="bbox 339 3992 1922 4071">
     <span class='ocr_line' id='line_1_55' title="bbox 339 3992 1922 4071; baseline -0.005 -16"><span class='ocrx_word' id='word_1_413' title='bbox 339 4003 472 4055; x_wconf 79' lang='grc' dir='ltr'>νίων</span> <span class='ocrx_word' id='word_1_414' title='bbox 517 4000 1012 4071; x_wconf 84' lang='grc' dir='ltr'>τεθεραπευμένοι·</span> <span class='ocrx_word' id='word_1_415' title='bbox 1064 3992 1146 4061; x_wconf 74' lang='grc' dir='ltr'>εἷς</span> <span class='ocrx_word' id='word_1_416' title='bbox 1190 3997 1249 4051; x_wconf 82' lang='grc' dir='ltr'><strong>δὲ</strong></span> <span class='ocrx_word' id='word_1_417' title='bbox 1281 3996 1581 4068; x_wconf 87' lang='grc' dir='ltr'>παρέμεινε</span> <span class='ocrx_word' id='word_1_418' title='bbox 1617 3997 1684 4067; x_wconf 77' lang='grc' dir='ltr'>τῇ</span> <span class='ocrx_word' id='word_1_419' title='bbox 1723 3997 1922 4062; x_wconf 82' lang='grc' dir='ltr'>πίστει,</span> 
     </span>
    </p>
   </div>
   <div class='ocr_carea' id='block_1_56' title="bbox 337 4088 1928 4165">
    <p class='ocr_par' dir='ltr' id='par_1_56' title="bbox 337 4088 1928 4165">
     <span class='ocr_line' id='line_1_56' title="bbox 337 4088 1928 4165; baseline -0.006 -15"><span class='ocrx_word' id='word_1_420' title='bbox 337 4099 368 4150; x_wconf 84' lang='grc' dir='ltr'><strong>ὁ</strong></span> <span class='ocrx_word' id='word_1_421' title='bbox 395 4095 455 4148; x_wconf 84' lang='grc' dir='ltr'>δὲ</span> <span class='ocrx_word' id='word_1_422' title='bbox 482 4095 674 4165; x_wconf 73' lang='grc' dir='ltr'>ἕτερος</span> <span class='ocrx_word' id='word_1_423' title='bbox 708 4092 982 4159; x_wconf 83' lang='grc' dir='ltr'>ἐξώκειλε.</span> <span class='ocrx_word' id='word_1_424' title='bbox 1014 4091 1114 4144; x_wconf 80' lang='grc' dir='ltr'><strong>Διά</strong></span> <span class='ocrx_word' id='word_1_425' title='bbox 1144 4091 1322 4144; x_wconf 86' lang='grc' dir='ltr'>τοίνυν</span> <span class='ocrx_word' id='word_1_426' title='bbox 1352 4089 1450 4161; x_wconf 81' lang='grc' dir='ltr'><strong>τὴν</strong></span> <span class='ocrx_word' id='word_1_427' title='bbox 1479 4088 1802 4160; x_wconf 84' lang='grc' dir='ltr'>παραμονὴν</span> <span class='ocrx_word' id='word_1_428' title='bbox 1828 4089 1928 4159; x_wconf 84' lang='grc' dir='ltr'><strong>τῆς</strong></span> 
     </span>
    </p>
   </div>
   <div class='ocr_carea' id='block_1_57' title="bbox 341 4179 1926 4256">
    <p class='ocr_par' dir='ltr' id='par_1_57' title="bbox 341 4179 1926 4256">
     <span class='ocr_line' id='line_1_57' title="bbox 341 4179 1926 4256; baseline -0.006 -16"><span class='ocrx_word' id='word_1_429' title='bbox 341 4187 583 4248; x_wconf 81' lang='grc' dir='ltr'>πίστεως</span> <span class='ocrx_word' id='word_1_430' title='bbox 627 4183 908 4256; x_wconf 72' lang='grc' dir='ltr'>ἠκολούθει</span> <span class='ocrx_word' id='word_1_431' title='bbox 958 4183 1040 4253; x_wconf 84' lang='grc' dir='ltr'><strong>τῷ</strong></span> <span class='ocrx_word' id='word_1_432' title='bbox 1107 4181 1304 4254; x_wconf 77' lang='grc' dir='ltr'>Ἰησοῦ,</span> <span class='ocrx_word' id='word_1_433' title='bbox 1341 4181 1417 4244; x_wconf 83' lang='grc' dir='ltr'><strong>ὡς</strong></span> <span class='ocrx_word' id='word_1_434' title='bbox 1475 4179 1588 4251; x_wconf 83' lang='grc' dir='ltr'>ἔχει</span> <span class='ocrx_word' id='word_1_435' title='bbox 1633 4181 1694 4233; x_wconf 88' lang='grc' dir='ltr'><strong>τὸ</strong></span> <span class='ocrx_word' id='word_1_436' title='bbox 1744 4180 1926 4247; x_wconf 83' lang='grc' dir='ltr'>Εὐαγ-</span> 
     </span>
    </p>
   </div>
   <div class='ocr_carea' id='block_1_58' title="bbox 341 4270 1928 4348">
    <p class='ocr_par' dir='ltr' id='par_1_58' title="bbox 341 4270 1928 4348">
     <span class='ocr_line' id='line_1_58' title="bbox 341 4270 1928 4348; baseline -0.003 -17"><span class='ocrx_word' id='word_1_437' title='bbox 341 4278 549 4346; x_wconf 81' lang='grc' dir='ltr'>γέλιον,</span> <span class='ocrx_word' id='word_1_438' title='bbox 592 4280 674 4341; x_wconf 77' lang='grc' dir='ltr'>εἰς</span> <span class='ocrx_word' id='word_1_439' title='bbox 720 4270 833 4330; x_wconf 72' lang='grc' dir='ltr'>οἷον</span> <span class='ocrx_word' id='word_1_440' title='bbox 877 4277 1158 4348; x_wconf 87' lang='grc' dir='ltr'>ἀπήρχετο</span> <span class='ocrx_word' id='word_1_441' title='bbox 1185 4275 1366 4327; x_wconf 89' lang='grc' dir='ltr'>τόπον.</span> <span class='ocrx_word' id='word_1_442' title='bbox 1415 4273 1616 4327; x_wconf 90' lang='grc' dir='ltr'>Τούτου</span> <span class='ocrx_word' id='word_1_443' title='bbox 1649 4273 1809 4325; x_wconf 74' lang='grc' dir='ltr'>ἕνεκα</span> <span class='ocrx_word' id='word_1_444' title='bbox 1834 4271 1928 4326; x_wconf 80' lang='grc' dir='ltr'>τὸν</span> 
     </span>
    </p>
   </div>
   <div class='ocr_carea' id='block_1_59' title="bbox 339 4364 1928 4440">
    <p class='ocr_par' dir='ltr' id='par_1_59' title="bbox 339 4364 1928 4440">
     <span class='ocr_line' id='line_1_59' title="bbox 339 4364 1928 4440; baseline -0.004 -18"><span class='ocrx_word' id='word_1_445' title='bbox 339 4369 441 4424; x_wconf 71' lang='grc' dir='ltr'>ἕνα</span> <span class='ocrx_word' id='word_1_446' title='bbox 472 4368 769 4440; x_wconf 79' lang='grc' dir='ltr'>παρέλιπε,</span> <span class='ocrx_word' id='word_1_447' title='bbox 804 4369 898 4422; x_wconf 73' lang='grc' dir='ltr'>καὶ</span> <span class='ocrx_word' id='word_1_448' title='bbox 925 4367 1022 4420; x_wconf 83' lang='grc' dir='ltr'>τοῦ</span> <span class='ocrx_word' id='word_1_449' title='bbox 1065 4367 1183 4430; x_wconf 73' lang='grc' dir='ltr'>ἐνὸς</span> <span class='ocrx_word' id='word_1_450' title='bbox 1217 4366 1311 4419; x_wconf 82' lang='grc' dir='ltr'><strong>τοῦ</strong></span> <span class='ocrx_word' id='word_1_451' title='bbox 1341 4369 1399 4419; x_wconf 85' lang='grc' dir='ltr'>ὲν</span> <span class='ocrx_word' id='word_1_452' title='bbox 1431 4365 1678 4436; x_wconf 74' lang='grc' dir='ltr'>βασιλείᾳ</span> <span class='ocrx_word' id='word_1_453' title='bbox 1706 4365 1815 4418; x_wconf 86' lang='grc' dir='ltr'>τῶν</span> <span class='ocrx_word' id='word_1_454' title='bbox 1843 4364 1928 4416; x_wconf 81' lang='grc' dir='ltr'><strong>οὐ·</strong></span> 
     </span>
    </p>
   </div>
   <div class='ocr_carea' id='block_1_60' title="bbox 343 4455 1924 4532">
    <p class='ocr_par' dir='ltr' id='par_1_60' title="bbox 343 4455 1924 4532">
     <span class='ocr_line' id='line_1_60' title="bbox 343 4455 1924 4532; baseline -0.004 -18"><span class='ocrx_word' id='word_1_455' title='bbox 343 4460 526 4532; x_wconf 87' lang='grc' dir='ltr'>ρανῶν</span> <span class='ocrx_word' id='word_1_456' title='bbox 563 4458 882 4530; x_wconf 73' lang='grc' dir='ltr'>ἐπεμνήσθη</span> <span class='ocrx_word' id='word_1_457' title='bbox 904 4474 916 4488; x_wconf 77' lang='grc'><strong><em>⁸</em></strong></span> <span class='ocrx_word' id='word_1_458' title='bbox 950 4460 1044 4513; x_wconf 73' lang='grc' dir='ltr'><strong>καὶ</strong></span> <span class='ocrx_word' id='word_1_459' title='bbox 1091 4459 1242 4513; x_wconf 75' lang='grc' dir='ltr'>οὐδὲν</span> <span class='ocrx_word' id='word_1_460' title='bbox 1284 4457 1620 4513; x_wconf 80' lang='grc' dir='ltr'>ἐναντιοῦται</span> <span class='ocrx_word' id='word_1_461' title='bbox 1661 4457 1797 4528; x_wconf 85' lang='grc' dir='ltr'>πρὸς</span> <span class='ocrx_word' id='word_1_462' title='bbox 1823 4455 1924 4527; x_wconf 81' lang='grc' dir='ltr'>τὴν</span> 
     </span>
    </p>
   </div>
   <div class='ocr_carea' id='block_1_61' title="bbox 339 4549 994 4623">
    <p class='ocr_par' dir='ltr' id='par_1_61' title="bbox 339 4549 994 4623">
     <span class='ocr_line' id='line_1_61' title="bbox 339 4549 994 4623; baseline -0.003 -18"><span class='ocrx_word' id='word_1_463' title='bbox 339 4552 444 4623; x_wconf 81' lang='grc' dir='ltr'><strong>τῆς</strong></span> <span class='ocrx_word' id='word_1_464' title='bbox 469 4551 729 4621; x_wconf 81' lang='grc' dir='ltr'>ἀληθείας</span> <span class='ocrx_word' id='word_1_465' title='bbox 758 4549 994 4621; x_wconf 76' lang='grc' dir='ltr'>εὕρεσιν.</span> 
     </span>
    </p>
   </div>
   <div class='ocr_carea' id='block_1_62' title="bbox 412 4818 1924 4892">
    <p class='ocr_par' dir='ltr' id='par_1_62' title="bbox 412 4818 1924 4892">
     <span class='ocr_line' id='line_1_62' title="bbox 412 4818 1924 4892; baseline -0.001 -17"><span class='ocrx_word' id='word_1_466' title='bbox 412 4823 554 4875; x_wconf 74' lang='lat' dir='ltr'><strong>MA&#39;.</strong></span> <span class='ocrx_word' id='word_1_467' title='bbox 599 4819 738 4888; x_wconf 85' lang='grc' dir='ltr'>Ἤδη</span> <span class='ocrx_word' id='word_1_468' title='bbox 766 4818 824 4872; x_wconf 82' lang='grc' dir='ltr'>δὲ</span> <span class='ocrx_word' id='word_1_469' title='bbox 853 4819 945 4873; x_wconf 76' lang='grc' dir='ltr'>καὶ</span> <span class='ocrx_word' id='word_1_470' title='bbox 976 4818 1168 4890; x_wconf 78' lang='grc' dir='ltr'>ἑτέραν</span> <span class='ocrx_word' id='word_1_471' title='bbox 1192 4818 1463 4888; x_wconf 76' lang='grc' dir='ltr'>πρόφασιν</span> <span class='ocrx_word' id='word_1_472' title='bbox 1495 4819 1686 4889; x_wconf 85' lang='grc' dir='ltr'>ὁμοίαν</span> <span class='ocrx_word' id='word_1_473' title='bbox 1721 4819 1924 4892; x_wconf 85' lang='grc' dir='ltr'>ταύτης</span> 
     </span>
    </p>
   </div>
   <div class='ocr_carea' id='block_1_63' title="bbox 340 4910 1924 4986">
    <p class='ocr_par' dir='ltr' id='par_1_63' title="bbox 340 4910 1924 4986">
     <span class='ocr_line' id='line_1_63' title="bbox 340 4910 1924 4986; baseline -0.003 -17"><span class='ocrx_word' id='word_1_474' title='bbox 340 4916 442 4986; x_wconf 83' lang='grc' dir='ltr'><strong>τῆς</strong></span> <span class='ocrx_word' id='word_1_475' title='bbox 493 4913 804 4976; x_wconf 81' lang='grc' dir='ltr'>ὑποθέσεως</span> <span class='ocrx_word' id='word_1_476' title='bbox 857 4912 918 4965; x_wconf 86' lang='grc' dir='ltr'>τὸ</span> <span class='ocrx_word' id='word_1_477' title='bbox 965 4911 1296 4980; x_wconf 85' lang='grc' dir='ltr'>Εὑαγγέλιον</span> <span class='ocrx_word' id='word_1_478' title='bbox 1350 4911 1648 4982; x_wconf 85' lang='grc' dir='ltr'>διηγεῖται,</span> <span class='ocrx_word' id='word_1_479' title='bbox 1692 4910 1768 4974; x_wconf 81' lang='grc' dir='ltr'>ὡς</span> <span class='ocrx_word' id='word_1_480' title='bbox 1819 4911 1924 4965; x_wconf 76' lang='grc' dir='ltr'>ὑπὸ</span> 
     </span>
    </p>
   </div>
   <div class='ocr_carea' id='block_1_64' title="bbox 339 4999 1924 5074">
    <p class='ocr_par' dir='ltr' id='par_1_64' title="bbox 339 4999 1924 5074">
     <span class='ocr_line' id='line_1_64' title="bbox 339 4999 1924 5074; baseline -0.003 -16"><span class='ocrx_word' id='word_1_481' title='bbox 339 5005 483 5068; x_wconf 71' lang='grc' dir='ltr'>ἑνός.</span> <span class='ocrx_word' id='word_1_482' title='bbox 549 5005 608 5057; x_wconf 86' lang='grc' dir='ltr'>Ὀ</span> <span class='ocrx_word' id='word_1_483' title='bbox 653 5003 858 5074; x_wconf 82' lang='grc' dir='ltr'>Κύριος</span> <span class='ocrx_word' id='word_1_484' title='bbox 896 5002 1027 5055; x_wconf 84' lang='grc' dir='ltr'>δέκα</span> <span class='ocrx_word' id='word_1_485' title='bbox 1065 5001 1300 5072; x_wconf 83' lang='grc' dir='ltr'>λεπροὺς</span> <span class='ocrx_word' id='word_1_486' title='bbox 1347 4999 1662 5072; x_wconf 83' lang='grc' dir='ltr'>ὲκαθάρισε.</span> <span class='ocrx_word' id='word_1_487' title='bbox 1717 5002 1831 5055; x_wconf 71' lang='grc' dir='ltr'><strong>Καὶ</strong></span> <span class='ocrx_word' id='word_1_488' title='bbox 1874 5001 1924 5054; x_wconf 77' lang='grc' dir='ltr'>οἱ</span> 
     </span>
    </p>
   </div>
   <div class='ocr_carea' id='block_1_65' title="bbox 339 5091 1925 5163">
    <p class='ocr_par' dir='ltr' id='par_1_65' title="bbox 339 5091 1925 5163">
     <span class='ocr_line' id='line_1_65' title="bbox 339 5091 1925 5163; baseline -0.003 -14"><span class='ocrx_word' id='word_1_489' title='bbox 339 5097 502 5149; x_wconf 75' lang='grc' dir='ltr'>ἐννέα</span> <span class='ocrx_word' id='word_1_490' title='bbox 557 5093 886 5157; x_wconf 84' lang='grc' dir='ltr'>ἀπελθόντες</span> <span class='ocrx_word' id='word_1_491' title='bbox 931 5093 1031 5147; x_wconf 82' lang='grc' dir='ltr'>οὑκ</span> <span class='ocrx_word' id='word_1_492' title='bbox 1071 5093 1279 5147; x_wconf 76' lang='grc' dir='ltr'>ἔδωκαν</span> <span class='ocrx_word' id='word_1_493' title='bbox 1311 5092 1466 5156; x_wconf 82' lang='grc' dir='ltr'>δόξαν</span> <span class='ocrx_word' id='word_1_494' title='bbox 1507 5093 1584 5163; x_wconf 85' lang='grc' dir='ltr'>τῷ</span> <span class='ocrx_word' id='word_1_495' title='bbox 1614 5091 1769 5163; x_wconf 74' lang='grc' dir='ltr'>Θεῷο</span> <span class='ocrx_word' id='word_1_496' title='bbox 1810 5095 1838 5146; x_wconf 85' lang='grc' dir='ltr'>ὁ</span> <span class='ocrx_word' id='word_1_497' title='bbox 1869 5091 1925 5145; x_wconf 71' lang='grc' dir='ltr'>δὲ</span> 
     </span>
    </p>
   </div>
   <div class='ocr_carea' id='block_1_66' title="bbox 339 5183 1928 5258">
    <p class='ocr_par' dir='ltr' id='par_1_66' title="bbox 339 5183 1928 5258">
     <span class='ocr_line' id='line_1_66' title="bbox 339 5183 1928 5258; baseline -0.003 -18"><span class='ocrx_word' id='word_1_498' title='bbox 339 5183 424 5251; x_wconf 78' lang='grc' dir='ltr'>εἷς</span> <span class='ocrx_word' id='word_1_499' title='bbox 481 5184 832 5258; x_wconf 75' lang='grc' dir='ltr'>ὑποστρέψας</span> <span class='ocrx_word' id='word_1_500' title='bbox 879 5184 1114 5255; x_wconf 81' lang='grc' dir='ltr'>ἔμεινεν,</span> <span class='ocrx_word' id='word_1_501' title='bbox 1147 5186 1176 5238; x_wconf 89' lang='grc' dir='ltr'><strong>ό</strong></span> <span class='ocrx_word' id='word_1_502' title='bbox 1209 5185 1305 5237; x_wconf 73' lang='grc' dir='ltr'>καὶ</span> <span class='ocrx_word' id='word_1_503' title='bbox 1341 5185 1448 5237; x_wconf 84' lang='grc' dir='ltr'><strong>ὑπὸ</strong></span> <span class='ocrx_word' id='word_1_504' title='bbox 1494 5184 1702 5256; x_wconf 82' lang='grc' dir='ltr'>Κυρίου</span> <span class='ocrx_word' id='word_1_505' title='bbox 1751 5184 1928 5252; x_wconf 73' lang='grc' dir='ltr'>ἐγκω-</span> 
     </span>
    </p>
   </div>
   <div class='ocr_carea' id='block_1_67' title="bbox 343 5275 1930 5348">
    <p class='ocr_par' dir='ltr' id='par_1_67' title="bbox 343 5275 1930 5348">
     <span class='ocr_line' id='line_1_67' title="bbox 343 5275 1930 5348; baseline -0.002 -18"><span class='ocrx_word' id='word_1_506' title='bbox 343 5279 700 5348; x_wconf 79' lang='grc' dir='ltr'>μιαζόμενος,</span> <span class='ocrx_word' id='word_1_507' title='bbox 741 5277 872 5330; x_wconf 77' lang='grc' dir='ltr'>καθὸ</span> <span class='ocrx_word' id='word_1_508' title='bbox 917 5275 1054 5346; x_wconf 81' lang='grc' dir='ltr'>ἔφη·</span> <span class='ocrx_word' id='word_1_509' title='bbox 1099 5275 1250 5329; x_wconf 84' lang='grc' dir='ltr'>Δέκα</span> <span class='ocrx_word' id='word_1_510' title='bbox 1290 5275 1497 5344; x_wconf 74' lang='grc' dir='ltr'>λεπροὶ</span> <span class='ocrx_word' id='word_1_511' title='bbox 1536 5276 1930 5344; x_wconf 28' lang='grc' dir='ltr'>ἐκαθαρίσθη-</span> 
     </span>
    </p>
   </div>
   <div class='ocr_carea' id='block_1_68' title="bbox 337 5365 1928 5437">
    <p class='ocr_par' dir='ltr' id='par_1_68' title="bbox 337 5365 1928 5437">
     <span class='ocr_line' id='line_1_68' title="bbox 337 5365 1928 5437; baseline -0.005 -9"><span class='ocrx_word' id='word_1_512' title='bbox 337 5391 466 5428; x_wconf 87' lang='grc' dir='ltr'><strong>σαν</strong></span> <span class='ocrx_word' id='word_1_513' title='bbox 483 5389 498 5402; x_wconf 85' lang='grc'><strong>·</strong></span> <span class='ocrx_word' id='word_1_514' title='bbox 529 5370 628 5426; x_wconf 80' lang='grc' dir='ltr'>διὰ</span> <span class='ocrx_word' id='word_1_515' title='bbox 657 5371 713 5423; x_wconf 85' lang='grc' dir='ltr'><strong>τί</strong></span> <span class='ocrx_word' id='word_1_516' title='bbox 743 5368 885 5424; x_wconf 84' lang='grc' dir='ltr'><strong>οὐδὲ</strong></span> <span class='ocrx_word' id='word_1_517' title='bbox 911 5365 998 5435; x_wconf 84' lang='grc' dir='ltr'><strong>εἷς</strong></span> <span class='ocrx_word' id='word_1_518' title='bbox 1027 5368 1099 5434; x_wconf 75' lang='grc' dir='ltr'><strong>ἐξ</strong></span> <span class='ocrx_word' id='word_1_519' title='bbox 1127 5369 1326 5422; x_wconf 81' lang='grc' dir='ltr'>αὐτῶν</span> <span class='ocrx_word' id='word_1_520' title='bbox 1350 5367 1692 5437; x_wconf 68' lang='grc' dir='ltr'>ὑπέστρεψε</span> <span class='ocrx_word' id='word_1_521' title='bbox 1716 5367 1928 5423; x_wconf 84' lang='grc' dir='ltr'>δοῦναι</span> 
     </span>
    </p>
   </div>
   <div class='ocr_carea' id='block_1_69' title="bbox 416 5545 1921 5616">
    <p class='ocr_par' dir='ltr' id='par_1_69' title="bbox 416 5545 1921 5613">
     <span class='ocr_line' id='line_1_69' title="bbox 416 5545 1921 5613; baseline 0.001 -11"><span class='ocrx_word' id='word_1_522' title='bbox 416 5553 433 5582; x_wconf 85' lang='grc'>¹</span> <span class='ocrx_word' id='word_1_523' title='bbox 467 5548 603 5604; x_wconf 87' lang='lat' dir='ltr'><strong>Luc.</strong></span> <span class='ocrx_word' id='word_1_524' title='bbox 628 5565 766 5611; x_wconf 71' lang='grc' dir='ltr'>χχιι,</span> <span class='ocrx_word' id='word_1_525' title='bbox 798 5549 888 5605; x_wconf 84' lang='lat'><strong>&#39;58.</strong></span> <span class='ocrx_word' id='word_1_526' title='bbox 961 5551 984 5582; x_wconf 73' lang='lat'><em>’</em></span> <span class='ocrx_word' id='word_1_527' title='bbox 1011 5549 1031 5603; x_wconf 86' lang='grc'><strong>1</strong></span> <span class='ocrx_word' id='word_1_528' title='bbox 1059 5548 1186 5604; x_wconf 92' lang='lat' dir='ltr'><strong>Cor.</strong></span> <span class='ocrx_word' id='word_1_529' title='bbox 1221 5563 1281 5613; x_wconf 88' lang='grc' dir='ltr'><strong>ιι,</strong></span> <span class='ocrx_word' id='word_1_530' title='bbox 1323 5546 1376 5602; x_wconf 92' lang='grc'>9.</span> <span class='ocrx_word' id='word_1_531' title='bbox 1452 5547 1474 5578; x_wconf 82' lang='grc'>³</span> <span class='ocrx_word' id='word_1_532' title='bbox 1504 5545 1692 5600; x_wconf 86' lang='lat' dir='ltr'><strong>Matth.</strong></span> <span class='ocrx_word' id='word_1_533' title='bbox 1724 5563 1852 5609; x_wconf 71' lang='lat' dir='ltr'><strong>xxv,</strong></span> <span class='ocrx_word' id='word_1_534' title='bbox 1891 5550 1921 5604; x_wconf 67' lang='grc'>4</span> 
     </span>
    </p>
   </div>
   <div class='ocr_carea' id='block_1_70' title="bbox 2021 5545 2576 5616">
    <p class='ocr_par' dir='ltr' id='par_1_70' title="bbox 2057 5548 2576 5616">
     <span class='ocr_line' id='line_1_70' title="bbox 2057 5548 2576 5616; baseline 0 -13"><span class='ocrx_word' id='word_1_535' title='bbox 2057 5548 2080 5581; x_wconf 73' lang='grc'><strong><em>⁵</em></strong></span> <span class='ocrx_word' id='word_1_536' title='bbox 2115 5548 2304 5605; x_wconf 84' lang='lat' dir='ltr'><strong>Matth.</strong></span> <span class='ocrx_word' id='word_1_537' title='bbox 2337 5566 2456 5616; x_wconf 87' lang='lat' dir='ltr'><strong>vm,</strong></span> <span class='ocrx_word' id='word_1_538' title='bbox 2486 5549 2576 5605; x_wconf 74' lang='lat'><strong>28.</strong></span> 
     </span>
    </p>
   </div>
   <div class='ocr_carea' id='block_1_71' title="bbox 1016 5616 2301 5687">
    <p class='ocr_par' dir='ltr' id='par_1_71' title="bbox 1016 5616 2301 5687">
     <span class='ocr_line' id='line_1_71' title="bbox 1016 5616 2301 5687; baseline -0.001 -13"><span class='ocrx_word' id='word_1_539' title='bbox 1016 5619 1040 5651; x_wconf 85' lang='grc'><strong>⁸</strong></span> <span class='ocrx_word' id='word_1_540' title='bbox 1067 5619 1266 5674; x_wconf 79' lang='lat' dir='ltr'><strong>Matth.</strong></span> <span class='ocrx_word' id='word_1_541' title='bbox 1294 5632 1466 5682; x_wconf 80' lang='lat' dir='ltr'><strong>xxvii,</strong></span> <span class='ocrx_word' id='word_1_542' title='bbox 1502 5616 1593 5681; x_wconf 78' lang='grc'><strong>58,</strong></span> <span class='ocrx_word' id='word_1_543' title='bbox 1622 5617 1714 5672; x_wconf 64' lang='grc'>44.</span> <span class='ocrx_word' id='word_1_544' title='bbox 1787 5620 1809 5650; x_wconf 79' lang='grc' dir='ltr'><strong>ο</strong></span> <span class='ocrx_word' id='word_1_545' title='bbox 1843 5619 2038 5678; x_wconf 88' lang='lat' dir='ltr'><strong>Matth.</strong></span> <span class='ocrx_word' id='word_1_546' title='bbox 2060 5635 2184 5687; x_wconf 85' lang='lat' dir='ltr'><strong>vm,</strong></span> <span class='ocrx_word' id='word_1_547' title='bbox 2212 5619 2301 5675; x_wconf 79' lang='grc'><strong>19.</strong></span> 
     </span>
    </p>
   </div>
   <div class='ocr_carea' id='block_1_72' title="bbox 341 5621 943 5690">
    <p class='ocr_par' dir='ltr' id='par_1_72' title="bbox 341 5621 943 5690">
     <span class='ocr_line' id='line_1_72' title="bbox 341 5621 943 5690; baseline -0.007 -14"><span class='ocrx_word' id='word_1_548' title='bbox 341 5623 435 5676; x_wconf 76' lang='lat'><strong>59.</strong></span> <span class='ocrx_word' id='word_1_549' title='bbox 512 5621 532 5650; x_wconf 81' lang='grc' dir='ltr'>τ</span> <span class='ocrx_word' id='word_1_550' title='bbox 566 5621 698 5674; x_wconf 91' lang='lat' dir='ltr'><strong>ibid.</strong></span> <span class='ocrx_word' id='word_1_551' title='bbox 726 5621 796 5674; x_wconf 74' lang='grc' dir='ltr'>ιο</span> <span class='ocrx_word' id='word_1_552' title='bbox 822 5636 943 5690; x_wconf 81' lang='lat' dir='ltr'><strong>sqq.</strong></span> 
     </span>
    </p>
   </div>
   <div class='ocr_carea' id='block_1_73' title="bbox 417 5773 1922 5846">
    <p class='ocr_par' dir='ltr' id='par_1_73' title="bbox 417 5773 1922 5846">
     <span class='ocr_line' id='line_1_73' title="bbox 417 5773 1922 5846; baseline -0.001 -16"><span class='ocrx_word' id='word_1_553' title='bbox 417 5778 534 5846; x_wconf 61' lang='grc' dir='ltr'><strong>(δεῖ)</strong></span> <span class='ocrx_word' id='word_1_554' title='bbox 569 5774 811 5842; x_wconf 79' lang='grc' dir='ltr'>Ἐπειδὴ</span> <span class='ocrx_word' id='word_1_555' title='bbox 833 5775 942 5843; x_wconf 77' lang='grc' dir='ltr'><strong>γὰρ</strong></span> <span class='ocrx_word' id='word_1_556' title='bbox 967 5777 998 5827; x_wconf 87' lang='grc' dir='ltr'><em>ὀ</em></span> <span class='ocrx_word' id='word_1_557' title='bbox 1016 5774 1326 5846; x_wconf 80' lang='grc' dir='ltr'>Ματθαῖος.</span> <span class='ocrx_word' id='word_1_558' title='bbox 1345 5773 1626 5846; x_wconf 72' lang='lat' dir='ltr'><strong>Chrysost.</strong></span> <span class='ocrx_word' id='word_1_559' title='bbox 1643 5773 1803 5846; x_wconf 81' lang='lat' dir='ltr'><strong>llom.</strong></span> <span class='ocrx_word' id='word_1_560' title='bbox 1834 5775 1922 5842; x_wconf 76' lang='grc'><strong>19,</strong></span> 
     </span>
    </p>
   </div>
   <div class='ocr_carea' id='block_1_74' title="bbox 345 5843 1918 5916">
    <p class='ocr_par' dir='ltr' id='par_1_74' title="bbox 345 5843 1918 5916">
     <span class='ocr_line' id='line_1_74' title="bbox 345 5843 1918 5916; baseline 0.001 -16"><span class='ocrx_word' id='word_1_561' title='bbox 345 5847 402 5902; x_wconf 72' lang='lat' dir='ltr'><strong>ir:</strong></span> <span class='ocrx_word' id='word_1_562' title='bbox 432 5843 630 5903; x_wconf 67' lang='lat' dir='ltr'><strong>Matth.</strong></span> <span class='ocrx_word' id='word_1_563' title='bbox 663 5846 800 5902; x_wconf 86' lang='lat' dir='ltr'><strong>duos</strong></span> <span class='ocrx_word' id='word_1_564' title='bbox 826 5845 1188 5916; x_wconf 75' lang='lat' dir='ltr'><strong>evangelistas</strong></span> <span class='ocrx_word' id='word_1_565' title='bbox 1232 5846 1305 5900; x_wconf 83' lang='lat' dir='ltr'><strong>ita</strong></span> <span class='ocrx_word' id='word_1_566' title='bbox 1341 5843 1617 5913; x_wconf 75' lang='lat' dir='ltr'><strong>cuneiliat,</strong></span> <span class='ocrx_word' id='word_1_567' title='bbox 1655 5853 1712 5900; x_wconf 89' lang='lat' dir='ltr'><strong>ut</strong></span> <span class='ocrx_word' id='word_1_568' title='bbox 1741 5843 1918 5902; x_wconf 85' lang='lat' dir='ltr'><strong>Lucas</strong></span> 
     </span>
    </p>
   </div>
   <div class='ocr_carea' id='block_1_75' title="bbox 2015 1988 3595 2059">
    <p class='ocr_par' dir='ltr' id='par_1_75' title="bbox 2015 1988 3595 2059">
     <span class='ocr_line' id='line_1_75' title="bbox 2015 1988 3595 2059; baseline -0.001 -14"><span class='ocrx_word' id='word_1_569' title='bbox 2015 1989 2136 2045; x_wconf 85' lang='lat' dir='ltr'><strong>res?</strong></span> <span class='ocrx_word' id='word_1_570' title='bbox 2155 1988 2372 2044; x_wconf 87' lang='lat' dir='ltr'><strong>Scilicet</strong></span> <span class='ocrx_word' id='word_1_571' title='bbox 2387 2004 2511 2042; x_wconf 91' lang='lat' dir='ltr'><strong>cum</strong></span> <span class='ocrx_word' id='word_1_572' title='bbox 2523 2004 2588 2043; x_wconf 93' lang='lat' dir='ltr'><strong>eo</strong></span> <span class='ocrx_word' id='word_1_573' title='bbox 2605 1988 2966 2058; x_wconf 88' lang='lat' dir='ltr'><strong>pervenerint,</strong></span> <span class='ocrx_word' id='word_1_574' title='bbox 2986 2003 3159 2059; x_wconf 91' lang='lat' dir='ltr'><strong>neque</strong></span> <span class='ocrx_word' id='word_1_575' title='bbox 3171 1989 3455 2044; x_wconf 90' lang='lat' dir='ltr'><strong>verborum</strong></span> <span class='ocrx_word' id='word_1_576' title='bbox 3469 2005 3595 2046; x_wconf 88' lang='lat' dir='ltr'><strong>sen-</strong></span> 
     </span>
    </p>
   </div>
   <div class='ocr_carea' id='block_1_76' title="bbox 2015 2078 3596 2151">
    <p class='ocr_par' dir='ltr' id='par_1_76' title="bbox 2015 2078 3596 2151">
     <span class='ocr_line' id='line_1_76' title="bbox 2015 2078 3596 2151; baseline 0.001 -19"><span class='ocrx_word' id='word_1_577' title='bbox 2015 2081 2238 2134; x_wconf 85' lang='lat' dir='ltr'><strong>tentiam</strong></span> <span class='ocrx_word' id='word_1_578' title='bbox 2271 2081 2509 2134; x_wconf 82' lang='lat' dir='ltr'><strong>assecuti</strong></span> <span class='ocrx_word' id='word_1_579' title='bbox 2538 2078 2760 2145; x_wconf 83' lang='lat' dir='ltr'><strong>fuerint,</strong></span> <span class='ocrx_word' id='word_1_580' title='bbox 2788 2080 3156 2151; x_wconf 84' lang='lat' dir='ltr'><strong>indignantur,</strong></span> <span class='ocrx_word' id='word_1_581' title='bbox 3189 2095 3253 2134; x_wconf 91' lang='lat' dir='ltr'><strong>ac</strong></span> <span class='ocrx_word' id='word_1_582' title='bbox 3287 2096 3596 2151; x_wconf 84' lang='lat' dir='ltr'><strong>repugnan-</strong></span> 
     </span>
    </p>
   </div>
   <div class='ocr_carea' id='block_1_77' title="bbox 2019 2169 3583 2241">
    <p class='ocr_par' dir='ltr' id='par_1_77' title="bbox 2019 2169 3583 2241">
     <span class='ocr_line' id='line_1_77' title="bbox 2019 2169 3583 2241; baseline 0.001 -16"><span class='ocrx_word' id='word_1_583' title='bbox 2019 2172 2092 2225; x_wconf 89' lang='lat' dir='ltr'><strong>tia</strong></span> <span class='ocrx_word' id='word_1_584' title='bbox 2139 2171 2386 2240; x_wconf 69' lang='lat' dir='ltr'><strong>quiedam</strong></span> <span class='ocrx_word' id='word_1_585' title='bbox 2437 2169 2640 2240; x_wconf 80' lang='lat' dir='ltr'><strong>ﬁngere</strong></span> <span class='ocrx_word' id='word_1_586' title='bbox 2689 2170 2793 2226; x_wconf 89' lang='lat' dir='ltr'><strong>sibi</strong></span> <span class='ocrx_word' id='word_1_587' title='bbox 2844 2170 3074 2234; x_wconf 90' lang='lat' dir='ltr'><strong>malunt,</strong></span> <span class='ocrx_word' id='word_1_588' title='bbox 3127 2186 3289 2241; x_wconf 91' lang='lat' dir='ltr'><strong>quam</strong></span> <span class='ocrx_word' id='word_1_589' title='bbox 3346 2171 3583 2227; x_wconf 67' lang='lat' dir='ltr'><strong>fructum</strong></span> 
     </span>
    </p>
   </div>
   <div class='ocr_carea' id='block_1_78' title="bbox 2017 2261 3586 2332">
    <p class='ocr_par' dir='ltr' id='par_1_78' title="bbox 2017 2261 3586 2332">
     <span class='ocr_line' id='line_1_78' title="bbox 2017 2261 3586 2332; baseline 0 -15"><span class='ocrx_word' id='word_1_590' title='bbox 2017 2263 2416 2332; x_wconf 89' lang='lat' dir='ltr'><strong>utilitatemque</strong></span> <span class='ocrx_word' id='word_1_591' title='bbox 2468 2261 2769 2332; x_wconf 86' lang='lat' dir='ltr'><strong>requirere.</strong></span> <span class='ocrx_word' id='word_1_592' title='bbox 2832 2261 3119 2318; x_wconf 64' lang='lat' dir='ltr'><strong>Mattlimus</strong></span> <span class='ocrx_word' id='word_1_593' title='bbox 3168 2263 3314 2317; x_wconf 89' lang='lat' dir='ltr'><strong>enim</strong></span> <span class='ocrx_word' id='word_1_594' title='bbox 3370 2263 3508 2318; x_wconf 90' lang='lat' dir='ltr'><strong>duos</strong></span> <span class='ocrx_word' id='word_1_595' title='bbox 3555 2281 3586 2317; x_wconf 86' lang='lat' dir='ltr'><strong>a</strong></span> 
     </span>
    </p>
   </div>
   <div class='ocr_carea' id='block_1_79' title="bbox 2018 2349 3596 2421">
    <p class='ocr_par' dir='ltr' id='par_1_79' title="bbox 2018 2349 3596 2421">
     <span class='ocr_line' id='line_1_79' title="bbox 2018 2349 3596 2421; baseline 0.001 -15"><span class='ocrx_word' id='word_1_596' title='bbox 2018 2352 2266 2406; x_wconf 86' lang='lat' dir='ltr'><strong>daemone</strong></span> <span class='ocrx_word' id='word_1_597' title='bbox 2305 2358 2588 2421; x_wconf 87' lang='lat' dir='ltr'><strong>correptos</strong></span> <span class='ocrx_word' id='word_1_598' title='bbox 2616 2349 2787 2406; x_wconf 91' lang='lat' dir='ltr'><strong>fuisse</strong></span> <span class='ocrx_word' id='word_1_599' title='bbox 2818 2352 3150 2417; x_wconf 66' lang='lat' dir='ltr'><strong>ineniorat‘;</strong></span> <span class='ocrx_word' id='word_1_600' title='bbox 3202 2351 3381 2408; x_wconf 89' lang='lat' dir='ltr'><strong>Lucas</strong></span> <span class='ocrx_word' id='word_1_601' title='bbox 3432 2353 3596 2408; x_wconf 86' lang='lat' dir='ltr'><strong>unius</strong></span> 
     </span>
    </p>
   </div>
   <div class='ocr_carea' id='block_1_80' title="bbox 2034 2441 3596 2516">
    <p class='ocr_par' dir='ltr' id='par_1_80' title="bbox 2034 2441 3596 2516">
     <span class='ocr_line' id='line_1_80' title="bbox 2034 2441 3596 2516; baseline 0.001 -17"><span class='ocrx_word' id='word_1_602' title='bbox 2034 2445 2301 2499; x_wconf 85' lang='lat' dir='ltr'><strong>duntaxat</strong></span> <span class='ocrx_word' id='word_1_603' title='bbox 2327 2444 2658 2498; x_wconf 76' lang='lat' dir='ltr'><strong>mentionem</strong></span> <span class='ocrx_word' id='word_1_604' title='bbox 2680 2443 2810 2498; x_wconf 84' lang='lat' dir='ltr'><strong>facit</strong></span> <span class='ocrx_word' id='word_1_605' title='bbox 2836 2445 2879 2498; x_wconf 85' lang='grc'>⁵.</span> <span class='ocrx_word' id='word_1_606' title='bbox 2920 2441 3026 2499; x_wconf 86' lang='lat' dir='ltr'><strong>Sed</strong></span> <span class='ocrx_word' id='word_1_607' title='bbox 3056 2452 3109 2498; x_wconf 90' lang='lat' dir='ltr'><strong>et</strong></span> <span class='ocrx_word' id='word_1_608' title='bbox 3141 2445 3596 2516; x_wconf 83' lang='lat' dir='ltr'><strong>evangelistarum</strong></span> 
     </span>
    </p>
   </div>
   <div class='ocr_carea' id='block_1_81' title="bbox 2019 2529 3594 2603">
    <p class='ocr_par' dir='ltr' id='par_1_81' title="bbox 2019 2529 3594 2603">
     <span class='ocr_line' id='line_1_81' title="bbox 2019 2529 3594 2603; baseline 0.004 -19"><span class='ocrx_word' id='word_1_609' title='bbox 2019 2533 2178 2596; x_wconf 87' lang='lat' dir='ltr'><strong>alter,</strong></span> <span class='ocrx_word' id='word_1_610' title='bbox 2207 2529 2490 2596; x_wconf 80' lang='lat' dir='ltr'><strong>Latrones,</strong></span> <span class='ocrx_word' id='word_1_611' title='bbox 2519 2532 2714 2603; x_wconf 88' lang='lat' dir='ltr'><strong>inquit,</strong></span> <span class='ocrx_word' id='word_1_612' title='bbox 2741 2534 2832 2603; x_wconf 85' lang='lat' dir='ltr'><strong>qui</strong></span> <span class='ocrx_word' id='word_1_613' title='bbox 2860 2533 3104 2602; x_wconf 77' lang='lat' dir='ltr'><strong>cruciﬁxi</strong></span> <span class='ocrx_word' id='word_1_614' title='bbox 3143 2544 3294 2588; x_wconf 90' lang='lat' dir='ltr'><strong>erant</strong></span> <span class='ocrx_word' id='word_1_615' title='bbox 3361 2551 3480 2589; x_wconf 91' lang='lat' dir='ltr'><strong>cum</strong></span> <span class='ocrx_word' id='word_1_616' title='bbox 3511 2552 3594 2601; x_wconf 84' lang='lat' dir='ltr'><strong>eo,</strong></span> 
     </span>
    </p>
   </div>
   <div class='ocr_carea' id='block_1_82' title="bbox 2028 2621 3598 2696">
    <p class='ocr_par' dir='ltr' id='par_1_82' title="bbox 2028 2621 3598 2696">
     <span class='ocr_line' id='line_1_82' title="bbox 2028 2621 3598 2696; baseline 0.005 -22"><span class='ocrx_word' id='word_1_617' title='bbox 2028 2621 2461 2692; x_wconf 82' lang='lat' dir='ltr'><strong>blasphemabant</strong></span> <span class='ocrx_word' id='word_1_618' title='bbox 2527 2624 2771 2690; x_wconf 81' lang='lat' dir='ltr'><strong>ipsum‘;</strong></span> <span class='ocrx_word' id='word_1_619' title='bbox 2839 2623 2976 2677; x_wconf 88' lang='lat' dir='ltr'><strong>alter</strong></span> <span class='ocrx_word' id='word_1_620' title='bbox 3047 2623 3245 2678; x_wconf 90' lang='lat' dir='ltr'><strong>nedum</strong></span> <span class='ocrx_word' id='word_1_621' title='bbox 3305 2635 3598 2696; x_wconf 84' lang='lat' dir='ltr'><strong>utrumque</strong></span> 
     </span>
    </p>
   </div>
   <div class='ocr_carea' id='block_1_83' title="bbox 2020 2715 3600 2785">
    <p class='ocr_par' dir='ltr' id='par_1_83' title="bbox 2020 2715 3600 2785">
     <span class='ocr_line' id='line_1_83' title="bbox 2020 2715 3600 2785; baseline 0.002 -16"><span class='ocrx_word' id='word_1_622' title='bbox 2020 2715 2431 2785; x_wconf 86' lang='lat' dir='ltr'><strong>blasphemasse</strong></span> <span class='ocrx_word' id='word_1_623' title='bbox 2455 2715 2608 2781; x_wconf 89' lang='lat' dir='ltr'><strong>dicit,</strong></span> <span class='ocrx_word' id='word_1_624' title='bbox 2651 2717 2745 2771; x_wconf 89' lang='lat' dir='ltr'><strong>sed</strong></span> <span class='ocrx_word' id='word_1_625' title='bbox 2769 2723 2823 2771; x_wconf 90' lang='lat' dir='ltr'><strong>et</strong></span> <span class='ocrx_word' id='word_1_626' title='bbox 2850 2717 3014 2770; x_wconf 92' lang='lat' dir='ltr'><strong>unius</strong></span> <span class='ocrx_word' id='word_1_627' title='bbox 3045 2715 3417 2772; x_wconf 78' lang='lat' dir='ltr'><strong>defensionem</strong></span> <span class='ocrx_word' id='word_1_628' title='bbox 3448 2733 3600 2772; x_wconf 91' lang='lat' dir='ltr'><strong>com-</strong></span> 
     </span>
    </p>
   </div>
   <div class='ocr_carea' id='block_1_84' title="bbox 2024 2806 3600 2878">
    <p class='ocr_par' dir='ltr' id='par_1_84' title="bbox 2024 2806 3600 2878">
     <span class='ocr_line' id='line_1_84' title="bbox 2024 2806 3600 2878; baseline 0.001 -17"><span class='ocrx_word' id='word_1_629' title='bbox 2024 2815 2310 2862; x_wconf 85' lang='lat' dir='ltr'><strong>memorat.</strong></span> <span class='ocrx_word' id='word_1_630' title='bbox 2376 2806 2692 2876; x_wconf 83' lang='lat' dir='ltr'><strong>lncrepabat</strong></span> <span class='ocrx_word' id='word_1_631' title='bbox 2744 2807 2905 2871; x_wconf 87' lang='lat' dir='ltr'><strong>enim,</strong></span> <span class='ocrx_word' id='word_1_632' title='bbox 2955 2807 3165 2878; x_wconf 82' lang='lat' dir='ltr'><strong>inquit,</strong></span> <span class='ocrx_word' id='word_1_633' title='bbox 3213 2806 3475 2870; x_wconf 78' lang='lat' dir='ltr'><strong>alterum,</strong></span> <span class='ocrx_word' id='word_1_634' title='bbox 3536 2824 3600 2862; x_wconf 89' lang='lat' dir='ltr'><strong>ac</strong></span> 
     </span>
    </p>
   </div>
   <div class='ocr_carea' id='block_1_85' title="bbox 2020 2896 3600 2968">
    <p class='ocr_par' dir='ltr' id='par_1_85' title="bbox 2020 2896 3600 2968">
     <span class='ocr_line' id='line_1_85' title="bbox 2020 2896 3600 2968; baseline 0.003 -19"><span class='ocrx_word' id='word_1_635' title='bbox 2020 2896 2226 2950; x_wconf 88' lang='lat' dir='ltr'><strong>dicebat</strong></span> <span class='ocrx_word' id='word_1_636' title='bbox 2271 2917 2288 2950; x_wconf 90' lang='lat'><strong><em>:</em></strong></span> <span class='ocrx_word' id='word_1_637' title='bbox 2326 2896 2505 2967; x_wconf 84' lang='lat' dir='ltr'><strong>Neque</strong></span> <span class='ocrx_word' id='word_1_638' title='bbox 2545 2908 2601 2950; x_wconf 90' lang='lat' dir='ltr'><strong>tu</strong></span> <span class='ocrx_word' id='word_1_639' title='bbox 2636 2899 2786 2952; x_wconf 86' lang='lat' dir='ltr'><strong>times</strong></span> <span class='ocrx_word' id='word_1_640' title='bbox 2837 2896 3025 2963; x_wconf 90' lang='lat' dir='ltr'><strong>Deum,</strong></span> <span class='ocrx_word' id='word_1_641' title='bbox 3061 2898 3307 2968; x_wconf 89' lang='lat' dir='ltr'><strong>quoniam</strong></span> <span class='ocrx_word' id='word_1_642' title='bbox 3336 2899 3390 2952; x_wconf 91' lang='lat' dir='ltr'><strong>in</strong></span> <span class='ocrx_word' id='word_1_643' title='bbox 3419 2899 3600 2954; x_wconf 88' lang='lat' dir='ltr'><strong>eadem</strong></span> 
     </span>
    </p>
   </div>
   <div class='ocr_carea' id='block_1_86' title="bbox 2021 2988 3596 3062">
    <p class='ocr_par' dir='ltr' id='par_1_86' title="bbox 2021 2988 3596 3062">
     <span class='ocr_line' id='line_1_86' title="bbox 2021 2988 3596 3062; baseline 0.004 -22"><span class='ocrx_word' id='word_1_644' title='bbox 2021 2988 2364 3042; x_wconf 86' lang='lat' dir='ltr'><strong>damnatione</strong></span> <span class='ocrx_word' id='word_1_645' title='bbox 2411 3005 2634 3052; x_wconf 84' lang='lat' dir='ltr'><strong>sumus;</strong></span> <span class='ocrx_word' id='word_1_646' title='bbox 2683 2990 2767 3043; x_wconf 84' lang='lat' dir='ltr'><strong>hic</strong></span> <span class='ocrx_word' id='word_1_647' title='bbox 2813 3001 2990 3044; x_wconf 89' lang='lat' dir='ltr'><strong>autem</strong></span> <span class='ocrx_word' id='word_1_648' title='bbox 3031 3000 3249 3044; x_wconf 90' lang='lat' dir='ltr'><strong>sanctus</strong></span> <span class='ocrx_word' id='word_1_649' title='bbox 3295 2991 3428 3044; x_wconf 82' lang='lat' dir='ltr'><strong>nihil</strong></span> <span class='ocrx_word' id='word_1_650' title='bbox 3472 2993 3596 3062; x_wconf 84' lang='lat' dir='ltr'><strong>egit.</strong></span> 
     </span>
    </p>
   </div>
   <div class='ocr_carea' id='block_1_87' title="bbox 2022 3077 3598 3150">
    <p class='ocr_par' dir='ltr' id='par_1_87' title="bbox 2022 3077 3598 3150">
     <span class='ocr_line' id='line_1_87' title="bbox 2022 3077 3598 3150; baseline 0.003 -19"><span class='ocrx_word' id='word_1_651' title='bbox 2022 3077 2225 3134; x_wconf 87' lang='lat' dir='ltr'><strong>Deinde</strong></span> <span class='ocrx_word' id='word_1_652' title='bbox 2288 3080 2363 3133; x_wconf 90' lang='lat' dir='ltr'><strong>ita</strong></span> <span class='ocrx_word' id='word_1_653' title='bbox 2425 3078 2714 3133; x_wconf 82' lang='lat' dir='ltr'><strong>Dominum</strong></span> <span class='ocrx_word' id='word_1_654' title='bbox 2783 3079 3114 3150; x_wconf 90' lang='lat' dir='ltr'><strong>compellat:</strong></span> <span class='ocrx_word' id='word_1_655' title='bbox 3170 3077 3428 3134; x_wconf 81' lang='lat' dir='ltr'><strong>Memento</strong></span> <span class='ocrx_word' id='word_1_656' title='bbox 3474 3083 3598 3146; x_wconf 80' lang='lat' dir='ltr'><strong>mei,</strong></span> 
     </span>
    </p>
   </div>
   <div class='ocr_carea' id='block_1_88' title="bbox 2022 3170 3590 3245">
    <p class='ocr_par' dir='ltr' id='par_1_88' title="bbox 2022 3170 3590 3245">
     <span class='ocr_line' id='line_1_88' title="bbox 2022 3170 3590 3245; baseline 0.004 -19"><span class='ocrx_word' id='word_1_657' title='bbox 2022 3170 2171 3237; x_wconf 82' lang='lat' dir='ltr'><strong>Jesu,</strong></span> <span class='ocrx_word' id='word_1_658' title='bbox 2202 3189 2320 3226; x_wconf 88' lang='lat' dir='ltr'><strong>cum</strong></span> <span class='ocrx_word' id='word_1_659' title='bbox 2353 3173 2550 3227; x_wconf 77' lang='lat' dir='ltr'><strong>veneris</strong></span> <span class='ocrx_word' id='word_1_660' title='bbox 2580 3174 2636 3226; x_wconf 90' lang='lat' dir='ltr'><strong>in</strong></span> <span class='ocrx_word' id='word_1_661' title='bbox 2668 3190 2881 3244; x_wconf 83' lang='lat' dir='ltr'><strong>regnum</strong></span> <span class='ocrx_word' id='word_1_662' title='bbox 2915 3185 3084 3228; x_wconf 90' lang='lat' dir='ltr'><strong>tuum.</strong></span> <span class='ocrx_word' id='word_1_663' title='bbox 3123 3173 3224 3231; x_wconf 89' lang='lat' dir='ltr'><strong>Cui</strong></span> <span class='ocrx_word' id='word_1_664' title='bbox 3260 3175 3350 3230; x_wconf 80' lang='lat' dir='ltr'><strong>ille</strong></span> <span class='ocrx_word' id='word_1_665' title='bbox 3380 3192 3590 3245; x_wconf 86' lang='lat' dir='ltr'><strong>respon-</strong></span> 
     </span>
    </p>
   </div>
   <div class='ocr_carea' id='block_1_89' title="bbox 2025 3263 3596 3336">
    <p class='ocr_par' dir='ltr' id='par_1_89' title="bbox 2025 3263 3596 3336">
     <span class='ocr_line' id='line_1_89' title="bbox 2025 3263 3596 3336; baseline 0.004 -20"><span class='ocrx_word' id='word_1_666' title='bbox 2025 3264 2106 3318; x_wconf 86' lang='lat' dir='ltr'><strong>dit</strong></span> <span class='ocrx_word' id='word_1_667' title='bbox 2131 3280 2149 3317; x_wconf 93' lang='lat'><em>:</em></span> <span class='ocrx_word' id='word_1_668' title='bbox 2171 3263 2334 3318; x_wconf 81' lang='lat' dir='ltr'><strong>Amen</strong></span> <span class='ocrx_word' id='word_1_669' title='bbox 2365 3264 2482 3318; x_wconf 85' lang='lat' dir='ltr'><strong>dico</strong></span> <span class='ocrx_word' id='word_1_670' title='bbox 2519 3264 2634 3328; x_wconf 90' lang='lat' dir='ltr'><strong>tibi,</strong></span> <span class='ocrx_word' id='word_1_671' title='bbox 2664 3265 2818 3319; x_wconf 83' lang='lat' dir='ltr'><strong>hodie</strong></span> <span class='ocrx_word' id='word_1_672' title='bbox 2845 3281 3046 3320; x_wconf 85' lang='lat' dir='ltr'><strong>mecum</strong></span> <span class='ocrx_word' id='word_1_673' title='bbox 3084 3268 3185 3321; x_wconf 86' lang='lat' dir='ltr'><strong>eris</strong></span> <span class='ocrx_word' id='word_1_674' title='bbox 3214 3269 3268 3321; x_wconf 91' lang='lat' dir='ltr'><strong>in</strong></span> <span class='ocrx_word' id='word_1_675' title='bbox 3289 3267 3596 3336; x_wconf 84' lang='lat' dir='ltr'><strong>paradiso&quot;.</strong></span> 
     </span>
    </p>
   </div>
   <div class='ocr_carea' id='block_1_90' title="bbox 2027 3356 3602 3428">
    <p class='ocr_par' dir='ltr' id='par_1_90' title="bbox 2027 3356 3602 3428">
     <span class='ocr_line' id='line_1_90' title="bbox 2027 3356 3602 3428; baseline 0.004 -20"><span class='ocrx_word' id='word_1_676' title='bbox 2027 3356 2160 3422; x_wconf 65' lang='lat' dir='ltr'><strong>Quae</strong></span> <span class='ocrx_word' id='word_1_677' title='bbox 2207 3357 2422 3411; x_wconf 90' lang='lat' dir='ltr'><strong>tametsi</strong></span> <span class='ocrx_word' id='word_1_678' title='bbox 2455 3356 2773 3426; x_wconf 84' lang='lat' dir='ltr'><strong>discrepare</strong></span> <span class='ocrx_word' id='word_1_679' title='bbox 2815 3357 3067 3411; x_wconf 89' lang='lat' dir='ltr'><strong>nonnihil</strong></span> <span class='ocrx_word' id='word_1_680' title='bbox 3111 3358 3164 3411; x_wconf 94' lang='lat' dir='ltr'><strong>in</strong></span> <span class='ocrx_word' id='word_1_681' title='bbox 3210 3356 3493 3428; x_wconf 88' lang='lat' dir='ltr'><strong>Scriptura</strong></span> <span class='ocrx_word' id='word_1_682' title='bbox 3523 3360 3602 3415; x_wconf 83' lang='lat' dir='ltr'><strong>vi-</strong></span> 
     </span>
    </p>
   </div>
   <div class='ocr_carea' id='block_1_91' title="bbox 2027 3448 3600 3522">
    <p class='ocr_par' dir='ltr' id='par_1_91' title="bbox 2027 3448 3600 3522">
     <span class='ocr_line' id='line_1_91' title="bbox 2027 3448 3600 3522; baseline 0.002 -19"><span class='ocrx_word' id='word_1_683' title='bbox 2027 3448 2281 3512; x_wconf 90' lang='lat' dir='ltr'><strong>deantur,</strong></span> <span class='ocrx_word' id='word_1_684' title='bbox 2310 3448 2668 3503; x_wconf 87' lang='lat' dir='ltr'><strong>nihilominus</strong></span> <span class='ocrx_word' id='word_1_685' title='bbox 2703 3448 2862 3519; x_wconf 91' lang='lat' dir='ltr'><strong>plana</strong></span> <span class='ocrx_word' id='word_1_686' title='bbox 2899 3457 3028 3505; x_wconf 87' lang='lat' dir='ltr'><strong>sunt</strong></span> <span class='ocrx_word' id='word_1_687' title='bbox 3060 3450 3263 3504; x_wconf 92' lang='lat' dir='ltr'><strong>omnia.</strong></span> <span class='ocrx_word' id='word_1_688' title='bbox 3298 3449 3432 3504; x_wconf 90' lang='lat' dir='ltr'><strong>Nam</strong></span> <span class='ocrx_word' id='word_1_689' title='bbox 3455 3449 3600 3522; x_wconf 87' lang='lat' dir='ltr'><strong>quod</strong></span> 
     </span>
    </p>
   </div>
   <div class='ocr_carea' id='block_1_92' title="bbox 2027 3540 3604 3610">
    <p class='ocr_par' dir='ltr' id='par_1_92' title="bbox 2027 3540 3604 3610">
     <span class='ocr_line' id='line_1_92' title="bbox 2027 3540 3604 3610; baseline 0.002 -16"><span class='ocrx_word' id='word_1_690' title='bbox 2027 3541 2094 3594; x_wconf 91' lang='lat' dir='ltr'><strong>ad</strong></span> <span class='ocrx_word' id='word_1_691' title='bbox 2137 3540 2448 3610; x_wconf 88' lang='lat' dir='ltr'><strong>arreptitios</strong></span> <span class='ocrx_word' id='word_1_692' title='bbox 2500 3541 2713 3607; x_wconf 90' lang='lat' dir='ltr'><strong>attinet,</strong></span> <span class='ocrx_word' id='word_1_693' title='bbox 2773 3541 2900 3596; x_wconf 90' lang='lat' dir='ltr'><strong>licet</strong></span> <span class='ocrx_word' id='word_1_694' title='bbox 2954 3541 3098 3610; x_wconf 89' lang='lat' dir='ltr'><strong>apud</strong></span> <span class='ocrx_word' id='word_1_695' title='bbox 3139 3541 3451 3596; x_wconf 69' lang='lat' dir='ltr'><strong>Matthaeum</strong></span> <span class='ocrx_word' id='word_1_696' title='bbox 3495 3543 3604 3597; x_wconf 91' lang='lat' dir='ltr'><strong>duo</strong></span> 
     </span>
    </p>
   </div>
   <div class='ocr_carea' id='block_1_93' title="bbox 2025 3631 3606 3703">
    <p class='ocr_par' dir='ltr' id='par_1_93' title="bbox 2025 3631 3606 3703">
     <span class='ocr_line' id='line_1_93' title="bbox 2025 3631 3606 3703; baseline 0.003 -19"><span class='ocrx_word' id='word_1_697' title='bbox 2025 3631 2198 3686; x_wconf 88' lang='lat' dir='ltr'><strong>fuisse</strong></span> <span class='ocrx_word' id='word_1_698' title='bbox 2224 3639 2518 3686; x_wconf 89' lang='lat' dir='ltr'><strong>narrentur</strong></span> <span class='ocrx_word' id='word_1_699' title='bbox 2539 3631 2584 3698; x_wconf 84' lang='grc'>⁸,</span> <span class='ocrx_word' id='word_1_700' title='bbox 2623 3631 2790 3686; x_wconf 90' lang='lat' dir='ltr'><strong>iidem</strong></span> <span class='ocrx_word' id='word_1_701' title='bbox 2823 3631 3184 3688; x_wconf 87' lang='lat' dir='ltr'><strong>nihilominus</strong></span> <span class='ocrx_word' id='word_1_702' title='bbox 3214 3641 3365 3698; x_wconf 90' lang='lat' dir='ltr'><strong>sunt,</strong></span> <span class='ocrx_word' id='word_1_703' title='bbox 3398 3632 3465 3688; x_wconf 91' lang='lat' dir='ltr'><strong>de</strong></span> <span class='ocrx_word' id='word_1_704' title='bbox 3487 3633 3606 3703; x_wconf 86' lang='lat' dir='ltr'><strong>qui-</strong></span> 
     </span>
    </p>
   </div>
   <div class='ocr_carea' id='block_1_94' title="bbox 2023 3719 3606 3789">
    <p class='ocr_par' dir='ltr' id='par_1_94' title="bbox 2023 3719 3606 3789">
     <span class='ocr_line' id='line_1_94' title="bbox 2023 3719 3606 3789; baseline 0.002 -13"><span class='ocrx_word' id='word_1_705' title='bbox 2023 3721 2126 3776; x_wconf 90' lang='lat' dir='ltr'><strong>bus</strong></span> <span class='ocrx_word' id='word_1_706' title='bbox 2160 3719 2337 3776; x_wconf 85' lang='lat' dir='ltr'><strong>Lucas</strong></span> <span class='ocrx_word' id='word_1_707' title='bbox 2381 3721 2715 3776; x_wconf 90' lang='lat' dir='ltr'><strong>mentionem</strong></span> <span class='ocrx_word' id='word_1_708' title='bbox 2766 3721 2932 3789; x_wconf 89' lang='lat' dir='ltr'><strong>facit;</strong></span> <span class='ocrx_word' id='word_1_709' title='bbox 2965 3722 3060 3776; x_wconf 89' lang='lat' dir='ltr'><strong>sed</strong></span> <span class='ocrx_word' id='word_1_710' title='bbox 3093 3723 3206 3776; x_wconf 59' lang='lat' dir='ltr'><strong>haec</strong></span> <span class='ocrx_word' id='word_1_711' title='bbox 3234 3723 3485 3778; x_wconf 89' lang='lat' dir='ltr'><strong>videlicet</strong></span> <span class='ocrx_word' id='word_1_712' title='bbox 3519 3731 3606 3779; x_wconf 86' lang='lat' dir='ltr'><strong>est</strong></span> 
     </span>
    </p>
   </div>
   <div class='ocr_carea' id='block_1_95' title="bbox 2028 3813 3606 3887">
    <p class='ocr_par' dir='ltr' id='par_1_95' title="bbox 2028 3813 3606 3887">
     <span class='ocr_line' id='line_1_95' title="bbox 2028 3813 3606 3887; baseline 0.001 -19"><span class='ocrx_word' id='word_1_713' title='bbox 2028 3813 2326 3884; x_wconf 63' lang='lat' dir='ltr'><strong>Scriptura:</strong></span> <span class='ocrx_word' id='word_1_714' title='bbox 2385 3815 2752 3881; x_wconf 90' lang='lat' dir='ltr'><strong>consuetudo,</strong></span> <span class='ocrx_word' id='word_1_715' title='bbox 2815 3821 2874 3869; x_wconf 89' lang='lat' dir='ltr'><strong>ut</strong></span> <span class='ocrx_word' id='word_1_716' title='bbox 2924 3829 3114 3870; x_wconf 91' lang='lat' dir='ltr'><strong>eorum</strong></span> <span class='ocrx_word' id='word_1_717' title='bbox 3159 3831 3280 3886; x_wconf 68' lang='lat' dir='ltr'><strong>quae</strong></span> <span class='ocrx_word' id='word_1_718' title='bbox 3342 3823 3606 3887; x_wconf 84' lang='lat' dir='ltr'><strong>geruntur</strong></span> 
     </span>
    </p>
   </div>
   <div class='ocr_carea' id='block_1_96' title="bbox 2029 3905 3604 3973">
    <p class='ocr_par' dir='ltr' id='par_1_96' title="bbox 2029 3905 3604 3973">
     <span class='ocr_line' id='line_1_96' title="bbox 2029 3905 3604 3973; baseline 0.001 -12"><span class='ocrx_word' id='word_1_719' title='bbox 2029 3907 2275 3962; x_wconf 88' lang='lat' dir='ltr'><strong>rationes</strong></span> <span class='ocrx_word' id='word_1_720' title='bbox 2304 3912 2358 3960; x_wconf 93' lang='lat' dir='ltr'><strong>et</strong></span> <span class='ocrx_word' id='word_1_721' title='bbox 2382 3907 2704 3961; x_wconf 87' lang='lat' dir='ltr'><strong>occasiones</strong></span> <span class='ocrx_word' id='word_1_722' title='bbox 2735 3905 2959 3973; x_wconf 89' lang='lat' dir='ltr'><strong>innuat;</strong></span> <span class='ocrx_word' id='word_1_723' title='bbox 2991 3908 3062 3962; x_wconf 90' lang='lat' dir='ltr'><strong>ob</strong></span> <span class='ocrx_word' id='word_1_724' title='bbox 3089 3907 3142 3961; x_wconf 91' lang='lat' dir='ltr'><strong>id</strong></span> <span class='ocrx_word' id='word_1_725' title='bbox 3173 3922 3280 3960; x_wconf 88' lang='lat' dir='ltr'><strong>non</strong></span> <span class='ocrx_word' id='word_1_726' title='bbox 3307 3907 3468 3971; x_wconf 88' lang='lat' dir='ltr'><strong>duos,</strong></span> <span class='ocrx_word' id='word_1_727' title='bbox 3507 3907 3604 3963; x_wconf 88' lang='lat' dir='ltr'><strong>sed</strong></span> 
     </span>
    </p>
   </div>
   <div class='ocr_carea' id='block_1_97' title="bbox 2027 3996 3604 4070">
    <p class='ocr_par' dir='ltr' id='par_1_97' title="bbox 2027 3996 3604 4070">
     <span class='ocr_line' id='line_1_97' title="bbox 2027 3996 3604 4070; baseline 0.001 -18"><span class='ocrx_word' id='word_1_728' title='bbox 2027 4013 2199 4052; x_wconf 94' lang='lat' dir='ltr'><strong>unum</strong></span> <span class='ocrx_word' id='word_1_729' title='bbox 2255 3996 2432 4053; x_wconf 88' lang='lat' dir='ltr'><strong>Lucas</strong></span> <span class='ocrx_word' id='word_1_730' title='bbox 2477 3998 2801 4052; x_wconf 91' lang='lat' dir='ltr'><strong>nominatim</strong></span> <span class='ocrx_word' id='word_1_731' title='bbox 2847 3999 3124 4069; x_wconf 82' lang='lat' dir='ltr'><strong>exprimit.</strong></span> <span class='ocrx_word' id='word_1_732' title='bbox 3169 3997 3344 4054; x_wconf 87' lang='lat' dir='ltr'><strong>Fuere</strong></span> <span class='ocrx_word' id='word_1_733' title='bbox 3384 4000 3604 4070; x_wconf 89' lang='lat' dir='ltr'><strong>quidem</strong></span> 
     </span>
    </p>
   </div>
   <div class='ocr_carea' id='block_1_98' title="bbox 2028 4088 3606 4156">
    <p class='ocr_par' dir='ltr' id='par_1_98' title="bbox 2028 4088 3606 4156">
     <span class='ocr_line' id='line_1_98' title="bbox 2028 4088 3606 4156; baseline 0.002 -14"><span class='ocrx_word' id='word_1_734' title='bbox 2028 4089 2109 4142; x_wconf 89' lang='lat' dir='ltr'><strong>illi</strong></span> <span class='ocrx_word' id='word_1_735' title='bbox 2147 4088 2256 4142; x_wconf 92' lang='lat' dir='ltr'><strong>duo</strong></span> <span class='ocrx_word' id='word_1_736' title='bbox 2301 4102 2333 4141; x_wconf 87' lang='lat' dir='ltr'><strong>a</strong></span> <span class='ocrx_word' id='word_1_737' title='bbox 2370 4089 2681 4142; x_wconf 69' lang='lat' dir='ltr'><strong>daamonum</strong></span> <span class='ocrx_word' id='word_1_738' title='bbox 2721 4089 3013 4144; x_wconf 82' lang='lat' dir='ltr'><strong>vexatione</strong></span> <span class='ocrx_word' id='word_1_739' title='bbox 3066 4089 3266 4156; x_wconf 88' lang='lat' dir='ltr'><strong>soluti;</strong></span> <span class='ocrx_word' id='word_1_740' title='bbox 3316 4091 3413 4145; x_wconf 88' lang='lat' dir='ltr'><strong>sed</strong></span> <span class='ocrx_word' id='word_1_741' title='bbox 3463 4107 3606 4146; x_wconf 89' lang='lat' dir='ltr'><strong>unus</strong></span> 
     </span>
    </p>
   </div>
   <div class='ocr_carea' id='block_1_99' title="bbox 2026 4181 3606 4250">
    <p class='ocr_par' dir='ltr' id='par_1_99' title="bbox 2026 4181 3606 4250">
     <span class='ocr_line' id='line_1_99' title="bbox 2026 4181 3606 4250; baseline 0.003 -13"><span class='ocrx_word' id='word_1_742' title='bbox 2026 4183 2290 4237; x_wconf 83' lang='lat' dir='ltr'><strong>duntaxat</strong></span> <span class='ocrx_word' id='word_1_743' title='bbox 2317 4181 2372 4236; x_wconf 90' lang='lat' dir='ltr'><strong>in</strong></span> <span class='ocrx_word' id='word_1_744' title='bbox 2407 4181 2510 4236; x_wconf 90' lang='lat' dir='ltr'><strong>tide</strong></span> <span class='ocrx_word' id='word_1_745' title='bbox 2540 4181 2800 4250; x_wconf 85' lang='lat' dir='ltr'><strong>perstitit,</strong></span> <span class='ocrx_word' id='word_1_746' title='bbox 2838 4183 2974 4237; x_wconf 87' lang='lat' dir='ltr'><strong>alter</strong></span> <span class='ocrx_word' id='word_1_747' title='bbox 2998 4182 3066 4236; x_wconf 93' lang='lat' dir='ltr'><strong>ab</strong></span> <span class='ocrx_word' id='word_1_748' title='bbox 3088 4198 3152 4237; x_wconf 90' lang='lat' dir='ltr'><strong>ea</strong></span> <span class='ocrx_word' id='word_1_749' title='bbox 3177 4182 3396 4238; x_wconf 80' lang='lat' dir='ltr'><strong>excidit.</strong></span> <span class='ocrx_word' id='word_1_750' title='bbox 3427 4182 3606 4249; x_wconf 84' lang='lat' dir='ltr'><strong>Quare</strong></span> 
     </span>
    </p>
   </div>
   <div class='ocr_carea' id='block_1_100' title="bbox 2026 4272 3605 4344">
    <p class='ocr_par' dir='ltr' id='par_1_100' title="bbox 2026 4272 3605 4344">
     <span class='ocr_line' id='line_1_100' title="bbox 2026 4272 3605 4344; baseline 0.003 -18"><span class='ocrx_word' id='word_1_751' title='bbox 2026 4273 2171 4343; x_wconf 90' lang='lat' dir='ltr'><strong>quod</strong></span> <span class='ocrx_word' id='word_1_752' title='bbox 2203 4274 2294 4328; x_wconf 94' lang='lat' dir='ltr'><strong>ille</strong></span> <span class='ocrx_word' id='word_1_753' title='bbox 2328 4280 2650 4328; x_wconf 87' lang='lat' dir='ltr'><strong>constanter</strong></span> <span class='ocrx_word' id='word_1_754' title='bbox 2687 4273 2744 4327; x_wconf 90' lang='lat' dir='ltr'><strong>in</strong></span> <span class='ocrx_word' id='word_1_755' title='bbox 2791 4272 2896 4327; x_wconf 82' lang='lat' dir='ltr'><strong>fide</strong></span> <span class='ocrx_word' id='word_1_756' title='bbox 2941 4281 3210 4340; x_wconf 89' lang='lat' dir='ltr'><strong>maneret,</strong></span> <span class='ocrx_word' id='word_1_757' title='bbox 3267 4275 3605 4344; x_wconf 88' lang='lat' dir='ltr'><strong>sequebatur</strong></span> 
     </span>
    </p>
   </div>
   <div class='ocr_carea' id='block_1_101' title="bbox 2029 4363 3606 4436">
    <p class='ocr_par' dir='ltr' id='par_1_101' title="bbox 2029 4363 3606 4436">
     <span class='ocr_line' id='line_1_101' title="bbox 2029 4363 3606 4436; baseline 0.002 -18"><span class='ocrx_word' id='word_1_758' title='bbox 2029 4363 2238 4428; x_wconf 84' lang='lat' dir='ltr'><strong>Jesum,</strong></span> <span class='ocrx_word' id='word_1_759' title='bbox 2273 4372 2330 4419; x_wconf 92' lang='lat' dir='ltr'><strong>ut</strong></span> <span class='ocrx_word' id='word_1_760' title='bbox 2372 4366 2428 4418; x_wconf 92' lang='lat' dir='ltr'><strong>in</strong></span> <span class='ocrx_word' id='word_1_761' title='bbox 2471 4363 2768 4434; x_wconf 82' lang='lat' dir='ltr'><strong>Evangelio</strong></span> <span class='ocrx_word' id='word_1_762' title='bbox 2813 4363 3076 4434; x_wconf 89' lang='lat' dir='ltr'><strong>scriptum</strong></span> <span class='ocrx_word' id='word_1_763' title='bbox 3105 4366 3248 4431; x_wconf 67' lang='lat' dir='ltr'><strong>est”,</strong></span> <span class='ocrx_word' id='word_1_764' title='bbox 3279 4381 3606 4436; x_wconf 84' lang='lat' dir='ltr'><strong>quocunque</strong></span> 
     </span>
    </p>
   </div>
   <div class='ocr_carea' id='block_1_102' title="bbox 2043 4454 3605 4526">
    <p class='ocr_par' dir='ltr' id='par_1_102' title="bbox 2043 4454 3605 4526">
     <span class='ocr_line' id='line_1_102' title="bbox 2043 4454 3605 4526; baseline 0.001 -15"><span class='ocrx_word' id='word_1_765' title='bbox 2043 4464 2312 4526; x_wconf 80' lang='lat' dir='ltr'><strong>pergeret.</strong></span> <span class='ocrx_word' id='word_1_766' title='bbox 2365 4454 2503 4509; x_wconf 79' lang='lat' dir='ltr'><strong>Hinc</strong></span> <span class='ocrx_word' id='word_1_767' title='bbox 2526 4463 2610 4511; x_wconf 88' lang='lat' dir='ltr'><strong>est</strong></span> <span class='ocrx_word' id='word_1_768' title='bbox 2640 4455 2807 4525; x_wconf 91' lang='lat' dir='ltr'><strong>quod,</strong></span> <span class='ocrx_word' id='word_1_769' title='bbox 2838 4456 3008 4510; x_wconf 89' lang='lat' dir='ltr'><strong>altero</strong></span> <span class='ocrx_word' id='word_1_770' title='bbox 3032 4458 3419 4526; x_wconf 67' lang='lat' dir='ltr'><strong>prietermisso,</strong></span> <span class='ocrx_word' id='word_1_771' title='bbox 3445 4459 3605 4513; x_wconf 87' lang='lat' dir='ltr'><strong>unius</strong></span> 
     </span>
    </p>
   </div>
   <div class='ocr_carea' id='block_1_103' title="bbox 1955 4540 3605 4620">
    <p class='ocr_par' dir='ltr' id='par_1_103' title="bbox 1955 4540 3605 4620">
     <span class='ocr_line' id='line_1_103' title="bbox 1955 4540 3605 4620; baseline 0.001 -17"><span class='ocrx_word' id='word_1_772' title='bbox 1955 4540 2000 4595; x_wconf 81' lang='grc' dir='ltr'><strong>ι)</strong></span> <span class='ocrx_word' id='word_1_773' title='bbox 2029 4549 2299 4604; x_wconf 78' lang='lat' dir='ltr'><strong>duntaxat</strong></span> <span class='ocrx_word' id='word_1_774' title='bbox 2353 4547 2534 4603; x_wconf 92' lang='lat' dir='ltr'><strong>Lucas</strong></span> <span class='ocrx_word' id='word_1_775' title='bbox 2584 4547 2856 4614; x_wconf 89' lang='lat' dir='ltr'><strong>meminit,</strong></span> <span class='ocrx_word' id='word_1_776' title='bbox 2909 4549 3002 4619; x_wconf 92' lang='lat' dir='ltr'><strong>qui</strong></span> <span class='ocrx_word' id='word_1_777' title='bbox 3049 4560 3312 4604; x_wconf 66' lang='lat' dir='ltr'><strong>calorum</strong></span> <span class='ocrx_word' id='word_1_778' title='bbox 3344 4551 3398 4604; x_wconf 91' lang='lat' dir='ltr'><strong>in</strong></span> <span class='ocrx_word' id='word_1_779' title='bbox 3439 4565 3605 4620; x_wconf 86' lang='lat' dir='ltr'><strong>regno</strong></span> 
     </span>
    </p>
   </div>
   <div class='ocr_carea' id='block_1_104' title="bbox 2027 4640 3605 4711">
    <p class='ocr_par' dir='ltr' id='par_1_104' title="bbox 2027 4640 3605 4711">
     <span class='ocr_line' id='line_1_104' title="bbox 2027 4640 3605 4711; baseline 0.002 -16"><span class='ocrx_word' id='word_1_780' title='bbox 2027 4640 2434 4710; x_wconf 88' lang='lat' dir='ltr'><strong>perseveravit;</strong></span> <span class='ocrx_word' id='word_1_781' title='bbox 2488 4655 2671 4711; x_wconf 89' lang='lat' dir='ltr'><strong>neque</strong></span> <span class='ocrx_word' id='word_1_782' title='bbox 2715 4641 3014 4711; x_wconf 88' lang='lat' dir='ltr'><strong>quidquam</strong></span> <span class='ocrx_word' id='word_1_783' title='bbox 3071 4641 3236 4696; x_wconf 89' lang='lat' dir='ltr'><strong>habet</strong></span> <span class='ocrx_word' id='word_1_784' title='bbox 3269 4641 3336 4696; x_wconf 92' lang='lat' dir='ltr'><strong>ad</strong></span> <span class='ocrx_word' id='word_1_785' title='bbox 3389 4641 3605 4698; x_wconf 84' lang='lat' dir='ltr'><strong>investi-</strong></span> 
     </span>
    </p>
   </div>
   <div class='ocr_carea' id='block_1_105' title="bbox 2027 4729 3310 4803">
    <p class='ocr_par' dir='ltr' id='par_1_105' title="bbox 2027 4729 3310 4803">
     <span class='ocr_line' id='line_1_105' title="bbox 2027 4729 3310 4803; baseline 0 -19"><span class='ocrx_word' id='word_1_786' title='bbox 2027 4731 2258 4803; x_wconf 87' lang='lat' dir='ltr'><strong>gandam</strong></span> <span class='ocrx_word' id='word_1_787' title='bbox 2293 4731 2585 4786; x_wconf 82' lang='lat' dir='ltr'><strong>veritatem</strong></span> <span class='ocrx_word' id='word_1_788' title='bbox 2616 4732 2884 4787; x_wconf 89' lang='lat' dir='ltr'><strong>absonum</strong></span> <span class='ocrx_word' id='word_1_789' title='bbox 2915 4745 2980 4785; x_wconf 92' lang='lat' dir='ltr'><strong>ac</strong></span> <span class='ocrx_word' id='word_1_790' title='bbox 3009 4729 3310 4786; x_wconf 90' lang='lat' dir='ltr'><strong>diversum.</strong></span> 
     </span>
    </p>
   </div>
   <div class='ocr_carea' id='block_1_106' title="bbox 2093 4821 3601 4893">
    <p class='ocr_par' dir='ltr' id='par_1_106' title="bbox 2093 4821 3601 4893">
     <span class='ocr_line' id='line_1_106' title="bbox 2093 4821 3601 4893; baseline 0.001 -17"><span class='ocrx_word' id='word_1_791' title='bbox 2093 4821 2228 4876; x_wconf 80' lang='lat' dir='ltr'><strong>XLI.</strong></span> <span class='ocrx_word' id='word_1_792' title='bbox 2269 4821 2380 4878; x_wconf 89' lang='lat' dir='ltr'><strong>Nec</strong></span> <span class='ocrx_word' id='word_1_793' title='bbox 2426 4822 2712 4878; x_wconf 82' lang='lat' dir='ltr'><strong>dissimilis</strong></span> <span class='ocrx_word' id='word_1_794' title='bbox 2765 4821 2892 4877; x_wconf 93' lang='lat' dir='ltr'><strong>huic</strong></span> <span class='ocrx_word' id='word_1_795' title='bbox 2935 4822 3004 4877; x_wconf 91' lang='lat' dir='ltr'><strong>de</strong></span> <span class='ocrx_word' id='word_1_796' title='bbox 3047 4837 3157 4892; x_wconf 86' lang='lat' dir='ltr'><strong>quo</strong></span> <span class='ocrx_word' id='word_1_797' title='bbox 3194 4821 3402 4893; x_wconf 83' lang='lat' dir='ltr'><strong>agimus</strong></span> <span class='ocrx_word' id='word_1_798' title='bbox 3437 4837 3601 4892; x_wconf 80' lang='lat' dir='ltr'><strong>argu-</strong></span> 
     </span>
    </p>
   </div>
   <div class='ocr_carea' id='block_1_107' title="bbox 2021 4913 3602 4984">
    <p class='ocr_par' dir='ltr' id='par_1_107' title="bbox 2021 4913 3602 4984">
     <span class='ocr_line' id='line_1_107' title="bbox 2021 4913 3602 4984; baseline 0.001 -15"><span class='ocrx_word' id='word_1_799' title='bbox 2021 4914 2193 4969; x_wconf 88' lang='lat' dir='ltr'><strong>menti</strong></span> <span class='ocrx_word' id='word_1_800' title='bbox 2229 4921 2335 4980; x_wconf 89' lang='lat' dir='ltr'><strong>est,</strong></span> <span class='ocrx_word' id='word_1_801' title='bbox 2385 4913 2531 4984; x_wconf 90' lang='lat' dir='ltr'><strong>quod</strong></span> <span class='ocrx_word' id='word_1_802' title='bbox 2577 4913 2630 4968; x_wconf 91' lang='lat' dir='ltr'><strong>in</strong></span> <span class='ocrx_word' id='word_1_803' title='bbox 2667 4913 2961 4983; x_wconf 83' lang='lat' dir='ltr'><strong>Evangelio</strong></span> <span class='ocrx_word' id='word_1_804' title='bbox 2997 4927 3274 4977; x_wconf 88' lang='lat' dir='ltr'><strong>narratur,</strong></span> <span class='ocrx_word' id='word_1_805' title='bbox 3313 4922 3499 4984; x_wconf 88' lang='lat' dir='ltr'><strong>utpote</strong></span> <span class='ocrx_word' id='word_1_806' title='bbox 3533 4915 3602 4970; x_wconf 90' lang='lat' dir='ltr'><strong>ab</strong></span> 
     </span>
    </p>
   </div>
   <div class='ocr_carea' id='block_1_108' title="bbox 2031 5002 3600 5074">
    <p class='ocr_par' dir='ltr' id='par_1_108' title="bbox 2031 5002 3600 5074">
     <span class='ocr_line' id='line_1_108' title="bbox 2031 5002 3600 5074; baseline 0 -15"><span class='ocrx_word' id='word_1_807' title='bbox 2031 5003 2223 5059; x_wconf 89' lang='lat' dir='ltr'><strong>eodem</strong></span> <span class='ocrx_word' id='word_1_808' title='bbox 2271 5011 2494 5058; x_wconf 88' lang='lat' dir='ltr'><strong>auctore</strong></span> <span class='ocrx_word' id='word_1_809' title='bbox 2525 5004 2789 5073; x_wconf 86' lang='lat' dir='ltr'><strong>profecto.</strong></span> <span class='ocrx_word' id='word_1_810' title='bbox 2828 5002 3022 5060; x_wconf 89' lang='lat' dir='ltr'><strong>Decem</strong></span> <span class='ocrx_word' id='word_1_811' title='bbox 3056 5005 3303 5074; x_wconf 87' lang='lat' dir='ltr'><strong>leprosos</strong></span> <span class='ocrx_word' id='word_1_812' title='bbox 3343 5003 3600 5059; x_wconf 82' lang='lat' dir='ltr'><strong>Dominus</strong></span> 
     </span>
    </p>
   </div>
   <div class='ocr_carea' id='block_1_109' title="bbox 2029 5094 3600 5168">
    <p class='ocr_par' dir='ltr' id='par_1_109' title="bbox 2029 5094 3600 5168">
     <span class='ocr_line' id='line_1_109' title="bbox 2029 5094 3600 5168; baseline 0.001 -20"><span class='ocrx_word' id='word_1_813' title='bbox 2029 5094 2196 5168; x_wconf 67' lang='grc'><strong>654</strong></span> <span class='ocrx_word' id='word_1_814' title='bbox 2240 5103 2586 5166; x_wconf 77' lang='lat' dir='ltr'><strong>purgaverat,</strong></span> <span class='ocrx_word' id='word_1_815' title='bbox 2643 5110 2672 5150; x_wconf 93' lang='lat' dir='ltr'><strong>e</strong></span> <span class='ocrx_word' id='word_1_816' title='bbox 2705 5095 2906 5166; x_wconf 89' lang='lat' dir='ltr'><strong>quibus</strong></span> <span class='ocrx_word' id='word_1_817' title='bbox 2948 5111 3142 5150; x_wconf 84' lang='lat' dir='ltr'><strong>novem</strong></span> <span class='ocrx_word' id='word_1_818' title='bbox 3185 5096 3448 5151; x_wconf 88' lang='lat' dir='ltr'><strong>abeuntes</strong></span> <span class='ocrx_word' id='word_1_819' title='bbox 3490 5110 3600 5150; x_wconf 90' lang='lat' dir='ltr'><strong>non</strong></span> 
     </span>
    </p>
   </div>
   <div class='ocr_carea' id='block_1_110' title="bbox 2032 5185 3602 5258">
    <p class='ocr_par' dir='ltr' id='par_1_110' title="bbox 2032 5185 3602 5258">
     <span class='ocr_line' id='line_1_110' title="bbox 2032 5185 3602 5258; baseline -0.001 -17"><span class='ocrx_word' id='word_1_820' title='bbox 2032 5187 2302 5241; x_wconf 88' lang='lat' dir='ltr'><strong>dederunt</strong></span> <span class='ocrx_word' id='word_1_821' title='bbox 2334 5187 2566 5258; x_wconf 87' lang='lat' dir='ltr'><strong>gloriam</strong></span> <span class='ocrx_word' id='word_1_822' title='bbox 2599 5185 2732 5250; x_wconf 89' lang='lat' dir='ltr'><strong>Deo,</strong></span> <span class='ocrx_word' id='word_1_823' title='bbox 2767 5202 2909 5241; x_wconf 92' lang='lat' dir='ltr'><strong>unus</strong></span> <span class='ocrx_word' id='word_1_824' title='bbox 2936 5186 3202 5241; x_wconf 84' lang='lat' dir='ltr'><strong>duntaxat</strong></span> <span class='ocrx_word' id='word_1_825' title='bbox 3231 5187 3446 5241; x_wconf 89' lang='lat' dir='ltr'><strong>rediens</strong></span> <span class='ocrx_word' id='word_1_826' title='bbox 3479 5200 3602 5254; x_wconf 85' lang='lat' dir='ltr'><strong>per-</strong></span> 
     </span>
    </p>
   </div>
   <div class='ocr_carea' id='block_1_111' title="bbox 2033 5278 3596 5350">
    <p class='ocr_par' dir='ltr' id='par_1_111' title="bbox 2033 5278 3596 5350">
     <span class='ocr_line' id='line_1_111' title="bbox 2033 5278 3596 5350; baseline -0.001 -17"><span class='ocrx_word' id='word_1_827' title='bbox 2033 5280 2257 5345; x_wconf 89' lang='lat' dir='ltr'><strong>mansit,</strong></span> <span class='ocrx_word' id='word_1_828' title='bbox 2306 5281 2399 5350; x_wconf 90' lang='lat' dir='ltr'><strong>qui</strong></span> <span class='ocrx_word' id='word_1_829' title='bbox 2426 5294 2457 5334; x_wconf 93' lang='lat' dir='ltr'><strong>a</strong></span> <span class='ocrx_word' id='word_1_830' title='bbox 2483 5278 2718 5334; x_wconf 90' lang='lat' dir='ltr'><strong>Domino</strong></span> <span class='ocrx_word' id='word_1_831' title='bbox 2750 5289 3036 5350; x_wconf 88' lang='lat' dir='ltr'><strong>propterea</strong></span> <span class='ocrx_word' id='word_1_832' title='bbox 3069 5279 3480 5335; x_wconf 85' lang='lat' dir='ltr'><strong>commendatur</strong></span> <span class='ocrx_word' id='word_1_833' title='bbox 3511 5278 3596 5331; x_wconf 87' lang='lat' dir='ltr'><strong>his</strong></span> 
     </span>
    </p>
   </div>
   <div class='ocr_carea' id='block_1_112' title="bbox 2033 5367 3600 5439">
    <p class='ocr_par' dir='ltr' id='par_1_112' title="bbox 2033 5367 3600 5439">
     <span class='ocr_line' id='line_1_112' title="bbox 2033 5367 3600 5439; baseline -0.004 -15"><span class='ocrx_word' id='word_1_834' title='bbox 2033 5371 2255 5426; x_wconf 87' lang='lat' dir='ltr'><strong>verbis:</strong></span> <span class='ocrx_word' id='word_1_835' title='bbox 2283 5370 2474 5425; x_wconf 86' lang='lat' dir='ltr'><strong>Decem</strong></span> <span class='ocrx_word' id='word_1_836' title='bbox 2513 5371 2704 5439; x_wconf 81' lang='lat' dir='ltr'><strong>leprosi</strong></span> <span class='ocrx_word' id='word_1_837' title='bbox 2729 5369 2973 5424; x_wconf 85' lang='lat' dir='ltr'><strong>mundati</strong></span> <span class='ocrx_word' id='word_1_838' title='bbox 3007 5380 3156 5424; x_wconf 88' lang='lat' dir='ltr'><strong>sunt.</strong></span> <span class='ocrx_word' id='word_1_839' title='bbox 3209 5367 3319 5425; x_wconf 88' lang='lat' dir='ltr'><strong>Cur</strong></span> <span class='ocrx_word' id='word_1_840' title='bbox 3357 5385 3505 5423; x_wconf 91' lang='lat' dir='ltr'><strong>nemo</strong></span> <span class='ocrx_word' id='word_1_841' title='bbox 3533 5381 3600 5420; x_wconf 77' lang='lat' dir='ltr'><strong>ea:</strong></span> 
     </span>
    </p>
   </div>
   <div class='ocr_carea' id='block_1_113' title="bbox 2683 5545 3593 5612">
    <p class='ocr_par' dir='ltr' id='par_1_113' title="bbox 2683 5545 3593 5612">
     <span class='ocr_line' id='line_1_113' title="bbox 2683 5545 3593 5612; baseline -0.007 -8"><span class='ocrx_word' id='word_1_842' title='bbox 2683 5550 2704 5581; x_wconf 86' lang='lat'><strong>&quot;</strong></span> <span class='ocrx_word' id='word_1_843' title='bbox 2736 5547 2868 5603; x_wconf 91' lang='lat' dir='ltr'><strong>Luc.</strong></span> <span class='ocrx_word' id='word_1_844' title='bbox 2907 5563 3020 5612; x_wconf 85' lang='lat' dir='ltr'><strong>vni,</strong></span> <span class='ocrx_word' id='word_1_845' title='bbox 3049 5548 3137 5602; x_wconf 72' lang='lat'><strong>27.</strong></span> <span class='ocrx_word' id='word_1_846' title='bbox 3213 5547 3234 5579; x_wconf 83' lang='grc'><strong><em>⁸</em></strong></span> <span class='ocrx_word' id='word_1_847' title='bbox 3271 5545 3401 5600; x_wconf 89' lang='lat' dir='ltr'><strong>Luc.</strong></span> <span class='ocrx_word' id='word_1_848' title='bbox 3434 5559 3593 5610; x_wconf 64' lang='grc' dir='ltr'>χχιιι,</span> 
     </span>
    </p>
   </div>
   <div class='ocr_carea' id='block_1_114' title="bbox 2032 5770 3601 5844">
    <p class='ocr_par' dir='ltr' id='par_1_114' title="bbox 2032 5770 3601 5844">
     <span class='ocr_line' id='line_1_114' title="bbox 2032 5770 3601 5844; baseline -0.003 -12"><span class='ocrx_word' id='word_1_849' title='bbox 2032 5792 2159 5832; x_wconf 89' lang='lat' dir='ltr'><strong>eum</strong></span> <span class='ocrx_word' id='word_1_850' title='bbox 2210 5775 2591 5831; x_wconf 81' lang='lat' dir='ltr'><strong>tantummodo</strong></span> <span class='ocrx_word' id='word_1_851' title='bbox 2643 5776 3166 5840; x_wconf 87' lang='lat' dir='ltr'><strong>commemoraverit,</strong></span> <span class='ocrx_word' id='word_1_852' title='bbox 3222 5774 3313 5844; x_wconf 86' lang='lat' dir='ltr'><strong>qui</strong></span> <span class='ocrx_word' id='word_1_853' title='bbox 3361 5770 3432 5826; x_wconf 88' lang='lat' dir='ltr'><strong>ab</strong></span> <span class='ocrx_word' id='word_1_854' title='bbox 3478 5779 3601 5828; x_wconf 76' lang='lat' dir='ltr'><strong>mo-</strong></span> 
     </span>
    </p>
   </div>
   <div class='ocr_carea' id='block_1_115' title="bbox 2031 5844 3023 5914">
    <p class='ocr_par' dir='ltr' id='par_1_115' title="bbox 2031 5844 3023 5914">
     <span class='ocr_line' id='line_1_115' title="bbox 2031 5844 3023 5914; baseline 0 -14"><span class='ocrx_word' id='word_1_855' title='bbox 2031 5847 2236 5903; x_wconf 82' lang='lat' dir='ltr'><strong>lestiori</strong></span> <span class='ocrx_word' id='word_1_856' title='bbox 2267 5855 2410 5902; x_wconf 88' lang='lat' dir='ltr'><strong>esset</strong></span> <span class='ocrx_word' id='word_1_857' title='bbox 2443 5844 2687 5900; x_wconf 73' lang='lat' dir='ltr'><strong>daztuone</strong></span> <span class='ocrx_word' id='word_1_858' title='bbox 2717 5853 3023 5914; x_wconf 86' lang='lat' dir='ltr'><strong>correptus.</strong></span> 
     </span>
    </p>
   </div>
  </div>
