  <div class='ocr_page' id='page_1' title='image "/cluster/home/n/w/nwhite01/storage/ocr_20150623/42/nnc1.0046978682/053.png"; bbox 0 0 4076 6392; ppageno 0'>
   <div class='ocr_carea' id='block_1_1' title="bbox 456 356 3696 424">
    <p class='ocr_par' dir='ltr' id='par_1_1' title="bbox 456 356 3696 424">
     <span class='ocr_line' id='line_1_1' title="bbox 456 356 3696 424; baseline 0.004 -12"><span class='ocrx_word' id='word_1_1' title='bbox 456 356 521 413; x_wconf 72' lang='lat'><strong>9|</strong></span> <span class='ocrx_word' id='word_1_2' title='bbox 1868 366 1924 421; x_wconf 92' lang='lat' dir='ltr'><strong>S.</strong></span> <span class='ocrx_word' id='word_1_3' title='bbox 1965 366 2300 424; x_wconf 73' lang='lat' dir='ltr'><strong>EPIPHANII</strong></span> <span class='ocrx_word' id='word_1_4' title='bbox 3623 364 3696 424; x_wconf 73' lang='lat'><strong>92</strong></span> 
     </span>
    </p>
   </div>
   <div class='ocr_carea' id='block_1_2' title="bbox 454 470 2018 552">
    <p class='ocr_par' dir='ltr' id='par_1_2' title="bbox 454 470 2018 546">
     <span class='ocr_line' id='line_1_2' title="bbox 454 470 2018 546; baseline 0.006 -24"><span class='ocrx_word' id='word_1_5' title='bbox 454 470 522 524; x_wconf 73' lang='lat' dir='ltr'><strong>iis</strong></span> <span class='ocrx_word' id='word_1_6' title='bbox 563 483 798 526; x_wconf 70' lang='lat' dir='ltr'><strong>reversus</strong></span> <span class='ocrx_word' id='word_1_7' title='bbox 828 481 929 538; x_wconf 84' lang='lat' dir='ltr'><strong>est,</strong></span> <span class='ocrx_word' id='word_1_8' title='bbox 959 475 1049 543; x_wconf 85' lang='lat' dir='ltr'><strong>qui</strong></span> <span class='ocrx_word' id='word_1_9' title='bbox 1070 475 1220 530; x_wconf 86' lang='lat' dir='ltr'><strong>daret</strong></span> <span class='ocrx_word' id='word_1_10' title='bbox 1261 474 1488 546; x_wconf 82' lang='lat' dir='ltr'><strong>gloriam</strong></span> <span class='ocrx_word' id='word_1_11' title='bbox 1527 474 1658 540; x_wconf 84' lang='lat' dir='ltr'><strong>Deo,</strong></span> <span class='ocrx_word' id='word_1_12' title='bbox 1720 478 1824 531; x_wconf 75' lang='lat' dir='ltr'><strong>nisi</strong></span> <span class='ocrx_word' id='word_1_13' title='bbox 1877 478 2018 532; x_wconf 77' lang='lat' dir='ltr'><strong>solus</strong></span> 
     </span>
    </p>
   </div>
   <div class='ocr_carea' id='block_1_3' title="bbox 2121 470 3692 552">
    <p class='ocr_par' dir='ltr' id='par_1_3' title="bbox 2123 472 3692 548">
     <span class='ocr_line' id='line_1_3' title="bbox 2123 472 3692 548; baseline -0.003 -15"><span class='ocrx_word' id='word_1_14' title='bbox 2123 481 2313 546; x_wconf 80' lang='grc' dir='ltr'>δόξαν</span> <span class='ocrx_word' id='word_1_15' title='bbox 2352 482 2431 547; x_wconf 80' lang='grc' dir='ltr'>τῷ</span> <span class='ocrx_word' id='word_1_16' title='bbox 2471 481 2612 548; x_wconf 85' lang='grc' dir='ltr'>Θεῷ,</span> <span class='ocrx_word' id='word_1_17' title='bbox 2643 480 2804 536; x_wconf 72' lang='grc' dir='ltr'><em>ἀλλὰ</em></span> <span class='ocrx_word' id='word_1_18' title='bbox 2829 481 3016 548; x_wconf 81' lang='grc' dir='ltr'><em>μόνος</em></span> <span class='ocrx_word' id='word_1_19' title='bbox 3049 472 3227 541; x_wconf 84' lang='grc' dir='ltr'>οὗτος</span> <span class='ocrx_word' id='word_1_20' title='bbox 3261 478 3291 530; x_wconf 86' lang='grc' dir='ltr'><strong>ό</strong></span> <span class='ocrx_word' id='word_1_21' title='bbox 3324 475 3692 545; x_wconf 71' lang='grc' dir='ltr'><strong>ἀλλογενὴς,</strong></span> 
     </span>
    </p>
   </div>
   <div class='ocr_carea' id='block_1_4' title="bbox 453 559 2018 645">
    <p class='ocr_par' dir='ltr' id='par_1_4' title="bbox 453 559 2018 638">
     <span class='ocr_line' id='line_1_4' title="bbox 453 559 2018 638; baseline 0.007 -26"><span class='ocrx_word' id='word_1_22' title='bbox 453 559 536 612; x_wconf 84' lang='lat' dir='ltr'><strong>hic</strong></span> <span class='ocrx_word' id='word_1_23' title='bbox 575 562 946 632; x_wconf 82' lang='lat' dir='ltr'><strong>alienigena’?</strong></span> <span class='ocrx_word' id='word_1_24' title='bbox 986 565 1176 620; x_wconf 77' lang='lat' dir='ltr'><strong>Viden‘</strong></span> <span class='ocrx_word' id='word_1_25' title='bbox 1213 576 1271 621; x_wconf 90' lang='lat' dir='ltr'><strong>ut</strong></span> <span class='ocrx_word' id='word_1_26' title='bbox 1301 568 1371 622; x_wconf 92' lang='lat' dir='ltr'><strong>ob</strong></span> <span class='ocrx_word' id='word_1_27' title='bbox 1395 567 1514 636; x_wconf 85' lang='lat' dir='ltr'><strong>ejus</strong></span> <span class='ocrx_word' id='word_1_28' title='bbox 1549 576 1761 638; x_wconf 85' lang='lat' dir='ltr'><strong>gratum</strong></span> <span class='ocrx_word' id='word_1_29' title='bbox 1789 570 2018 623; x_wconf 90' lang='lat' dir='ltr'><strong>animum</strong></span> 
     </span>
    </p>
   </div>
   <div class='ocr_carea' id='block_1_5' title="bbox 2121 559 3693 645">
    <p class='ocr_par' dir='ltr' id='par_1_5' title="bbox 2131 567 3693 645">
     <span class='ocr_line' id='line_1_5' title="bbox 2131 567 3693 645; baseline -0.006 -17"><span class='ocrx_word' id='word_1_30' title='bbox 2131 577 2240 628; x_wconf 72' lang='grc' dir='ltr'><strong>Καὶ</strong></span> <span class='ocrx_word' id='word_1_31' title='bbox 2270 576 2423 645; x_wconf 83' lang='grc' dir='ltr'><em>ὁρᾷς,</em></span> <span class='ocrx_word' id='word_1_32' title='bbox 2457 576 2538 628; x_wconf 83' lang='grc' dir='ltr'><strong>ὅτι</strong></span> <span class='ocrx_word' id='word_1_33' title='bbox 2585 574 2672 628; x_wconf 86' lang='grc' dir='ltr'>διὰ</span> <span class='ocrx_word' id='word_1_34' title='bbox 2714 573 2775 626; x_wconf 89' lang='grc' dir='ltr'><strong>τὸ</strong></span> <span class='ocrx_word' id='word_1_35' title='bbox 2823 571 3142 637; x_wconf 83' lang='grc' dir='ltr'>εὐαίσθητον</span> <span class='ocrx_word' id='word_1_36' title='bbox 3171 567 3387 636; x_wconf 78' lang='grc' dir='ltr'>καὶτῆς</span> <span class='ocrx_word' id='word_1_37' title='bbox 3417 567 3693 636; x_wconf 83' lang='grc' dir='ltr'>εὐγνωμο-</span> 
     </span>
    </p>
   </div>
   <div class='ocr_carea' id='block_1_6' title="bbox 455 651 2018 734">
    <p class='ocr_par' dir='ltr' id='par_1_6' title="bbox 455 651 2018 724">
     <span class='ocr_line' id='line_1_6' title="bbox 455 651 2018 724; baseline 0.008 -22"><span class='ocrx_word' id='word_1_38' title='bbox 455 665 522 704; x_wconf 90' lang='lat' dir='ltr'><strong>ac</strong></span> <span class='ocrx_word' id='word_1_39' title='bbox 579 651 827 708; x_wconf 86' lang='lat' dir='ltr'><strong>beneﬁcii</strong></span> <span class='ocrx_word' id='word_1_40' title='bbox 879 657 1240 719; x_wconf 77' lang='lat' dir='ltr'><strong>sentientem,</strong></span> <span class='ocrx_word' id='word_1_41' title='bbox 1298 673 1404 709; x_wconf 89' lang='lat' dir='ltr'><strong>non</strong></span> <span class='ocrx_word' id='word_1_42' title='bbox 1454 657 1663 724; x_wconf 85' lang='lat' dir='ltr'><strong>decem,</strong></span> <span class='ocrx_word' id='word_1_43' title='bbox 1713 657 1807 712; x_wconf 90' lang='lat' dir='ltr'><strong>sed</strong></span> <span class='ocrx_word' id='word_1_44' title='bbox 1867 659 2018 715; x_wconf 75' lang='lat' dir='ltr'><strong>unius</strong></span> 
     </span>
    </p>
   </div>
   <div class='ocr_carea' id='block_1_7' title="bbox 2121 651 3690 734">
    <p class='ocr_par' dir='ltr' id='par_1_7' title="bbox 2132 653 3690 734">
     <span class='ocr_line' id='line_1_7' title="bbox 2132 653 3690 734; baseline -0.007 -17"><span class='ocrx_word' id='word_1_45' title='bbox 2132 663 2294 734; x_wconf 89' lang='grc' dir='ltr'>σύνης</span> <span class='ocrx_word' id='word_1_46' title='bbox 2332 664 2491 734; x_wconf 79' lang='grc' dir='ltr'>ἔργον</span> <span class='ocrx_word' id='word_1_47' title='bbox 2530 663 2624 716; x_wconf 88' lang='grc' dir='ltr'><strong>τοῦ</strong></span> <span class='ocrx_word' id='word_1_48' title='bbox 2669 662 2786 724; x_wconf 87' lang='grc' dir='ltr'>ἐνὸς</span> <span class='ocrx_word' id='word_1_49' title='bbox 2831 660 2949 713; x_wconf 78' lang='grc' dir='ltr'>ἀντὶ</span> <span class='ocrx_word' id='word_1_50' title='bbox 2999 659 3106 710; x_wconf 91' lang='grc' dir='ltr'><strong>τῶν</strong></span> <span class='ocrx_word' id='word_1_51' title='bbox 3157 658 3286 710; x_wconf 81' lang='grc' dir='ltr'>δέκα</span> <span class='ocrx_word' id='word_1_52' title='bbox 3345 653 3690 726; x_wconf 85' lang='grc' dir='ltr'><strong>μνημονεύει.</strong></span> 
     </span>
    </p>
   </div>
   <div class='ocr_carea' id='block_1_8' title="bbox 453 743 2026 819">
    <p class='ocr_par' dir='ltr' id='par_1_8' title="bbox 453 743 2026 819">
     <span class='ocr_line' id='line_1_8' title="bbox 453 743 2026 819; baseline 0.005 -23"><span class='ocrx_word' id='word_1_53' title='bbox 453 743 802 798; x_wconf 87' lang='lat' dir='ltr'><strong>meminerit?</strong></span> <span class='ocrx_word' id='word_1_54' title='bbox 858 745 974 811; x_wconf 87' lang='lat' dir='ltr'><strong>Qua</strong></span> <span class='ocrx_word' id='word_1_55' title='bbox 1055 749 1263 802; x_wconf 77' lang='lat' dir='ltr'><strong>ratione</strong></span> <span class='ocrx_word' id='word_1_56' title='bbox 1325 755 1376 802; x_wconf 89' lang='lat' dir='ltr'><strong>et</strong></span> <span class='ocrx_word' id='word_1_57' title='bbox 1427 748 1559 801; x_wconf 90' lang='lat' dir='ltr'><strong>illud</strong></span> <span class='ocrx_word' id='word_1_58' title='bbox 1621 748 2026 819; x_wconf 86' lang='lat' dir='ltr'><strong>intelligendum</strong></span> 
     </span>
    </p>
   </div>
   <div class='ocr_carea' id='block_1_9' title="bbox 451 837 2024 910">
    <p class='ocr_par' dir='ltr' id='par_1_9' title="bbox 451 837 2024 910">
     <span class='ocr_line' id='line_1_9' title="bbox 451 837 2024 910; baseline 0.005 -22"><span class='ocrx_word' id='word_1_59' title='bbox 451 844 558 902; x_wconf 88' lang='lat' dir='ltr'><strong>est,</strong></span> <span class='ocrx_word' id='word_1_60' title='bbox 598 837 741 906; x_wconf 91' lang='lat' dir='ltr'><strong>quod</strong></span> <span class='ocrx_word' id='word_1_61' title='bbox 785 839 852 894; x_wconf 90' lang='lat' dir='ltr'><strong>de</strong></span> <span class='ocrx_word' id='word_1_62' title='bbox 897 840 1201 895; x_wconf 84' lang='lat' dir='ltr'><strong>latronibus</strong></span> <span class='ocrx_word' id='word_1_63' title='bbox 1232 842 1564 910; x_wconf 72' lang='lat' dir='ltr'><strong>evangelista</strong></span> <span class='ocrx_word' id='word_1_64' title='bbox 1607 854 2024 898; x_wconf 92' lang='lat' dir='ltr'><strong>commemorat.</strong></span> 
     </span>
    </p>
   </div>
   <div class='ocr_carea' id='block_1_10' title="bbox 371 929 2026 1003">
    <p class='ocr_par' dir='ltr' id='par_1_10' title="bbox 371 929 2026 1003">
     <span class='ocr_line' id='line_1_10' title="bbox 371 929 2026 1003; baseline 0.003 -20"><span class='ocrx_word' id='word_1_65' title='bbox 371 967 374 971; x_wconf 65' lang='grc' dir='ltr'><strong>ι</strong></span> <span class='ocrx_word' id='word_1_66' title='bbox 457 929 710 984; x_wconf 87' lang='lat' dir='ltr'><strong>Solemus</strong></span> <span class='ocrx_word' id='word_1_67' title='bbox 766 933 909 984; x_wconf 89' lang='lat' dir='ltr'><strong>enim</strong></span> <span class='ocrx_word' id='word_1_68' title='bbox 978 932 1274 1001; x_wconf 81' lang='lat' dir='ltr'><strong>singularia</strong></span> <span class='ocrx_word' id='word_1_69' title='bbox 1347 949 1738 1003; x_wconf 82' lang='lat' dir='ltr'><strong>nonnunquam</strong></span> <span class='ocrx_word' id='word_1_70' title='bbox 1799 950 2026 989; x_wconf 91' lang='lat' dir='ltr'><strong>numero</strong></span> 
     </span>
    </p>
   </div>
   <div class='ocr_carea' id='block_1_11' title="bbox 453 1021 2022 1095">
    <p class='ocr_par' dir='ltr' id='par_1_11' title="bbox 453 1021 2022 1095">
     <span class='ocr_line' id='line_1_11' title="bbox 453 1021 2022 1095; baseline 0.002 -20"><span class='ocrx_word' id='word_1_71' title='bbox 453 1022 818 1077; x_wconf 85' lang='lat' dir='ltr'><strong>multitudinis</strong></span> <span class='ocrx_word' id='word_1_72' title='bbox 856 1021 1064 1087; x_wconf 68' lang='lat' dir='ltr'><strong>ell‘erre,</strong></span> <span class='ocrx_word' id='word_1_73' title='bbox 1113 1032 1167 1078; x_wconf 91' lang='lat' dir='ltr'><strong>et</strong></span> <span class='ocrx_word' id='word_1_74' title='bbox 1211 1032 1397 1078; x_wconf 87' lang='lat' dir='ltr'><strong>contra</strong></span> <span class='ocrx_word' id='word_1_75' title='bbox 1444 1025 1671 1094; x_wconf 85' lang='lat' dir='ltr'><strong>pluralia</strong></span> <span class='ocrx_word' id='word_1_76' title='bbox 1719 1024 2022 1095; x_wconf 75' lang='lat' dir='ltr'><strong>singulari;</strong></span> 
     </span>
    </p>
   </div>
   <div class='ocr_carea' id='block_1_12' title="bbox 451 1110 2025 1178">
    <p class='ocr_par' dir='ltr' id='par_1_12' title="bbox 451 1110 2025 1178">
     <span class='ocr_line' id='line_1_12' title="bbox 451 1110 2025 1178; baseline 0.006 -18"><span class='ocrx_word' id='word_1_77' title='bbox 451 1111 599 1164; x_wconf 86' lang='lat' dir='ltr'><strong>velut</strong></span> <span class='ocrx_word' id='word_1_78' title='bbox 643 1125 772 1164; x_wconf 80' lang='lat' dir='ltr'><strong>cum</strong></span> <span class='ocrx_word' id='word_1_79' title='bbox 807 1110 1039 1166; x_wconf 89' lang='lat' dir='ltr'><strong>dicimus</strong></span> <span class='ocrx_word' id='word_1_80' title='bbox 1069 1131 1082 1166; x_wconf 89' lang='lat'><strong>:</strong></span> <span class='ocrx_word' id='word_1_81' title='bbox 1118 1111 1470 1167; x_wconf 87' lang='lat' dir='ltr'><strong>Narravimus</strong></span> <span class='ocrx_word' id='word_1_82' title='bbox 1507 1114 1682 1178; x_wconf 86' lang='lat' dir='ltr'><strong>vobis,</strong></span> <span class='ocrx_word' id='word_1_83' title='bbox 1707 1124 1759 1168; x_wconf 91' lang='lat' dir='ltr'><strong>et</strong></span> <span class='ocrx_word' id='word_1_84' title='bbox 1793 1115 2025 1170; x_wconf 83' lang='lat' dir='ltr'><strong>vidimus</strong></span> 
     </span>
    </p>
   </div>
   <div class='ocr_carea' id='block_1_13' title="bbox 456 1202 2025 1276">
    <p class='ocr_par' dir='ltr' id='par_1_13' title="bbox 456 1202 2025 1276">
     <span class='ocr_line' id='line_1_13' title="bbox 456 1202 2025 1276; baseline 0.005 -22"><span class='ocrx_word' id='word_1_85' title='bbox 456 1213 577 1266; x_wconf 81' lang='lat' dir='ltr'><strong>vos,</strong></span> <span class='ocrx_word' id='word_1_86' title='bbox 603 1209 656 1255; x_wconf 89' lang='lat' dir='ltr'><strong>et</strong></span> <span class='ocrx_word' id='word_1_87' title='bbox 691 1202 936 1258; x_wconf 87' lang='lat' dir='ltr'><strong>venimus</strong></span> <span class='ocrx_word' id='word_1_88' title='bbox 980 1202 1048 1256; x_wconf 90' lang='lat' dir='ltr'><strong>ad</strong></span> <span class='ocrx_word' id='word_1_89' title='bbox 1080 1219 1216 1269; x_wconf 89' lang='lat' dir='ltr'><strong>vos;</strong></span> <span class='ocrx_word' id='word_1_90' title='bbox 1261 1220 1384 1259; x_wconf 86' lang='lat' dir='ltr'><strong>eum</strong></span> <span class='ocrx_word' id='word_1_91' title='bbox 1435 1205 1650 1259; x_wconf 87' lang='lat' dir='ltr'><strong>interim</strong></span> <span class='ocrx_word' id='word_1_92' title='bbox 1697 1220 1804 1259; x_wconf 92' lang='lat' dir='ltr'><strong>non</strong></span> <span class='ocrx_word' id='word_1_93' title='bbox 1845 1207 2025 1276; x_wconf 87' lang='lat' dir='ltr'><strong>plures</strong></span> 
     </span>
    </p>
   </div>
   <div class='ocr_carea' id='block_1_14' title="bbox 452 1288 2020 1366">
    <p class='ocr_par' dir='ltr' id='par_1_14' title="bbox 452 1288 2020 1366">
     <span class='ocr_line' id='line_1_14' title="bbox 452 1288 2020 1366; baseline 0.006 -22"><span class='ocrx_word' id='word_1_94' title='bbox 452 1288 585 1352; x_wconf 86' lang='lat' dir='ltr'><strong>sint,</strong></span> <span class='ocrx_word' id='word_1_95' title='bbox 619 1291 713 1344; x_wconf 87' lang='lat' dir='ltr'><strong>sed</strong></span> <span class='ocrx_word' id='word_1_96' title='bbox 748 1308 890 1347; x_wconf 89' lang='lat' dir='ltr'><strong>unus</strong></span> <span class='ocrx_word' id='word_1_97' title='bbox 919 1292 1184 1348; x_wconf 81' lang='lat' dir='ltr'><strong>duntaxat</strong></span> <span class='ocrx_word' id='word_1_98' title='bbox 1219 1298 1310 1365; x_wconf 91' lang='lat' dir='ltr'><strong>qui</strong></span> <span class='ocrx_word' id='word_1_99' title='bbox 1347 1297 1605 1366; x_wconf 88' lang='lat' dir='ltr'><strong>loquitur.</strong></span> <span class='ocrx_word' id='word_1_100' title='bbox 1652 1296 1848 1352; x_wconf 89' lang='lat' dir='ltr'><strong>Verum</strong></span> <span class='ocrx_word' id='word_1_101' title='bbox 1879 1316 2020 1355; x_wconf 91' lang='lat' dir='ltr'><strong>unus</strong></span> 
     </span>
    </p>
   </div>
   <div class='ocr_carea' id='block_1_15' title="bbox 450 1382 2025 1460">
    <p class='ocr_par' dir='ltr' id='par_1_15' title="bbox 450 1382 2025 1460">
     <span class='ocr_line' id='line_1_15' title="bbox 450 1382 2025 1460; baseline 0.007 -27"><span class='ocrx_word' id='word_1_102' title='bbox 450 1382 732 1436; x_wconf 91' lang='lat' dir='ltr'><strong>communi</strong></span> <span class='ocrx_word' id='word_1_103' title='bbox 792 1383 1046 1453; x_wconf 85' lang='lat' dir='ltr'><strong>loquendi</strong></span> <span class='ocrx_word' id='word_1_104' title='bbox 1091 1389 1486 1443; x_wconf 85' lang='lat' dir='ltr'><strong>consuetudine</strong></span> <span class='ocrx_word' id='word_1_105' title='bbox 1523 1405 1587 1443; x_wconf 82' lang='lat' dir='ltr'><strong>ex</strong></span> <span class='ocrx_word' id='word_1_106' title='bbox 1629 1389 1866 1458; x_wconf 88' lang='lat' dir='ltr'><strong>plurium</strong></span> <span class='ocrx_word' id='word_1_107' title='bbox 1903 1407 2025 1460; x_wconf 89' lang='lat' dir='ltr'><strong>per-</strong></span> 
     </span>
    </p>
   </div>
   <div class='ocr_carea' id='block_1_16' title="bbox 450 1473 2023 1550">
    <p class='ocr_par' dir='ltr' id='par_1_16' title="bbox 450 1473 2023 1550">
     <span class='ocr_line' id='line_1_16' title="bbox 450 1473 2023 1550; baseline 0.006 -28"><span class='ocrx_word' id='word_1_108' title='bbox 450 1482 586 1522; x_wconf 87' lang='lat' dir='ltr'><strong>sona</strong></span> <span class='ocrx_word' id='word_1_109' title='bbox 632 1485 935 1526; x_wconf 89' lang='lat' dir='ltr'><strong>sermonem</strong></span> <span class='ocrx_word' id='word_1_110' title='bbox 985 1473 1240 1529; x_wconf 88' lang='lat' dir='ltr'><strong>instituit.</strong></span> <span class='ocrx_word' id='word_1_111' title='bbox 1297 1476 1388 1529; x_wconf 90' lang='lat' dir='ltr'><strong>Sic</strong></span> <span class='ocrx_word' id='word_1_112' title='bbox 1432 1477 1500 1530; x_wconf 88' lang='lat' dir='ltr'><strong>ab</strong></span> <span class='ocrx_word' id='word_1_113' title='bbox 1536 1492 1645 1532; x_wconf 92' lang='lat' dir='ltr'><strong>uno</strong></span> <span class='ocrx_word' id='word_1_114' title='bbox 1689 1480 2023 1550; x_wconf 78' lang='lat' dir='ltr'><strong>evangelista</strong></span> 
     </span>
    </p>
   </div>
   <div class='ocr_carea' id='block_1_17' title="bbox 450 1558 2022 1633">
    <p class='ocr_par' dir='ltr' id='par_1_17' title="bbox 450 1558 2022 1633">
     <span class='ocr_line' id='line_1_17' title="bbox 450 1558 2022 1633; baseline 0.01 -24"><span class='ocrx_word' id='word_1_115' title='bbox 450 1558 680 1627; x_wconf 87' lang='lat' dir='ltr'><strong>pluralis</strong></span> <span class='ocrx_word' id='word_1_116' title='bbox 728 1571 1027 1632; x_wconf 73' lang='lat' dir='ltr'><strong>usurpatus</strong></span> <span class='ocrx_word' id='word_1_117' title='bbox 1059 1572 1144 1620; x_wconf 91' lang='lat' dir='ltr'><strong>est</strong></span> <span class='ocrx_word' id='word_1_118' title='bbox 1175 1582 1477 1633; x_wconf 90' lang='lat' dir='ltr'><strong>numerus;</strong></span> <span class='ocrx_word' id='word_1_119' title='bbox 1518 1568 1655 1622; x_wconf 86' lang='lat' dir='ltr'><strong>alter</strong></span> <span class='ocrx_word' id='word_1_120' title='bbox 1695 1584 1824 1624; x_wconf 88' lang='lat' dir='ltr'><strong>vero</strong></span> <span class='ocrx_word' id='word_1_121' title='bbox 1853 1585 2022 1624; x_wconf 91' lang='lat' dir='ltr'><strong>unum</strong></span> 
     </span>
    </p>
   </div>
   <div class='ocr_carea' id='block_1_18' title="bbox 449 1649 2020 1727">
    <p class='ocr_par' dir='ltr' id='par_1_18' title="bbox 449 1649 2020 1727">
     <span class='ocr_line' id='line_1_18' title="bbox 449 1649 2020 1727; baseline 0.008 -26"><span class='ocrx_word' id='word_1_122' title='bbox 449 1666 480 1702; x_wconf 90' lang='lat' dir='ltr'><strong>e</strong></span> <span class='ocrx_word' id='word_1_123' title='bbox 507 1649 816 1708; x_wconf 88' lang='lat' dir='ltr'><strong>latronibus</strong></span> <span class='ocrx_word' id='word_1_124' title='bbox 842 1654 899 1708; x_wconf 89' lang='lat' dir='ltr'><strong>in</strong></span> <span class='ocrx_word' id='word_1_125' title='bbox 927 1654 1209 1710; x_wconf 90' lang='lat' dir='ltr'><strong>Christum</strong></span> <span class='ocrx_word' id='word_1_126' title='bbox 1250 1657 1574 1712; x_wconf 89' lang='lat' dir='ltr'><strong>maledicum</strong></span> <span class='ocrx_word' id='word_1_127' title='bbox 1623 1657 1794 1715; x_wconf 81' lang='lat' dir='ltr'><strong>fuisse</strong></span> <span class='ocrx_word' id='word_1_128' title='bbox 1827 1660 2020 1727; x_wconf 88' lang='lat' dir='ltr'><strong>docet;</strong></span> 
     </span>
    </p>
   </div>
   <div class='ocr_carea' id='block_1_19' title="bbox 450 1733 2022 1811">
    <p class='ocr_par' dir='ltr' id='par_1_19' title="bbox 450 1733 2022 1811">
     <span class='ocr_line' id='line_1_19' title="bbox 450 1733 2022 1811; baseline 0.01 -21"><span class='ocrx_word' id='word_1_129' title='bbox 450 1737 679 1794; x_wconf 85' lang='lat' dir='ltr'><strong>alterum</strong></span> <span class='ocrx_word' id='word_1_130' title='bbox 735 1758 866 1797; x_wconf 85' lang='lat' dir='ltr'><strong>vero</strong></span> <span class='ocrx_word' id='word_1_131' title='bbox 912 1745 1251 1811; x_wconf 82' lang='lat' dir='ltr'><strong>confessum,</strong></span> <span class='ocrx_word' id='word_1_132' title='bbox 1303 1761 1367 1801; x_wconf 92' lang='lat' dir='ltr'><strong>ac</strong></span> <span class='ocrx_word' id='word_1_133' title='bbox 1401 1733 1630 1804; x_wconf 77' lang='lat' dir='ltr'><strong>salutem</strong></span> <span class='ocrx_word' id='word_1_134' title='bbox 1677 1749 1848 1806; x_wconf 83' lang='lat' dir='ltr'><strong>fuisse</strong></span> <span class='ocrx_word' id='word_1_135' title='bbox 1885 1765 2022 1806; x_wconf 90' lang='lat' dir='ltr'><strong>con-</strong></span> 
     </span>
    </p>
   </div>
   <div class='ocr_carea' id='block_1_20' title="bbox 2141 745 3693 823">
    <p class='ocr_par' dir='ltr' id='par_1_20' title="bbox 2141 745 3693 823">
     <span class='ocr_line' id='line_1_20' title="bbox 2141 745 3693 823; baseline -0.006 -17"><span class='ocrx_word' id='word_1_136' title='bbox 2141 754 2409 818; x_wconf 85' lang='grc' dir='ltr'>Ὡσαύτως</span> <span class='ocrx_word' id='word_1_137' title='bbox 2438 754 2494 806; x_wconf 81' lang='grc' dir='ltr'><strong>δὲ</strong></span> <span class='ocrx_word' id='word_1_138' title='bbox 2519 753 2703 823; x_wconf 80' lang='grc' dir='ltr'>ἐπειδὴ</span> <span class='ocrx_word' id='word_1_139' title='bbox 2730 755 2758 805; x_wconf 97' lang='lat'><strong>6</strong></span> <span class='ocrx_word' id='word_1_140' title='bbox 2792 746 2869 814; x_wconf 79' lang='grc' dir='ltr'><strong>εἷς</strong></span> <span class='ocrx_word' id='word_1_141' title='bbox 2906 748 3292 818; x_wconf 83' lang='grc' dir='ltr'>εὑαγγελιστὴς</span> <span class='ocrx_word' id='word_1_142' title='bbox 3322 747 3449 816; x_wconf 72' lang='grc' dir='ltr'>περὶ</span> <span class='ocrx_word' id='word_1_143' title='bbox 3483 745 3693 819; x_wconf 76' lang='grc' dir='ltr'>λῃστῶν</span> 
     </span>
    </p>
   </div>
   <div class='ocr_carea' id='block_1_21' title="bbox 2127 835 3692 914">
    <p class='ocr_par' dir='ltr' id='par_1_21' title="bbox 2127 835 3692 914">
     <span class='ocr_line' id='line_1_21' title="bbox 2127 835 3692 914; baseline -0.004 -19"><span class='ocrx_word' id='word_1_144' title='bbox 2127 845 2550 914; x_wconf 83' lang='grc' dir='ltr'>ἐμνημόνευσεν.</span> <span class='ocrx_word' id='word_1_145' title='bbox 2586 842 2869 912; x_wconf 84' lang='grc' dir='ltr'>Είώθαμεν</span> <span class='ocrx_word' id='word_1_146' title='bbox 2901 843 3009 911; x_wconf 85' lang='grc' dir='ltr'><strong>γάρ</strong></span> <span class='ocrx_word' id='word_1_147' title='bbox 3046 840 3112 892; x_wconf 84' lang='grc' dir='ltr'>τὰ</span> <span class='ocrx_word' id='word_1_148' title='bbox 3156 839 3310 892; x_wconf 87' lang='grc' dir='ltr'>ἐνικά</span> <span class='ocrx_word' id='word_1_149' title='bbox 3356 835 3692 908; x_wconf 88' lang='grc' dir='ltr'>πληθυντικά</span> 
     </span>
    </p>
   </div>
   <div class='ocr_carea' id='block_1_22' title="bbox 2127 927 3690 1006">
    <p class='ocr_par' dir='ltr' id='par_1_22' title="bbox 2127 927 3690 1006">
     <span class='ocr_line' id='line_1_22' title="bbox 2127 927 3690 1006; baseline -0.006 -18"><span class='ocrx_word' id='word_1_150' title='bbox 2127 936 2325 1004; x_wconf 86' lang='grc' dir='ltr'>λέγειν,</span> <span class='ocrx_word' id='word_1_151' title='bbox 2355 936 2449 988; x_wconf 74' lang='grc' dir='ltr'>καὶ</span> <span class='ocrx_word' id='word_1_152' title='bbox 2472 934 2542 988; x_wconf 82' lang='grc' dir='ltr'><strong>τά</strong></span> <span class='ocrx_word' id='word_1_153' title='bbox 2577 933 2914 1006; x_wconf 86' lang='grc' dir='ltr'>πληθυντικὰ</span> <span class='ocrx_word' id='word_1_154' title='bbox 2942 933 3115 986; x_wconf 90' lang='grc' dir='ltr'>ἐνικά.</span> <span class='ocrx_word' id='word_1_155' title='bbox 3149 931 3432 999; x_wconf 85' lang='grc' dir='ltr'>Φάσκομεν</span> <span class='ocrx_word' id='word_1_156' title='bbox 3451 927 3579 998; x_wconf 78' lang='grc' dir='ltr'>γὰρ,</span> <span class='ocrx_word' id='word_1_157' title='bbox 3611 928 3690 979; x_wconf 83' lang='grc' dir='ltr'>ὅτι</span> 
     </span>
    </p>
   </div>
   <div class='ocr_carea' id='block_1_23' title="bbox 2127 1020 3691 1096">
    <p class='ocr_par' dir='ltr' id='par_1_23' title="bbox 2127 1020 3691 1096">
     <span class='ocr_line' id='line_1_23' title="bbox 2127 1020 3691 1096; baseline -0.006 -18"><span class='ocrx_word' id='word_1_158' title='bbox 2127 1026 2513 1096; x_wconf 89' lang='grc' dir='ltr'>Διηγησάμεθα</span> <span class='ocrx_word' id='word_1_159' title='bbox 2547 1027 2694 1095; x_wconf 80' lang='grc' dir='ltr'>ὑμῖν,</span> <span class='ocrx_word' id='word_1_160' title='bbox 2745 1027 2838 1078; x_wconf 76' lang='grc' dir='ltr'>καὶ</span> <span class='ocrx_word' id='word_1_161' title='bbox 2890 1023 3099 1093; x_wconf 74' lang='grc' dir='ltr'>εἴδομεν</span> <span class='ocrx_word' id='word_1_162' title='bbox 3136 1023 3300 1092; x_wconf 80' lang='grc' dir='ltr'>ὑμᾶς,</span> <span class='ocrx_word' id='word_1_163' title='bbox 3347 1021 3440 1073; x_wconf 82' lang='grc' dir='ltr'><strong>καὶ</strong></span> <span class='ocrx_word' id='word_1_164' title='bbox 3485 1020 3691 1089; x_wconf 76' lang='grc' dir='ltr'>ἥκομεν</span> 
     </span>
    </p>
   </div>
   <div class='ocr_carea' id='block_1_24' title="bbox 2127 1105 3690 1188">
    <p class='ocr_par' dir='ltr' id='par_1_24' title="bbox 2127 1105 3690 1188">
     <span class='ocr_line' id='line_1_24' title="bbox 2127 1105 3690 1188; baseline -0.006 -17"><span class='ocrx_word' id='word_1_165' title='bbox 2127 1118 2262 1188; x_wconf 89' lang='grc' dir='ltr'>πρὸς</span> <span class='ocrx_word' id='word_1_166' title='bbox 2312 1119 2474 1188; x_wconf 83' lang='grc' dir='ltr'>ὑμᾶς.</span> <span class='ocrx_word' id='word_1_167' title='bbox 2527 1117 2638 1170; x_wconf 77' lang='grc' dir='ltr'><strong>Καὶ</strong></span> <span class='ocrx_word' id='word_1_168' title='bbox 2693 1118 2752 1168; x_wconf 77' lang='grc' dir='ltr'><strong>οὐ</strong></span> <span class='ocrx_word' id='word_1_169' title='bbox 2800 1115 2892 1168; x_wconf 87' lang='grc' dir='ltr'><strong>δύο</strong></span> <span class='ocrx_word' id='word_1_170' title='bbox 2947 1117 2997 1168; x_wconf 74' lang='lat' dir='ltr'><strong>oi</strong></span> <span class='ocrx_word' id='word_1_171' title='bbox 3027 1115 3295 1182; x_wconf 86' lang='grc' dir='ltr'>λέγοντες,</span> <span class='ocrx_word' id='word_1_172' title='bbox 3349 1111 3484 1165; x_wconf 90' lang='grc' dir='ltr'><strong>άλλά</strong></span> <span class='ocrx_word' id='word_1_173' title='bbox 3522 1105 3601 1173; x_wconf 78' lang='grc' dir='ltr'><strong>εἷς</strong></span> <span class='ocrx_word' id='word_1_174' title='bbox 3661 1111 3690 1161; x_wconf 88' lang='grc' dir='ltr'><strong>ὀ</strong></span> 
     </span>
    </p>
   </div>
   <div class='ocr_carea' id='block_1_25' title="bbox 2127 1202 3692 1280">
    <p class='ocr_par' dir='ltr' id='par_1_25' title="bbox 2127 1202 3692 1280">
     <span class='ocr_line' id='line_1_25' title="bbox 2127 1202 3692 1280; baseline -0.003 -19"><span class='ocrx_word' id='word_1_175' title='bbox 2127 1207 2335 1280; x_wconf 86' lang='grc' dir='ltr'>παρών.</span> <span class='ocrx_word' id='word_1_176' title='bbox 2377 1210 2435 1262; x_wconf 89' lang='lat'><strong>&#39;0</strong></span> <span class='ocrx_word' id='word_1_177' title='bbox 2461 1208 2517 1261; x_wconf 80' lang='grc' dir='ltr'><strong>δὲ</strong></span> <span class='ocrx_word' id='word_1_178' title='bbox 2547 1202 2628 1271; x_wconf 81' lang='grc' dir='ltr'><strong>εἷς</strong></span> <span class='ocrx_word' id='word_1_179' title='bbox 2656 1208 2793 1262; x_wconf 89' lang='grc' dir='ltr'><strong>κατά</strong></span> <span class='ocrx_word' id='word_1_180' title='bbox 2842 1207 2938 1279; x_wconf 81' lang='grc' dir='ltr'>τὴν</span> <span class='ocrx_word' id='word_1_181' title='bbox 2971 1205 3259 1276; x_wconf 89' lang='grc' dir='ltr'>συνήθειαν</span> <span class='ocrx_word' id='word_1_182' title='bbox 3308 1207 3407 1276; x_wconf 83' lang='grc' dir='ltr'>τῆς</span> <span class='ocrx_word' id='word_1_183' title='bbox 3446 1206 3692 1275; x_wconf 81' lang='grc' dir='ltr'>χρήσεως</span> 
     </span>
    </p>
   </div>
   <div class='ocr_carea' id='block_1_26' title="bbox 2124 1293 3692 1368">
    <p class='ocr_par' dir='ltr' id='par_1_26' title="bbox 2124 1293 3692 1368">
     <span class='ocr_line' id='line_1_26' title="bbox 2124 1293 3692 1368; baseline -0.003 -18"><span class='ocrx_word' id='word_1_184' title='bbox 2124 1299 2189 1350; x_wconf 86' lang='grc' dir='ltr'><strong>ἐκ</strong></span> <span class='ocrx_word' id='word_1_185' title='bbox 2227 1297 2518 1368; x_wconf 83' lang='grc' dir='ltr'>προσώπου</span> <span class='ocrx_word' id='word_1_186' title='bbox 2565 1297 2773 1351; x_wconf 87' lang='grc' dir='ltr'>πολλῶν</span> <span class='ocrx_word' id='word_1_187' title='bbox 2803 1296 3176 1367; x_wconf 84' lang='grc' dir='ltr'>πληθυντικῶς</span> <span class='ocrx_word' id='word_1_188' title='bbox 3201 1295 3483 1366; x_wconf 85' lang='grc' dir='ltr'>διηγεῖται.</span> <span class='ocrx_word' id='word_1_189' title='bbox 3536 1293 3692 1347; x_wconf 84' lang='grc' dir='ltr'>υῦτω</span> 
     </span>
    </p>
   </div>
   <div class='ocr_carea' id='block_1_27' title="bbox 2125 1385 3693 1461">
    <p class='ocr_par' dir='ltr' id='par_1_27' title="bbox 2125 1385 3693 1461">
     <span class='ocr_line' id='line_1_27' title="bbox 2125 1385 3693 1461; baseline -0.003 -19"><span class='ocrx_word' id='word_1_190' title='bbox 2125 1389 2500 1460; x_wconf 85' lang='grc' dir='ltr'>πληθυντικῶς</span> <span class='ocrx_word' id='word_1_191' title='bbox 2553 1390 2900 1461; x_wconf 76' lang='grc' dir='ltr'>περιείληφεν</span> <span class='ocrx_word' id='word_1_192' title='bbox 2935 1391 2968 1459; x_wconf 78' lang='grc' dir='ltr'>ἡ</span> <span class='ocrx_word' id='word_1_193' title='bbox 2998 1387 3093 1440; x_wconf 87' lang='grc' dir='ltr'><strong>τοῦ</strong></span> <span class='ocrx_word' id='word_1_194' title='bbox 3132 1386 3462 1456; x_wconf 81' lang='grc' dir='ltr'>Εὐαγγελίου</span> <span class='ocrx_word' id='word_1_195' title='bbox 3507 1385 3693 1438; x_wconf 88' lang='grc' dir='ltr'>ὑπόθε-</span> 
     </span>
    </p>
   </div>
   <div class='ocr_carea' id='block_1_28' title="bbox 2126 1472 3692 1552">
    <p class='ocr_par' dir='ltr' id='par_1_28' title="bbox 2126 1472 3692 1552">
     <span class='ocr_line' id='line_1_28' title="bbox 2126 1472 3692 1552; baseline -0.004 -18"><span class='ocrx_word' id='word_1_196' title='bbox 2126 1498 2228 1544; x_wconf 87' lang='grc' dir='ltr'>σις.</span> <span class='ocrx_word' id='word_1_197' title='bbox 2270 1482 2328 1534; x_wconf 85' lang='lat' dir='ltr'><strong>&#39;U</strong></span> <span class='ocrx_word' id='word_1_198' title='bbox 2352 1481 2407 1533; x_wconf 81' lang='grc' dir='ltr'>δὲ</span> <span class='ocrx_word' id='word_1_199' title='bbox 2432 1481 2616 1552; x_wconf 70' lang='grc' dir='ltr'>ἕτερος</span> <span class='ocrx_word' id='word_1_200' title='bbox 2638 1481 2921 1551; x_wconf 85' lang='grc' dir='ltr'>διηγεῖται,</span> <span class='ocrx_word' id='word_1_201' title='bbox 2951 1479 3035 1531; x_wconf 79' lang='grc' dir='ltr'><strong>ὅτι</strong></span> <span class='ocrx_word' id='word_1_202' title='bbox 3059 1472 3139 1540; x_wconf 78' lang='grc' dir='ltr'><strong>εἷς</strong></span> <span class='ocrx_word' id='word_1_203' title='bbox 3171 1477 3270 1548; x_wconf 82' lang='grc' dir='ltr'><strong>μὲν</strong></span> <span class='ocrx_word' id='word_1_204' title='bbox 3295 1473 3364 1548; x_wconf 83' lang='grc' dir='ltr'>ἦν</span> <span class='ocrx_word' id='word_1_205' title='bbox 3391 1479 3419 1530; x_wconf 93' lang='lat'><strong>6</strong></span> <span class='ocrx_word' id='word_1_206' title='bbox 3451 1476 3692 1546; x_wconf 85' lang='grc' dir='ltr'>βλάσφη-</span> 
     </span>
    </p>
   </div>
   <div class='ocr_carea' id='block_1_29' title="bbox 2127 1567 3691 1642">
    <p class='ocr_par' dir='ltr' id='par_1_29' title="bbox 2127 1567 3691 1642">
     <span class='ocr_line' id='line_1_29' title="bbox 2127 1567 3691 1642; baseline -0.001 -18"><span class='ocrx_word' id='word_1_207' title='bbox 2127 1589 2246 1642; x_wconf 89' lang='grc' dir='ltr'>μος,</span> <span class='ocrx_word' id='word_1_208' title='bbox 2277 1573 2305 1624; x_wconf 91' lang='lat'><strong>6</strong></span> <span class='ocrx_word' id='word_1_209' title='bbox 2330 1572 2386 1624; x_wconf 88' lang='grc' dir='ltr'><strong>δέ</strong></span> <span class='ocrx_word' id='word_1_210' title='bbox 2416 1567 2495 1635; x_wconf 80' lang='grc' dir='ltr'>εἷς</span> <span class='ocrx_word' id='word_1_211' title='bbox 2522 1571 2909 1642; x_wconf 81' lang='grc' dir='ltr'>ἐξωμολογεῖτο</span> <span class='ocrx_word' id='word_1_212' title='bbox 2946 1571 3040 1624; x_wconf 80' lang='grc' dir='ltr'>καὶ</span> <span class='ocrx_word' id='word_1_213' title='bbox 3081 1569 3237 1640; x_wconf 78' lang='grc' dir='ltr'>ἔτυχε</span> <span class='ocrx_word' id='word_1_214' title='bbox 3266 1570 3555 1641; x_wconf 80' lang='grc' dir='ltr'><strong>σωτηρίας.</strong></span> <span class='ocrx_word' id='word_1_215' title='bbox 3582 1570 3691 1623; x_wconf 71' lang='grc' dir='ltr'><strong>Καὶ</strong></span> 
     </span>
    </p>
   </div>
   <div class='ocr_carea' id='block_1_30' title="bbox 2122 1660 3690 1732">
    <p class='ocr_par' dir='ltr' id='par_1_30' title="bbox 2122 1660 3690 1732">
     <span class='ocr_line' id='line_1_30' title="bbox 2122 1660 3690 1732; baseline -0.001 -18"><span class='ocrx_word' id='word_1_216' title='bbox 2122 1663 2272 1732; x_wconf 83' lang='grc' dir='ltr'><strong>ὁρᾷς,</strong></span> <span class='ocrx_word' id='word_1_217' title='bbox 2301 1661 2375 1724; x_wconf 89' lang='grc' dir='ltr'><strong>ώς</strong></span> <span class='ocrx_word' id='word_1_218' title='bbox 2412 1661 2588 1714; x_wconf 89' lang='grc' dir='ltr'>πάντα</span> <span class='ocrx_word' id='word_1_219' title='bbox 2606 1660 2674 1713; x_wconf 80' lang='grc' dir='ltr'><strong>τὰ</strong></span> <span class='ocrx_word' id='word_1_220' title='bbox 2698 1661 2798 1730; x_wconf 83' lang='grc' dir='ltr'><strong>τῆς</strong></span> <span class='ocrx_word' id='word_1_221' title='bbox 2831 1661 3086 1730; x_wconf 81' lang='grc' dir='ltr'>ἀληθείας</span> <span class='ocrx_word' id='word_1_222' title='bbox 3115 1661 3262 1730; x_wconf 83' lang='grc' dir='ltr'>σαφῆ</span> <span class='ocrx_word' id='word_1_223' title='bbox 3303 1662 3558 1731; x_wconf 82' lang='grc' dir='ltr'>ὑπάρχει,</span> <span class='ocrx_word' id='word_1_224' title='bbox 3593 1661 3690 1713; x_wconf 77' lang='grc' dir='ltr'><strong>καὶ</strong></span> 
     </span>
    </p>
   </div>
   <div class='ocr_carea' id='block_1_31' title="bbox 2121 1751 3692 1826">
    <p class='ocr_par' dir='ltr' id='par_1_31' title="bbox 2121 1751 3692 1826">
     <span class='ocr_line' id='line_1_31' title="bbox 2121 1751 3692 1826; baseline -0.001 -19"><span class='ocrx_word' id='word_1_225' title='bbox 2121 1755 2272 1807; x_wconf 79' lang='grc' dir='ltr'>οὐδὲν</span> <span class='ocrx_word' id='word_1_226' title='bbox 2319 1755 2557 1807; x_wconf 87' lang='grc' dir='ltr'>ἐναντίον</span> <span class='ocrx_word' id='word_1_227' title='bbox 2603 1756 2660 1807; x_wconf 86' lang='grc' dir='ltr'><strong>ἐν</strong></span> <span class='ocrx_word' id='word_1_228' title='bbox 2705 1757 2771 1825; x_wconf 80' lang='grc' dir='ltr'>τῇ</span> <span class='ocrx_word' id='word_1_229' title='bbox 2817 1755 3026 1826; x_wconf 80' lang='grc' dir='ltr'>Γραφῇ.</span> <span class='ocrx_word' id='word_1_230' title='bbox 3074 1752 3233 1805; x_wconf 84' lang='grc' dir='ltr'>Ἀλλά</span> <span class='ocrx_word' id='word_1_231' title='bbox 3285 1753 3461 1806; x_wconf 85' lang='grc' dir='ltr'>πάντα</span> <span class='ocrx_word' id='word_1_232' title='bbox 3517 1751 3692 1805; x_wconf 88' lang='grc' dir='ltr'>ταῦτα</span> 
     </span>
    </p>
   </div>
   <div class='ocr_carea' id='block_1_32' title="bbox 449 1834 2018 1918">
    <p class='ocr_par' dir='ltr' id='par_1_32' title="bbox 449 1834 2018 1912">
     <span class='ocr_line' id='line_1_32' title="bbox 449 1834 2018 1912; baseline 0.007 -26"><span class='ocrx_word' id='word_1_233' title='bbox 449 1840 720 1888; x_wconf 88' lang='lat' dir='ltr'><strong>secutum.</strong></span> <span class='ocrx_word' id='word_1_234' title='bbox 748 1834 1173 1901; x_wconf 83' lang='lat' dir='ltr'><strong>Animadvertis,</strong></span> <span class='ocrx_word' id='word_1_235' title='bbox 1212 1840 1424 1909; x_wconf 91' lang='lat' dir='ltr'><strong>opinor,</strong></span> <span class='ocrx_word' id='word_1_236' title='bbox 1451 1856 1614 1911; x_wconf 91' lang='lat' dir='ltr'><strong>quam</strong></span> <span class='ocrx_word' id='word_1_237' title='bbox 1643 1849 1831 1912; x_wconf 91' lang='lat' dir='ltr'><strong>aperta</strong></span> <span class='ocrx_word' id='word_1_238' title='bbox 1869 1843 1940 1897; x_wconf 90' lang='lat' dir='ltr'><strong>sit</strong></span> <span class='ocrx_word' id='word_1_239' title='bbox 1965 1843 2018 1897; x_wconf 94' lang='lat' dir='ltr'><strong>in</strong></span> 
     </span>
    </p>
   </div>
   <div class='ocr_carea' id='block_1_33' title="bbox 2121 1834 3690 1918">
    <p class='ocr_par' dir='ltr' id='par_1_33' title="bbox 2123 1843 3690 1918">
     <span class='ocr_line' id='line_1_33' title="bbox 2123 1843 3690 1918; baseline -0.003 -18"><span class='ocrx_word' id='word_1_240' title='bbox 2123 1847 2221 1918; x_wconf 82' lang='grc' dir='ltr'><strong>τὴν</strong></span> <span class='ocrx_word' id='word_1_241' title='bbox 2280 1847 2502 1918; x_wconf 85' lang='grc' dir='ltr'>Γραφὴν</span> <span class='ocrx_word' id='word_1_242' title='bbox 2548 1847 2834 1912; x_wconf 77' lang='grc' dir='ltr'>διεξιόντες</span> <span class='ocrx_word' id='word_1_243' title='bbox 2882 1848 2962 1909; x_wconf 85' lang='grc' dir='ltr'><strong>είς</strong></span> <span class='ocrx_word' id='word_1_244' title='bbox 3011 1846 3214 1910; x_wconf 87' lang='grc' dir='ltr'>πλάτος</span> <span class='ocrx_word' id='word_1_245' title='bbox 3259 1845 3573 1915; x_wconf 76' lang='grc' dir='ltr'>ἡλάσαμεν,</span> <span class='ocrx_word' id='word_1_246' title='bbox 3616 1843 3690 1907; x_wconf 84' lang='grc' dir='ltr'>ὡς</span> 
     </span>
    </p>
   </div>
   <div class='ocr_carea' id='block_1_34' title="bbox 446 1922 2018 2002">
    <p class='ocr_par' dir='ltr' id='par_1_34' title="bbox 446 1922 2018 2002">
     <span class='ocr_line' id='line_1_34' title="bbox 446 1922 2018 2002; baseline 0.007 -25"><span class='ocrx_word' id='word_1_247' title='bbox 446 1922 704 1980; x_wconf 87' lang='lat' dir='ltr'><strong>omnibus</strong></span> <span class='ocrx_word' id='word_1_248' title='bbox 754 1928 979 1994; x_wconf 90' lang='lat' dir='ltr'><strong>veritas,</strong></span> <span class='ocrx_word' id='word_1_249' title='bbox 1041 1945 1218 2001; x_wconf 88' lang='lat' dir='ltr'><strong>neque</strong></span> <span class='ocrx_word' id='word_1_250' title='bbox 1268 1932 1563 2002; x_wconf 87' lang='lat' dir='ltr'><strong>quidquam</strong></span> <span class='ocrx_word' id='word_1_251' title='bbox 1631 1934 1703 1989; x_wconf 90' lang='lat' dir='ltr'><strong>sit</strong></span> <span class='ocrx_word' id='word_1_252' title='bbox 1758 1933 1814 1988; x_wconf 92' lang='lat' dir='ltr'><strong>in</strong></span> <span class='ocrx_word' id='word_1_253' title='bbox 1870 1932 2018 1988; x_wconf 85' lang='lat' dir='ltr'><strong>Scri-</strong></span> 
     </span>
    </p>
   </div>
   <div class='ocr_carea' id='block_1_35' title="bbox 445 2018 2019 2094">
    <p class='ocr_par' dir='ltr' id='par_1_35' title="bbox 445 2018 2019 2094">
     <span class='ocr_line' id='line_1_35' title="bbox 445 2018 2019 2094; baseline 0.011 -29"><span class='ocrx_word' id='word_1_254' title='bbox 445 2022 605 2082; x_wconf 84' lang='lat' dir='ltr'><strong>ptura</strong></span> <span class='ocrx_word' id='word_1_255' title='bbox 670 2018 1003 2074; x_wconf 86' lang='lat' dir='ltr'><strong>contrarium</strong></span> <span class='ocrx_word' id='word_1_256' title='bbox 1067 2036 1131 2076; x_wconf 89' lang='lat' dir='ltr'><strong>ac</strong></span> <span class='ocrx_word' id='word_1_257' title='bbox 1206 2038 1529 2094; x_wconf 83' lang='lat' dir='ltr'><strong>repugnans.</strong></span> <span class='ocrx_word' id='word_1_258' title='bbox 1593 2024 1792 2082; x_wconf 77' lang='lat' dir='ltr'><strong>Verum</strong></span> <span class='ocrx_word' id='word_1_259' title='bbox 1848 2028 2019 2082; x_wconf 91' lang='lat' dir='ltr'><strong>enim-</strong></span> 
     </span>
    </p>
   </div>
   <div class='ocr_carea' id='block_1_36' title="bbox 445 2105 2017 2188">
    <p class='ocr_par' dir='ltr' id='par_1_36' title="bbox 445 2105 2017 2188">
     <span class='ocr_line' id='line_1_36' title="bbox 445 2105 2017 2188; baseline 0.01 -31"><span class='ocrx_word' id='word_1_260' title='bbox 445 2119 578 2160; x_wconf 85' lang='lat' dir='ltr'><strong>vero</strong></span> <span class='ocrx_word' id='word_1_261' title='bbox 603 2105 732 2160; x_wconf 92' lang='lat' dir='ltr'><strong>dum</strong></span> <span class='ocrx_word' id='word_1_262' title='bbox 769 2109 883 2164; x_wconf 67' lang='lat' dir='ltr'><strong>haec</strong></span> <span class='ocrx_word' id='word_1_263' title='bbox 911 2127 943 2166; x_wconf 88' lang='lat' dir='ltr'><strong>e</strong></span> <span class='ocrx_word' id='word_1_264' title='bbox 979 2111 1279 2184; x_wconf 84' lang='lat' dir='ltr'><strong>Scripturis</strong></span> <span class='ocrx_word' id='word_1_265' title='bbox 1301 2115 1619 2186; x_wconf 84' lang='lat' dir='ltr'><strong>deprompta</strong></span> <span class='ocrx_word' id='word_1_266' title='bbox 1663 2119 1826 2172; x_wconf 87' lang='lat' dir='ltr'><strong>latius</strong></span> <span class='ocrx_word' id='word_1_267' title='bbox 1852 2133 2017 2188; x_wconf 83' lang='lat' dir='ltr'><strong>expo-</strong></span> 
     </span>
    </p>
   </div>
   <div class='ocr_carea' id='block_1_37' title="bbox 447 2195 2017 2278">
    <p class='ocr_par' dir='ltr' id='par_1_37' title="bbox 447 2195 2017 2278">
     <span class='ocr_line' id='line_1_37' title="bbox 447 2195 2017 2278; baseline 0.01 -28"><span class='ocrx_word' id='word_1_268' title='bbox 447 2195 652 2264; x_wconf 85' lang='lat' dir='ltr'><strong>nimus,</strong></span> <span class='ocrx_word' id='word_1_269' title='bbox 701 2200 916 2272; x_wconf 78' lang='lat' dir='ltr'><strong>longius</strong></span> <span class='ocrx_word' id='word_1_270' title='bbox 955 2215 1040 2259; x_wconf 92' lang='lat' dir='ltr'><strong>est</strong></span> <span class='ocrx_word' id='word_1_271' title='bbox 1067 2220 1098 2258; x_wconf 90' lang='lat' dir='ltr'><strong>a</strong></span> <span class='ocrx_word' id='word_1_272' title='bbox 1125 2206 1284 2262; x_wconf 89' lang='lat' dir='ltr'><strong>nobis</strong></span> <span class='ocrx_word' id='word_1_273' title='bbox 1312 2223 1493 2262; x_wconf 89' lang='lat' dir='ltr'><strong>sermo</strong></span> <span class='ocrx_word' id='word_1_274' title='bbox 1525 2210 1790 2278; x_wconf 88' lang='lat' dir='ltr'><strong>prolatus.</strong></span> <span class='ocrx_word' id='word_1_275' title='bbox 1833 2208 2017 2276; x_wconf 85' lang='lat' dir='ltr'><strong>Quan-</strong></span> 
     </span>
    </p>
   </div>
   <div class='ocr_carea' id='block_1_38' title="bbox 2121 1933 3692 2009">
    <p class='ocr_par' dir='ltr' id='par_1_38' title="bbox 2121 1933 3692 2009">
     <span class='ocr_line' id='line_1_38' title="bbox 2121 1933 3692 2009; baseline -0.001 -18"><span class='ocrx_word' id='word_1_276' title='bbox 2121 1933 2294 2008; x_wconf 72' lang='grc' dir='ltr'>οἶμαι,</span> <span class='ocrx_word' id='word_1_277' title='bbox 2341 1937 2434 1991; x_wconf 87' lang='grc' dir='ltr'><strong>τοῦ</strong></span> <span class='ocrx_word' id='word_1_278' title='bbox 2468 1938 2625 2006; x_wconf 82' lang='grc' dir='ltr'>λόγου</span> <span class='ocrx_word' id='word_1_279' title='bbox 2655 1937 2715 1991; x_wconf 92' lang='grc' dir='ltr'><strong>τὸ</strong></span> <span class='ocrx_word' id='word_1_280' title='bbox 2740 1938 3001 2009; x_wconf 83' lang='grc' dir='ltr'>διήγημα.</span> <span class='ocrx_word' id='word_1_281' title='bbox 3032 1940 3141 1992; x_wconf 78' lang='grc' dir='ltr'>Καὶ</span> <span class='ocrx_word' id='word_1_282' title='bbox 3180 1939 3389 2006; x_wconf 87' lang='grc' dir='ltr'>γένοιτο</span> <span class='ocrx_word' id='word_1_283' title='bbox 3416 1939 3513 2008; x_wconf 84' lang='grc' dir='ltr'><strong>μὲν</strong></span> <span class='ocrx_word' id='word_1_284' title='bbox 3546 1938 3692 2008; x_wconf 73' lang='grc' dir='ltr'>ἡμᾶς</span> 
     </span>
    </p>
   </div>
   <div class='ocr_carea' id='block_1_39' title="bbox 2122 2030 3693 2102">
    <p class='ocr_par' dir='ltr' id='par_1_39' title="bbox 2122 2030 3693 2102">
     <span class='ocr_line' id='line_1_39' title="bbox 2122 2030 3693 2102; baseline -0.001 -18"><span class='ocrx_word' id='word_1_285' title='bbox 2122 2031 2350 2102; x_wconf 82' lang='grc' dir='ltr'>κάμνειν</span> <span class='ocrx_word' id='word_1_286' title='bbox 2375 2030 2453 2101; x_wconf 85' lang='grc' dir='ltr'>τῷ</span> <span class='ocrx_word' id='word_1_287' title='bbox 2484 2031 2674 2084; x_wconf 89' lang='grc' dir='ltr'>πλάτει</span> <span class='ocrx_word' id='word_1_288' title='bbox 2702 2030 2796 2082; x_wconf 87' lang='grc' dir='ltr'><strong>τοῦ</strong></span> <span class='ocrx_word' id='word_1_289' title='bbox 2827 2031 3006 2099; x_wconf 85' lang='grc' dir='ltr'>λόγου,</span> <span class='ocrx_word' id='word_1_290' title='bbox 3039 2031 3279 2101; x_wconf 76' lang='grc' dir='ltr'>ἐλέγχειν</span> <span class='ocrx_word' id='word_1_291' title='bbox 3306 2031 3363 2084; x_wconf 80' lang='grc' dir='ltr'>δὲ</span> <span class='ocrx_word' id='word_1_292' title='bbox 3397 2032 3522 2092; x_wconf 83' lang='grc' dir='ltr'>τοὺς</span> <span class='ocrx_word' id='word_1_293' title='bbox 3552 2031 3693 2083; x_wconf 85' lang='grc' dir='ltr'><strong>κατὰ</strong></span> 
     </span>
    </p>
   </div>
   <div class='ocr_carea' id='block_1_40' title="bbox 2120 2119 3692 2192">
    <p class='ocr_par' dir='ltr' id='par_1_40' title="bbox 2120 2119 3692 2192">
     <span class='ocr_line' id='line_1_40' title="bbox 2120 2119 3692 2192; baseline 0 -18"><span class='ocrx_word' id='word_1_294' title='bbox 2120 2122 2221 2192; x_wconf 84' lang='grc' dir='ltr'><strong>τῆς</strong></span> <span class='ocrx_word' id='word_1_295' title='bbox 2250 2120 2524 2192; x_wconf 81' lang='grc' dir='ltr'>ἀληθείας,</span> <span class='ocrx_word' id='word_1_296' title='bbox 2576 2119 2886 2190; x_wconf 84' lang='grc' dir='ltr'>εὐφραίνειν</span> <span class='ocrx_word' id='word_1_297' title='bbox 2929 2121 2986 2174; x_wconf 89' lang='grc' dir='ltr'><strong>δὲ</strong></span> <span class='ocrx_word' id='word_1_298' title='bbox 3019 2121 3145 2184; x_wconf 82' lang='grc' dir='ltr'>τοὺς</span> <span class='ocrx_word' id='word_1_299' title='bbox 3174 2123 3323 2185; x_wconf 78' lang='grc' dir='ltr'>υἱοὺς</span> <span class='ocrx_word' id='word_1_300' title='bbox 3371 2119 3569 2190; x_wconf 87' lang='grc' dir='ltr'>ταύτης</span> <span class='ocrx_word' id='word_1_301' title='bbox 3605 2119 3692 2174; x_wconf 83' lang='grc' dir='ltr'><strong>διὰ</strong></span> 
     </span>
    </p>
   </div>
   <div class='ocr_carea' id='block_1_41' title="bbox 2121 2209 3302 2281">
    <p class='ocr_par' dir='ltr' id='par_1_41' title="bbox 2121 2209 3302 2281">
     <span class='ocr_line' id='line_1_41' title="bbox 2121 2209 3302 2281; baseline -0.001 -17"><span class='ocrx_word' id='word_1_302' title='bbox 2121 2212 2227 2264; x_wconf 89' lang='grc' dir='ltr'><strong>τῶν</strong></span> <span class='ocrx_word' id='word_1_303' title='bbox 2259 2211 2360 2280; x_wconf 82' lang='grc' dir='ltr'><strong>τῆς</strong></span> <span class='ocrx_word' id='word_1_304' title='bbox 2385 2209 2642 2278; x_wconf 82' lang='grc' dir='ltr'>ἀληθείας</span> <span class='ocrx_word' id='word_1_305' title='bbox 2672 2209 2935 2280; x_wconf 74' lang='grc' dir='ltr'>ἰατρικῶν</span> <span class='ocrx_word' id='word_1_306' title='bbox 2965 2210 3302 2281; x_wconf 74' lang='grc' dir='ltr'>φαρμάκωνῑ</span> 
     </span>
    </p>
   </div>
   <div class='ocr_carea' id='block_1_42' title="bbox 445 2296 3689 2375">
    <p class='ocr_par' dir='ltr' id='par_1_42' title="bbox 445 2296 3689 2375">
     <span class='ocr_line' id='line_1_42' title="bbox 445 2296 3689 2375; baseline 0.003 -30"><span class='ocrx_word' id='word_1_307' title='bbox 445 2307 608 2360; x_wconf 88' lang='lat' dir='ltr'><strong>quam</strong></span> <span class='ocrx_word' id='word_1_308' title='bbox 654 2296 810 2350; x_wconf 90' lang='lat' dir='ltr'><strong>velim</strong></span> <span class='ocrx_word' id='word_1_309' title='bbox 860 2298 1109 2368; x_wconf 88' lang='lat' dir='ltr'><strong>equidem</strong></span> <span class='ocrx_word' id='word_1_310' title='bbox 1141 2301 1196 2354; x_wconf 90' lang='lat' dir='ltr'><strong>in</strong></span> <span class='ocrx_word' id='word_1_311' title='bbox 1232 2301 1581 2370; x_wconf 89' lang='lat' dir='ltr'><strong>producenda</strong></span> <span class='ocrx_word' id='word_1_312' title='bbox 1632 2305 1846 2375; x_wconf 83' lang='lat' dir='ltr'><strong>longius</strong></span> <span class='ocrx_word' id='word_1_313' title='bbox 1899 2305 2145 2361; x_wconf 89' lang='lat' dir='ltr'><strong>oratione</strong></span> <span class='ocrx_word' id='word_1_314' title='bbox 2204 2305 2471 2371; x_wconf 87' lang='lat' dir='ltr'><strong>laborare,</strong></span> <span class='ocrx_word' id='word_1_315' title='bbox 2507 2305 2636 2359; x_wconf 91' lang='lat' dir='ltr'><strong>dum</strong></span> <span class='ocrx_word' id='word_1_316' title='bbox 2688 2312 2742 2360; x_wconf 90' lang='lat' dir='ltr'><strong>et</strong></span> <span class='ocrx_word' id='word_1_317' title='bbox 2779 2305 3027 2360; x_wconf 84' lang='lat' dir='ltr'><strong>veritatis</strong></span> <span class='ocrx_word' id='word_1_318' title='bbox 3096 2305 3283 2360; x_wconf 87' lang='lat' dir='ltr'><strong>hostes</strong></span> <span class='ocrx_word' id='word_1_319' title='bbox 3349 2303 3689 2365; x_wconf 78' lang='lat' dir='ltr'><strong>refellantur.</strong></span> 
     </span>
    </p>
   </div>
   <div class='ocr_carea' id='block_1_43' title="bbox 445 2387 2410 2456">
    <p class='ocr_par' dir='ltr' id='par_1_43' title="bbox 445 2387 2410 2456">
     <span class='ocr_line' id='line_1_43' title="bbox 445 2387 2410 2456; baseline 0.006 -17"><span class='ocrx_word' id='word_1_320' title='bbox 445 2392 501 2440; x_wconf 88' lang='lat' dir='ltr'><strong>et</strong></span> <span class='ocrx_word' id='word_1_321' title='bbox 532 2387 775 2456; x_wconf 91' lang='lat' dir='ltr'><strong>ejusdem</strong></span> <span class='ocrx_word' id='word_1_322' title='bbox 806 2388 900 2444; x_wconf 87' lang='lat' dir='ltr'><strong>lilii</strong></span> <span class='ocrx_word' id='word_1_323' title='bbox 937 2391 1183 2446; x_wconf 87' lang='lat' dir='ltr'><strong>veritatis</strong></span> <span class='ocrx_word' id='word_1_324' title='bbox 1213 2392 1624 2448; x_wconf 86' lang='lat' dir='ltr'><strong>medicamentis</strong></span> <span class='ocrx_word' id='word_1_325' title='bbox 1657 2409 1721 2449; x_wconf 90' lang='lat' dir='ltr'><strong>ac</strong></span> <span class='ocrx_word' id='word_1_326' title='bbox 1758 2395 2014 2450; x_wconf 87' lang='lat' dir='ltr'><strong>remediis</strong></span> <span class='ocrx_word' id='word_1_327' title='bbox 2051 2395 2410 2450; x_wconf 89' lang='lat' dir='ltr'><strong>delectentur.</strong></span> 
     </span>
    </p>
   </div>
   <div class='ocr_carea' id='block_1_44' title="bbox 518 2479 2015 2558">
    <p class='ocr_par' dir='ltr' id='par_1_44' title="bbox 518 2479 2015 2558">
     <span class='ocr_line' id='line_1_44' title="bbox 518 2479 2015 2558; baseline 0.007 -24"><span class='ocrx_word' id='word_1_328' title='bbox 518 2479 677 2537; x_wconf 80' lang='lat' dir='ltr'>XLII.</span> <span class='ocrx_word' id='word_1_329' title='bbox 717 2482 873 2538; x_wconf 85' lang='lat' dir='ltr'><strong>Nunc</strong></span> <span class='ocrx_word' id='word_1_330' title='bbox 898 2485 1248 2541; x_wconf 87' lang='lat' dir='ltr'><strong>circulatoris</strong></span> <span class='ocrx_word' id='word_1_331' title='bbox 1285 2488 1431 2543; x_wconf 91' lang='lat' dir='ltr'><strong>illius</strong></span> <span class='ocrx_word' id='word_1_332' title='bbox 1469 2490 1680 2558; x_wconf 89' lang='lat' dir='ltr'><strong>reliqua</strong></span> <span class='ocrx_word' id='word_1_333' title='bbox 1711 2490 2015 2547; x_wconf 88' lang='lat' dir='ltr'><strong>videamus.</strong></span> 
     </span>
    </p>
   </div>
   <div class='ocr_carea' id='block_1_45' title="bbox 446 2569 2020 2646">
    <p class='ocr_par' dir='ltr' id='par_1_45' title="bbox 446 2569 2020 2646">
     <span class='ocr_line' id='line_1_45' title="bbox 446 2569 2020 2646; baseline 0.007 -23"><span class='ocrx_word' id='word_1_334' title='bbox 446 2569 565 2646; x_wconf 85' lang='lat' dir='ltr'><strong>Duo</strong></span> <span class='ocrx_word' id='word_1_335' title='bbox 588 2571 936 2630; x_wconf 84' lang='lat' dir='ltr'><strong>Testamenta</strong></span> <span class='ocrx_word' id='word_1_336' title='bbox 969 2576 1073 2632; x_wconf 89' lang='lat' dir='ltr'><strong>sibi</strong></span> <span class='ocrx_word' id='word_1_337' title='bbox 1113 2577 1344 2632; x_wconf 87' lang='lat' dir='ltr'><strong>invicem</strong></span> <span class='ocrx_word' id='word_1_338' title='bbox 1375 2594 1497 2634; x_wconf 86' lang='lat' dir='ltr'><strong>esse</strong></span> <span class='ocrx_word' id='word_1_339' title='bbox 1526 2580 1801 2634; x_wconf 89' lang='lat' dir='ltr'><strong>contraria</strong></span> <span class='ocrx_word' id='word_1_340' title='bbox 1830 2579 2020 2636; x_wconf 82' lang='lat' dir='ltr'><strong>defen-</strong></span> 
     </span>
    </p>
   </div>
   <div class='ocr_carea' id='block_1_46' title="bbox 446 2658 2020 2738">
    <p class='ocr_par' dir='ltr' id='par_1_46' title="bbox 446 2658 2020 2738">
     <span class='ocr_line' id='line_1_46' title="bbox 446 2658 2020 2738; baseline 0.008 -24"><span class='ocrx_word' id='word_1_341' title='bbox 446 2658 550 2725; x_wconf 89' lang='lat' dir='ltr'><strong>dit,</strong></span> <span class='ocrx_word' id='word_1_342' title='bbox 586 2675 649 2716; x_wconf 91' lang='lat' dir='ltr'><strong>ac</strong></span> <span class='ocrx_word' id='word_1_343' title='bbox 695 2661 864 2718; x_wconf 90' lang='lat' dir='ltr'><strong>Deum</strong></span> <span class='ocrx_word' id='word_1_344' title='bbox 915 2665 1092 2731; x_wconf 91' lang='lat' dir='ltr'><strong>illum,</strong></span> <span class='ocrx_word' id='word_1_345' title='bbox 1139 2667 1232 2737; x_wconf 91' lang='lat' dir='ltr'><strong>qui</strong></span> <span class='ocrx_word' id='word_1_346' title='bbox 1285 2668 1341 2722; x_wconf 91' lang='lat' dir='ltr'><strong>in</strong></span> <span class='ocrx_word' id='word_1_347' title='bbox 1385 2669 1501 2738; x_wconf 86' lang='lat' dir='ltr'><strong>lege</strong></span> <span class='ocrx_word' id='word_1_348' title='bbox 1547 2671 1620 2724; x_wconf 86' lang='lat' dir='ltr'><strong>sit</strong></span> <span class='ocrx_word' id='word_1_349' title='bbox 1673 2671 1912 2738; x_wconf 91' lang='lat' dir='ltr'><strong>locutus,</strong></span> <span class='ocrx_word' id='word_1_350' title='bbox 1950 2673 2020 2727; x_wconf 92' lang='lat' dir='ltr'><strong>ab</strong></span> 
     </span>
    </p>
   </div>
   <div class='ocr_carea' id='block_1_47' title="bbox 446 2752 2019 2834">
    <p class='ocr_par' dir='ltr' id='par_1_47' title="bbox 446 2752 2019 2834">
     <span class='ocr_line' id='line_1_47' title="bbox 446 2752 2019 2834; baseline 0.007 -29"><span class='ocrx_word' id='word_1_351' title='bbox 446 2752 726 2825; x_wconf 84' lang='lat' dir='ltr'><strong>Evangelii</strong></span> <span class='ocrx_word' id='word_1_352' title='bbox 787 2764 1014 2812; x_wconf 88' lang='lat' dir='ltr'><strong>auctore</strong></span> <span class='ocrx_word' id='word_1_353' title='bbox 1066 2759 1363 2816; x_wconf 86' lang='lat' dir='ltr'><strong>diversum.</strong></span> <span class='ocrx_word' id='word_1_354' title='bbox 1426 2761 1659 2818; x_wconf 86' lang='lat' dir='ltr'><strong>Proinde</strong></span> <span class='ocrx_word' id='word_1_355' title='bbox 1717 2763 2019 2834; x_wconf 88' lang='lat' dir='ltr'><strong>principem</strong></span> 
     </span>
    </p>
   </div>
   <div class='ocr_carea' id='block_1_48' title="bbox 447 2835 2016 2920">
    <p class='ocr_par' dir='ltr' id='par_1_48' title="bbox 447 2835 2016 2920">
     <span class='ocr_line' id='line_1_48' title="bbox 447 2835 2016 2920; baseline 0.008 -22"><span class='ocrx_word' id='word_1_356' title='bbox 447 2845 599 2901; x_wconf 91' lang='lat' dir='ltr'><strong>illum</strong></span> <span class='ocrx_word' id='word_1_357' title='bbox 645 2849 914 2918; x_wconf 88' lang='lat' dir='ltr'><strong>appellat;</strong></span> <span class='ocrx_word' id='word_1_358' title='bbox 971 2851 1118 2906; x_wconf 91' lang='lat' dir='ltr'><strong>hunc</strong></span> <span class='ocrx_word' id='word_1_359' title='bbox 1159 2867 1290 2907; x_wconf 86' lang='lat' dir='ltr'><strong>vero</strong></span> <span class='ocrx_word' id='word_1_360' title='bbox 1329 2853 1568 2919; x_wconf 89' lang='lat' dir='ltr'><strong>Patrem,</strong></span> <span class='ocrx_word' id='word_1_361' title='bbox 1602 2835 1666 2908; x_wconf 78' lang='lat' dir='ltr'><strong>ac</strong></span> <span class='ocrx_word' id='word_1_362' title='bbox 1682 2852 1920 2920; x_wconf 80' lang='lat' dir='ltr'><strong>Filium;</strong></span> <span class='ocrx_word' id='word_1_363' title='bbox 1959 2864 2016 2910; x_wconf 89' lang='lat' dir='ltr'><strong>et</strong></span> 
     </span>
    </p>
   </div>
   <div class='ocr_carea' id='block_1_49' title="bbox 446 2936 2014 3008">
    <p class='ocr_par' dir='ltr' id='par_1_49' title="bbox 446 2936 2014 3008">
     <span class='ocr_line' id='line_1_49' title="bbox 446 2936 2014 3008; baseline 0.006 -17"><span class='ocrx_word' id='word_1_364' title='bbox 446 2936 664 3008; x_wconf 88' lang='lat' dir='ltr'><strong>quidem</strong></span> <span class='ocrx_word' id='word_1_365' title='bbox 702 2938 918 2996; x_wconf 90' lang='lat' dir='ltr'><strong>Patrem</strong></span> <span class='ocrx_word' id='word_1_366' title='bbox 967 2942 1170 2998; x_wconf 87' lang='lat' dir='ltr'><strong>bonum</strong></span> <span class='ocrx_word' id='word_1_367' title='bbox 1209 2943 1374 2999; x_wconf 89' lang='lat' dir='ltr'><strong>Deum</strong></span> <span class='ocrx_word' id='word_1_368' title='bbox 1404 2961 1562 3000; x_wconf 90' lang='lat' dir='ltr'><strong>suum</strong></span> <span class='ocrx_word' id='word_1_369' title='bbox 1597 2945 1866 3000; x_wconf 90' lang='lat' dir='ltr'><strong>nominat.</strong></span> <span class='ocrx_word' id='word_1_370' title='bbox 1900 2945 2014 3001; x_wconf 87' lang='lat' dir='ltr'><strong>Uti-</strong></span> 
     </span>
    </p>
   </div>
   <div class='ocr_carea' id='block_1_50' title="bbox 445 3033 2014 3100">
    <p class='ocr_par' dir='ltr' id='par_1_50' title="bbox 445 3033 2014 3100">
     <span class='ocr_line' id='line_1_50' title="bbox 445 3033 2014 3100; baseline 0.008 -20"><span class='ocrx_word' id='word_1_371' title='bbox 445 3041 574 3080; x_wconf 87' lang='lat' dir='ltr'><strong>nam</strong></span> <span class='ocrx_word' id='word_1_372' title='bbox 604 3044 731 3083; x_wconf 90' lang='lat' dir='ltr'><strong>vere</strong></span> <span class='ocrx_word' id='word_1_373' title='bbox 782 3046 940 3085; x_wconf 87' lang='lat' dir='ltr'><strong>suum</strong></span> <span class='ocrx_word' id='word_1_374' title='bbox 982 3047 1105 3088; x_wconf 90' lang='lat' dir='ltr'><strong>esse</strong></span> <span class='ocrx_word' id='word_1_375' title='bbox 1147 3033 1405 3100; x_wconf 79' lang='lat' dir='ltr'><strong>dixisset,</strong></span> <span class='ocrx_word' id='word_1_376' title='bbox 1463 3051 1563 3092; x_wconf 88' lang='lat' dir='ltr'><strong>nec</strong></span> <span class='ocrx_word' id='word_1_377' title='bbox 1599 3051 1785 3091; x_wconf 86' lang='lat' dir='ltr'><strong>errore</strong></span> <span class='ocrx_word' id='word_1_378' title='bbox 1843 3037 2014 3092; x_wconf 79' lang='lat' dir='ltr'><strong>falsus</strong></span> 
     </span>
    </p>
   </div>
   <div class='ocr_carea' id='block_1_51' title="bbox 2188 2485 3688 2562">
    <p class='ocr_par' dir='ltr' id='par_1_51' title="bbox 2188 2485 3688 2562">
     <span class='ocr_line' id='line_1_51' title="bbox 2188 2485 3688 2562; baseline -0.003 -18"><span class='ocrx_word' id='word_1_379' title='bbox 2188 2492 2322 2547; x_wconf 86' lang='lat' dir='ltr'><strong>MB&#39;.</strong></span> <span class='ocrx_word' id='word_1_380' title='bbox 2374 2485 2509 2544; x_wconf 76' lang='grc' dir='ltr'>Εἶτα</span> <span class='ocrx_word' id='word_1_381' title='bbox 2545 2489 2708 2544; x_wconf 85' lang='grc' dir='ltr'>πάλιν</span> <span class='ocrx_word' id='word_1_382' title='bbox 2741 2490 2940 2560; x_wconf 86' lang='grc' dir='ltr'>ῐδωμεν</span> <span class='ocrx_word' id='word_1_383' title='bbox 2970 2489 3037 2542; x_wconf 88' lang='grc' dir='ltr'><strong>τά</strong></span> <span class='ocrx_word' id='word_1_384' title='bbox 3068 2489 3229 2562; x_wconf 76' lang='grc' dir='ltr'>ἔτερα</span> <span class='ocrx_word' id='word_1_385' title='bbox 3275 2489 3366 2542; x_wconf 86' lang='grc' dir='ltr'><strong>τοῦ</strong></span> <span class='ocrx_word' id='word_1_386' title='bbox 3415 2487 3652 2558; x_wconf 81' lang='grc' dir='ltr'>ἀγύρτου</span> <span class='ocrx_word' id='word_1_387' title='bbox 3674 2504 3688 2519; x_wconf 79' lang='grc' dir='ltr'><strong>ο</strong></span> 
     </span>
    </p>
   </div>
   <div class='ocr_carea' id='block_1_52' title="bbox 2119 2577 3694 2652">
    <p class='ocr_par' dir='ltr' id='par_1_52' title="bbox 2119 2577 3694 2652">
     <span class='ocr_line' id='line_1_52' title="bbox 2119 2577 3694 2652; baseline -0.011 -17"><span class='ocrx_word' id='word_1_388' title='bbox 2119 2581 2314 2651; x_wconf 84' lang='grc' dir='ltr'>φάσκει</span> <span class='ocrx_word' id='word_1_389' title='bbox 2355 2581 2464 2652; x_wconf 84' lang='grc' dir='ltr'>γὰρ</span> <span class='ocrx_word' id='word_1_390' title='bbox 2491 2580 2588 2644; x_wconf 74' lang='grc' dir='ltr'>τὰς</span> <span class='ocrx_word' id='word_1_391' title='bbox 2615 2579 2707 2633; x_wconf 88' lang='grc' dir='ltr'><strong>δύο</strong></span> <span class='ocrx_word' id='word_1_392' title='bbox 2753 2581 3026 2652; x_wconf 82' lang='grc' dir='ltr'>Διαθήκας</span> <span class='ocrx_word' id='word_1_393' title='bbox 3057 2579 3308 2642; x_wconf 88' lang='grc' dir='ltr'>ἐναντίας</span> <span class='ocrx_word' id='word_1_394' title='bbox 3350 2578 3486 2650; x_wconf 83' lang='grc' dir='ltr'>πρὸς</span> <span class='ocrx_word' id='word_1_395' title='bbox 3530 2577 3694 2647; x_wconf 75' lang='grc' dir='ltr'>ἀλλή-</span> 
     </span>
    </p>
   </div>
   <div class='ocr_carea' id='block_1_53' title="bbox 2115 2668 3693 2741">
    <p class='ocr_par' dir='ltr' id='par_1_53' title="bbox 2115 2668 3693 2741">
     <span class='ocr_line' id='line_1_53' title="bbox 2115 2668 3693 2741; baseline -0.003 -17"><span class='ocrx_word' id='word_1_396' title='bbox 2115 2671 2236 2737; x_wconf 87' lang='grc' dir='ltr'>λας,</span> <span class='ocrx_word' id='word_1_397' title='bbox 2270 2672 2361 2725; x_wconf 75' lang='grc' dir='ltr'><strong>καὶ</strong></span> <span class='ocrx_word' id='word_1_398' title='bbox 2396 2671 2486 2725; x_wconf 85' lang='grc' dir='ltr'><strong>τὸν</strong></span> <span class='ocrx_word' id='word_1_399' title='bbox 2513 2671 2642 2724; x_wconf 84' lang='grc' dir='ltr'>Θεὸν</span> <span class='ocrx_word' id='word_1_400' title='bbox 2673 2672 2763 2724; x_wconf 88' lang='grc' dir='ltr'><strong>τὸν</strong></span> <span class='ocrx_word' id='word_1_401' title='bbox 2788 2672 3096 2741; x_wconf 89' lang='grc' dir='ltr'>λαλήσαντα</span> <span class='ocrx_word' id='word_1_402' title='bbox 3127 2671 3187 2722; x_wconf 86' lang='grc' dir='ltr'><strong>ἐν</strong></span> <span class='ocrx_word' id='word_1_403' title='bbox 3222 2669 3298 2740; x_wconf 81' lang='grc' dir='ltr'>τῷ</span> <span class='ocrx_word' id='word_1_404' title='bbox 3322 2669 3471 2739; x_wconf 85' lang='grc' dir='ltr'>νόμῳ</span> <span class='ocrx_word' id='word_1_405' title='bbox 3507 2668 3693 2738; x_wconf 69' lang='grc' dir='ltr'>ἕτερον</span> 
     </span>
    </p>
   </div>
   <div class='ocr_carea' id='block_1_54' title="bbox 2116 2757 3694 2832">
    <p class='ocr_par' dir='ltr' id='par_1_54' title="bbox 2116 2757 3694 2832">
     <span class='ocr_line' id='line_1_54' title="bbox 2116 2757 3694 2832; baseline -0.002 -17"><span class='ocrx_word' id='word_1_406' title='bbox 2116 2762 2246 2816; x_wconf 72' lang='grc' dir='ltr'>ὄντα</span> <span class='ocrx_word' id='word_1_407' title='bbox 2288 2761 2435 2832; x_wconf 87' lang='grc' dir='ltr'><strong>παρά</strong></span> <span class='ocrx_word' id='word_1_408' title='bbox 2466 2761 2557 2814; x_wconf 90' lang='grc' dir='ltr'><strong>τὸν</strong></span> <span class='ocrx_word' id='word_1_409' title='bbox 2597 2761 2728 2814; x_wconf 91' lang='grc' dir='ltr'>Θεὸν</span> <span class='ocrx_word' id='word_1_410' title='bbox 2759 2761 2852 2814; x_wconf 85' lang='grc' dir='ltr'><strong>τοῦ</strong></span> <span class='ocrx_word' id='word_1_411' title='bbox 2905 2760 3259 2829; x_wconf 78' lang='grc' dir='ltr'>Εὑαγγελίου.</span> <span class='ocrx_word' id='word_1_412' title='bbox 3309 2759 3563 2829; x_wconf 81' lang='grc' dir='ltr'>Κάκείνῳ</span> <span class='ocrx_word' id='word_1_413' title='bbox 3593 2757 3694 2828; x_wconf 85' lang='grc' dir='ltr'>μὲν</span> 
     </span>
    </p>
   </div>
   <div class='ocr_carea' id='block_1_55' title="bbox 2116 2847 3693 2924">
    <p class='ocr_par' dir='ltr' id='par_1_55' title="bbox 2116 2847 3693 2924">
     <span class='ocr_line' id='line_1_55' title="bbox 2116 2847 3693 2924; baseline -0.001 -18"><span class='ocrx_word' id='word_1_414' title='bbox 2116 2853 2286 2924; x_wconf 71' lang='grc' dir='ltr'>ὄνομα</span> <span class='ocrx_word' id='word_1_415' title='bbox 2337 2854 2593 2924; x_wconf 81' lang='grc' dir='ltr'>ἄρχοντος</span> <span class='ocrx_word' id='word_1_416' title='bbox 2625 2853 2857 2924; x_wconf 86' lang='grc' dir='ltr'>τίθησιν,</span> <span class='ocrx_word' id='word_1_417' title='bbox 2901 2847 2945 2921; x_wconf 79' lang='grc' dir='ltr'>ᾧ</span> <span class='ocrx_word' id='word_1_418' title='bbox 2987 2853 3042 2906; x_wconf 82' lang='grc' dir='ltr'>δὲ</span> <span class='ocrx_word' id='word_1_419' title='bbox 3088 2852 3222 2905; x_wconf 88' lang='grc' dir='ltr'>τὸν³</span> <span class='ocrx_word' id='word_1_420' title='bbox 3269 2851 3419 2914; x_wconf 83' lang='grc' dir='ltr'>Υἱὸν,</span> <span class='ocrx_word' id='word_1_421' title='bbox 3461 2853 3554 2904; x_wconf 80' lang='grc' dir='ltr'><strong>καὶ</strong></span> <span class='ocrx_word' id='word_1_422' title='bbox 3600 2849 3693 2904; x_wconf 82' lang='grc' dir='ltr'><strong>τὸν</strong></span> 
     </span>
    </p>
   </div>
   <div class='ocr_carea' id='block_1_56' title="bbox 2117 2943 3692 3016">
    <p class='ocr_par' dir='ltr' id='par_1_56' title="bbox 2117 2943 3692 3016">
     <span class='ocr_line' id='line_1_56' title="bbox 2117 2943 3692 3016; baseline -0.002 -18"><span class='ocrx_word' id='word_1_423' title='bbox 2117 2945 2338 3016; x_wconf 82' lang='grc' dir='ltr'>Πατέρα</span> <span class='ocrx_word' id='word_1_424' title='bbox 2386 2944 2591 3014; x_wconf 85' lang='grc' dir='ltr'>ἀγαθὸν</span> <span class='ocrx_word' id='word_1_425' title='bbox 2633 2946 2766 2998; x_wconf 85' lang='grc' dir='ltr'>Θεὸν</span> <span class='ocrx_word' id='word_1_426' title='bbox 2817 2944 3008 2998; x_wconf 87' lang='grc' dir='ltr'>ἐαυτοῦ</span> <span class='ocrx_word' id='word_1_427' title='bbox 3054 2945 3222 3013; x_wconf 82' lang='grc' dir='ltr'>λέγει.</span> <span class='ocrx_word' id='word_1_428' title='bbox 3271 2943 3378 2996; x_wconf 70' lang='grc' dir='ltr'><strong>Καὶ</strong></span> <span class='ocrx_word' id='word_1_429' title='bbox 3423 2945 3533 2996; x_wconf 76' lang='grc' dir='ltr'>εἴθε</span> <span class='ocrx_word' id='word_1_430' title='bbox 3561 2943 3692 3013; x_wconf 79' lang='grc' dir='ltr'>ἠλή-</span> 
     </span>
    </p>
   </div>
   <div class='ocr_carea' id='block_1_57' title="bbox 2117 3036 3686 3108">
    <p class='ocr_par' dir='ltr' id='par_1_57' title="bbox 2117 3036 3686 3108">
     <span class='ocr_line' id='line_1_57' title="bbox 2117 3036 3686 3108; baseline -0.001 -17"><span class='ocrx_word' id='word_1_431' title='bbox 2117 3037 2262 3098; x_wconf 83' lang='grc' dir='ltr'>θευε.</span> <span class='ocrx_word' id='word_1_432' title='bbox 2294 3038 2388 3092; x_wconf 76' lang='grc' dir='ltr'><strong>καὶ</strong></span> <span class='ocrx_word' id='word_1_433' title='bbox 2429 3039 2490 3092; x_wconf 83' lang='grc' dir='ltr'>οὐ</span> <span class='ocrx_word' id='word_1_434' title='bbox 2521 3038 2884 3108; x_wconf 83' lang='grc' dir='ltr'>σφαλλόμενος</span> <span class='ocrx_word' id='word_1_435' title='bbox 2916 3037 3035 3091; x_wconf 85' lang='grc' dir='ltr'>καθ’</span> <span class='ocrx_word' id='word_1_436' title='bbox 3081 3037 3274 3090; x_wconf 87' lang='grc' dir='ltr'>ἑαυτοῦ</span> <span class='ocrx_word' id='word_1_437' title='bbox 3305 3036 3686 3105; x_wconf 76' lang='grc' dir='ltr'>ἐϐλασφήμειι</span> 
     </span>
    </p>
   </div>
   <div class='ocr_carea' id='block_1_58' title="bbox 446 3121 2018 3200">
    <p class='ocr_par' dir='ltr' id='par_1_58' title="bbox 446 3121 2016 3198">
     <span class='ocr_line' id='line_1_58' title="bbox 446 3121 2016 3198; baseline 0.006 -26"><span class='ocrx_word' id='word_1_438' title='bbox 446 3126 560 3173; x_wconf 89' lang='lat' dir='ltr'><strong>tam</strong></span> <span class='ocrx_word' id='word_1_439' title='bbox 584 3121 1011 3179; x_wconf 90' lang='lat' dir='ltr'><strong>contumeliosas</strong></span> <span class='ocrx_word' id='word_1_440' title='bbox 1057 3125 1111 3177; x_wconf 92' lang='lat' dir='ltr'><strong>in</strong></span> <span class='ocrx_word' id='word_1_441' title='bbox 1153 3123 1322 3180; x_wconf 90' lang='lat' dir='ltr'><strong>Deum</strong></span> <span class='ocrx_word' id='word_1_442' title='bbox 1357 3143 1521 3184; x_wconf 88' lang='lat' dir='ltr'><strong>voces</strong></span> <span class='ocrx_word' id='word_1_443' title='bbox 1566 3127 1622 3181; x_wconf 93' lang='lat' dir='ltr'><strong>in</strong></span> <span class='ocrx_word' id='word_1_444' title='bbox 1666 3142 1822 3182; x_wconf 91' lang='lat' dir='ltr'><strong>suum</strong></span> <span class='ocrx_word' id='word_1_445' title='bbox 1854 3137 2016 3198; x_wconf 90' lang='lat' dir='ltr'><strong>caput</strong></span> 
     </span>
    </p>
   </div>
   <div class='ocr_carea' id='block_1_59' title="bbox 2121 3121 3693 3200">
    <p class='ocr_par' dir='ltr' id='par_1_59' title="bbox 2121 3128 3693 3200">
     <span class='ocr_line' id='line_1_59' title="bbox 2121 3128 3693 3200; baseline -0.001 -19"><span class='ocrx_word' id='word_1_446' title='bbox 2121 3129 2208 3200; x_wconf 84' lang='grc' dir='ltr'>Τῷ</span> <span class='ocrx_word' id='word_1_447' title='bbox 2236 3131 2292 3182; x_wconf 88' lang='grc' dir='ltr'><strong>δέ</strong></span> <span class='ocrx_word' id='word_1_448' title='bbox 2325 3129 2476 3200; x_wconf 82' lang='grc' dir='ltr'>αὐτῷ</span> <span class='ocrx_word' id='word_1_449' title='bbox 2507 3129 2650 3200; x_wconf 87' lang='grc' dir='ltr'>λόγῳ</span> <span class='ocrx_word' id='word_1_450' title='bbox 2681 3130 2774 3182; x_wconf 76' lang='grc' dir='ltr'><strong>καὶ</strong></span> <span class='ocrx_word' id='word_1_451' title='bbox 2804 3130 2958 3182; x_wconf 83' lang='grc' dir='ltr'><strong>αὑτοὶ</strong></span> <span class='ocrx_word' id='word_1_452' title='bbox 2983 3128 3380 3199; x_wconf 80' lang='grc' dir='ltr'>συμφωνοῦμεν</span> <span class='ocrx_word' id='word_1_453' title='bbox 3400 3147 3412 3160; x_wconf 90' lang='grc'><strong>·</strong></span> <span class='ocrx_word' id='word_1_454' title='bbox 3445 3129 3526 3181; x_wconf 83' lang='grc' dir='ltr'><strong>ὅτι</strong></span> <span class='ocrx_word' id='word_1_455' title='bbox 3557 3129 3693 3196; x_wconf 84' lang='grc' dir='ltr'>ἀγα-</span> 
     </span>
    </p>
   </div>
   <div class='ocr_carea' id='block_1_60' title="bbox 445 3211 2013 3289">
    <p class='ocr_par' dir='ltr' id='par_1_60' title="bbox 445 3211 2013 3289">
     <span class='ocr_line' id='line_1_60' title="bbox 445 3211 2013 3289; baseline 0.005 -23"><span class='ocrx_word' id='word_1_456' title='bbox 445 3211 649 3267; x_wconf 85' lang='lat' dir='ltr'><strong>ederet.</strong></span> <span class='ocrx_word' id='word_1_457' title='bbox 681 3213 792 3269; x_wconf 88' lang='lat' dir='ltr'><strong>Nos</strong></span> <span class='ocrx_word' id='word_1_458' title='bbox 849 3233 976 3271; x_wconf 91' lang='lat' dir='ltr'><strong>vero</strong></span> <span class='ocrx_word' id='word_1_459' title='bbox 1024 3218 1090 3274; x_wconf 92' lang='lat' dir='ltr'><strong>iis</strong></span> <span class='ocrx_word' id='word_1_460' title='bbox 1135 3219 1269 3289; x_wconf 90' lang='lat' dir='ltr'><strong>ipsis</strong></span> <span class='ocrx_word' id='word_1_461' title='bbox 1299 3219 1366 3273; x_wconf 91' lang='lat' dir='ltr'><strong>ab</strong></span> <span class='ocrx_word' id='word_1_462' title='bbox 1397 3235 1462 3273; x_wconf 89' lang='lat' dir='ltr'><strong>eo</strong></span> <span class='ocrx_word' id='word_1_463' title='bbox 1495 3220 1658 3274; x_wconf 91' lang='lat' dir='ltr'><strong>dictis</strong></span> <span class='ocrx_word' id='word_1_464' title='bbox 1682 3220 2013 3276; x_wconf 84' lang='lat' dir='ltr'><strong>assentimur</strong></span> 
     </span>
    </p>
   </div>
   <div class='ocr_carea' id='block_1_61' title="bbox 449 3304 2014 3376">
    <p class='ocr_par' dir='ltr' id='par_1_61' title="bbox 449 3304 2014 3376">
     <span class='ocr_line' id='line_1_61' title="bbox 449 3304 2014 3376; baseline 0.004 -21"><span class='ocrx_word' id='word_1_465' title='bbox 449 3304 614 3368; x_wconf 92' lang='lat' dir='ltr'><strong>ultro,</strong></span> <span class='ocrx_word' id='word_1_466' title='bbox 649 3305 811 3376; x_wconf 84' lang='lat' dir='ltr'><strong>idque</strong></span> <span class='ocrx_word' id='word_1_467' title='bbox 840 3307 1160 3376; x_wconf 87' lang='lat' dir='ltr'><strong>proﬁtemur</strong></span> <span class='ocrx_word' id='word_1_468' title='bbox 1190 3329 1202 3362; x_wconf 92' lang='lat'>:</span> <span class='ocrx_word' id='word_1_469' title='bbox 1232 3308 1366 3363; x_wconf 88' lang='lat' dir='ltr'><strong>Boni</strong></span> <span class='ocrx_word' id='word_1_470' title='bbox 1404 3308 1585 3366; x_wconf 88' lang='lat' dir='ltr'><strong>Patris</strong></span> <span class='ocrx_word' id='word_1_471' title='bbox 1617 3310 1816 3364; x_wconf 91' lang='lat' dir='ltr'><strong>bonam</strong></span> <span class='ocrx_word' id='word_1_472' title='bbox 1850 3310 2014 3364; x_wconf 91' lang='lat' dir='ltr'><strong>sobo-</strong></span> 
     </span>
    </p>
   </div>
   <div class='ocr_carea' id='block_1_62' title="bbox 445 3398 2016 3468">
    <p class='ocr_par' dir='ltr' id='par_1_62' title="bbox 445 3398 2016 3468">
     <span class='ocr_line' id='line_1_62' title="bbox 445 3398 2016 3468; baseline 0.003 -17"><span class='ocrx_word' id='word_1_473' title='bbox 445 3398 575 3462; x_wconf 88' lang='lat' dir='ltr'><strong>lem,</strong></span> <span class='ocrx_word' id='word_1_474' title='bbox 602 3398 782 3453; x_wconf 90' lang='lat' dir='ltr'><strong>lumen</strong></span> <span class='ocrx_word' id='word_1_475' title='bbox 832 3401 899 3454; x_wconf 90' lang='lat' dir='ltr'><strong>de</strong></span> <span class='ocrx_word' id='word_1_476' title='bbox 938 3400 1160 3468; x_wconf 89' lang='lat' dir='ltr'><strong>lumine,</strong></span> <span class='ocrx_word' id='word_1_477' title='bbox 1204 3400 1372 3456; x_wconf 86' lang='lat' dir='ltr'><strong>Deum</strong></span> <span class='ocrx_word' id='word_1_478' title='bbox 1418 3400 1486 3455; x_wconf 88' lang='lat' dir='ltr'><strong>de</strong></span> <span class='ocrx_word' id='word_1_479' title='bbox 1530 3399 1663 3468; x_wconf 89' lang='lat' dir='ltr'><strong>Deo,</strong></span> <span class='ocrx_word' id='word_1_480' title='bbox 1710 3399 1880 3458; x_wconf 90' lang='lat' dir='ltr'><strong>Deum</strong></span> <span class='ocrx_word' id='word_1_481' title='bbox 1927 3417 2016 3457; x_wconf 90' lang='lat' dir='ltr'><strong>ve-</strong></span> 
     </span>
    </p>
   </div>
   <div class='ocr_carea' id='block_1_63' title="bbox 445 3491 2012 3564">
    <p class='ocr_par' dir='ltr' id='par_1_63' title="bbox 445 3491 2012 3564">
     <span class='ocr_line' id='line_1_63' title="bbox 445 3491 2012 3564; baseline 0.003 -20"><span class='ocrx_word' id='word_1_482' title='bbox 445 3506 566 3545; x_wconf 88' lang='lat' dir='ltr'><strong>rum</strong></span> <span class='ocrx_word' id='word_1_483' title='bbox 610 3491 678 3546; x_wconf 88' lang='lat' dir='ltr'><strong>de</strong></span> <span class='ocrx_word' id='word_1_484' title='bbox 733 3491 843 3546; x_wconf 89' lang='lat' dir='ltr'><strong>Deo</strong></span> <span class='ocrx_word' id='word_1_485' title='bbox 890 3508 1040 3556; x_wconf 84' lang='lat' dir='ltr'><strong>vero,</strong></span> <span class='ocrx_word' id='word_1_486' title='bbox 1088 3493 1155 3547; x_wconf 89' lang='lat' dir='ltr'><strong>ad</strong></span> <span class='ocrx_word' id='word_1_487' title='bbox 1203 3508 1306 3548; x_wconf 92' lang='lat' dir='ltr'><strong>nos</strong></span> <span class='ocrx_word' id='word_1_488' title='bbox 1351 3494 1604 3548; x_wconf 91' lang='lat' dir='ltr'><strong>servandi</strong></span> <span class='ocrx_word' id='word_1_489' title='bbox 1640 3494 1813 3549; x_wconf 91' lang='lat' dir='ltr'><strong>nostri</strong></span> <span class='ocrx_word' id='word_1_490' title='bbox 1842 3495 2012 3564; x_wconf 85' lang='lat' dir='ltr'><strong>gratia</strong></span> 
     </span>
    </p>
   </div>
   <div class='ocr_carea' id='block_1_64' title="bbox 444 3581 2016 3654">
    <p class='ocr_par' dir='ltr' id='par_1_64' title="bbox 444 3581 2016 3654">
     <span class='ocr_line' id='line_1_64' title="bbox 444 3581 2016 3654; baseline 0 -16"><span class='ocrx_word' id='word_1_491' title='bbox 444 3586 682 3638; x_wconf 87' lang='lat' dir='ltr'><strong>venisse.</strong></span> <span class='ocrx_word' id='word_1_492' title='bbox 729 3581 798 3637; x_wconf 80' lang='lat' dir='ltr'><strong>In</strong></span> <span class='ocrx_word' id='word_1_493' title='bbox 839 3585 1059 3653; x_wconf 84' lang='lat' dir='ltr'><strong>propria</strong></span> <span class='ocrx_word' id='word_1_494' title='bbox 1103 3586 1288 3654; x_wconf 77' lang='lat' dir='ltr'><strong>quippe</strong></span> <span class='ocrx_word' id='word_1_495' title='bbox 1312 3585 1468 3649; x_wconf 81' lang='lat' dir='ltr'><strong>venit,</strong></span> <span class='ocrx_word' id='word_1_496' title='bbox 1506 3600 1614 3639; x_wconf 91' lang='lat' dir='ltr'><strong>non</strong></span> <span class='ocrx_word' id='word_1_497' title='bbox 1645 3585 1700 3638; x_wconf 91' lang='lat' dir='ltr'><strong>in</strong></span> <span class='ocrx_word' id='word_1_498' title='bbox 1731 3585 1927 3648; x_wconf 89' lang='lat' dir='ltr'><strong>aliena,</strong></span> <span class='ocrx_word' id='word_1_499' title='bbox 1967 3595 2016 3639; x_wconf 83' lang='lat' dir='ltr'><strong>et</strong></span> 
     </span>
    </p>
   </div>
   <div class='ocr_carea' id='block_1_65' title="bbox 445 3678 2017 3747">
    <p class='ocr_par' dir='ltr' id='par_1_65' title="bbox 445 3678 2017 3747">
     <span class='ocr_line' id='line_1_65' title="bbox 445 3678 2017 3747; baseline -0.001 -16"><span class='ocrx_word' id='word_1_500' title='bbox 445 3678 530 3731; x_wconf 72' lang='lat' dir='ltr'><strong>sui</strong></span> <span class='ocrx_word' id='word_1_501' title='bbox 562 3693 679 3731; x_wconf 83' lang='lat' dir='ltr'><strong>eum</strong></span> <span class='ocrx_word' id='word_1_502' title='bbox 702 3695 804 3731; x_wconf 87' lang='lat' dir='ltr'><strong>non</strong></span> <span class='ocrx_word' id='word_1_503' title='bbox 838 3687 1157 3746; x_wconf 84' lang='lat' dir='ltr'><strong>receperunt.</strong></span> <span class='ocrx_word' id='word_1_504' title='bbox 1205 3678 1471 3747; x_wconf 86' lang='lat' dir='ltr'><strong>Quotquot</strong></span> <span class='ocrx_word' id='word_1_505' title='bbox 1509 3688 1682 3732; x_wconf 89' lang='lat' dir='ltr'><strong>autem</strong></span> <span class='ocrx_word' id='word_1_506' title='bbox 1718 3687 2017 3747; x_wconf 82' lang='lat' dir='ltr'><strong>receperunt</strong></span> 
     </span>
    </p>
   </div>
   <div class='ocr_carea' id='block_1_66' title="bbox 448 3770 2018 3841">
    <p class='ocr_par' dir='ltr' id='par_1_66' title="bbox 448 3770 2018 3841">
     <span class='ocr_line' id='line_1_66' title="bbox 448 3770 2018 3841; baseline 0 -17"><span class='ocrx_word' id='word_1_507' title='bbox 448 3771 620 3834; x_wconf 70' lang='lat' dir='ltr'><strong>ilium,</strong></span> <span class='ocrx_word' id='word_1_508' title='bbox 677 3770 820 3824; x_wconf 82' lang='lat' dir='ltr'><strong>dedit</strong></span> <span class='ocrx_word' id='word_1_509' title='bbox 871 3771 945 3825; x_wconf 84' lang='lat' dir='ltr'><strong>eis</strong></span> <span class='ocrx_word' id='word_1_510' title='bbox 990 3779 1300 3840; x_wconf 81' lang='lat' dir='ltr'><strong>potestatem</strong></span> <span class='ocrx_word' id='word_1_511' title='bbox 1328 3770 1466 3839; x_wconf 80' lang='lat' dir='ltr'><strong>ﬁlios</strong></span> <span class='ocrx_word' id='word_1_512' title='bbox 1494 3771 1591 3825; x_wconf 82' lang='lat' dir='ltr'><strong>Dei</strong></span> <span class='ocrx_word' id='word_1_513' title='bbox 1621 3771 1769 3840; x_wconf 81' lang='lat' dir='ltr'><strong>ﬁeri;</strong></span> <span class='ocrx_word' id='word_1_514' title='bbox 1800 3771 1890 3841; x_wconf 86' lang='lat' dir='ltr'><strong>qui</strong></span> <span class='ocrx_word' id='word_1_515' title='bbox 1915 3787 2018 3824; x_wconf 79' lang='lat' dir='ltr'><strong>non</strong></span> 
     </span>
    </p>
   </div>
   <div class='ocr_carea' id='block_1_67' title="bbox 444 3859 2011 3932">
    <p class='ocr_par' dir='ltr' id='par_1_67' title="bbox 444 3859 2011 3932">
     <span class='ocr_line' id='line_1_67' title="bbox 444 3859 2011 3932; baseline -0.001 -14"><span class='ocrx_word' id='word_1_516' title='bbox 444 3879 510 3919; x_wconf 75' lang='lat' dir='ltr'><strong>ea:</strong></span> <span class='ocrx_word' id='word_1_517' title='bbox 535 3862 810 3932; x_wconf 79' lang='lat' dir='ltr'><strong>sanguine,</strong></span> <span class='ocrx_word' id='word_1_518' title='bbox 830 3877 988 3930; x_wconf 87' lang='lat' dir='ltr'><strong>neque</strong></span> <span class='ocrx_word' id='word_1_519' title='bbox 1017 3875 1082 3914; x_wconf 77' lang='lat' dir='ltr'><strong>ea:</strong></span> <span class='ocrx_word' id='word_1_520' title='bbox 1110 3877 1287 3926; x_wconf 86' lang='lat' dir='ltr'><strong>carne,</strong></span> <span class='ocrx_word' id='word_1_521' title='bbox 1324 3861 1412 3914; x_wconf 84' lang='lat' dir='ltr'><strong>sed</strong></span> <span class='ocrx_word' id='word_1_522' title='bbox 1446 3876 1510 3914; x_wconf 77' lang='lat' dir='ltr'><strong>ea:</strong></span> <span class='ocrx_word' id='word_1_523' title='bbox 1548 3859 1654 3914; x_wconf 87' lang='lat' dir='ltr'><strong>Deo</strong></span> <span class='ocrx_word' id='word_1_524' title='bbox 1679 3861 1792 3914; x_wconf 84' lang='lat' dir='ltr'><strong>nati</strong></span> <span class='ocrx_word' id='word_1_525' title='bbox 1824 3861 2011 3916; x_wconf 78' lang='lat' dir='ltr'><strong>sunt‘.</strong></span> 
     </span>
    </p>
   </div>
   <div class='ocr_carea' id='block_1_68' title="bbox 445 3951 2018 4027">
    <p class='ocr_par' dir='ltr' id='par_1_68' title="bbox 445 3951 2018 4027">
     <span class='ocr_line' id='line_1_68' title="bbox 445 3951 2018 4027; baseline -0.005 -15"><span class='ocrx_word' id='word_1_526' title='bbox 445 3956 611 4027; x_wconf 82' lang='lat' dir='ltr'><strong>Atqui</strong></span> <span class='ocrx_word' id='word_1_527' title='bbox 664 3969 825 4010; x_wconf 90' lang='lat' dir='ltr'><strong>nemo</strong></span> <span class='ocrx_word' id='word_1_528' title='bbox 856 3954 974 4007; x_wconf 90' lang='lat' dir='ltr'><strong>sine</strong></span> <span class='ocrx_word' id='word_1_529' title='bbox 1012 3967 1179 4006; x_wconf 89' lang='lat' dir='ltr'><strong>carne</strong></span> <span class='ocrx_word' id='word_1_530' title='bbox 1213 3960 1266 4007; x_wconf 89' lang='lat' dir='ltr'><strong>et</strong></span> <span class='ocrx_word' id='word_1_531' title='bbox 1302 3953 1568 4021; x_wconf 86' lang='lat' dir='ltr'><strong>sanguine</strong></span> <span class='ocrx_word' id='word_1_532' title='bbox 1599 3952 1650 4004; x_wconf 90' lang='lat' dir='ltr'><strong>in</strong></span> <span class='ocrx_word' id='word_1_533' title='bbox 1686 3951 1892 4004; x_wconf 92' lang='lat' dir='ltr'><strong>mundo</strong></span> <span class='ocrx_word' id='word_1_534' title='bbox 1922 3966 2018 4005; x_wconf 87' lang='lat' dir='ltr'><strong>na-</strong></span> 
     </span>
    </p>
   </div>
   <div class='ocr_carea' id='block_1_69' title="bbox 446 4041 2018 4112">
    <p class='ocr_par' dir='ltr' id='par_1_69' title="bbox 446 4041 2018 4112">
     <span class='ocr_line' id='line_1_69' title="bbox 446 4041 2018 4112; baseline -0.004 -8"><span class='ocrx_word' id='word_1_535' title='bbox 446 4057 537 4104; x_wconf 91' lang='lat' dir='ltr'><strong>tus</strong></span> <span class='ocrx_word' id='word_1_536' title='bbox 575 4055 680 4112; x_wconf 86' lang='lat' dir='ltr'><strong>est,</strong></span> <span class='ocrx_word' id='word_1_537' title='bbox 717 4045 810 4100; x_wconf 90' lang='lat' dir='ltr'><strong>sed</strong></span> <span class='ocrx_word' id='word_1_538' title='bbox 844 4059 1034 4098; x_wconf 88' lang='lat' dir='ltr'><strong>omnes</strong></span> <span class='ocrx_word' id='word_1_539' title='bbox 1064 4043 1248 4096; x_wconf 90' lang='lat' dir='ltr'><strong>carnis</strong></span> <span class='ocrx_word' id='word_1_540' title='bbox 1289 4056 1354 4095; x_wconf 92' lang='lat' dir='ltr'><strong>ac</strong></span> <span class='ocrx_word' id='word_1_541' title='bbox 1395 4041 1682 4112; x_wconf 87' lang='lat' dir='ltr'><strong>sanguinis</strong></span> <span class='ocrx_word' id='word_1_542' title='bbox 1725 4041 2018 4110; x_wconf 82' lang='lat' dir='ltr'><strong>participes</strong></span> 
     </span>
    </p>
   </div>
   <div class='ocr_carea' id='block_1_70' title="bbox 444 4135 2021 4203">
    <p class='ocr_par' dir='ltr' id='par_1_70' title="bbox 444 4135 2021 4203">
     <span class='ocr_line' id='line_1_70' title="bbox 444 4135 2021 4203; baseline -0.005 -8"><span class='ocrx_word' id='word_1_543' title='bbox 444 4141 561 4195; x_wconf 90' lang='lat' dir='ltr'><strong>nati</strong></span> <span class='ocrx_word' id='word_1_544' title='bbox 613 4147 761 4194; x_wconf 90' lang='lat' dir='ltr'><strong>sunt.</strong></span> <span class='ocrx_word' id='word_1_545' title='bbox 808 4136 950 4202; x_wconf 83' lang='lat' dir='ltr'><strong>Quid</strong></span> <span class='ocrx_word' id='word_1_546' title='bbox 995 4135 1138 4188; x_wconf 90' lang='lat' dir='ltr'><strong>enim</strong></span> <span class='ocrx_word' id='word_1_547' title='bbox 1166 4141 1323 4188; x_wconf 86' lang='lat' dir='ltr'><strong>erant</strong></span> <span class='ocrx_word' id='word_1_548' title='bbox 1353 4135 1669 4203; x_wconf 90' lang='lat' dir='ltr'><strong>priusquam</strong></span> <span class='ocrx_word' id='word_1_549' title='bbox 1703 4147 1826 4186; x_wconf 92' lang='lat' dir='ltr'><strong>cum</strong></span> <span class='ocrx_word' id='word_1_550' title='bbox 1855 4147 2021 4187; x_wconf 89' lang='lat' dir='ltr'><strong>carne</strong></span> 
     </span>
    </p>
   </div>
   <div class='ocr_carea' id='block_1_71' title="bbox 445 4229 2023 4310">
    <p class='ocr_par' dir='ltr' id='par_1_71' title="bbox 445 4229 2023 4310">
     <span class='ocr_line' id='line_1_71' title="bbox 445 4229 2023 4310; baseline -0.003 -23"><span class='ocrx_word' id='word_1_551' title='bbox 445 4235 610 4310; x_wconf 72' lang='lat'><strong>655</strong></span> <span class='ocrx_word' id='word_1_552' title='bbox 643 4230 1028 4304; x_wconf 81' lang='lat' dir='ltr'><strong>gignerentur?</strong></span> <span class='ocrx_word' id='word_1_553' title='bbox 1067 4236 1160 4284; x_wconf 91' lang='lat' dir='ltr'><strong>aut</strong></span> <span class='ocrx_word' id='word_1_554' title='bbox 1191 4229 1321 4299; x_wconf 93' lang='lat' dir='ltr'><strong>quid</strong></span> <span class='ocrx_word' id='word_1_555' title='bbox 1354 4244 1476 4282; x_wconf 80' lang='lat' dir='ltr'><strong>esse</strong></span> <span class='ocrx_word' id='word_1_556' title='bbox 1528 4229 1645 4282; x_wconf 90' lang='lat' dir='ltr'><strong>sine</strong></span> <span class='ocrx_word' id='word_1_557' title='bbox 1695 4243 1858 4283; x_wconf 91' lang='lat' dir='ltr'><strong>carne</strong></span> <span class='ocrx_word' id='word_1_558' title='bbox 1903 4244 2023 4298; x_wconf 88' lang='lat' dir='ltr'><strong>pos-</strong></span> 
     </span>
    </p>
   </div>
   <div class='ocr_carea' id='block_1_72' title="bbox 447 4319 2022 4393">
    <p class='ocr_par' dir='ltr' id='par_1_72' title="bbox 447 4319 2022 4393">
     <span class='ocr_line' id='line_1_72' title="bbox 447 4319 2022 4393; baseline -0.007 -8"><span class='ocrx_word' id='word_1_559' title='bbox 447 4327 687 4385; x_wconf 88' lang='lat' dir='ltr'><strong>sumus?</strong></span> <span class='ocrx_word' id='word_1_560' title='bbox 724 4324 826 4380; x_wconf 89' lang='lat' dir='ltr'><strong>Scd</strong></span> <span class='ocrx_word' id='word_1_561' title='bbox 853 4323 1111 4393; x_wconf 90' lang='lat' dir='ltr'><strong>quoniam</strong></span> <span class='ocrx_word' id='word_1_562' title='bbox 1149 4321 1385 4377; x_wconf 90' lang='lat' dir='ltr'><strong>mundus</strong></span> <span class='ocrx_word' id='word_1_563' title='bbox 1417 4337 1448 4375; x_wconf 91' lang='lat' dir='ltr'><strong>a</strong></span> <span class='ocrx_word' id='word_1_564' title='bbox 1477 4321 1587 4375; x_wconf 92' lang='lat' dir='ltr'><strong>Deo</strong></span> <span class='ocrx_word' id='word_1_565' title='bbox 1617 4319 1794 4375; x_wconf 82' lang='lat' dir='ltr'><strong>factus</strong></span> <span class='ocrx_word' id='word_1_566' title='bbox 1823 4328 1926 4385; x_wconf 91' lang='lat' dir='ltr'><strong>est,</strong></span> <span class='ocrx_word' id='word_1_567' title='bbox 1967 4329 2022 4376; x_wconf 87' lang='lat' dir='ltr'><strong>et</strong></span> 
     </span>
    </p>
   </div>
   <div class='ocr_carea' id='block_1_73' title="bbox 2116 3218 3692 3293">
    <p class='ocr_par' dir='ltr' id='par_1_73' title="bbox 2116 3218 3692 3293">
     <span class='ocr_line' id='line_1_73' title="bbox 2116 3218 3692 3293; baseline -0.001 -20"><span class='ocrx_word' id='word_1_568' title='bbox 2116 3220 2208 3274; x_wconf 88' lang='grc' dir='ltr'><strong>θοῦ</strong></span> <span class='ocrx_word' id='word_1_569' title='bbox 2235 3222 2447 3293; x_wconf 91' lang='grc' dir='ltr'>Πατρὸς</span> <span class='ocrx_word' id='word_1_570' title='bbox 2475 3221 2535 3274; x_wconf 91' lang='grc' dir='ltr'><strong>τὸ</strong></span> <span class='ocrx_word' id='word_1_571' title='bbox 2563 3220 2767 3288; x_wconf 85' lang='grc' dir='ltr'>ἀγαθὸν</span> <span class='ocrx_word' id='word_1_572' title='bbox 2793 3219 3060 3291; x_wconf 83' lang='grc' dir='ltr'>γέννημα,</span> <span class='ocrx_word' id='word_1_573' title='bbox 3090 3221 3206 3289; x_wconf 88' lang='grc' dir='ltr'><strong>φῶς</strong></span> <span class='ocrx_word' id='word_1_574' title='bbox 3250 3222 3314 3273; x_wconf 90' lang='grc' dir='ltr'><strong>ἐκ</strong></span> <span class='ocrx_word' id='word_1_575' title='bbox 3340 3221 3538 3289; x_wconf 85' lang='grc' dir='ltr'>φωτὸς,</span> <span class='ocrx_word' id='word_1_576' title='bbox 3562 3218 3692 3281; x_wconf 87' lang='grc' dir='ltr'>Θεὸς</span> 
     </span>
    </p>
   </div>
   <div class='ocr_carea' id='block_1_74' title="bbox 2116 3309 3690 3384">
    <p class='ocr_par' dir='ltr' id='par_1_74' title="bbox 2116 3309 3690 3384">
     <span class='ocr_line' id='line_1_74' title="bbox 2116 3309 3690 3384; baseline -0.001 -19"><span class='ocrx_word' id='word_1_577' title='bbox 2116 3315 2179 3366; x_wconf 86' lang='grc' dir='ltr'><strong>ἐκ</strong></span> <span class='ocrx_word' id='word_1_578' title='bbox 2219 3312 2376 3377; x_wconf 83' lang='grc' dir='ltr'>Θεοῦ,</span> <span class='ocrx_word' id='word_1_579' title='bbox 2410 3313 2542 3376; x_wconf 83' lang='grc' dir='ltr'>Θεὸς</span> <span class='ocrx_word' id='word_1_580' title='bbox 2573 3312 2825 3384; x_wconf 89' lang='grc' dir='ltr'>ἀληθινὸς</span> <span class='ocrx_word' id='word_1_581' title='bbox 2857 3314 2920 3366; x_wconf 88' lang='grc' dir='ltr'><strong>ἐκ</strong></span> <span class='ocrx_word' id='word_1_582' title='bbox 2947 3313 3079 3365; x_wconf 84' lang='grc' dir='ltr'>Θεοῦ</span> <span class='ocrx_word' id='word_1_583' title='bbox 3106 3311 3361 3382; x_wconf 85' lang='grc' dir='ltr'>ἀληθινοῦ</span> <span class='ocrx_word' id='word_1_584' title='bbox 3389 3309 3521 3384; x_wconf 86' lang='grc' dir='ltr'>ἦλθε</span> <span class='ocrx_word' id='word_1_585' title='bbox 3553 3311 3690 3382; x_wconf 79' lang='grc' dir='ltr'>πρὸς</span> 
     </span>
    </p>
   </div>
   <div class='ocr_carea' id='block_1_75' title="bbox 2114 3399 3693 3474">
    <p class='ocr_par' dir='ltr' id='par_1_75' title="bbox 2114 3399 3693 3474">
     <span class='ocr_line' id='line_1_75' title="bbox 2114 3399 3693 3474; baseline 0.001 -19"><span class='ocrx_word' id='word_1_586' title='bbox 2114 3405 2282 3474; x_wconf 78' lang='grc' dir='ltr'>ἡμᾶς,</span> <span class='ocrx_word' id='word_1_587' title='bbox 2312 3403 2401 3456; x_wconf 85' lang='grc' dir='ltr'><strong>ἵνα</strong></span> <span class='ocrx_word' id='word_1_588' title='bbox 2440 3404 2586 3473; x_wconf 80' lang='grc' dir='ltr'>ἡμᾶς</span> <span class='ocrx_word' id='word_1_589' title='bbox 2635 3401 2806 3472; x_wconf 86' lang='grc' dir='ltr'>σώσῃ.</span> <span class='ocrx_word' id='word_1_590' title='bbox 2855 3405 2955 3469; x_wconf 75' lang='grc' dir='ltr'><strong>Εἰς</strong></span> <span class='ocrx_word' id='word_1_591' title='bbox 2989 3403 3060 3456; x_wconf 84' lang='grc' dir='ltr'>τὰ</span> <span class='ocrx_word' id='word_1_592' title='bbox 3107 3403 3227 3456; x_wconf 81' lang='grc' dir='ltr'>ἴδια</span> <span class='ocrx_word' id='word_1_593' title='bbox 3258 3399 3424 3473; x_wconf 73' lang='grc' dir='ltr'>ἦλθε,</span> <span class='ocrx_word' id='word_1_594' title='bbox 3461 3404 3555 3456; x_wconf 67' lang='grc' dir='ltr'><strong>καὶ</strong></span> <span class='ocrx_word' id='word_1_595' title='bbox 3593 3403 3693 3456; x_wconf 81' lang='grc' dir='ltr'><strong>οὐκ</strong></span> 
     </span>
    </p>
   </div>
   <div class='ocr_carea' id='block_1_76' title="bbox 2117 3492 3684 3565">
    <p class='ocr_par' dir='ltr' id='par_1_76' title="bbox 2117 3492 3684 3565">
     <span class='ocr_line' id='line_1_76' title="bbox 2117 3492 3684 3565; baseline 0.001 -19"><span class='ocrx_word' id='word_1_596' title='bbox 2117 3495 2197 3557; x_wconf 83' lang='grc' dir='ltr'><strong>εἰς</strong></span> <span class='ocrx_word' id='word_1_597' title='bbox 2246 3493 2314 3546; x_wconf 79' lang='grc' dir='ltr'><strong>τά</strong></span> <span class='ocrx_word' id='word_1_598' title='bbox 2358 3494 2633 3565; x_wconf 85' lang='grc' dir='ltr'>ἀλλότρια,</span> <span class='ocrx_word' id='word_1_599' title='bbox 2681 3497 2734 3546; x_wconf 82' lang='grc' dir='ltr'>οὶ</span> <span class='ocrx_word' id='word_1_600' title='bbox 2779 3492 2915 3546; x_wconf 85' lang='grc' dir='ltr'>ἴδιοι</span> <span class='ocrx_word' id='word_1_601' title='bbox 2966 3494 3151 3547; x_wconf 81' lang='grc' dir='ltr'>αὑτὸν</span> <span class='ocrx_word' id='word_1_602' title='bbox 3201 3495 3272 3547; x_wconf 82' lang='grc' dir='ltr'>οὺ</span> <span class='ocrx_word' id='word_1_603' title='bbox 3323 3492 3684 3560; x_wconf 77' lang='grc' dir='ltr'>παρέλαϐον.</span> 
     </span>
    </p>
   </div>
   <div class='ocr_carea' id='block_1_77' title="bbox 2121 3583 3692 3650">
    <p class='ocr_par' dir='ltr' id='par_1_77' title="bbox 2121 3583 3692 3650">
     <span class='ocr_line' id='line_1_77' title="bbox 2121 3583 3692 3650; baseline 0 -14"><span class='ocrx_word' id='word_1_604' title='bbox 2121 3584 2292 3638; x_wconf 86' lang='grc' dir='ltr'>Ὅσοι</span> <span class='ocrx_word' id='word_1_605' title='bbox 2332 3583 2400 3637; x_wconf 84' lang='grc' dir='ltr'>δὲ</span> <span class='ocrx_word' id='word_1_606' title='bbox 2432 3583 2650 3638; x_wconf 76' lang='grc' dir='ltr'>ἔλαϐον</span> <span class='ocrx_word' id='word_1_607' title='bbox 2677 3585 2885 3648; x_wconf 80' lang='grc' dir='ltr'>αὐτὸν,</span> <span class='ocrx_word' id='word_1_608' title='bbox 2915 3584 3137 3637; x_wconf 79' lang='grc' dir='ltr'>ἔδωκεν</span> <span class='ocrx_word' id='word_1_609' title='bbox 3171 3584 3375 3650; x_wconf 81' lang='grc' dir='ltr'>αὐτοῖς</span> <span class='ocrx_word' id='word_1_610' title='bbox 3404 3584 3692 3647; x_wconf 77' lang='grc' dir='ltr'>ἐξουσίαν</span> 
     </span>
    </p>
   </div>
   <div class='ocr_carea' id='block_1_78' title="bbox 2117 3675 3693 3745">
    <p class='ocr_par' dir='ltr' id='par_1_78' title="bbox 2117 3675 3693 3745">
     <span class='ocr_line' id='line_1_78' title="bbox 2117 3675 3693 3745; baseline -0.001 -16"><span class='ocrx_word' id='word_1_611' title='bbox 2117 3675 2299 3730; x_wconf 81' lang='grc' dir='ltr'>τέκνα</span> <span class='ocrx_word' id='word_1_612' title='bbox 2329 3677 2477 3730; x_wconf 86' lang='grc' dir='ltr'>Θεοῦ</span> <span class='ocrx_word' id='word_1_613' title='bbox 2504 3675 2779 3744; x_wconf 78' lang='grc' dir='ltr'>γενέσθαι</span> <span class='ocrx_word' id='word_1_614' title='bbox 2796 3693 2809 3707; x_wconf 89' lang='grc'><strong>·</strong></span> <span class='ocrx_word' id='word_1_615' title='bbox 2845 3677 2900 3729; x_wconf 80' lang='grc' dir='ltr'>οἳ</span> <span class='ocrx_word' id='word_1_616' title='bbox 2925 3679 3035 3730; x_wconf 81' lang='grc' dir='ltr'>οὐκ</span> <span class='ocrx_word' id='word_1_617' title='bbox 3061 3677 3128 3741; x_wconf 79' lang='grc' dir='ltr'><strong>ἐξ</strong></span> <span class='ocrx_word' id='word_1_618' title='bbox 3158 3678 3424 3745; x_wconf 83' lang='grc' dir='ltr'>αἵματος,</span> <span class='ocrx_word' id='word_1_619' title='bbox 3457 3675 3598 3729; x_wconf 78' lang='grc' dir='ltr'>οὐδὲ</span> <span class='ocrx_word' id='word_1_620' title='bbox 3623 3677 3693 3728; x_wconf 72' lang='grc' dir='ltr'>ἐκ</span> 
     </span>
    </p>
   </div>
   <div class='ocr_carea' id='block_1_79' title="bbox 2117 3767 3691 3837">
    <p class='ocr_par' dir='ltr' id='par_1_79' title="bbox 2117 3767 3691 3837">
     <span class='ocr_line' id='line_1_79' title="bbox 2117 3767 3691 3837; baseline -0.001 -17"><span class='ocrx_word' id='word_1_621' title='bbox 2117 3767 2362 3836; x_wconf 83' lang='grc' dir='ltr'>σαρκὸς,</span> <span class='ocrx_word' id='word_1_622' title='bbox 2417 3768 2554 3821; x_wconf 77' lang='grc' dir='ltr'>ἀλλ’</span> <span class='ocrx_word' id='word_1_623' title='bbox 2592 3768 2661 3820; x_wconf 80' lang='grc' dir='ltr'>ἐκ</span> <span class='ocrx_word' id='word_1_624' title='bbox 2709 3767 2856 3821; x_wconf 83' lang='grc' dir='ltr'>Θεοῦ</span> <span class='ocrx_word' id='word_1_625' title='bbox 2905 3768 3341 3837; x_wconf 80' lang='grc' dir='ltr'>ἐγεννήθησαν.</span> <span class='ocrx_word' id='word_1_626' title='bbox 3388 3768 3578 3819; x_wconf 81' lang='grc' dir='ltr'>Καίτοι</span> <span class='ocrx_word' id='word_1_627' title='bbox 3625 3781 3691 3835; x_wconf 87' lang='grc' dir='ltr'><strong>γε</strong></span> 
     </span>
    </p>
   </div>
   <div class='ocr_carea' id='block_1_80' title="bbox 2118 3859 3690 3930">
    <p class='ocr_par' dir='ltr' id='par_1_80' title="bbox 2118 3859 3690 3930">
     <span class='ocr_line' id='line_1_80' title="bbox 2118 3859 3690 3930; baseline -0.003 -15"><span class='ocrx_word' id='word_1_628' title='bbox 2118 3861 2291 3923; x_wconf 75' lang='grc' dir='ltr'>οὐδεὶς</span> <span class='ocrx_word' id='word_1_629' title='bbox 2335 3862 2392 3913; x_wconf 82' lang='grc' dir='ltr'><strong>ἐν</strong></span> <span class='ocrx_word' id='word_1_630' title='bbox 2426 3859 2504 3930; x_wconf 83' lang='grc' dir='ltr'>τῷ</span> <span class='ocrx_word' id='word_1_631' title='bbox 2545 3859 2733 3930; x_wconf 79' lang='grc' dir='ltr'>κόσμῳ</span> <span class='ocrx_word' id='word_1_632' title='bbox 2767 3861 2892 3914; x_wconf 84' lang='grc' dir='ltr'>ἄνευ</span> <span class='ocrx_word' id='word_1_633' title='bbox 2938 3860 3138 3929; x_wconf 84' lang='grc' dir='ltr'>σαρκὸς</span> <span class='ocrx_word' id='word_1_634' title='bbox 3171 3861 3431 3930; x_wconf 78' lang='grc' dir='ltr'>ἐγεννήθη</span> <span class='ocrx_word' id='word_1_635' title='bbox 3481 3861 3574 3912; x_wconf 80' lang='grc' dir='ltr'><strong>καὶ</strong></span> <span class='ocrx_word' id='word_1_636' title='bbox 3606 3860 3690 3912; x_wconf 77' lang='grc' dir='ltr'><strong>αἴ-</strong></span> 
     </span>
    </p>
   </div>
   <div class='ocr_carea' id='block_1_81' title="bbox 2121 3951 3692 4024">
    <p class='ocr_par' dir='ltr' id='par_1_81' title="bbox 2121 3951 3692 4024">
     <span class='ocr_line' id='line_1_81' title="bbox 2121 3951 3692 4024; baseline -0.003 -18"><span class='ocrx_word' id='word_1_637' title='bbox 2121 3969 2324 4024; x_wconf 86' lang='grc' dir='ltr'>ματος·</span> <span class='ocrx_word' id='word_1_638' title='bbox 2371 3951 2507 4005; x_wconf 84' lang='grc' dir='ltr'>ἀλλὰ</span> <span class='ocrx_word' id='word_1_639' title='bbox 2565 3953 2763 4016; x_wconf 88' lang='grc' dir='ltr'>πάντες</span> <span class='ocrx_word' id='word_1_640' title='bbox 2815 3953 3032 4022; x_wconf 84' lang='grc' dir='ltr'>μέτοχοι</span> <span class='ocrx_word' id='word_1_641' title='bbox 3082 3951 3280 4022; x_wconf 86' lang='grc' dir='ltr'>σαρκὸς</span> <span class='ocrx_word' id='word_1_642' title='bbox 3325 3953 3416 4004; x_wconf 72' lang='grc' dir='ltr'><strong>καὶ</strong></span> <span class='ocrx_word' id='word_1_643' title='bbox 3464 3951 3692 4020; x_wconf 80' lang='grc' dir='ltr'>αἵματος</span> 
     </span>
    </p>
   </div>
   <div class='ocr_carea' id='block_1_82' title="bbox 2119 4041 3692 4116">
    <p class='ocr_par' dir='ltr' id='par_1_82' title="bbox 2119 4041 3692 4116">
     <span class='ocr_line' id='line_1_82' title="bbox 2119 4041 3692 4116; baseline -0.003 -19"><span class='ocrx_word' id='word_1_644' title='bbox 2119 4045 2390 4114; x_wconf 89' lang='grc' dir='ltr'>γεγόνασι.</span> <span class='ocrx_word' id='word_1_645' title='bbox 2430 4045 2494 4096; x_wconf 89' lang='grc' dir='ltr'>Τί</span> <span class='ocrx_word' id='word_1_646' title='bbox 2526 4045 2632 4116; x_wconf 81' lang='grc' dir='ltr'>γὰρ</span> <span class='ocrx_word' id='word_1_647' title='bbox 2669 4041 2827 4116; x_wconf 82' lang='grc' dir='ltr'>ἦσαν,</span> <span class='ocrx_word' id='word_1_648' title='bbox 2873 4045 3064 4116; x_wconf 75' lang='grc' dir='ltr'>πρὶνῆ</span> <span class='ocrx_word' id='word_1_649' title='bbox 3120 4047 3176 4098; x_wconf 85' lang='grc' dir='ltr'><strong>ἐν</strong></span> <span class='ocrx_word' id='word_1_650' title='bbox 3227 4045 3387 4114; x_wconf 72' lang='grc' dir='ltr'>σαρκὶ</span> <span class='ocrx_word' id='word_1_651' title='bbox 3421 4041 3692 4113; x_wconf 83' lang='grc' dir='ltr'>γεννηθῶ-</span> 
     </span>
    </p>
   </div>
   <div class='ocr_carea' id='block_1_83' title="bbox 2123 4132 3694 4208">
    <p class='ocr_par' dir='ltr' id='par_1_83' title="bbox 2123 4132 3694 4208">
     <span class='ocr_line' id='line_1_83' title="bbox 2123 4132 3694 4208; baseline -0.003 -19"><span class='ocrx_word' id='word_1_652' title='bbox 2123 4154 2235 4202; x_wconf 89' lang='grc' dir='ltr'>σιν;</span> <span class='ocrx_word' id='word_1_653' title='bbox 2262 4136 2294 4207; x_wconf 85' lang='grc' dir='ltr'>ἢ</span> <span class='ocrx_word' id='word_1_654' title='bbox 2333 4137 2386 4188; x_wconf 89' lang='grc' dir='ltr'><strong>τί</strong></span> <span class='ocrx_word' id='word_1_655' title='bbox 2415 4135 2688 4206; x_wconf 87' lang='grc' dir='ltr'>δυνάμεθα</span> <span class='ocrx_word' id='word_1_656' title='bbox 2721 4132 2859 4189; x_wconf 83' lang='grc' dir='ltr'>εἶναι</span> <span class='ocrx_word' id='word_1_657' title='bbox 2890 4138 3017 4191; x_wconf 84' lang='grc' dir='ltr'>ἄνευ</span> <span class='ocrx_word' id='word_1_658' title='bbox 3049 4137 3278 4208; x_wconf 88' lang='grc' dir='ltr'>σαρκός;</span> <span class='ocrx_word' id='word_1_659' title='bbox 3331 4135 3545 4204; x_wconf 81' lang='grc' dir='ltr'>Ἐπειδὴ</span> <span class='ocrx_word' id='word_1_660' title='bbox 3581 4133 3636 4186; x_wconf 85' lang='grc' dir='ltr'>δὲ</span> <span class='ocrx_word' id='word_1_661' title='bbox 3665 4135 3694 4185; x_wconf 88' lang='grc' dir='ltr'>ὁ</span> 
     </span>
    </p>
   </div>
   <div class='ocr_carea' id='block_1_84' title="bbox 2121 4225 3693 4298">
    <p class='ocr_par' dir='ltr' id='par_1_84' title="bbox 2121 4225 3693 4298">
     <span class='ocr_line' id='line_1_84' title="bbox 2121 4225 3693 4298; baseline -0.001 -18"><span class='ocrx_word' id='word_1_662' title='bbox 2121 4227 2323 4297; x_wconf 88' lang='grc' dir='ltr'>κόσμος</span> <span class='ocrx_word' id='word_1_663' title='bbox 2374 4229 2439 4279; x_wconf 76' lang='grc' dir='ltr'><strong>ἐκ</strong></span> <span class='ocrx_word' id='word_1_664' title='bbox 2484 4226 2620 4280; x_wconf 86' lang='grc' dir='ltr'>Θεοῦ</span> <span class='ocrx_word' id='word_1_665' title='bbox 2670 4226 2880 4294; x_wconf 83' lang='grc' dir='ltr'>γέγονε,</span> <span class='ocrx_word' id='word_1_666' title='bbox 2920 4228 3014 4280; x_wconf 71' lang='grc' dir='ltr'><strong>καὶ</strong></span> <span class='ocrx_word' id='word_1_667' title='bbox 3059 4229 3218 4298; x_wconf 80' lang='grc' dir='ltr'>ἡμεῖς</span> <span class='ocrx_word' id='word_1_668' title='bbox 3267 4225 3576 4287; x_wconf 81' lang='grc' dir='ltr'>κτισθέντες</span> <span class='ocrx_word' id='word_1_669' title='bbox 3628 4225 3693 4278; x_wconf 83' lang='grc' dir='ltr'><strong>ἐκ</strong></span> 
     </span>
    </p>
   </div>
   <div class='ocr_carea' id='block_1_85' title="bbox 2124 4316 3694 4390">
    <p class='ocr_par' dir='ltr' id='par_1_85' title="bbox 2124 4316 3694 4390">
     <span class='ocr_line' id='line_1_85' title="bbox 2124 4316 3694 4390; baseline -0.003 -17"><span class='ocrx_word' id='word_1_670' title='bbox 2124 4319 2324 4390; x_wconf 85' lang='grc' dir='ltr'>σαρκὸς</span> <span class='ocrx_word' id='word_1_671' title='bbox 2365 4319 2464 4390; x_wconf 89' lang='grc' dir='ltr'><strong>μέν</strong></span> <span class='ocrx_word' id='word_1_672' title='bbox 2493 4321 2660 4390; x_wconf 87' lang='grc' dir='ltr'>ἐσμεν</span> <span class='ocrx_word' id='word_1_673' title='bbox 2698 4320 3084 4390; x_wconf 85' lang='grc' dir='ltr'>γεγεννημένοι</span> <span class='ocrx_word' id='word_1_674' title='bbox 3115 4319 3366 4389; x_wconf 86' lang='grc' dir='ltr'>πατέρων</span> <span class='ocrx_word' id='word_1_675' title='bbox 3399 4318 3490 4370; x_wconf 77' lang='grc' dir='ltr'><strong>καὶ</strong></span> <span class='ocrx_word' id='word_1_676' title='bbox 3530 4316 3694 4387; x_wconf 84' lang='grc' dir='ltr'>μητέ-</span> 
     </span>
    </p>
   </div>
   <div class='ocr_carea' id='block_1_86' title="bbox 445 4405 2018 4513">
    <p class='ocr_par' dir='ltr' id='par_1_86' title="bbox 445 4414 2013 4482">
     <span class='ocr_line' id='line_1_86' title="bbox 445 4414 2013 4482; baseline -0.007 -6"><span class='ocrx_word' id='word_1_677' title='bbox 445 4436 548 4476; x_wconf 89' lang='lat' dir='ltr'><strong>nos</strong></span> <span class='ocrx_word' id='word_1_678' title='bbox 594 4419 662 4473; x_wconf 82' lang='lat' dir='ltr'><strong>ab</strong></span> <span class='ocrx_word' id='word_1_679' title='bbox 701 4417 890 4471; x_wconf 86' lang='lat' dir='ltr'><strong>eodem</strong></span> <span class='ocrx_word' id='word_1_680' title='bbox 923 4414 1194 4482; x_wconf 90' lang='lat' dir='ltr'><strong>procreati</strong></span> <span class='ocrx_word' id='word_1_681' title='bbox 1246 4427 1314 4466; x_wconf 82' lang='lat' dir='ltr'><strong>ex</strong></span> <span class='ocrx_word' id='word_1_682' title='bbox 1365 4420 1650 4482; x_wconf 88' lang='lat' dir='ltr'><strong>parentum</strong></span> <span class='ocrx_word' id='word_1_683' title='bbox 1703 4419 2013 4467; x_wconf 90' lang='lat' dir='ltr'><strong>nostrorum</strong></span> 
     </span>
    </p>
   </div>
   <div class='ocr_carea' id='block_1_87' title="bbox 2121 4405 3692 4513">
    <p class='ocr_par' dir='ltr' id='par_1_87' title="bbox 2127 4405 3692 4481">
     <span class='ocr_line' id='line_1_87' title="bbox 2127 4405 3692 4481; baseline -0.003 -19"><span class='ocrx_word' id='word_1_684' title='bbox 2127 4427 2253 4480; x_wconf 89' lang='grc' dir='ltr'>ρων,</span> <span class='ocrx_word' id='word_1_685' title='bbox 2299 4405 2462 4480; x_wconf 80' lang='grc' dir='ltr'>ἦλθεν</span> <span class='ocrx_word' id='word_1_686' title='bbox 2500 4413 2528 4462; x_wconf 95' lang='lat'><strong>6</strong></span> <span class='ocrx_word' id='word_1_687' title='bbox 2565 4409 2767 4481; x_wconf 84' lang='grc' dir='ltr'>Κύριος</span> <span class='ocrx_word' id='word_1_688' title='bbox 2805 4410 3057 4480; x_wconf 88' lang='grc' dir='ltr'>γεννῆσαι</span> <span class='ocrx_word' id='word_1_689' title='bbox 3090 4411 3238 4479; x_wconf 78' lang='grc' dir='ltr'>ἡμᾶς</span> <span class='ocrx_word' id='word_1_690' title='bbox 3273 4411 3336 4462; x_wconf 86' lang='grc' dir='ltr'><strong>ἐκ</strong></span> <span class='ocrx_word' id='word_1_691' title='bbox 3385 4408 3692 4478; x_wconf 86' lang='grc' dir='ltr'>πνεύματος</span> 
     </span>
    </p>
   </div>
   <div class='ocr_carea' id='block_1_88' title="bbox 451 4502 2019 4578">
    <p class='ocr_par' dir='ltr' id='par_1_88' title="bbox 451 4502 2019 4578">
     <span class='ocr_line' id='line_1_88' title="bbox 451 4502 2019 4578; baseline -0.007 -13"><span class='ocrx_word' id='word_1_692' title='bbox 451 4524 620 4566; x_wconf 88' lang='lat' dir='ltr'><strong>carne</strong></span> <span class='ocrx_word' id='word_1_693' title='bbox 641 4507 808 4578; x_wconf 85' lang='lat' dir='ltr'><strong>geniti</strong></span> <span class='ocrx_word' id='word_1_694' title='bbox 839 4519 1051 4569; x_wconf 91' lang='lat' dir='ltr'><strong>sumus,</strong></span> <span class='ocrx_word' id='word_1_695' title='bbox 1083 4503 1233 4558; x_wconf 88' lang='lat' dir='ltr'><strong>venit</strong></span> <span class='ocrx_word' id='word_1_696' title='bbox 1273 4502 1556 4567; x_wconf 89' lang='lat' dir='ltr'><strong>Dominus,</strong></span> <span class='ocrx_word' id='word_1_697' title='bbox 1589 4511 1648 4555; x_wconf 92' lang='lat' dir='ltr'><strong>ut</strong></span> <span class='ocrx_word' id='word_1_698' title='bbox 1679 4517 1781 4557; x_wconf 90' lang='lat' dir='ltr'><strong>nos</strong></span> <span class='ocrx_word' id='word_1_699' title='bbox 1811 4517 1880 4557; x_wconf 79' lang='lat' dir='ltr'><strong>ex</strong></span> <span class='ocrx_word' id='word_1_700' title='bbox 1913 4502 2019 4572; x_wconf 88' lang='lat' dir='ltr'><strong>spi-</strong></span> 
     </span>
    </p>
   </div>
   <div class='ocr_carea' id='block_1_89' title="bbox 445 4591 2018 4668">
    <p class='ocr_par' dir='ltr' id='par_1_89' title="bbox 445 4591 2018 4668">
     <span class='ocr_line' id='line_1_89' title="bbox 445 4591 2018 4668; baseline -0.006 -13"><span class='ocrx_word' id='word_1_701' title='bbox 445 4602 552 4656; x_wconf 87' lang='lat' dir='ltr'><strong>ritu</strong></span> <span class='ocrx_word' id='word_1_702' title='bbox 585 4608 639 4654; x_wconf 93' lang='lat' dir='ltr'><strong>et</strong></span> <span class='ocrx_word' id='word_1_703' title='bbox 669 4599 793 4668; x_wconf 87' lang='lat' dir='ltr'><strong>igne</strong></span> <span class='ocrx_word' id='word_1_704' title='bbox 825 4602 1130 4666; x_wconf 83' lang='lat' dir='ltr'><strong>generaret.</strong></span> <span class='ocrx_word' id='word_1_705' title='bbox 1167 4593 1346 4648; x_wconf 84' lang='lat' dir='ltr'><strong>Geniti</strong></span> <span class='ocrx_word' id='word_1_706' title='bbox 1378 4592 1561 4661; x_wconf 91' lang='lat' dir='ltr'><strong>itaque</strong></span> <span class='ocrx_word' id='word_1_707' title='bbox 1591 4607 1782 4646; x_wconf 91' lang='lat' dir='ltr'><strong>sumus</strong></span> <span class='ocrx_word' id='word_1_708' title='bbox 1815 4610 1828 4645; x_wconf 89' lang='lat'><strong>:</strong></span> <span class='ocrx_word' id='word_1_709' title='bbox 1857 4591 2018 4662; x_wconf 88' lang='lat' dir='ltr'><strong>idque</strong></span> 
     </span>
    </p>
   </div>
   <div class='ocr_carea' id='block_1_90' title="bbox 446 4684 2019 4763">
    <p class='ocr_par' dir='ltr' id='par_1_90' title="bbox 446 4684 2019 4763">
     <span class='ocr_line' id='line_1_90' title="bbox 446 4684 2019 4763; baseline -0.008 -15"><span class='ocrx_word' id='word_1_710' title='bbox 446 4695 624 4763; x_wconf 90' lang='lat' dir='ltr'><strong>ipsum</strong></span> <span class='ocrx_word' id='word_1_711' title='bbox 659 4688 1026 4744; x_wconf 82' lang='lat' dir='ltr'><strong>certissimum</strong></span> <span class='ocrx_word' id='word_1_712' title='bbox 1059 4693 1183 4751; x_wconf 90' lang='lat' dir='ltr'><strong>est;</strong></span> <span class='ocrx_word' id='word_1_713' title='bbox 1239 4700 1417 4754; x_wconf 86' lang='lat' dir='ltr'><strong>neque</strong></span> <span class='ocrx_word' id='word_1_714' title='bbox 1465 4685 1751 4754; x_wconf 85' lang='lat' dir='ltr'><strong>quisquam</strong></span> <span class='ocrx_word' id='word_1_715' title='bbox 1789 4684 2019 4754; x_wconf 91' lang='lat' dir='ltr'><strong>primam</strong></span> 
     </span>
    </p>
   </div>
   <div class='ocr_carea' id='block_1_91' title="bbox 445 4778 2020 4852">
    <p class='ocr_par' dir='ltr' id='par_1_91' title="bbox 445 4778 2020 4852">
     <span class='ocr_line' id='line_1_91' title="bbox 445 4778 2020 4852; baseline -0.005 -12"><span class='ocrx_word' id='word_1_716' title='bbox 445 4787 595 4842; x_wconf 89' lang='lat' dir='ltr'><strong>illam</strong></span> <span class='ocrx_word' id='word_1_717' title='bbox 646 4779 1052 4852; x_wconf 84' lang='lat' dir='ltr'><strong>generationem</strong></span> <span class='ocrx_word' id='word_1_718' title='bbox 1105 4778 1322 4845; x_wconf 89' lang='lat' dir='ltr'><strong>ejurare</strong></span> <span class='ocrx_word' id='word_1_719' title='bbox 1367 4785 1569 4847; x_wconf 89' lang='lat' dir='ltr'><strong>potest,</strong></span> <span class='ocrx_word' id='word_1_720' title='bbox 1622 4783 1716 4829; x_wconf 89' lang='lat' dir='ltr'><strong>aut</strong></span> <span class='ocrx_word' id='word_1_721' title='bbox 1749 4791 1814 4831; x_wconf 82' lang='lat' dir='ltr'><strong>ex</strong></span> <span class='ocrx_word' id='word_1_722' title='bbox 1851 4791 2020 4832; x_wconf 86' lang='lat' dir='ltr'><strong>carne</strong></span> 
     </span>
    </p>
   </div>
   <div class='ocr_carea' id='block_1_92' title="bbox 447 4867 2019 4947">
    <p class='ocr_par' dir='ltr' id='par_1_92' title="bbox 447 4867 2019 4947">
     <span class='ocr_line' id='line_1_92' title="bbox 447 4867 2019 4947; baseline -0.006 -18"><span class='ocrx_word' id='word_1_723' title='bbox 447 4880 804 4947; x_wconf 85' lang='lat' dir='ltr'><strong>prepagatum</strong></span> <span class='ocrx_word' id='word_1_724' title='bbox 861 4885 920 4924; x_wconf 93' lang='lat' dir='ltr'><strong>se</strong></span> <span class='ocrx_word' id='word_1_725' title='bbox 963 4883 1086 4924; x_wconf 90' lang='lat' dir='ltr'><strong>esse</strong></span> <span class='ocrx_word' id='word_1_726' title='bbox 1132 4869 1366 4922; x_wconf 88' lang='lat' dir='ltr'><strong>dillitcri.</strong></span> <span class='ocrx_word' id='word_1_727' title='bbox 1433 4867 1587 4932; x_wconf 84' lang='lat' dir='ltr'><strong>Quod</strong></span> <span class='ocrx_word' id='word_1_728' title='bbox 1621 4869 1688 4921; x_wconf 91' lang='lat' dir='ltr'><strong>ad</strong></span> <span class='ocrx_word' id='word_1_729' title='bbox 1721 4867 2019 4922; x_wconf 76' lang='lat' dir='ltr'><strong>secundam</strong></span> 
     </span>
    </p>
   </div>
   <div class='ocr_carea' id='block_1_93' title="bbox 445 4960 2015 5038">
    <p class='ocr_par' dir='ltr' id='par_1_93' title="bbox 445 4960 2015 5038">
     <span class='ocr_line' id='line_1_93' title="bbox 445 4960 2015 5038; baseline -0.004 -17"><span class='ocrx_word' id='word_1_730' title='bbox 445 4966 664 5038; x_wconf 88' lang='lat' dir='ltr'><strong>quidem</strong></span> <span class='ocrx_word' id='word_1_731' title='bbox 716 4960 1119 5033; x_wconf 88' lang='lat' dir='ltr'><strong>generationem</strong></span> <span class='ocrx_word' id='word_1_732' title='bbox 1170 4961 1380 5021; x_wconf 87' lang='lat' dir='ltr'><strong>attinet,</strong></span> <span class='ocrx_word' id='word_1_733' title='bbox 1436 4974 1542 5012; x_wconf 90' lang='lat' dir='ltr'><strong>non</strong></span> <span class='ocrx_word' id='word_1_734' title='bbox 1594 4973 1714 5013; x_wconf 92' lang='lat' dir='ltr'><strong>eam</strong></span> <span class='ocrx_word' id='word_1_735' title='bbox 1754 4974 1818 5013; x_wconf 86' lang='lat' dir='ltr'><strong>ex</strong></span> <span class='ocrx_word' id='word_1_736' title='bbox 1851 4973 2015 5014; x_wconf 88' lang='lat' dir='ltr'><strong>carne</strong></span> 
     </span>
    </p>
   </div>
   <div class='ocr_carea' id='block_1_94' title="bbox 445 5051 2016 5125">
    <p class='ocr_par' dir='ltr' id='par_1_94' title="bbox 445 5051 2016 5125">
     <span class='ocr_line' id='line_1_94' title="bbox 445 5051 2016 5125; baseline -0.007 -12"><span class='ocrx_word' id='word_1_737' title='bbox 445 5059 532 5113; x_wconf 89' lang='lat' dir='ltr'><strong>vel</strong></span> <span class='ocrx_word' id='word_1_738' title='bbox 564 5054 832 5125; x_wconf 87' lang='lat' dir='ltr'><strong>sanguine</strong></span> <span class='ocrx_word' id='word_1_739' title='bbox 889 5052 1068 5108; x_wconf 90' lang='lat' dir='ltr'><strong>sortiti</strong></span> <span class='ocrx_word' id='word_1_740' title='bbox 1125 5065 1334 5114; x_wconf 89' lang='lat' dir='ltr'><strong>sumus,</strong></span> <span class='ocrx_word' id='word_1_741' title='bbox 1389 5051 1492 5104; x_wconf 92' lang='lat' dir='ltr'><strong>hoc</strong></span> <span class='ocrx_word' id='word_1_742' title='bbox 1538 5058 1623 5105; x_wconf 88' lang='lat' dir='ltr'><strong>est</strong></span> <span class='ocrx_word' id='word_1_743' title='bbox 1669 5064 1780 5106; x_wconf 89' lang='lat' dir='ltr'><strong>non</strong></span> <span class='ocrx_word' id='word_1_744' title='bbox 1818 5065 1886 5104; x_wconf 81' lang='lat' dir='ltr'><strong>ex</strong></span> <span class='ocrx_word' id='word_1_745' title='bbox 1912 5063 2016 5104; x_wconf 89' lang='lat' dir='ltr'><strong>usu</strong></span> 
     </span>
    </p>
   </div>
   <div class='ocr_carea' id='block_1_95' title="bbox 447 5141 2017 5213">
    <p class='ocr_par' dir='ltr' id='par_1_95' title="bbox 447 5141 2017 5213">
     <span class='ocr_line' id='line_1_95' title="bbox 447 5141 2017 5213; baseline -0.005 -10"><span class='ocrx_word' id='word_1_746' title='bbox 447 5149 630 5203; x_wconf 86' lang='lat' dir='ltr'><strong>carnis</strong></span> <span class='ocrx_word' id='word_1_747' title='bbox 659 5153 754 5200; x_wconf 91' lang='lat' dir='ltr'><strong>aut</strong></span> <span class='ocrx_word' id='word_1_748' title='bbox 797 5142 1082 5213; x_wconf 87' lang='lat' dir='ltr'><strong>sanguinis</strong></span> <span class='ocrx_word' id='word_1_749' title='bbox 1113 5141 1458 5210; x_wconf 87' lang='lat' dir='ltr'><strong>accepimus;</strong></span> <span class='ocrx_word' id='word_1_750' title='bbox 1488 5155 1676 5195; x_wconf 85' lang='lat' dir='ltr'><strong>verum</strong></span> <span class='ocrx_word' id='word_1_751' title='bbox 1715 5154 1934 5194; x_wconf 87' lang='lat' dir='ltr'><strong>carnem</strong></span> <span class='ocrx_word' id='word_1_752' title='bbox 1965 5148 2017 5195; x_wconf 90' lang='lat' dir='ltr'><strong>et</strong></span> 
     </span>
    </p>
   </div>
   <div class='ocr_carea' id='block_1_96' title="bbox 448 5233 2015 5306">
    <p class='ocr_par' dir='ltr' id='par_1_96' title="bbox 448 5233 2015 5306">
     <span class='ocr_line' id='line_1_96' title="bbox 448 5233 2015 5306; baseline -0.005 -14"><span class='ocrx_word' id='word_1_753' title='bbox 448 5245 707 5299; x_wconf 91' lang='lat' dir='ltr'><strong>animam,</strong></span> <span class='ocrx_word' id='word_1_754' title='bbox 760 5244 1112 5306; x_wconf 87' lang='lat' dir='ltr'><strong>posteaquam</strong></span> <span class='ocrx_word' id='word_1_755' title='bbox 1163 5233 1356 5302; x_wconf 89' lang='lat' dir='ltr'><strong>spiritu</strong></span> <span class='ocrx_word' id='word_1_756' title='bbox 1411 5233 1574 5303; x_wconf 87' lang='lat' dir='ltr'><strong>geniti</strong></span> <span class='ocrx_word' id='word_1_757' title='bbox 1635 5247 1847 5296; x_wconf 90' lang='lat' dir='ltr'><strong>sumus,</strong></span> <span class='ocrx_word' id='word_1_758' title='bbox 1905 5246 2015 5285; x_wconf 89' lang='lat' dir='ltr'><strong>non</strong></span> 
     </span>
    </p>
   </div>
   <div class='ocr_carea' id='block_1_97' title="bbox 446 5322 2009 5394">
    <p class='ocr_par' dir='ltr' id='par_1_97' title="bbox 446 5322 2009 5394">
     <span class='ocr_line' id='line_1_97' title="bbox 446 5322 2009 5394; baseline -0.003 -12"><span class='ocrx_word' id='word_1_759' title='bbox 446 5325 724 5382; x_wconf 85' lang='lat' dir='ltr'><strong>carnalem</strong></span> <span class='ocrx_word' id='word_1_760' title='bbox 782 5324 1015 5394; x_wconf 89' lang='lat' dir='ltr'><strong>amplius</strong></span> <span class='ocrx_word' id='word_1_761' title='bbox 1064 5322 1350 5389; x_wconf 87' lang='lat' dir='ltr'><strong>habemus,</strong></span> <span class='ocrx_word' id='word_1_762' title='bbox 1403 5322 1495 5377; x_wconf 86' lang='lat' dir='ltr'><strong>sed</strong></span> <span class='ocrx_word' id='word_1_763' title='bbox 1527 5323 1750 5392; x_wconf 87' lang='lat' dir='ltr'><strong>sanguis</strong></span> <span class='ocrx_word' id='word_1_764' title='bbox 1771 5330 1825 5378; x_wconf 91' lang='lat' dir='ltr'><strong>et</strong></span> <span class='ocrx_word' id='word_1_765' title='bbox 1859 5337 2009 5385; x_wconf 90' lang='lat' dir='ltr'><strong>caro,</strong></span> 
     </span>
    </p>
   </div>
   <div class='ocr_carea' id='block_1_98' title="bbox 446 5413 2008 5485">
    <p class='ocr_par' dir='ltr' id='par_1_98' title="bbox 446 5413 2008 5485">
     <span class='ocr_line' id='line_1_98' title="bbox 446 5413 2008 5485; baseline -0.005 -11"><span class='ocrx_word' id='word_1_766' title='bbox 446 5427 504 5475; x_wconf 86' lang='lat' dir='ltr'><strong>et</strong></span> <span class='ocrx_word' id='word_1_767' title='bbox 559 5416 747 5472; x_wconf 88' lang='lat' dir='ltr'><strong>anima</strong></span> <span class='ocrx_word' id='word_1_768' title='bbox 802 5414 1034 5485; x_wconf 87' lang='lat' dir='ltr'><strong>spiritali</strong></span> <span class='ocrx_word' id='word_1_769' title='bbox 1092 5414 1327 5484; x_wconf 89' lang='lat' dir='ltr'><strong>quadam</strong></span> <span class='ocrx_word' id='word_1_770' title='bbox 1380 5413 1594 5468; x_wconf 86' lang='lat' dir='ltr'><strong>ratione</strong></span> <span class='ocrx_word' id='word_1_771' title='bbox 1656 5413 2008 5482; x_wconf 88' lang='lat' dir='ltr'><strong>copulantur.</strong></span> 
     </span>
    </p>
   </div>
   <div class='ocr_carea' id='block_1_99' title="bbox 2121 4499 3687 4572">
    <p class='ocr_par' dir='ltr' id='par_1_99' title="bbox 2121 4499 3687 4572">
     <span class='ocr_line' id='line_1_99' title="bbox 2121 4499 3687 4572; baseline 0 -20"><span class='ocrx_word' id='word_1_772' title='bbox 2121 4500 2213 4553; x_wconf 81' lang='grc' dir='ltr'><strong>καὶ</strong></span> <span class='ocrx_word' id='word_1_773' title='bbox 2261 4501 2454 4572; x_wconf 86' lang='grc' dir='ltr'>πυρός.</span> <span class='ocrx_word' id='word_1_774' title='bbox 2519 4501 2918 4572; x_wconf 82' lang='grc' dir='ltr'>Ἐγεννήθημεν</span> <span class='ocrx_word' id='word_1_775' title='bbox 2959 4501 3098 4571; x_wconf 76' lang='grc' dir='ltr'>γάρ’</span> <span class='ocrx_word' id='word_1_776' title='bbox 3152 4501 3245 4554; x_wconf 78' lang='grc' dir='ltr'><strong>καὶ</strong></span> <span class='ocrx_word' id='word_1_777' title='bbox 3283 4499 3428 4553; x_wconf 75' lang='grc' dir='ltr'>ἔστιν</span> <span class='ocrx_word' id='word_1_778' title='bbox 3460 4500 3687 4568; x_wconf 85' lang='grc' dir='ltr'>ἀληθές·</span> 
     </span>
    </p>
   </div>
   <div class='ocr_carea' id='block_1_100' title="bbox 2122 4590 3693 4663">
    <p class='ocr_par' dir='ltr' id='par_1_100' title="bbox 2122 4590 3693 4663">
     <span class='ocr_line' id='line_1_100' title="bbox 2122 4590 3693 4663; baseline -0.002 -17"><span class='ocrx_word' id='word_1_779' title='bbox 2122 4594 2216 4646; x_wconf 74' lang='grc' dir='ltr'>καὶ</span> <span class='ocrx_word' id='word_1_780' title='bbox 2249 4594 2310 4645; x_wconf 83' lang='grc' dir='ltr'>οὐ</span> <span class='ocrx_word' id='word_1_781' title='bbox 2343 4592 2563 4646; x_wconf 88' lang='grc' dir='ltr'>δύναταί</span> <span class='ocrx_word' id='word_1_782' title='bbox 2592 4609 2676 4656; x_wconf 89' lang='grc' dir='ltr'><strong>τις</strong></span> <span class='ocrx_word' id='word_1_783' title='bbox 2717 4593 3050 4663; x_wconf 86' lang='grc' dir='ltr'>ἀρνήσασθαι</span> <span class='ocrx_word' id='word_1_784' title='bbox 3091 4592 3188 4663; x_wconf 78' lang='grc' dir='ltr'>τὴν</span> <span class='ocrx_word' id='word_1_785' title='bbox 3246 4590 3468 4662; x_wconf 86' lang='grc' dir='ltr'>πρώτην</span> <span class='ocrx_word' id='word_1_786' title='bbox 3500 4592 3693 4660; x_wconf 77' lang='grc' dir='ltr'>γέννη-</span> 
     </span>
    </p>
   </div>
   <div class='ocr_carea' id='block_1_101' title="bbox 2119 4677 3688 4753">
    <p class='ocr_par' dir='ltr' id='par_1_101' title="bbox 2119 4677 3688 4753">
     <span class='ocr_line' id='line_1_101' title="bbox 2119 4677 3688 4753; baseline -0.002 -19"><span class='ocrx_word' id='word_1_787' title='bbox 2119 4699 2222 4747; x_wconf 91' lang='grc' dir='ltr'>σιν,</span> <span class='ocrx_word' id='word_1_788' title='bbox 2257 4682 2376 4735; x_wconf 81' lang='grc' dir='ltr'>οὐδὲ</span> <span class='ocrx_word' id='word_1_789' title='bbox 2402 4683 2462 4734; x_wconf 90' lang='grc' dir='ltr'><strong>τὸ</strong></span> <span class='ocrx_word' id='word_1_790' title='bbox 2489 4683 2553 4734; x_wconf 86' lang='grc' dir='ltr'><strong>ἐκ</strong></span> <span class='ocrx_word' id='word_1_791' title='bbox 2575 4682 2774 4753; x_wconf 86' lang='grc' dir='ltr'>σαρκὸς</span> <span class='ocrx_word' id='word_1_792' title='bbox 2798 4677 2958 4735; x_wconf 74' lang='grc' dir='ltr'>εἶναι.</span> <span class='ocrx_word' id='word_1_793' title='bbox 2997 4682 3106 4751; x_wconf 84' lang='grc' dir='ltr'><strong>Τὴν</strong></span> <span class='ocrx_word' id='word_1_794' title='bbox 3125 4681 3182 4734; x_wconf 84' lang='grc' dir='ltr'><strong>δέ</strong></span> <span class='ocrx_word' id='word_1_795' title='bbox 3205 4681 3464 4750; x_wconf 89' lang='grc' dir='ltr'>δευτέραν</span> <span class='ocrx_word' id='word_1_796' title='bbox 3493 4681 3688 4750; x_wconf 80' lang='grc' dir='ltr'>γέννη-</span> 
     </span>
    </p>
   </div>
   <div class='ocr_carea' id='block_1_102' title="bbox 2123 4770 3688 4845">
    <p class='ocr_par' dir='ltr' id='par_1_102' title="bbox 2123 4770 3688 4845">
     <span class='ocr_line' id='line_1_102' title="bbox 2123 4770 3688 4845; baseline -0.001 -19"><span class='ocrx_word' id='word_1_797' title='bbox 2123 4790 2206 4827; x_wconf 91' lang='grc' dir='ltr'><strong>σιν</strong></span> <span class='ocrx_word' id='word_1_798' title='bbox 2253 4774 2353 4826; x_wconf 85' lang='grc' dir='ltr'><strong>οὐκ</strong></span> <span class='ocrx_word' id='word_1_799' title='bbox 2397 4775 2461 4827; x_wconf 85' lang='grc' dir='ltr'><strong>ἐκ</strong></span> <span class='ocrx_word' id='word_1_800' title='bbox 2501 4773 2702 4845; x_wconf 89' lang='grc' dir='ltr'>σαρκὸς</span> <span class='ocrx_word' id='word_1_801' title='bbox 2751 4771 3144 4842; x_wconf 86' lang='grc' dir='ltr'>γεγεννήμεθα,</span> <span class='ocrx_word' id='word_1_802' title='bbox 3173 4771 3294 4824; x_wconf 81' lang='grc' dir='ltr'>οὐδὲ</span> <span class='ocrx_word' id='word_1_803' title='bbox 3344 4770 3403 4836; x_wconf 80' lang='grc' dir='ltr'><strong>ἐξ</strong></span> <span class='ocrx_word' id='word_1_804' title='bbox 3439 4772 3688 4842; x_wconf 81' lang='grc' dir='ltr'>αἵματος,</span> 
     </span>
    </p>
   </div>
   <div class='ocr_carea' id='block_1_103' title="bbox 2121 4863 3689 4938">
    <p class='ocr_par' dir='ltr' id='par_1_103' title="bbox 2121 4863 3689 4938">
     <span class='ocr_line' id='line_1_103' title="bbox 2121 4863 3689 4938; baseline 0.001 -19"><span class='ocrx_word' id='word_1_805' title='bbox 2121 4867 2501 4920; x_wconf 84' lang='grc' dir='ltr'>τουτέστιν.οὑ</span> <span class='ocrx_word' id='word_1_806' title='bbox 2547 4869 2612 4938; x_wconf 82' lang='grc' dir='ltr'>τῇ</span> <span class='ocrx_word' id='word_1_807' title='bbox 2643 4866 2946 4935; x_wconf 85' lang='grc' dir='ltr'>ἀποχρήσει</span> <span class='ocrx_word' id='word_1_808' title='bbox 2985 4865 3083 4934; x_wconf 83' lang='grc' dir='ltr'><strong>τῆς</strong></span> <span class='ocrx_word' id='word_1_809' title='bbox 3123 4863 3321 4934; x_wconf 87' lang='grc' dir='ltr'>σαρκὸς</span> <span class='ocrx_word' id='word_1_810' title='bbox 3362 4863 3689 4934; x_wconf 84' lang='grc' dir='ltr'>κεχρημένοι</span> 
     </span>
    </p>
   </div>
   <div class='ocr_carea' id='block_1_104' title="bbox 2121 4954 3688 5028">
    <p class='ocr_par' dir='ltr' id='par_1_104' title="bbox 2121 4954 3688 5028">
     <span class='ocr_line' id='line_1_104' title="bbox 2121 4954 3688 5028; baseline -0.001 -20"><span class='ocrx_word' id='word_1_811' title='bbox 2121 4957 2215 5010; x_wconf 79' lang='grc' dir='ltr'><strong>καὶ</strong></span> <span class='ocrx_word' id='word_1_812' title='bbox 2249 4956 2344 5009; x_wconf 88' lang='grc' dir='ltr'><strong>τοῦ</strong></span> <span class='ocrx_word' id='word_1_813' title='bbox 2373 4957 2622 5028; x_wconf 80' lang='grc' dir='ltr'>αἵματος,</span> <span class='ocrx_word' id='word_1_814' title='bbox 2648 4955 2782 5010; x_wconf 87' lang='grc' dir='ltr'><strong>άλλά</strong></span> <span class='ocrx_word' id='word_1_815' title='bbox 2817 4956 2994 5027; x_wconf 86' lang='grc' dir='ltr'>σάρκα</span> <span class='ocrx_word' id='word_1_816' title='bbox 3018 4955 3110 5007; x_wconf 77' lang='grc' dir='ltr'><strong>καὶ</strong></span> <span class='ocrx_word' id='word_1_817' title='bbox 3135 4954 3312 5025; x_wconf 73' lang='grc' dir='ltr'>ψυχὴν</span> <span class='ocrx_word' id='word_1_818' title='bbox 3335 4957 3392 5007; x_wconf 88' lang='grc' dir='ltr'><strong>ἐν</strong></span> <span class='ocrx_word' id='word_1_819' title='bbox 3422 4954 3688 5023; x_wconf 88' lang='grc' dir='ltr'>πνεύματι</span> 
     </span>
    </p>
   </div>
   <div class='ocr_carea' id='block_1_105' title="bbox 2123 5043 3687 5119">
    <p class='ocr_par' dir='ltr' id='par_1_105' title="bbox 2123 5043 3687 5119">
     <span class='ocr_line' id='line_1_105' title="bbox 2123 5043 3687 5119; baseline -0.002 -18"><span class='ocrx_word' id='word_1_820' title='bbox 2123 5048 2506 5119; x_wconf 84' lang='grc' dir='ltr'>γεγεννημένοι</span> <span class='ocrx_word' id='word_1_821' title='bbox 2555 5049 2749 5119; x_wconf 83' lang='grc' dir='ltr'>μηκέτι</span> <span class='ocrx_word' id='word_1_822' title='bbox 2795 5045 3061 5116; x_wconf 80' lang='grc' dir='ltr'>σαρκικὴν</span> <span class='ocrx_word' id='word_1_823' title='bbox 3113 5043 3300 5110; x_wconf 82' lang='grc' dir='ltr'>οὖσαν,</span> <span class='ocrx_word' id='word_1_824' title='bbox 3351 5045 3487 5100; x_wconf 76' lang='grc' dir='ltr'>ἀλλὰ</span> <span class='ocrx_word' id='word_1_825' title='bbox 3527 5043 3687 5115; x_wconf 77' lang='grc' dir='ltr'>αἷμα,</span> 
     </span>
    </p>
   </div>
   <div class='ocr_carea' id='block_1_106' title="bbox 2123 5135 3687 5211">
    <p class='ocr_par' dir='ltr' id='par_1_106' title="bbox 2123 5135 3687 5211">
     <span class='ocr_line' id='line_1_106' title="bbox 2123 5135 3687 5211; baseline -0.003 -17"><span class='ocrx_word' id='word_1_826' title='bbox 2123 5141 2216 5194; x_wconf 58' lang='grc' dir='ltr'><strong>καί¹</strong></span> <span class='ocrx_word' id='word_1_827' title='bbox 2236 5163 2238 5166; x_wconf 51' lang='grc' dir='ltr'><strong>ν</strong></span> <span class='ocrx_word' id='word_1_828' title='bbox 2259 5139 2440 5211; x_wconf 85' lang='grc' dir='ltr'>σάρκα</span> <span class='ocrx_word' id='word_1_829' title='bbox 2465 5179 2478 5203; x_wconf 96' lang='grc'><strong>,</strong></span> <span class='ocrx_word' id='word_1_830' title='bbox 2513 5140 2607 5193; x_wconf 75' lang='grc' dir='ltr'>καὶ</span> <span class='ocrx_word' id='word_1_831' title='bbox 2635 5139 2809 5210; x_wconf 72' lang='grc' dir='ltr'>ψυχὴν</span> <span class='ocrx_word' id='word_1_832' title='bbox 2865 5135 3251 5208; x_wconf 87' lang='grc' dir='ltr'>πνευματικῶς</span> <span class='ocrx_word' id='word_1_833' title='bbox 3303 5137 3654 5208; x_wconf 78' lang='grc' dir='ltr'>συνηνωμὲνα</span> <span class='ocrx_word' id='word_1_834' title='bbox 3673 5155 3687 5170; x_wconf 81' lang='grc' dir='ltr'><strong>ο</strong></span> 
     </span>
    </p>
   </div>
   <div class='ocr_carea' id='block_1_107' title="bbox 2121 5228 3690 5298">
    <p class='ocr_par' dir='ltr' id='par_1_107' title="bbox 2121 5228 3690 5298">
     <span class='ocr_line' id='line_1_107' title="bbox 2121 5228 3690 5298; baseline -0.002 -13"><span class='ocrx_word' id='word_1_835' title='bbox 2121 5232 2399 5286; x_wconf 89' lang='grc' dir='ltr'>τουτέστιν</span> <span class='ocrx_word' id='word_1_836' title='bbox 2423 5231 2681 5284; x_wconf 82' lang='grc' dir='ltr'>Ἔδωκεν</span> <span class='ocrx_word' id='word_1_837' title='bbox 2700 5229 2904 5296; x_wconf 81' lang='grc' dir='ltr'>αὐτοῖς</span> <span class='ocrx_word' id='word_1_838' title='bbox 2925 5229 3214 5293; x_wconf 77' lang='grc' dir='ltr'>ἐξουσίαν</span> <span class='ocrx_word' id='word_1_839' title='bbox 3237 5228 3417 5282; x_wconf 83' lang='grc' dir='ltr'>τέκνα</span> <span class='ocrx_word' id='word_1_840' title='bbox 3436 5228 3582 5282; x_wconf 88' lang='grc' dir='ltr'>Θεοῦ</span> <span class='ocrx_word' id='word_1_841' title='bbox 3599 5246 3690 5298; x_wconf 74' lang='grc' dir='ltr'><strong>τε-</strong></span> 
     </span>
    </p>
   </div>
   <div class='ocr_carea' id='block_1_108' title="bbox 2117 5319 3690 5392">
    <p class='ocr_par' dir='ltr' id='par_1_108' title="bbox 2117 5319 3690 5392">
     <span class='ocr_line' id='line_1_108' title="bbox 2117 5319 3690 5392; baseline -0.003 -16"><span class='ocrx_word' id='word_1_842' title='bbox 2117 5322 2346 5387; x_wconf 83' lang='grc' dir='ltr'>νέσθαι,</span> <span class='ocrx_word' id='word_1_843' title='bbox 2371 5325 2482 5385; x_wconf 84' lang='grc' dir='ltr'>τοῖς</span> <span class='ocrx_word' id='word_1_844' title='bbox 2509 5321 2900 5392; x_wconf 82' lang='grc' dir='ltr'>μεταϐάλλουσι</span> <span class='ocrx_word' id='word_1_845' title='bbox 2925 5320 3022 5391; x_wconf 80' lang='grc' dir='ltr'><strong>τὴν</strong></span> <span class='ocrx_word' id='word_1_846' title='bbox 3041 5320 3286 5391; x_wconf 86' lang='grc' dir='ltr'>γνώμην,</span> <span class='ocrx_word' id='word_1_847' title='bbox 3317 5319 3408 5372; x_wconf 72' lang='grc' dir='ltr'><strong>καὶ</strong></span> <span class='ocrx_word' id='word_1_848' title='bbox 3437 5320 3523 5374; x_wconf 84' lang='grc' dir='ltr'><strong>διὰ</strong></span> <span class='ocrx_word' id='word_1_849' title='bbox 3559 5338 3690 5390; x_wconf 90' lang='grc' dir='ltr'>σαρ-</span> 
     </span>
    </p>
   </div>
   <div class='ocr_carea' id='block_1_109' title="bbox 2117 5411 3582 5482">
    <p class='ocr_par' dir='ltr' id='par_1_109' title="bbox 2117 5411 3582 5482">
     <span class='ocr_line' id='line_1_109' title="bbox 2117 5411 3582 5482; baseline -0.001 -17"><span class='ocrx_word' id='word_1_850' title='bbox 2117 5413 2233 5479; x_wconf 82' lang='grc' dir='ltr'>κὸς,</span> <span class='ocrx_word' id='word_1_851' title='bbox 2259 5415 2353 5468; x_wconf 77' lang='grc' dir='ltr'><strong>καὶ</strong></span> <span class='ocrx_word' id='word_1_852' title='bbox 2376 5413 2629 5482; x_wconf 79' lang='grc' dir='ltr'>αἵματος,</span> <span class='ocrx_word' id='word_1_853' title='bbox 2657 5413 2750 5465; x_wconf 78' lang='grc' dir='ltr'><strong>καὶ</strong></span> <span class='ocrx_word' id='word_1_854' title='bbox 2772 5411 2950 5481; x_wconf 74' lang='grc' dir='ltr'>ψυχῆς</span> <span class='ocrx_word' id='word_1_855' title='bbox 2983 5411 3103 5480; x_wconf 80' lang='grc' dir='ltr'><strong>Θεῷ</strong></span> <span class='ocrx_word' id='word_1_856' title='bbox 3132 5411 3582 5481; x_wconf 84' lang='grc' dir='ltr'>εὐαρεστήσασιν.</span> 
     </span>
    </p>
   </div>
   <div class='ocr_carea' id='block_1_110' title="bbox 451 5504 3692 5580">
    <p class='ocr_par' dir='ltr' id='par_1_110' title="bbox 451 5504 3692 5580">
     <span class='ocr_line' id='line_1_110' title="bbox 451 5504 3692 5580; baseline -0.001 -16"><span class='ocrx_word' id='word_1_857' title='bbox 451 5511 630 5580; x_wconf 81' lang='lat' dir='ltr'><strong>Atque</strong></span> <span class='ocrx_word' id='word_1_858' title='bbox 654 5508 785 5564; x_wconf 87' lang='lat' dir='ltr'><strong>illud</strong></span> <span class='ocrx_word' id='word_1_859' title='bbox 814 5507 994 5580; x_wconf 89' lang='lat' dir='ltr'><strong>ipsum</strong></span> <span class='ocrx_word' id='word_1_860' title='bbox 1023 5514 1110 5564; x_wconf 90' lang='lat' dir='ltr'><strong>est</strong></span> <span class='ocrx_word' id='word_1_861' title='bbox 1159 5507 1309 5577; x_wconf 93' lang='lat' dir='ltr'><strong>quod</strong></span> <span class='ocrx_word' id='word_1_862' title='bbox 1347 5505 1548 5562; x_wconf 89' lang='lat' dir='ltr'><strong>dicitur</strong></span> <span class='ocrx_word' id='word_1_863' title='bbox 1577 5525 1591 5562; x_wconf 87' lang='lat'><strong>:</strong></span> <span class='ocrx_word' id='word_1_864' title='bbox 1623 5505 1779 5561; x_wconf 78' lang='lat' dir='ltr'><strong>Dedit</strong></span> <span class='ocrx_word' id='word_1_865' title='bbox 1841 5508 1914 5560; x_wconf 84' lang='lat' dir='ltr'><strong>eis</strong></span> <span class='ocrx_word' id='word_1_866' title='bbox 1965 5514 2275 5575; x_wconf 79' lang='lat' dir='ltr'><strong>potestatem</strong></span> <span class='ocrx_word' id='word_1_867' title='bbox 2321 5507 2461 5574; x_wconf 77' lang='lat' dir='ltr'><strong>ﬁlios</strong></span> <span class='ocrx_word' id='word_1_868' title='bbox 2499 5504 2600 5560; x_wconf 85' lang='lat' dir='ltr'><strong>Dei</strong></span> <span class='ocrx_word' id='word_1_869' title='bbox 2631 5507 2768 5575; x_wconf 79' lang='lat' dir='ltr'><strong>ﬁeri,</strong></span> <span class='ocrx_word' id='word_1_870' title='bbox 2809 5507 3122 5576; x_wconf 87' lang='lat' dir='ltr'><strong>quicunque</strong></span> <span class='ocrx_word' id='word_1_871' title='bbox 3161 5506 3419 5561; x_wconf 89' lang='lat' dir='ltr'><strong>nimirum</strong></span> <span class='ocrx_word' id='word_1_872' title='bbox 3481 5515 3692 5561; x_wconf 87' lang='lat' dir='ltr'><strong>mutato</strong></span> 
     </span>
    </p>
   </div>
   <div class='ocr_carea' id='block_1_111' title="bbox 451 5601 2991 5674">
    <p class='ocr_par' dir='ltr' id='par_1_111' title="bbox 451 5601 2991 5674">
     <span class='ocr_line' id='line_1_111' title="bbox 451 5601 2991 5674; baseline -0.001 -14"><span class='ocrx_word' id='word_1_873' title='bbox 451 5601 511 5660; x_wconf 86' lang='lat' dir='ltr'><strong>in</strong></span> <span class='ocrx_word' id='word_1_874' title='bbox 540 5603 737 5660; x_wconf 90' lang='lat' dir='ltr'><strong>melius</strong></span> <span class='ocrx_word' id='word_1_875' title='bbox 765 5603 949 5658; x_wconf 90' lang='lat' dir='ltr'><strong>animo</strong></span> <span class='ocrx_word' id='word_1_876' title='bbox 977 5617 1222 5670; x_wconf 87' lang='lat' dir='ltr'><strong>carnem,</strong></span> <span class='ocrx_word' id='word_1_877' title='bbox 1248 5603 1566 5674; x_wconf 88' lang='lat' dir='ltr'><strong>sanguinem</strong></span> <span class='ocrx_word' id='word_1_878' title='bbox 1607 5609 1661 5658; x_wconf 87' lang='lat' dir='ltr'><strong>et</strong></span> <span class='ocrx_word' id='word_1_879' title='bbox 1693 5604 1929 5657; x_wconf 88' lang='lat' dir='ltr'><strong>animam</strong></span> <span class='ocrx_word' id='word_1_880' title='bbox 1961 5601 2029 5655; x_wconf 91' lang='lat' dir='ltr'><strong>ad</strong></span> <span class='ocrx_word' id='word_1_881' title='bbox 2067 5601 2163 5657; x_wconf 89' lang='lat' dir='ltr'><strong>Dei</strong></span> <span class='ocrx_word' id='word_1_882' title='bbox 2189 5603 2520 5659; x_wconf 87' lang='lat' dir='ltr'><strong>voluntatem</strong></span> <span class='ocrx_word' id='word_1_883' title='bbox 2557 5601 2991 5659; x_wconf 86' lang='lat' dir='ltr'><strong>accommodant.</strong></span> 
     </span>
    </p>
   </div>
   <div class='ocr_carea' id='block_1_112' title="bbox 529 5756 1713 5829">
    <p class='ocr_par' dir='ltr' id='par_1_112' title="bbox 529 5756 1713 5829">
     <span class='ocr_line' id='line_1_112' title="bbox 529 5756 1713 5829; baseline -0.001 -15"><span class='ocrx_word' id='word_1_884' title='bbox 529 5758 549 5791; x_wconf 76' lang='grc'><strong>⁸</strong></span> <span class='ocrx_word' id='word_1_885' title='bbox 583 5756 718 5815; x_wconf 87' lang='lat' dir='ltr'><strong>Luc.</strong></span> <span class='ocrx_word' id='word_1_886' title='bbox 753 5774 887 5829; x_wconf 81' lang='lat' dir='ltr'><strong>xvn,</strong></span> <span class='ocrx_word' id='word_1_887' title='bbox 932 5758 1018 5824; x_wconf 84' lang='lat' dir='ltr'><strong>l7,</strong></span> <span class='ocrx_word' id='word_1_888' title='bbox 1050 5758 1136 5815; x_wconf 84' lang='lat' dir='ltr'><strong>l8.</strong></span> <span class='ocrx_word' id='word_1_889' title='bbox 1216 5761 1234 5791; x_wconf 85' lang='grc'>¹</span> <span class='ocrx_word' id='word_1_890' title='bbox 1274 5757 1430 5814; x_wconf 86' lang='lat' dir='ltr'><strong>Joan.</strong></span> <span class='ocrx_word' id='word_1_891' title='bbox 1457 5774 1496 5829; x_wconf 80' lang='grc' dir='ltr'><strong>ι,</strong></span> <span class='ocrx_word' id='word_1_892' title='bbox 1530 5758 1713 5814; x_wconf 81' lang='grc'><strong>11-15.</strong></span> 
     </span>
    </p>
   </div>
   <div class='ocr_carea' id='block_1_113' title="bbox 1792 5755 2224 5828">
    <p class='ocr_par' dir='ltr' id='par_1_113' title="bbox 1792 5755 2224 5828">
     <span class='ocr_line' id='line_1_113' title="bbox 1792 5755 2224 5828; baseline -0.002 -16"><span class='ocrx_word' id='word_1_893' title='bbox 1792 5758 1810 5788; x_wconf 84' lang='grc'><strong>³</strong></span> <span class='ocrx_word' id='word_1_894' title='bbox 1845 5755 1906 5812; x_wconf 85' lang='lat' dir='ltr'><strong>F.</strong></span> <span class='ocrx_word' id='word_1_895' title='bbox 1946 5755 2081 5828; x_wconf 79' lang='grc' dir='ltr'>τῷδε</span> <span class='ocrx_word' id='word_1_896' title='bbox 2116 5755 2224 5811; x_wconf 87' lang='grc' dir='ltr'>τόν.</span> 
     </span>
    </p>
   </div>
  </div>
