4076 6392
307 393 384 452 93
959 401 1331 463 ADVERSUS
1370 406 1718 465 HERESES
1757 408 1889 469 LIB.

1965 411 1997 466 I.
2041 410 2203 469 TOM.
2247 413 2312 469 ll.
2354 426 2423 457 -ι-
2462 413 2734 470 HERES.
2775 414 2961 471 LXVI.
3504 415 3575 475 94

394 507 456 560 '0
487 507 614 576 γοῦν
649 512 731 574 εἰς
761 511 830 565 τὰ
879 512 983 568 ῐδια
1027 515 1198 569 ἐλθὼν
1246 519 1347 572 οὐκ
1395 520 1674 592 ἀλλότριός
1716 523 1897 587 ἐστιν,
1928 530 1977 586 Α

1964 556 1977 586 ι
2072 523 2191 579 Jam
2244 526 2377 581 vero
2429 527 2524 598 qui
2569 528 2625 582 in
2678 528 2898 598 propria
2943 525 3164 582 venisse
3210 525 3435 582 dicitur.
3465 543 3574 583 non

308 599 447 652 ἀλλὰ.
467 603 749 675 Δεσπότης
776 606 1015 661 πάντων.
1044 608 1156 661 Καὶ
1180 609 1268 661 διὰ
1301 611 1465 665 τοῦτο
1490 612 1638 680 λέγει
1655 629 1670 645 ο
1715 612 1770 664 '0
1799 616 1902 667 λα-

2004 615 2215 672 alienus
2229 626 2336 683 est,
2373 618 2469 674 sed
2523 620 2769 674 omnium
2798 618 3081 677 Dominus.
3115 616 3477 684 Quamobrem
3500 619 3575 672 ita

304 691 435 744 λῶν
460 692 536 745 ἐν
563 695 689 762 τοῖς
731 698 1102 767 προφήταις·
1146 701 1295 756 Ἰδοὺ
1327 705 1587 773 πάρειμι.
1630 705 1739 757 Καὶ
1787 706 1900 769 τοῖς

2002 706 2137 761 dicit
2164 725 2176 761 :
2206 707 2312 775 Qui
2342 707 2591 777 loquebar
2619 709 2676 762 in
2698 709 2986 779 prophetis,
3013 707 3329 762 ecceadsum
3361 706 3401 758 ί.
3431 704 3573 771 Quin

323 782 595 851 Ἰουδαξοις
620 787 725 860 ἔφη
745 806 760 819 ·
790 793 863 845 El
883 793 1127 847 Μωῦσεῐ
1154 795 1522 862 ἐπιστεύετε,
1546 797 1898 851 ἐπιστεύετε

2000 799 2163 855 etiam
2182 799 2400 856 Iudaeos
2420 801 2736 869 alloquens:
2763 799 2824 855 Si
2844 798 3020 869 Moysi
3038 798 3343 860 crederetis,
3375 796 3572 867 inquit,

306 875 390 930 ἂν
429 878 597 947 ἐμοί·
647 882 880 950 ἐκεῖνος
930 886 1042 955 γὰρ
1093 888 1229 957 περὶ
1271 888 1421 958 ἐμοῦ
1457 888 1713 959 Experti?
1769 891 1865 943 καὶ
1881 930 1896 955 ν

2001 888 2280 944 crederetis
2322 898 2375 945 et
2409 890 2567 954 mihi;
2598 890 2689 944 ille
2718 890 2860 943 enim
2881 888 2946 944 de
2972 905 3054 943 me
3079 888 3294 957 scripsit
3315 890 3360 938 ί.
3406 885 3571 940 Item:

318 968 570 1039 Ἀϐραὰμ
608 974 642 1026 ό
678 974 877 1042 πατὴρ
927 975 1096 1046 ήμῶν
1130 977 1549 1049 ἠγαλλιάσατο
1599 978 1750 1033 ἰδεῖν
1784 979 1902 1048 τὴν

2000 980 2275 1035 Abraham
2343 991 2495 1051 pater
2546 990 2728 1037 noster
2778 982 3066 1037 exsultavit
3100 988 3160 1034 ut
3197 980 3393 1035 videret
3438 978 3578 1032 diem

301 1059 542 1129 ἡμέραν
569 1081 710 1133 μου.
747 1068 858 1121 Καὶ
885 1063 1006 1122 εἶδε
1025 1110 1041 1136 ,
1077 1071 1178 1124 καὶ
1210 1070 1399 1141 ἐχάρη
1419 1088 1434 1103 ο
1465 1073 1582 1139 καὶ,
1615 1074 1814 1139 Οὕτως
1846 1076 1900 1127 οἱ

2001 1088 2195 1127 meum.
2228 1071 2375 1127 Vidit
2394 1082 2444 1127 et
2472 1074 2687 1144 gavisus
2718 1082 2796 1128 est
2810 1073 2851 1127 ³.
2881 1071 3020 1128 Tum
3045 1072 3179 1128 illud
3211 1090 3226 1128 :
3261 1071 3351 1127 Sic
3400 1078 3576 1138 patre;

302 1155 563 1224 πατέρες
594 1157 763 1227 ὑμῶν
794 1160 1044 1215 ἐποίουν
1077 1162 1204 1229 τοῖς
1231 1164 1570 1233 προφήταις
1590 1181 1605 1196 ο
1634 1166 1749 1232 καὶ,
1777 1169 1902 1220 Μα-

2001 1165 2160 1220 vestri
2190 1163 2455 1234 faciebant
2483 1164 2747 1234 prophetis
2770 1164 2822 1231 ις
2853 1172 2940 1219 et:
2984 1162 3141 1217 Beati
3166 1162 3301 1230 :estis
3340 1176 3456 1214 cunt
3489 1176 3579 1213 ex-

304 1244 503 1315 κάριοί
539 1249 699 1316 ἐστε,
743 1251 891 1306 ὅταν
919 1254 1302 1311 ὀνειδίσωσιν
1327 1255 1486 1326 ὑμᾶς
1508 1297 1524 1323 ,
1558 1257 1658 1310 καὶ
1684 1257 1900 1311 εἴπωσι

1999 1255 2364 1325 probraverint
2400 1255 2567 1321 vobis,
2608 1265 2659 1310 et
2693 1255 2926 1310 dixerint
2975 1253 3253 1308 adversum
3298 1268 3386 1307 vos
3427 1266 3578 1305 omne

304 1340 439 1394 καθ’
468 1339 640 1408 ὑμῶν
663 1341 788 1397 πᾶν
816 1346 1086 1416 πονηρὸν
1110 1347 1495 1418 ψευδόμενοι.
1529 1348 1773 1417 Χαίρετε
1799 1348 1901 1402 καὶ

2000 1346 2203 1400 malum
2240 1347 2582 1412 mentientes;
2629 1346 2850 1417 gaudete
2897 1353 2949 1400 et
2993 1344 3279 1408 escsultate,
3328 1342 3577 1412 quoniam

302 1427 684 1498 ἀγαλλιᾶσθε
705 1449 718 1462 ·
762 1433 856 1491 ὅτι
905 1440 940 1491 ὁ
979 1437 1201 1507 μισθὸς
1236 1437 1405 1509 ὑμῶν
1441 1440 1638 1504 πολὺς
1668 1441 1739 1493 ἐν
1774 1439 1899 1507 τοῖς

2002 1455 2200 1493 merces
2234 1448 2409 1493 vestra
2435 1439 2608 1492 multa
2629 1447 2708 1492 est
2734 1439 2790 1491 in
2813 1438 2977 1492 caelis.
3013 1437 3103 1492 Sic
3137 1437 3276 1490 enim
3302 1449 3578 1504 perseque-

302 1522 610 1590 οὐρανοῖς.
647 1525 813 1581 Οὕτω
840 1528 951 1597 γὰρ
980 1529 1235 1584 ἐδίωκον
1258 1531 1400 1598 τοὺς
1426 1533 1737 1602 προφήτας
1757 1533 1901 1599 τοὺς

2003 1529 2200 1583 bantur
2248 1531 2557 1599 prophetas,
2611 1528 2702 1599 qui
2746 1536 2864 1581 ante
2914 1543 3002 1581 vos
3035 1526 3315 1595 fuerunt“.
3354 1523 3422 1579 Et
3465 1525 3574 1576 alio

301 1615 422 1682 πρὸ
461 1614 667 1685 ὑμῶν’
712 1619 808 1672 καὶ
840 1619 1031 1675 ἄλλοτε
1052 1637 1066 1650 ·
1107 1621 1509 1695 Ἰερουσαλὴμ
1544 1625 1583 1692 ἠ
1627 1626 1901 1681 ἀποκτεί-

2001 1620 2123 1676 loco
2151 1639 2164 1675 :
2205 1620 2561 1685 Hierusalem,
2594 1637 2712 1692 qua:
2734 1620 2927 1675 occidis
2959 1620 3262 1688 prophetas,
3289 1625 3339 1671 et
3370 1615 3578 1686 lapidas

299 1720 507 1761 νουσα
552 1707 697 1775 τοὺς
743 1712 1092 1782 προφήτας,
1137 1715 1235 1768 καὶ
1290 1716 1700 1771 λιθοϐολοῦσα
1757 1700 1900 1783 τοὺς

2001 1723 2089 1762 eos
2129 1708 2218 1778 qui
2253 1708 2404 1762 missi
2456 1709 2841 1777 sunt:quoties
2892 1708 3034 1762 volui
3077 1720 3392 1776 congregare
3439 1702 3580 1771 ﬁlios

298 1796 827 1869 ἀπεσταλμένους,
852 1805 1111 1872 ποσάκις
1137 1806 1415 1875 ἠθέλησα
1439 1807 1806 1873 ἐπισυνάξαι
1826 1807 1900 1862 τὰ

2005 1800 2158 1852 tuos'
2183 1800 2197 1853 ι
2237 1798 2369 1864 Quae
2405 1815 2507 1852 vox
2537 1801 2762 1869 quoties,
2790 1800 2919 1855 olim
2959 1800 3138 1868 ipsum
3168 1813 3263 1868 per
3285 1797 3582 1868 prophetas

298 1885 489 1944 τέκνα
525 1867 679 1944 σου]
707 1867 791 1945 To,
813 1891 870 1945 δὲ
901 1867 1171 1962 ποσάςὲιξ
1206 1867 1440 1951 δεωένύει
1474 1898 1560 1951 διὰ.
1603 1867 1899 1971 amca.

1959 1869 2401 1961 kcongregandis
2446 1867 2558 1947 illis
2594 1906 2814 1961 operam
2858 1867 3184 1946 adhibuisse
3206 1867 3569 1945 demonstrat.

298 1976 495 2030 τούτου
529 1978 755 2046 συνάξαι
779 1982 948 2055 αὐτὴν
982 1985 1488 2058 ὲπιμελησαμένου.
1524 1990 1586 2042 El
1614 1989 1722 2063 γὰρ
1760 1992 1902 2045 ἀπο-

2000 1976 2139 2033 Cum
2165 1980 2311 2035 enim
2341 1980 2459 2035 haec
2486 1980 2606 2052 ipsa
2635 1981 2825 2048 verba,
2868 1996 2985 2052 qua:
3033 1979 3229 2034 occidis
3275 1979 3577 2048 prophetas,

297 2067 634 2123 κτείνουσα
671 2071 816 2138 τοὺς
843 2073 1160 2143 προφήτας
1204 2076 1352 2146 λέγει
1396 2077 1763 2147 ἐλεγκτικῶς,
1791 2081 1900 2151 ἄρα

2001 2085 2196 2142 aspere
2230 2083 2285 2128 et
2313 2072 2640 2145 objurgandi
2673 2074 2851 2145 gratia
2881 2071 3343 2144 pronuntiaverit,
3380 2086 3578 2127 conse-

293 2156 413 2212 τῶν
452 2160 749 2232 προφητῶν
790 2166 1025 2219 ποιεῖται
1078 2167 1177 2238 τὴν
1219 2169 1558 2240 ἐπιμέλειαν.
1600 2172 1659 2225 '0
1696 2172 1754 2225 δὲ
1788 2171 1899 2226 τῶν

2000 2175 2177 2231 quens
2212 2168 2298 2217 est
2341 2163 2731 2240 prophetarum
2801 2162 2871 2217 ab
2911 2176 2978 2216 eo
3016 2175 3202 2215 curam
3234 2175 3359 2216 esse
3390 2174 3581 2216 susce-

295 2250 603 2320 προφητῶν
628 2253 1055 2326 ἐπιμελούμενος
1082 2236 1184 2313 ούκ
1210 2236 1511 2333 ἀλλοτρίων
1552 2264 1895 2334 ἐπεμελεῖτο,
2001 2266 2172 2326 ptam.
2203 2252 2323 2309 Jam
2351 2255 2446 2325 qui
2480 2236 2872 2326 prophetarum
2904 2269 3092 2309 curam
3120 2254 3281 2324 gerit,
3314 2269 3424 2308 non
3469 2250 3581 2307 uti-

293 2340 438 2394 ἀλλὰ
462 2341 576 2395 τῶν
610 2343 776 2399 ἰδίων.
814 2347 953 2413 Καὶ,
981 2350 1420 2421 Ζητηθήσεται,
1451 2355 1586 2425 φησὶ
1611 2354 1729 2418 ,λτὸ
1755 2352 1899 2425 αἷμα

1999 2361 2108 2415 que
2163 2353 2249 2402 est
2298 2354 2563 2417 tanquam
2615 2346 2682 2401 de
2730 2346 2948 2412 alienis,
3010 2346 3105 2401 sed
3158 2355 3413 2416 tanquam
3462 2344 3580 2400 suis

292 2427 365 2483 τὸ
399 2429 818 2502 ἐκχυνόμενον
852 2436 970 2490 ἀπὸ
1005 2438 1258 2508 αἵματος
1298 2442 1482 2497 Ἅϐελ
1520 2442 1659 2512 ἄχρι
1696 2446 1894 2515 Ζαχα-

1999 2434 2355 2506 propriisque
2387 2435 2680 2492 sollicitus.
2725 2434 2847 2501 Quo
2887 2443 2943 2491 et
2987 2434 3122 2489 illud
3165 2436 3443 2506 pertinet:
3476 2433 3579 2489 Re-

286 2521 434 2587 plov
473 2523 582 2577 τοῦ
620 2524 857 2582 δικαίου
877 2566 893 2593 ,
937 2530 1045 2584 τοῦ
1092 2532 1530 2601 ἐκκενωθέντος
1555 2536 1674 2590 ἀνὰ
1699 2535 1896 2605 μέσον

1996 2525 2233 2595 quiretur
2273 2525 2494 2595 sanguis
2548 2525 2638 2594 qui
2690 2525 2890 2594 effusus
2940 2534 3018 2578 est
3056 2541 3091 2579 a
3144 2525 3398 2594 sanguine
3426 2523 3578 2586 Abel,

292 2614 409 2668 τοῦ
452 2615 607 2671 ναοῦ
672 2618 773 2672 καὶ
828 2621 937 2675 τοῦ
989 2625 1466 2695 θυσιαστηρίουο
1528 2627 1623 2680 καὶ
1647 2667 1661 2692 ,
1721 2629 1896 2698 Ἄρας

1997 2631 2160 2687 usque
2213 2616 2285 2671 ad
2324 2614 2651 2670 Zachariam
2700 2616 2945 2686 justum,
2993 2618 3086 2687 qui
3125 2616 3278 2685 [usus
3306 2626 3385 2669 est
3441 2616 3580 2669 inter

292 2703 501 2758 πάντα
516 2746 533 2772 ,
561 2706 662 2761 καὶ
691 2708 802 2776 τὰς
829 2711 1120 2779 τραπέζας
1153 2712 1274 2767 τῶν
1309 2716 1730 2771 κολλυϐιστῶν
1757 2735 1896 2772 κατ-

1998 2707 2250 2776 templum
2283 2716 2336 2762 et
2366 2712 2536 2762 altare
2568 2706 2903 2763 '.Praeterea
2936 2708 3043 2763 alio
3069 2707 3124 2761 in
3154 2708 3300 2772 loco,
3335 2706 3578 2762 Sublatis

290 2792 580 2865 έστρεψε,
606 2798 709 2852 καὶ
737 2796 903 2855 εἶπεο
925 2802 1022 2871 Μὴ
1050 2805 1273 2861 ποιεῖτε
1305 2805 1411 2860 τὸν
1443 2804 1612 2862 οἷκον
1640 2808 1749 2864 τοῦ
1772 2812 1893 2863 Πα-

1996 2790 2239 2846 omnibus
2288 2792 2775 2846 nummulariorum
2819 2808 3031 2846 mensas
3076 2794 3280 2855 evertit,
3307 2808 3370 2846 ac
3396 2793 3534 2846 dixit
3559 2808 3579 2845 :

289 2888 439 2957 τρός
461 2905 585 2957 μου
615 2886 790 2945 οἷκον
811 2892 1120 2963 ἐμπορίου.
1155 2898 1266 2950 Καὶ
1296 2897 1434 2969 πρὸς
1459 2899 1588 2962 τοὺς
1623 2900 1752 2971 περὶ
1776 2901 1894 2953 Μα-

1996 2873 2180 2930 Nolite
2213 2876 2387 2944 facere
2424 2875 2642 2932 domum
2676 2876 2861 2932 Patris
2888 2878 2989 2932 mei
3014 2877 3230 2932 domum
3266 2878 3579 2949 negotiatio-

296 2979 442 3050 ριὰμ
477 2980 576 3034 καὶ
615 2983 819 3055 Ἰωσὴφ
851 2984 1042 3053 ἔλεγεν
1082 2987 1143 3044 Τί
1189 2987 1279 3042 ὅτι
1319 2967 1573 3058 ἐζητεῖτέ
1770 2994 1892 3047 Οὐκ

1996 2970 2078 3024 nis
2099 2969 2145 3026 ⁸.
2175 2969 2257 3023 Ad
2295 2968 2412 3023 haec
2458 2968 2640 3024 Maria:
2682 2983 2748 3023 ac
2791 2967 3032 3039 Josepho
3065 2969 3195 3024 dixit
3229 2987 3243 3024 :
3275 2968 3417 3035 Quid
3462 2977 3579 3023 erat

294 3071 520 3142 ᾔδειτε,
558 3073 649 3128 ὅτι
671 3075 743 3128 ἐν
772 3076 901 3143 τοῖς
927 3077 1037 3131 τοῦ
1073 3079 1307 3148 Πατρός
1336 3098 1457 3150 μου
1489 3059 1681 3151 δεῖ
1706 3080 1891 3146 cluat;

1994 3062 2134 3131 quod
2181 3059 2503 3130 quarebatis
2550 3062 2678 3117 me?
2707 3059 3039 3120 Nesciebatis
3085 3061 3225 3131 quod
3266 3061 3322 3113 in
3363 3061 3430 3114 iis
3460 3075 3576 3130 quae

296 3164 413 3217 Καὶ
443 3164 610 3229 εὐθὺς
647 3168 897 3239 ἐπιφέρει
933 3169 997 3223 τὸ
1025 3169 1362 3241 Εὐαγγέλιω
1408 3172 1586 3243 λέγον,
1624 3176 1705 3229 ὅτι
1735 3170 1885 3229 εἶπε’

1996 3151 2180 3209 Patris
2214 3154 2317 3207 mei
2362 3161 2486 3208 sunt
2530 3161 2732 3220 oportet
2759 3169 2841 3206 me
2870 3168 2983 3206 esse
3003 3152 3070 3206 ’ἲ
3135 3150 3308 3207 Porro
3335 3151 3577 3222 Evange-

292 3255 398 3323 Μὴ
448 3257 672 3312 ποιεῖτε
722 3219 830 3313 τον
876 3255 1049 3315 οἷκον
1098 3219 1208 3315 tot";
1268 3219 1502 3332 Πατρός
1541 3219 1662 3332 αου
1722 3250 1893 3319 οἷκον

1996 3242 2150 3307 lium,
2185 3251 2476 3314 postquam
2510 3219 2626 3297 haec
2658 3244 2727 3298 ab
2757 3258 2824 3299 eo
2852 3243 2998 3297 dicta
3015 3242 3237 3297 retulit:
3265 3240 3432 3313 656
3460 3219 3578 3295 No-

294 3348 588 3418 ἑμπορίου
608 3365 624 3381 ·
647 3350 724 3414 ὡς
755 3351 932 3419 λέγει·
963 3351 1077 3406 Καὶ
1102 3353 1506 3423 ἐμνήσθησαν
1528 3359 1583 3410 οἱ
1610 3358 1889 3426 μαθηταὶ,

1996 3335 2089 3389 lite
2118 3335 2294 3405 facere
2320 3337 2537 3391 domum
2564 3334 2749 3390 Patris
2779 3337 2879 3389 mei
2923 3334 3139 3388 domum
3177 3333 3573 3405 negotiationis,

294 3438 389 3493 ὅτι
428 3436 511 3510 ἦν
553 3442 995 3512 τετραμμένον·
1054 3442 1119 3496 '0
1165 3441 1345 3514 ζῆλος
1398 3446 1507 3500 τοῦ
1553 3423 1725 3503 οἴνου
1759 3423 1893 3502 σου

1995 3427 2180 3480 statim
2240 3427 2372 3483 illud
2417 3427 2692 3497 subjicit:
2745 3425 2815 3480 Et
2878 3425 3145 3480 recordati
3217 3433 3343 3479 sunt
3410 3423 3576 3478 disci-

294 3531 604 3601 κατέςοατέ
627 3510 739 3601 με.
775 3510 783 3512 ἡ
1218 3510 1228 3514 τ
1322 3510 1329 3511 7

1993 3512 2107 3581 puli
2142 3513 2284 3582 quod
2339 3515 2598 3583 scriptum
2649 3522 2779 3568 est:
2814 3510 2975 3567 Zelus
3032 3511 3220 3567 domus
3268 3520 3372 3565 tua:
3402 3525 3575 3565 come-

1994 3601 2073 3654 dit
2100 3618 2181 3656 me
2200 3603 2261 3658 ¹⁰.

365 3712 504 3766 ΠΡ.
544 3711 659 3766 Καὶ
681 3712 825 3766 πόσα
854 3711 1003 3767 ἐστιν
1027 3716 1201 3768 εἰπεῖν
1232 3715 1322 3769 διὰ
1353 3716 1611 3771 τοιούτων
1648 3718 1892 3786 Εὐαγγεο

2065 3720 2252 3777 XLIII.
2305 3721 2479 3788 Quam
2529 3723 2702 3777 multa
2745 3738 2813 3779 ex
2849 3721 3160 3793 Evangeliis
3209 3727 3263 3777 et
3310 3720 3575 3791 apostolis

293 3804 429 3857 λίων
460 3803 561 3857 καὶ
590 3804 701 3860 τῶν
730 3805 1047 3861 ἀποστόλων
1078 3808 1159 3871 εἰς
1189 3807 1410 3879 ἔλεγχον
1458 3810 1557 3880 τῆς
1598 3809 1694 3862 τοῦ
1729 3810 1889 3882 Μάνη

1993 3812 2179 3868 aderri
2213 3813 2279 3868 ad
2309 3812 2596 3868 Manichaei
2635 3811 2985 3868 refellendam
3012 3813 3280 3866 insaniam
3319 3819 3569 3883 possunt,

300 3896 533 3967 μανίας
560 3895 658 3949 καὶ
697 3895 775 3960 ὡς
824 3896 1072 3967 βούλεται
1099 3900 1329 3970 διαιρεῖν
1360 3900 1456 3953 καὶ
1492 3900 1892 3972 ἀπαλλοτριοῦν

1992 3906 2086 3974 qui
2120 3902 2291 3959 Vetus
2337 3902 2756 3959 Testamentum
2781 3919 2811 3957 a
2837 3904 2990 3959 Novo
3025 3902 3332 3957 distrahere
3353 3908 3407 3957 et
3439 3902 3574 3957 alie-

295 3988 399 4061 τὴν
422 3988 669 4043 Παλαιὰν
680 3988 974 4061 *Διαθήκην
1000 3989 1110 4044 ἀπὸ
1135 3990 1238 4059 τῆς
1268 3990 1611 4062 Καινῆς,τῆς
1641 3991 1891 4057 Παλαιᾶς

1993 4009 2127 4050 nare
2175 3992 2496 4049 contendit?
2545 3992 2681 4047 Cum
2734 4001 2917 4048 tamen
2961 3999 3016 4047 et
3071 3991 3241 4047 Vetus
3289 3992 3459 4045 multa
3503 3991 3572 4048 de

300 4080 695 4153 μαρτυρούσης
736 4081 866 4151 περὶ
897 4080 993 4134 τοῦ
1027 4082 1309 4153 Σωτῆρος,
1359 4085 1456 4137 καὶ
1502 4085 1597 4139 τοῦ
1638 4086 1890 4160 Σωτῆρος

1996 4082 2284 4139 Salvatore
2337 4083 2661 4139 testimonia
2708 4084 3028 4149 contineat;
3073 4090 3128 4137 et
3164 4082 3253 4136 hic
3303 4082 3569 4147 vicissim,

295 4173 691 4244 ὁμολογοῦντος
715 4176 817 4246 τὴν
844 4173 1092 4227 Παλαιὰν
1118 4173 1395 4246 Διαθήκην
1414 4191 1429 4207 ο
1459 4176 1521 4229 οὐ
1553 4178 1733 4248 μόνον,
1754 4179 1891 4234 ἀλλὰ

1993 4174 2104 4229 imo
2134 4184 2189 4230 et
2213 4174 2335 4244 ejus
2355 4174 2615 4244 apostoli,
2652 4172 2830 4229 Veteri
2861 4172 3218 4229 Testamento
3240 4174 3570 4228 auctoritate

298 4267 396 4319 καὶ
441 4264 601 4319 αὐτοὶ
642 4265 693 4318 οἱ
740 4265 1061 4328 ἀπόστολοι,
1097 4265 1174 4329 ὡς
1213 4266 1360 4334 λέγει
1408 4267 1607 4321 Δαϐίδο
1638 4265 1825 4323 Εἶπεν
1855 4273 1890 4325 ό

1990 4282 2089 4322 sua
2147 4266 2537 4338 suifragentur,
2573 4273 2635 4320 ut
2687 4267 2742 4319 in
2787 4265 2882 4320 illo
2922 4266 3065 4330 loco,
3119 4265 3212 4334 qui
3254 4280 3323 4320 ex
3357 4263 3564 4320 Davide

296 4359 519 4426 Κύριος
546 4354 627 4420 τῷ
664 4356 858 4423 Κυρίῳ
882 4373 1034 4426 μουο
1075 4354 1274 4410 Κάθου
1311 4356 1382 4410 ἐκ
1409 4357 1627 4423 δεξιῶν
1641 4377 1783 4428 μου.
1819 4364 1889 4415 El

1989 4360 2290 4415 translatus
2317 4369 2400 4415 est
2430 4359 2618 4414 :Diait
2666 4357 2920 4413 Dominus
2956 4357 3183 4414 Domino
3199 4374 3334 4422 meo,
3375 4356 3508 4412 Sede
3534 4375 3569 4412 a

295 4445 414 4506 οὖν
445 4448 669 4515 Κύριον
706 4447 893 4501 αὐτὸν
929 4447 1124 4518 λέγει,
1156 4447 1282 4515 πῶς
1312 4451 1445 4517 υίὸς
1482 4452 1670 4507 αὐτοῦ
1719 4453 1888 4519 ἐστι;

1986 4449 2190 4505 dextris
2225 4450 2374 4504 meis.
2423 4447 2486 4504 Si
2535 4449 2702 4518 igitur
2736 4448 2991 4502 Dominus
3045 4448 3201 4502 illum
3235 4457 3407 4511 vocat,
3441 4463 3569 4517 que-

296 4541 411 4596 Kal.
431 4539 597 4594 πάλιν
626 4540 685 4592 ὲν
710 4539 884 4610 ἑτέρῳ
908 4539 1087 4608 λέγει·
1123 4540 1246 4594 Τῶν
1267 4541 1499 4597 παίδων
1524 4543 1878 4611 κραζόντων·

1953 4580 1958 4610 ,
1988 4543 2143 4598 modo
2169 4543 2315 4613 ﬁlius
2347 4541 2462 4611 ejus
2490 4551 2568 4596 est
2592 4542 2630 4572 “
2648 4541 2671 4595 ?
2691 4540 2775 4596 Ad
2798 4542 2913 4596 haec
2937 4560 2950 4596 :
2976 4538 3347 4596 Clamantibus
3363 4540 3563 4608 pueris,

305 4633 579 4688 Ὠσαννά
618 4631 700 4698 τῷ
726 4631 835 4698 υίῷ
872 4632 1051 4685 Δαϐίδ
1072 4646 1086 4660 ’
1120 4633 1214 4686 καὶ
1257 4633 1357 4686 οὐκ
1386 4635 1620 4706 ἐπετίμα
1661 4636 1881 4701 αὐτοῖς,

1990 4634 2257 4689 Hosanua
2312 4623 2462 4689 Filio
2518 4633 2688 4688 David
2712 4634 2777 4699 ¹²,
2811 4648 2934 4687 cum
2959 4649 3054 4688 eos
3088 4648 3193 4686 non
3238 4633 3563 4703 increparet,

294 4724 546 4795 λέγουσιν
596 4727 646 4778 οἱ
690 4726 1000 4797 Φαρισαῖον
1048 4726 1171 4777 Οὐκ
1208 4724 1448 4792 ἀκούεις
1491 4728 1550 4779 τί
1587 4723 1753 4784 οὗτοι
1784 4729 1884 4782 λέ-

1984 4725 2247 4781 Pharismi
2278 4727 2351 4780 ita
2386 4725 2567 4796 ipsum
2620 4726 2842 4781 allocuti
2884 4734 3012 4781 sunt
3052 4742 3066 4779 :
3098 4723 3220 4778 Νυη
3246 4725 3400 4778 audis
3436 4725 3563 4794 quid

294 4833 510 4888 γουσι;
547 4817 833 4872 κώλυσον
854 4817 1028 4871 αὑτά.
1061 4817 1120 4869 Ὀ
1146 4816 1204 4869 δὲ
1241 4819 1380 4889 πρὸς
1408 4820 1631 4884 αὐτούς·
1667 4822 1766 4876 Ἂν
1791 4819 1885 4879 οὗ·

1985 4819 2078 4874 isti
2112 4818 2342 4873 dicant?
2378 4818 2595 4886 prohibe
2625 4820 2747 4872 illos
2770 4819 2833 4871 ¹³.
2869 4816 2962 4872 Ille
2988 4833 3118 4871 vero
3146 4817 3218 4870 ita
3245 4817 3559 4886 respondit:

293 4927 386 4965 τοι
423 4907 805 4980 σιγήσωσιν,
852 4910 906 4961 ol
948 4908 1106 4961 λίθοι
1151 4908 1564 4976 κεκράξονται.
1608 4912 1735 4977 Υἱὸς
1784 4915 1884 4984 μὲν

1987 4909 2050 4965 Si
2080 4911 2173 4963 isti
2209 4911 2494 4978 tacuerint,
2524 4910 2723 4978 lapides
2754 4907 3261 4978 vociferabuntur".
3299 4906 3395 4962 Est
3417 4907 3560 4961 enim

293 5001 402 5071 γὰρ
448 4999 614 5053 Δαὸξδ
654 5000 770 5052 ἐστι
814 4997 956 5052 κατὰ
987 4999 1188 5066 σάρκα,
1225 5000 1429 5071 Κύριος
1480 5001 1538 5055 δὲ
1578 5003 1674 5056 τοῦ
1722 5005 1885 5059 Δαϐὶδ

1986 5001 2210 5059 Davidis
2249 5004 2339 5057 ille
2370 5003 2590 5073 quidem
2637 5018 2804 5057 carne
2839 5003 3003 5065 illius,
3048 4998 3295 5070 ejusdem
3331 5013 3480 5064 vero,
3509 4997 3560 5052 si

292 5093 436 5147 κατὰ
465 5090 708 5162 πνεῦμα,
733 5089 843 5146 τῶν
867 5091 1195 5164 ἀμφοτέρων
1219 5092 1419 5158 λέξεων
1438 5093 1681 5150 δυνατῶν
1707 5096 1882 5150 οὐσῶν

1980 5094 2232 5163 spiritum
2267 5095 2609 5160 consideres,
2642 5093 2929 5155 Dominus,
2965 5107 3088 5147 cum
3121 5092 3293 5146 ambae
3321 5090 3426 5145 illae
3462 5103 3560 5144 vo-

292 5183 388 5236 καὶ
419 5180 825 5252 ἁληθευουσῶν.
861 5181 1029 5236 Οὐδὲν
1062 5182 1172 5254 γάρ
1203 5185 1322 5238 ἐστι
1360 5185 1882 5257 παραπεποιημένον

1978 5199 2073 5240 ces
2101 5184 2331 5254 aliquid,
2359 5185 2507 5255 quod
2533 5185 2645 5240 tieri
2672 5184 2870 5255 possit,
2901 5195 3201 5251 verumque
3229 5180 3557 5252 signiﬁcent.

289 5277 356 5345 τῇ
391 5272 647 5344 ἀληθείᾳ.

1977 5273 2114 5329 Nam
2145 5274 2282 5328 nihil
2313 5283 2399 5330 est
2425 5276 2481 5329 in
2515 5276 2746 5331 veritate
2776 5272 3090 5328 conﬁctum.

371 5365 541 5419 Ἀλλὰ
577 5365 665 5418 ἵνα
705 5364 780 5435 μὴ
811 5363 1040 5434 μηκύνω
1074 5363 1175 5435 τὴν
1220 5363 1474 5419 ὑπόθεσιν
1506 5365 1733 5438 ταύτην,
1780 5367 1881 5438 ἀρ-

2048 5364 2252 5421 Verum
2309 5382 2379 5422 ne
2407 5365 2618 5423 diutius
2653 5367 2709 5421 in
2756 5381 2822 5422 eo
2867 5373 3194 5436 argumento
3233 5376 3559 5426 commorer,

292 5459 636 5529 κεσοήσομαι
670 5456 895 5522 ταύταις
917 5460 1039 5523 ταῖς
1069 5458 1419 5530 μαρτυρίαις.
1465 5458 1783 5529 Ἐλεύσομαι
1820 5460 1877 5513 δὲ

1984 5472 2081 5514 ero
2140 5458 2330 5527 paucis
2380 5458 2450 5514 iis
2502 5459 2833 5515 testimoniis
2879 5465 3194 5524 contentus,
3245 5472 3440 5526 meque
3492 5454 3560 5509 ad

289 5554 367 5613 εἰς
396 5549 465 5602 τὰ
498 5547 687 5620 ἔτερα,
732 5547 1030 5619 ἐξελέγχων
1066 5547 1158 5601 τὸν
1204 5546 1467 5620 ἀγύρτην.
1521 5549 1583 5600 Ei
1622 5547 1683 5601 τὺ
1717 5549 1877 5620 σῶμα

1986 5550 2091 5604 alia
2131 5550 2451 5621 impostoris
2475 5551 2622 5607 illius
2651 5551 2905 5623 dogmata
2941 5548 3230 5606 refutanda
3259 5548 3556 5604 conferam.

361 5714 379 5745 ¹
413 5715 518 5769 lsa.
555 5730 653 5776 LII,
683 5712 735 5766 6.
813 5714 833 5743 ¹
862 5710 1023 5766 Joan.
1060 5728 1143 5776 ιιι,
1183 5709 1271 5765 46.
1352 5714 1370 5743 ³
1394 5711 1552 5767 Joau.
1587 5727 1701 5778 vm,
1729 5710 1816 5767 56.
1923 5712 1945 5742 ⁸

1928 5712 1945 5742 ⁸
1974 5709 2108 5768 Luc.
2145 5726 2218 5774 vt,
2243 5712 2331 5767 25.
2438 5713 2459 5745 ⁸
2494 5713 2626 5768 ibid.
2654 5713 2743 5775 22,
2791 5713 2880 5769 ‘25.
2990 5712 3010 5743 ⁸
3041 5708 3226 5763 Matth.
3256 5723 3414 5773 χχιιι,
3450 5704 3538 5778 δῖ.

294 5782 470 5853 ῖῑιιίιι.
506 5785 598 5838 55.
708 5785 727 5815 ⁸
751 5782 908 5836 Joan.
953 5801 1013 5847 ιι,
1044 5783 1126 5837 l5.
1219 5784 1267 5853 A9
1298 5781 1428 5853 Luc.
1466 5799 1524 5846 ιι,
1553 5782 1642 5837 49.
1691 5776 1801 5853 ⁷Ῠξ⁰
1830 5780 1904 5837 lo:

1943 5798 1997 5853 rt.
2020 5798 2080 5853 ιι,
2114 5783 2175 5853 i_7
2204 5800 2217 5847 ;
2248 5781 2392 5842 Psal.
2443 5785 2738 5853 uvut,10.
2862 5784 2898 5816 ¹²
2933 5781 3120 5838 Matth.
3160 5794 3297 5845 χιιι,
3329 5778 3420 5847 ιι,
3447 5776 3553 5847 ιες

293 5850 418 5910 Psal
486 5871 598 5921 cn,
638 5857 683 5909 ι.
764 5857 804 5885 ¹²
838 5853 1028 5909 Matth.
1066 5869 1181 5920 xxi,
1208 5851 1261 5909 9.
1341 5851 1535 5909 "Luc.
1579 5852 1812 5923 x1x,59.
1892 5853 1903 5884 ‘

638 5857 683 5909 ι.
764 5851 1261 5920 “Malth.xxt,9.
1341 5851 1535 5909 “Luc.
1579 5868 1691 5923 XIX,
1723 5852 1812 5909 59.
1892 5853 1934 5884 ιι
1965 5852 2099 5908 ibid.
2128 5851 2214 5909 to.
