4076 6392
476 356 556 427 9'5
1911 371 1968 426 s.
2009 362 2351 428 meum"
3671 371 3745 431 96

485 481 542 536 Si
586 494 790 548 corpus
834 476 1067 534 alterius
1096 475 1188 535 Dei
1219 483 1326 546 est,
1356 493 1410 538 et
1439 484 1666 540 alterius
1697 484 1906 552 anima,
1937 500 2058 554 quae

2173 487 2346 557 ἑτέρου
2385 486 2519 541 Θεοῦ
2538 527 2555 552 ,
2586 479 2631 541 ὧ
2668 479 2856 554 οὗτος,
2885 489 2980 542 καὶ
3019 489 3053 558 ἡ
3086 486 3232 557 ψυχὴ
3266 486 3427 542 ἄλλου
3457 487 3590 541 Θεοῦ
3611 527 3626 552 ,
3656 490 3742 552 τίς

484 578 685 640 potest,
714 570 786 623 mi
816 569 1004 637 homo,
1036 574 1320 627 amborum
1350 589 1473 628 esse
1506 575 1861 629 communio?
1886 575 2064 640 Quan-

485 676 648 730 quam
685 658 964 728 cogilandi
1004 663 1138 717 mihi
1168 678 1330 733 quam
1362 665 1528 718 altam
1561 666 1615 719 in
1647 666 2064 734 contemplatio-

485 769 612 811 ncau
667 752 965 813 mediocris
1018 772 1084 812 ac
1135 757 1433 827 perpusilla
1486 773 1640 813 mens
1702 765 1890 812 nostra
1941 774 2064 815 sese

490 851 818 915 committat,
877 850 1026 905 subit
1087 849 1380 904 admodum
1439 849 1636 905 vereri.
1697 848 2062 917 Quamobrem

488 941 750 998 inhibebo
779 942 1184 1012 memetipsum,
1217 956 1287 995 ne
1326 941 1416 1006 iis,
1453 939 1549 1011 qui
1591 941 1773 1012 legere
1801 942 1907 996 ista
1938 957 2065 1012 pos-

488 1043 635 1100 sunt,
668 1037 954 1107 plusquam
983 1050 1080 1104 par
1103 1042 1188 1089 est
1213 1033 1416 1090 laboris
1448 1034 1749 1104 imponam,
1782 1050 1905 1090 cum
1936 1052 2067 1106 pra:-

489 1125 679 1182 sertim
723 1124 886 1178 unico
915 1123 1232 1180 testimonio
1271 1123 1631 1193 praestigiator
1671 1123 1776 1179 iste
1809 1125 2064 1195 redargui

489 1215 684 1287 possit.
702 1213 992 1280 Etenimin
1013 1212 1258 1272 eamdem
1277 1213 1736 1268 consociationem
1750 1227 1814 1268 ac
1829 1227 2067 1270 commu-

491 1305 706 1362 nionem
745 1303 943 1358 adduci
971 1318 1082 1360 non
1111 1317 1300 1357 eorum
1327 1317 1448 1357 esse
1475 1310 1673 1372 potest,
1713 1318 1837 1372 quae
1870 1311 2063 1356 mutuo

491 1395 842 1458 dissentiant,
872 1395 968 1450 sed
988 1395 1151 1450 unius
1172 1409 1309 1464 opus
1325 1401 1430 1459 est,
1459 1402 1554 1448 aut
1577 1409 1607 1447 a
1628 1395 1844 1449 duobus
1872 1395 2064 1449 saltem

492 1487 688 1542 amicis
730 1485 984 1540 eﬂicitur.
1035 1485 1223 1556 Itaque
1268 1499 1394 1539 cum
1432 1500 1633 1554 corpus
1676 1493 1731 1540 et
1777 1486 1958 1539 anima
2009 1486 2064 1540 in

491 1594 660 1634 unum
710 1580 1060 1642 conveniant,
1110 1578 1276 1633 unius
1319 1575 1414 1632 Dei
1459 1591 1600 1647 opus
1650 1578 1787 1632 illud
1817 1593 1939 1632 esse
1967 1593 2067 1647 pu-

490 1666 718 1722 tandum
775 1675 880 1724 est.
937 1665 1125 1738 Neque
1171 1669 1316 1722 enim
1366 1667 1475 1722 ulla
1523 1675 1608 1722 est
1658 1667 1799 1722 inter
1833 1668 1924 1721 illa
1956 1667 2066 1721 duo

489 1757 810 1827 disiunctio,
855 1771 981 1812 cum
1035 1757 1105 1810 ad
1151 1756 1419 1824 agendum
1471 1766 1660 1811 mutua
1703 1758 2066 1812 consensione

2163 578 2413 633 κοινωνία
2456 579 2565 632 τῶν
2593 581 2950 652 άμφοτέρωνς
3004 581 3114 633 Καὶ
3157 579 3308 634 δέδια
3349 579 3427 643 ὡς
3457 581 3537 642 είς
3579 581 3742 634 πόσον

2163 669 2324 738 ὖγκον
2359 669 2520 740 βυθοῦ
2547 670 2920 744 διανοημάτων
2948 671 3240 740 ὲγκύπτειν
3279 673 3535 741 πειρᾶται
3577 673 3606 724 ὁ
3646 675 3744 742 τῆς

2163 759 2320 830 ἡμῶν
2369 759 2704 830 βραχύτητος
2749 760 2944 832 μικρὸς
2985 759 3130 822 νοῦς.
3175 758 3266 812 Διὸ
3312 757 3744 828 χαλιναγωγήσω

2163 849 2420 920 ἐμαυτὸν,
2451 849 2540 903 ἶνα
2575 850 2651 921 μὴ
2683 851 2850 904 πολὺν
2877 851 3122 921 κάματον
3151 849 3467 918 ποιήσωμαι
3495 847 3740 914 ἀναγνώ-

2167 960 2303 1006 σεως
2325 945 2437 1008 τοῖς
2457 943 2794 1014 δυναμένοις.
2831 943 2942 996 Καὶ
2974 942 3084 996 ἀπὸ
3114 943 3240 1012 μιᾶς
3271 940 3574 1012 μαρτυρίας
3597 938 3743 993 ἔστιν

2165 1032 2443 1100 ἐξελέγξαι
2475 1032 2568 1086 τὸν
2596 1033 2787 1103 γόητα.
2837 1033 2911 1085 Τὸ
2948 1031 3045 1102 μὲν
3083 1031 3190 1102 γὰρ
3219 1028 3506 1083 ὲπιτοαυτὸ
3549 1045 3744 1082 κοινω-

2165 1127 2276 1178 νεῖν
2300 1126 2399 1179 οὐκ
2421 1124 2535 1178 ἔστι
2561 1124 2965 1196 διαφερομένων
2996 1122 3130 1194 πρὸς
3155 1120 3438 1190 ἀλλήλους,
3463 1119 3599 1174 ἀλλὰ
3626 1119 3744 1183 ἑνὸς

2164 1215 2225 1267 τὸ
2251 1214 2430 1286 ἔργον,
2460 1217 2493 1286 ἢ
2528 1215 2621 1270 δύο
2656 1215 2824 1286 φίλων
2852 1216 2886 1285 ἡ
2929 1213 3179 1286 ἐργασία.
3222 1211 3329 1266 Τοῦ
3363 1209 3612 1280 σώματος
3637 1211 3745 1263 τοί-

2166 1323 2258 1359 νυν
2293 1309 2386 1358 καὶ
2424 1305 2524 1376 τῆς
2549 1305 2728 1376 ψυχῆς
2758 1305 2850 1358 ἐπὶ
2876 1303 2938 1357 τὸ
2975 1303 3108 1356 αῦτὺ
3139 1301 3309 1356 ὄντων
3331 1341 3345 1364 ,
3378 1301 3498 1363 ἑνὸς
3526 1299 3660 1353 Θεοῦ
3685 1299 3746 1352 τὸ

2166 1399 2348 1466 ἔργον.
2382 1398 2458 1450 Οὐ
2490 1397 2599 1466 γάρ
2633 1399 2748 1450 ἔστι
2779 1395 3040 1467 διαίρεσις
3059 1435 3074 1457 ,
3105 1394 3192 1448 διὰ
3221 1393 3284 1446 τὸ
3318 1393 3601 1464 ἀμφότερα
3625 1408 3747 1444 συν-

2166 1493 2349 1562 εργεῖν
2403 1491 2719 1561 πρεπόντως
2765 1490 2860 1542 καὶ
2895 1485 3254 1551 συνδοξάιζειν.
3302 1485 3366 1538 Ei
3395 1484 3452 1538 δὲ
3484 1483 3624 1537 κατὰ
3653 1483 3748 1535 τὸν

2165 1583 2354 1638 τούτου
2397 1583 2553 1650 λόγον
2593 1580 3007 1650 καταφαγόντες
3053 1581 3102 1632 οἱ
3138 1579 3394 1649 ἄρχοντες
3435 1575 3534 1647 τὴν
3571 1574 3748 1646 ψυχὴν

2166 1675 2425 1742 ἐποίησαν
2456 1674 2590 1743 αὐτῇ
2625 1671 2820 1742 δεσμὸν
2849 1669 3030 1724 τουτοϊ
3076 1669 3138 1722 τὸ
3163 1668 3354 1738 σῶμα,
3388 1666 3504 1729 πῶς
3534 1665 3630 1736 τὴν
3661 1664 3749 1735 βε-

2168 1763 2456 1835 ϐρωμένην
2484 1761 2638 1826 αὖθις
2681 1763 3016 1831 ὲγκλείουσιν
3049 1762 3128 1823 είς
3171 1759 3359 1829 σῶμα;
3391 1759 3508 1810 Ηᾶν
3538 1757 3649 1827 γάρ
3687 1755 3747 1808 τὸ

493 1863 557 1903 ac
587 1849 885 1903 concordia
932 1848 1272 1918 conspirent.
1307 1845 1426 1901 Jam
1463 1861 1592 1902 vero
1624 1847 1694 1912 si,
1728 1854 1786 1900 ut
1814 1847 1904 1902 ille
1937 1862 2061 1902 sen-

2173 1853 2604 1924 βιὸρωσκόμενον
2633 1852 2980 1906 ἀναλίσκεται
2997 1867 3010 1880 ⁶
3036 1850 3098 1903 τὸ
3119 1849 3175 1902 δὲ
3208 1847 3630 1917 άναλισκόμενον
3654 1845 3748 1897 καὶ

491 1943 580 2004 tit,
606 1940 881 2010 principes
921 1941 1184 2003 animam,
1226 1953 1390 2009 quam
1415 1937 1832 2002 devoraverant,
1871 1941 1925 1994 in
1957 1940 2061 1995 hoc

491 2047 714 2103 corpus,
763 2040 1024 2103 tanquam
1057 2031 1113 2086 in
1149 2033 1424 2088 vinculum
1455 2031 1730 2102 quoddam
1769 2047 2059 2103 compege-

2166 1947 2246 2008 εἰς
2289 1945 2350 1998 τὸ
2396 1945 2740 2017 ἀνύπαρκτον
2773 1945 2960 2014 χωρεῖ.
2995 1941 3068 1995 Τὸ
3101 1941 3156 1994 δὲ
3185 1939 3400 2010 χωροῦν
3440 1941 3517 2001 εἰς
3561 1936 3622 1989 τὸ
3649 1936 3747 1989 άν-

2167 2035 2445 2107 ύπαρκτον
2488 2036 2582 2090 καὶ
2616 2035 2812 2107 μηκέτι
2854 2034 2936 2098 ὃν,
2960 2033 3085 2087 οὔτε
3129 2032 3184 2085 ἔν
3212 2049 3318 2085 τινι
3344 2030 3495 2100 τόπῳ
3527 2029 3750 2099 περικέ-

490 2123 626 2190 rint,
657 2124 752 2194 qui
779 2125 893 2179 ﬁeri
927 2131 1125 2191 potest,
1152 2132 1211 2178 ut
1233 2139 1398 2194 quam
1428 2123 1835 2189 devoraverint,
1863 2124 2060 2180 iterum

2173 2129 2432 2193 κλεισται,
2461 2127 2586 2182 οὔτε
2613 2127 2780 2191 ἔστιν,
2811 2125 2936 2179 οὔτε
2965 2125 3258 2195 γενήσεται
3288 2121 3437 2191 αὐτῷ
3463 2121 3627 2182 τόπος
3656 2118 3746 2171 δε-

489 2216 547 2271 in
599 2230 800 2287 corpus
855 2216 1173 2271 inc-ludant?
1230 2215 1510 2286 Quidquid
1545 2216 1691 2272 enim
1745 2215 2060 2284 devoratur,

2167 2220 2482 2293 σμωτηρίου
2508 2220 2585 2291 τῷ
2613 2219 2688 2291 μὴ
2717 2219 3034 2306 ὑπάρχοντι.

491 2313 868 2380 consumitur,-
930 2312 1075 2382 quod
1125 2321 1304 2366 autem
1344 2312 1715 2375 consumitur,
1767 2311 2072 2376 evanescit,
2101 2320 2157 2369 et
2219 2315 2273 2369 in
2309 2316 2539 2369 nihilum
2593 2314 2880 2384 redigitur.
2927 2310 3082 2378 Quod
3125 2312 3178 2366 in
3224 2311 3455 2365 nihilum
3519 2307 3654 2370 abit,
3694 2311 3752 2362 et

488 2416 614 2459 esse
636 2401 797 2473 357
830 2401 1053 2467 desinit,
1102 2416 1202 2456 nec
1247 2401 1358 2456 ullo
1391 2401 1527 2470 .loco
1585 2400 2084 2468 circumscribitur,
2121 2419 2222 2460 nec
2267 2413 2354 2460 est
2398 2419 2651 2476 usquam,
2695 2418 2797 2459 nec
2845 2403 2954 2457 ullo
2995 2417 3220 2457 carcere
3285 2417 3410 2456 cum
3454 2399 3587 2454 nihil
3655 2398 3747 2462 sit,

491 2498 733 2550 coerceri
761 2502 958 2564 potest.
1428 2538 1434 2545 .

559 2589 742 2645 XLIV.
777 2591 883 2646 Sed
913 2590 1046 2646 illud
1080 2589 1284 2645 homini
1317 2605 1560 2660 persaepe
1589 2591 1810 2658 accidit,
1844 2599 1906 2647 ut
1949 2607 2066 2647 sua:

491 2682 768 2752 Opinionis
797 2682 1004 2736 oblitus
1019 2697 1142 2750 qua:
1171 2689 1332 2736 antea
1372 2683 1572 2737 dixerit
1598 2698 1707 2736 non
1747 2683 2066 2739 recordetur

493 2775 751 2844 amplius,
785 2784 840 2830 et
873 2790 995 2845 quae
1046 2774 1340 2844 aliquando
1383 2776 1843 2846 comprobaverit,
1874 2775 2064 2831 eadem

491 2883 686 2922 rursus
717 2867 1037 2937 imprudens
1074 2873 1302 2921 evertat.
1346 2865 1595 2919 Animam
1653 2867 1929 2920 interdum
1967 2866 2067 2920 de-

490 2967 762 3022 voratam,
800 2965 854 3014 et
887 2958 1236 3028 corporibus,
1268 2972 1390 3026 quae
1442 2958 1496 3011 in
1542 2958 1646 3012 hoc
1685 2957 1890 3012 mundo
1915 2966 2066 3023 sunt,

493 3051 761 3106 inclusam
797 3065 920 3105 esse
948 3049 1212 3105 defendit.
1244 3049 1394 3104 Alias
1423 3064 1452 3102 a
1480 3050 1819 3120 principibus
1846 3065 1876 3105 e
1905 3051 2066 3114 cmlo,

2239 2602 2371 2657 MA’.
2410 2601 2678 2665 Πολλάκις
2705 2601 2761 2654 δὲ
2786 2585 2888 2671 τῆς
2928 2597 3124 2653 ἑαυτοῦ
3149 2597 3390 2661 διανοίας
3417 2598 3748 2670 ἐπιλαθόμε-

2168 2711 2281 2757 νος,
2326 2693 2454 2763 περὶ
2482 2687 2557 2746 ὧν
2588 2693 2633 2746 δ’
2668 2693 2734 2747 ἂν
2763 2694 2904 2745 εῐποι
2945 2689 3387 2755 ἐπιλανθάνεται,
3417 2690 3512 2744 καὶ
3545 2691 3581 2744 ἆ
3619 2708 3750 2744 ποτε

2171 2783 2587 2845 κατασκευάζει,
2636 2781 2706 2835 τὰ
2736 2783 2875 2836 αὐτὰ
2908 2783 3070 2836 πάλιν
3113 2780 3473 2844 ἁνασκευάξει
3519 2781 3745 2849 ἀγνοῶν.

2183 2877 2303 2931 Ὀτὲ
2346 2877 2442 2948 μὲν
2488 2876 2597 2947 γάρ
2640 2877 2739 2947 τὴν
2786 2876 2963 2946 ψυχὴν
3013 2876 3214 2944 φάσκει
3259 2875 3356 2945 τὴν
3401 2874 3750 2944 βεϐρωμένην

2173 2951 2626 3037 ὲγκατάκλειστον
2676 2967 2990 3040 ὁριζόμενος
3033 2969 3089 3020 ὲν
3139 2965 3355 3036 σώμασι
3410 2967 3522 3028 τοῖς
3563 2962 3748 3017 οὖσινο

2174 3061 2262 3113 ὁτὲ
2295 3061 2350 3114 δὲ
2380 3060 2736 3130 άφηρπάσθαι
2768 3059 2874 3112 άπὸ
2895 3059 3004 3111 τῶν
3028 3060 3303 3129 ἀρχόντων
3331 3056 3538 3111 ἄνωθεν
3567 3058 3632 3108 ἐκ
3653 3056 3751 3125 τῆς

495 3147 657 3210 atque
694 3155 760 3194 ex
793 3138 922 3194 boui
953 3137 1048 3193 Dei
1089 3145 1370 3192 armatura
1408 3138 1698 3208 direptam,
1727 3131 1788 3192 ut
1818 3154 1926 3192 non
1957 3152 2070 3191 am-

2175 3151 2476 3214 πανοπλίας
2506 3151 2600 3204 τοῦ
2638 3150 2845 3218 ἀγαθοῦ
2879 3149 3012 3203 Θεοῦ
3041 3151 3139 3220 τὴν
3173 3151 3342 3219 αὐτὴν
3376 3149 3637 3219 ὁρίζεται,
3676 3149 3752 3210 ὡς

491 3232 638 3303 plius
677 3232 957 3294 devorata,
1010 3231 1106 3286 sed
1157 3231 1212 3284 in
1263 3231 1638 3301 captivitatem
1689 3230 1923 3285 abducta
1980 3230 2072 3286 sit.

493 3320 901 3391 Nonnunquam
945 3329 1001 3376 et
1025 3321 1296 3391 captivam
1328 3321 1560 3386 asserit;
1586 3335 1762 3389 neque
1796 3321 2075 3375 cohaeren-

491 3415 569 3469 tia
595 3415 863 3484 loquitur;
907 3412 1002 3467 sed
1033 3412 1140 3465 alio
1173 3412 1334 3465 modo
1355 3418 1526 3466 totam
1557 3410 1829 3481 ejusmodi
1879 3426 2076 3465 narra-

493 3508 696 3562 tionem
741 3504 1000 3559 contexit.
1029 3503 1242 3573 Quippe
1272 3504 1419 3558 velut
1457 3518 1640 3558 escam
1665 3503 1957 3574 quamdam
2006 3503 2077 3558 ab

495 3597 768 3668 superiori
801 3599 1004 3651 virtute
1059 3603 1256 3664 sponte
1315 3609 1413 3649 sua
1463 3595 1734 3663 objectam
1769 3595 2070 3656 existimat.

494 3706 604 3747 non
639 3690 797 3742 aliter
822 3698 985 3756 atque
1007 3687 1223 3741 hadum
1267 3687 1322 3742 in
1354 3685 1606 3741 scrobem
1642 3686 1878 3756 abjicere
1900 3687 2077 3742 solent

497 3781 786 3851 captanda:
815 3781 942 3834 tera:
972 3779 1170 3849 gratia,
1204 3793 1325 3848 quae
1353 3777 1728 3833 hacillecebra
1763 3775 1832 3831 ad
1853 3778 2075 3848 capien-

497 3875 622 3928 dam
647 3873 882 3944 przedam
913 3872 1139 3926 invitata
1175 3872 1446 3940 capiatur.
1484 3869 1679 3925 Verum
1703 3870 1750 3924 si
1780 3885 1848 3926 ex
1876 3870 2076 3925 virtute

499 3966 719 4037 propria
741 3966 889 4018 velut
910 3965 1121 4018 haadum
1145 3964 1290 4018 hunc
1321 3962 1554 4032 aliquem
1586 3963 1668 4018 vis
1706 3963 1798 4016 illa
1829 3961 2072 4020 caelestis

495 4057 928 4120 immiserit,hoc
962 4065 1046 4111 est
1073 4056 1250 4110 bonus
1266 4054 1432 4117 Deus,
1465 4054 1581 4109 sive
1609 4054 1726 4117 lux,
1763 4062 1824 4107 ut
1845 4054 1947 4108 iste
1977 4069 2078 4108 no-

497 4151 700 4212 minat;
732 4150 858 4203 licet
882 4146 1053 4202 feram
1085 4146 1286 4214 capiat,
1325 4144 1478 4213 prius
1507 4151 1689 4198 tamen
1727 4143 1938 4197 hmdum
1979 4144 2077 4198 ab-

499 4243 639 4298 sumi
674 4255 901 4296 necesse
923 4247 1030 4294 est.
1056 4237 1233 4307 Atque
1280 4237 1357 4290 ita
1414 4236 1591 4304 majus
1629 4234 1735 4304 ipsi
1770 4235 1873 4290 sibi
1905 4235 2076 4289 detri-

497 4336 741 4383 mentum
791 4328 1038 4382 coelestis
1079 4327 1168 4380 illa
1206 4327 1382 4380 virtus
1411 4325 1745 4388 consciscet,
1775 4341 1896 4394 quae
1934 4341 2074 4378 non-

497 4421 702 4475 nullam
726 4419 808 4473 sui
840 4426 1047 4488 partem
1078 4417 1145 4472 ad
1176 4417 1362 4472 bestia).
1387 4417 1644 4486 pabulum
1674 4416 1954 4484 obiecerit,
1993 4426 2073 4482 ut,

497 4524 607 4581 qua
634 4523 692 4564 se
721 4485 894 4578 ipsam
933 4507 1183 4577 portione
1230 4485 1583 4570 mutilaverit,
1619 4505 1790 4560 feram
1823 4517 2074 4577 captasse
2106 4485 2152 4541 Β

497 4602 782 4665 videatur;
814 4615 914 4655 nec
938 4600 1050 4668 jam
1082 4600 1289 4663 valens,
1323 4613 1388 4651 ac
1421 4612 1697 4667 suprema,
1743 4605 1837 4650 aut
1866 4611 2075 4667 praepo-

499 4700 623 4749 tens
651 4693 775 4756 erit,
808 4699 869 4745 ut
892 4706 1025 4746 voce
1042 4691 1127 4745 vel
1152 4691 1430 4744 voluntate
1473 4688 1643 4743 feram
1673 4689 1929 4759 potestati
1965 4703 2077 4744 suae

503 4785 763 4854 subjiciat
794 4783 964 4853 :quin
997 4783 1196 4853 potius,
1224 4791 1283 4836 ut
1309 4781 1428 4850 ejus
1459 4795 1686 4851 compos
1717 4781 1933 4843 evadat,
1959 4781 2076 4835 cal-

504 4877 614 4932 lide
637 4891 702 4930 ac
719 4875 1098 4930 fraudulenter
1126 4875 1296 4928 multa
1332 4874 1574 4929 molitur.
1592 4873 1670 4927 Ac
1696 4873 1914 4928 tametsi
1931 4872 2077 4929 illius

503 4969 687 5038 aliqua
751 4974 906 5037 parte
953 4968 1195 5021 inescata
1254 4966 1367 5020 fera
1416 4965 1508 5019 illa
1556 4973 1774 5036 captata
1814 4965 1910 5030 sit,
1954 4977 2078 5021 ante

503 5067 688 5114 tamen
717 5059 1038 5113 devoratum
1070 5058 1283 5112 haedum
1315 5058 1404 5112 illa
1439 5057 1699 5128 perdidit,
1729 5058 2078 5127 quantumvis

505 5150 741 5220 praedam
793 5151 1008 5220 assequi
1045 5150 1306 5219 potuerit.
1366 5149 1460 5204 Sic
1521 5150 1689 5220 igitur
1747 5149 1794 5204 si
1836 5149 2076 5203 animam

506 5243 684 5297 virtus
717 5244 959 5298 cmlestis
986 5243 1041 5296 in
1072 5243 1218 5298 hunc
1239 5243 1426 5298 orbem
1461 5241 1722 5308 emiserit,
1757 5249 1816 5296 ut
1843 5257 1938 5311 per
1957 5255 2076 5295 eam

510 5335 850 5405 principatus
894 5335 1154 5398 irretiret,
1196 5343 1602 5405 potestatesque
1654 5340 1916 5402 captaret,
1968 5349 2078 5385 non

508 5424 600 5478 illa
631 5439 875 5495 scopum,
915 5442 1073 5494 quem
1104 5426 1341 5489 volebat,
1364 5433 1612 5481 assecuta
1638 5425 1756 5479 fuit.
1789 5423 1924 5477 Nam
1953 5440 2079 5478 cum

511 5517 747 5571 animam
776 5519 922 5572 velut
955 5518 1022 5572 ad
1047 5518 1354 5572 venandum
1384 5516 1820 5586 captandumque
1849 5516 2080 5580 miserit,

512 5615 672 5677 capta
713 5608 828 5677 ipsa
855 5618 1035 5663 tamen
1063 5609 1246 5678 potius
1274 5616 1386 5676 est;
1408 5617 1462 5663 et
1484 5624 1609 5662 cum
1635 5607 1701 5660 ad
1725 5608 2079 5662 irretiendum

512 5700 746 5763 venerit,
802 5700 918 5754 suis
959 5707 1044 5753 est
1086 5700 1365 5770 implicata
1395 5701 1603 5754 retibus
1635 5718 1647 5751 :
1681 5699 1948 5767 siquidem
1984 5714 2081 5768 pu-

515 5791 732 5845 rissima
765 5806 830 5846 ex
867 5797 1062 5845 natura
1095 5789 1335 5845 derivata
1373 5790 1607 5855 primum
1632 5791 1686 5845 in
1708 5790 1921 5846 vincula
1945 5804 2081 5844 con-

2179 3245 2374 3316 μηκέτι
2422 3243 2763 3316 βεδρῶσθαι,
2803 3243 2940 3297 ἀλλὰ
2987 3239 3475 3312 ᾑχμαλωτεῦσθαιο
3515 3240 3646 3293 ποτὲ
3693 3239 3750 3292 δὲ

2174 3337 2272 3408 τὴν
2307 3337 2476 3406 αὐτὴν
2506 3336 2848 3406 αἰχμάλωτον
2880 3334 3176 3403 ληφθεῖσαν
3200 3334 3381 3386 οὐκέτι
3417 3333 3754 3401 συνᾳδόντως

2174 3431 2343 3500 λέγει,
2389 3429 2504 3483 ἀλλ’
2547 3429 2732 3500 ἕτερον
2764 3427 2964 3497 τρόπον
3007 3426 3103 3497 τὴν
3137 3426 3257 3479 κατ’
3287 3425 3455 3495 αὐτῆς
3496 3424 3752 3478 ὑπόθεσιν

2174 3525 2462 3594 διηγεῖται,
2497 3521 2742 3590 φάσκων,
2789 3519 2864 3582 ὡς
2893 3519 3086 3589 δέλεαρ
3111 3518 3279 3588 αὐτὴν
3313 3517 3534 3586 ἑκουσίᾳ
3557 3515 3751 3587 γνώμῃ

2177 3614 2623 3686 παραϐεὸλῆσθαι
2659 3613 2762 3666 ὑπὸ
2790 3613 2890 3682 τῆς
2918 3611 3120 3666 ἄνωθεν
3143 3611 3426 3679 δυνάμεως
3448 3609 3606 3679 δίκην
3636 3611 3752 3680 ὲρί-

2177 3727 2276 3778 φου
2313 3712 2370 3761 ἐν
2401 3706 2579 3777 βόθρῳ
2617 3705 2935 3776 βληθέντος,
2969 3705 3046 3765 είς
3077 3702 3138 3754 τὸ
3162 3702 3255 3754 τὸν
3286 3701 3427 3771 θῆρα
3456 3700 3748 3771 ἀγρεῦσαι,

2175 3801 2355 3874 ὲρεθισ
2366 3800 2524 3854 θέντα
2549 3815 2609 3851 τε
2637 3796 2732 3851 καὶ
2757 3795 3084 3850 κατελθόντα
3103 3794 3195 3847 τὸν
3220 3793 3407 3864 ἔριφον
3430 3793 3634 3856 λαὸεῐν,
3657 3791 3753 3846 καὶ

2175 3892 2338 3946 αὐτὸν
2385 3892 2479 3944 τὸν
2523 3889 2668 3960 θῆρα
2700 3886 3052 3958 θηρευθῆναι.
3096 3884 3207 3936 Καὶ
3252 3885 3299 3935 εί
3350 3883 3447 3950 μὲν
3487 3883 3586 3952 τῆς
3620 3882 3753 3946 ἰδίας

2174 3983 2455 4053 δυνάμεως
2494 3981 2586 4034 τὸν
2625 3979 2810 4050 ἔριφον
2862 3974 3179 4029 ἀπέστειλεν
3206 3978 3240 4044 ἡ
3275 3975 3388 4028 ἄνω
3415 3973 3677 4044 δύναμις,
3723 3974 3755 4028 ὃ

2176 4075 2324 4127 ἔστιν
2353 4073 2556 4141 ἀγαθὸς
2585 4071 2738 4133 Θεὸς,
2786 4069 2820 4139 ἢ
2865 4069 2926 4121 τὸ
2971 4068 3088 4136 φῶς
3109 4109 3123 4132 ,
3159 4067 3235 4129 ὡς
3263 4065 3426 4128 αὐτὸς
3457 4065 3752 4135 ὀνομάζει,

2176 4167 2278 4220 κάν
2318 4183 2379 4219 τε
2421 4164 2664 4235 θηρεύσῃ
2705 4162 2796 4214 τὸν
2829 4160 3008 4229 θῆρα,
3053 4157 3192 4220 τέως
3236 4156 3452 4228 πρῶτος
3501 4157 3530 4208 ὁ
3569 4155 3755 4226 ἔριφος

2177 4257 2689 4330 καταϐρωθήσεται,
2737 4254 2831 4307 καὶ
2866 4251 3063 4323 μᾶλλον
3101 4249 3299 4320 ἑαυτὴν
3347 4247 3536 4318 βλάψει
3572 4249 3756 4318 ἡιᾶνω

2175 4349 2424 4418 δύναμις,
2473 4347 2638 4418 μέρος
2683 4346 2853 4414 αὐτῆς
2891 4342 3269 4397 ὑποϐάλλουσα
3307 4345 3388 4405 εἰς
3442 4341 3637 4413 βρῶμα
3674 4340 3755 4410 τῷ

2178 4440 2325 4510 θηρὶ,
2361 4441 2446 4492 ἵνα
2487 4439 2554 4491 δι’
2580 4433 2642 4493 οὗ
2674 4438 2874 4509 μέρους
2918 4437 3056 4506 αὑτὴ
3100 4435 3440 4506 ζημιουμένη
3490 4433 3617 4504 δόξῃ
3660 4431 3753 4486 τὸν

2176 4545 2321 4616 θῆρα
2359 4543 2654 4616 θηρεῦσαι,
2681 4543 2775 4596 καὶ
2804 4543 2989 4595 οὐκέτι
3017 4542 3118 4594 οὐκ
3157 4540 3431 4610 ἰσχύουσα,
3458 4540 3549 4592 καὶ¹
3587 4539 3753 4608 ὑπερ-

2175 4639 2334 4707 τάτη,
2362 4637 2456 4689 καὶ
2485 4635 2707 4704 δυνατὴ,
2730 4633 2872 4702 λόγῳ
2899 4633 2932 4703 ἦ
2965 4631 3230 4702 θελήματι
3257 4630 3348 4682 τὸν
3377 4630 3518 4700 θῆρα
3554 4625 3750 4698 χειρώ-

2179 4746 2336 4798 σηται
2355 4745 2366 4758 ·
2411 4727 2546 4782 άλλά
2602 4727 2910 4797 μηχανᾶται
2955 4723 3330 4795 πολυτρόπως,
3386 4721 3480 4774 καὶ
3525 4735 3756 4788 πανουρ-

2177 4820 2416 4889 γεύεται,
2447 4820 2534 4872 ἵνα
2559 4817 2761 4887 δυνηθῇ
2788 4816 2880 4869 τοῦ
2913 4815 3082 4886 θηρὸς
3109 4812 3516 4886 περιγενέσθαι.
3557 4810 3669 4865 Καὶ
3705 4810 3756 4863 εἰ

2176 4914 2313 4976 ὅλως
2362 4911 2651 4982 θηρευθείη
2705 4911 2733 4961 ὁ
2777 4908 2878 4979 θὴρ
2921 4907 3020 4978 ήδη
3061 4906 3168 4960 ἀπὸ
3217 4904 3312 4958 τοῦ
3367 4905 3500 4958 ἰδίου
3533 4903 3750 4974 μέρους,

2178 5005 2482 5059 ἀπεϐάλετο
2513 5002 2605 5055 τὸν
2638 5002 2824 5072 ἔριφον
2857 5000 2948 5053 τὸν
2995 4997 3358 5069 βεϐρωμένον,
3383 4995 3484 5048 κάν
3522 5010 3580 5046 τε
3617 4993 3756 5056 ὅλως

2178 5097 2429 5168 δυνηθείη
2477 5094 2759 5166 θηρεῦσαι.
2811 5091 2873 5145 Εἰ
2920 5092 3028 5161 γὰρ
3069 5091 3169 5161 τὴν
3210 5088 3389 5160 ψυχὴν
3435 5083 3754 5141 ἀπέστειλεν

2179 5189 2415 5243 ἐνταῦθα
2437 5190 2470 5258 ἡ
2501 5187 2612 5241 ἄνω
2650 5185 2897 5254 δύναμις,
2950 5184 3037 5235 ἵνα
3075 5182 3162 5235 διὰ
3187 5181 3288 5250 τῆς
3333 5179 3513 5249 ψυχῆς
3545 5176 3757 5246 πεδήσῃ

2180 5282 2278 5344 τὰς
2311 5279 2504 5350 ἀρχὰς,
2533 5279 2628 5330 καὶ
2659 5277 2756 5338 τάς
2782 5273 3027 5338 ἐξουσίας
3061 5271 3368 5344 θηρεύουσα
3387 5309 3402 5334 ,
3431 5269 3530 5323 οὐκ
3565 5265 3745 5337 ἀπέὅή

2183 5388 2210 5439 ό
2245 5385 2444 5446 σκοπὸς
2484 5385 2550 5453 τῇ
2595 5381 2736 5434 οὕτω
2783 5378 3201 5450 βουλευσαμένη.
3235 5375 3354 5428 Κάν
3397 5391 3456 5428 τε
3497 5373 3606 5444 γὰρ
3650 5373 3758 5424 άπ-

2184 5478 2390 5531 έστειλε
2431 5475 2529 5546 τὴν
2564 5473 2742 5544 ψυχὴν
2793 5472 3078 5544 θηρεῦσαι,
3125 5468 3470 5539 τεθήρευται,
3517 5467 3550 5536 ἢ
3601 5479 3760 5533 παγι-

2183 5583 2408 5646 δεῦσαι,
2467 5581 2893 5648 πεπαγίδευται,
2946 5576 3178 5630 ἐλθοῦσα
3224 5574 3332 5628 άπὸ
3377 5572 3621 5642 καθαρᾶς
3663 5570 3759 5639 φύ-

2188 5701 2353 5747 σεως,
2387 5683 2481 5737 καὶ
2510 5681 2855 5737 ὑποπεσοῦσα
2901 5681 3118 5751 πρῶτον
3152 5681 3250 5750 μὲν
3283 5675 3468 5747 δεσμῷ
3507 5675 3765 5746 σώματος

2186 5787 2283 5858 τῆς
2315 5785 2444 5856 ὕλης
2473 5825 2486 5851 ,
2539 5783 2656 5839 εἶτα
2699 5782 2754 5837 δὲ
2809 5783 2899 5836 καὶ
2942 5782 3160 5844 πολλαῖς
3208 5779 3316 5832 τῶν
3346 5776 3760 5849 ἁμαρτημάτων
3821 5799 3823 5801 ί
