4076 6392
368 321 445 377 97
976 322 1344 378 ADVERSUS
1383 320 1727 380 IIERESES
1768 324 1893 381 LIB.
1936 324 1998 379 ll.
2044 324 2209 383 ΤΟΜ.
2250 328 2315 383 ll.
2357 362 2423 370 —
2465 329 2736 387 ΙΙίΕΒΕδ.
2778 332 2962 389 LXVI.
3558 340 3627 395 93

370 429 649 495 ἀτοπίαις.
679 433 788 485 Καὶ
830 433 1166 501 πανταχόθεν
1208 433 1487 487 διαπίπτει
1536 436 1565 486 ό
1608 435 1704 489 τοῦ
1748 435 1949 489 πλάνου

2063 439 2187 491 creti
2218 453 2343 495 cum
2378 444 2604 497 materia
2647 446 2894 514 corporis
2925 447 3150 512 incidit;
3187 454 3301 503 tum
3334 451 3519 505 multis
3545 461 3627 504 cst

369 524 557 592 λόγος,
584 526 679 577 καὶ
701 527 735 594 ή
770 524 864 578 τοῦ
892 524 1173 597 ἀλιτηρίου
1201 526 1539 579 διδασκαλία.

447 791 583 843 ME'.
622 790 759 861 Φέρε
795 789 860 860 δὴ
907 790 1107 861 ἴδωμεν
1151 790 1247 843 καὶ
1296 790 1426 861 περὶ
1465 788 1564 857 τῆς
1615 788 1821 860 μητρὸς
1855 789 1954 861 τῆς

372 879 546 951 ζωῆς,
592 877 661 953 ἧς
694 882 895 950 φάσκει
935 882 1217 952 δυνάμεως
1252 881 1691 952 προϐεϐλῆσθαν
1738 883 1831 935 κα)⁸
1858 883 1957 935 αὑ-

368 974 476 1044 τὴν
503 974 561 1027 δὲ
586 974 683 1044 τὴν
714 973 927 1045 μητέρα
963 974 1064 1044 τῆς
1104 974 1251 1044 ζωῆς
1279 975 1369 1028 τόν
1394 991 1454 1027 τε
1497 974 1713 1044 πρῶτον
1746 974 1955 1046 ἄνθρω-

372 1082 479 1117 πον
508 1065 575 1118 τὰ
597 1066 759 1119 πέντε
788 1068 1052 1135 στοιχεῖα,
1081 1065 1239 1120 ama
1262 1069 1432 1127 ἐστιν,
1459 1067 1536 1130 ὡς
1559 1069 1765 1130 ἐκεῖνος
1786 1068 1952 1134 λέγει,

372 1156 599 1225 ἄνεμος,
626 1156 761 1224 φῶς,
801 1156 968 1227 ὕδωρ,
995 1155 1107 1228 πῦρ
1158 1158 1253 1210 καὶ
1283 1156 1403 1229 ὕλη.
1432 1157 1615 1211 Ταῦτα
1648 1158 1703 1211 δὲ
1736 1157 1958 1211 ἐνδυσά-

378 1265 544 1317 μενον
590 1247 784 1313 αὑτὸν,
835 1248 912 1310 ὡς
957 1248 1094 1319 πρὸς
1152 1248 1495 1321 κατασκευήν
1543 1250 1778 1320 πολέμου
1821 1267 1955 1303 κατ-

374 1333 555 1387 ελθεῖν
579 1334 750 1397 κάτω,
788 1336 880 1387 καὶ
912 1336 1215 1406 πολεμῆσαι
1252 1336 1331 1408 τῷ
1366 1338 1568 1391 σκότει.
1606 1340 1669 1391 υἱ
1715 1339 1818 1409 γὰρ
1860 1341 1954 1393 τοῦ

376 1426 607 1489 σκότους
640 1426 920 1498 ἄρχοντες,
951 1427 1313 1499 πολεμοῦντες
1336 1429 1509 1499 αὑτῷ,
1542 1430 1745 1499 ἔφαγον
1770 1433 1835 1484 ὲκ
1856 1435 1957 1502 τῆς

375 1517 684 1579 πανοπλίας
717 1518 904 1581 αὑτοῦ,
943 1519 971 1571 ὃ
1005 1520 1151 1571 ἐστιν
1180 1521 1403 1590 ήψυχή.
1433 1522 1496 1573 ’Ὠ
1525 1520 1763 1591 ἀγύρτου
1796 1541 1958 1594 μιμο-

371 1608 599 1677 λογίαςί
636 1609 687 1661 ὣ
714 1609 913 1681 χλεύης
938 1613 1327 1666 ὰσυνεικάστου
1358 1614 1453 1665 καὶ
1474 1614 1793 1681 γελοιώδους
1826 1617 1959 1669 ὑπο-

374 1701 615 1766 θέσεως-ε
657 1703 737 1755 Τὰ
771 1703 1059 1775 έπίχειρα¹
1097 1704 1430 1774 πανταχόθεν
1460 1706 1759 1777 ἀδυναμίαν
1790 1726 1957 1780 προσ-

2061 537 2408 598 peccatorum
2439 532 2802 591 incommodis
2832 538 3115 591 obstricta.
3139 538 3497 604 Quamobrem
3522 543 3629 596 Ine-

2059 622 2213 675 retici
2253 623 2399 679 illius
2428 632 2594 695 atque
2625 628 2947 682 exsecrandi
2998 629 3236 684 hominis
3289 641 3394 685 tam
3428 635 3626 695 oratio,

2060 727 2222 781 quam
2250 713 2496 771 doctrina
2529 719 2675 772 omni
2707 735 2771 773 ex
2808 728 2961 788 parte
2992 719 3274 775 refellitur.

2130 800 2289 857 XLV.
2327 805 2441 873 Age
2470 821 2633 860 nunc.
2668 821 2893 863 matrem
2941 809 3088 863 illam
3147 812 3271 864 vita:
3323 812 3625 875 videamus.

2061 907 2223 960 quam
2263 894 2332 948 ab
2374 897 2575 952 virtute
2601 900 2921 968 productam
2959 900 3127 971 658
3165 902 3419 966 afllrmat,
3477 920 3627 958 eam-

2061 982 2293 1054 demque
2324 1000 2448 1041 cum
2480 990 2656 1057 primo
2690 991 2908 1046 homine
2945 995 3187 1063 quinque
3219 995 3482 1049 elementa
3510 1011 3630 1066 pro.

2062 1090 2303 1142 creasse,
2340 1094 2461 1147 quae
2503 1089 2632 1135 sunt
2674 1098 2739 1136 ex
2782 1083 2931 1139 illius
2958 1085 3237 1154 opinione,
3268 1094 3485 1151 ventus,
3513 1088 3626 1150 lux,

2064 1184 2226 1240 aqua,
2279 1171 2423 1241 ignis
2472 1182 2527 1228 et
2560 1176 2807 1229 materia.
2842 1174 3053 1241 Quibus
3090 1158 3313 1234 indutus
3342 1180 3450 1242 ille,
3484 1180 3632 1233 velut

2064 1260 2133 1314 ad
2186 1264 2614 1332 comparandum
2675 1264 2873 1317 bellum
2945 1266 3001 1319 in
3041 1265 3301 1320 inferiora
3351 1266 3629 1335 delapsus,

2063 1364 2189 1403 cum
2238 1352 2481 1405 tenebris
2540 1367 2872 1422 congressus
2934 1363 3037 1408 est.
3091 1354 3223 1409 Nam
3280 1357 3629 1410 tenebrarum

2065 1440 2363 1509 principes,
2404 1456 2530 1494 cum
2562 1456 2627 1495 eo
2672 1441 3026 1512 confligentes
3072 1458 3139 1498 ex
3180 1442 3300 1513 ejus
3330 1453 3627 1507 armatura,

2064 1544 2185 1597 qua:
2209 1530 2387 1582 anima
2410 1536 2515 1590 est,
2556 1530 2803 1583 nonnihil
2828 1531 3146 1585 adederunt.
3177 1530 3222 1585 Ο
3251 1533 3500 1588 inimicas
3522 1534 3628 1587 cir-

2065 1619 2331 1673 culatoris
2362 1620 2624 1687 ineptias!
2656 1635 2690 1672 o
2723 1619 2961 1673 fabulam
2990 1620 3105 1675 risu
3126 1623 3273 1675 omni
3304 1636 3367 1675 ac
3397 1622 3631 1676 ludibrio

2064 1711 2314 1781 dignam!
2351 1708 2565 1780 Ubique
2619 1710 2807 1763 divino
2853 1711 3065 1764 numini
3098 1712 3520 1767 imbecillitatem
3552 1712 3633 1765 af-

372 1796 543 1849 άπτει
600 1794 680 1865 τῷ
724 1794 882 1865 Θεῷ,
931 1796 1267 1867 πανταχόθεν
1321 1798 1544 1867 ἄγνοιαν
1598 1800 1836 1871 ὁρίζεται
1886 1802 1961 1873 τῷ

2066 1802 2238 1873 lingit,
2299 1817 2536 1871 eumque
2587 1803 2679 1871 qui
2726 1803 2878 1855 novit
2910 1804 3093 1857 omnia
3131 1819 3343 1858 summa
3392 1805 3631 1875 undique

375 1888 560 1941 πάντα
587 1888 907 1956 γινώσκοντι
930 1886 1067 1960 Θεῷ.
1099 1889 1157 1941 '0
1180 1888 1289 1960 γὰρ
1318 1891 1603 1962 προϐαλὼν
1628 1893 1727 1963 τὴν
1750 1893 1961 1964 μητέρα

371 1982 480 2051 τῆς
524 1978 691 2049 ζωῆς,
747 1980 888 2033 κατὰ
926 1980 1017 2034 τὸν
1057 1979 1221 2033 αὑτοῦ
1267 1980 1445 2049 λόγον,
1495 1982 1528 2052 ἢ
1570 1983 1653 2035 ὅτι
1691 1982 1960 2051 ἀγνωσίαν

374 2067 517 2142 εἶχε,
566 2071 689 2125 τίνα
731 2073 801 2125 τὰ
842 2072 951 2125 ἀπὸ
992 2072 1092 2142 τῆς
1128 2072 1329 2143 μητρὸς
1362 2076 1460 2143 τῆς
1495 2072 1641 2144 ζωῆς
1686 2074 1962 2128 ἐπιτελού-

378 2182 544 2234 μενα,
582 2164 615 2237 ἦ
643 2167 726 2219 ὅτι
751 2165 1187 2219 ἀποτελεσθέντα
1214 2165 1365 2235 παρὰ
1386 2164 1486 2236 τὴν
1512 2165 1839 2236 προσδοκίαν
1859 2167 1961 2236 τῆς

372 2254 619 2318 διανοίας
661 2255 731 2308 τὰ
779 2255 1166 2326 συμϐεϐηκότα
1213 2256 1388 2319 ἄλλως
1424 2257 1718 2328 εὑρεθέντα
1760 2257 1962 2323 ὄνειδος

376 2347 558 2418 φέρει.
586 2348 847 2415 Ἀγνοιαν
867 2346 977 2418 γὰρ
1006 2347 1259 2419 όφλήσειε
1291 2348 1319 2399 ὁ
1341 2348 1506 2419 ἕτερα
1535 2348 1632 2419 μὲν
1658 2348 1962 2420 διανοηθεὶς

375 2439 788 2510 ἀποϐήσεσθαι,
840 2440 911 2509 (ὁ)
954 2439 1119 2510 ἔτερα
1147 2439 1203 2492 δὲ
1231 2438 1407 2511 εὑρὼν
1449 2440 1507 2501 ἐς
1549 2437 1774 2510 ὓστερον
1806 2438 1961 2508 γενό-

378 2548 545 2599 μενα,
569 2530 631 2584 οὐ
655 2530 797 2585 κατὰ
821 2529 920 2600 τὴν
947 2531 1111 2583 αὑτοῦ
1146 2529 1386 2601 θέλησιν.
1426 2530 1491 2583 Ἦ
1516 2530 1625 2601 γὰρ
1659 2530 1840 2601 μήτηρ
1862 2529 1962 2600 τῆς

377 2622 531 2693 ζωῆς
573 2626 606 2694 ἡ
653 2625 785 2693 παρ’
833 2622 982 2692 αὑτῷ
1027 2622 1257 2692 δύναμις
1298 2622 1639 2692 καλουμένη,
1690 2622 1749 2689 ἐξ
1793 2623 1959 2676 αὑτοῦ

377 2713 773 2784 προϐληθείσα,
804 2714 881 2776 ὡς
908 2714 1133 2784 αἰσχρόν
1178 2713 1297 2767 ἐστι
1327 2712 1419 2766 καὶ
1444 2712 1504 2765 τὸ
1535 2711 1716 2780 λέγειν
1749 2712 1959 2782 μητέρα

378 2810 559 2878 ζωῆςί
581 2811 653 2862 οὑ
678 2808 788 2880 γὰρ
814 2809 1139 2878 ἀποδέχεται
1171 2811 1286 2871 τοῖς
1310 2806 1400 2861 τὸν
1429 2805 1682 2878 σώφρονα
1702 2806 1960 2877 λογισμὸν

376 2901 749 2969 κεκτημένοις
790 2916 842 2952 τι
879 2898 1009 2969 θῆλυ
1041 2900 1100 2951 ἐν
1131 2901 1197 2971 τῇ
1229 2899 1441 2967 θεότητι
1470 2898 1819 2953 διανοεῖσθαι.
1852 2900 1960 2952 Καὶ

376 2988 522 3059 αὕτη
564 2989 642 3054 δὲ,
687 2990 873 3060 φησὶν,
918 2991 950 3060 ή
998 2989 1187 3061 θήλεια
1236 2990 1569 3061 προεϐάλετο
1606 2990 1697 3043 τὸν
1744 2990 1960 3062 πρῶτον

376 3079 667 3150 ἄνθρωπον
688 3095 703 3109 ’
753 3080 850 3133 καὶ
897 3081 1035 3145 ὅλως
1072 3079 1266 3142 εἰπεῖν,
1291 3080 1380 3133 τὸν
1422 3080 1636 3152 πρῶτον
1677 3080 1959 3152 ἄνθρωπον

376 3171 481 3243 τὴν
520 3170 682 3240 φύσιν
719 3172 815 3225 καὶ
843 3171 944 3243 τὴν
971 3172 1183 3242 μητέρα
1209 3173 1308 3242 τῆς
1340 3170 1485 3242 ζωῆς
1509 3172 1574 3225 ὲκ
1602 3171 1710 3225 τῶν
1738 3172 1795 3224 ὲν
1828 3173 1958 3243 ἡμῖν
1985 3156 2027 3215 C

378 3264 724 3332 γιγνομένων
772 3263 1123 3331 φαντάζεται.
1173 3263 1492 3335 Ἀνθρωπος
1549 3262 1658 3334 γὰρ
1702 3262 1962 3335 κέκληται

378 3355 477 3406 ἐπὶ
510 3354 609 3423 τῆς
635 3355 759 3424 γῆς,
784 3354 879 3407 καὶ
911 3357 1093 3425 μήτηρ
1120 3355 1185 3406 ὲκ
1208 3354 1307 3424 τῆς
1333 3353 1438 3422 γῆς
1464 3355 1611 3423 ἡμᾶς
1631 3355 1960 3425 γεννήσασα,

379 3447 416 3515 ή
452 3448 519 3499 ὲκ
547 3445 683 3498 Θεοῦ
716 3444 795 3516 τῷ
840 3446 1013 3516 Ἀδὰμ
1038 3447 1391 3517 κεκτισμένη.
1417 3447 1749 3511 Φαντάζεται
1771 3447 1827 3501 δὲ
1855 3448 1963 3501 ἀπὸ

378 3536 492 3589 τῶν
525 3535 669 3589 ἰδίων
704 3536 981 3607 λογισμῶν
1024 3537 1053 3590 ὁ
1082 3536 1360 3608 κτηνώδης
1406 3539 1463 3590 έν
1504 3537 1716 3609 οὐρανῷ
1739 3536 1964 3591 τοιαῦτα

381 3626 563 3692 εἶναι,
599 3629 761 3681 ὁποῖα
800 3628 895 3681 καὶ
939 3628 1031 3680 ἐπὶ
1069 3628 1168 3697 τῆς
1196 3629 1300 3698 γῆς
1344 3630 1598 3700 ὑπάρχει.
1626 3629 1819 3683 Ἂτινα
1864 3630 1964 3682 οὑκ

381 3721 697 3790 ἐπιδέχεται
720 3722 765 3784 ¹,
796 3720 872 3784 ὡς
902 3722 931 3773 ὁ
960 3718 1102 3782 θεῖος
1128 3719 1285 3788 λόγος
1312 3721 1487 3791 πάντη
1517 3720 1773 3775 διδάσκει.
1799 3720 1963 3789 Λέγει

380 3814 495 3883 γὰρ
553 3811 799 3881 σώματα
844 3811 1192 3879 ἐπουράνια,
1248 3811 1341 3864 καὶ
1403 3810 1647 3882 σώματα
1698 3812 1959 3881 ἐπίγειω

381 3904 499 3957 ἀλλ’
536 3904 700 3974 ἑτέρα
736 3903 837 3973 μὲν
863 3905 897 3972 ή
938 3902 1047 3955 τῶν
1093 3902 1428 3974 ἐπουρανίων
1454 3903 1600 3969 δόξα,
1644 3905 1807 3975 έτέρα
1834 3904 1891 3958 δὲ
1928 3906 1962 3975 ἡ

380 3998 493 4050 τῶν
540 3996 800 4064 ἐπιγείων
818 4011 829 4023 ·
867 3997 959 4049 καὶ
989 3995 1161 4058 οὑτως
1183 3995 1317 4058 ὅλως
1345 3996 1412 4048 τὰ
1441 3996 1695 4065 ὑπεράνω
1722 3996 1833 4049 τῶν
1869 3995 1963 4049 οὑ-

387 4088 565 4162 ρανῶν
588 4088 905 4159 διηγήσατο.
942 4087 1100 4140 Ἀλλὰ
1141 4089 1270 4157 περὶ
1314 4086 1421 4138 τῶν
1463 4088 1801 4158 φαινομένων
1836 4087 1963 4140 τοὺο

381 4199 492 4234 των
518 4180 627 4233 τῶν
657 4179 819 4249 σῶμα
868 4178 1242 4248 ὑπαρχόντων,
1268 4176 1419 4248 ἡλίου
1452 4178 1615 4246 λέγω,
1647 4178 1680 4249 ἢ
1712 4176 1962 4248 σελήνης,

384 4273 418 4343 ἢ
444 4272 555 4326 τῶν
587 4271 681 4325 ἐπὶ
706 4272 810 4340 γῆς
833 4270 1023 4334 όντων,
1057 4272 1152 4323 καὶ
1189 4269 1299 4324 τῶν
1329 4271 1596 4341 σωμάτων
1633 4269 1742 4323 τῶν
1766 4269 1961 4337 ἁγίων,

382 4364 461 4428 ὦς
512 4380 578 4432 γε
622 4361 982 4431 διανοούμεθα
1022 4362 1268 4415 ταπεινοὶ
1312 4360 1483 4423 ὄντες.
1534 4360 1598 4413 Εἰ
1632 4359 1690 4412 δὲ
1729 4360 1820 4413 καὶ
1856 4358 1964 4412 τῶν

386 4456 529 4526 ὑπὲρ
553 4454 784 4525 οὐρανὸν
822 4452 976 4505 ἔσται
1008 4452 1184 4520 λόγος,
1213 4450 1300 4505 διὰ
1342 4452 1401 4504 τὸ
1428 4453 1485 4504 ὲν
1520 4449 1667 4521 αὑτῷ
1693 4451 1770 4521 τῷ
1801 4451 1963 4503 Ἀπο-

386 4549 561 4617 στόλῳ
589 4547 690 4617 τῆς
731 4544 985 4614 γνώσεως
1021 4544 1315 4615 βαθύτατον
1354 4540 1617 4614 χώρημα,
1648 4544 1707 4595 οὐ
1744 4542 1962 4604 πάντως

384 4638 707 4711 όριζόμεθα.
768 4636 944 4707 Ὀμῶς
990 4635 1159 4689 πολλὰ
1215 4634 1324 4687 τῶν
1368 4634 1629 4702 ἐπιγείων
1674 4632 1960 4686 λέλεκταιο

386 4735 541 4802 πόσῳ
579 4730 778 4801 μῶςλον
809 4728 878 4782 τὰ
905 4729 1159 4797 ὑπεράνω
1198 4726 1308 4779 τῶν
1346 4724 1621 4796 οὑρανῶν;
1657 4724 1827 4778 Πόθεν
1869 4724 1961 4779 δύ-

389 4843 547 4879 ναται
569 4827 681 4887 τοῖς
706 4821 966 4890 ἐπιγείοις
989 4818 1403 4884 ἀπεικάζεσθαι,
1427 4812 1472 4870 ὦ
1501 4812 1653 4881 οὗτος
1675 4833 1689 4881 ;

460 5086 612 5152 MCT.
643 5081 747 5135 Τὸν
773 5081 830 5134 δὲ
869 5080 1081 5151 πρῶτον
1108 5076 1386 5146 ἄνθρωπον
1411 5076 1511 5143 (ὃν)
1545 5077 1772 5146 φάσκεις
1802 5077 1963 5131 πάλιν

389 5176 856 5235 κατεσκευακέναι
881 5170 1057 5241 ἑαυτῷ
1086 5167 1387 5232 πανοπλίας
1420 5167 1579 5239 χάριν
1618 5167 1707 5221 τὸν
1740 5168 1962 5239 ἄνεμον,

389 5277 451 5328 τὸ
497 5273 633 5343 φῶς,
670 5271 731 5323 τὸ
769 5269 899 5338 πῦρ,
943 5265 1004 5318 τὸ
1042 5262 1204 5334 ὕδωρ,
1254 5262 1352 5331 τὴν
1400 5260 1551 5329 ὓλην,
1600 5260 1686 5312 ἵνα
1716 5260 1737 5291 ³
1769 5261 1818 5312 εί
1864 5260 1962 5330 μὲν

390 5364 599 5419 ἄνωθέν
638 5364 783 5415 ἐστιν
822 5360 849 5411 ὁ
905 5356 1121 5427 πρῶτος
1164 5352 1467 5424 ἄνθρωπος,
1514 5350 1608 5404 καί
1650 5343 1752 5403 ὧδε
1802 5346 1964 5421 ἦλθεν

390 5453 571 5525 ἑαυτῷ
602 5449 1001 5505 κατασκευάσαι
1033 5445 1131 5515 τὴν
1162 5442 1480 5507 πανοπλίαν,
1519 5443 1613 5496 κα)⁸
1646 5440 1965 5511 προϐάλλειν

466 5631 482 5660 ¹
516 5627 625 5681 Vox
659 5627 750 5680 illa
797 5626 866 5679 τὰ
899 5623 1150 5693 ἐπίχειρα

395 5698 418 5732 ⁸
449 5697 588 5755 Gen.
611 5714 648 5762 ι,
679 5696 771 5751 26.
843 5697 865 5728 ⁸
891 5696 909 5747 l
937 5691 1061 5749 cor.
1083 5691 1181 5759 αν,
1206 5691 1295 5745 40.

2064 1895 2369 1966 ignorantia
2395 1895 2745 1964 constringit.
2777 1893 2913 1947 Nam
2941 1895 3035 1964 qui
3075 1906 3301 1951 matrem
3334 1897 3483 1963 illam
3504 1898 3631 1951 vita:

2062 1985 2404 2055 produxerit,
2437 1987 2553 2041 sive
2582 1986 2867 2056 ignorabat
2890 1985 3023 2055 quid
3056 1994 3202 2041 esset
3261 1986 3351 2040 illa
3416 1986 3629 2043 factura

2063 2078 2180 2132 sive
2196 2077 2311 2147 jam
2354 2076 2493 2131 facta
2543 2078 2762 2133 diversa
2803 2078 2872 2133 ab
2897 2093 2982 2141 eo,
3006 2077 3153 2148 quod
3182 2088 3514 2149 speraverat,
3546 2081 3631 2135 in-

2063 2177 2223 2222 venta
2264 2176 2412 2230 sunt,
2449 2168 2733 2222 infamiam
2766 2168 3003 2239 eﬂugere
3028 2184 3135 2223 non
3168 2178 3365 2240 potest.
3398 2171 3632 2228 Necesse

2059 2265 2147 2312 est
2184 2257 2328 2313 enim
2363 2258 2687 2329 ignorantia:
2737 2258 2889 2313 illum
2932 2261 3107 2329 argui,
3150 2260 3243 2329 qui
3300 2276 3426 2316 cum
3482 2264 3630 2319 aliud

2064 2358 2391 2403 eventurum
2422 2364 2547 2405 esse
2572 2350 2919 2420 cegitaverit,
2951 2352 3101 2407 aliud
3154 2360 3351 2423 praeter
3380 2355 3633 2409 volunta-

2062 2447 2171 2493 tem
2201 2454 2356 2493 suam
2401 2440 2653 2495 evenisse
2695 2448 2883 2511 postea
2939 2443 3242 2512 cognoscit.
3292 2444 3447 2510 Quod
3502 2460 3632 2500 vero

2062 2529 2131 2583 ad
2170 2530 2317 2583 illam
2346 2531 2473 2584 vita:
2501 2540 2730 2585 matrem
2754 2533 2968 2595 attinet,
3010 2548 3175 2600 quam
3226 2535 3389 2589 etiam
3452 2537 3630 2589 virtu-

2061 2631 2167 2676 tem
2200 2622 2464 2688 nominat,
2492 2630 2547 2677 et
2578 2622 2649 2677 ab
2688 2638 2755 2678 eo
2790 2624 2904 2677 vult
2939 2639 3064 2679 esse
3097 2624 3441 2694 productam,
3468 2644 3631 2698 quam

2063 2725 2221 2784 turpe
2254 2721 2340 2769 est
2370 2714 2495 2768 vitae
2522 2714 2670 2767 illam
2721 2723 2951 2769 matrem
2998 2715 3212 2771 dicere!
3254 2715 3421 2771 Nemo
3458 2719 3629 2780 enim,

2061 2807 2156 2874 qui
2192 2819 2330 2860 sano
2354 2804 2566 2873 judicio
2594 2804 2857 2874 praeditus
2893 2806 2984 2868 sit,
3015 2805 3306 2862 admittere
3333 2807 3630 2879 quidquam

2061 2896 2117 2950 in
2141 2897 2327 2952 divina
2362 2904 2559 2950 natura
2593 2896 2887 2951 femineum
2920 2905 3116 2967 potest.
3136 2898 3205 2951 At
3234 2898 3336 2954 iste
3370 2902 3537 2954 etiam
3562 2899 3632 2954 ab

2061 2988 2165 3043 hac
2186 2987 2385 3043 femina
2408 2988 2642 3057 primum
2673 3002 2796 3043 esse
2817 2997 3165 3058 procreatum
3199 2988 3475 3045 hominem
3501 3005 3632 3044 nar-

2062 3087 2167 3134 rat.
2195 3078 2278 3143 Et,
2308 3096 2417 3135 uno
2444 3080 2613 3135 verbo
2643 3080 2844 3145 dicam,
2870 3079 3106 3150 primum
3155 3080 3428 3134 hominem
3480 3080 3632 3136 vitaz-

2060 3186 2167 3240 que
2196 3178 2426 3226 matrem
2458 3170 2524 3224 ad
2554 3185 2765 3234 eorum,
2793 3185 2913 3239 qua:
2941 3170 2994 3224 in
3028 3170 3191 3226 nobis
3220 3171 3474 3226 accidere
3506 3187 3631 3227 cer-

2062 3268 2292 3327 nuntur,
2335 3252 2751 3316 similitudinem
2804 3269 3148 3316 commentus
3200 3268 3305 3317 est.
3352 3260 3631 3331 Siquidem

2060 3360 2115 3408 et
2132 3352 2297 3407 homo
2321 3362 2546 3407 vocatur
2573 3353 2629 3407 in
2661 3361 2828 3415 terra,
2867 3360 2922 3408 et
2950 3364 3141 3415 mater,
3169 3367 3291 3421 quae
3312 3368 3415 3408 nos
3439 3360 3633 3408 eterra

2060 3444 2270 3514 genuit,
2308 3458 2538 3513 quaeque
2589 3443 2798 3498 Adamo
2845 3442 3113 3498 divinitus
3162 3451 3248 3499 est
3290 3444 3555 3514 producta
3586 3444 3629 3499 ⁸.

2060 3535 2203 3607 Ergo
2229 3536 2415 3589 eadem
2434 3548 2554 3604 quae
2575 3534 2629 3588 in
2662 3541 2806 3588 terra
2839 3535 2998 3596 fiunt,
3028 3534 3193 3587 etiam
3226 3535 3281 3589 in
3315 3536 3457 3589 CtBIO
3480 3550 3634 3605 repe-

2060 3627 2155 3681 riri
2187 3640 2286 3681 sua
2319 3625 2574 3679 inductus
2598 3624 2856 3693 opinione
2886 3625 3140 3695 stupidus
3184 3626 3347 3680 homo
3372 3634 3627 3697 nugatur.

2060 3716 2195 3783 Quae
2229 3717 2447 3786 quidem
2489 3717 2559 3771 ab
2588 3715 2737 3771 omni
2781 3716 2995 3771 ratione
3020 3725 3150 3771 sunt
3180 3717 3551 3785 alienissima;
3579 3719 3632 3773 id

2059 3809 2207 3880 quod
2243 3808 2444 3878 ubique
2503 3822 2672 3863 sacrm
2700 3807 2920 3862 Litterae
2948 3823 3050 3863 nos
3099 3807 3317 3863 docent.
3365 3808 3495 3874 Quae
3529 3826 3633 3864 cm-

2060 3902 2218 3956 lem‘a
2268 3916 2518 3970 corpora,
2554 3907 2609 3955 et
2656 3909 2859 3953 terrena
2908 3915 3129 3967 corpora
3177 3901 3496 3955 nominatim
3538 3916 3633 3956 ex-

2062 3994 2309 4063 primunt
2325 3994 2369 4056 ⁵,
2393 3992 2487 4047 sed
2519 3992 2625 4045 alia
2662 3998 2747 4047 est
2779 3991 3087 4046 cmlestium
3129 3991 3322 4061 gloria,
3375 3993 3477 4045 alia
3522 4001 3633 4047 ter-

2062 4098 2343 4139 renorum.
2380 4081 2484 4137 Ubi
2514 4096 2625 4136 non
2651 4082 2719 4137 de
2746 4082 2813 4136 iis
2848 4097 2971 4151 quae
2995 4096 3161 4151 supra
3179 4082 3431 4137 cmlestes
3474 4083 3634 4137 orbes

2061 4183 2209 4237 sunt,
2231 4172 2471 4235 disserit,
2492 4173 2586 4227 sed
2603 4173 2670 4228 de
2684 4172 3111 4241 aspectabilibus
3133 4173 3267 4229 iisce
3283 4174 3629 4244 corporibus.

2062 4267 2197 4329 sole,
2230 4266 2380 4327 luna,
2430 4265 2546 4319 sive
2585 4265 2753 4319 etiam
2780 4264 2849 4320 de
2894 4264 2963 4319 iis
2996 4279 3118 4334 qua:
3171 4267 3227 4319 in
3283 4275 3427 4320 terra
3480 4273 3631 4330 sunt,

2064 4364 2491 4424 sanctorumque
2518 4355 2845 4424 corporibus
2876 4374 2890 4409 :
2924 4356 3385 4425 quemadmodum
3425 4372 3521 4424 pro
3554 4365 3635 4411 te-

2066 4447 2275 4501 nuitate
2328 4454 2518 4500 nostra
2570 4445 3045 4516 interpretandum
3092 4448 3384 4502 credimus.
3442 4447 3632 4501 Utrum

2064 4552 2197 4592 vero
2221 4534 2290 4591 de
2314 4534 2403 4601 iis,
2435 4536 2660 4605 insuper
2684 4552 2806 4606 qua:
2834 4553 3001 4608 supra
3022 4538 3222 4593 cmlum
3247 4539 3492 4593 eminent
3534 4540 3635 4594 hoc

2063 4628 2189 4683 loco
2210 4642 2392 4683 sermo
2422 4630 2512 4691 sit,
2539 4636 2762 4697 propter
2791 4630 3115 4685 immensam
3142 4632 3391 4700 Apostoli
3428 4633 3634 4687 altissi-

2067 4734 2322 4788 mamque
2364 4720 2671 4783 scientiam,
2708 4722 2841 4776 certi
2878 4722 3014 4776 nihil
3045 4724 3365 4778 asserimus.
3393 4723 3634 4779 Terrena

2068 4810 2287 4880 quidem
2344 4811 2607 4881 pleraque
2654 4813 3124 4867 commemoravit.
3190 4812 3407 4879 Quanto
3462 4817 3635 4884 magis

2067 4914 2193 4968 qua:
2221 4899 2364 4953 cmlo
2393 4900 2514 4968 ipso
2571 4903 2854 4971 superiora
2895 4903 3059 4957 sunt?
3085 4902 3330 4967 Quanam
3362 4903 3526 4975 659
3560 4921 3636 4959 ra-

2071 4990 2218 5046 tione
2247 5006 2371 5045 cum
2408 4994 2644 5047 terrenis
2669 4994 2976 5062 comparari
3012 4996 3305 5063 poterunt?

2140 5080 2321 5136 XLVI.
2357 5081 2514 5148 Quod
2564 5099 2692 5139 vero
2730 5085 2963 5153 primum
3014 5086 3097 5139 ais
3138 5085 3410 5141 hominem
3459 5099 3634 5138 arma-

2071 5182 2205 5229 turae
2261 5174 2364 5229 sibi
2415 5174 2534 5229 loco
2566 5184 2785 5231 ventum
2812 5217 2827 5240 ,
2859 5177 3030 5231 lucem
3051 5218 3066 5240 ,
3100 5179 3275 5247 ignem
3295 5218 3311 5243 ,
3342 5193 3536 5247 aquam
3574 5194 3665 5232 ac.

2070 5268 2357 5322 materiam
2391 5269 2721 5334 fabricasse,
2758 5271 2883 5328 si‘e
2920 5273 3061 5327 caelo
3099 5275 3307 5342 primus
3341 5274 3431 5327 ille
3474 5274 3636 5327 homo

2071 5355 2349 5413 derivatus
2378 5368 2481 5425 est,
2527 5368 2691 5429 atque
2723 5360 2829 5415 huc
2875 5362 3237 5430 procudenda:
3267 5364 3412 5418 illius
3462 5378 3629 5418 anma-

2072 5452 2211 5500 turae
2274 5448 2446 5517 gratia
2506 5450 2675 5514 venit,
2713 5466 2821 5520 qua
2877 5452 3021 5506 velut
3075 5453 3244 5508 lorica
3295 5455 3526 5524 quadam
3576 5471 3636 5509 ac

1205 5636 1314 5703 non
1352 5619 1646 5678 admodum
1673 5620 1961 5679 necessari

2065 5622 2261 5681 idetur.
2337 5628 2358 5658 ³
2385 5625 2447 5685 F.
2475 5628 2768 5699 ἐνδέχεται.
2847 5631 2869 5664 ³
2900 5630 3007 5688 Pro
3058 5634 3143 5688 ἵνα
3178 5632 3316 5689 forte
3351 5632 3487 5686 ἀλλά
3520 5633 3624 5703 leg.
