4076 6392
403 291 477 353 99
1695 269 1703 279 '
1803 289 1859 342 s.
1902 286 2241 342 EPlPllANll

3559 289 3660 347 100

406 405 747 462 munimento
787 421 848 463 se
892 413 1236 479 protegeret;
1285 420 1631 477 consequens
1663 413 1748 460 est
1781 412 1841 458 ut
1873 403 1987 457 haec

2108 403 2270 474 ἐαυτῷ
2303 402 2507 476 ταύτην
2565 405 2644 469 εἰς
2695 406 3041 479 θωρακισμὸν
3071 407 3264 462 ἑαυτοῦ
3307 407 3400 462 καὶ
3446 408 3660 462 ἐνδονα-

407 500 668 556 inferiora
711 501 805 555 illo
837 502 1146 571 potentiora
1178 502 1290 556 sint
1318 502 1413 572 qui
1446 516 1477 554 e
1517 499 1658 553 ctelo
1687 496 1984 552 descende-

407 595 495 646 rit.
525 594 678 663 Aqua
717 592 862 648 enim
897 593 990 648 illa
1025 593 1142 662 ipsa
1174 602 1260 648 est
1289 607 1412 662 quae
1443 589 1711 652 cernitur,
1746 588 1837 641 lux
1866 601 1987 655 quae

407 685 583 740 Oculis
614 692 860 755 apparet,
902 686 1129 740 materia
1158 700 1280 756 quae
1313 683 1574 754 Opinione
1612 688 1707 735 tua
1735 694 1986 735 corrum-

410 773 581 841 pitur,
634 781 829 827 ventus
873 773 969 842 qui
1029 773 1256 829 auribus
1296 772 1502 837 nostris
1560 771 1797 828 insonat.
1844 768 1988 838 ignis

411 865 554 918 idem
611 864 700 918 ille
744 864 1016 934 denique,
1075 879 1238 934 quem
1293 863 1360 918 ad
1399 878 1560 918 usum
1604 863 1729 916 vitae
1783 859 1988 930 passim

411 957 755 1011 adhibemus.
814 955 1026 1022 Quibus
1059 957 1227 1012 rebus
1280 954 1326 1012 si
1364 956 1642 1026 principes
1690 960 1987 1024 oppugnat,

411 1050 546 1104 cedo
615 1063 861 1118 quamam
913 1050 1004 1104 illa
1070 1049 1198 1104 belli
1279 1049 1424 1104 ratio
1479 1048 1991 1114 administratioque

412 1140 768 1209 proponitur?
795 1139 920 1210 quis
961 1139 1122 1196 istius
1160 1139 1284 1196 belli
1329 1139 1442 1194 dux
1489 1148 1544 1195 et
1578 1148 1776 1193 auctor
1799 1137 1992 1192 classi-

412 1247 535 1287 cum
569 1233 728 1289 nobis
773 1235 1029 1289 concinet
1070 1233 1224 1305 :Age
1285 1247 1706 1303 perrumpamus
1752 1231 1992 1286 hostium

412 1327 744 1397 phalanges,
797 1327 1155 1398 praeliumque
1207 1325 1545 1380 conﬂemus?
1591 1324 1728 1390 Quis
1774 1324 1829 1376 in
1867 1339 1992 1378 eum

411 1419 623 1488 primus
676 1419 971 1488 jaculetur,
1036 1419 1130 1488 qui
1205 1425 1399 1471 contra
1458 1418 1863 1488 principatuum
1931 1430 1996 1469 ac

414 1518 746 1580 potestatum
794 1511 1157 1566 substantiam
1215 1509 1462 1564 furiosus
1511 1509 1780 1563 incurrit?
1830 1507 1996 1562 Estne

414 1612 472 1656 ut
503 1611 698 1657 ventus
743 1602 1040 1672 confligere
1094 1603 1290 1671 possit,
1331 1609 1424 1656 aut
1473 1602 1727 1664 materia,
1763 1615 1884 1669 quae
1929 1615 1993 1653 ex

415 1703 504 1748 tua
538 1693 809 1749 sententia
854 1693 1271 1762 corrumpitur?
1312 1691 1528 1762 lgnisue
1565 1708 1729 1764 porro
1753 1732 1768 1754 ,
1804 1691 1896 1760 qui
1930 1689 1996 1742 ad

416 1802 576 1842 usum
613 1793 866 1841 nostrum
891 1801 921 1838 a
962 1784 1072 1840 Deo
1099 1795 1320 1840 creatus
1351 1785 1478 1839 est?
1505 1785 1587 1838 An
1621 1786 1711 1839 lux
1741 1786 1853 1848 illa,
1878 1801 1999 1856 quae

415 1893 516 1947 pro
571 1886 878 1947 temporum
934 1876 1230 1946 descriptis
1275 1892 1306 1931 a
1337 1875 1449 1932 Deo
1503 1877 1698 1946 spatiis
1755 1877 1997 1932 vicissim

417 1967 657 2023 tenebris
718 1967 910 2022 cedit?
961 1967 1030 2020 At
1086 1967 1304 2038 Opinor,
1361 1981 1503 2037 aqua
1554 1967 1840 2036 pugnabit.
1878 1965 1999 2032 Quo

418 2058 638 2112 tandem
675 2057 870 2127 pacto?
899 2056 1157 2113 Edissere
1182 2097 1198 2122 ,
1233 2059 1427 2122 sodes,
1475 2059 1688 2127 ineptas
1725 2059 1846 2114 illas
1878 2067 2000 2112 tuas

420 2148 651 2203 fabulas.
678 2147 842 2218 Atqui
875 2163 970 2218 per
991 2148 1106 2203 haec
1135 2149 1321 2202 omnia
1351 2159 1461 2202 tam
1498 2149 1641 2205 bona
1663 2164 1826 2218 quam
1860 2149 1998 2201 mala

421 2238 534 2294 ﬁeri
567 2238 835 2295 videmus.
873 2236 967 2293 Sic
995 2239 1136 2310 ignis
1162 2238 1501 2292 adminiculo
1533 2239 1805 2292 sacriﬁcia
1840 2238 2001 2292 idolis

420 2331 790 2392 instruuntur.
839 2347 1016 2402 neque
1045 2330 1098 2384 id
1129 2330 1290 2385 oﬂicii
1323 2346 1498 2401 genus
1537 2333 1804 2386 detrectat
1836 2331 1998 2399 ignis.

420 2430 515 2476 aut
545 2429 828 2492 peccatum
869 2423 1145 2494 prohibet.
1178 2421 1322 2488 Quin
1363 2431 1415 2475 et
1445 2437 1640 2492 aquam
1675 2423 2000 2475 maritimam

419 2515 597 2570 libant
626 2517 718 2586 qui
750 2517 1024 2572 daemones
1053 2517 1320 2582 adorant;
1354 2531 1455 2570 nec
1485 2517 1632 2570 ullus
1662 2530 1899 2585 unquam
1934 2514 2003 2568 ad

423 2607 529 2661 hoc
561 2622 788 2662 summae
821 2607 1145 2677 ignorantia:
1179 2623 1318 2677 opus
1351 2622 1492 2676 aqua
1516 2604 1885 2676 praestandum
1919 2612 2004 2659 est

421 2697 752 2768 prohibitus.
789 2697 964 2764 Quam
1011 2698 1168 2751 multi
1223 2697 1509 2767 praedones
1560 2697 1613 2750 in
1652 2695 1818 2750 maris
1847 2695 2004 2762 aquis

424 2789 717 2844 homicidia
769 2789 1198 2859 perpetrarunt?
1236 2789 1317 2843 Ac
1353 2797 1567 2842 tantum
1599 2788 1755 2842 abest
1812 2797 1872 2840 ut
1909 2801 2006 2840 ne-

425 2879 616 2948 quitia:
643 2880 1018 2950 principibus,
1051 2881 1198 2950 quod
1236 2889 1294 2934 tu
1336 2879 1520 2944 dicis,
1557 2893 1699 2948 aqua
1731 2876 2005 2931 contraria

426 2970 520 3035 sit,
551 2979 610 3024 ut
635 2971 702 3026 iis
738 2971 922 3040 potius
956 2970 1259 3041 opituletur
1296 2983 1360 3024 ac
1388 2968 1655 3032 conferat,
1688 2984 1796 3021 non
1832 2967 2006 3037 ipsius

427 3078 582 3132 aqua:
607 3063 790 3132 culpa,
826 3061 925 3118 sed
953 3063 1241 3133 ipsiusmet
1267 3061 1524 3125 hominis,
1561 3061 1648 3114 cui
1682 3059 1890 3129 peccati
1919 3060 2005 3116 sui

426 3169 594 3212 causa
622 3155 912 3210 tribuenda
941 3155 1032 3210 sit.
1063 3154 1108 3210 0
1143 3169 1315 3224 nugas
1344 3161 1510 3222 atque
1542 3152 1808 3221 ineptias!

501 3245 642 3312 Quid
671 3247 764 3300 illa
792 3261 926 3302 vero
960 3261 1242 3302 armorum
1272 3253 1552 3301 structura
1597 3245 2011 3298 elementorum.

427 3351 538 3405 quc
562 3336 962 3391 munimentum
989 3336 1169 3406 primo
1199 3334 1279 3390 illi
1309 3333 1516 3388 homini
1541 3331 1766 3402 profuit,
1790 3346 1914 3386 cum
1943 3331 2010 3386 ad

428 3425 794 3497 proeliandum
831 3427 1090 3497 delapsus
1119 3441 1150 3480 a
1190 3425 1437 3481 tenebris
1474 3427 1654 3480 victus
1685 3438 1748 3478 ac
1771 3423 2012 3478 debella-

431 3527 521 3573 tus
572 3517 778 3572 fuerit?
810 3516 925 3571 Tua
975 3517 1121 3571 enim
1154 3517 1266 3571 haec
1300 3517 1474 3570 oratio
1511 3525 1634 3581 est;
1688 3529 2013 3585 oppressum

433 3609 803 3678 alllictumque
843 3609 899 3662 in
931 3609 1001 3663 iis
1030 3606 1388 3663 inferioribus
1416 3607 1691 3661 hominem
1715 3645 1729 3671 ,
1762 3605 1856 3676 qui
1885 3619 2012 3659 eum

434 3701 642 3755 idcirco
675 3707 928 3768 precatus
957 3710 1128 3764 esset,
1168 3698 1463 3754 exaudisse
1495 3697 1735 3760 Patrem,
1770 3707 1824 3752 et
1852 3697 2014 3750 aliam

434 3789 758 3861 productam
791 3806 823 3844 a
862 3806 922 3846 se
951 3790 1172 3845 misisse
1198 3791 1461 3844 virtutem
1485 3829 1500 3854 ,
1539 3790 1705 3860 660
1734 3805 1896 3860 quem
1927 3789 2012 3843 vi-

432 3891 650 3938 ventem
697 3882 955 3952 spiritum
1008 3882 1264 3952 appellat.
1299 3881 1453 3937 Tolle
1507 3882 1714 3935 larvam
1765 3890 1948 3944 tuam,
1981 3891 2016 3931 o

436 3973 733 4030 Menander
765 3975 1006 4030 comice!
1047 3973 1184 4028 Nam
1231 3987 1360 4029 cum
1391 3971 1669 4042 ejusmodi
1699 3977 1860 4042 plane
1899 3971 1976 4026 sis
1999 4011 2013 4036 ,

434 4066 700 4122 latebram
740 4065 840 4121 tibi
881 4066 1240 4120 nihilominus
1285 4067 1516 4136 quaeris,
1565 4079 1630 4118 ac
1659 4079 1811 4118 mera
1859 4062 2018 4116 nobis

438 4159 708 4215 adulteria
745 4166 802 4214 et
826 4159 1122 4215 ebrietates
1173 4174 1388 4214 narras.
1435 4157 1581 4212 Nihil
1612 4158 1757 4213 enim
1790 4155 1933 4226 apud
1967 4165 2018 4211 te

437 4253 802 4319 compositum
853 4264 919 4303 ac
963 4249 1296 4306 modestum.
1345 4247 1427 4302 Tu
1471 4248 1618 4302 enim
1657 4261 1758 4317 pro
1791 4247 2018 4301 veritate

437 4341 750 4397 Graecorum
777 4341 990 4397 fabulas
1011 4341 1280 4397 inducens
1296 4339 1661 4397 sectatoribus
1677 4339 1786 4393 tuis
1809 4336 2016 4392 illudis.

2090 495 2238 564 μίαν,
2274 495 2381 565 ἄρα
2425 495 2767 566 δυνατώτερα
2796 497 2863 550 τὰ
2900 500 2956 550 ἐν
2984 498 3060 569 τῷ
3095 499 3283 569 κόσμῳ
3321 497 3494 569 τούτῳ
3521 499 3660 571 ὑπὲρ

2085 586 2176 639 τὸν
2202 586 2406 640 ἄνωθεν
2437 586 2658 640 ἐλθόντα
2682 589 2790 641 τῶν
2821 590 3173 660 ἐπουρανίων.
3207 590 3390 662 ’Ύδωρ
3411 592 3518 662 γάρ
3546 593 3660 644 ἐστι

2085 677 2148 729 τὸ
2173 677 2386 747 ὁρατὸν,
2431 679 2524 731 καὶ
2552 677 2667 746 φῶς
2695 679 2754 731 τὸ
2792 681 3136 750 φαινόμενον,
3168 683 3261 735 καὶ
3295 683 3394 754 ὓλη
3445 685 3478 754 ἡ
3521 684 3663 737 κατά

2089 769 2150 821 σὲ
2187 768 2538 840 φθειρομένη,
2579 771 2673 823 καὶ
2712 771 2910 841 ἄνεμος
2946 773 2975 824 6
3019 775 3076 826 ἐν
3103 775 3236 844 ἡμῖν
3283 774 3660 845 ἐνηχούμενος,

2090 861 2182 914 καὶ
2208 861 2270 914 τὸ
2304 860 2416 932 πῦρ
2442 861 2604 915 τοῦτο
2637 855 2683 930 ᾧ
2719 863 3010 927 ἀκωλύτως
3041 865 3090 917 οἱ
3129 867 3327 929 πάντες
3349 866 3662 937 κεχρήμεθα

2084 953 2147 1004 ἐν
2175 955 2295 1016 ταῖς
2324 953 2557 1022 χρείαις.
2593 953 2703 1006 Καὶ
2749 954 2797 1006 εἰ
2825 953 2914 1007 διὰ
2943 955 3201 1009 τοιούτων
3245 959 3370 1020 τοὺς
3399 960 3665 1028 ἄρχοντας

2092 1044 2338 1114 πολεμεῖ,
2365 1046 2447 1109 τίς
2476 1047 2507 1116 ἡ
2532 1046 2783 1115 ἐνέργεια
2806 1046 2900 1099 τοῦ
2939 1047 3207 1116 πολέμου;
3243 1047 3366 1117 λέγε
3384 1067 3397 1080 ·
3425 1049 3509 1112 τίς
3535 1053 3666 1120 ἡμῖν

2094 1139 2406 1192 σαλπίσειεν
2431 1139 2672 1210 ἀρχηγὸς
2710 1139 2944 1208 πολέμου
2975 1140 3288 1208 γινόμενοςο
3317 1142 3669 1212 Διατέμωμεν

2093 1231 2192 1295 τὰς
2225 1231 2529 1300 φάλαγγας,
2563 1232 3018 1302 ἐπισυστήσωμεν
3049 1231 3118 1284 τὰ
3167 1232 3315 1303 παρὰ
3346 1234 3362 1264 ¹
3388 1234 3480 1286 τού
3516 1233 3671 1286 arou-

2099 1341 2235 1395 μους
2267 1325 2362 1387 Τίς
2390 1324 2539 1394 βάλοι
2573 1322 2786 1393 πρῶτον
2815 1323 2965 1392 βέλος
2991 1323 3131 1376 κατὰ
3169 1324 3259 1377 τοῦ
3286 1324 3540 1394 χαλεπῶς
3570 1344 3672 1397 μα-

2095 1419 2276 1480 νέντος
2316 1416 2458 1468 κατὰ
2487 1417 2586 1486 τῆς
2628 1415 2810 1486 ἀρχῶν
2855 1415 2946 1468 καὶ
2979 1415 3235 1480 ἐξουσιῶν
3281 1418 3670 1482 ύποστάσεως;

2102 1514 2335 1579 ’Ἄνεμος
2361 1509 2602 1578 πολεμεῖ,
2635 1503 2680 1561 ὦ
2704 1504 2890 1573 οὗτος;
2923 1508 3058 1561 ἀλλὰ
3088 1509 3184 1578 ὓλη
3215 1511 3246 1580 ἡ
3276 1510 3417 1562 κατὰ
3448 1511 3505 1562 σὲ
3527 1511 3674 1580 φθει-

2101 1603 2304 1675 ρομένη
2329 1619 2343 1666 ;
2376 1601 2511 1654 ἀλλὰ
2549 1603 2608 1654 τὸ
2634 1600 2745 1672 πῦρ
2773 1601 2833 1652 τὸ
2871 1603 2949 1664 είς
2976 1602 3170 1672 χρῆσιν
3200 1604 3475 1673 ἡμετέραν
3503 1621 3674 1657 κατα-

2102 1693 2396 1747 σκευασθὲν
2421 1692 2525 1744 ὑπὸ
2560 1691 2650 1744 τοῦ
2685 1693 2924 1760 Κυρίους
2965 1693 3099 1745 ἀλλὰ
3127 1693 3186 1746 τὸ
3216 1694 3331 1761 φῶς
3359 1695 3420 1746 τὸ
3467 1695 3677 1764 ὑποχω-

2101 1786 2227 1858 ροῦν
2255 1785 2333 1855 τῷ
2377 1786 2555 1837 σκότει
2593 1783 2886 1853 ἁναμέρος,
2921 1785 3306 1854 διαστημάτων
3335 1785 3441 1838 τῶν
3470 1786 3677 1856 χρόνων

2101 1882 2165 1931 ἐκ
2191 1877 2324 1930 Θεοῦ
2377 1877 2758 1946 τεταγμένων;
2801 1876 2936 1930 ἀλλὰ
2965 1877 3027 1930 τὸ
3075 1878 3249 1949 ὕδωρ;
3283 1879 3419 1948 ποίῳ
3459 1881 3675 1952 τρόπῳ,

2100 1971 2352 2042 διήγησαι
2379 1969 2445 2021 τά
2475 1969 2625 2039 παρὰ
2660 1970 2740 2021 σοὶ
2769 1969 3238 2040 κενοφωνούμενα.
3274 1971 3382 2023 Καὶ
3407 1970 3514 2043 γὰρ
3536 1972 3679 2044 ὁρῶ-

2105 2080 2203 2132 μεν
2245 2062 2332 2114 διὰ
2373 2061 2577 2114 τούτων
2608 2061 2804 2130 μᾶλλον
2842 2062 2934 2114 καὶ
2965 2062 3144 2129 ἁγαθὰ
3185 2062 3279 2115 καὶ
3325 2062 3503 2132 φαῦλα
3535 2063 3679 2132 γινό-

2105 2171 2260 2224 μενα.
2308 2154 2396 2205 Ἐν
2426 2153 2502 2224 τῷ
2529 2153 2637 2222 γὰρ
2669 2154 2800 2222 πυρὶ
2832 2152 3011 2206 θυσίαι
3033 2153 3270 2221 γίνονται
3295 2154 3550 2218 εἰδώλοις,
3587 2157 3679 2208 καὶ

2101 2249 2160 2299 ού
2196 2249 2537 2319 παραιτεῖται
2580 2245 2640 2298 τὸ
2674 2245 2805 2314 πῦρ,
2845 2246 2966 2299 ούδέ
3012 2246 3208 2299 κωλύει
3241 2248 3337 2318 τὴν
3382 2248 3676 2319 ἁμαρτίαν.

2104 2339 2194 2409 Τῷ
2227 2338 2380 2391 ὕδατι
2409 2341 2505 2408 τῆς
2528 2338 2804 2409 Θαλάσσης
2832 2340 3145 2393 σπένδουσιν
3172 2343 3222 2393 οἱ
3252 2343 3363 2406 τοῖς
3386 2341 3680 2413 δαιμονίοις

2105 2431 2552 2502 προσκυνοῦντες,
2604 2433 2696 2485 καὶ
2735 2434 2795 2485 ού
2846 2434 3154 2486 κεκώλυται
3189 2451 3320 2488 ποτε
3361 2437 3420 2488 ἐν
3460 2435 3610 2488 ὕδατι
3653 2438 3683 2488 6

2105 2521 2443 2594 πειρώμενος
2485 2524 2707 2591 ἄγνοιαν
2758 2524 3084 2577 ἐπιτελέσαι.
3122 2526 3284 2579 Πόσοι
3326 2527 3381 2578 δὲ
3427 2527 3684 2597 πειραταὶ

2107 2615 2298 2682 φόνους
2340 2615 2666 2686 εἰργάσαντο
2707 2616 2766 2668 ἐν
2808 2616 2964 2669 ὖδασι
3007 2616 3313 2688 θαλάσσης;
3346 2620 3438 2672 καὶ
3485 2618 3686 2688 μᾶλλον

2106 2707 2205 2759 οὐκ
2237 2706 2474 2758 ἐναντίον
2502 2707 2560 2759 τὸ
2590 2707 2733 2778 ὓδωρ
2759 2710 2871 2771 τοῖς
2911 2708 3136 2779 ἄρχουσι
3169 2709 3267 2779 τῆς
3298 2711 3577 2780 πονηρίας,
3609 2710 3684 2772 ὡς

2110 2799 2174 2851 σὺ
2200 2798 2398 2865 λέγεις,
2434 2796 2570 2850 ἀλλὰ
2611 2799 2998 2870 συνεργητικδν
3044 2799 3240 2869 μᾶλλον
3275 2799 3336 2852 τὸ
3371 2799 3535 2871 ὕδωρ,
3591 2800 3686 2852 οὐκ

2108 2890 2258 2953 ὄντος
2283 2889 2455 2943 αἰτίου
2487 2889 2587 2942 τοῦ
2617 2889 2829 2954 ὓδατος,
2860 2891 2996 2944 ἀλλὰ
3021 2891 3192 2944 αἰτίου
3223 2894 3452 2946 ἑκάστου
3475 2892 3685 2964 ἀνθρώ-

2111 3000 2212 3035 που
2244 2985 2343 3053 τῆς
2385 2983 2582 3034 ἑαυτοῦ
2626 2983 2920 3054 ἁμαρτίας.
2962 2984 3071 3036 Καὶ
3115 2983 3159 3036 ὣ
3198 2983 3298 3055 τῆς
3348 2984 3547 3056 πολλῆς
3592 3001 3686 3038 σου

2033 3094 2078 3154 c
2111 3073 2376 3145 φλυαρίας
2402 3075 2414 3126 !

2183 3252 2248 3305 Τί
2281 3251 2339 3305 δὲ
2393 3251 2676 3323 ὠφέλησεν
2719 3255 2752 3323 ἡ
2807 3254 3118 3324 κατασκευὴ
3159 3253 3266 3306 τῶν
3301 3253 3499 3317 ὅπλων,
3542 3255 3635 3307 καὶ
3661 3257 3691 3309 6

2113 3347 2466 3418 θωρακισμδς
2493 3347 2602 3399 τῶν
2634 3349 2932 3418 στοιχείων,
2972 3348 3061 3401 τὸν
3093 3347 3306 3418 πρῶτον
3349 3348 3484 3401 κατὰ
3521 3349 3580 3400 σὲ
3603 3349 3692 3402 ἄν-

2114 3437 2330 3508 θρωπον
2361 3437 2452 3490 τὸν
2484 3438 2810 3491 κατελθόντα
2839 3438 3160 3510 πολεμῆσαι,
3191 3439 3287 3493 καὶ
3317 3439 3420 3492 ὑπὸ
3445 3439 3537 3492 τοῦ
3567 3440 3692 3492 σκό-

2112 3544 2240 3590 τους
2276 3528 2759 3598 καταπονηθέντα;
2802 3528 3036 3591 Φάσκεις
3073 3530 3202 3600 γὰρ,
3232 3530 3313 3582 ὅτι
3359 3529 3544 3599 ἐθλίϐη
3582 3531 3697 3582 ἐκεῖ

2115 3619 2264 3672 κάτω
2292 3622 2320 3672 6
2357 3619 2661 3690 ἄνθρωπος.
2703 3619 3014 3691 Εὑξαμένου
3065 3621 3126 3675 δὲ
3165 3622 3327 3676 αὐτοῦ
3398 3623 3626 3693 ἤκουσεν
3669 3624 3698 3674 6

2115 3712 2324 3782 Πατὴρ,
2347 3709 2422 3772 ὡς
2449 3709 2604 3781 ἔφης,
2629 3712 2722 3762 καὶ
2748 3711 3062 3766 ἀπέστειλεν
3088 3714 3281 3784 ἑτέραν
3311 3714 3540 3785 δύναμιν
3564 3731 3698 3786 προ-

2117 3798 2404 3869 ϐληθεῖσαν
2433 3799 2524 3852 ὑπ’
2551 3798 2739 3864 αὐτοῦ,
2772 3799 3070 3873 λεγομένην
3108 3803 3321 3874 πνεῦμα
3351 3804 3481 3867 ζῶν.
3524 3805 3698 3858 Ἐπα-

2121 3891 2210 3961 ρόν
2240 3908 2332 3943 σου
2381 3891 2442 3944 τὸ
2491 3894 2872 3963 προσωπεῖον,
2913 3887 2958 3946 ὧ
2997 3896 3348 3966 κωμῳδοποιέ
3392 3897 3694 3967 Μένανδρε.

2129 3985 2365 4047 Ἐκεῖνος
2394 3987 2503 4056 γὰρ
2539 3986 2635 4049 ῶν,
2685 3989 2910 4042 σεαυτὸν
2950 3990 3262 4054 σκεπάζεις,
3311 3991 3513 4061 μοιχῶν
3562 3992 3700 4062 ἔργα

2116 4076 2470 4147 διηγούμενος
2497 4081 2590 4133 καὶ
2617 4079 2808 4150 μέθης.
2835 4080 3001 4133 Οὐδὲν
3034 4081 3142 4152 γὰρ
3165 4083 3223 4133 ἐν
3258 4081 3339 4134 σοι
3366 4080 3696 4151 καθέστηκε.

2119 4167 2240 4219 Τῶν
2271 4169 2378 4238 γὰρ
2424 4168 2690 4239 Ἑλλήνων
2724 4168 2794 4222 τὰ
2829 4171 3109 4240 ποιήματα
3139 4169 3261 4223 ἀντὶ
3299 4171 3398 4241 τῆς
3442 4170 3701 4240 ἀληθείας

2120 4257 2522 4327 παρεισφέρων,
2568 4256 2776 4328 πλανᾷς
2825 4259 2950 4321 τοὺς
3000 4257 3104 4310 ὑπὸ
3153 4257 3247 4310 σού
3294 4258 3696 4330 ἠπατημένους.

2121 4346 2274 4416 Τάχα
2303 4346 2411 4416 γὰρ
2458 4346 2598 4416 ὑπὲρ
2633 4345 2693 4398 σὲ
2738 4346 2978 4410 Ἠσίοδος
3003 4346 3288 4418 ἐφρόνησε,
3339 4348 3406 4400 τὰ
3445 4347 3699 4418 περὶτῆς

441 4434 618 4490 Credo
660 4433 910 4504 equidem
962 4435 1350 4505 sapientiorem
1395 4439 1451 4488 te
1482 4431 1778 4487 Hesiodum
1811 4430 2005 4493 fuisse1

2122 4436 2398 4505 θεογονίας
2431 4437 2805 4508 ποιητεύματα
2825 4438 3252 4510 διηγησάμενος’
3275 4439 3413 4509 τάχα
3447 4440 3695 4510 Ὀρφεὺς,

441 4528 570 4581 dum
602 4527 724 4583 illas
749 4527 806 4580 in
839 4525 1154 4596 Theogonia
1216 4525 1434 4580 fabulas
1467 4523 1722 4578 edisserit
1755 4541 1768 4576 :
1807 4537 2021 4577 necnon

440 4627 496 4672 ct
526 4617 824 4688 Orpheum,
857 4626 1021 4687 atque
1048 4617 1383 4688 Euripidem.
1413 4614 1550 4669 Nam
1579 4615 1690 4680 isti,
1722 4622 2021 4685 quantum~

442 4710 527 4764 vis
554 4708 790 4764 ridicula
835 4719 1091 4773 narrent,
1123 4708 1474 4778 perspicuum
1509 4713 1595 4761 est
1620 4745 1635 4769 ,
1673 4704 1820 4773 quod
1853 4711 2024 4774 poetic

442 4808 650 4863 essent,
710 4799 847 4854 falsa
901 4799 970 4854 de
1026 4798 1296 4853 industria
1351 4796 1704 4852 conﬁnxisse.
1762 4795 1843 4849 Tu
1894 4809 2024 4849 vero

446 4892 862 4947 luculentiorem
904 4899 967 4945 ut
1021 4906 1262 4946 errorem
1312 4889 1503 4953 facias,
1538 4886 1674 4943 falsa
1728 4901 1828 4956 pro
1879 4887 2024 4940 veris

447 4983 716 5038 obtrudis.

518 5074 725 5130 XLVII.
767 5075 938 5146 lgitur
952 5074 1135 5129 vivum
1161 5072 1310 5126 illum
1335 5070 1587 5141 spiritum
1619 5083 1810 5124 narras
1831 5085 1862 5125 e
1882 5069 2024 5124 caelo

448 5167 733 5236 delapsum
772 5166 950 5236 primo
995 5165 1201 5219 homini
1236 5163 1550 5233 porrexisse
1586 5161 1893 5224 dexteram,
1938 5168 2023 5213 at-

451 5273 557 5326 que
587 5275 617 5313 e
645 5257 887 5312 tenebris
913 5257 1172 5312 eduxisse
1192 5297 1207 5320 ,
1233 5270 1357 5310 eum
1385 5292 1400 5316 ,
1433 5253 1680 5322 inquam,
1707 5252 1982 5306 hominem
2007 5291 2022 5317 ,

449 5351 542 5420 qui
574 5350 629 5403 iu
659 5349 902 5404 inferiori
930 5349 1032 5402 hoc
1057 5349 1189 5403 orbe
1216 5345 1649 5416 periclitabatur.
1687 5344 1935 5409 Quicum
1964 5353 2024 5397 ut

452 5443 790 5509 absumptam
848 5439 1104 5493 liberaret
1165 5436 1400 5490 animam
1459 5432 1866 5496 descendisset,
1923 5449 2022 5488 nec

452 5532 662 5599 eripere
696 5530 979 5598 potuisset,
1006 5531 1156 5582 illum
1194 5529 1396 5597 ipsum,
1429 5526 1674 5594 inquam,
1705 5525 1797 5594 qui
1829 5525 1896 5581 ad
1933 5543 2020 5582 sa-

529 5685 545 5715 ί
572 5682 772 5747 Regius
799 5684 866 5736 τὰ
898 5685 1086 5749 πτερά.
1165 5685 1186 5715 ³
1213 5682 1339 5769 Cor.
1377 5685 1775 5754 ἁνενηνοχέναι.

2121 4527 2261 4597 τάχα
2286 4527 2603 4598 Εὐριπίδης.
2641 4529 2870 4582 Ἐκεῖνοι
2899 4529 3030 4600 γὰρ,
3077 4530 3181 4582 κᾶν
3219 4529 3600 4598 καταγέλαστα
3631 4530 3700 4583 διο

2122 4621 2415 4688 ηγήσαντο,
2437 4619 2584 4690 δῆλοί
2606 4621 2763 4686 εἰσιν,
2793 4621 2874 4673 ὅτι
2896 4623 3114 4692 ποιηταὶ
3147 4622 3482 4693 ὑπάρχοντες
3514 4623 3700 4690 ἐποιη-

2123 4710 2382 4763 τεύσαντο
2407 4712 2476 4764 τὰ
2499 4713 2597 4764 ούκ
2625 4711 2754 4764 ὄντα
2772 4753 2786 4766 .
2815 4712 2888 4764 Σὺ
2919 4712 2974 4764 δὲ
3007 4713 3081 4776 ὡς
3124 4712 3252 4766 ὄντα
3284 4714 3466 4783 διηγῇ,
3495 4715 3582 4766 ἵνα
3602 4714 3700 4784 τὴν

2126 4801 2332 4872 πλάνην
2363 4802 2755 4873 περισσοτέραν
2777 4803 3006 4874 ἐργάσῃ.

2195 5065 2324 5118 MZ'.
2358 5063 2526 5118 Τοῦτο
2567 5065 2795 5133 φάσκεις
2831 5067 2892 5119 τὸ
2937 5066 3154 5136 πνεῦμα
3201 5067 3263 5118 τὸ
3294 5066 3401 5129 ζῶν
3445 5065 3701 5121 κατελθὸν

2127 5158 2277 5210 κάτω
2326 5158 2616 5212 δεδωκέναι
2665 5159 2866 5225 δεξιὰν,
2913 5160 3005 5212 καὶ
3059 5161 3369 5229 ἀνενοχέναι
3397 5162 3416 5190 ²
3445 5160 3552 5212 ἀπὸ
3604 5159 3701 5212 τοῦ

2131 5250 2353 5312 σκότους
2390 5251 2480 5301 τὸν
2515 5251 2728 5318 πρῶτον
2773 5250 3062 5320 λεγόμενον
3092 5253 3241 5322 παρὰ
3286 5253 3367 5304 σοὶ
3395 5251 3699 5321 ἄνθρωπον,

2129 5342 2218 5394 τὸν
2247 5343 2395 5394 κάτω
2417 5343 2474 5392 ἐν
2500 5345 2610 5403 τοῖς
2638 5343 2971 5413 κατωτέροις
3000 5343 3440 5405 κινδυνεύσαντα,
3457 5343 3545 5394 τὸν
3568 5359 3703 5396 κατ·-

2130 5433 2352 5487 ελθόντα
2405 5433 2576 5487 σῶσαι
2612 5435 2710 5506 τὴν
2739 5435 3087 5506 βεϐρωμένην
3108 5436 3305 5506 ψυχὴν,
3333 5438 3424 5488 καὶ
3454 5436 3526 5506 μὴ
3547 5436 3706 5506 δυνη-

2127 5527 2285 5580 θέντα
2318 5528 2504 5598 σῶσαι,
2541 5527 2678 5583 ἀλλᾶ
2729 5529 2887 5582 αὑτὸν
2928 5529 3388 5582 κεκινδυνευκέναι
3414 5530 3493 5591 είς
3531 5545 3706 5600 acerq-
