4076 6392
345 339 447 393 101

954 336 1323 395 ADVERSUS
1360 339 1708 396 HAERESES
1745 339 1872 395 LIB.
1917 339 1982 396 II.
2026 339 2189 397 T011.
2231 341 2295 397 ll.
2338 372 2407 385 --
2446 341 2717 398 llrERES.
2750 341 2937 397 LXVI.

3509 340 3615 397 10‘2

343 456 474 525 ρίαν
493 455 904 527 ἀπεσταλμένος
925 457 940 486 ί
964 457 1325 521 ὲκινδύνευσε,
1348 459 1443 512 καὶ
1457 459 1726 531 ὲπεδεήθη
1749 460 1917 531 ἐτέροι

2040 465 2206 517 lutem
2249 463 2478 520 alterius
2515 463 2722 520 missus
2755 463 2960 526 fuerat,
2993 478 3048 517 In
3097 460 3391 517 discrimen
3442 460 3617 517 addu~

342 546 512 600 πάλιν
535 546 949 617 ἁπεσταλμένου
970 548 1106 618 πρὸς
1129 549 1225 618 τὴν
1243 550 1434 604 τούτου
1458 550 1750 623 σωτηρίαν.
1777 554 1934 623 Πόσῳ

341 654 409 705 γε
447 637 649 708 μᾶλλον
681 640 714 710 ἡ
742 638 891 709 ψυχὴ
935 639 1297 694 κινδυνεύσειε
1328 641 1395 693 δι’
1424 642 1491 713 ἢν
1524 644 1553 695 ὁ
1585 643 1933 714 ἀπεσταλμέ-

340 746 437 793 νος
471 729 690 801 πρῶτος
710 729 807 783 ἄνθ
816 746 995 801 ρωπος
1015 729 1186 783 ἐλθὼν
1215 730 1620 796 ὲκινδύνευσεν;
1665 732 1824 787 Ἀλλὰ
1841 736 1934 788 καὶ

338 818 598 891 δεύτερον
636 819 1049 891 ἀπεσταλμένον
1092 822 1171 883 εἰς
1202 820 1263 873 τὸ
1298 820 1486 879 σῶσαι.
1526 822 1664 892 ὅπερ
1706 824 1933 892 φάσκεις

338 908 486 967 εἶναι
526 912 691 975 αὐτὸς
731 911 954 983 πνεῦμα
987 910 1117 977 ζῶν,
1171 913 1312 966 κατὰ
1355 914 1678 984 μετάμελον.
1723 917 1865 986 Ἀρα
1902 918 1931 969 ὁ

338 1005 539 1076 Πατὴρ
564 1003 851 1058 ἀπέστειλε
877 1004 969 1058 τὸν
1000 1003 1080 1057 ἔτι
1125 1005 1490 1077 ἰσχυρότερον,
1527 1007 1616 1060 ἵνα
1647 1006 1742 1060 τοῦ
1778 1006 1929 1079 πρὼο

335 1112 436 1147 του
466 1094 762 1166 ἀνθρώπου
788 1094 973 1165 σωτὴρ
1001 1094 1250 1165 γένηται.
1284 1096 1357 1149 ’Ἡ
1385 1098 1569 1165 ⁴ίδιγνόει
1596 1097 1695 1167 μὲν
1724 1098 1931 1151 ἐκεῖνον

337 1185 708 1240 ἀδυνατοῦντα
729 1186 822 1239 τὸν
846 1187 1079 1258 πρῶτον,
1098 1186 1192 1240 καὶ
1214 1186 1635 1258 ὑπολαμϐάνων,
1660 1188 1741 1241 ὅτι
1767 1187 1929 1241 σώσει

336 1278 786 1343 κινδυνεύσαντος
820 1279 1008 1339 αὑτοῦ,
1042 1278 1269 1351 ὕστερον
1295 1279 1385 1333 διὰ
1414 1279 1513 1349 τῆς
1539 1281 1734 1351 πείρας
1762 1283 1931 1350 ἐγνω-

338 1370 457 1434 κὼς
498 1370 863 1442 προϐάλλεται
915 1371 1009 1424 καί
1055 1370 1412 1436 ἀποστέλλει;
1464 1372 1575 1426 Kal
1629 1373 1797 1444 πολλή
1844 1372 1929 1436 τίς

336 1462 494 1514 ἐστιν
518 1463 551 1531 ἡ
578 1461 800 1525 ἀτοπία,
833 1454 879 1515 ὦ
904 1462 1195 1532 Μανιχαίε,
1224 1462 1319 1516 καὶ
1354 1462 1656 1516 ἀσύστατον
1679 1463 1740 1517 τὸ
1778 1465 1929 1535 παρὰ

335 1551 437 1604 σοῦ
480 1552 833 1623 ληρολόγημα
870 1552 971 1622 τῆς
1005 1553 1186 1625 πάσης
1227 1554 1596 1618 διδασκαλίας.
1638 1555 1841 1609 Φάσκει
1871 1556 1927 1609 δὲ

333 1645 527 1709 πάλιν,
567 1647 650 1699 ὅτι
697 1646 956 1698 κατελθὸν
992 1645 1055 1698 τὸ
1090 1646 1316 1717 Πνεῦμα
1361 1646 1530 1701 ἔδωκε
1580 1646 1781 1712 δεξιὰν,
1832 1648 1928 1702 καὶ

331 1735 608 1805 ἀνήνεγκε
637 1734 727 1787 τὸν
769 1734 983 1805 πρῶτον
1022 1734 1441 1789 κινδυνεύσαντα
1481 1735 1787 1807 ἄνθρωπον.
1826 1737 1926 1791 Διὰ

2034 564 2206 621 ctum,
2233 564 2398 627 atque
2423 558 2650 614 alterius
2674 573 2798 628 ope,
2817 558 2912 628 qui
2937 557 3162 628 perinde
3182 556 3249 611 ad
3273 556 3612 611 liberandum

2033 647 2368 714 mitteretur,
2421 665 2563 720 opus
2610 650 2890 705 habuisse.
2949 648 3170 716 Quanto
3220 648 3389 719 igitur
3439 647 3613 719 magis

2032 734 2331 800 periclitari
2367 750 2468 804 par
2509 745 2629 791 erat
2679 737 2954 803 animam,
2984 737 3144 806 cujus
3173 737 3346 808 gratia
3401 735 3611 807 primus

2031 823 2196 879 homo
2250 826 2456 882 missus
2509 829 2813 898 periculum
2866 828 3118 883 adierit?
3149 828 3256 886 Sed
3307 830 3609 886 secundum

2031 917 2323 984 quemdam
2354 919 2705 975 liberatorem
2725 921 2876 976 velut
2899 921 2955 975 in
2987 922 3294 978 subsidium
3318 908 3639 993 allegatum'

2030 1023 2155 1064 esse
2181 1009 2371 1076 doces,
2404 1012 2556 1067 velut
2578 1012 2793 1068 Patrem
2823 1015 3026 1083 prioris
3057 1015 3275 1070 consilii
3291 1015 3606 1085 paeniteret;

2030 1109 2085 1155 et
2116 1100 2270 1155 illum
2300 1105 2484 1157 vivum
2518 1104 2774 1174 spiritum
2809 1106 3071 1176 appellas.
3107 1104 3412 1161 Fortiorem
3442 1106 3606 1177 igitur

2030 1208 2061 1247 a
2089 1195 2254 1249 Patre
2282 1196 2592 1265 quempiam
2620 1196 2850 1251 missum
2884 1204 3119 1266 oportet,
3150 1198 3311 1268 primi
3340 1207 3399 1252 ut
3427 1197 3601 1252 homi-

2028 1285 2116 1340 nis
2165 1285 2364 1340 vindex
2421 1302 2543 1341 esse
2591 1299 2795 1357 posset.
2855 1288 2940 1342 An
2986 1305 3117 1345 vero
3177 1289 3415 1360 primum
3452 1289 3604 1344 illum

2029 1375 2362 1430 imbecillum
2399 1376 2514 1432 fore
2540 1379 2862 1434 nesciebat?
2883 1389 2939 1435 et
2966 1395 3128 1450 quem
3155 1381 3482 1451 periclitanti
3511 1395 3604 1436 sa-

2026 1468 2127 1522 luti
2168 1468 2285 1525 fore
2312 1472 2603 1539 sperabat,
2644 1479 3001 1541 posteaquam
3032 1472 3368 1541 experientia
3401 1485 3607 1542 cogno-

2026 1560 2126 1625 vit,
2157 1561 2323 1614 alium
2356 1561 2509 1614 illum
2565 1563 2822 1631 produxit
2846 1570 2901 1616 et
2943 1562 3162 1617 emisit?
3193 1562 3603 1618 Absurdissima

2027 1657 2179 1715 sunt,
2204 1666 2239 1705 ο
2276 1650 2595 1717 Manichaee,
2620 1668 2741 1723 quae
2768 1654 2927 1719 dicis,
2968 1669 3033 1707 ac
3061 1661 3214 1708 tuum
3240 1653 3376 1708 illud
3404 1654 3602 1724 dogma

2027 1742 2247 1796 minime
2288 1744 2569 1800 cohaerens
2620 1753 2705 1801 est
2751 1760 3130 1816 nugarumque
3197 1745 3598 1817 plenissimum.

331 1824 498 1877 τοῦτο
532 1825 834 1895 μυστήριον
860 1827 973 1888 τοῖς
1002 1823 1197 1879 ἑαυτοῦ
1243 1825 1512 1896 μαθηταῖς
1542 1826 1917 1899 παραδέδωκεν

2024 1827 2162 1886 lllud
2190 1848 2319 1888 vero
2344 1834 2569 1904 insuper
2599 1834 2850 1897 afﬁrmat.
2881 1836 3164 1907 delapsum
3188 1836 3246 1891 in
3274 1845 3452 1892 terras
3485 1838 3603 1907 spi-

329 1917 417 1978 είς
444 1915 509 1968 τὸ
545 1915 836 1968 ἐπιδιδόναι
866 1915 1066 1981 δεξιάν,
1098 1916 1225 1969 ὅταν
1268 1915 1517 1988 ἀλλήλοις
1551 1918 1924 1989 συναντήσωσι

331 2007 567 2079 σημείου
606 2008 787 2077 χάριν,
827 2007 904 2071 ὡς
936 2008 1043 2060 ἀπὸ
1089 2008 1315 2071 σκότους
1362 2007 1650 2073 σωθέντες.
1690 2009 1779 2062 Ἐν
1814 2009 1923 2080 γὰρ

327 2097 413 2168 τῷ
434 2097 618 2151 σκότει
643 2098 821 2152 πάντα
841 2097 1041 2165 φάσκει
1064 2091 1224 2163 εἶναι,
1253 2097 1395 2168 πλὴν
1418 2098 1583 2152 αὑτοῦ
1608 2098 1791 2169 μόνου.
1813 2099 1924 2151 Καὶ

327 2189 444 2259 γὰρ
474 2191 524 2241 οἱ
549 2188 740 2256 τυφλοὶ
768 2187 967 2258 χλεύης
1003 2185 1167 2241 ἓνεκα
1203 2187 1403 2258 μᾶλλον
1431 2188 1583 2259 παρὰ
1612 2187 1721 2242 τῶν
1747 2186 1921 2259 ὁρών-

326 2298 441 2333 των
468 2279 530 2333 τὸ
552 2281 873 2351 κακόφημον
902 2279 1261 2345 ἐκκλίνοντες,
1283 2281 1418 2334 πολὺ
1449 2279 1736 2351 βλέποντες
1764 2278 1921 2334 ἀκού-

325 2386 506 2428 ουσιν.

2024 1919 2190 1974 ritum
2231 1921 2481 1976 dextram
2524 1922 2780 1989 dedisse,
2819 1938 2885 1979 ac
2935 1924 3170 1994 primum
3220 1923 3499 1978 hominem
3534 1923 3603 1978 de

2023 2012 2198 2067 salute
2238 2015 2642 2083 periclitantem
2694 2017 2963 2073 extulisse
3021 2031 3260 2073 sursum.
3309 2015 3484 2082 Quam
3528 2015 3603 2069 ob

2020 2117 2248 2159 causam
2288 2107 2611 2177 mysterium
2643 2106 2919 2178 quoddam
2950 2107 3237 2178 discipulis
3266 2108 3386 2164 suis
3429 2107 3600 2162 tradi-

2020 2193 2121 2256 dit,
2150 2202 2209 2247 ut
2237 2208 2363 2249 cum
2384 2196 2616 2253 invicem
2639 2206 2939 2253 occurrunt
2959 2199 3241 2254 dexteram
3268 2196 3554 2253 conferant
3579 2213 3594 2250 :

2024 2297 2133 2352 quo
2167 2284 2323 2355 signo
2348 2301 2379 2340 e
2423 2287 2666 2343 tenebris
2696 2286 3006 2344 vindicatos
3040 2304 3101 2345 se
3139 2302 3263 2344 esse
3293 2286 3594 2344 declarent.

2023 2373 2158 2447 Nam
2212 2378 2394 2432 omnia
2444 2388 2641 2448 praeter
2669 2394 2729 2435 se
2782 2396 2950 2435 unum
3001 2379 3212 2437 versari
3264 2380 3320 2435 in
3356 2378 3600 2436 tenebris

326 2466 585 2523 afﬁrmat.
612 2469 823 2541 Quippe
857 2477 914 2526 et
958 2470 1090 2525 caici
1137 2469 1241 2540 ipsi
1286 2467 1458 2525 ferme
1490 2483 1523 2523 a
1565 2467 1902 2533 videntibus,
1944 2470 2071 2524 mali
2133 2474 2336 2529 ominis
2368 2474 2577 2529 vitandi
2606 2476 2805 2547 gratia,
2836 2477 3068 2531 multum
3098 2476 3349 2534 videntes
3415 2473 3600 2545 appel-

325 2556 435 2611 lari
475 2559 677 2613 solent.

401 2647 542 2704 MH’.
579 2645 716 2703 Εἶτα
739 2649 939 2720 φάσκει
968 2649 1152 2716 πάλιν,
1178 2649 1370 2722 ἑτέρας
1390 2648 1544 2713 τινὰς
1573 2648 1917 2712 κατασκευὰς

324 2740 467 2809 ἡμῖν
511 2740 607 2793 καὶ
664 2740 1073 2812 ἀρχιτεκτονίας
1138 2741 1504 2814 ἐργαζόμενος
1525 2780 1541 2806 ,
1596 2740 1672 2804 ὡς
1726 2739 1917 2809 παρὼν

325 2833 535 2897 ἐκεῖσε,
562 2831 658 2886 καὶ
679 2831 1084 2903 φανταζόμενος
1114 2831 1184 2885 τὰ
1219 2831 1294 2904 μὴ
1321 2831 1470 2897 ὂντα,
1498 2831 1583 2884 ὃτι
1611 2829 1733 2883 τότε
1760 2829 1917 2883 τοῦτο

322 2925 389 2976 τὸ
413 2924 527 2989 ζῶν
575 2924 793 2994 πνεῦμα
821 2923 1025 2988 ἔκτισε,
1062 2924 1217 2996 φησὶ,
1246 2924 1338 2978 τὸν
1388 2922 1590 2993 κόσμον
1610 2939 1622 2953 ·
1658 2922 1753 2975 καὶ
1783 2921 1917 2975 αὐτὸ

322 3018 478 3089 τρεῖς
525 3014 720 3087 ὲτέρας
779 3015 1036 3086 δυνάμεις
1075 3014 1334 3088 φορέσαν,
1384 3015 1479 3069 καὶ
1517 3013 1776 3068 κατελθὸν
1821 3014 1917 3067 άν-

2089 2646 2324 2705 XLVlll.
2366 2647 2498 2705 Post
2530 2650 2644 2705 haec
2673 2665 2846 2706 novas
2871 2650 3137 2721 quasdam
3175 2657 3485 2708 structuras
3529 2668 3598 2709 ac

2020 2740 2336 2795 molitiones
2395 2739 2712 2812 designans,
2767 2742 2927 2813 661
2981 2743 3139 2813 quasi
3200 2742 3316 2797 illic
3364 2741 3598 2812 fuisset;

2019 2846 2249 2903 qumque
2273 2833 2526 2903 nuspiam
2572 2840 2699 2888 sunt
2727 2833 2833 2888 sibi
2879 2834 2984 2905 ipsi
3033 2833 3378 2905 conﬁngens.
3411 2835 3596 2891 vivum

2018 2922 2172 2977 illum
2202 2923 2455 2992 spiritum
2474 2922 2551 2977 ait
2574 2923 2890 2979 condidisse
2918 2924 3205 2990 mundum,
3234 2941 3299 2981 ac
3321 2933 3435 2982 tres
3459 2926 3599 2982 alias

2020 3013 2254 3067 virtutes
2328 3010 2592 3068 ferentem
2613 3052 2628 3076 ,
2703 3012 3235 3084 descendentemque
3312 3016 3597 3086 principes

324 3108 536 3179 ἠνεγκε
556 3109 682 3172 τοὺς
709 3108 1112 3179 ἄρχοντας,εκαὶ
1140 3088 1473 3180 ἐστερέωσεν
1499 3108 1557 3160 ὲν
1578 3105 1658 3177 τῷ
1685 3105 1916 3177 στερεὼ-

2023 3103 2317 3168 eduxisse,
2367 3110 2531 3173 atque
2559 3103 2618 3159 in
2668 3104 3013 3161 firmamento
3043 3106 3354 3172 stabilisse,
3390 3108 3484 3178 qui
3521 3107 3596 3163 sit

327 3215 487 3269 ματι,
518 3198 547 3251 ὃ
566 3198 714 3251 ἐστιν
740 3195 921 3252 αὑτῶν
945 3200 979 3269 ἡ
1007 3201 1237 3270 σφαῖρω
1268 3197 1444 3251 καὶτὸ
1469 3197 1569 3268 μὲν
1596 3198 1911 3270 ἀνήνεγκεν.

322 3288 468 3344 Οὔτε
499 3290 614 3342 νοεῖ
640 3291 668 3342 ὁ
709 3288 990 3360 κτηνώδης
1017 3289 1135 3353 πῶς
1176 3288 1352 3360 ἑαυτῷ
1401 3289 1778 3360 άντιμάχεται,
1820 3290 1916 3344 καὶ

321 3381 395 3435 τά
424 3380 560 3451 παρ’
589 3379 739 3451 αὑτῷ
765 3380 1025 3434 ἐπαινετὰ
1050 3379 1220 3449 λέγει,
1251 3381 1345 3434 καὶ
1371 3380 1438 3434 τὰ
1466 3379 1799 3451 ψογιζόμενα
1834 3383 1915 3445 είς

322 3475 553 3529 ἔπαινον
577 3472 732 3546 φέρει
768 3475 924 3544 δίκην
964 3474 1253 3545 μεθύοντος
1289 3477 1382 3529 καὶ
1433 3474 1909 3547 παραφερομένου,

323 3568 424 3620 καὶ
453 3566 621 3638 ἔτερα
652 3565 770 3619 ἀνθ’
800 3566 990 3638 ἑτέρου
1023 3568 1044 3598 ²
1083 3565 1540 3638 παραλαλοῦντος.
1581 3567 1782 3620 Φάσκει
1805 3566 1914 3638 γὰρ

321 3660 451 3722 τοὺς
477 3658 746 3730 ἄρχοντας
774 3659 925 3713 κάτω
957 3659 1301 3730 ὑπάρχοντας
1328 3661 1397 3723 ὲν,
1424 3659 1504 3731 τῷ
1538 3661 1718 3714 σκότει
1744 3675 1913 3730 πονηο

324 3751 431 3822 ρᾶς
456 3745 600 3804 εῖναι
624 3751 995 3816 ὑποστάσεως,
1024 3752 1117 3806 καὶ
1159 3750 1365 3823 φθορᾶς
1395 3753 1457 3806 τὸ
1485 3753 1703 3825 χωρίον.
1730 3752 1842 3805 Kal
1863 3752 1913 3805 ει

321 3842 393 3895 ὲκ
418 3843 628 3914 ταύτης
667 3847 767 3915 τῆς
815 3844 1043 3916 φθορᾶς,
1075 3846 1170 3899 καὶ
1214 3846 1264 3898 εί
1318 3845 1383 3898 ὲκ
1426 3845 1522 3898 τοῦ
1574 3845 1773 3921 μέρους
1814 3843 1910 3898 τοῦ

323 3933 555 3997 σκότους
582 3933 644 3986 τὸ
669 3933 886 4005 πνεῦμα
909 3934 1235 4006 βιασάμενον
1260 3936 1384 3999 τοὺς
1405 3934 1671 4006 ἄρχοντας
1697 3938 1778 3999 είς
1799 3935 1913 3989 ἄνω

320 4025 652 4096 ἀνήνεγκεν,
706 4025 800 4078 ἐπὶ
846 4027 1086 4097 τιμωρίᾳ
1137 4027 1357 4099 μᾶλλον,
1419 4027 1636 4097 φαύλων
1692 4027 1750 4080 δὲ
1799 4045 1909 4098 χω-

323 4115 461 4188 ρίων
498 4115 611 4187 (54)
656 4116 756 4188 τὴν
810 4116 1135 4186 μετάστασιν
1188 4118 1510 4188 ποιούμενον
1543 4117 1636 4171 ἐπὶ
1670 4117 1910 4188 τιμωρίᾳ

321 4208 670 4278 μετέσπασεν
694 4211 775 4271 εἰς
806 4207 876 4261 τὰ
899 4208 1032 4274 ἄνω,
1067 4208 1253 4263 οὑκέτι
1275 4208 1426 4263 ἔσται
1458 4209 1528 4263 τὰ
1564 4209 1676 4267 ἄνω
1706 4207 1906 4277 ἀγαθὰ,

318 4299 419 4353 καὶ
448 4299 805 4363 ὑποστάσεως
830 4301 1088 4371 ζωτικῆς,
1124 4299 1260 4354 ἀλλὰ
1292 4300 1490 4370 μᾶλλον
1520 4298 1770 4353 θανάτου.
1798 4300 1911 4353 Καὶ

314 4390 391 4445 τὰ
418 4391 572 4444 κάτω
598 4391 783 4444 οὐκέτι
810 4392 1068 4463 τιμωρία,
1105 4390 1241 4445 ἀλλὰ
1273 4390 1484 4460 ἀγαθῆς
1510 4407 1655 4454 τινος
1698 4391 1908 4453 οὐσίας,

2018 3193 2264 3264 ipsorum
2293 3194 2522 3265 globus;
2553 3202 2718 3265 atque
2748 3195 2853 3251 hoc
2875 3206 3036 3266 pacto
3064 3211 3287 3253 sursum
3318 3197 3589 3254 evexisse.

2012 3283 2074 3340 lu
2101 3300 2211 3357 quo
2237 3286 2695 3356 quemadmodum
2724 3302 2912 3342 secum
2945 3295 3148 3358 pugnet
3168 3303 3337 3358 pecus
3363 3288 3454 3344 illa
3479 3304 3592 3344 non

2012 3377 2190 3445 videt;
2251 3392 2380 3432 cum
2424 3385 2536 3432 tam
2575 3393 2638 3434 ea
2690 3393 2813 3449 quae
2867 3379 3163 3435 laudabilia
3219 3380 3410 3435 statuit
3440 3379 3593 3450 ipse,

2014 3484 2178 3535 quam
2210 3483 2332 3538 qua:
2360 3469 2720 3539 vituperanda
2750 3476 2961 3533 censet,
2989 3471 3059 3524 ad
3079 3469 3297 3526 laudem
3320 3471 3590 3536 conferat,

2013 3562 2163 3617 velut
2199 3561 2410 3627 ebrius,
2449 3568 2544 3616 aut
2571 3570 2750 3617 mente
2777 3567 2988 3631 captus,
3023 3560 3225 3631 quique
3258 3561 3314 3615 in
3337 3574 3593 3618 sermone

2013 3652 2312 3709 identidem
2342 3653 2734 3709 hallucinetur.
2769 3651 2984 3707 Etenim
3010 3652 3288 3723 principes
3321 3652 3463 3717 illos,
3496 3654 3589 3722 qui

2010 3749 2071 3804 in
2104 3746 2293 3802 intima
2319 3746 2541 3818 regione
2570 3745 2923 3816 tenebrisque
2953 3752 3264 3810 versantur,
3297 3746 3440 3800 mala
3468 3760 3592 3801 esse

2010 3838 2323 3896 substantia
2355 3837 2618 3908 praeditos
2642 3837 2836 3902 docet,
2867 3851 2931 3891 ac
2962 3836 3141 3891 locum
3175 3835 3354 3907 ipsum
3393 3849 3590 3890 corru-

2010 3932 2216 4003 ptionis
2241 3946 2365 3988 esse
2389 3930 2695 4001 proprium.
2724 3929 2892 4001 Atqui
2917 3930 2965 3986 si
3002 3944 3069 3985 ex
3100 3929 3203 3983 hac
3242 3930 3360 3999 ipsa
3396 3943 3590 3983 corru-

2011 4024 2197 4095 ptela,
2237 4024 2696 4093 tenebrarumque
2752 4023 2994 4093 regione,
3051 4020 3283 4092 spiritus
3341 4034 3438 4091 per
3477 4021 3585 4075 vim

2010 4116 2291 4187 principes
2320 4116 2444 4171 illos
2474 4130 2701 4171 sursum
2725 4113 2943 4176 extulit,
2977 4127 3153 4182 prunas
3185 4111 3240 4167 id
3274 4109 3588 4181 infligenda:

2010 4219 2180 4261 causa
2216 4203 2415 4262 fecisse
2458 4203 2644 4274 potius
2690 4202 2928 4267 videtur,
2960 4209 3021 4256 ut
3048 4201 3175 4256 illos
3224 4198 3389 4254 malis
3422 4199 3492 4254 iis
3517 4214 3586 4254 ex

2011 4298 2238 4355 sedibus
2267 4305 2546 4353 extractos
2596 4297 2654 4351 in
2701 4295 2989 4366 superiora
3026 4292 3372 4349 transferret.
3404 4291 3587 4358 Quare

2008 4392 2153 4447 bona
2185 4407 2309 4447 esse
2349 4391 2634 4461 superiora
2680 4390 2797 4445 haec
2828 4390 2947 4460 ipsa
2979 4387 3261 4452 desinent,
3290 4386 3586 4455 vitalisque

317 4480 383 4548 ἐξ
417 4476 480 4537 οὗ
502 4482 669 4535 τόπου
706 4482 965 4553 βουληθὲν
990 4483 1051 4536 τὸ
1080 4482 1298 4552 πνεῦμα
1328 4483 1408 4546 είς
1438 4481 1708 4552 τιμωρίαν
1741 4499 1905 4553 μετα-

2017 4484 2351 4549 ειιὺειεηιίω,
2386 4483 2484 4539 sed
2520 4482 2782 4553 deinceps
2810 4483 2976 4537 morti
3006 4481 3297 4537 tribuenda
3318 4519 3336 4546 ,
3371 4495 3436 4536 ac
3464 4481 3585 4534 vice

318 4574 511 4627 ϐαλεῖν
537 4576 665 4638 τοὺς
691 4573 957 4646 ἄρχοντας
989 4574 1098 4629 ἀπὸ
1118 4574 1224 4627 τῶν
1251 4574 1419 4643 ἡδέων
1446 4574 1541 4628 καὶ⁵
1570 4574 1904 4643 ἀναγκαίων,

317 4667 414 4718 ἐπὶ
448 4666 542 4718 τὸν
565 4665 808 4737 τιμωρὸν
836 4665 1000 4718 τόπον
1040 4671 1368 4736 μετήγαγεν,
1411 4665 1475 4718 ἵν’
1507 4664 1682 4727 οὕτως
1708 4665 1908 4727 αὐτοὺς

315 4757 718 4829 τιμωρήσοιτο.
750 4757 860 4810 Kal
890 4755 1085 4819 ἄλλως,
1127 4759 1176 4809 εί
1214 4757 1277 4809 τὸ
1317 4756 1533 4826 πνεῦμα
1574 4755 1666 4807 τὸν
1702 4754 1907 4824 κόσμον

314 4849 613 4919 ⁸πεποίηκε,
653 4848 772 4912 πῶς
796 4848 957 4902 πάλιν
983 4847 1160 4917 λέγεις
1187 4848 1277 4901 τὸν
1303 4849 1505 4917 κόσμον
1532 4848 1606 4918 μὴ
1634 4846 1739 4899 ὑπὸ
1764 4845 1900 4899 Θεοῦ

312 4939 681 5011 γεγενῆσθαι;
715 4939 824 4992 Καὶ
852 4941 900 4991 εί
924 4939 1030 4992 τῶν
1061 4939 1336 5010 ἀρχόντων
1366 4939 1624 5009 τυγχάνει
1658 4937 1818 5009 σῶμα
1840 4937 1902 4991 τὸ

316 5030 631 5100 στερέωμα,
664 5031 722 5082 ὲν
751 5030 889 5100 ποίῳ
928 5030 1036 5101 ἄρα
1069 5029 1287 5102 σταυρῷ
1316 5028 1625 5101 προσέπηξε
1649 5030 1776 5093 τοὺς
1804 5029 1901 5100 ἆρ-

312 5139 550 5194 χοντας;
583 5122 721 5175 Ποτὲ
755 5123 853 5193 μὲν
877 5121 988 5192 γὰρ
1034 5121 1213 5189 λέγεις
1241 5122 1438 5184 αὐτοὺς
1467 5122 1524 5174 ἐν
1553 5121 1633 5191 τῷ
1667 5120 1901 5191 στερεώ-

316 5231 452 5284 ματι
480 5211 780 5282 πεπῆχθαι,
818 5213 948 5265 ποτὲ
976 5212 1033 5265 δὲ
1059 5211 1189 5264 αὑτὸ
1215 5211 1276 5264 τὸ
1304 5211 1589 5282 στερέωμα
1612 5210 1771 5281 σῶμα
1790 5210 1900 5265 τῶν

311 5305 499 5358 αὐτῶν
522 5303 701 5375 ὁρίζῃ.
736 5305 845 5357 Kal
868 5303 1035 5376 πολλή
1076 5321 1168 5356 σου
1197 5305 1231 5374 ἡ
1266 5304 1640 5377 ἁσυναρτησία
1676 5303 1784 5358 τῶν
1810 5303 1900 5358 λό-

382 5464 398 5493 ¹
427 5462 561 5532 Leg.
588 5462 697 5533 γὰρ
727 5463 923 5516 ἀπεστ.
996 5463 1019 5493 ¹
1055 5459 1181 5516 Cor.
1214 5461 1437 5532 ἐτέρων.

2003 4591 2163 4633 versa
2192 4575 2453 4631 inferiora
2486 4591 2596 4630 non
2643 4575 2880 4645 amplius
2911 4575 3203 4645 supplicii,
3237 4574 3334 4630 sed
3370 4583 3583 4630 naturze

2004 4667 2291 4737 cujusdam
2319 4665 2560 4722 melioris
2587 4665 2961 4722 conditionem
2983 4665 3329 4733 obtinebunt,
3358 4679 3484 4720 cum
3511 4681 3580 4721 ex

2005 4774 2074 4815 eo
2102 4760 2224 4814 loco
2252 4757 2501 4827 spiritus,
2542 4772 2683 4827 quos
2709 4757 2777 4812 ad
2807 4772 3025 4829 pinnam
3054 4758 3272 4813 trahere
3302 4757 3582 4828 principes

2005 4847 2189 4914 vellet,
2228 4846 2499 4908 indidem,
2537 4846 2686 4901 velut
2720 4861 2788 4902 ex
2828 4845 3089 4916 jucundis
3127 4861 3192 4900 ac
3220 4846 3582 4901 familiaribus

2007 4939 2252 5004 sedibus,
2295 4938 2403 4993 alio
2435 4946 2695 5006 tanquam
2726 4936 2794 4991 ad
2824 4937 3078 5008 supplicii
3110 4937 3288 4991 locum
3319 4938 3580 5007 puniendi

2005 5047 2174 5087 causa
2216 5031 2579 5087 transtulerit.
2610 5029 2817 5085 Deinde
2842 5031 2890 5084 si
2932 5030 3171 5086 mundus
3200 5044 3232 5083 a
3272 5030 3464 5099 spiritu
3494 5029 3578 5082 fa-

2004 5112 2251 5178 bricatus
2278 5128 2384 5185 est,
2414 5135 2648 5191 quanam
2681 5120 2895 5175 ratione
2922 5120 3185 5175 mundum
3214 5134 3381 5190 negas
3413 5133 3443 5172 a
3473 5117 3581 5173 Deo

2007 5214 2397 5285 procreatum?
2421 5212 2553 5269 item
2580 5215 2626 5270 si
2666 5214 3071 5268 firmamentum
3105 5212 3417 5282 principum
3455 5225 3583 5264 cor-

2008 5320 2112 5375 pus
2136 5315 2256 5371 est,
2294 5306 2383 5360 cui
2428 5305 2649 5361 tandem
2681 5304 2832 5361 cruci
2869 5303 3146 5374 principes
3181 5300 3391 5356 afﬁxit?
3428 5299 3578 5367 Quos

381 5620 498 5691 (δι)
539 5621 796 5677 Φαύλων
826 5619 897 5675 δὲ
953 5621 1201 5692 χωρίων.
1268 5622 1573 5693 Depravata
1625 5623 1729 5680 ista
1788 5625 1917 5676 sunt

2017 5619 2105 5677 nisi
2149 5620 2293 5677 forte
2352 5621 2681 5693 μετάστασιν
2729 5616 2838 5673 τῶν
2891 5614 3106 5687 χωρίων
3152 5610 3291 5670 dixit
3344 5628 3443 5684 pro
3492 5612 3571 5673 είς

306 5711 379 5765 τὰ
414 5712 617 5785 χωρία.
