4076 6392
433 308 540 366 105

1861 306 1917 361 S.
1963 306 2302 364 EPlPllANll

3584 309 3688 364 104

425 432 489 478 tu
514 439 907 496 nonnunquam
937 425 990 481 in
1018 425 1360 481 ﬁrmamento
1390 425 1613 481 suﬂixos
1647 425 1831 482 doces.
1864 425 2013 481 Alias

2124 444 2245 496 γων,
2273 428 2395 498 ἥτις
2445 428 2700 499 οὐδεμίαν
2755 427 3074 481 ἀκολουθίαν
3125 425 3259 498 πρὸς
3301 427 3400 496 τὴν
3433 425 3688 497 ἀλήθειαν

433 516 834 571 firmamentum
865 519 1042 588 ipsum
1075 518 1391 574 eorumdem
1439 533 1640 587 corpus
1669 533 1791 573 esse
1821 517 2011 572 delen-

434 606 543 662 dis.
574 606 650 661 Ex
695 609 896 680 quibus
943 618 1167 681 apparet
1211 625 1482 666 summam
1521 611 1572 664 in
1624 612 1876 665 oratione
1915 618 2008 665 tua

2115 520 2248 590 ἔχει.
2287 521 2374 582 Ὠς
2399 523 2458 574 ὲν
2491 523 2658 574 πᾶσιν
2691 523 2821 592 ήμῖν
2850 521 3175 591 ὲπεφοίτησε
3209 520 3225 549 ¹
3253 518 3532 588 πολέμιος,
3558 520 3690 588 μᾶλ-

2115 609 2205 662 λον
2237 609 2294 663 δὲ
2323 610 2499 680 ἑαυτῷ
2522 613 2616 664 καὶ
2643 613 2757 675 τοῖς
2783 629 2877 664 σου
2907 611 3005 682 τὴν
3041 610 3266 681 γνώμην
3287 608 3618 679 δεχομένοις.

435 700 855 757 inconstantiam
921 703 1137 769 inesse,
1201 719 1380 776 neque
1445 705 1745 776 quidquam
1809 721 1934 760 cum
1978 705 2208 761 veritate
2255 715 2686 762 consentaneum
2750 723 2814 762 ac
2864 721 3209 778 consequens
3253 705 3470 759 habere.
3512 701 3694 769 Quare

434 811 543 850 non
570 805 680 851 tam
726 797 885 854 nobis
929 798 1105 856 hostis
1151 799 1205 853 in
1248 799 1543 866 omnibus,
1603 815 1770 871 quam
1817 801 1915 856 tibi
1980 799 2086 871 ipsi
2125 800 2505 872 dogmatisque
2557 802 2637 856 tui
2701 803 3069 858 sectatoribus
3135 801 3391 856 inimicus
3437 802 3689 869 ingruere

434 888 659 943 videris.

509 975 697 1034 XLIX.
738 978 844 1034 Sed
877 980 1010 1036 illud
1053 991 1315 1052 praeterea
1344 980 1634 1053 proﬁtetur
1669 1001 1682 1038 :
1717 981 2012 1053 Postquam

438 1068 532 1123 illo
562 1071 616 1124 in
668 1071 828 1142 globo
861 1073 1135 1144 principes
1187 1075 1241 1129 in
1280 1089 1501 1129 crucem
1532 1075 1790 1140 sustulit,
1831 1074 2013 1131 sidera

438 1159 798 1227 produxisse,
829 1177 951 1231 quae
991 1171 1121 1218 sunt
1163 1164 1358 1219 anima:
1401 1165 1667 1236 reliquias.
1714 1164 1832 1221 Non
1866 1166 2013 1220 enim

440 1251 680 1304 animam
710 1267 834 1307 esse
863 1253 1020 1320 dixit,
1049 1255 1145 1311 sed
1174 1255 1294 1326 ejus
1325 1258 1706 1313 tantummodo
1735 1258 2011 1327 reliquias.

439 1339 485 1395 0
508 1357 705 1397 vanum
728 1344 1134 1417 absurdumque
1163 1347 1442 1404 decretum
1474 1351 1487 1403 !
1519 1365 1553 1404 o
1580 1347 1745 1403 falsos
1766 1347 2013 1401 minime-

439 1449 545 1503 que
583 1445 982 1494 consentaneas
1012 1442 1329 1496 sermones!
1363 1440 1498 1496 Nam
1547 1441 1789 1512 reliquis:
1825 1454 2015 1494 omnes

438 1527 612 1582 totius
648 1538 830 1598 partes
871 1531 1066 1600 aliqua:
1113 1543 1280 1598 sunt,
1331 1534 1637 1602 iisdemque
1683 1531 1859 1601 majus
1895 1546 2016 1586 esse

439 1630 614 1675 totum
647 1638 871 1678 necesse
902 1632 1004 1679 est.
1043 1627 1314 1692 Quocirca
1339 1626 1386 1680 si
1408 1626 1656 1696 reliquiae
1685 1624 1865 1678 sidera
1897 1625 2014 1693 ipsa

2188 977 2322 1032 ΜΘ.
2361 975 2496 1032 Εἶτα
2543 980 2703 1032 πάλιν
2751 980 2949 1050 φάσκει
2980 979 3010 1032 6
3053 979 3235 1044 αὐτὸς,
3283 980 3388 1043 ὅτι,
3442 979 3581 1050 μετά
3628 979 3688 1032 τὸ

2118 1065 2522 1139 ὲσταυρωκέναι
2553 1070 2680 1131 τοὺς
2720 1069 2985 1140 ἄρχοντας
3027 1069 3085 1121 ὲν
3121 1071 3188 1139 τῇ
3239 1068 3463 1139 σφαίρᾳ,
3509 1067 3689 1121 ἔκτισε

2116 1161 2244 1224 τοὺς
2271 1161 2580 1232 φωστῆρας,
2612 1161 2648 1214 ἃ.
2684 1163 2802 1214 ἐστι
2840 1161 2940 1232 τῆς
2975 1160 3152 1231 ψυχῆς
3182 1161 3244 1213 τὸ
3281 1160 3551 1230 λείψανον.
3583 1161 3692 1212 Καὶ

2119 1250 2181 1302 οὐ
2210 1250 2470 1322 λέγειτὴν
2495 1251 2694 1322 ψυχὴν,
2717 1249 2853 1303 ἀλλά
2873 1250 2974 1320 τῆς
2995 1250 3173 1320 ψυχῆς
3197 1249 3443 1318 λείψανα.
3476 1251 3539 1302 Ὢ
3569 1251 3693 1303 ἀσυ-

2121 1342 2315 1395 στάτου
2341 1342 2630 1411 δόγματος,
2666 1343 2758 1395 καὶ
2801 1342 2972 1410 λόγων
3003 1341 3209 1409 ψευδῶν
3259 1342 3352 1394 καὶ
3385 1342 3691 1411 ἀσυναρτή-

2118 1437 2259 1488 τωνῐ
2297 1437 2411 1489 Πᾶν
2445 1436 2554 1506 γὰρ
2590 1436 2651 1489 τὸ
2680 1435 2927 1505 λείψανον
2960 1435 3122 1506 μέρος
3159 1434 3410 1503 τυγχάνει
3436 1433 3528 1486 τοῦ
3559 1432 3695 1503 πλη-

2124 1527 2393 1599 ρώματος.
2419 1528 2492 1580 Τὸ
2523 1528 2581 1581 δὲ
2620 1527 2890 1600 πλήρωμα
2930 1528 3114 1598 μεῖζον
3155 1527 3408 1597 τυγχάνει
3449 1526 3544 1579 τοῦ
3583 1525 3693 1577 λει-

2119 1618 2310 1687 ψάνου.
2355 1619 2419 1672 Εἰ
2479 1619 2658 1672 τοίνυν
2707 1619 2776 1672 τά
2829 1618 3055 1688 λείψανά
3107 1619 3242 1671 εἰσιν
3280 1620 3329 1671 οἱ
3388 1618 3692 1689 φωστῆρες.

440 1722 590 1777 sunt,
623 1713 784 1767 velim
809 1715 966 1769 nobis
997 1716 1176 1785 majus
1207 1717 1409 1787 aliquid
1448 1717 1724 1772 sideribus
1765 1715 1900 1784 ipsis
1926 1729 2018 1769 os-

2124 1711 2346 1778 δειξάτω
2379 1714 2510 1782 ἡμῖν
2541 1711 2850 1782 μειζότερον
2879 1709 2987 1763 τῶν
3029 1711 3352 1780 φωστήρων,
3382 1711 3468 1762 ἵνα
3498 1711 3695 1780 ῐόωμεν

439 1803 648 1865 tendat,
676 1812 735 1856 ut
757 1805 996 1858 animam
1019 1807 1319 1862 videamus.
1337 1807 1499 1879 662
1519 1807 1615 1861 Sin
1639 1815 1814 1861 totum
1841 1807 2016 1878 ipsum

439 1895 758 1950 devoratum
798 1903 882 1951 est
924 1905 978 1952 et
1021 1909 1406 1970 consumptum
1432 1941 1448 1966 ,
1513 1901 1743 1974 ejusque
1776 1901 2020 1970 reliquiae

441 1985 622 2041 sidera
651 1988 766 2057 ipsa
797 1997 950 2052 sunt,
990 2005 1114 2044 cum
1144 1991 1257 2045 haec
1291 1993 1443 2046 cruci
1475 1991 1652 2046 allixis
1681 1993 2019 2063 principibus

439 2077 700 2133 inferiora
735 2079 867 2145 sint,
903 2081 1121 2136 tandem
1153 2091 1206 2136 et
1239 2084 1357 2152 ipsa
1413 2082 1818 2138 devorabuntur
1847 2102 1864 2137 :
1895 2098 2019 2137 cum

439 2170 741 2241 principes,
771 2181 832 2225 ut
855 2173 992 2240 dixi,
1027 2175 1340 2244 superiores
1357 2173 1518 2229 sedes
1541 2176 1838 2230 obtineant.
1865 2174 2019 2240 Quod

441 2263 488 2317 si
521 2278 619 2333 pro
649 2280 715 2319 eo
741 2265 884 2334 quod
911 2264 1088 2320 sullixi
1119 2276 1268 2332 sunt,
1303 2283 1401 2323 nec
1425 2268 1683 2332 animam,
1712 2282 1813 2320 nec
1842 2267 2022 2322 sidera

440 2355 676 2409 retinere
720 2363 987 2425 possunt,
1023 2359 1135 2412 ruit
1171 2359 1350 2414 omnis
1384 2359 1476 2413 illa
1511 2367 1638 2425 tua,
1686 2357 2018 2421 Manichaee,

441 2445 623 2499 inanis
653 2460 717 2500 ac
751 2448 988 2502 conficta
1028 2449 1296 2503 narratio.

512 2533 697 2606 Pergit
730 2537 872 2592 idem
901 2545 1064 2608 atque
1097 2541 1168 2592 ita
1207 2539 1432 2594 disserit
1461 2560 1472 2594 :
1511 2539 1900 2609 Posteaquam,
1934 2538 2019 2592 in-

443 2627 595 2698 quit,
624 2627 872 2698 Bajulum
907 2630 1244 2698 increpavit,
1292 2634 1524 2687 materia
1570 2648 1790 2702 quoque
1822 2633 2022 2700 stirpes

441 2718 544 2772 sibi
575 2720 858 2775 universas
884 2721 1167 2792 produxit.
1196 2721 1343 2788 Quas
1369 2739 1493 2778 cum
1523 2723 1813 2794 depra‘dati
1836 2730 2022 2778 essent

443 2810 741 2881 principes,
772 2819 888 2866 tum
933 2829 1163 2885 magnus
1202 2816 1458 2885 princeps
1485 2825 1712 2870 caeteros
1735 2829 1926 2869 omnes
1960 2830 2023 2869 ac

443 2901 736 2972 primarios
765 2917 1102 2967 convocans,
1128 2906 1332 2960 viritim
1365 2907 1609 2976 singulas
1644 2906 1713 2960 ab
1744 2907 1812 2959 iis
1844 2905 2020 2958 virtu-

445 3003 526 3048 tes
556 2995 799 3064 accepit;
825 2994 1024 3050 dehinc
1044 2995 1320 3052 hominem
1359 2996 1424 3050 ad
1449 2997 1649 3067 prioris
1673 2996 1819 3052 illius
1842 3010 2020 3050 exemo

444 3085 565 3156 plar
590 3085 830 3153 elﬁnxit,
874 3088 1034 3158 eique
1060 3089 1286 3160 illigavit
1312 3089 1551 3142 animam
1580 3105 1594 3155 ;
1628 3098 1788 3159 atque
1829 3103 1892 3142 ea
1920 3087 2016 3142 de-

444 3191 592 3229 mum
641 3183 725 3231 est
780 3178 1182 3233 commistionis
1239 3186 1552 3246 mutumque
1607 3178 2016 3248 temperationis

444 3269 604 3323 ratio.
638 3266 838 3324 Verum
877 3284 1001 3324 cum
1036 3270 1193 3325 vivus
1210 3265 1372 3325 Pater
1401 3269 1652 3325 alllictam
1697 3271 1752 3326 in
1787 3284 2019 3342 corpore

445 3358 653 3415 videret
687 3360 948 3426 animam,
976 3376 1075 3431 pro
1105 3362 1442 3418 humanitate
1473 3364 1872 3436 clementiaque
1896 3380 2014 3432 sua,

447 3448 609 3502 unice
637 3449 894 3504 dilectum
923 3464 954 3504 a
990 3465 1049 3504 se
1084 3448 1282 3504 Filium
1312 3454 1378 3506 ad
1423 3452 1570 3508 illius
1607 3457 1834 3510 salutem
1858 3455 2020 3510 dimi-

450 3541 541 3596 sit.
566 3539 649 3596 0b
672 3541 811 3595 hanc
833 3541 977 3596 enim
1003 3557 1249 3606 causam,
1272 3550 1389 3597 tum
1411 3542 1580 3614 Bajuli
1601 3546 1771 3616 gratia
1788 3545 2018 3600 missum

455 3629 608 3684 illum
639 3629 938 3686 existimat.
968 3628 1139 3685 Porro
1169 3629 1340 3687 Filius
1370 3649 1490 3688 mox
1529 3643 1588 3687 ut
1621 3634 1860 3696 advenit,
1901 3648 2021 3688 sese

450 3721 506 3774 in
541 3721 780 3778 hominis
815 3723 1051 3793 speciem
1083 3724 1420 3794 ﬁguramque
1460 3727 1762 3792 convertit;
1799 3726 1934 3780 adeo
1963 3733 2022 3778 ut

454 3812 764 3868 hominibus
792 3813 1032 3870 hominis
1063 3815 1238 3870 instar
1259 3826 1566 3886 appareret,
1594 3829 1648 3873 et
1669 3833 1792 3874 eum
1818 3817 1894 3871 illi
1919 3833 2018 3871 na-

447 3915 562 3959 tum
584 3918 706 3960 esse
725 3904 830 3960 sibi
849 3905 1263 3974 persuaderent.
1295 3907 1396 3974 Qui
1434 3924 1557 3963 cum
1587 3909 1932 3974 accessisset,
1968 3917 2022 3963 et

448 3992 515 4046 ad
551 3992 829 4047 hominum
852 3995 1081 4050 salutem
1111 3996 1539 4066 recuperandam
1571 4013 1731 4052 suum
1756 4012 1894 4067 opus
1925 3997 2021 4051 de-

448 4087 736 4155 signasset,
779 4086 1088 4141 machinam
1135 4088 1426 4158 quamdam
1473 4090 1780 4154 exstruxit;
1819 4091 1871 4143 in
1915 4104 2022 4158 qua

448 4179 566 4232 cadi
619 4179 833 4234 inerant
881 4179 1205 4245 duodecim;
1259 4195 1381 4250 quae
1419 4180 1566 4252 globi
1611 4181 1875 4250 vertigine
1919 4181 2025 4234 cir-

450 4269 763 4324 cumvoluta
812 4279 1154 4324 mortuorum
1201 4271 1258 4323 in
1303 4270 1536 4325 sublime
1571 4270 1782 4325 animas
1822 4269 2021 4331 evehit,

451 4377 589 4431 quas
622 4363 711 4416 ubi
740 4363 823 4418 sol
847 4363 1143 4432 exceperit,
1167 4371 1445 4433 repurgat,
1472 4371 1526 4417 et
1549 4363 1602 4416 in
1626 4363 1808 4417 lunam
1840 4372 2025 4415 trans-

453 4455 638 4510 mittit.
676 4453 753 4508 lta
790 4454 952 4519 lunze,
983 4469 1145 4525 quem
1175 4455 1536 4526 appellamus,
1571 4453 1721 4509 orbis
1745 4454 2020 4525 impletur.

524 4721 587 4778 L.
634 4719 801 4778 Vides
840 4728 1045 4792 quanta
1079 4721 1153 4776 sit
1189 4720 1509 4791 impostoris
1547 4717 1762 4774 vanitas
1799 4718 2029 4774 oblivio-

453 4831 560 4888 que
589 4822 848 4884 tanquam
876 4830 943 4868 ex
965 4814 1229 4869 ebrietate
1261 4812 1576 4867 contracta?
1602 4811 1733 4878 Qua:
1749 4812 1893 4865 enim
1931 4825 2029 4864 an-

452 4919 540 4962 tea
568 4907 726 4972 dixit,
761 4921 869 4961 non
921 4906 1243 4960 recordatur
1289 4905 1546 4974 amplius,
1584 4911 1639 4957 et
1659 4918 1779 4973 qua:
1821 4902 2028 4957 dixisse

454 4999 688 5064 videtur,
718 5003 1017 5052 commutat
1055 5011 1120 5051 ac
1155 4997 1408 5060 destruit,
1451 5005 1506 5052 et
1543 5003 1755 5050 suamet
1787 4995 1902 5065 ipse
1932 4994 2031 5049 dou

456 5098 635 5160 gmata
658 5090 947 5144 subvertit.
971 5086 1106 5142 Nam
1137 5088 1274 5143 alias
1302 5088 1462 5142 aliter
1481 5085 1729 5151 disserit,
1762 5096 1820 5140 ut
1842 5086 2026 5156 priora

456 5180 852 5250 posterioribus
873 5186 1101 5246 evertat,
1139 5193 1204 5232 ac
1232 5192 1355 5249 qua;
1383 5178 1542 5233 initio
1577 5186 1876 5241 everterat,
1906 5192 2028 5231 rur-

457 5287 554 5326 sus
580 5271 880 5337 instauret;
920 5281 978 5324 ut
1007 5271 1138 5325 illud
1173 5273 1465 5341 perspicue
1501 5269 1762 5334 declaret,
1799 5284 1909 5324 non
1942 5270 2024 5325 sui

459 5380 517 5416 se
555 5371 860 5432 compotem
909 5379 1053 5425 esse,
1101 5361 1196 5418 sed
1241 5363 1309 5416 ab
1349 5363 1564 5430 impuro
1604 5361 1798 5430 spiritu
1842 5375 2027 5416 corre-

459 5462 608 5521 ptum
659 5451 764 5503 alin
808 5467 905 5520 pro
946 5451 1066 5506 aliis
1106 5451 1548 5520 phreneticorum
1594 5465 1748 5504 more
1796 5452 2024 5520 garrire.

454 5545 591 5602 Nam
635 5548 679 5601 si
715 5547 780 5600 de
821 5543 1052 5600 adventu
1087 5543 1298 5599 Domini
1333 5545 1504 5599 nostri
1533 5543 1663 5599 Jesu
1709 5545 1915 5602 Christi
1946 5547 2026 5602 lo-

505 5699 520 5727 ¹
560 5699 619 5758 F.
649 5700 1029 5771 ἐπεφοίτησας.
1105 5703 1123 5732 ⁸
1155 5699 1215 5755 F.
1248 5699 1524 5754 δύνανται.
1603 5699 1623 5730 ³
1659 5697 1718 5753 F.
1762 5699 1872 5754 ἐφ’.

2118 1803 2219 1873 τὴν
2246 1803 2442 1874 ψυχήν.
2470 1805 2532 1856 El
2575 1804 2631 1856 δὲ
2670 1802 2731 1854 τὸ
2766 1803 2863 1872 μὲν
2889 1802 3162 1873 πλήρωμα
3195 1801 3463 1872 βέὸρωται
3490 1803 3582 1855 καὶ
3605 1804 3698 1855 ἀν-

2123 1894 2345 1957 άλωται,
2367 1895 2616 1964 λείψανον
2645 1893 2701 1946 δὲ
2729 1895 2777 1945 oi
2802 1893 3106 1964 φωστῆρες,
3129 1893 3236 1964 ἄρα
3255 1893 3349 1946 καὶ
3381 1893 3535 1946 αὐτοὶ
3561 1894 3695 1946 ὑπο-

2120 1987 2273 2039 κάτω
2295 1985 2402 2038 τῶν
2429 1985 2858 2060 ὲσταυρωμένων
2897 1986 3175 2055 ἀρχόντων
3202 1986 3352 2049 ὄντες
3385 1985 3694 2056 βρωθήσον-

2118 2094 2228 2141 ται,
2260 2075 2367 2129 τῶν
2404 2077 2679 2146 ἀρχόντων
2723 2077 2820 2146 τὴν
2867 2075 3174 2146 ὲπανότητα
3223 2076 3590 2146 κεκτημένων.
3631 2076 3696 2129 Ei

2119 2167 2196 2232 δὲ,
2231 2166 2319 2220 διὰ
2358 2167 2419 2219 τὸ
2448 2165 2844 2237 ἐσταυρῶσθαι,
2883 2166 3078 2237 μηκέτι
3114 2167 3370 2220 δύνασθαι
3404 2169 3424 2199 ³
3461 2171 3518 2221 ὲν
3564 2167 3698 2220 καθ-

2123 2258 2235 2323 έξει
2269 2261 2369 2330 τῆς
2392 2259 2570 2329 ψυχῆς
2607 2259 2703 2312 καὶ
2729 2258 2837 2312 τῶν
2876 2261 3177 2329 φωστήρων
3211 2256 3365 2325 εἶναι,
3395 2261 3642 2315 διέπεσεν
3666 2261 3696 2313 6

2123 2351 2216 2403 σοῦ
2255 2350 2500 2422 ληρώδης
2533 2350 2709 2418 λόγος,
2744 2345 2790 2404 ὦ
2825 2353 3114 2422 Μανιχαίε.

2192 2525 2325 2584 Εἶτα
2353 2530 2514 2584 πάλιν
2541 2531 2570 2583 6
2597 2529 2760 2595 αὐτὸς
2802 2530 3088 2596 διδάσκων,
3119 2533 3222 2592 ὅτι,
3267 2531 3403 2601 μετά
3427 2531 3489 2586 τὸ
3517 2532 3694 2584 ἐπιτι-

2125 2621 2294 2692 μῆσαι
2325 2620 2402 2690 τῷ
2444 2621 2744 2692 Ὤμοφόρῳ,
2770 2621 2970 2684 ἔκτισε,
3005 2622 3193 2690 φησὶν,
3221 2621 3384 2689 ἑαυτῇ
3411 2621 3504 2673 καὶ
3534 2622 3566 2690 ή
3597 2619 3696 2690 ὕλη

2123 2715 2303 2769 πάντα
2333 2712 2400 2766 τὰ
2424 2713 2568 2782 φυτά
2593 2729 2606 2742 ·
2640 2714 2734 2766 καὶ
2759 2713 3086 2782 συλωμένων
3114 2712 3223 2766 τῶν
3250 2712 3428 2764 αὐτῶν
3457 2713 3560 2765 ὑπὸ
3590 2713 3697 2765 τῶν

2121 2802 2417 2873 ἀρχόντων,
2451 2801 2706 2855 ἐκάλεσεν
2730 2803 2758 2854 6
2796 2801 2968 2871 μέγας
3000 2801 3180 2871 ἄρχων
3210 2801 3416 2864 πάντας
3447 2803 3573 2864 τοὺς
3601 2803 3697 2872 ἆρ-

2122 2911 2315 2964 χοντας
2349 2894 2444 2947 καὶ
2472 2893 2833 2963 πρωτίστους,
2870 2893 2964 2946 καὶ
3009 2892 3199 2945 ἐλαϐεν
3244 2895 3337 2946 ἀπ’
3377 2893 3556 2946 αὐτῶν
3598 2894 3699 2946 ἀνά

2127 2985 2256 3055 μίαν
2281 2983 2511 3054 δύναμιν
2529 3001 2542 3013 ο
2579 2984 2673 3037 καὶ
2696 2983 3096 3038 κατεσκεύασεν
3124 2984 3408 3056 ἄνθρωπον
3440 2986 3580 3040 κατά
3602 2986 3699 3056 τὴν

2129 3075 2269 3128 ἰδέαν
2297 3075 2392 3128 τοῦ
2426 3074 2642 3146 πρώτου
2670 3075 2957 3146 ἀνθρώπου
3001 3076 3234 3138 ἐκείνου,
3269 3077 3363 3129 καὶ
3401 3077 3697 3146 ὲδέσμευσε

2123 3169 2220 3239 τὴν
2247 3167 2425 3240 ψυχὴν
2471 3169 2529 3221 ὲν
2566 3166 2736 3237 αὐτῷ.
2772 3167 2922 3238 Αὕτη
2955 3169 3102 3220 ἐστὶν
3145 3170 3178 3239 ἡ
3214 3167 3316 3239 τῆς
3347 3169 3700 3240 συγκράσεως

2125 3260 2403 3325 ὑπόθεσις.
2435 3261 2556 3315 Ὅτι
2583 3261 2640 3315 δὲ
2668 3257 2796 3326 εἶδε,
2827 3263 3014 3332 φησὶν,
3048 3262 3076 3316 6
3104 3261 3290 3334 Πατὴρ
3324 3263 3352 3315 6
3388 3260 3495 3327 ζῶν
3525 3260 3702 3316 θλιϐο-

2129 3353 2298 3423 μένην
2334 3355 2432 3424 τὴν
2459 3351 2636 3423 ψυχὴν
2663 3355 2722 3405 ἐν
2745 3352 2821 3423 τῷ
2849 3352 3083 3423 σώματι,
3112 3352 3480 3423 εὖσπλαγχνος
3501 3351 3576 3405 ὣν
3607 3354 3701 3406 καὶ

2125 3445 2246 3514 ὲλεή
2256 3463 2389 3515 μων,
2415 3445 2625 3516 ἔπεμψε
2657 3444 2748 3498 τὸν
2775 3443 2901 3497 Υίὸν
2929 3445 3094 3498 αὑτοῦ
3127 3445 3218 3497 τὸν
3245 3445 3598 3516 ἠγαπημένον
3622 3445 3703 3508 είς

2129 3537 2400 3608 σωτηρίαν
2425 3537 2525 3606 τῆς
2551 3537 2749 3607 ψυχῆς.
2781 3536 2879 3589 Διά
2904 3536 3012 3608 γὰρ
3040 3537 3247 3608 ταύτην
3278 3537 3376 3607 τὴν
3410 3537 3700 3608 πρόφασιν,

2127 3629 2222 3682 καὶ
2254 3630 2352 3699 τὴν
2401 3629 2494 3681 τοῦ
2547 3629 2844 3701 Ὠμοφόρου
2895 3628 3230 3682 ἀπεστάλθαι
3281 3629 3441 3682 αὑτὸν
3483 3630 3699 3698 φάσκει.

2127 3721 2239 3774 Καὶ
2267 3721 2435 3775 ἐλθὼν
2464 3724 2492 3774 6
2521 3722 2648 3784 Υἱὸς
2681 3722 3150 3792 μετεσχημάτισεν
3180 3722 3371 3775 ἑαυτὸν
3396 3723 3472 3784 είς
3497 3721 3704 3792 ἀνθρώ-

2128 3829 2230 3865 που
2270 3807 2428 3877 εἶδος,
2475 3813 2569 3865 καὶ
2606 3811 2857 3880 ἐφαίνετο
2896 3816 3006 3874 τοῖς
3048 3811 3350 3879 ἀνθρώποις
3382 3812 3456 3875 ώς
3494 3810 3698 3881 ἄνθρω-

2128 3922 2249 3969 πος,
2280 3906 2374 3958 καὶ
2405 3907 2453 3958 οἱ
2493 3904 2771 3976 ἄνθρωποι
2816 3905 3085 3958 ὑπέλαϐον
3131 3905 3294 3959 αὐτὸν
3321 3903 3700 3975 γεγεννῆσθαι.

2141 3993 2340 4048 Ἐλθὼν
2367 3991 2482 4059 οὖν,
2521 3996 2612 4048 καὶ
2654 3997 2887 4066 ποιήσας
2921 3995 3020 4066 τὴν
3043 3996 3404 4067 δημιουργίαν
3437 3995 3572 4064 πρὸς
3603 4011 3706 4047 σω-

2130 4087 2324 4157 τηρίαν
2353 4086 2461 4138 τῶν
2501 4085 2827 4158 ἀνθρώπων,
2871 4088 3119 4157 μηχανὴν
3160 4089 3524 4158 συνεστήσατο
3554 4087 3706 4157 έχου-

2132 4197 2232 4234 σαν
2257 4179 2462 4233 δώδεκα
2507 4181 2721 4244 κάδους,
2752 4182 2894 4251 ἥτις,
2925 4181 3030 4234 ὑπὸ
3066 4182 3165 4252 τῆς
3205 4181 3438 4251 σφαίρας
3478 4198 3696 4251 στρεφοα

2135 4271 2292 4340 μένη,
2343 4273 2606 4341 ἀνιμᾶται
2653 4271 2762 4325 τῶν
2809 4271 3152 4342 θνησκόντων
3193 4272 3290 4334 τὰς
3351 4271 3546 4341 ψυχάς.
3596 4273 3706 4325 Καὶ

2059 4397 2103 4452 D
2132 4363 2334 4426 ταύτας
2373 4365 2402 4415 6
2445 4363 2616 4432 μέγας
2651 4363 2879 4434 φωστὴρ
2910 4367 3031 4426 ταῖς
3077 4365 3257 4416 ἀκτῖσι
3300 4363 3497 4425 λαϐὼν,
3536 4365 3707 4416 καθα-

2135 4454 2293 4525 ρίζει,
2330 4457 2424 4508 καὶ
2475 4455 2796 4524 μεταδίδωσι
2842 4459 2909 4526 τῇ
2975 4457 3202 4530 σελήνῃο
3241 4458 3333 4510 καὶ
3383 4456 3526 4510 οὕτω
3568 4458 3706 4526 πλη-

2135 4545 2317 4616 ροῦται
2342 4547 2438 4616 τῆς
2485 4547 2713 4618 σελήνης
2737 4549 2766 4601 6
2806 4548 3011 4612 δίσκος,
3043 4551 3072 4602 6
3116 4549 3247 4620 παρ’
3273 4551 3402 4619 ἡμῖν
3431 4565 3703 4622 προσαγος

2136 4639 2258 4708 ρευό
2266 4655 2447 4708 μενος.

2201 4731 2284 4782 N'.
2318 4731 2430 4782 Kal.
2456 4731 2588 4801 ὁρᾷς
2633 4731 2771 4801 πόση
2810 4730 3001 4783 τούτου
3035 4731 3129 4785 τοῦ
3175 4732 3369 4802 γόητος
3399 4733 3432 4802 ή
3461 4731 3705 4804 ληρώδης

2133 4820 2391 4891 φλυαρία,
2423 4823 2516 4875 xa‘t
2561 4822 2733 4893 μέθης
2761 4821 2934 4893 λήθη;
2963 4823 3043 4876 Τὰ
3075 4821 3183 4893 γὰρ
3228 4824 3319 4876 ὑπ’
3347 4824 3512 4876 αὑτοῦ
3557 4824 3708 4892 λεγό-

2135 4929 2272 4982 μενα
2304 4914 2385 4976 είς
2438 4912 2609 4984 λήθην
2654 4914 2997 4984 μεταδίδωσι,
3031 4915 3126 4968 καὶ
3174 4915 3272 4968 ὅσα
3311 4915 3459 4967 δοκεῖ
3506 4915 3707 4983 λέγειν,

2136 5003 2549 5074 μετασκευάζει,
2603 5006 2699 5058 καὶ
2742 5005 3123 5070 ἀνασκευάζει,
3165 5007 3234 5059 τά
3279 5006 3386 5059 ἴδια
3427 5007 3709 5059 καταλύων

2131 5095 2398 5166 δόγματα.
2432 5095 2655 5148 Ἀλλοτε
2689 5096 2789 5167 μὲν
2811 5096 2984 5158 ἄλλως
3011 5097 3106 5150 καὶ
3137 5097 3311 5160 άλλως
3335 5097 3706 5168 διηγούμενος,

2134 5189 2224 5240 καὶ
2258 5187 2324 5241 τὰ
2358 5188 2559 5260 ὕστερα
2591 5189 2658 5242 τὰ
2686 5189 2876 5259 πρῶτα
2904 5189 3183 5251 καταλύει,
3213 5192 3304 5243 καὶ
3332 5189 3367 5243 ἃ
3393 5191 3448 5242 ἐν
3478 5190 3708 5260 πρώτοις

2133 5279 2448 5342 κατέλυσεν,
2491 5275 2647 5342 αὖθις
2696 5279 2856 5333 πάλιν
2901 5280 3190 5350 οἰκοδομεῖ,
3233 5279 3352 5351 [ὡς]
3403 5279 3488 5332 ἵνα
3538 5279 3707 5350 δείξῃ,

2133 5368 2216 5420 ὅτι
2248 5369 2340 5436 ἀφ’
2368 5369 2389 5399 ³
2420 5369 2614 5422 ἑαυτοῦ
2648 5371 2709 5421 οὐ
2759 5369 3115 5438 καθέστηκεν,
3153 5369 3288 5424 ἀλλὰ
3329 5370 3434 5422 ὑπὸ
3468 5369 3702 5438 πνεῦμα·

2133 5473 2225 5519 τος
2255 5456 2952 5528 ἀκαθάρτου’ὲλαυνόμενος
2985 5458 3120 5512 ἄλλα
3168 5457 3280 5511 ἀντ’
3310 5458 3484 5511 ἄλλων
3511 5458 3698 5528 διηγεῖ-

2113 5543 2245 5613 ται,
2287 5547 2534 5620 καθάπερ
2566 5551 2612 5602 οἱ
2649 5548 3064 5621 φρενητιῶντες.
3106 5551 3259 5603 Ἤτοι
3302 5549 3410 5618 γὰρ
3440 5548 3536 5620 τὴν
3573 5566 3698 5620 παρ·
