4076 6392
337 269 446 325 {-35

999 263 1372 324 ADVERSUS
1412 224 1753 322 "maestas
1784 265 1911 322 LIB.
1947 264 2011 321 ll.
2051 265 2216 323 Ton.
2253 266 2315 324 ιι.
2356 299 2426 311 -
2456 268 2733 324 amnes.
2774 269 2959 324 um.

3491 274 3593 332 106

333 389 530 444 ουσίαν
570 387 716 455 λέγει
753 386 848 442 τοῦ
879 388 1085 458 Κυρίου
1111 388 1266 460 ἡμῶν
1295 389 1469 459 Ἰησοῦ
1497 386 1756 458 Χριστοῦ,
1788 387 1923 457 μετὰ

2032 387 2406 460 quitttr,663
2425 391 2583 444 annis
2620 390 2708 443 ille
2729 390 2912 444 multis
2942 397 3124 458 postea
3152 388 3395 459 contigit,
3427 406 3591 461 quam

336 481 513 534 πολλὰ
562 479 657 552 ἐτη
705 479 800 534 τοῦ
852 479 1105 549 γενέσθαι
1155 482 1280 543 τοὺς
1327 483 1638 552 φωστῆρας,
1691 476 1920 552 ἦλθενῄ

337 573 638 644 παρουσία,
669 571 764 624 καὶ
797 571 935 642 μετὰ
969 571 1064 640 τὴν
1096 572 1224 644 παρ’
1259 571 1406 641 αὐτῷ
1447 571 1691 642 μηχανὴν
1724 573 1921 626 καλου-

340 665 515 738 μένην
555 663 664 716 τῶν
696 662 904 718 δώδεκα
945 662 1142 716 κάδων.
1185 664 1295 716 ’Δεὶ
1337 663 1445 733 γὰρ
1489 665 1546 718 ὲν
1591 664 1806 734 οὐρανῷ
1838 660 1924 728 ἐξ·

334 757 467 815 ὀτου
496 756 692 825 γέγονε
739 755 995 825 τυγχάνει
1021 755 1091 808 τὰ
1117 755 1314 825 ἄστρα,
1353 756 1470 825 ἦτοι
1515 758 1752 824 στοιχεῖα
1785 754 1926 808 αὐτὰ

336 848 530 901 καλεῖν
562 847 861 916 βούλονται,
909 848 1024 919 ἦτοι
1058 847 1404 917 διαστήματα
1430 845 1525 900 τοῦ
1570 845 1802 916 οὐρανοῦ
1831 846 1926 899 καὶ

338 937 543 1007 μέτρα,
571 939 756 1007 Ὅμως
785 937 894 991 ἀπὸ
921 937 1188 1008 τετάρτης
1211 937 1426 1010 ἡμέρας
1443 937 1544 1008 τῆς
1571 939 1926 1008 κοσμοποιίας

333 1028 409 1084 τὰ
443 1028 626 1083 πάντα
652 1029 833 1092 καλῶς
867 1029 1146 1092 τέτακται,
1181 1031 1281 1082 οὐκ
1318 1033 1399 1093 είς
1437 1029 1642 1100 βλάϐην
1684 1032 1792 1084 τῶν
1820 1033 1925 1086 ὑπὸ

335 1121 476 1174 Θεοῦ
510 1121 934 1192 κυριευομένων.
976 1121 1041 1173 Ἦ
1069 1121 1125 1173 δὲ
1154 1121 1248 1175 τοῦ
1286 1122 1522 1194 Χριστοῦ
1567 1124 1837 1195 παρουσία
1867 1127 1924 1178 ἐν

336 1213 422 1288 τῷ
467 1213 942 1283 πεντεκαιδεκάτῳ
971 1211 1079 1266 ἔτει
1109 1211 1363 1285 Τιϐερίου
1408 1214 1686 1288 Καίσαρος
1723 1214 1925 1287 ἤρξατο

335 1286 438 1358 τοῦ
470 1305 845 1376 κηρύγματος,
872 1303 1009 1375 μετὰ
1024 1306 1342 1374 τριακοστὸν
1359 1307 1476 1369 ἔτος
1495 1286 1779 1378 τῆς-αὐτοῦ
1804 1324 1925 1375 γεν-

336 1399 575 1464 νήσεως,
624 1397 758 1466 ὅπερ
807 1399 1049 1466 κατήντα
1094 1398 1176 1459 είς
1231 1399 1762 1469 πεντακισχιλιοστὸν
1813 1399 1922 1469 (55)

339 1487 790 1542 πεντακοσιοστδν
850 1487 1034 1538 ἔνατον
1090 1487 1209 1552 ἔτος
1260 1490 1358 1560 τῆς
1405 1490 1778 1560 κοσμοποιίας,
1831 1490 1924 1542 καὶ

331 1579 660 1651 τριακοστὸν
692 1580 789 1649 τῆς
818 1578 982 1632 αὐτοῦ
1015 1581 1256 1650 ἡλικίας,
1290 1583 1609 1654 τριακοστὸν
1638 1582 1695 1634 δὲ
1741 1581 1922 1652 τρίτον

334 1673 446 1734 ἕως
473 1670 569 1724 τοῦ
599 1671 852 1742 σταυροῦ.
891 1671 1014 1735 Πῶς
1039 1667 1130 1724 οῦν
1160 1672 1268 1725 ἀπὸ
1297 1670 1520 1742 πρώτης
1543 1671 1718 1725 ταῦτα
1741 1673 1799 1724 ὲν
1831 1674 1922 1724 οὐ-

338 1762 494 1832 ρανῷ
526 1762 760 1832 ὑπῆρχε,
804 1763 1090 1832 φωστῆρες
1119 1781 1177 1815 τε
1207 1764 1300 1816 καὶ
1325 1765 1535 1834 ἄστρα;
1577 1765 1639 1817 Εἰ
1666 1765 1721 1817 δὲ
1750 1764 1920 1832 λέγει,

336 1855 459 1924 Πρὸ
494 1854 686 1907 τούτου
723 1855 893 1908 ἐλθὼν
929 1857 1147 1927 ἐποίησε
1180 1855 1376 1917 ταῦτα,
1421 1856 1721 1924 ἀσύστατος
1757 1856 1921 1912 αὐτοῦ

336 1949 374 2017 ἡ
414 1947 671 2018 φλυαρία.
718 1949 853 2020 Πρὶν
878 1948 986 2018 γὰρ
1024 1948 1118 2006 τοῦ
1165 1944 1304 2003 εἶναι
1348 1949 1635 2020 ἄνθρωπον
1684 1951 1776 2003 ἐπὶ
1823 1951 1923 2020 τῆς

335 2041 468 2110 γῆς,
503 2041 748 2109 ἐγένοντο
772 2041 838 2095 τὰ
867 2042 987 2095 κατ’
1016 2042 1179 2095 αὐτὸν
1213 2042 1522 2113 καλούμενα
1547 2046 1808 2113 στοιχεῖα,
1833 2044 1925 2097 καὶ

332 2133 390 2184 οἱ
424 2130 633 2183 δώδεκα
680 2132 855 2201 μάτην
887 2130 1209 2202 καλούμενοι
1257 2130 1432 2194 κάδοι,
1471 2131 1564 2183 καὶ
1595 2132 1630 2201 ἡ
1685 2129 1922 2200 μηχανὴ,

334 2225 410 2292 ἢν
433 2222 682 2293 βούλεται
714 2227 1051 2294 χαριπικοῖς
1093 2223 1319 2294 ὀνόμασι
1359 2222 1646 2292 φαντάζειν
1676 2223 1803 2286 τοὺς
1834 2221 1923 2274 ὑπ’

332 2311 510 2365 αὐτοῦ
542 2312 1009 2383 πεπλανημένους.

413 2496 546 2549 NA’.
583 2495 756 2549 Havet
797 2494 906 2566 γὰρ
953 2494 1031 2566 τῷ
1085 2494 1298 2548 σύνεσιν
1342 2497 1661 2568 κεκτημένῳ
1697 2500 1926 2566 φανερόν

334 2586 492 2637 ἐστιν
525 2584 618 2637 ἀπ’
651 2584 818 2654 αὐτῆς
837 2584 936 2654 τῆς
958 2585 1177 2655 Γραφῆς
1198 2586 1291 2638 καὶ
1323 2586 1776 2650 ἀκολουθίας,ὃτι,
1797 2592 1927 2659 πρὶν

337 2675 438 2728 τοῦ
469 2674 772 2744 πλασθῆναι
797 2675 890 2728 τὸν
942 2675 1112 2746 Ἀδὰμ
1144 2676 1234 2730 τὸν
1269 2679 1691 2749 πρωτόπλαστον
1720 2680 1928 2751 ἅνθρω-

339 2783 469 2829 πον,
505 2769 790 2835 γεγόνασιν
819 2768 875 2821 ἐν
899 2771 965 2838 τῇ
992 2768 1224 2839 τετάρτῃ
1252 2771 1436 2842 ἡμέρᾳ
1464 2773 1663 2836 πάντες
1688 2775 1737 2828 οἱ
1769 2774 1929 2827 tio-13'-

343 2875 442 2928 ρες
491 2861 586 2914 καὶ
627 2861 677 2912 οἱ
725 2859 1036 2930 φωστῆρες.
1076 2855 1244 2924 Οὗτος
1286 2861 1341 2914 δὲ
1385 2862 1555 2930 λέγει,
1602 2864 1682 2920 ὅτι
1734 2861 1926 2928 Ἦλθε,

343 2949 507 3018 φησὶ,
541 2946 762 3020 ποιῆσαι
807 2950 934 3012 τοὺς
974 2949 1180 3010 δώδεκα
1213 2953 1407 3016 κάδους
1449 2956 1506 3012 ὲν
1557 2953 1670 3025 ἰδέᾳ
1717 2953 1926 3025 ἀνθρώ-

342 3057 454 3094 που
479 3081 496 3106 ,
545 3042 640 3100 καὶ
678 3043 931 3111 ἐφαίνετο
966 3047 1079 3107 τοῖς
1120 3044 1427 3115 ἀνθρώποις
1472 3046 1772 3118 ἄνθρωπος,
1823 3049 1926 3102 κᾶν
1955 3070 1996 3128 c

341 3132 582 3202 ἀγνοῶν,
613 3133 764 3206 [κᾶν]
793 3135 889 3206 τὴν
918 3136 975 3202 ἐξ
1006 3137 1258 3208 ὑπαρχῆς
1287 3140 1690 3211 γεγεννημένην
1720 3142 1929 3194 οἰκονο-

346 3227 484 3298 μίαν
515 3225 727 3296 νομίζει
764 3245 816 3280 τι
860 3227 1061 3295 λέγειν,
1109 3229 1199 3282 καὶ
1231 3229 1306 3292 ὡς
1348 3230 1546 3298 τυφλὸς
1582 3231 1772 3285 ἑαυτὸν
1804 3231 1930 3300 ἁδη-

339 3319 462 3388 γῶν
489 3322 602 3382 τοῖς
652 3319 742 3378 ὑπ’
773 3318 939 3378 αὑτοῦ
969 3319 1296 3387 τυφλωθεῖσι
1329 3321 1397 3374 τὰ
1432 3320 1816 3390 προχωροῦντα
1852 3325 1930 3384 εἰς

339 3411 641 3481 ψεύσματα
688 3411 999 3481 ὑφηγεῖται.
1050 3409 1344 3481 Παρούσης
1393 3411 1449 3464 δὲ
1502 3411 1598 3481 τῆς
1650 3411 1928 3482 ἀληθείας,

341 3502 442 3554 καὶ
480 3499 804 3570 ἀνοιγούσης
834 3500 903 3552 τὰ
931 3499 1155 3571 ὅμματα
1183 3499 1272 3553 διὰ
1301 3501 1408 3554 τῶν
1443 3501 1701 3566 συνετῶν,
1729 3504 1808 3565 εἰς
1837 3502 1931 3570 γέ-

341 3592 494 3646 λωτα
528 3591 684 3662 φέρει
710 3591 810 3662 τὴν
839 3591 1004 3648 αὐτοῦ
1046 3591 1335 3663 ληρωδίαν.
1373 3593 1554 3656 Ποίοις
1582 3592 1690 3664 γὰρ
1719 3593 1932 3664 ἀνθρώ-

343 3700 474 3749 ποις
501 3684 751 3752 ἐφαίνετο
773 3686 885 3739 τοῖς
914 3683 988 3754 μὴ
1019 3685 1355 3754 ὑπάρχουσις
1391 3684 1514 3748 Πῶς
1545 3685 1602 3738 δὲ
1635 3687 1690 3738 ὲν
1719 3685 1932 3756 ἀνθρώ-

347 3792 457 3830 που
491 3775 746 3844 ἐφαίνετο
788 3775 923 3846 ἰδέᾳ,
967 3777 995 3828 ὁ
1033 3775 1111 3846 μὴ
1155 3774 1335 3828 λαϐὼν
1367 3775 1563 3846 σῶμα;
1599 3779 1710 3833 Καὶ
1741 3780 1788 3832 εἰ
1835 3779 1933 3849 μὲν

345 3869 414 3926 ὲν
440 3869 508 3936 τῇ
544 3866 791 3936 ἐνσὰρκῳ
826 3867 1095 3937 παρουσίᾳ
1125 3865 1360 3937 ἐπλήρου
1393 3867 1551 3920 τοῦτο
1588 3869 1930 3939 φαινόμενος,

345 3959 446 4012 καὶ
481 3957 557 4029 μὴ
591 3957 686 4020 ὢν,
719 3957 938 4024 δόκησις
969 3959 1078 4028 ἄρα
1116 3953 1184 4028 ἧν
1223 3957 1290 4012 τὰ
1323 3959 1641 4029 πράγματα.
1677 3961 1818 4030 Ἀρα
1842 3957 1933 4014 οὖν

344 4050 416 4102 οὐ
448 4048 708 4118 πέφηνεν,
742 4049 862 4102 οὐδὲ
895 4045 1076 4119 ἦλθεν.
1113 4051 1176 4102 Ei
1205 4050 1312 4121 γὰρ
1352 4050 1519 4103 ἐλθὼν
1547 4051 1646 4111 οὐκ
1689 4047 1778 4122 ἦν,
1815 4053 1933 4106 οὐδὲ

342 4135 518 4209 ἦλθεν
563 4140 658 4193 ἀπ’
705 4141 896 4213 ἀρχῆς.
943 4141 1006 4193 Et
1053 4140 1110 4193 δὲ
1159 4140 1438 4211 ἐνομίζετο
1491 4143 1588 4211 μὲν
1627 4142 1931 4212 ἄνθρωπος,

345 4233 454 4287 οὐκ
480 4227 550 4302 ἦν
590 4231 647 4284 δὲ
689 4231 992 4302 ἄνθρωπος,
1032 4231 1086 4286 τί
1136 4231 1198 4285 τὸ
1246 4231 1452 4303 ὲπῆξαν
1477 4234 1492 4263 ¹
1533 4233 1621 4286 τὸν
1657 4232 1750 4288 τοῦ
1798 4234 1933 4288 Θεοῦ

345 4325 527 4391 Λόγον
557 4322 841 4392 ἄνθρωπον
877 4322 1109 4394 φανῆναι
1143 4323 1217 4394 μὴ
1245 4321 1400 4386 him;
1421 4323 1483 4374 Εί
1518 4323 1591 4393 μή
1622 4339 1674 4376 τι
1706 4324 1811 4376 ἀπὸ
1842 4325 1932 4381 δα.

2026 487 2119 532 aut
2143 479 2320 533 sidera
2359 478 2627 548 producta
2659 488 2810 539 sunt,
2847 487 2940 536 aut
2968 479 3058 532 illa
3089 479 3464 533 duodenorum
3500 496 3594 539 ca-

2024 568 2218 624 dorum
2248 570 2499 622 machina
2527 570 2755 628 exstitit.
2789 569 2867 623 Ex
2897 585 3006 640 quo
3041 572 3184 626 enim
3214 578 3359 624 astra
3394 571 3596 640 produ-

2025 668 2111 713 cta
2143 669 2290 723 sunt,
2328 661 2380 719 in
2413 661 2552 715 caelo
2575 669 2835 730 perpetuo
2871 661 3110 727 fuerunt,
3143 661 3257 718 sive
3287 663 3475 720 eadem
3504 665 3593 722 illa

2026 754 2220 808 malint
2249 755 2539 820 elementa,
2578 756 2692 810 sive
2725 756 2848 810 cceli
2885 757 3058 826 spatia
3091 771 3154 813 ac
3185 773 3472 815 mensuras
3500 774 3597 828 ap-

2027 845 2250 915 pellare.
2290 845 2578 916 Uteunque
2602 848 2691 910 sit,
2723 863 2788 901 ex
2813 858 3004 916 quarta
3033 849 3326 903 creationis
3350 849 3437 904 die
3459 849 3597 904 bene

2025 939 2326 992 constituta
2374 949 2500 994 sunt
2554 939 2766 1001 omnia,
2815 940 3058 1010 nihilque
3097 943 3162 997 ad
3204 958 3426 1004 eorum,
3474 959 3597 1012 quae

2026 1030 2129 1087 sub
2155 1029 2250 1085 Dei
2277 1029 2482 1086 ditione
2515 1039 2663 1094 sunt,
2695 1032 2989 1100 perniciem
3007 1041 3089 1088 est
3113 1033 3336 1088 factum.
3371 1033 3439 1089 At
3470 1050 3598 1091 vero

2025 1121 2279 1178 Christus
2324 1129 2443 1191 post
2485 1139 2644 1178 suum
2685 1124 2741 1178 in
2794 1123 2940 1178 hunc
2989 1125 3252 1178 mundum
3304 1125 3594 1184 adventum

2026 1224 2170 1264 anno
2201 1210 2414 1266 decimo
2434 1213 2626 1281 quinto
2659 1211 2862 1268 Tiberii
2889 1216 3121 1272 Caesaris
3154 1215 3594 1285 praedicationem

2023 1316 2258 1357 exorsus
2302 1309 2409 1366 est,
2440 1312 2565 1374 post
2594 1319 2797 1359 annum
2843 1320 2872 1358 a
2906 1307 3187 1364 nativitate
3232 1307 3594 1370 tricesimum,

2023 1393 2117 1462 qui
2165 1393 2219 1446 in
2264 1393 2556 1464 quinquies
2600 1384 2946 1450 millesimum
2991 1411 3055 1452 ac
3099 1397 3594 1466 quingentesimum

2023 1499 2228 1540 nonum
2263 1500 2465 1544 annum
2499 1486 2702 1543 conditi
2736 1488 2884 1543 orbis
2915 1488 3166 1550 incurrit,
3210 1496 3401 1558 estque
3435 1489 3599 1544 trice-

2025 1575 2220 1637 simus,
2255 1576 2332 1632 uti
2367 1576 2500 1640 dixi,
2531 1577 2707 1632 aetatis
2742 1577 2888 1634 illius
2913 1593 3126 1644 annus;
3159 1593 3282 1635 nam
3323 1578 3597 1636 tricesimo

2025 1669 2187 1723 tertio
2217 1668 2270 1720 in
2305 1683 2524 1723 crucem
2560 1676 2716 1724 actus
2745 1676 2848 1725 est.
2888 1669 3120 1736 Quinam
3162 1671 3326 1740 igitur
3353 1671 3464 1726 fieri
3495 1686 3594 1741 po-

2025 1766 2150 1822 test,
2181 1765 2239 1812 ut
2281 1758 2392 1814 haec
2415 1759 2468 1812 in
2507 1760 2645 1818 coelo
2671 1760 2938 1830 principio
2961 1759 3182 1827 fuerint,
3214 1762 3422 1830 majora
3450 1762 3600 1819 vide~

2025 1850 2153 1904 licet
2195 1850 2517 1920 minoraque
2565 1851 2784 1908 sidera?
2838 1850 2894 1906 Si
2940 1860 3066 1908 ante
3102 1853 3206 1908 hoc
3245 1861 3460 1922 tempus
3509 1870 3598 1910 ve-

2026 1941 2194 2002 nisse.
2231 1949 2394 2010 atque
2419 1942 2508 1996 illa
2539 1941 2867 2018 produxisse
2897 1943 3066 2008 dicat,
3113 1960 3222 1998 non
3249 1952 3429 2014 potest
3452 1945 3600 2001 illius

2032 2031 2216 2088 fabula
2242 2035 2565 2089 consistere.
2592 2033 2805 2089 Etenim
2845 2036 3160 2105 priusquam
3193 2036 3247 2092 in
3266 2038 3430 2091 terris
3457 2050 3602 2094 esset

2029 2124 2212 2189 homo,
2240 2141 2362 2195 qum
2401 2127 2634 2196 appellat
2668 2127 2936 2185 elementa
2969 2129 3231 2198 producta
3262 2128 3456 2193 fuisse,
3483 2146 3602 2201 per-

2027 2215 2264 2288 indeque
2301 2225 2357 2273 et
2392 2234 2562 2276 vanos
2608 2219 2733 2275 illos
2775 2221 2944 2278 cados
2995 2222 3300 2292 molemque
3341 2223 3601 2286 defendit,

2027 2325 2188 2378 quam
2219 2310 2482 2379 jucundis
2513 2311 2839 2380 quibusdam
2866 2314 3327 2383 appellationibus
3360 2317 3481 2372 ideo
3511 2318 3606 2372 de-

2028 2397 2240 2462 scribit,
2279 2407 2338 2454 ut
2369 2414 2399 2453 a
2427 2416 2486 2455 se
2517 2399 2758 2470 deceptis
2789 2402 3102 2458 hominibus
3134 2405 3346 2459 illudat.

2099 2487 2186 2543 LI.
2229 2488 2365 2544 Nam
2421 2506 2490 2546 ex
2535 2492 2654 2562 ipsa
2679 2493 2989 2548 divinarum
3031 2494 3437 2566 Scripturarum
3464 2499 3607 2553 serie

2028 2581 2255 2636 cuilibet
2307 2569 2565 2652 prudenti
2604 2583 2958 2641 manifestum
3003 2593 3108 2649 est,
3160 2594 3452 2656 ant-equam
3494 2589 3608 2658 pri-

2030 2687 2155 2728 mus
2189 2681 2378 2729 noster
2415 2689 2612 2743 parens
2654 2674 2901 2732 Adamus
2939 2691 2968 2729 a
3003 2675 3112 2732 Deo
3143 2676 3491 2742 formaretur,
3519 2678 3607 2734 die

2031 2771 2229 2834 quarto
2258 2780 2382 2819 cum
2412 2765 2619 2834 reliqua
2649 2765 2851 2831 sidera,
2890 2775 3004 2825 tum
3041 2769 3246 2838 majora
3268 2770 3377 2823 duo
3401 2770 3605 2838 produ-

2030 2861 2140 2910 cta.
2170 2854 2240 2912 At
2273 2855 2365 2910 ille
2398 2873 2411 2909 :
2443 2854 2628 2919 Venit,
2673 2857 2868 2926 inquit,
2898 2856 3179 2916 duodenos
3216 2869 3276 2914 ut
3323 2860 3492 2917 cados
3524 2861 3574 2915 fa

2031 2945 2292 3009 bricaret,
2340 2946 2442 3002 sub
2473 2946 2714 3006 hominis
2758 2951 2960 3017 specie,
3004 2959 3168 3020 atque
3195 2952 3464 3020 ejusmodi
3515 2955 3593 3007 lio.

2030 3040 2266 3096 minibus
2295 3042 2562 3112 apparuit.
2596 3043 2652 3096 In
2687 3059 2796 3113 quo
2833 3052 3000 3100 totam
3041 3046 3186 3102 illam
3217 3046 3609 3105 incarnationis

2036 3131 2563 3190 administrationem
2608 3135 2870 3205 ignorans
2915 3136 3097 3192 dicere
3144 3153 3204 3193 se
3251 3141 3608 3200 nihilominus

2037 3224 2242 3295 aliquid
2289 3226 2604 3291 existimat;
2652 3241 2717 3281 ac
2755 3227 2902 3282 velut
2933 3243 3114 3284 caicus
3142 3231 3494 3301 semetipsum
3535 3238 3610 3286 di-

2035 3316 2220 3387 rigens
2246 3315 2313 3371 iis
2339 3331 2572 3386 quorum
2613 3317 2826 3372 animos
2865 3317 3179 3382 obcaecavit,
3218 3321 3422 3390 reliqua
3455 3323 3609 3378 dein-

2037 3423 2167 3479 ceps
2212 3407 2495 3462 mendacia
2537 3407 2812 3463 narrando
2857 3408 3110 3479 pertexit.
3156 3409 3281 3466 Mox
3326 3424 3505 3470 autem
3548 3428 3608 3471 ut

2037 3499 2232 3557 adesse
2262 3499 2467 3554 veritas
2492 3499 2676 3569 εωρὶι,
2700 3507 2754 3555 et
2784 3501 3108 3569 sapientium
3138 3503 3382 3558 virorum
3407 3506 3608 3563 beneﬁ-

2038 3591 2124 3644 cio
2153 3591 2342 3646 oculos
2370 3591 2603 3661 aperire,
2638 3599 2750 3648 tota
2783 3593 2895 3646 haec
2925 3592 3107 3646 fabula
3136 3594 3191 3647 in
3224 3595 3398 3652 risum
3430 3613 3494 3652 ac
3526 3600 3610 3652 lu-

2038 3681 2275 3742 dibrium
2308 3682 2648 3737 dissolvitur.
2679 3680 2889 3747 Quibus
2932 3683 3078 3741 enim
3115 3685 3332 3740 tandem
3374 3687 3612 3743 homini-

2039 3773 2163 3837 bus,
2213 3774 2305 3844 qui
2353 3774 2489 3827 nulli
2535 3782 2711 3839 erant,
2766 3788 3026 3843 apparere
3071 3777 3284 3843 potuit?
3325 3777 3610 3843 Quomodo

2039 3881 2169 3922 vero
2221 3867 2462 3920 hominis
2511 3867 2693 3936 specie
2740 3867 2911 3921 videri
2967 3876 3201 3936 poterat,
3262 3871 3354 3938 qui
3398 3874 3606 3926 nullum

2039 3973 2239 4026 corpus
2274 3958 2557 4012 induerat?
2596 3957 2673 4012 Ac
2714 3959 2926 4021 situm,
2977 3976 3099 4014 cum
3150 3976 3316 4016 carne
3351 3965 3613 4032 praeditus

2040 4051 2283 4115 advenit,
2319 4047 2543 4118 perfecit
2574 4050 2727 4116 illud,
2763 4059 2821 4104 ut
2845 4052 2988 4121 quod
3018 4067 3127 4106 non
3159 4063 3277 4106 erat
3305 4069 3427 4110 esse
3458 4056 3610 4109 vide-

2041 4151 2212 4208 retur,
2259 4149 2432 4195 totum
2481 4143 2614 4196 illud
2661 4144 2937 4213 negotium
2997 4145 3131 4198 nihil
3176 4147 3364 4200 habuit
3414 4156 3611 4218 praeter

2039 4234 2352 4304 opinionem
2391 4249 2454 4288 ac
2499 4235 2779 4304 speciem:
2819 4251 2990 4304 quare
3024 4245 3201 4306 neque
3244 4241 3494 4308 apparuit
3524 4257 3612 4293 nn-

2042 4339 2149 4390 que
2185 4326 2353 4378 venit.
2400 4323 2535 4378 Nam
2572 4325 2619 4379 si
2651 4325 2871 4393 quando
2906 4328 3053 4380 venit
3089 4344 3144 4380 re
3176 4328 3287 4396 ipsa
3324 4344 3432 4383 non
3469 4340 3606 4386 erat.

345 4415 584 4471 νειστῶν
629 4415 919 4484 ἑλκόμενος
950 4413 1208 4484 ἠϐούλετο
1241 4415 1430 4467 ἑαυτὸν
1465 4415 1930 4484 σχηματοποιῆσαι

2043 4430 2112 4469 ne
2147 4415 2365 4470 venisse
2415 4416 2636 4487 quidem
2694 4415 2959 4470 dicendus
3005 4425 3109 4471 est.
3151 4419 3315 4489 685,
3355 4419 3510 4485 Quod
3566 4420 3615 4476 sl

351 4508 524 4569 ἰδέαν,
558 4506 643 4559 ἴνα
682 4505 886 4577 δυνηθῇ
923 4505 1105 4559 λαθεῖν
1155 4507 1281 4568 τοὺς
1323 4505 1483 4559 αὑτὸν
1521 4504 1930 4575 ἐπιζητοῦντας.
1970 4531 1980 4539 τ

348 4601 421 4652 Εἰ
447 4599 507 4651 δὲ
541 4599 636 4651 καὶ
667 4598 936 4667 ἐφαίνετο,
980 4599 1075 4652 καὶ
1105 4599 1206 4650 οὐκ
1248 4593 1338 4668 ἦν,
1373 4597 1503 4650 ποία
1530 4613 1613 4660 τις
1638 4593 1704 4668 ἦν
1731 4597 1870 4667 αὕτη
1900 4599 1936 4667 ἡ

347 4689 620 4759 ἀλήθεια;
667 4689 756 4744 Ἐν
784 4688 1012 4760 ἀληθείᾳ
1039 4688 1147 4759 γὰρ
1181 4690 1283 4742 οὐκ
1309 4687 1386 4741 ἔνι
1417 4688 1657 4758 ψεῦσμα,
1683 4690 1759 4752 ὡς
1787 4689 1935 4756 λέγει

349 4780 488 4850 τὲερὶ
527 4779 692 4832 αὑτοῦ
718 4781 746 4831 ὁ
779 4779 1120 4850 Μονογενήςο
1155 4779 1236 4831 ὅτι
1279 4777 1426 4847 Ἐγώ
1456 4781 1572 4847 εἰμι
1613 4779 1650 4846 ἠ
1684 4779 1935 4844 ἀλήθεια

347 4870 456 4924 καὶ
481 4872 522 4934 ἡ
557 4869 688 4937 ζωή.
736 4871 800 4923 Ἥ
831 4871 889 4924 δὲ
917 4869 1029 4941 ζωὴ
1056 4869 1282 4924 θάνατον
1306 4871 1405 4924 οὐκ
1434 4869 1566 4941 ἔχει.
1604 4871 1714 4924 Καὶ
1743 4872 1776 4941 ἡ
1801 4871 1936 4942 ἀλή-

426 5026 446 5057 ¹
471 5025 599 5080 Cor.
633 5024 875 5090 ὲπεῖξαν.

429 5180 543 5249 (55)
566 5180 747 5248 Ὅπερ
795 5180 1061 5248 κατήντα
1085 5182 1173 5246 εἰς
1215 5182 1842 5250 πεντακισχίλιοστόν.
1876 5179 1934 5232 Si

344 5251 616 5305 Christus
651 5265 796 5303 anno
829 5253 1006 5312 aetatis,
1037 5267 1144 5304 xxx
1174 5252 1480 5319 baptizatus
1533 5261 1637 5312 est,
1689 5252 1844 5319 isque
1903 5266 1936 5304 ιι

350 5321 548 5373 tnnndi
604 5320 830 5374 conditu
880 5321 1040 5374 fuerit
1094 5320 1233 5375 5509
1280 5336 1479 5378 annus.
1536 5332 1695 5375 natus
1733 5321 1838 5374 erit
1869 5335 1932 5374 ex

353 5389 649 5456 liptplianii
681 5393 974 5456 sententia,
1006 5405 1150 5444 anno
1195 5392 1382 5444 mundi
1421 5390 1580 5445 5580.
1632 5392 1822 5444 Varias
1869 5406 1934 5442 ex

349 5458 799 5515 LXXseniornm
854 5462 1156 5514 ratiociniis
1225 5475 1492 5514 annorum
1559 5475 1802 5514 summas
1869 5460 1939 5513 ab

349 5533 487 5584 orbe
521 5529 750 5582 condito
800 5532 1058 5584 collectas
1106 5529 1280 5584 fuisse
1309 5529 1482 5584 Graeci
1519 5531 1935 5593 demonstrant;

349 5615 481 5655 nam
519 5607 719 5671 praeter
748 5601 889 5671 hanc
913 5598 1693 5671 Epiphanii.Martyrologium
1731 5601 1930 5671 Bomaf

348 5684 486 5728 nam
533 5669 699 5722 aliam
753 5670 1012 5733 instituit,
1048 5670 1351 5724 secundum
1387 5669 1569 5740 quam
1603 5670 1670 5724 ad
1723 5669 1926 5724 Christi

725 5759 972 5822 Pn‘non
1028 5764 1146 5824 Gn.
1185 5761 1377 5823 XLII.

2041 4503 2203 4561 homo
2233 4519 2354 4560 esse
2376 4505 2721 4566 credebatur,
2757 4521 2857 4558 nec
2884 4520 2943 4559 re
2967 4507 3082 4574 ipsa
3109 4516 3286 4561 tamen
3317 4518 3455 4570 erat,
3479 4512 3608 4579 quid

2039 4603 2159 4648 erat
2190 4596 2334 4664 quod
2371 4595 2613 4652 divinum
2641 4595 2876 4651 Verbum
2911 4606 3125 4666 urgeret
3165 4600 3318 4660 adeo,
3352 4609 3411 4654 ut
3449 4601 3612 4655 homo

2041 4699 2165 4741 cum
2198 4702 2307 4742 non
2346 4695 2493 4742 esset
2521 4691 2847 4756 appareret?
2882 4689 2996 4745 Nisi
3029 4691 3166 4747 forte
3189 4708 3216 4746 a
3250 4695 3614 4750 creditoribus

2042 4786 2294 4842 vexatus,
2341 4794 2482 4834 novo
2523 4780 2626 4834 hoc
2657 4789 2808 4834 cultu
2845 4797 2908 4835 ac
2946 4782 3117 4852 ﬁgura
3148 4785 3496 4841 dissimulare
3528 4804 3614 4842 Se-

2041 4873 2223 4942 ipsum
2267 4873 2449 4938 vellet,
2497 4881 2554 4928 ut
2592 4890 2690 4928 eos
2724 4889 2754 4927 a
2786 4875 2990 4944 quibus
3028 4877 3372 4946 quaerebatur
3401 4881 3610 4936 lateret.

2033 5179 2268 5234 natalem
2300 5179 2429 5232 anni
2465 5187 2826 5232 numerantur
2853 5179 3014 5234 5199.
3066 5180 3270 5236 Prmter
3306 5183 3448 5238 hanc
3500 5191 3612 5237 tres

2037 5251 2174 5303 alias
2195 5251 2376 5321 i_r_t_u_su
2397 5249 2845 5321 essereperimns
2865 5269 2878 5303 :
2899 5253 3071 5320 prima
3093 5265 3310 5321 estquae
3334 5255 3611 5307 Christum

2038 5335 2184 5392 anno
2214 5319 2376 5392 5495,
2411 5319 2497 5371 vel
2523 5317 2683 5392 5494,
2705 5317 3093 5392 natum—putat,
3127 5317 3248 5392 quae
3271 5338 3300 5375 a
3340 5324 3615 5378 nonnullis

2039 5389 2383 5460 Antioeltena
2412 5388 2760 5460 nominatur;
2795 5388 3055 5454 secunda,
3087 5388 3208 5460 quae
3234 5393 3438 5446 Christi
3470 5394 3615 5446 nati-

2039 5461 2261 5532 vitatem
2297 5458 2349 5511 in
2385 5473 2588 5532 annum
2613 5456 2754 5510 5500
2786 5460 3030 5527 conjicit.
3053 5456 3216 5530 quam
3245 5460 3610 5532 zEthiopicam

2042 5530 2351 5596 appellant;
2372 5528 2695 5594 tertia,qua:
2725 5537 2778 5580 et
2806 5533 3048 5583 omnium
3068 5528 3532 5586 celeberrima—est
3561 5539 3615 5583 rt

2042 5599 2424 5658 usitatissima,
2460 5598 2529 5649 ab
2580 5596 2731 5649 orbis
2778 5598 2936 5653 initio
2987 5601 3054 5653 ad
3110 5601 3316 5656 Christi
3375 5604 3610 5654 natalem

2037 5682 2212 5724 annos
2236 5675 2394 5738 putat
2423 5667 2581 5723 5509.
2619 5663 2693 5720 De
2731 5666 2796 5722 iis
2819 5670 2956 5726 alias
2990 5672 3213 5733 uberius
3247 5672 3606 5728 disseremus.

3248 5760 3283 5824 lt
