4076 6392
492 333 593 390 1οἳ

1863 329 1920 383 5.
1961 327 2301 383 EPIPHANII

3634 323 3658 377 l
3668 321 3737 379 (l3

490 449 694 522 Deinde
739 450 786 505 si
818 448 963 520 quod
1013 465 1122 504 non
1165 456 1282 504 erat
1332 463 1454 504 esse
1483 449 1632 504 visus
1662 458 1766 513 est,
1807 465 2055 518 quamam

2166 450 2277 504 θεια
2301 451 2400 503 οὐκ
2429 447 2494 502 ἂν
2526 446 2805 501 ἀλλοίωσιν
2840 445 3119 516 ὑπομένοι,
3149 444 3235 496 ἵνα
3263 442 3338 515 μὴ
3360 441 3457 515 τὴν
3480 441 3737 514 ἀλήθειαν

492 527 851 595 Isaac-veritas
900 540 1042 595 fuit?
1093 540 1260 595 Abest
1310 541 1454 594 enim
1487 555 1517 592 a
1569 541 1796 595 veritate
1838 540 2059 595 menda-

489 634 668 689 cium.
707 647 806 702 pro
832 647 898 687 eo
935 647 1000 686 ac
1037 631 1104 686 de
1157 647 1214 688 se
1257 629 1580 701 Unigenitus
1625 635 1743 701 ipse
1781 639 2009 686 testatur
2041 649 2054 684 :

493 719 602 792 Ego
631 739 745 776 sum
783 723 976 777 ueritas
1021 731 1070 776 et
1105 724 1215 776 vita
1243 723 1281 774 '.
1331 721 1451 774 Vita
1496 721 1689 775 mortis
1718 731 1802 774 est
1843 736 2057 791 expers.

493 811 699 869 Veritas
731 815 1085 869 mutationem
1119 814 1320 866 nullam
1351 813 1605 878 sustinet,
1643 827 1710 865 ne
1742 812 1810 865 ab
1840 827 1901 866 ea
1929 827 2057 880 per-

495 903 713 956 turbata
743 904 941 958 veritas
973 919 1096 958 esse
1132 901 1362 956 desinat.
1387 900 1752 966 Quamobrem
1798 900 1907 954 ruit
1941 915 2058 954 om-

2157 539 2439 612 ταράξασα
2473 537 2670 610 μηκέτι
2717 535 2942 608 ἀλήθεια
2971 535 3216 605 γένηται.
3265 535 3372 586 Καὶ
3401 533 3650 586 διέπεσεν
3673 535 3737 585 ὲκ

2161 633 2363 694 παντὸς
2390 631 2550 700 λόγου
2586 633 2620 701 ἡ
2659 629 2824 683 αὐτοῦ
2853 627 3255 698 τραγῳδοποιὸς
3289 624 3565 688 ὑπόθεσις.
3599 624 3737 678 Οὔτε

2160 722 2269 793 γὰρ
2304 721 2444 793 μετὰ
2479 722 2579 790 τὴν
2613 719 2910 791 παρουσίαν
2964 719 3031 771 τὰ
3075 719 3248 787 ἄστρα
3282 717 3584 776 κέκτισται,
3616 717 3738 769 οὐδὲ

2160 816 2266 882 πρὸ
2293 814 2386 866 τοῦ
2420 813 2671 882 γενέσθαι
2710 815 2886 884 ἄστρα
2913 812 3187 882 ἄνθρωποι
3217 807 3377 881 ἦσαν.
3416 810 3527 862 Kal.
3554 809 3738 863 ἐντεῦ-

2161 903 2253 956 θεν
2282 904 2375 956 καὶ
2407 903 2616 956 ἐκεῖθεν
2646 902 2992 974 ὲξελήλεκται
3021 905 3049 955 ό
3078 902 3278 964 πλάνος
3311 902 3630 970 Μανιχαῖος,
3661 901 3738 962 ὡς

492 995 580 1050 nis
619 995 764 1050 illius
807 995 1167 1064 undequaque
1206 993 1494 1064 tragmdia.
1543 991 1677 1045 Nam
1720 1006 1894 1061 neque
1940 999 2062 1062 post

2169 993 2268 1063 ἥδη
2304 1011 2394 1064 μοι
2422 995 2532 1049 ἄνω
2557 995 2870 1066 δεδήλωται.

492 1087 782 1142 adventum
832 1085 1046 1140 Domini
1090 1085 1354 1141 fabricata
1391 1095 1518 1140 sunt
1567 1085 1786 1146 sidera.
1843 1099 1943 1137 nec
1982 1084 2230 1140 homines
2274 1099 2562 1157 antequam
2612 1089 2701 1142 illa
2757 1087 3120 1142 conderentur
3168 1086 3514 1141 exstiterunt.
3559 1085 3738 1140 Adeo-

492 1195 598 1250 que
630 1187 738 1231 tam
789 1177 914 1231 hinc
944 1192 1104 1246 quam
1145 1177 1317 1241 illinc,
1363 1186 1422 1230 ut
1461 1184 1617 1229 antea
1658 1173 2050 1239 demonstravi,
2094 1173 2423 1233 Manichams
2479 1179 2749 1246 impostor
2776 1178 3064 1231 refellitur.

561 1273 669 1328 Lll.
707 1272 840 1327 Nam
880 1272 1023 1342 quod
1063 1271 1130 1326 de
1163 1272 1286 1324 luna
1330 1269 1504 1340 tingit,
1538 1270 1658 1338 ejus
1691 1269 1876 1324 orbem
1910 1283 2064 1323 rece—

2240 1271 2364 1324 NB’.
2398 1272 2532 1342 Περὶ
2559 1271 2614 1324 δὲ
2655 1272 2753 1341 τῆς
2797 1270 3102 1333 ὑποθέσεως
3127 1270 3224 1340 τῆς
3255 1269 3480 1342 σελήνης
3513 1269 3734 1337 φάσκει,

494 1369 602 1438 ptis
646 1366 932 1420 animabus
975 1364 1209 1433 impleri,
1240 1365 1398 1418 velim
1430 1363 1559 1416 mihi
1586 1362 1758 1423 dicas.
1792 1361 2066 1430 quomodo

2169 1365 2249 1417 ὅτι
2278 1366 2340 1417 ὲκ
2367 1365 2474 1418 τῶν
2504 1364 2691 1434 ψυχῶν
2719 1368 2746 1418 6
2772 1365 2949 1427 δίσκος
2985 1363 3346 1433 ἐμπίπλαται.
3383 1363 3517 1433 Πρὶν
3550 1361 3607 1415 δὲ
3643 1363 3737 1415 τοῦ

495 1457 637 1514 idem
669 1459 758 1513 ille
787 1457 937 1512 orbis
967 1455 1175 1525 impleri
1225 1457 1418 1525 potuit,
1453 1463 1742 1524 antequam
1781 1453 2062 1507 hominum

2169 1455 2456 1510 ἀποθανεῖν
2487 1456 2768 1527 ἄνθρωπον
2795 1456 2886 1508 ἐπὶ
2913 1455 3009 1525 τῆς
3032 1454 3156 1522 γῆς,
3184 1454 3347 1507 πόθεν
3372 1451 3739 1522 ἐνεπίμπλατο

494 1548 782 1618 quisquam
815 1547 869 1599 in
903 1555 1045 1599 terra
1077 1543 1407 1599 moreretur?
1433 1542 1489 1598 Si
1526 1543 1744 1610 quidem
1777 1551 1899 1613 post
1926 1557 2064 1596 non-

2167 1548 2196 1599 6
2227 1546 2443 1611 δίσκος;
2487 1546 2640 1600 Μετὰ
2683 1547 2792 1617 γάρ
2846 1545 3218 1599 ὲνακοσιοστὺν
3269 1545 3361 1598 καὶ
3416 1543 3739 1613 τριακοστὸν

496 1645 689 1707 gentos
727 1644 781 1691 et
815 1637 1037 1706 triginta
1071 1650 1267 1695 annos.
1298 1649 1439 1704 quos
1473 1635 1716 1690 Adamus
1750 1635 1903 1698 vixit,
1938 1650 2062 1688 cum

2169 1637 2287 1702 ἔτος
2313 1637 2412 1707 τῆς
2442 1638 2534 1690 τοῦ
2574 1638 2741 1708 nasi;
2763 1635 2928 1706 ζωῆς,
2965 1637 3178 1706 πρῶτος
3204 1635 3487 1689 ἀποθανὼν
3518 1635 3610 1687 ἐπὶ
3639 1633 3738 1702 τῆς

496 1702 707 1800 primus
739 1743 804 1782 ex
846 1702 947 1781 hac
976 1726 1084 1779 vita
1120 1702 1398 1789 discessit,
1431 1725 1622 1780 ﬁerine
1665 1726 1843 1795 potuit
1871 1741 1976 1779 una
2008 1731 2066 1777 ut

2171 1731 2292 1801 γῆς,
2330 1702 2379 1800 ἡ-
2401 1732 2498 1800 μία
2524 1702 2716 1801 ψυχὴ.-
2740 1702 3127 1801 πῶς-ἐπλήρου
3157 1729 3248 1781 τὸν
3277 1729 3494 1792 δίσκον;
3523 1727 3597 1780 Ἣ
3623 1727 3739 1789 πῶς

493 1821 687 1874 orbem
737 1818 918 1872 anima
961 1816 1292 1887 compleret?
1331 1816 1565 1882 Quinam
1599 1831 1762 1886 porro
1807 1816 2066 1886 nongenti

2171 1823 2238 1876 τὰ
2263 1823 2549 1876 ἐννακόσια
2586 1822 2875 1893 τριάκοντα
2913 1822 3005 1893 ἐτη
3047 1822 3271 1892 ἐκλήθη,
3319 1822 3411 1875 καὶ
3445 1819 3646 1890 χρόνοι,
3689 1820 3739 1870 εί

498 1911 578 1966 illi
614 1925 678 1964 ac
722 1910 944 1979 triginta
994 1909 1145 1972 anni,
1195 1908 1276 1962 vel
1323 1909 1546 1962 omnino
1589 1915 1832 1977 tempora
1878 1914 2066 1960 vocata

2174 1913 2248 1983 μὴ
2294 1914 2327 1982 ἡ
2366 1913 2560 1984 σελήνη
2605 1911 2924 1982 ἐπληροῦτο,
2965 1915 3057 1966 καὶ
3107 1913 3310 1982 ἔφθινε,
3356 1913 3446 1966 καὶ
3478 1912 3568 1964 τὸν
3600 1911 3737 1981 αὐτῇ

501 2010 648 2068 sunt,
689 2002 793 2056 nisi
827 2003 1137 2072 impleretur
1182 2002 1623 2070 minuereturque
1659 2001 1804 2066 luna,
1850 2015 1914 2054 ac
1939 2014 2069 2054 con-

509 2094 758 2149 stitutum
794 2092 895 2147 sibi
934 2093 1266 2147 curriculum
1305 2092 1613 2152 conﬁceret,
1649 2093 1718 2144 ita
1755 2098 1812 2144 ut
1855 2107 1962 2146 non
2004 2107 2069 2147 ex

502 2184 810 2237 animarum
846 2182 1189 2238 multitudine
1225 2182 1568 2246 redundaret,
1617 2183 1710 2238 sed
1745 2183 1944 2239 divinae
1983 2201 2070 2241 sa-

502 2275 718 2347 pientia:
767 2273 1025 2327 mandato
1065 2288 1127 2326 ac
1157 2274 1472 2344 praescripto
1503 2274 1815 2344 regeretur?
1839 2276 1942 2330 Sed
1975 2278 2070 2331 ad-

503 2364 586 2420 dit
628 2365 881 2419 universa
932 2364 1022 2417 illa
1078 2365 1332 2418 animalia
1384 2363 1572 2418 eadem
1633 2365 1722 2418 illa
1765 2367 1945 2419 anima
1992 2382 2072 2422 re-

502 2456 661 2526 pleri,
705 2464 760 2511 ut
787 2455 1041 2508 nimirum
1076 2453 1334 2516 hominis.
1371 2462 1426 2508 et
1469 2455 1665 2519 muris,
1697 2470 1759 2509 ac
1788 2458 2068 2513 vermiculi

497 2555 932 2615 ceterorumque
971 2545 1354 2600 vilissimorum
1386 2559 1677 2616 corporum
1708 2562 1866 2616 pares
1907 2554 2070 2616 atque

501 2639 738 2710 aequales
767 2638 978 2692 animas
1001 2638 1317 2693 constituat.

574 2729 681 2785 Sed
722 2729 911 2785 iisdem
945 2730 1163 2799 ineptiis
1198 2729 1467 2784 infuscata
1505 2737 1630 2783 sunt
1669 2738 1886 2791 cmtera.
1923 2729 2070 2784 velut

507 2821 846 2891 ptincipibus
890 2821 1055 2890 objici
1101 2821 1367 2892 virginem
1401 2821 1539 2875 virili
1589 2823 1744 2885 alias,
1779 2823 1913 2876 alias
1946 2838 2069 2876 mu-

503 2914 659 2970 liebri
693 2913 889 2968 forma.
922 2912 979 2967 ln
1016 2928 1126 2984 quo
1167 2924 1426 2982 tanquam
1477 2911 1925 2982 hermaphrodito
1968 2914 2069 2969 da:-

502 3022 661 3062 mone
695 3005 1052 3076 conﬁngendo
1095 3003 1445 3074 cupiditatem
1495 3005 1608 3075 ipse
1642 3021 1793 3062 suam
1841 3021 1906 3060 ac
1945 3007 2066 3061 Iibi-
2095 3039 2138 3095 ο

495 3096 683 3153 dinem
738 3097 1007 3166 proponit.
1053 3093 1237 3166 Pergit
1290 3094 1520 3160 deinde,
1573 3104 1627 3151 et
1666 3099 1918 3168 quoties,
1969 3099 2064 3164 ait,

505 3187 668 3259 huius
714 3188 968 3242 illecebra
1017 3187 1242 3257 virginis
1273 3188 1526 3257 princeps
1566 3204 1796 3258 magnus
1830 3189 2063 3258 capitur,

501 3279 677 3334 nubes
711 3293 839 3333 suas
873 3278 1178 3348 praetendit,
1225 3286 1280 3332 et
1314 3286 1521 3348 pestem
1571 3279 1832 3344 immittit,
1874 3295 1939 3334 ac
1973 3297 2066 3335 ra-

507 3369 657 3424 dices
686 3369 971 3424 succidere
1003 3369 1215 3439 incipit,
1261 3385 1326 3424 ex
1356 3385 1467 3440 quo
1509 3386 1656 3426 mors
1688 3373 2062 3443 consequitur.

500 3458 616 3516 Nec
658 3459 788 3514 illud
841 3460 1002 3514 homo
1040 3460 1291 3530 stupidus
1336 3461 1614 3532 intelligit,
1661 3479 1820 3532 quam
1857 3465 2066 3535 vitupe-

503 3551 675 3605 rando
698 3556 931 3604 mortem
965 3550 1229 3614 nominat,
1263 3551 1426 3604 vitam
1459 3552 1642 3622 potius
1688 3555 1946 3624 appellari
1975 3557 2069 3611 de-

503 3641 710 3704 buisse.
755 3640 902 3710 quod
954 3641 1069 3708 ejus
1124 3640 1386 3696 beneficio
1427 3659 1457 3696 a
1510 3646 1829 3715 corporibus
1875 3648 2068 3702 animae

503 3730 820 3805 liberentur.
855 3729 1024 3803 665
1055 3728 1209 3796 Quod.
1265 3732 1311 3788 si
1363 3734 1597 3788 animam
1642 3751 1872 3805 corpore.
1923 3738 2068 3792 velut

502 3822 751 3876 custodia
791 3824 1064 3893 principes
1117 3823 1318 3880 includi
1363 3834 1634 3896 putarent,
1687 3844 1960 3898 nunquam
2014 3829 2067 3884 id

510 3925 758 3965 sununus
793 3912 880 3965 ille
925 3913 1308 3979 committeret,
1357 3927 1416 3969 ut
1441 3930 1602 3986 quam
1634 3932 1726 3985 per
1760 3919 1868 3970 vim
1901 3917 1968 3972 ab
2001 3933 2068 3972 eo

501 4001 640 4056 dicis
661 4003 914 4068 occupari
943 4004 1200 4067 animam,
1224 4019 1255 4058 e
1275 4019 1495 4059 carcere
1520 4006 1830 4060 dimitteret.
1853 4007 2066 4072 Quanta

502 4100 585 4148 est
616 4094 669 4146 in
702 4093 770 4147 iis
801 4094 1090 4164 prestigiis
1124 4109 1186 4148 ac
1229 4095 1438 4150 ludicra
1491 4097 1776 4166 disciplina
1819 4101 2062 4154 vanitas!

573 4181 707 4236 ιλιι.
747 4183 952 4240 Cretera
976 4200 1082 4238 non
1113 4185 1323 4240 minore
1347 4188 1458 4242 risu
1485 4188 1646 4258 digna
1670 4198 1828 4252 sunt,
1864 4190 1958 4246 sed
2011 4192 2063 4244 in

500 4275 692 4347 primis
740 4291 878 4346 quos
919 4278 1124 4333 electos
1159 4279 1235 4332 illi
1286 4289 1624 4349 nuncupant.
1672 4281 1748 4334 Ac
1801 4291 1929 4336 sunt
1975 4283 2064 4336 isti

2169 2003 2498 2074 τεταγμένον
2526 2003 2724 2073 δρόμον
2748 2003 2937 2065 ἐτέλει,
2962 2005 3060 2056 οὐκ
3088 2003 3196 2056 ἀπὸ
3221 2003 3407 2072 ψυχῶν
3436 2001 3742 2072 λαμϐάνου-

2173 2111 2240 2147 σα
2266 2094 2364 2163 τὴν
2398 2094 2502 2164 πλη
2513 2093 2751 2163 μμύραν,
2785 2094 2919 2147 άλλὰ
2951 2094 3058 2147 ἀπὸ
3088 2092 3221 2146 Θεοῦ
3251 2094 3448 2163 ἔχουσα
3479 2093 3540 2144 τὸ
3569 2093 3740 2163 πρόσ-

2169 2200 2354 2253 ταγμα
2393 2186 2491 2254 τῆς
2523 2184 2686 2238 αὑτοῦ
2720 2186 2936 2254 σοφίαςς
2973 2187 3156 2239 Πάντα
3199 2185 3256 2237 δὲ
3307 2183 3376 2236 τὰ
3414 2182 3549 2247 ζῶα,
3585 2183 3738 2252 φησὶ,

2170 2275 2382 2345 γεμίζει
2411 2277 2509 2345 τῆς
2541 2277 2709 2346 αὐτῆς
2729 2277 2924 2346 ψυχῆς,
2956 2277 3043 2330 ἵνα
3075 2274 3310 2347 ὲξισώσῃ
3329 2275 3504 2346 ψυχὴν
3534 2273 3741 2344 ἀνθρώ-

2171 2383 2294 2427 που,
2340 2368 2427 2419 καὶ
2462 2367 2614 2436 μυὸς,
2650 2367 2743 2420 καὶ
2769 2367 3066 2438 σκώληκος,
3092 2368 3184 2420 καὶ
3208 2367 3315 2419 τῶν
3345 2366 3519 2420 ἄλλων
3545 2367 3739 2432 δυσγε-

2171 2457 2274 2512 νῶν
2298 2461 2362 2528 τῇ
2395 2457 2586 2512 πλάσει
2617 2459 2904 2527 σωμάτων.

2241 2723 2322 2776 Τὰ
2349 2722 2403 2776 δὲ
2434 2721 2568 2777 ἄλλα
2593 2725 2780 2775 λοιπὸν
2815 2722 2914 2792 τῆς
2947 2721 3227 2792 φλυαρίας,
3273 2722 3346 2785 ὡς
3395 2724 3428 2792 ἡ
3475 2721 3742 2793 παρθένος

2171 2815 2418 2884 φαίνεται
2457 2817 2568 2877 τοῖς
2613 2814 2839 2884 ἄρχουσι
2871 2813 2998 2865 ποτὲ
3034 2813 3132 2882 μὲν
3172 2815 3252 2876 εἰς
3295 2811 3485 2884 ἀνδρὸς
3533 2814 3739 2882 σχῆμα,

2172 2907 2299 2960 ποτὲ
2322 2907 2379 2959 δὲ
2407 2907 2486 2969 είς
2515 2905 2755 2977 θηλείας.
2791 2903 2944 2974 Τάχα
2970 2904 3060 2956 τὸν
3084 2904 3506 2975 Ἑρμαφρόδιτον
3529 2904 3622 2958 τοῦ
3645 2904 3742 2955 αὖ·

2171 2997 2262 3052 τοῦ
2292 2998 2540 3068 δαίμονος
2575 2996 2944 3065 ίνδαλλόμενος
2974 2995 3042 3047 τὰ
3073 2994 3265 3047 ἑαυτοῦ
3310 2994 3456 3065 πάθη
3498 2997 3738 3064 εἰσηγεῖ-

2170 3107 2258 3142 ται
2278 3089 2376 3160 τῆς
2405 3087 2716 3158 ἐπιθυμίας.
2739 3084 2891 3149 Εἶτα,
2920 3089 3103 3158 φησὶν,
3126 3088 3254 3139 ὅταν
3279 3087 3307 3137 6
3335 3087 3505 3156 μέγας
3535 3084 3737 3156 συληθῇ

2169 3182 2273 3235 ὑπὸ
2306 3183 2402 3251 τῆς
2434 3181 2733 3250 λεγομένης
2761 3177 3048 3250 παρθένου,
3101 3176 3394 3249 προϐάλλει
3438 3175 3604 3229 αὑτοῦ
3640 3175 3740 3236 τὰς

2168 3273 2416 3342 νεφέλας,
2469 3271 2563 3324 καὶ
2609 3273 2752 3324 ποιεῖ
2779 3269 2984 3339 λοιμὸν,
3012 3270 3105 3321 καὶ
3145 3268 3370 3338 ἄρχεται
3398 3267 3614 3336 τέμνειν
3640 3265 3739 3327 τὰς

2170 3364 2346 3436 ῥίζας,
2388 3363 2481 3416 καὶ
2526 3361 2667 3414 οὕτω
2700 3361 2926 3423 θάνατος
2970 3359 3197 3429 γίνεται.
3239 3361 3349 3412 Καὶ
3387 3359 3486 3412 οὐκ
3526 3353 3666 3410 εἶδεν
3711 3357 3740 3408 6

2168 3453 2465 3526 κτηνώδης,
2505 3453 2586 3505 ὅτι
2628 3452 2687 3505 ὃν
2731 3452 2929 3521 φάσκει
2971 3451 3197 3505 θάνατον
3236 3450 3496 3520 ψογίζων,
3541 3448 3739 3520 μᾶλλον

2168 3549 2311 3619 ζωὴν
2341 3545 2536 3615 ῶφειλε
2566 3546 2773 3605 καλεῖν,
2809 3544 2898 3596 διὰ
2924 3544 2984 3596 τὸ
3022 3544 3130 3597 ἀπὸ
3166 3545 3431 3613 σωμάτων
3462 3542 3738 3595 ἀπαλλάτ-

2166 3640 2353 3694 τεσθαι
2388 3639 2487 3703 τὰς
2509 3639 2705 3709 ψυχάς.
2731 3639 2793 3690 Εί
2814 3638 2870 3690 δὲ
2894 3638 3028 3700 ὅλως
3057 3637 3118 3689 τὸ
3141 3633 3280 3689 εἶναι
3313 3640 3370 3690 ὲν
3398 3636 3612 3706 σώματι
3640 3636 3740 3705 τὴν

2166 3733 2340 3803 ψυχὴν
2370 3732 2613 3802 φυλακὴν
2646 3730 2900 3802 ἡγοῦνται
2921 3734 2968 3783 οἱ
2999 3731 3274 3801 ἄρχοντες,
3303 3729 3459 3782 τοῦτο
3482 3729 3739 3782 οὐδέποτε

2167 3821 2458 3876 ἐπιτελεῖὸ
2495 3822 2698 3893 ἄρχων,
2749 3823 2835 3875 ἵνα
2885 3820 3168 3892 ἀπαλλάξῃ
3211 3821 3318 3874 ἀπὸ
3361 3821 3740 3892 δεσμωτηρίου

2166 3918 2265 3987 τὴν
2307 3917 2396 3969 ὑπ’
2439 3915 2600 3968 αὐτοῦ
2645 3916 3015 3985 κατεχομένην
3040 3915 3237 3985 ψυχὴν,
3271 3915 3414 3966 κατὰ
3450 3914 3542 3967 τὸν
3571 3912 3740 3967 αὑτοῦ

2167 4008 2341 4075 λόγον.
2376 4008 2484 4060 Kal.
2523 4007 2663 4078 πόση
2705 4024 2788 4070 τις
2841 4008 3037 4060 ἀτοπία
3072 4010 3129 4060 ἐν
3160 4006 3330 4078 ταύτῃ
3349 4009 3414 4077 τῇ
3442 4006 3738 4078 κυϐευτικῇ

2166 4099 2479 4169 διδασκαλίᾳ
2500 4101 2511 4152 !

2238 4192 2361 4244 NI".
2397 4192 2477 4245 Τὰ
2508 4191 2565 4245 δὲ
2610 4190 2748 4245 ἄλλα
2781 4190 2977 4261 χλεύης
3026 4189 3260 4261 ἔμπλεα·
3288 4190 3364 4253 ὡς
3396 4193 3444 4243 οἱ
3495 4190 3741 4242 ἐκλεκτοὶ

2168 4284 2346 4337 αὐτῶν
2377 4285 2717 4355 καλούμενοι.
2754 4286 2862 4337 Kal.
2892 4283 2968 4354 τῷ
3001 4284 3098 4353 μὲν
3129 4285 3241 4336 δντι
3276 4284 3603 4352 ἑξελέγησαν
3634 4284 3742 4336 ὑπὸ

501 4367 718 4435 quidem
743 4367 807 4420 ad
831 4367 1235 4424 damnationem
1270 4385 1299 4422 a
1331 4370 1552 4424 diabolo
1587 4371 1801 4436 delecti,
1840 4374 2064 4442 utquod

2166 4375 2261 4428 τοῦ
2293 4374 2537 4429 διαϐόλου
2567 4377 2646 4438 εἰς
2672 4375 3004 4445 κατάκριμα,
3031 4378 3178 4438 ὅπως
3203 4375 3462 4447 πληρωθῇ
3494 4376 3556 4427 τὸ
3585 4377 3742 4444 είρηο

503 4459 767 4526 scriptum
808 4467 892 4513 est
923 4461 1104 4530 reipsa
1131 4461 1448 4531 perﬁciatur
1480 4480 1492 4516 :
1527 4461 1595 4515 Et
1633 4463 1780 4517 cibus
1805 4465 1918 4533 ejus
1949 4465 2066 4518 ele-

501 4562 617 4605 ctus
644 4552 685 4603 ¹.
720 4550 797 4604 Illi
829 4552 976 4607 enim
1013 4555 1159 4609 velut
1191 4553 1298 4608 fuci
1327 4555 1548 4624 quidam
1589 4555 1899 4610 desidentes
1929 4557 2064 4610 nihil

499 4642 684 4710 operis
711 4653 990 4710 exercent,
1023 4645 1115 4699 sed
1149 4645 1365 4700 curiose
1399 4647 1773 4716 perquirentes
1799 4646 1932 4700 nihil
1972 4664 2064 4716 pe-

500 4733 646 4786 nitus
696 4731 1021 4802 intelliguut.
1073 4734 1283 4799 Quibus
1335 4747 1388 4788 et
1434 4735 1732 4805 Apostolus
1783 4736 1851 4792 iis
1883 4738 2065 4792 verbis

498 4823 780 4878 denuntiat
824 4823 1103 4892 (nimirum
1141 4825 1455 4893 prophetico
1482 4828 1604 4882 illos
1641 4827 1820 4881 afﬂatu
1865 4843 2066 4898 cogno-

498 4914 692 4983 verat),
723 4929 830 4967 non
852 4930 917 4968 ex
951 4914 1063 4979 Dei,
1111 4915 1206 4970 sed
1235 4916 1438 4970 diaboli
1472 4919 1786 4988 magisterio
1821 4919 2066 4989 discipli-

497 5020 677 5073 naque
707 5003 993 5074 progredi,
1029 5004 1266 5060 furiosos
1295 5006 1482 5076 utique
1517 5006 1789 5067 homines.
1828 5015 1882 5062 et
1928 5011 2067 5062 otio-

499 5110 612 5160 sos,
662 5103 824 5164 atque
865 5096 920 5149 in
949 5103 1202 5166 suscepta
1244 5098 1588 5166 improbitate
1621 5100 1946 5169 pertinaces.
1991 5101 2068 5158 De

499 5189 569 5243 iis
619 5188 781 5257 igitur
828 5188 1091 5258 loquens:
1125 5189 1228 5252 Qui
1280 5206 1384 5244 non
1431 5189 1663 5254 laborat,
1719 5192 1917 5262 inquit,
1964 5211 2067 5249 non

499 5280 850 5347 manducet’;
879 5296 987 5350 quo
1031 5281 1286 5335 inertium
1333 5285 1561 5337 istorum
1605 5284 1956 5340 adumbraret
1993 5287 2068 5341 in-

499 5373 765 5426 stitutum.
811 5375 1078 5427 Cazterum
1127 5373 1549 5430 catechumenos
1596 5377 1699 5446 ipsi
1755 5393 1886 5433 suos
1936 5379 2061 5433 hor-

498 5471 703 5524 tantur,
753 5463 952 5516 victum
1006 5472 1065 5518 ut
1108 5465 1211 5519 sibi
1255 5466 1403 5537 large
1451 5468 1813 5535 suppeditent.
1846 5467 1882 5521 li
1931 5485 2060 5524 vero

497 5554 914 5625 quibuscunque
935 5570 1071 5627 opus
1093 5556 1292 5612 habent
1317 5558 1505 5612 electis
1533 5559 1646 5613 suis
1668 5559 1922 5624 oti'erunt,
1952 5577 2061 5630 quo

571 5705 764 5762 ‘Joan.
793 5724 901 5776 τιν,
927 5708 980 5762 6.
1058 5709 1302 5765 'Habac.
1330 5727 1368 5777 ι,
1403 5710 1488 5768 16.
1568 5713 1587 5744 ³
1621 5712 1660 5766 ll
1694 5711 1887 5771 Thess.
1917 5730 1999 5780 ιιι,
2035 5714 2088 5769 2.

2168 4467 2353 4536 μένονο
2389 4466 2500 4519 Καὶ
2544 4466 2614 4519 τὰ
2654 4467 2938 4535 βρώματα
2975 4466 3161 4520 αὐτοῦ
3195 4467 3467 4520 ἐκλεκτά.
3513 4467 3740 4518 Ἐκεῖνοι

2165 4558 2273 4629 γάρ
2311 4556 2665 4628 καθεζόμενοι
2714 4560 2974 4627 κηφῆνες,
3015 4559 3110 4610 καὶ
3153 4557 3318 4629 μηδὲν
3358 4557 3737 4627 ἐργαζόμενοι,

2164 4650 2298 4704 άλλὰ
2347 4649 2848 4722 περιεργαζόμενοι,
2901 4651 2994 4703 καὶ
3042 4651 3175 4719 μηδὲ
3222 4648 3603 4717 γινώσκοντες,
3658 4643 3741 4712 οἷς

2165 4741 2621 4809 ἐπικηρυκεύεται
2650 4743 2678 4793 6
2709 4741 2861 4808 ἅγιος
2903 4741 3238 4808 Ἀπόστολος,
3264 4741 3436 4808 λέγων
3477 4741 3574 4809 (ὡς
3599 4741 3739 4793 κατὰ

2165 4833 2498 4901 προφητείαν
2526 4830 2853 4900 γινώσκων),
2887 4832 2970 4882 ὅτι
2997 4832 3096 4885 οὐκ
3129 4835 3190 4884 ἐκ
3230 4832 3330 4902 τῆς
3364 4833 3456 4884 τοῦ
3496 4832 3632 4885 Θεοῦ
3671 4832 3741 4886 δι·

2163 4922 2456 4984 δασκαλίας
2485 4923 2855 4992 ἐπιφοιτῶσιν,
2903 4923 3037 4977 ἀλλὰ
3068 4926 3131 4977 ὲκ
3171 4924 3266 4977 τοῦ
3298 4925 3543 4977 διαϐόλου
3576 4925 3743 4994 ὲμδε-

2165 5013 2519 5085 ϐροντημένσι
2558 5016 2718 5080 τινὲς,
2752 5016 2932 5086 ἀργοὶ,
2969 5017 3062 5068 καὶ
3104 5016 3355 5079 αὐθάδεις
3387 5016 3592 5070 κακῶν.
3632 5017 3742 5069 Φά-

2169 5123 2308 5170 σκει,
2340 5105 2510 5174 λέγων
2537 5124 2548 5136 ·
2599 5108 2652 5159 '0
2693 5107 2778 5177 μὴ
2827 5106 3230 5176 ἐργαζὶἵμενος,
3260 5107 3416 5176 μηδὲ
3456 5107 3737 5160 ἐσθιέτω·

2169 5197 2253 5249 ἵνα
2284 5199 2640 5268 παραχαράξῃ
2665 5198 2762 5268 τὴν
2785 5198 2891 5249 τῶν
2917 5199 3202 5269 παρέργων
3231 5198 3436 5250 τούτων
3463 5198 3738 5253 ὑπόθεσιν.

2168 5289 2634 5359 Παρακελεύονται
2665 5287 2758 5343 οὖν
2787 5293 2900 5353 τοῖς
2947 5291 3124 5343 αὐτῶν
3157 5290 3584 5359 κατηχουμένοις
3612 5288 3739 5358 τρέ-

2168 5400 2288 5451 φειν
2333 5383 2528 5446 αὐτοὺς
2579 5382 2834 5452 δαψιλῶς.
2886 5385 2944 5457 Οἱ
2979 5382 3035 5434 δὲ
3077 5385 3184 5435 πᾶν
3236 5382 3412 5435 ὁτιοῦν
3445 5382 3743 5449 ἀναγκαῖον

2168 5474 2534 5544 προσφέρουσι
2563 5477 2672 5536 τοῖς
2703 5472 2974 5535 ἐκλεκτοῖς
3008 5473 3232 5536 ἑαυτῶν,
3283 5473 3368 5525 ἵνα
3397 5471 3554 5541 δῆθεν
3581 5472 3741 5522 εὐσε-

2168 5563 2265 5636 ϐὴς
2288 5564 2476 5634 ὀφθείη
2504 5564 2720 5636 τρέφων
2748 5564 2845 5627 τὰς
2873 5562 3047 5633 ψυχὰς
3077 5563 3176 5625 τὰς
3216 5562 3632 5632 ὲκλελεγμένας.
3678 5561 3742 5613 Οί
