4076 6392
296 358 399 407 ΗΕ)

933 351 1304 409 ADVERSUS
1343 351 1685 408 ll.£RESES
1725 352 1851 407 LIB.
1893 351 1956 408 ll.
2004 353 2166 409 TOM.
2209 351 2635 408 ll.—ll./ERES.
2679 351 2861 406 LXVI.

3463 348 3564 404 ll’)

290 466 352 520 se
382 465 660 532 λαὸόντες,
705 465 778 528 ὡς
808 463 1026 532 ρίὲλοιόν
1072 468 1222 519 ἐστιν
1255 467 1451 528 εἰπεῖν,
1489 467 1758 537 προφάσει
1789 464 1877 518 τοῦ

1989 467 2198 520 scilicet
2241 467 2294 520 in
2343 465 2550 521 alendis
2590 465 2779 520 electis
2827 465 2936 518 illis
2985 462 3273 517 animabus
3321 462 3559 533 religiosi

293 554 561 620 εὔξασθαι
582 555 725 625 ὑπὲρ
747 553 856 606 τῶν
883 555 1233 625 ὲνηνοχότων,
1253 555 1449 625 μᾶλλον
1464 556 1520 608 δὲ
1546 556 1729 625 σχεδὸν
1755 572 1855 608 κατ
1871 585 1885 596 -

294 649 438 719 ἀραν
508 646 689 707 αὐτοῖς
723 645 1079 707 ἐπιτιθέασιν,
1111 647 1658 718 ὲπιμαρτυρήσαντες
1704 648 1886 709 αὐτοῖς

295 739 499 792 κακίαν
529 737 729 807 μᾶλλον
757 737 791 807 ἢ
823 737 1188 809 ἀγαθοσύνην.
1234 739 1506 792 Φάσκουσι
1537 739 1643 808 γὰρ
1681 737 1881 800 οὕτως’

291 831 376 883 ὅτι
421 828 566 898 Ἐγὼ
592 830 692 882 οὐκ
722 829 951 899 ἕσπειρά
978 845 1059 891 σε,
1081 830 1181 881 οὐκ
1204 829 1426 900 ὲθέρισά
1453 846 1535 892 σε,
1565 831 1664 882 οὐκ
1691 830 1880 900 ῆλεσα,

293 923 374 981 είς
409 919 665 974 κλίϐανον
690 920 792 972 οὐκ
814 919 1036 973 ἔϐαλλον
1055 935 1069 948 ⁸
1100 920 1256 983 ἄλλος
1281 921 1501 990 ἤνεγκε,
1533 921 1626 975 καὶ
1661 920 1882 988 ἔφαγονο

293 1011 538 1074 ἀναίτιός
576 1013 712 1080 είμι.
767 1012 877 1063 Kal
922 1011 1121 1082 μᾶλλον
1155 1012 1547 1082 πονηροποιοὺς
1601 1011 1884 1078 ὑπέδειξαν

292 1103 423 1166 τοὺς
447 1102 655 1155 ἑαυτῶν
686 1104 924 1172 τροφεῖς.
957 1103 1067 1155 Kal
1092 1101 1202 1171 γὰρ
1229 1102 1446 1172 ἀληθές.
1479 1101 1628 1155 Ἔδει
1654 1101 1762 1173 γὰρ
1792 1104 1884 1154 τὸν

292 1194 636 1265 ἀρνούμενον
681 1195 773 1246 τὸν
811 1194 966 1255 Θεὸν.
1012 1193 1108 1246 τὸν
1158 1196 1459 1264 ποιήσαντα
1497 1194 1694 1257 πάντα,
1749 1193 1884 1264 μηδὲ

295 1285 409 1337 ἀπὸ
435 1286 545 1338 τῶν
572 1285 666 1338 τοῦ
698 1285 836 1337 Θεοῦ
872 1284 1167 1354 τρέφεσθαι
1215 1285 1337 1338 κατ’
1371 1285 1672 1354 εἰρωνείαν.
1722 1285 1885 1337 Αὐτοὶ

291 1379 353 1432 δὶ
383 1380 444 1432 οὐ
472 1378 729 1448 τέμνουσι
759 1377 850 1428 τὸν
880 1376 1091 1446 βότρυν,
1110 1375 1246 1428 ἀλλὰ
1277 1376 1514 1428 ἐσθίουσι
1541 1376 1630 1428 τὸν
1665 1377 1881 1448 βότρυν,

293 1471 384 1522 ἶνα
438 1468 738 1538 ἐλεγχθῶσι
787 1467 1102 1520 παντάπασι
1162 1466 1334 1536 μέθην
1397 1467 1620 1535 μᾶλλον,
1646 1467 1880 1536 ἔχοντες,

292 1562 442 1632 ἢπερ
472 1560 731 1629 ἀληθείας
762 1559 1047 1628 ἀνάληψιν.
1081 1559 1241 1611 Ποῖον
1279 1559 1386 1629 γάρ
1414 1561 1530 1611 ἐστι
1561 1559 1622 1610 τὸ
1650 1559 1882 1611 δεινότε-

1985 571 2107 610 esse
2136 556 2439 610 videantur.
2466 558 2533 608 At
2555 555 2666 619 isti,
2697 555 2841 625 quod
2865 555 2947 609 vel
2972 554 3120 608 dictu
3146 555 3434 609 ridiculum
3453 567 3559 617 est.

1986 648 2054 701 iis
2092 649 2330 718 acceptis
2375 649 2716 713 muneribus,
2752 648 3018 702 orationis
3063 647 3202 708 loco,
3252 662 3414 716 quam
3463 662 3561 719 pro

1985 739 2341 808 largitoribus
2369 744 2659 809 concipere
2690 739 3015 802 debuerant,
3042 739 3432 809 propemodum
3459 739 3560 791 im-

1987 831 2355 898 precationem
2387 829 2718 901 rependunt,
2746 831 3037 885 et'lllorum
3073 831 3127 883 in
3155 831 3255 882 hoc
3291 828 3553 884 beneﬂcio

1986 924 2388 992 improbitatem
2449 924 2632 992 potius
2689 936 2850 992 quam
2906 921 3228 991 probitatem
3283 931 3548 975 versatam

1985 1027 2105 1067 esse
2135 1013 2517 1068 testiﬁcantur.
2557 1011 2648 1066 Sie
2681 1013 2826 1066 enim
2860 1013 3160 1082 loquuntur
3187 1030 3200 1063 :
3233 1010 3344 1080 E30
3375 1020 3427 1065 te
3457 1027 3552 1065 ne-

1985 1118 2091 1173 que
2120 1103 2404 1166 seminari,
2435 1117 2611 1172 neque
2640 1104 2865 1165 messui,
2899 1117 3006 1155 non
3045 1102 3300 1155 molendo
3332 1103 3557 1155 commi—

1986 1195 2102 1258 nui,
2143 1209 2251 1247 uon
2284 1194 2339 1246 in
2371 1195 2646 1247 clibanum
2686 1193 2923 1259 immisi;
2957 1195 3098 1248 alius
3137 1193 3353 1256 obtulit,
3389 1202 3440 1248 et
3464 1210 3558 1245 eo-

1987 1286 2164 1350 medi;
2195 1284 2454 1338 immunis
2489 1284 2558 1338 ab
2595 1284 2752 1354 culpa
2788 1299 2932 1340 sum.
2960 1282 3036 1336 lta
3065 1298 3159 1338 eos
3185 1285 3353 1353 ipsos,
3390 1285 3560 1352 aqui~

1985 1376 2088 1430 bus
2123 1376 2362 1436 aluntur,
2393 1374 2645 1429 malelicii
2683 1377 3066 1428 condemnant.
3093 1375 3224 1430 Jure
3258 1376 3306 1429 id
3335 1377 3556 1446 quidem

1985 1480 2051 1520 ac
2075 1466 2290 1519 merito.
2324 1463 2457 1518 Nam
2485 1466 2577 1534 qui
2604 1464 2792 1528 Deum,
2829 1481 2860 1518 a
2885 1481 2994 1536 quo
3023 1468 3206 1520 omnia
3243 1465 3381 1520 facta
3405 1476 3554 1529 sunt,

1985 1559 2184 1628 ejurat,
2233 1559 2489 1627 indignus
2521 1565 2627 1621 est,
2665 1557 2757 1626 qui
2801 1556 2892 1611 Dei
2938 1558 3099 1612 bonis
3132 1557 3234 1612 hoc
3270 1558 3430 1612 modo
3463 1573 3559 1627 per

292 1665 428 1719 90v;
469 1651 533 1702 '0
569 1650 667 1720 μὲν
699 1649 810 1719 γὰρ
845 1649 1062 1719 τρυγῶν
1107 1647 1252 1711 ἅπαξ
1285 1649 1446 1718 ἔτεμε
1473 1649 1565 1702 τὸν
1593 1649 1824 1719 βότρυν·
1854 1649 1877 1700 ό

1981 1647 2165 1716 jocum
2194 1660 2260 1699 ac
2295 1645 2590 1698 ludibrium
2622 1645 2816 1698 alatur.
2847 1644 3111 1699 Prteterea
3153 1661 3402 1702 racemos
3432 1661 3558 1700 cum

289 1741 346 1793 δὲ
378 1740 576 1793 ἐσθίων
604 1740 690 1792 διὰ
734 1739 842 1792 τῶν
874 1741 1262 1810 μασσητήρων.
1292 1740 1386 1793 καὶ
1413 1739 1502 1792 διὰ
1525 1739 1619 1792 τοῦ
1650 1739 1877 1792 καταδα‹

1989 1745 2274 1807 amputare
2331 1751 2438 1792 non
2482 1736 2742 1801 audeant,
2787 1736 2978 1791 iisdem
3019 1745 3198 1792 tamen
3238 1747 3556 1801 vescuntur,

291 1831 493 1902 μάζειν
520 1832 750 1885 ἕκαστον
782 1831 1003 1893 κόκκον,
1035 1809 1234 1900 μᾶλλον
1271 1831 1652 1894 πολυπλασίως
1681 1831 1877 1884 ἐϐασά-

1998 1837 2058 1882 υῑ
2084 1827 2313 1882 omnino
2334 1834 2550 1882 constet
2578 1827 2842 1881 ebrietate
2874 1843 2935 1881 ac
2958 1828 3280 1883 temulentia
3314 1830 3436 1884 illos
3465 1845 3556 1899 po-

296 1939 419 1974 νισε
471 1924 569 1974 καὶ
615 1922 797 1991 ἔτεμε.
842 1922 951 1974 Kal
1021 1922 1118 1991 οὑχ
1159 1922 1340 1991 ὅμοιος
1385 1921 1567 1974 οὐκέτι
1613 1920 1764 1973 ἔσται
1800 1919 1877 1991 τῷ

1985 1921 2116 1985 tius,
2155 1933 2317 1989 quam
2359 1926 2614 1988 suscepta
2663 1919 2890 1974 veritate
2933 1918 2998 1972 ad
3051 1920 3102 1973 id
3150 1920 3372 1990 impelli.
3417 1920 3560 1987 Quid

285 2011 551 2080 τέμνοντι
592 2011 736 2077 ἀπαξ
777 2011 806 2062 ὁ
851 2011 1270 2080 μασσησάμενος
1333 2010 1428 2062 καὶ
1495 2009 1877 2079 καταδαπανή-

1983 2012 2128 2065 enim
2165 2009 2385 2080 gravius
2416 2011 2536 2064 est?
2566 2007 2702 2062 Nam
2747 2011 2838 2079 qui
2873 2011 3189 2073 vindemiat,
3231 2014 3448 2066 botrum
3479 2029 3562 2067 se-

288 2106 428 2164 σας⁸
454 2119 469 2132 ·
523 2101 637 2156 ἀλλ’
681 2102 769 2154 ἵνα
819 2102 979 2172 μόνον
1021 2100 1213 2165 δόξωσι
1263 2099 1556 2164 δοξοποιεῖν
1608 2101 1730 2152 ὅσον
1776 2101 1877 2169 τῆς

1985 2101 2094 2156 mel
2139 2107 2421 2169 amputat;
2476 2101 2568 2170 qui
2601 2115 2730 2154 vero
2777 2103 3030 2166 comedit,
3060 2101 3187 2155 dum
3218 2104 3405 2158 acinos
3446 2104 3559 2159 sin-

287 2192 556 2262 ἀληθείας
586 2191 698 2261 ἔχει
721 2193 1038 2263 τεκμήριον.

1985 2192 2143 2262 gulos
2179 2190 2388 2244 mandit
2419 2203 2483 2244 ac
2530 2191 2785 2245 dentibus
2847 2193 3187 2256 comminuit,
3239 2197 3409 2248 multo
3444 2199 3560 2249 ani-

290 2299 440 2337 mam
472 2290 691 2354 torquet
735 2282 1110 2336 vehementius
1147 2296 1212 2334 ac
1250 2279 1512 2335 concidit.
1542 2279 1652 2334 Nec
1688 2280 1875 2334 eadem
1916 2283 2037 2351 ejus
2071 2283 2164 2352 qui
2199 2285 2368 2336 semel
2398 2290 2629 2348 resecat,
2673 2296 2738 2336 ac
2769 2284 2862 2354 qui
2899 2285 3176 2338 eommolit
3241 2295 3293 2340 et
3352 2301 3556 2343 consu-

292 2378 418 2436 mit.
460 2390 587 2430 esse
620 2377 765 2428 ratio
797 2375 1028 2428 videtur.
1103 2373 1208 2430 Sed
1248 2374 1302 2428 id
1336 2390 1507 2428 unum
1547 2383 1794 2443 spectare
1825 2374 2102 2440 videntur,
2156 2386 2216 2428 ut
2288 2375 2433 2444 quod
2503 2373 2746 2429 veri:atis
2817 2375 3078 2430 iudicium
3126 2385 3404 2448 utcunque
3449 2397 3560 2450 prae

284 2485 350 2525 se
394 2469 502 2523 fert
536 2472 702 2540 666
722 2470 789 2524 ad
823 2471 1134 2538 opinionem
1170 2484 1325 2524 suam
1372 2469 1774 2523 conciliandam
1820 2470 1874 2523 in
1914 2471 2151 2523 medium
2178 2469 2388 2523 aﬂerat.

360 2562 492 2616 NA'.
531 2557 665 2614 Εἶτα
708 2562 868 2616 πάλιν
897 2562 1297 2633 ἀθυρογλωττεί
1341 2564 1469 2634 περὶ
1499 2562 1594 2616 τοῦ
1628 2563 1877 2634 παραδεί-

2056 2563 2191 2621 LIV.
2233 2563 2434 2618 Eadem
2465 2564 2662 2635 lingua:
2691 2564 2910 2619 licentia
2955 2566 3024 2621 de
3071 2567 3323 2636 paradiso
3363 2572 3554 2639 garrit.

287 2672 410 2711 σου.
439 2653 500 2706 ὃν
535 2654 689 2706 καλεῖ
715 2654 942 2724 κόσμον.
979 2655 1138 2706 Ἔστι
1165 2655 1243 2720 δὲ,
1277 2657 1428 2725 φησὶ,
1460 2656 1527 2709 τά
1555 2655 1699 2725 φυτὰ
1724 2655 1792 2708 τὰ
1823 2659 1877 2708 ὲν

1981 2669 2143 2724 quem
2178 2654 2442 2709 mundum
2475 2657 2735 2726 appellat.
2776 2657 2918 2710 Sunt
2945 2665 3152 2725 autem,
3188 2670 3246 2714 ut
3274 2661 3366 2715 ille
3398 2663 3552 2726 dicit,

287 2745 462 2814 αὐτῷ,
497 2744 536 2798 ἀ
572 2745 699 2815 παρ’
729 2747 861 2815 ἡμῖν
902 2744 1182 2809 ἐπαινετὰ,
1217 2745 1253 2799 ἀ
1286 2747 1448 2810 αὐτὸς
1488 2749 1755 2816 ἀρνεῖται,
1793 2747 1877 2800 ἵνα

1979 2746 2229 2816 qumdam
2263 2747 2316 2800 in
2356 2748 2451 2802 illo
2485 2749 2732 2811 arbores,
2768 2763 2907 2818 quas
2941 2765 3042 2804 nos
3068 2751 3287 2821 quidem
3327 2754 3556 2808 laudan-

283 2836 477 2906 δειχθῇ
512 2835 729 2906 ἀληθῶς
781 2837 888 2889 ὑπὸ
929 2836 1022 2890 τοῦ
1068 2837 1245 2906 ὄφεως
1271 2839 1641 2909 ἠπατημένος.
1679 2837 1877 2902 Καθὼς

1979 2839 2079 2892 das
2119 2839 2478 2903 arbitramur,
2535 2841 2650 2909 ipse
2681 2856 2808 2894 vero
2843 2841 3082 2905 damnat,
3124 2851 3183 2896 ut
3213 2845 3298 2898 vel
3343 2845 3444 2901 hac
3471 2864 3558 2900 ra-

289 2929 516 2998 ὲκείνης
544 2928 877 2999 παρέφθειρε
905 2929 1004 3000 τὴν
1032 2929 1200 3000 ἀκοὴν
1233 2931 1332 3001 τῆς
1362 2931 1571 2983 ἀκάκου
1597 2929 1762 2994 Εὔας,
1787 2929 1877 2982 οὓ-

1992 2928 2138 2982 tione
2188 2929 2474 2998 deceptum
2523 2945 2582 2985 se
2624 2931 2692 2984 ab
2737 2939 2990 3001 serpente
3022 2932 3379 2990 demonstret.
3423 2936 3556 2992 Nam

286 3037 398 3082 τως
427 3021 456 3072 ό
479 3019 652 3081 δεινὸς
683 3019 803 3088 δφις
839 3019 933 3072 καὶ
970 3019 1133 3082 αὐτὸς
1166 3020 1529 3091 παραφθείρει
1572 3020 1762 3083 ἀκοάς.
1795 3019 1877 3073 Τὰ

1981 3019 2438 3089 quemadmodum
2474 3020 2576 3076 iste
2613 3022 2840 3076 nimium
2879 3023 3144 3094 simplicis
3173 3024 3296 3080 Eva:
3330 3029 3557 3084 auribus

285 3110 422 3180 γὰρ,
458 3111 647 3179 φησὶν,
679 3111 737 3162 ὲν
763 3108 842 3180 τῷ
871 3108 1185 3181 παραδείσῳ
1211 3110 1478 3181 λεγόμενα
1517 3112 1660 3180 φυτά
1684 3110 1870 3163 ἐπιθυ-

1982 3111 2276 3180 perniciem
2295 3113 2629 3166 insinuavit:
2657 3113 2738 3168 sic
2765 3124 2819 3168 et
2843 3114 3002 3182 hujus
3033 3116 3277 3171 auditum
3305 3119 3443 3173 idem
3469 3121 3558 3172 ille

288 3200 432 3269 μιῶν
463 3201 604 3252 εἰσιν
636 3199 862 3262 ἀπάται,
889 3199 947 3253 αἳ
971 3199 1342 3271 διαφθείρουσι
1369 3201 1460 3254 τὸν
1487 3201 1747 3272 λογισμὸν
1771 3201 1877 3254 τῶν

1981 3215 2206 3270 serpens
2229 3200 2508 3255 horribilis
2536 3202 2782 3271 eorrupit
2803 3204 2840 3255 '.
2871 3202 2977 3256 Illae
3000 3204 3183 3274 igitur,
3218 3206 3411 3277 inquit,
3437 3224 3558 3276 quae

285 3285 619 3358 ἀνθρώπων.
663 3289 735 3340 Τὸ
783 3288 842 3340 δὲ
891 3289 951 3340 ὲν
1000 3287 1078 3358 τῷ
1117 3289 1435 3360 παραδείσῳ
1474 3290 1662 3358 φυτὸν,
1707 3289 1768 3354 ἐξ
1801 3282 1877 3344 ὧν

1979 3289 2034 3342 in
2059 3289 2314 3357 paradiso
2347 3304 2469 3345 esse
2487 3290 2767 3356 dicuntur,
2796 3291 3044 3358 arbores,
3085 3297 3402 3364 cupiditatis
3437 3298 3558 3353 ille-

285 3380 619 3450 γνωρίζουσι
647 3381 706 3433 τὸ
728 3380 910 3441 καλὸν,
939 3381 1102 3444 αὑτός
1131 3385 1279 3435 ἐστιν
1304 3385 1332 3436 ό
1370 3384 1598 3454 Ἰησοῦς,
1621 3387 1653 3453 ἡ
1681 3383 1880 3452 γνῶσις

285 3473 319 3532 ἡ
352 3476 414 3525 ὲν
439 3472 523 3541 τῷ
555 3471 766 3543 κόσμῳ.
813 3473 870 3525 ’0
897 3473 955 3526 δὲ
992 3474 1288 3545 λαμϐάνων
1327 3474 1596 3546 διακρίνει
1625 3476 1686 3528 τὸ
1718 3475 1880 3529 καλὸν

286 3564 382 3616 καὶ
413 3563 476 3616 τδ
505 3565 694 3617 κακόν.
724 3565 833 3616 Kal
859 3567 991 3636 ὁρᾷς
1023 3566 1143 3630 πῶς
1168 3567 1347 3619 πάντα
1369 3569 1437 3620 τὰ
1467 3567 1602 3637 όρθά
1629 3568 1878 3639 διαστρέ-

287 3669 418 3721 φει,
454 3653 555 3705 τοῦ
599 3653 923 3708 ’Δποστόλου
967 3655 1266 3728 διαρρήδην
1309 3641 1541 3727 βοῶντος
1585 3660 1675 3711 καὶ
1730 3659 1877 3712 διδά-

288 3755 542 3804 σκοντος,
584 3742 667 3794 ὅτι
709 3742 1006 3812 Φοϐοῦμαι
1030 3743 1266 3813 μήπως.
1307 3747 1388 3812 ὡς
1419 3751 1450 3800 ό
1481 3748 1615 3816 ὄφις
1650 3748 1878 3817 ἐξηπά-

285 3848 482 3899 τησεν
519 3834 689 3886 Εὔαν
727 3835 798 3887 ἐν
842 3834 918 3902 τῇ
963 3839 1322 3907 πανουργίᾳ,
1371 3837 1524 3891 οὕτω
1572 3837 1768 3906 φθαρῇ
1805 3840 1879 3895 τὰ

283 3925 564 3993 νοήματα
586 3925 756 3995 ὑμῶν
783 3925 901 3980 ἀπὸ
930 3926 1040 3994 τῆς
1062 3928 1389 3996 ἁβρότητος
1427 3930 1526 3982 καὶ
1555 3928 1664 3997 τῆς
1690 3931 1878 3984 ἁπλό-

285 4028 495 4079 τητος,
526 4012 638 4080 τῆς
664 4017 750 4080 εὶς
778 4014 885 4068 τὸν
919 4018 1194 4082 Χριστόν.
1231 4019 1341 4070 Kal
1366 4020 1468 4090 ὅρα
1509 4019 1627 4082 πῶς
1657 4021 1875 4090 ἀπεφήο

283 4121 420 4156 varo
463 4104 629 4156 αὑτὸν
669 4106 866 4159 πλάνον
914 4109 1009 4160 κα)⁸
1043 4107 1372 4179 πανοῦργον,
1426 4112 1521 4164 καὶ
1554 4113 1876 4182 ἡπατηκότα

279 4194 384 4263 τὴν
407 4193 577 4248 Εὕαν.
609 4196 720 4248 Kal
752 4197 912 4250 πάλιν
941 4199 999 4250 ἐν
1027 4198 1172 4270 ἄλλῳ
1203 4201 1355 4271 τόπῳ
1383 4203 1411 4254 ό
1434 4202 1597 4264 αὐτὸς
1624 4203 1876 4256 Ἀπόστο-

279 4285 408 4348 λος
452 4285 633 4353 ,Ἀνὴρ
686 4289 798 4341 οὐκ
841 4289 1070 4357 ὀφείλει
1109 4292 1321 4360 κομᾷν,
1358 4292 1506 4356 δόξα
1550 4293 1648 4346 καί
1699 4293 1875 4348 εἰκὼν

281 4375 440 4430 Θεοῦ
469 4377 780 4446 ὑπάρχων.
813 4381 922 4435 Kal
961 4382 1115 4452 ὁρᾷς,
1160 4383 1235 4446 ὡς
1265 4384 1421 4447 δόξαν
1461 4383 1594 4437 Θεοῦ
1639 4384 1742 4456 ἔφη
1772 4387 1873 4456 τὴν

1978 3375 2156 3428 cebraa
2191 3383 2341 3439 sunt,
2374 3378 2575 3444 quibus
2616 3377 2897 3431 hominum
2937 3380 3101 3433 animi
3138 3381 3422 3450 depravari
3460 3401 3554 3443 so-

1980 3457 2110 3511 lent.
2155 3456 2328 3512 Porro
2376 3460 2582 3529 lignum
2606 3461 2739 3514 illud
2784 3477 2896 3530 quo
2947 3462 3150 3517 bonum
3192 3465 3552 3534 dignoscitur.

1979 3548 2206 3617 ipsemet
2230 3547 2390 3604 Jesus
2427 3556 2533 3612 est,
2559 3551 2674 3606 sive
2707 3552 2958 3616 scientia,
2986 3568 3108 3622 qua:
3140 3555 3194 3608 in
3221 3555 3324 3610 hoc
3354 3558 3557 3612 mundo

1979 3639 2184 3694 residet
2213 3658 2225 3694 :
2257 3655 2424 3708 quam
2448 3641 2543 3711 qui
2567 3641 2766 3711 accipit
2797 3642 3000 3696 bonum
3038 3658 3068 3696 a
3103 3646 3246 3701 malo
3271 3647 3553 3704 discernit.

1994 3727 2158 3784 Vides
2181 3739 2239 3784 ut
2266 3732 2370 3786 iste
2399 3732 2661 3802 quidquid
2703 3740 2911 3787 rectum
2948 3743 3034 3790 est
3056 3737 3400 3809 distorquere
3439 3750 3556 3796 stu—

1977 3818 2130 3884 deat,
2167 3835 2294 3874 cum
2332 3823 2630 3892 Apostolus
2673 3824 2876 3878 diserte
2915 3825 3112 3882 clamet
3160 3843 3224 3883 ac
3255 3829 3552 3899 pradicet:

1979 3909 2156 3964 Timeo
2177 3927 2240 3965 ne
2267 3913 2405 3966 sicut
2433 3929 2643 3982 serpens
2673 3915 2871 3983 decepit
2901 3915 3068 3970 Evam
3107 3922 3309 3975 astutia
3329 3938 3448 3990 sua,
3477 3924 3556 3978 ita

1975 4014 2384 4073 corrumpantur
2413 4007 2758 4076 cogitationes
2779 4020 2964 4063 vestrte
3003 4027 3036 4064 a
3063 4013 3313 4068 castitate
3345 4025 3395 4068 et
3425 4019 3552 4069 sim-

1974 4097 2210 4165 plicitate
2237 4099 2290 4169 in
2324 4098 2595 4154 Christum
2619 4101 2659 4155 ³.
2701 4100 2798 4157 Ubi
2823 4103 2957 4157 illud
2994 4105 3385 4162 animadvertis
3415 4125 3555 4178 quo-

1975 4189 2139 4242 modo
2159 4191 2510 4259 impostorem
2536 4192 2689 4246 illum
2716 4207 2780 4247 ac
2805 4192 3019 4248 vafrum
3043 4211 3165 4251 esse
3187 4197 3352 4263 dicat,
3383 4215 3411 4251 a
3445 4216 3556 4269 quo

1975 4277 2084 4332 Eva
2119 4279 2346 4350 decepta
2381 4283 2471 4336 sit.
2501 4281 2604 4336 Sed
2629 4283 2740 4338 alio
2770 4285 2890 4338 loco
2917 4285 3057 4341 idem
3082 4288 3396 4356 Apostolus,
3439 4291 3552 4354 Vir,

1975 4368 2171 4437 inquit,
2210 4385 2415 4422 comam
2466 4371 2606 4425 alere
2649 4389 2754 4426 non
2803 4373 2970 4438 debet,
3022 4392 3142 4429 cum
3172 4379 3242 4430 sit
3282 4379 3458 4448 gloria
3501 4394 3554 4435 et

277 4468 466 4538 κόμην
491 4469 587 4521 ἐπὶ
615 4468 862 4539 σώματος
886 4473 1215 4542 φερομένην,
1244 4476 1338 4527 καὶ
1363 4476 1462 4527 οὐκ
1489 4479 1545 4528 ὲν
1569 4475 1712 4547 ψυχῇ
1739 4494 1753 4507 ο
1775 4478 1871 4531 καὶ

1979 4461 2148 4531 imago
2182 4461 2279 4516 Dei
2301 4465 2343 4517 ⁸.
2377 4463 2586 4528 Quibus
2616 4466 2798 4520 verbis
2827 4467 2981 4522 vides
3035 4477 3093 4521 ut
3133 4485 3344 4525 comam
3381 4473 3546 4532 illam,

279 4559 431 4628 μετὰ
467 4557 649 4611 ταῦτά
688 4577 886 4630 φησιν·
948 4561 1120 4631 Ἀδὰμ
1161 4566 1272 4618 οὐκ
1315 4565 1660 4636 ἐξηπατήθη
1683 4585 1696 4598 ·
1730 4569 1871 4623 ἀλλ’

221 4713 230 4726 ι
277 4651 318 4718 ἡ
350 4649 516 4717 γυνὴ
557 4651 626 4702 ἐν
651 4653 980 4719 παραϐάσει
1007 4657 1294 4724 γενομένη
1327 4656 1648 4726 ἡμάρτηκε.
1677 4660 1870 4727 zami-

275 4757 456 4793 σεται
491 4740 564 4792 δὲ
588 4739 688 4794 διὰ
740 4740 852 4810 τῆς
893 4745 1298 4812 τεκνογονίας,
1349 4745 1458 4800 ἐὰν
1511 4747 1874 4817 ἐμμείνωσιν

276 4829 348 4882 ἐν
377 4827 460 4896 τῇ
499 4830 724 4882 πίστει.
754 4831 865 4882 Καὶ
890 4832 992 4901 ὅρα
1020 4832 1135 4896 πῶς
1163 4833 1320 4901 φύσει
1349 4834 1418 4888 τὰ
1449 4835 1677 4905 ἀληθινὰ
1709 4839 1873 4910 κεκή-

280 4935 485 4989 ρυκται
515 4921 576 4971 ὲν
602 4922 668 4990 τῇ
713 4919 834 4990 θείᾳ
864 4922 1074 4992 Γραφῇ.
1107 4923 1218 4976 Kal
1253 4925 1429 4995 μάτην
1458 4924 1632 4989 οὕτως
1663 4944 1872 4998 κομπο-

279 5015 449 5074 utsi,
483 5009 688 5080 μᾶλλον
717 5011 773 5063 δὲ
799 5011 994 5082 χλεύην
1023 5013 1311 5082 ὑφίσταται
1340 5015 1492 5084 παρὰ
1512 5018 1624 5078 τοῖς
1648 5017 1748 5087 τὴν
1779 5033 1870 5069 τε-

279 5102 434 5155 λείαν
469 5103 736 5173 φρόνησιν
795 5121 963 5174 κεκτη
973 5103 1175 5174 μένοις.
1203 5101 1336 5158 Εἶτα
1357 5106 1518 5159 πάλιν
1543 5107 1776 5162 ἐνταῦθα
1796 5110 1873 5162 δι-

1977 4565 2099 4620 quze
2126 4551 2182 4605 in
2205 4567 2454 4620 corpore,
2492 4569 2600 4608 non
2632 4555 2688 4609 in
2725 4558 2905 4610 anima
2933 4561 3158 4627 geritur,
3194 4561 3285 4616 Dei
3321 4563 3550 4632 gloriam

1977 4643 2230 4710 appellet.
2281 4643 2483 4699 Deinde
2525 4647 2750 4715 subjieit
2777 4665 2790 4700 :
2821 4648 2994 4702 Adam
3025 4667 3127 4702 non
3167 4661 3247 4704 est
3285 4652 3547 4719 deceptus,

1977 4735 2066 4787 sed
2095 4735 2283 4787 mulier
2311 4737 2366 4789 in
2390 4739 2804 4807 transgressione
2829 4739 2976 4807 facta
3005 4741 3255 4806 peccavit.
3304 4740 3545 4797 Saluabi-

1979 4835 2066 4876 tur
2097 4837 2270 4878 aulcm
2300 4841 2392 4890 per
2424 4827 2709 4888 liberorum
2743 4833 3179 4897 procreationem,
3219 4832 3266 4886 si
3305 4848 3552 4900 perman-

1975 4917 2139 4969 serint
2180 4917 2233 4969 in
2279 4916 2381 4984 [ide
2404 4919 2446 4970 ⁵.
2479 4917 2612 4974 Vide
2650 4935 2812 4988 quam
2854 4932 2977 4988 apte
3017 4923 3191 4977 sacris
3247 4923 3302 4975 iu
3335 4923 3551 4978 Litteris

1977 5021 2105 5060 vera
2146 5021 2212 5061 ac
2248 5009 2460 5063 sincera
2507 5027 2735 5080 quaeque
2786 5014 3168 5082 praedicentur,
3214 5015 3304 5068 ille
3353 5024 3546 5069 contra

1947 5097 2185 5156 ,l‘rustra
2236 5113 2358 5154 sese
2401 5103 2664 5165 venditet,
2698 5104 2780 5158 vel
2810 5105 2994 5173 potius
3035 5105 3272 5159 ludibrio
3302 5107 3373 5159 sit
3403 5109 3546 5175 apud

281 5196 504 5264 ηγεῖται
545 5193 619 5263 μὴ
661 5188 802 5246 εἶναι
841 5194 930 5248 τὸν
979 5195 1184 5265 κόσμον
1231 5193 1325 5248 τοῦ
1359 5195 1515 5261 Θεοῦ,
1557 5197 1729 5271 ἀλλ’ἢ
1765 5200 1872 5254 ἀπὸ

1979 5203 2094 5249 eos,
2119 5187 2211 5257 qui
2257 5189 2499 5258 perfecta
2535 5194 2801 5262 sapientia
2829 5194 3036 5263 praediti
3080 5205 3225 5251 sunt.
3257 5195 3422 5249 Addit
3452 5213 3548 5251 eo-

286 5283 492 5353 μέρους
538 5282 640 5351 τῆς
687 5282 821 5354 ὕλης
865 5284 1194 5339 πεπλάσθαι.
1239 5285 1326 5338 Ἐν
1371 5286 1448 5356 τῷ
1491 5287 1548 5340 δὲ
1589 5288 1664 5360 μὴ
1691 5289 1870 5359 ἑαυτῷ

284 5378 548 5444 στοιχεῖν,
581 5372 720 5426 ἀλλά
749 5375 890 5429 κατά
922 5376 1030 5432 τῶν
1064 5377 1242 5430 αὐτῶν
1278 5375 1536 5448 φέρεσθαι
1563 5378 1866 5443 ἀνασκευὰς

286 5465 380 5517 καὶ
430 5465 784 5530 κατασκευὰς
838 5467 1316 5538 ἐπιπλαττόμενος,
1356 5469 1518 5523 παντί
1568 5487 1648 5538 τῳ
1699 5470 1867 5539 σαφές

289 5554 401 5610 ἐστι
457 5557 757 5628 ληροῦντος
785 5553 923 5613 εἶναι
957 5559 1018 5613 τὸ
1043 5558 1251 5613 τοιοῦτο
1277 5560 1549 5631 φρόνημα.

1975 5279 2097 5334 dem
2137 5281 2276 5345 loco,
2311 5284 2569 5339 mundqu
2591 5286 2813 5341 minime
2841 5288 2906 5341 ad
2934 5286 3100 5340 Deum
3127 5287 3418 5355 pertinere,
3450 5289 3545 5343 sed

1973 5385 2004 5423 a
2026 5372 2266 5426 materia:
2291 5376 2536 5443 partibus
2557 5392 2679 5432 esse
2702 5377 3046 5432 fabricatum.
3074 5376 3275 5432 Verum
3300 5379 3404 5432 hoc
3426 5379 3548 5448 ipso

1973 5461 2118 5530 quod
2157 5478 2343 5517 secum
2387 5467 2613 5522 minime
2661 5469 2995 5534 consentiat,
3043 5469 3138 5524 sed
3177 5484 3244 5526 ea
3286 5470 3406 5540 ipsa
3448 5471 3545 5524 do-

1974 5561 2176 5622 gmata,
2203 5569 2323 5623 quae
2351 5558 2637 5623 conlinxit,
2667 5566 2878 5614 evertat
2909 5574 2974 5613 ac
3025 5560 3288 5626 stabiliat,
3321 5571 3545 5631 apparet

1979 5645 2094 5698 haec
2129 5659 2159 5697 a
2179 5643 2468 5703 delirantis
2496 5650 2718 5722 ingenio
2738 5666 2861 5706 esse
2886 5650 3151 5721 profecta.

357 5753 376 5785 ⁸
405 5751 610 5810 Decsse
641 5755 892 5809 nonnihil
917 5754 1150 5811 videtur.
1228 5756 1250 5788 ¹
1287 5754 1422 5811 Gen.
1447 5768 1508 5820 ιι,
1537 5753 1563 5807 1
1596 5770 1715 5826 sqq.
1794 5758 1814 5790 ³
1836 5757 1877 5814 ll

1979 5776 2037 5817 ll’.
2063 5776 2139 5829 ιι,
2170 5762 2222 5816 5.
2275 5763 2323 5844 ,⁸
2344 5762 2363 5818 1
2387 5763 2514 5820 Cor.
2544 5781 2621 5830 ιι,
2654 5763 2741 5818 ιι.
2815 5765 2836 5797 ⁵
2859 5763 2882 5819 ι
2903 5761 3044 5820 Tim.
3070 5781 3130 5833 ιι,
3161 5763 3248 5830 li,
3278 5762 3366 5818 l5.
