4076 6392
479 301 576 360 ιιι

1906 281 1964 336 S.
2001 277 2346 334 EPIPHANII

3653 275 3756 332 ηρ.

545 408 658 470 LV.
699 409 966 468 Praeterea
994 406 1300 464 animarum
1329 419 1392 458 ex
1433 400 1556 456 aliis
1585 400 1639 454 in
1679 397 1786 452 alia
1825 411 2056 468 corpora

2231 391 2355 446 NE'.
2387 391 2812 460 Μεταγγισμους
2840 391 2896 444 δὲ
2917 389 3107 460 ψυχῶν
3131 387 3399 458 διηγεῖται
3431 386 3542 441 ἀπὸ
3563 389 3754 459 σωμά-

475 506 746 566 transitus
795 502 1071 559 edisserit.
1128 495 1285 566 Quod
1331 492 1675 548 mendacium
1723 507 1754 546 a
1809 488 2058 552 Platone,

476 569 576 660 rell
611 601 831 656 Zenone
878 595 1086 654 Stoico.
1132 591 1221 646 vel
1250 587 1508 662 quopiam
1560 586 1668 640 alio
1708 601 1774 640 ex
1807 581 2062 637 fanaticis

479 695 590 750 illis
641 703 972 762 corrogasse
1013 685 1249 740 videtur.
1303 680 1519 736 Etenim
1567 676 1660 748 qui
1701 675 1816 730 fieri
1861 681 2060 744 potest,

479 799 541 856 ut
563 804 594 842 a
623 799 858 856 corpore
878 783 936 836 in
961 793 1162 848 corpus
1202 774 1382 829 anima
1410 769 1818 826 transferatur?
1842 766 1979 822 Nam
2016 767 2064 822 si

481 895 716 952 corpora
757 874 1078 948 jamdudum
1115 870 1350 924 formata
1399 875 1456 920 et
1505 870 1698 936 parata
1745 861 1949 926 forent,
2007 869 2066 914 ut

483 978 696 1030 animas
723 970 1060 1040 exciperent,
1095 961 1346 1020 nonnihil
1374 959 1596 1014 scenica
1621 958 1726 1012 ista
1757 953 1938 1008 fabula
1973 969 2069 1010 ve-

481 1065 714 1122 risimile
739 1060 900 1134 667
927 1062 1281 1130 proponeret.
1311 1051 1470 1106 Nunc
1504 1065 1628 1104 cum
1676 1047 1730 1102 id
1762 1047 1908 1120 quod
1941 1061 2068 1117 pro-

485 1157 789 1216 seminatur
825 1153 1022 1222 exigua
1069 1145 1307 1218 quadam
1349 1157 1380 1196 e
1421 1141 1568 1196 stilla
1615 1140 1710 1200 sit,
1751 1154 1862 1196 non
1907 1137 2068 1192 video

485 1245 946 1326 quemadmodum
993 1241 1207 1296 tantillo
1252 1241 1306 1294 in
1343 1249 1574 1308 oorpore
1605 1239 1814 1288 tantam
1847 1231 2070 1286 uberta-

485 1324 594 1400 tem
627 1355 690 1394 ac
723 1337 936 1406 c0piam
975 1335 1158 1388 anima
1189 1329 1456 1401 reperiat;
1490 1327 1572 1382 sic
1609 1325 1754 1380 enim
1791 1324 2070 1393 tinguntur

486 1454 552 1496 ea
583 1435 768 1492 omnia
801 1441 1148 1502 quaecunque
1175 1423 1395 1478 tandem
1437 1421 1736 1490 tinguntur.
1773 1416 1852 1472 Ita
1887 1415 2071 1470 nullus

489 1532 650 1590 istius
682 1523 981 1582 narrationi
1023 1523 1176 1576 locus
1209 1525 1328 1582 est;
1363 1529 1464 1570 nec
1504 1512 1574 1568 ab
1619 1526 1728 1564 uno
1761 1523 1994 1578 corpore
2015 1508 2072 1564 in

490 1624 636 1682 aliud
667 1619 862 1678 anima:
890 1613 1374 1668 transfunduntur.
1406 1604 1686 1676 Siquidem
1710 1603 1919 1671 absque
1947 1617 2072 1655 mu-

491 1725 582 1772 tua
632 1711 802 1766 maris
851 1723 914 1762 ac
961 1705 1176 1761 feminae
1227 1698 1620 1768 conjunctione
1669 1694 1808 1748 nihil
1849 1693 1904 1748 in
1959 1693 2102 1750 ullo-

2161 503 2270 538 των
2309 486 2388 548 εις
2420 483 2670 554 σώματα,
2709 482 2868 536 ἅτινα
2913 483 3056 552 τάχα
3097 481 3130 552 ἢ
3169 479 3320 549 παρὰ
3361 477 3669 544 Πλάτωνος,
3721 482 3752 550 ﬁ

2165 573 2408 643 Ζήνωνος
2439 569 2535 624 τοῦ
2564 571 2825 634 Στωϊκοῦ,
2855 572 2890 642 ἦ
2915 573 3066 640 παρά
3089 587 3236 634 τινος
3247 567 3354 622 τῶν
3372 571 3757 640 πεφαντασμέ-

2165 682 2270 718 νων
2303 665 2696 736 ὲρανισάμενος
2725 666 2877 717 τουτὶ
2901 665 2964 718 τὸ
2993 664 3215 734 ψεῦσμα
3249 665 3586 736 εὑρίσκεται.
3632 662 3758 725 Πῶς

2165 757 2274 830 γὰρ
2314 753 2426 812 οἶόν
2470 759 2617 810 ἐστιν
2652 757 2762 810 ἀπὸ
2811 755 3062 826 σώματος
3101 759 3178 820 είς
3205 755 3362 826 σῶμα
3391 753 3760 827 εἰσ-κρίνεσθαι

2167 851 2262 923 τὴν
2307 850 2511 920 ψυχήν;
2553 850 2616 902 Et
2676 849 2775 920 μὲν
2823 849 2932 920 γὰρ
2985 847 3216 918 σώματα
3264 848 3625 918 πεπλασμένα
3665 845 3763 900 καὶ

2167 945 2361 1014 ἕτοιμα
2401 940 2490 1014 ἦν,
2525 943 2621 996 καὶ
2661 941 2804 996 οὕτω
2851 941 2950 1006 τὰς
2987 941 3166 1012 ψυχὰς
3215 941 3529 1012 ὑπεδέχετο,
3559 939 3762 1010 πιθανή

2168 1054 2250 1100 τις
2277 1031 2400 1106 ἦνή
2433 1035 2538 1106 ,τῆς
2577 1034 2888 1108 τραγῳδίας
2929 1033 3239 1106 μυθοποιία·
3273 1035 3321 1086 εί
3353 1033 3412 1086 δὲ
3447 1032 3510 1085 τὸ
3537 1029 3764 1104 σπειρό-

2171 1129 2334 1200 μενόν
2372 1131 2519 1182 ἐστιν
2553 1130 2618 1182 ὲκ
2664 1128 2922 1196 σταγόνος
2975 1126 3256 1200 βραχείας,
3309 1126 3428 1191 πῶς
3457 1125 3658 1197 ἡψυχὴ
3705 1128 3766 1178 ὲν

2169 1221 2247 1292 τῷ
2297 1221 2538 1290 τοσούτῳ
2575 1219 2760 1291 μικρῷ
2807 1219 3022 1290 σώματι
3067 1213 3196 1291 εὗρε
3229 1219 3488 1290 τοιαύτην
3515 1217 3764 1290 elipeum;

2171 1313 2328 1366 Οὖτω
2358 1313 2466 1385 γὰρ
2497 1313 2566 1366 τὰ
2597 1313 2952 1382 πλασσόμενα
2981 1312 3299 1366 πλάσσεται·
3337 1314 3432 1366 καὶ
3453 1313 3638 1366 οὐκέτι
3669 1327 3766 1362 συ-

2175 1408 2498 1479 σταθήσεται
2528 1407 2693 1461 αὐτοῦ
2719 1409 2746 1460 ὁ
2772 1406 2950 1474 λόγος.
2983 1405 3121 1460 Οὔτε
3143 1406 3252 1478 γὰρ
3275 1406 3387 1459 ἀπὸ
3409 1406 3660 1475 σώματος
3687 1404 3770 1466 είς

2175 1499 2334 1570 σῶμα
2367 1498 2784 1570 μεταγγίζονται
2814 1499 2871 1552 αἱ
2902 1498 3094 1568 ψυχαί.
3129 1498 3264 1569 Λίχα
3299 1497 3409 1569 γὰρ
3441 1496 3640 1568 μίξεως
3669 1493 3771 1562 θη-

2173 1591 2321 1655 λείας
2351 1591 2486 1662 πρδς
2517 1591 2744 1664 ᾶρῤενα,
2770 1591 2866 1644 καὶ
2905 1591 3135 1662 ᾶῤῥενος
3159 1591 3294 1662 πρὸς
3321 1589 3540 1660 θήλειαν
3562 1589 3620 1640 ἐν
3642 1587 3773 1640 ἑκά-

2176 1701 2286 1753 στῳ
2312 1683 2420 1736 τῶν
2471 1682 2646 1748 ζώων,
2679 1683 2834 1736 οὐδέν
2877 1701 2929 1736 τι
2961 1682 3071 1738 τῶν
3117 1683 3508 1754 πλασσομένων
3535 1681 3768 1751 γίνεται.

493 1805 810 1864 animalium
857 1813 1055 1873 genere
1121 1793 1512 1866 propagatione
1571 1789 1860 1843 formatur.
1929 1785 2071 1840 Num

2190 1772 2323 1847 Ἀρα
2350 1776 2481 1844 γοῦν
2529 1776 2702 1840 οὕτως
2735 1776 2968 1848 ἕστηκεν
3001 1779 3034 1847 ἡ
3082 1776 3250 1846 ψυχὴ,
3294 1777 3383 1829 ἵνα
3411 1778 3476 1846 τῇ
3509 1772 3777 1844 συναφείᾳ

493 1902 658 1974 igitur
691 1898 772 1954 sic
801 1892 1058 1952 consistit
1089 1889 1294 1950 anima,
1317 1893 1379 1968 ut
1407 1884 1694 1940 amborum
1723 1879 2076 1950 copulatione

495 1972 787 2063 corporum
812 1982 1162 2040 circulatoris
1185 1981 1344 2036 istius
1361 1977 1598 2032 fabulam
1622 1973 1903 2029 absolvat?
1934 1972 2078 2026 Sane

495 2088 692 2142 miram
728 2082 945 2136 illorum
973 2075 1324 2134 stoliditatem
1361 2077 1578 2141 oportet
1616 2083 1760 2132 esse,
1794 2065 1888 2135 qui
1925 2063 2076 2134 ejus-

496 2177 644 2236 modi
673 2175 758 2228 vel
786 2168 1080 2242 cogitando
1117 2167 1221 2222 sibi
1255 2165 1532 2218 finxerint.
1577 2159 1746 2216 Nobis
1773 2168 1979 2218 autent,
2009 2171 2080 2211 ne

497 2283 620 2338 quae
647 2273 878 2334 augusta
917 2256 984 2318 ac
1013 2257 1267 2328 religiosa
1300 2265 1448 2316 sunt,
1482 2259 1906 2310 commutemus.
1939 2249 2077 2304 satis

497 2375 622 2418 esse
655 2357 832 2410 \isum
862 2361 948 2408 est
991 2350 1189 2406 velute
1234 2347 1534 2416 longinquo
1576 2343 1883 2414 argumenti
1917 2341 2082 2409 hujus

497 2447 827 2501 informasse
881 2439 1140 2509 speciem.
1190 2434 1458 2500 Quocirca
1515 2432 1881 2502 perniciosam
1939 2429 2082 2482 hanc

499 2549 662 2610 atque
707 2533 1040 2592 exitiabilem
1091 2529 1406 2600 opinionem
1461 2524 1892 2594 praetermittam.
1943 2521 2082 2576 Nam

501 2626 836 2702 perabsurda
868 2633 998 2682 sunt
1026 2619 1296 2692 ejusmodi
1337 2619 1521 2674 omnia
1559 2616 1832 2687 dogmata.
1868 2613 2082 2669 Etenim

502 2727 552 2782 si
578 2722 906 2793 corporibus
936 2731 1170 2788 corpora
1223 2720 1438 2768 mutent
1477 2711 1692 2776 animae,
1723 2719 1782 2764 ut
1821 2708 1918 2779 qui
1950 2706 2082 2762 olim

503 2821 667 2876 homo
689 2815 851 2872 fuerit
879 2820 1066 2883 postea
1087 2809 1239 2866 canis
1255 2807 1506 2870 exsistat,
1523 2819 1622 2862 cur
1641 2818 1750 2858 non
1773 2819 1841 2858 ex
1865 2801 2086 2856 homine

501 2912 588 2967 vel
611 2910 754 2964 bove
775 2906 928 2966 canis
959 2900 1242 2960 nascitur?
1269 2906 1365 2954 aut
1393 2911 1493 2952 cur
1513 2910 1622 2950 non
1655 2894 1770 2949 avis
1805 2890 2084 2964 progigni-

501 3005 630 3060 tur?
677 3001 790 3056 lmo
837 3007 1053 3062 contra,
1091 2996 1138 3051 si
1169 2993 1318 3065 quod
1363 2991 1564 3046 infiniti
1609 2988 1876 3058 temporis
1909 2985 2086 3056 spatio

504 3097 814 3146 monstrum
847 3086 1014 3155 hujus
1047 3083 1266 3156 generis
1311 3081 1542 3146 oriatur,
1587 3079 1824 3150 portenti
1855 3077 2087 3131 habetur

507 3181 704 3238 instar.
737 3178 818 3232 Ac
849 3183 1045 3232 natura
1087 3173 1306 3244 quidem
1343 3172 1462 3244 ipsa
1497 3171 1614 3226 suis
1643 3185 1702 3225 se
1729 3167 1928 3222 ﬁnibus
1955 3181 2088 3221 eon-

510 3273 666 3334 tinet,
697 3281 876 3336 neque
899 3271 994 3319 aut
1039 3261 1300 3324 hominis,
1339 3268 1436 3314 aut
1476 3259 1704 3330 pecudis
1737 3258 1904 3311 ullius
1933 3262 2093 3310 natu-

509 3381 652 3430 ram,
693 3370 887 3418 contra
917 3373 1080 3430 quam
1113 3355 1352 3426 postulet
1389 3354 1529 3426 ipsa,
1561 3360 1882 3412 commutat.
1914 3349 2008 3405 sed
2039 3350 2093 3402 in

512 3465 842 3524 unaquaque
875 3448 1056 3518 specie
1075 3445 1264 3500 eadem
1293 3449 1556 3514 perpetuo
1589 3441 1826 3510 qualitas
1864 3453 1928 3492 ac
1956 3453 2093 3491 con-

509 3542 646 3598 ditio
671 3545 938 3594 remanet.
967 3533 1086 3588 Jam
1111 3546 1240 3587 vero
1263 3531 1360 3586 sia
1377 3543 1608 3598 corpore
1631 3526 1780 3581 aliud
1807 3541 1904 3596 pro
1924 3525 2096 3579 altero

511 3647 714 3703 corpus
747 3629 882 3684 oriri
915 3642 1026 3682 non
1059 3632 1259 3696 potest,
1287 3631 1492 3692 quanto
1521 3621 1694 3692 magis
1717 3619 1770 3673 in
1797 3619 1944 3674 aliud
1971 3633 2098 3672 cor-

511 3741 616 3797 pus
645 3721 956 3794 transgredi
987 3718 1230 3774 hominis
1258 3717 1440 3772 anitna
1461 3731 1570 3770 non
1593 3714 1824 3784 poterit?
1855 3712 1987 3779 Quae
2011 3721 2095 3768 est

513 3822 722 3874 autem.
753 3811 934 3882 inquit
963 3810 1075 3875 ille,
1108 3807 1430 3862 mutationis
1461 3807 1608 3861 illius
1629 3805 1802 3860 ratio?
1829 3805 1899 3862 Ut
1933 3805 2098 3858 nimi-

513 3919 635 3960 rum
681 3902 750 3967 si,
791 3915 918 3959 cum
963 3900 1018 3954 in
1064 3899 1284 3952 homine
1309 3904 1476 3962 esset,
1523 3897 1770 3952 veritatis
1809 3895 2096 3951 scientiam

513 4019 622 4058 non
662 3999 988 4072 perceperit,
1039 3996 1272 4052 subinde
1319 3994 1374 4049 in
1407 4007 1622 4058 canem,
1667 4001 1761 4047 aut
1783 4007 1984 4062 equum
2017 3993 2100 4045 in-

513 4090 792 4151 troducta,
841 4103 906 4142 ac
944 4085 1274 4158 perdomita,
1322 4083 1785 4152 intelligentiaque
1833 4081 2094 4152 praedita,

517 4181 820 4232 humanum
865 4175 918 4229 in
961 4187 1164 4243 corpus
1205 4171 1388 4227 denuo
1431 4178 1758 4234 revertatur,
1817 4179 1980 4239 atque
2023 4171 2098 4223 ita

2175 1869 2283 1924 τῶν
2313 1869 2407 1922 δύο
2455 1869 2725 1940 σωμάτων
2753 1867 2814 1921 τὸ
2852 1867 3190 1940 τραγῴδημα
3224 1869 3382 1922 τοῦτο
3411 1867 3504 1920 τοῦ
3535 1866 3774 1938 ἀγύρτου
3869 1862 3876 1867 ’

2177 1963 2496 2036 ἐπιτελέα-ζμ
2529 1963 2640 2015 Ka‘t
2679 1961 2846 2031 πολλή
2874 1963 2960 2023 τίς
3005 1963 3151 2014 ἐστιν
3181 1963 3213 2032 ἡ
3241 1961 3442 2014 ἀτοπία
3479 1963 3537 2014 ὲν
3569 1961 3680 2022 τοῖς
3707 1959 3777 2011 τὰ

2177 2056 2399 2110 τοιαῦτα
2415 2055 2520 2108 κᾶν
2545 2053 2966 2122 διανοουμένοις.
3003 2053 3192 2124 Ἡμεῖς
3223 2054 3280 2108 δὲ
3303 2055 3389 2106 ἵνα
3417 2051 3490 2124 μὴ
3507 2052 3575 2105 τὰ
3603 2052 3778 2121 σεμνᾶ

2183 2147 2635 2219 μεταὸἁλλωμεν,
2668 2147 2915 2218 ἀρκετῶς
2957 2147 3187 2218 ἔσχομεν
3213 2147 3375 2216 μόνον
3401 2146 3475 2209 ὡς
3508 2145 3617 2198 ἀπὸ
3645 2145 3778 2215 πόῤ-

2183 2240 2354 2311 ρωθεν
2396 2240 2580 2293 δοῦναι
2605 2239 2704 2310 τῆς
2731 2237 3042 2303 ὑποθέσεως
3077 2237 3138 2291 τὸ
3163 2234 3322 2302 εἶδος.
3356 2235 3778 2308 Παρελεύσομαι

2180 2333 2360 2386 τοίνυν
2399 2333 2508 2384 ἀπὸ
2547 2333 2645 2403 τῆς
2683 2331 2942 2404 τοιαύτης
2987 2331 3312 2404 φθοροποιοῢ
3349 2329 3626 2393 ὑπονοίας.
3669 2329 3779 2383 Καὶ

2183 2424 2294 2496 γὰρ
2324 2424 2502 2478 πάντα
2527 2423 2706 2477 ἄτοπα
2743 2425 2813 2477 τὰ
2839 2423 3064 2477 τοιαῦτα
3092 2423 3454 2493 διανοήματα.
3485 2423 3550 2476 El
3579 2422 3688 2494 γὰρ
3715 2425 3781 2475 ἐκ

2191 2518 2442 2588 σώματος
2465 2518 2544 2579 εἰς
2575 2515 2735 2588 σῶμα
2759 2519 2792 2588 ἠ
2823 2517 3092 2588 μεταϐολὴ
3119 2517 3230 2569 τῶν
3252 2517 3459 2587 ψυχῶν,
3480 2517 3574 2569 καὶ
3600 2519 3628 2568 ὁ
3650 2515 3782 2570 ποτὲ

2183 2609 2468 2681 ἄνθρωπος
2506 2608 2731 2680 ὕστερον
2765 2609 2938 2676 κύων,
2985 2609 3074 2663 διὰ
3122 2609 3174 2662 τί
3226 2609 3300 2679 μὴ
3339 2609 3447 2662 ἀπὸ
3488 2607 3782 2679 ἀνθρώπου

2185 2703 2332 2757 κύων
2369 2703 2600 2770 γίνεται,
2631 2701 2664 2772 ἢ
2696 2702 2805 2756 ἀπὺ
2845 2702 2998 2771 βοός
3025 2701 3113 2754 διὰ
3141 2702 3194 2754 τί
3223 2702 3375 2773 ὅρνις
3409 2701 3470 2754 ού
3508 2701 3782 2766 τίκτε-ταις

2198 2795 2336 2848 Ἀλλ’
2363 2797 2410 2846 εί
2433 2793 2542 2866 ἄρα
2578 2793 2815 2865 συμϐαίη
2851 2794 3027 2865 χρόνῳ
3045 2794 3150 2848 τινὶ
3179 2795 3236 2846 ὲν
3257 2793 3334 2864 τῷ
3359 2793 3579 2864 ἀπλέτῳ
3627 2793 3785 2846 αἰῶνι

2185 2885 2470 2956 τεράστιόν
2503 2902 2554 2937 τι
2581 2885 2861 2953 γενέσθαι,
2895 2885 3122 2957 σημείου
3157 2885 3319 2938 ἕνεκα
3345 2885 3574 2954 γίνεται.
3610 2883 3721 2937 Kal.
3751 2885 3787 2954 ἡ

2189 2975 2352 3043 φύσις
2383 2976 2479 3045 μὲν
2529 2975 2730 3044 ἑαυτῆς
2749 2977 2874 3039 τοὺς
2895 2977 3055 3047 ὄρους
3083 2977 3390 3040 ἐπίσταται,
3427 2975 3522 3028 καὶ
3551 2975 3612 3027 οὐ
3655 2991 3787 3045 μετ-

2189 3067 2442 3122 αλλάσσει
2462 3067 2624 3137 φύσιν
2658 3068 2969 3140 ἀνθρώπου,
3000 3069 3204 3140 ἑτέρως
3235 3067 3591 3138 πλασσομένη
3631 3067 3788 3138 παρὰ

2195 3160 2300 3231 τὴν
2335 3160 2519 3230 φύσιν,
2574 3160 2694 3214 οὐδὲ
2749 3161 2979 3214 ἑκάστου
3036 3163 3288 3232 κτήνους·
3341 3161 3542 3214 ἀλλ’ὲν
3583 3161 3786 3230 ἑκάστῃ

2196 3254 2441 3323 ποιότητι
2475 3257 2509 3324 ἡ
2545 3255 2682 3326 αὐτὴ
2717 3255 2936 3326 ποιότης
2971 3256 3199 3324 γίνεται.
3231 3255 3340 3308 Καὶ
3369 3257 3416 3307 εἰ
3448 3253 3586 3318 ὅλως
3631 3255 3788 3324 σῶμα

2197 3345 2386 3417 ἕτερον
2419 3345 2534 3399 ἀνθ’
2561 3347 2747 3418 ἐτέρου
2773 3347 2880 3401 ἀπὸ
2911 3348 3160 3420 σώματος
3194 3349 3254 3401 οὐ
3279 3349 3507 3416 γίνεται,
3537 3350 3688 3417 πόσῳ
3726 3363 3789 3415 γε

2201 3440 2400 3511 μᾶλλον
2417 3438 2566 3510 ψυχὴ
2595 3439 2882 3512 ἀνθρώπου
2907 3441 2986 3503 είς
3007 3441 3191 3512 ἕτερον
3215 3439 3375 3510 σῶμα
3396 3441 3453 3493 οὐ
3481 3441 3790 3510 μεταϐήσε-

2199 3549 2290 3586 ται
2311 3549 2325 3598 ;
2351 3532 2460 3586 Καὶ
2480 3533 2566 3586 ἵνα
2585 3532 2657 3596 τί,
2687 3533 2840 3602 φησὶ,
2873 3533 3265 3602 μεταὸἀλλεται
3288 3550 3302 3598 ;
3337 3533 3450 3586 ἀλλ’
3473 3533 3559 3586 ἵνα
3583 3531 3637 3584 εἴ
3661 3549 3791 3584 ποτε

2199 3624 2256 3676 ὲν
2277 3622 2372 3676 ἀνθ
2385 3621 2552 3694 ρώπῳ
2581 3622 2654 3694 μὴ
2692 3625 2911 3676 συνεῖσα
2947 3623 3048 3694 τὴν
3075 3623 3175 3694 τῆς
3198 3623 3456 3694 ἀληθείας
3485 3621 3707 3692 γνῶσιν.
3729 3623 3788 3673 ὲν

2205 3716 2351 3780 κυνὶ,
2385 3715 2419 3786 ἢ
2455 3717 2512 3768 ὲν
2544 3717 2696 3780 ἵππῳ
2727 3715 3015 3786 γενομένη,
3040 3717 3132 3769 καὶ
3151 3715 3508 3787 δαμασθεῖσα,
3551 3713 3646 3766 καὶ
3677 3729 3796 3766 συν-

2201 3812 2340 3868 εῖσα.
2363 3807 2664 3880 ἀνακάμψῃ
2685 3807 2847 3861 πάλιν
2872 3809 2954 3870 είς
2983 3807 3270 3878 ἀνθρώπου
3300 3807 3479 3878 σῶμα,
3499 3809 3594 3860 καὶ
3619 3803 3794 3867 οὕτως

2199 3898 2403 3968 γνοῦσα
2430 3900 2528 3970 τὴν
2550 3899 2750 3969 γνῶσιν
2789 3898 3233 3970 ἁναληφθήσεται
3256 3902 3336 3962 εἰς
3361 3899 3453 3952 τὸν
3484 3899 3667 3951 δίσκον
3692 3895 3795 3966 τῆς

2201 3991 2452 4062 σελήνης.
2492 3991 2603 4044 Καὶ
2635 3991 2748 4044 ἔστι
2783 3990 3096 4061 Θαυμαστὸν
3149 3991 3298 4055 ἰδεῖν,
3349 3991 3432 4044 ὅτι
3476 3991 3533 4044 ὲν
3581 3989 3682 4060 μὲν
3709 3991 3798 4041 ἀν-

2201 4083 2404 4155 θρώπῳ
2445 4085 2736 4155 γενομένη,
2770 4076 3361 4154 παρ’ᾧπαιδευτήρια,
3385 4079 3794 4154 γραμματικοὶ,

2203 4175 2456 4244 σοφισταί
2495 4192 2556 4227 τε
2597 4176 2693 4229 καὶ
2727 4173 2929 4244 τεχνῶν
2967 4175 3224 4246 ἀμύθητα
3253 4175 3452 4246 πλήθη,
3486 4177 3579 4230 καὶ
3611 4173 3796 4236 λαλιὰ,

517 4279 740 4334 compos
777 4263 1021 4318 scientia:
1059 4260 1203 4314 facta
1244 4259 1298 4312 in
1342 4259 1532 4313 orbem
1583 4259 1724 4312 luna:
1777 4258 2085 4327 recipiatur.

2201 4264 2294 4317 καὶ
2320 4263 2479 4335 ἀκοὴ,
2507 4265 2601 4317 καὶ
2631 4264 2903 4335 λογιότης,
2937 4265 2996 4318 ἐν
3029 4265 3275 4336 ἀγνωσία
3295 4267 3538 4338 ὑπῆρχεν
3566 4267 3598 4336 ἡ
3625 4263 3796 4332 ψυχὴ,

517 4351 576 4406 In
610 4367 719 4422 quo
754 4365 850 4422 per
883 4350 1016 4410 illud
1065 4365 1198 4406 sane
1227 4347 1426 4402 mirum
1464 4355 1547 4402 est
1572 4365 1583 4400 :
1608 4347 1884 4410 Animam,
1921 4363 2085 4417 quan-

2203 4357 2261 4408 ὲν
2316 4355 2372 4407 δὲ
2425 4355 2596 4426 χοίρῳ
2644 4357 2933 4426 γενομένη,
2988 4357 3188 4427 μᾶλλον
3240 4357 3475 4425 ἐπέγνω·
3520 4356 3610 4410 ἵνα
3647 4354 3800 4424 δείξῃ

517 4441 612 4506 diu
641 4443 698 4496 in
719 4442 943 4498 homine
983 4439 1103 4504 fuit,
1131 4437 1220 4492 cui
1253 4438 1566 4494 scholarum
1594 4443 2085 4506 grammaticorum.

2210 4445 2409 4515 μᾶλλον
2467 4444 2564 4516 τὴν
2624 4445 2790 4500 αὐτοῦ
2847 4447 3182 4514 ἐπαγγελίαν
3239 4447 3332 4518 τῆς
3377 4445 3632 4515 γνώσεως
3681 4445 3797 4514 χοί-

519 4533 930 4602 scphistarum,
971 4530 1384 4584 innumerarum
1422 4529 1656 4600 denique
1699 4532 1898 4584 artium
1933 4536 2085 4602 copia

2203 4554 2312 4608 ρων
2339 4532 2525 4596 οὖσαν,
2558 4537 2646 4590 διὰ
2669 4537 2766 4609 τὴν
2804 4541 2968 4592 αὐτοῦ
3007 4539 3217 4611 πλάνην
3251 4541 3342 4594 καὶ
3373 4539 3646 4593 ἀσέϐειαν.
3723 4559 3738 4570 ·

521 4630 786 4700 suppetit,
832 4628 926 4698 qui
971 4626 1459 4692 sermocinatione,
1511 4627 1732 4693 auditu,
1790 4631 2096 4686 eruditione
2129 4634 2390 4703 praeditus
2420 4643 2523 4698 est,
2551 4635 2606 4688 in
2633 4651 2718 4701 eo,
2743 4637 2985 4706 inquam,
3047 4638 3265 4692 homine
3305 4645 3456 4691 tanta
3517 4641 3570 4691 in
3635 4634 3804 4690 insci-

520 4726 596 4780 tia
645 4723 884 4776 animam
919 4735 1044 4776 esse
1095 4727 1389 4782 versatam,
1443 4719 1688 4774 eau'tdem
1731 4737 1860 4776 vero
1893 4739 2020 4777 mox
2071 4733 2129 4777 ut
2171 4727 2224 4778 in
2273 4741 2495 4794 porcum
2549 4729 2812 4783 translata
2859 4730 3045 4794 fuerit,
3097 4730 3324 4799 majoris
3393 4747 3518 4786 esse
3555 4729 3804 4784 scientiae

521 4819 866 4888 participem.
929 4813 1050 4880 Quo
1084 4811 1303 4882 quidem
1343 4813 1562 4869 decreto
1625 4829 1778 4870 suam
1851 4815 1999 4870 illam
2058 4821 2302 4877 scientia:
2345 4819 2746 4891 professionem
2795 4838 3086 4891 porcorum
3137 4827 3414 4895 propriam
3461 4826 3634 4892 magis
3681 4837 3804 4876 esse

521 4910 786 4964 declarat.
819 4906 1030 4959 Tantus
1059 4913 1146 4959 est
1173 4905 1410 4959 hominis
1439 4920 1592 4958 error
1619 4914 1674 4958 et
1703 4906 1973 4976 impietas.

589 5003 760 5074 638
797 4999 929 5054 LVI.
967 4999 1042 5054 De
1065 4999 1256 5054 Adami
1287 5015 1415 5055 vero
1456 5000 1810 5057 fabricatione
1841 5003 1981 5058 idem
2017 5003 2109 5058 ille

522 5107 648 5146 cum
682 5090 946 5160 disputat,
983 5088 1087 5142 alia
1133 5103 1232 5157 pro
1260 5089 1382 5142 aliis
1411 5090 1600 5144 eadem
1635 5089 1855 5144 errandi
1887 5091 2108 5145 licentia

523 5179 778 5248 pertexit.
823 5175 913 5230 Sic
949 5177 1096 5230 enim
1137 5176 1372 5230 asserit;
1407 5174 1541 5230 Eum
1578 5178 1672 5246 qui
1701 5177 1873 5232 dixit:
1914 5177 2112 5234 Facia-

525 5287 644 5324 mus
679 5270 942 5322 hominem
999 5267 1066 5320 ad
1114 5269 1395 5338 imaginem
1441 5277 1671 5324 nostram
1716 5281 1767 5323 et
1799 5271 2112 5325 similitudi-

528 5360 1000 5424 nem‘,addidisse
1016 5359 1289 5423 nonnihil,
1319 5359 1503 5430 itaque
1527 5363 1867 5430 concepisse,
1911 5361 2110 5430 Venite,

529 5455 823 5524 faciamus;
857 5454 1004 5530 quod
1035 5453 1088 5507 in
1119 5451 1403 5522 Scriptura
1435 5468 1544 5506 non
1586 5454 1801 5522 legitur,
1842 5456 1936 5510 sed
1979 5457 2110 5510 illud

529 5545 814 5607 duntaxat,
846 5540 1132 5596 Faciamus
1166 5541 1426 5594 hominem
1455 5540 1524 5594 ad
1561 5541 1839 5612 imaginem
1873 5553 2112 5598 nostram

527 5637 582 5686 et
626 5629 1052 5684 similitudinem.
1097 5627 1298 5686 Verum
1331 5643 1442 5684 non
1476 5627 1636 5684 modo
1669 5631 1986 5699 Apostolus,
2019 5635 2111 5689 sed

601 5779 630 5834 1
657 5781 769 5840 Gen
831 5801 872 5853 ι,
895 5785 986 5840 ‘26.

2279 4997 2423 5064 NCT.
2453 4997 2588 5067 Περὶ
2614 4997 2670 5051 δὲ
2709 4999 2811 5068 τῆς
2843 4997 2936 5050 τοῦ
2979 4999 3149 5070 Ἀδὰμ
3193 4999 3442 5066 πλάσεως
3469 5003 3497 5056 ὁ
3537 5003 3701 5067 αὐτὸς
3729 5003 3810 5056 δι-

2215 5089 2518 5159 ηγούμενος
2549 5091 2712 5160 ἕτερα
2761 5089 2876 5144 ἀνθ’
2907 5091 3108 5162 ἐτέρων
3151 5095 3214 5162 τῇ
3249 5093 3422 5165 πλάνῃ
3469 5094 3806 5162 συνυφαίνει.

2216 5181 2362 5242 Ὅτι,
2397 5181 2580 5252 φησὶν,
2619 5185 2647 5235 ὁ
2681 5182 2870 5246 εἰπὼν,
2917 5185 3272 5252 Ποιήσωμεν
3326 5186 3642 5254 ἄνθρωπον
3679 5187 3808 5240 κατ’

2211 5273 2420 5326 εἰκόνα
2465 5275 2760 5342 ἡμετέραν
2803 5276 2899 5329 καὶ
2957 5279 3083 5332 καθ’
3112 5279 3424 5346 ὁμοίωσιν,
3458 5279 3554 5332 καὶ
3584 5280 3812 5350 προστί-

2217 5363 2341 5433 θησι
2375 5363 2546 5432 λέγων
2595 5365 2676 5428 τὸ,
2705 5365 2902 5428 Δεῦτε,
2938 5367 3302 5436 ποιήσωμεν,
3345 5369 3482 5438 ὅπερ
3503 5368 3563 5420 οὐ
3598 5367 3808 5437 γέγρα-

2215 5473 2366 5520 πται,
2391 5455 2524 5510 ἀλλὰ
2554 5457 2910 5530 Ποιήσωμεν
2935 5462 3251 5530 ἅνθρωποι·
3281 5463 3407 5514 κατ’
3425 5461 3634 5514 εἰκόνα
3659 5459 3807 5528 ἡμε-

2213 5549 2393 5616 τέραν
2409 5551 2504 5603 καὶ
2527 5553 2655 5604 καθ’
2690 5555 2991 5622 ὁμοίωσιν.
3031 5555 3275 5624 Ἐλέγχει
3297 5555 3353 5608 δὲ
3385 5554 3573 5606 τοῦτον
3599 5554 3627 5604 ὁ
3653 5553 3810 5621 ἅγιος

2234 5639 2556 5707 ’Λπὸστολος
2607 5643 2802 5713 λέγων,
2840 5647 2932 5700 καὶ
2967 5647 3129 5710 αὐτὸς
3153 5649 3181 5701 ὁ
3225 5646 3430 5717 Κύριος
3447 5648 3504 5700 ὲν
3529 5647 3608 5716 τῷ
3627 5647 3811 5716 Εὐαγ-
