4076 6392
483 417 584 476 Ηό

1856 419 1911 473 S.
1953 416 2295 476 EPIPHANII

3640 411 3745 468 HG

478 549 634 607 prarn
670 530 1020 596 offerebatur,
1072 531 1282 586 avicula
1331 542 1448 587 erat
1495 533 1548 586 in
1597 533 1962 597 sacrtttcium,
2004 544 2048 588 el

2161 535 2304 597 σίαν,
2334 533 2427 586 καὶ
2459 531 2735 602 σεμίδαλις
2759 531 2836 592 είς
2865 529 3248 584 ὁλοκαύτωσιν.
3284 531 3346 583 Ei.
3372 529 3431 584 δὲ
3464 527 3650 600 ἄρχων
3673 523 3743 600 ἦν

475 623 657 679 simila
704 622 757 675 in
803 619 1204 675 holocaustum.
1262 621 1426 690 Atqui
1465 622 1510 677 si
1568 620 1918 676 tenebrarum
1963 622 2054 676 ille

475 715 731 784 princeps
760 710 922 775 foret,
954 727 1234 782 nunquam
1258 709 1494 766 Verbum
1523 727 1554 768 e
1575 712 1717 768 coelo
1747 712 2051 782 delapsum,

473 806 681 875 Deique
708 803 897 870 Filius,
921 804 1036 874 qui,
1066 812 1125 858 ut
1149 803 1479 860 Manichacus
1501 805 1820 871 arbitratur,
1849 805 2054 860 idcirco

470 898 643 960 venit,
687 903 745 950 ut
791 896 1064 950 hominem
1109 910 1139 948 a
1182 896 1490 966 principum
1539 911 1728 950 errore
1761 897 2049 956 liberaret,

473 967 747 1062 leprosum
785 991 957 1054 illum,
1005 989 1093 1044 cui
1144 992 1432 1044 sanitatem
1478 991 1814 1054 restituerat,
1859 989 2050 1045 iisdem

474 1085 753 1137 subditum
779 1098 904 1138 esse
929 1083 1213 1150 jussisset,
1233 1082 1327 1138 sed
1363 1083 1601 1154 fugiendi
1629 1085 1810 1153 potius
1860 1091 2052 1136 auctor

473 1175 690 1238 fuisset,
721 1191 784 1228 ac
815 1175 1042 1244 nequod
1070 1175 1390 1244 imperatum
1422 1183 1540 1230 erat
1565 1182 1870 1242 praestaret,
1904 1181 2050 1229 esset

475 1268 746 1321 hortatus.
796 1265 901 1321 Sed
941 1267 1200 1321 nimirum
1228 1267 1347 1320 ideo
1381 1266 1455 1319 ita
1493 1281 1553 1321 se
1581 1267 1766 1336 gessit.
1799 1265 1942 1335 quod
1984 1265 2049 1319 ad

470 1360 819 1414 evertendam
863 1360 1032 1430 legem
1084 1373 1428 1429 nequaquam
1471 1365 1712 1421 venerat,
1754 1373 1916 1428 quam
1957 1359 2051 1412 de-

472 1453 628 1508 derat
659 1454 794 1521 ipse,
829 1468 1004 1522 neque
1033 1454 1346 1522 prophetas,
1373 1450 1466 1505 sed
1496 1460 1554 1504 ut
1576 1452 1756 1521 potius
1779 1451 2046 1520 impleret,

472 1554 531 1597 ut
560 1545 661 1597 hoc
695 1545 874 1614 ipsum
921 1545 1058 1614 legis
1080 1559 1144 1599 ac
1172 1544 1555 1614 prophetarum
1589 1543 2047 1612 complementum

474 1638 528 1693 in
564 1635 840 1707 Evangelii
889 1639 1072 1706 quiete
1116 1652 1180 1691 ac
1209 1636 1606 1704 tranquillitate
1659 1635 1900 1704 positum
1926 1650 2049 1690 esse

473 1737 823 1783 monstraret.
859 1727 994 1781 Nam
1041 1727 1167 1782 licet
1214 1727 1355 1782 idem
1397 1742 1426 1780 a
1477 1727 1755 1797 prophetis
1791 1727 2048 1783 adoratus

473 1819 543 1873 sit
581 1817 743 1882 Deus,
775 1826 830 1873 et
861 1817 930 1870 ab
963 1818 1082 1887 ipso
1122 1817 1203 1872 lex
1247 1817 1466 1881 tradita,
1505 1832 1612 1872 non
1639 1817 1828 1872 eodem
1864 1827 2045 1872 tamen

473 1910 634 1965 hodie
672 1909 939 1964 donorum
963 1923 1183 1980 genere,
1207 1908 1302 1964 sed
1341 1909 1597 1979 precibus
1623 1916 1676 1964 et
1697 1909 2048 1966 eucharistiis

473 2010 526 2054 ,ιι
565 2001 686 2055 aliis
724 1999 1024 2055 honoribus
1074 2000 1260 2054 divino
1295 1999 1506 2054 numini
1548 1999 1796 2055 adoratio
1823 2008 2050 2070 praesta-

473 2101 579 2145 tur.
611 2091 820 2146 Etenim
844 2091 1097 2162 graviora
1124 2093 1231 2149 illis
1259 2102 1518 2162 tanquam
1542 2092 1718 2148 servis
1740 2092 2047 2163 imperavit,

475 2182 614 2252 quod
641 2197 702 2236 ea
729 2181 939 2237 ratione
963 2181 1029 2237 ad
1056 2183 1379 2254 obsequium
1401 2183 1544 2254 adigi
1567 2199 1732 2254 posse
1751 2199 2049 2254 cognosce-

473 2279 574 2327 ret.
631 2272 836 2326 Contra
897 2272 1173 2344 Evangelii
1236 2274 1524 2346 discipulis
1574 2275 1810 2341 leviora,
1863 2285 2048 2348 utpote

473 2365 692 2426 liberis,
745 2381 844 2436 pro
878 2367 1149 2436 exquisita
1202 2383 1302 2424 sua
1351 2368 1685 2440 benignitate
1747 2370 2045 2425 mandavit.

472 2454 650 2521 Quare
685 2471 808 2510 cum
845 2473 989 2512 unus
1017 2457 1233 2527 sibique
1260 2460 1610 2516 consentiens
1635 2461 1769 2531 legis
1793 2460 2046 2531 Evange-

473 2549 635 2615 ltique
664 2547 736 2602 sit
762 2545 924 2612 Deus,
952 2564 1053 2603 nec
1078 2549 1337 2604 alterutra
1367 2550 1709 2606 diversorum
1741 2554 2044 2620 temporum

471 2639 686 2694 sublata
728 2640 1106 2710 dissolutaque
1145 2642 1217 2696 sit
1247 2640 1479 2704 functio,
1515 2641 1656 2697 idem
1684 2651 1769 2697 est
1800 2657 2048 2712 unusque

472 2731 634 2794 Deus,
685 2732 776 2802 qui
812 2733 1029 2788 saeculis
1050 2733 1360 2788 dominatur
1386 2734 1668 2796 omnibus,
1713 2742 1768 2789 et
1799 2750 1829 2787 a
1871 2735 2047 2790 servis

470 2821 586 2875 suis
609 2821 683 2876 ita
721 2823 941 2885 colitur,
971 2830 1029 2875 ut
1061 2838 1158 2892 pro
1185 2837 1271 2884 eo.
1299 2837 1362 2876 ac
1391 2823 1566 2878 cuivis
1589 2823 1735 2877 aetati
1767 2824 2045 2890 convenit,

470 2927 684 2967 summa
729 2913 782 2967 id
823 2913 1160 2968 humanitate
1205 2912 1487 2983 deposcat.
1546 2912 1811 2984 Superest
1858 2915 2044 2984 igitur,

472 3006 617 3061 illius
649 3012 710 3059 ut
739 3021 897 3060 error
917 3022 984 3061 ex
1012 3005 1158 3058 omni
1190 3013 1344 3075 parte
1381 3006 1763 3074 convincatur,
1797 3010 2048 3079 quando-

471 3097 690 3166 quidem
720 3113 782 3153 ea
806 3113 928 3168 qua:
958 3099 1072 3171 lege
1098 3098 1414 3168 praescripta
1441 3107 1594 3163 sunt,
1616 3099 1838 3168 exsequi
1858 3099 2049 3153 Salva-

471 3200 556 3240 tor
598 3189 714 3258 ipse
752 3189 1004 3258 jusserit.
1038 3189 1206 3260 670
1239 3186 1372 3254 Quae
1398 3188 1618 3258 quidem
1654 3197 1944 3258 postquam
1978 3189 2048 3242 il-

2154 622 2250 677 τοῦ
2275 622 2519 685 σκότους,
2554 621 2656 674 οὐκ
2693 620 2760 673 ἂν
2796 620 2825 671 ό
2854 617 3020 671 ἐλθὼν
3065 619 3271 672 ἄνωθεν
3312 619 3508 688 Λόγος,
3542 619 3573 670 ὁ
3615 619 3740 682 Υἱὸς

2153 713 2248 767 τοῦ
2280 713 2436 777 Θεοῦ,
2471 714 2499 765 ό
2527 709 2696 764 ἐλθὼν
2721 709 3047 780 ἐπιστρέψαι
3066 710 3156 763 τὸν
3185 710 3471 782 ἄνθρωπον
3485 710 3594 763 ἀπὸ
3608 709 3746 762 πλά-

2154 822 2251 875 νης
2287 803 2394 856 τῶν
2423 803 2718 874 ἀρχόντων,
2769 800 2908 854 κατὰ
2938 803 3033 854 τὸν
3079 801 3385 871 Μανιχαίου
3421 801 3600 870 λόγον,
3640 804 3743 854 οὐκ

2153 899 2218 951 ἂν
2251 899 2560 968 ὑποχείριον
2609 897 2700 950 τὸν
2749 895 2840 948 ὑπ’
2869 894 3033 948 αὑτοῦ
3094 894 3312 948 ίαθέντα
3354 895 3554 967 λεπρὸν
3598 913 3743 967 παρ-

2153 992 2413 1056 εσκεύαζε
2450 991 2728 1061 γενέσθαι,
2769 991 2905 1044 ἀλλὰ
2937 990 3136 1057 μᾶλλον
3167 989 3580 1060 παρεσκεύαζεν
3610 990 3745 1042 ἀπο-

2151 1085 2338 1156 δράναι
2369 1085 2552 1147 αὑτὸν,
2607 1083 2766 1136 τοῦτο
2828 1083 2902 1154 μὴ
2951 1083 3218 1136 ἐπιτελεῖν
3259 1082 3545 1138 διδάσκων.
3601 1081 3741 1134 Ἀλλ’

2153 1177 2338 1246 ἐπειδὴ
2392 1177 2490 1228 οὐκ
2527 1172 2657 1246 ἦλθε
2694 1175 2996 1229 καταλῦσαι
3052 1175 3145 1228 τὸν
3203 1175 3383 1243 νόμον·
3424 1173 3587 1236 αὐτὸς
3632 1170 3742 1241 γὰρ

2151 1269 2348 1321 δέδωκε
2377 1269 2468 1322 τὸν
2501 1267 2683 1339 νόμον·
2721 1268 2846 1322 οὕτε
2895 1270 3200 1340 προφήτας,
3253 1267 3390 1320 ἀλλὰ
3429 1265 3738 1336 πληρῶσαι,

2153 1360 2238 1412 ἵνα
2278 1359 2555 1431 πλήρωσιν
2582 1358 2675 1412 τοῦ
2706 1360 2872 1431 νόμου
2923 1361 3020 1414 καὶ
3079 1361 3186 1413 τῶν
3235 1357 3530 1432 προφητῶν
3576 1357 3737 1420 αὐτὸς

2149 1453 2296 1523 δείξῃ
2355 1453 2416 1505 τὸ
2447 1453 2857 1523 ἀπερίσπαστον
2895 1453 2988 1506 τοῦ
3015 1452 3373 1521 Εὑαγγελίου·
3406 1451 3490 1503 ὅτι
3517 1448 3593 1520 τῷ
3641 1448 3741 1518 μὲν

2150 1547 2298 1617 αὐτῷ
2326 1546 2446 1616 Θεῷ
2481 1549 2529 1599 οί
2554 1548 2830 1619 προφῆται
2871 1546 3303 1618 προσεκύνησαν,
3337 1547 3432 1600 καὶ
3463 1545 3625 1615 νόμος
3648 1544 3740 1596 ὑπ’

2149 1637 2312 1691 αὑτοῦ
2348 1637 2524 1709 ἐδόθη³
2550 1638 2645 1691 νῦν
2683 1639 2741 1691 δὲ
2769 1639 2830 1691 οὐ
2856 1638 2943 1691 διὰ
2981 1637 3090 1690 τῶν
3116 1637 3295 1689 αὐτῶν
3321 1637 3508 1707 δώρων
3536 1633 3614 1704 τῷ
3643 1634 3738 1688 αὐτ

2148 1729 2226 1802 τῷ
2271 1731 2391 1802 Θεῷ
2435 1731 2804 1802 προσκύνησις
2851 1730 3107 1795 τελεῖται,
3141 1728 3278 1784 ἀλλὰ
3317 1729 3389 1782 δι’
3428 1727 3604 1798 εὐχῶν
3644 1724 3740 1780 καὶ

2148 1823 2508 1896 εὐχαριστιῶν
2547 1823 2642 1876 καὶ
2698 1823 2797 1893 τῆς
2831 1822 2994 1892 ἄλλης
3037 1821 3442 1893 πραγματείας.
3481 1817 3743 1882 Ἐκείνοις

2151 1915 2251 1986 μὲν
2283 1913 2391 1986 γὰρ
2420 1913 2497 1978 ὡς
2534 1914 2742 1978 δούλοις
2785 1914 3120 1986 προσέταττε
3159 1915 3226 1968 τὰ
3261 1913 3456 1984 βαρέα,
3485 1911 3619 1964 διότι
3650 1909 3742 1963 οὓ-

2151 2023 2259 2069 τως
2309 2005 2571 2076 ήδύναντο
2627 2006 3069 2075 πεισθῆναι-τοῖς
3115 2005 3172 2058 δέ
3218 2007 3276 2059 ἐν
3316 2003 3396 2075 τῷ
3420 2001 3742 2073 Εὐαγγελίῳ

2151 2096 2510 2168 ἐλαφρότερα,
2547 2095 2622 2160 ὡς
2652 2096 2976 2168 ἐλευθέροις,
3023 2095 3113 2148 διὰ
3145 2095 3242 2166 τὴν
3287 2094 3594 2166 ὑπερϐολὴν
3639 2091 3740 2162 τῆς

2151 2190 2315 2242 αὑτοῦ
2352 2188 2784 2259 φιλανθρωπίας.
2834 2188 2984 2251 Ἐνός
3014 2205 3072 2240 τε
3111 2187 3431 2257 ὁμοστοίχου
3465 2185 3736 2255 ὑπάρχον-

2149 2297 2238 2343 τος
2283 2280 2417 2333 Θεοῦ
2459 2279 2552 2334 τοῦ
2582 2297 2639 2333 τε
2671 2281 2838 2350 νόμου
2867 2280 2962 2332 καὶ
2993 2279 3084 2332 τοῦ
3121 2277 3475 2348 Εὐαγγελίου,
3515 2275 3589 2347 μὴ
3618 2292 3738 2327 πα-

2152 2371 2518 2443 ραλελυμένης
2570 2372 2692 2442 μηδ’
2750 2370 3014 2440 ὁποτέρας
3076 2369 3276 2440 χρόνων
3328 2367 3651 2439 ὑπηρεσίας,
3707 2364 3740 2417 ὁ

2150 2464 2310 2527 αὐτὸς
2360 2457 2442 2526 εἷς
2475 2463 2609 2526 Θεός
2662 2465 2810 2516 ἐστιν
2860 2465 2887 2516 ὁ
2935 2461 3234 2532 βασιλεύων
3269 2461 3362 2514 τοῦ
3421 2459 3749 2529 σύμπαντος

2150 2553 2362 2617 αἰῶνος,
2387 2551 2820 2624 Θεραπευόμενος
2835 2555 2942 2607 ἀπὸ
2970 2553 3077 2607 τῶν
3093 2552 3316 2615 δούλων,
3347 2550 3468 2604 καθ’
3497 2549 3740 2618 ἑκάστην

2149 2645 2206 2698 δὲ
2239 2643 2452 2711 γενεὰν,
2483 2645 2557 2708 ὡς
2591 2647 2860 2712 προσήκει
2892 2648 2956 2716 τῇ
2989 2643 3157 2698 αὑτοῦ
3200 2640 3602 2713 φιλανθρωπίᾳ,
3642 2639 3738 2692 καὶ

2152 2737 2472 2808 ὲλήλεγκται
2503 2736 2846 2806 πανταχόθεν
2877 2737 2909 2805 ἡ
2933 2735 3121 2789 τούτου
3144 2734 3339 2804 πλάνην
3365 2731 3455 2785 τοῦ
3486 2731 3739 2800 Σωτῆρος

2152 2826 2534 2896 ἐπιτρέποντος
2579 2828 2646 2879 τὰ
2677 2826 2770 2880 τοῦ
2801 2829 2964 2896 νόμου
3007 2825 3299 2879 τελεῖσθαι·
3348 2825 3445 2878 καὶ
3496 2822 3632 2894 μετὰ
3677 2821 3738 2874 τὺ

2149 2916 2434 2989 ἐπιτρέψαι
2489 2917 2558 2970 τὰ
2590 2919 2684 2971 τοῦ
2717 2917 2884 2990 νόμου
2935 2916 3230 2980 τελεῖσθαι,
3280 2915 3498 2978 λύοντος
3529 2913 3600 2966 τὰ
3641 2911 3740 2964 τοῦ

2149 3009 2336 3080 νόμου,
2366 3009 2426 3062 οὑ
2465 3010 2888 3082 καταργοῦντος,
2930 3009 3066 3064 ἀλλὰ
3103 3008 3455 3080 πληροῦντος,
3499 3020 3739 3076 προσφο-

2153 3101 2253 3170 ρὰς
2305 3103 2498 3173 ἐτέρας
2547 3103 2685 3172 ὑπὲρ
2718 3101 2825 3155 τῶν
2864 3103 2921 3155 ἐν
2948 3102 3026 3172 τῷ
3071 3101 3221 3172 νόμῳ
3267 3101 3630 3172 προσενέγκαι
3660 3096 3739 3166 τῷ

2151 3192 2271 3262 Θεῷ
2306 3194 2712 3265 ἐπιτρέποντος,
2747 3194 3026 3247 τουτέστιν
3063 3193 3345 3257 εὐσεϐείας
3398 3191 3492 3246 καὶ
3537 3188 3737 3258 ἀγαθό-

472 3282 576 3336 lius
598 3281 858 3336 mandato
888 3281 1127 3352 perfecta
1157 3293 1304 3346 sunt,
1336 3283 1405 3337 ab
1427 3281 1616 3337 eodem
1645 3281 1906 3352 deinceps
1934 3297 2042 3337 non

2151 3303 2328 3356 τητος,
2362 3287 2586 3355 ἁγνείας
2616 3305 2676 3340 τε
2708 3288 2802 3341 καὶ
2820 3288 3113 3351 πολιτείας.

470 3376 670 3438 soluta,
717 3389 826 3429 non
876 3375 928 3428 in
975 3373 1207 3427 nihilum
1247 3373 1489 3436 redacta,
1533 3373 1628 3427 sed
1676 3372 1896 3442 impleta
1943 3383 2106 3438 sunt,
2149 3391 2274 3429 eum
2324 3376 2536 3431 scilicet
2590 3393 2688 3446 pro
2731 3377 2816 3431 his
2868 3392 2990 3448 qua:
3034 3377 3087 3430 in
3129 3378 3243 3445 lege
3296 3381 3562 3444 pra-cepta
3609 3387 3737 3425 sunt

471 3485 642 3523 novas
685 3467 951 3537 quasdam
996 3464 1106 3518 Deo
1159 3464 1272 3520 fieri
1307 3465 1614 3520 oblationes
1642 3464 1902 3527 instituit,
1953 3466 2195 3534 pietatis.
2239 3468 2521 3534 bonitatis,
2568 3469 2857 3535 castitatis,
2889 3469 3249 3524 accuratior-is
3309 3468 3544 3536 denique
3613 3470 3732 3516 vit-4'

473 3562 704 3619 rationis
733 3575 798 3614 ac
820 3559 1053 3628 generis.

543 3653 721 3708 LVIII.
746 3650 926 3722 Pergit
948 3666 1077 3706 vero
1101 3649 1454 3715 Manichaaus,
1491 3664 1554 3703 ac
1578 3658 1868 3703 venturum
1890 3647 2047 3702 deni—

472 3763 578 3816 que
627 3759 813 3800 senem
855 3743 1047 3802 illum.
1094 3750 1259 3811 atque
1303 3740 1529 3812 efﬁgiem
1565 3756 1721 3794 suam
1754 3741 2049 3812 postremis

475 3839 813 3909 temporibus
855 3848 1208 3893 ostensurum
1239 3851 1362 3891 esse
1391 3837 1558 3900 dicit;
1609 3843 1728 3891 tum
1769 3851 1898 3890 vero
1947 3833 2050 3887 Ba-

468 3934 641 4001 julnm
668 3929 813 3984 illius
838 3937 1131 3999 conspecta
1162 3927 1297 3982 facie
1322 3935 1522 3982 terram
1545 3943 1669 3984 esse
1693 3927 2044 3989 relicturum,

474 4038 708 4091 moxque
752 4030 956 4076 terram
1003 4021 1336 4089 sempiterno
1383 4021 1508 4088 igne
1564 4018 2043 4088 conﬂagraturam.

471 4114 581 4168 Nec
630 4111 763 4166 illud
809 4110 972 4164 homo
1018 4111 1270 4179 stupidus
1314 4109 1742 4170 animadvertit,
1799 4105 2046 4162 eamdem

473 4207 620 4260 illam
645 4219 705 4260 se
725 4218 850 4257 cum
879 4203 1105 4258 materia
1135 4210 1448 4256 concretam
1473 4201 1635 4255 modo
1660 4200 1859 4263 facere,
1884 4213 2047 4269 quam

477 4296 638 4364 paulo
681 4303 841 4348 antea
892 4295 1014 4347 vivo
1063 4293 1131 4346 ab
1176 4293 1371 4362 Spiritu
1416 4302 1758 4361 procreatam
1808 4306 1931 4346 esse
1961 4290 2050 4344 de-

475 4387 741 4442 I'entjerat.
811 4384 918 4439 Sed
977 4385 1290 4439 universum
1355 4384 1714 4439 nihilominus
1785 4380 2049 4436 mundum

472 4472 730 4528 incendio
777 4479 1160 4541 consumptum
1202 4472 1266 4525 iri
1318 4479 1490 4541 putat.
1528 4473 1606 4525 Ac
1659 4477 1796 4533 tum,
1846 4469 2047 4538 inquit.

2225 3643 2354 3696 ΜΡ.
2387 3642 2588 3696 Φάσκει
2615 3643 2670 3695 δὲ
2700 3642 2884 3705 πάλιν,
2919 3642 2999 3694 ὅτι
3035 3641 3310 3693 ἐλεύσεται
3340 3642 3367 3693 ὁ
3401 3639 3734 3709 πρεσϐύτης,

2152 3735 2247 3787 καὶ
2275 3733 2436 3800 δείξει
2463 3732 2628 3788 αὐτοῦ
2660 3733 2758 3806 τὴν
2781 3733 2963 3786 εἰκόνα
2981 3733 3066 3786 ἐπ’
3091 3732 3335 3800 ἐσχάτων
3351 3729 3457 3782 τῶν
3488 3731 3732 3801 ἡμερῶν·

2152 3827 2245 3881 καὶ
2282 3827 2403 3879 τότε
2445 3827 2475 3878 ὁ
2535 3826 2855 3897 Ὦμοφόρος,
2903 3824 3055 3887 εἰδὼς
3101 3821 3268 3876 αὐτοῦ
3319 3822 3378 3875 τὸ
3423 3823 3734 3893 πρόσωπον,
3834 3809 3846 3819 ’

2151 3917 2344 3988 ἀφίησι
2378 3917 2476 3989 τὴν
2508 3917 2634 3988 γῆν,
2673 3917 2767 3969 καὶ
2800 3916 2974 3978 οὕτως
3003 3915 3065 3967 τὸ
3092 3914 3202 3985 πῦρ
3239 3914 3301 3966 τὸ
3318 3915 3535 3967 αἰώνιον
3569 3932 3739 3968 κατα-

2150 4011 2363 4082 δαπανᾷ
2417 4011 2515 4081 τὴν
2546 4011 2670 4080 γῆν.
2705 4010 2815 4063 Καὶ
2843 4007 3136 4062 ἐπελάθετο
3185 4008 3218 4060 ό
3257 4005 3540 4077 κτηνώδης
3574 4006 3740 4061 πάλιν

2151 4102 2325 4174 ὑλώδη
2356 4102 2526 4174 αὐτὴν
2555 4101 2869 4171 ὑποφαίνων
2901 4100 2999 4172 τὴν
3039 4099 3140 4170 rep?
3170 4099 3316 4170 ὧρας
3341 4098 3489 4169 αύτῷ
3509 4099 3741 4169 λέγομέν

2151 4213 2248 4264 νην
2277 4195 2385 4248 ἀπὸ
2410 4193 2502 4246 τοῦ
2535 4193 2846 4264 πνεύματος
2876 4190 2970 4244 τοῦ
2999 4189 3197 4254 ζῶντος
3228 4189 3532 4245 κεκτίσθαι.
3568 4189 3738 4259 ’0μοῦ

2152 4289 2209 4341 δὲ
2235 4289 2326 4340 τὸν
2349 4288 2527 4341 πάντα
2559 4287 2764 4357 κόσμον
2800 4285 2963 4338 πάλιν
2993 4284 3098 4336 ὑπὸ
3130 4283 3221 4336 τοῦ
3259 4284 3429 4354 πυρδς
3452 4283 3737 4336 ἀναλίσκε·

2152 4379 2274 4431 σθαι
2303 4377 2636 4430 ὑποτίθεται.
2663 4377 2771 4429 Καὶ
2819 4375 2960 4435 τότε,
2998 4374 3152 4444 φησὶ,
3193 4370 3330 4442 μετὰ
3353 4371 3523 4424 ταῦτα
3553 4373 3586 4440 ἡ
3609 4371 3741 4424 ἁπο-

2150 4470 2485 4532 κατάστασις
2516 4468 2624 4522 τῶν
2662 4467 2754 4520 δύο
2789 4467 3006 4536 φύσεων
3035 4465 3325 4518 ἐπιτοαυτὺ
3375 4466 3460 4528 εἰς
3483 4463 3546 4516 τὸ
3574 4462 3708 4535 ἁρχέ
3727 4495 3738 4504 -

470 4562 699 4616 duarum
748 4569 1070 4613 naturarum
1115 4559 1256 4614 idem
1285 4559 1339 4612 in
1370 4559 1726 4628 archetypum
1773 4556 2048 4612 restitutio

2152 4577 2322 4614 τυπον
2369 4559 2786 4631 παρελεύσεται.
2825 4559 2889 4610 Ὢ
2922 4555 3117 4610 πολλοῦ
3149 4556 3418 4626 καμάτου,
3455 4555 3548 4607 καὶ
3599 4554 3739 4624 μετὰ

469 4656 855 4718 consequetur.
899 4645 944 4700 Ο
976 4649 1190 4702 inanem
1221 4646 1459 4702 hominis
1501 4647 1766 4711 laborem,
1790 4661 1899 4717 quo
1929 4661 2051 4700 sus-

469 4751 628 4813 cepto
675 4743 806 4796 nihil
858 4750 1038 4797 tamen
1069 4743 1135 4797 ad
1165 4743 1373 4798 erroris
1407 4744 1844 4798 emendationem
1886 4744 2052 4813 proti-

470 4831 643 4888 citur!
688 4827 822 4883 Nam
853 4829 897 4885 si
924 4838 1280 4900 posteaquam
1303 4830 1558 4885 conditus
1576 4840 1730 4884 estet
1752 4830 2051 4899 productus

470 4919 562 4976 hic
590 4917 848 4982 mundus,
875 4917 1122 4972 consumi
1149 4917 1532 4988 exstinguique
1563 4918 1744 4984 debet,
1777 4925 1836 4972 ut
1867 4933 2052 4971 exem-

467 5011 644 5081 plaria
683 5010 800 5079 ipsa
841 5024 1060 5064 rursum
1097 5009 1149 5063 iu
1191 5011 1477 5065 ambarum
1521 5020 1868 5072 naturarum,
1923 5010 2049 5064 boni

467 5103 680 5157 scilicet
727 5116 794 5154 ac
833 5103 982 5168 mali,
1024 5109 1084 5154 ut
1130 5101 1206 5155 ita
1248 5103 1446 5168 dicam,
1500 5103 1786 5158 identitate
1832 5118 2048 5172 perma-

467 5202 666 5256 neant;
715 5207 1062 5262 consequens
1099 5199 1204 5258 est,
1231 5198 1290 5246 ut
1324 5193 1526 5247 malum
1563 5209 1759 5248 rursus
1789 5192 2048 5262 congredi

467 5283 686 5347 audeat,
716 5290 772 5336 et
803 5283 1005 5337 inferre
1031 5281 1258 5345 bellum,
1295 5297 1358 5335 ac
1387 5283 1643 5338 virtutem
1683 5283 1845 5337 aliam
1880 5282 2049 5336 inter-

465 5386 668 5442 vertat,
705 5393 815 5446 quo
844 5377 986 5430 alius
1007 5374 1238 5430 subinde
1267 5375 1506 5429 mundus
1535 5375 1785 5429 exsistat.
1822 5373 1975 5440 Quod
2003 5375 2046 5428 si

468 5469 649 5526 losum
681 5468 822 5525 istud
867 5468 1102 5538 amplius
1136 5483 1246 5520 non
1281 5467 1464 5532 habet,
1493 5466 1606 5535 jam
1642 5468 1806 5538 igitur
1842 5470 2048 5522 malitia

467 5556 873 5629 resipuerit,‘ut
912 5575 1020 5614 non
1061 5560 1298 5628 amplius
1329 5574 1453 5612 cum
1490 5559 1734 5614 bonitate
1771 5561 2050 5615 conflicte-

472 5661 591 5705 tur:
628 5653 921 5724 resipuerit
949 5659 1002 5706 et
1032 5651 1210 5706 malus
1247 5649 1411 5716 Deus,
1438 5651 1532 5721 qui
1577 5651 1778 5707 bellum
1815 5653 2050 5721 amplius

473 5741 681 5798 nullum
715 5758 838 5798 cum
867 5742 1090 5798 meliore
1106 5741 1392 5812 suscipiat.
1429 5740 1545 5799 Hoc
1565 5758 1696 5798 vero
1721 5744 2046 5809 constituto,

469 5831 671 5891 malum
698 5847 820 5893 esse
851 5831 1072 5900 desinit,
1107 5848 1232 5888 cum
1264 5835 1334 5890 ab
1359 5833 1580 5909 antiqua
1617 5840 1826 5894 naturae
1859 5837 2047 5910 pravi-

2156 4653 2245 4704 τδν
2297 4654 2542 4722 κάματον
2589 4649 2802 4713 οὐδενὸς
2850 4645 3227 4720 ὲπιδιορθώσει
3287 4645 3620 4717 φερομένουῑ
3672 4643 3736 4696 Εἰ

2154 4742 2262 4814 γὰρ
2287 4743 2422 4813 μετά
2461 4741 2524 4793 τὺ
2558 4740 2843 4810 κτισθῆναι
2879 4737 2974 4791 καὶ
3015 4735 3265 4804 γενέσθαι
3299 4731 3736 4802 δαπανηθήσεται

2154 4833 2248 4886 καὶ
2273 4829 2720 4901 ἀφανισθήσεται,
2759 4829 2845 4880 ἵνα
2867 4827 2936 4880 τὰ
2967 4825 3250 4896 ἀρχέτυπα
3286 4824 3441 4894 μείνῃ
3475 4823 3638 4876 πάλιν
3679 4823 3738 4874 ἐν

2151 4921 2441 4990 ταυτότητι
2479 4919 2587 4972 τῶν
2615 4919 2709 4972 δύο
2752 4917 2968 4987 φύσεων
3022 4913 3228 4983 ἀγαθοῦ
3288 4930 3345 4966 τε
3395 4913 3490 4965 καλ⁵
3538 4911 3734 4970 κακοῦ.

2152 5011 2305 5064 ἔσται
2344 5010 2506 5064 πάλιν
2523 5008 2776 5082 ὲπιτριὸὴ
2797 5007 2890 5060 τοῦ
2913 5005 3150 5077 πονηροῦ
3173 5005 3308 5076 πρὸς
3323 5003 3385 5056 τὸ
3414 5002 3737 5074 ἐπιστρέψαι

2152 5104 2334 5168 πάλιν,
2369 5104 2461 5157 καὶ
2495 5102 2730 5169 πόλεμον
2761 5099 3144 5171 ἐνστήσασθαι,
3179 5099 3274 5151 καὶ
3308 5096 3550 5168 ἁρπάξαι
3577 5095 3738 5149 πάλιν

2151 5195 2318 5265 ἄλλην
2350 5194 2598 5264 δύναμιν,
2637 5195 2724 5247 ἵνα
2767 5193 2929 5246 πάλιν
2959 5191 3115 5254 ἄλλος
3155 5190 3359 5260 κόσμος
3387 5191 3634 5258 γένηται.
3673 5187 3738 5240 Ei

2150 5287 2207 5340 δὲ
2239 5287 2420 5339 οὐκέτι
2465 5285 2622 5338 τοῦτο
2655 5285 2883 5352 γίνεται,
2914 5283 3022 5352 ἄρα
3072 5283 3411 5352 σωφρονήσει
3459 5281 3492 5349 ή
3546 5277 3735 5342 κακία,

2152 5377 2247 5430 τοῦ
2277 5378 2471 5447 μηκέτι
2500 5373 2875 5446 ἐπιτρίΰεσθαι
2909 5373 3046 5444 πρὸς
3081 5371 3178 5442 τὴν
3217 5371 3554 5441 ἀγαθότητα,
3583 5370 3678 5422 καὶ
3709 5371 3740 5423 ό

2152 5469 2387 5541 πονηρὸς
2415 5467 2548 5532 Θεὸς
2583 5467 2721 5537 πρὸς
2748 5466 2841 5518 τὸν
2867 5465 3073 5532 ἀγαθὸν
3105 5463 3299 5534 μηκέτι
3323 5462 3559 5532 πόλεμον
3589 5459 3739 5528 ἐγεί-

2154 5581 2283 5634 ρων.
2316 5564 2379 5615 Εί
2407 5562 2463 5615 δὲ
2487 5562 2579 5615 καὶ
2609 5559 3105 5632 σωφρονισθήσεταί
3137 5575 3288 5621 ποτε,
3324 5556 3424 5609 οὐκ
3457 5555 3610 5608 ἔσται
3633 5570 3736 5606 κα-

2152 5654 2266 5718 κὸν,
2295 5653 2458 5707 ὁπότε
2491 5652 2599 5706 ἀπὸ
2645 5652 2745 5720 τῆς
2785 5650 3017 5723 ἀρχαίας
3048 5649 3213 5702 αὑτοῦ
3259 5647 3472 5714 φύσεως
3515 5645 3615 5714 τῆς
3645 5660 3739 5695 κα-

2153 5744 2277 5807 κίας
2336 5744 2700 5815 μετήλλακται
2752 5742 3138 5812 μετατραπείς.
3195 5741 3258 5792 Εἰ
3293 5739 3349 5792 δὲ
3397 5738 3490 5790 καὶ
3519 5735 3729 5808 τρεπτὴ

2151 5836 2406 5906 τυγχάνει
2437 5837 2470 5901 ή
2501 5836 2660 5901 φύσις
2689 5835 2778 5888 τοῦ
2823 5833 3014 5896 κακοῦ,
3049 5832 3264 5892 πάντως
3294 5831 3374 5885 ὅτι
3408 5828 3516 5885 ἀπὸ
3557 5820 3733 5884 κακοῦ
