4076 6392
312 430 424 488 117

948 435 1321 494 ADVERSUS
1359 438 1710 498 H.-ERESES
1753 441 1879 498 LIB.
1927 444 1991 499 ll.
2036 445 2201 504 TOM.
2245 448 2307 502 ll.
2348 480 2417 489 ——
2455 448 2732 506 HERES.
2776 451 2960 507 LXVI.

3495 458 3611 515 118

306 549 396 612 εἰς
423 548 635 615 ἀγαθὸν
664 551 1085 621 μεταϐάλλεται·
1118 557 1214 608 καὶ
1259 557 1442 610 οὐκέτι
1492 558 1642 612 ἔσται
1675 560 1845 614 κακὸν
1877 562 1893 612 i

2021 570 2131 618 tate
2163 581 2283 620 sese
2319 565 2386 620 ad
2416 567 2641 620 meliora
2669 567 2994 622 traduxerit.
3031 566 3150 623 Jam
3185 584 3314 626 vero
3346 586 3392 626 st
3425 581 3602 630 muta.

307 639 516 712 ἔχουσα
543 644 752 714 τροπὴν
782 644 1121 716 ἀγαθότητος
1149 646 1331 715 φύσις.
1390 649 1627 705 Δύναται
1665 653 1772 726 γάρ
1813 654 1908 706 καὶ

307 733 559 804 σήμερον
608 735 908 806 τραπῆναι,
963 739 1057 792 καὶ
1097 739 1178 792 ἐτι
1229 742 1512 812 περιόντος
1542 744 1680 798 ίτοῦ
1734 744 1905 798 κακοῦ

305 827 394 889 εἰς
417 825 624 894 ἀγαθὸν
669 829 1144 901 μεταϐληοήσεται
1171 831 1231 884 16
1257 835 1511 905 πονηρόν.

379 1118 495 1170 Καὶ
531 1118 637 1170 τίνι
656 1117 736 1188 τῷ
760 1117 907 1189 λόγῳ
931 1118 962 1170 6
997 1119 1204 1189 μέλλων
1235 1121 1529 1192 τρέπεσθαι
1558 1124 1656 1195 ἤδη
1687 1125 1747 1178 ού
1775 1127 1902 1198 τρέ-

303 1225 506 1271 πεται;
553 1209 665 1262 Καὶ
697 1211 746 1262 εἰ
798 1209 898 1278 μὲν
930 1209 1017 1264 διὰ
1043 1211 1145 1281 τῆς
1185 1211 1280 1265 τοῦ
1312 1212 1449 1265 Θεοῦ
1487 1217 1846 1286 μηχανήσεως
1874 1219 1903 1270 6

302 1303 548 1373 πονηρὸς
574 1302 856 1372 τρέπεται,
893 1302 986 1356 τοῦ
1019 1303 1217 1373 μηκέτι
1267 1303 1527 1358 δύνασθαι
1556 1307 1616 1359 16
1666 1309 1902 1380 πονηρὸν

299 1395 664 1466 ἐργάζεσθαι,
693 1396 878 1449 οὐκέτι
907 1397 1195 1467 παραίτιος
1227 1399 1256 1450 6
1290 1398 1524 1470 πονηρὸς
1550 1399 1743 1453 ἑαυτοῦ
1772 1418 1902 1468 τυγ-

299 1491 485 1561 χάνει,
523 1490 640 1542 ἀλλ’
669 1493 698 1544 6
729 1491 934 1560 ἀγαθὸς
975 1492 1004 1544 ὁ
1051 1492 1348 1564 δυνάμενος
1382 1494 1694 1548 ἀναστεῖλαι
1733 1494 1899 1548 αὐτοῦ

295 1583 404 1653 τὴν
439 1584 660 1649 κακίαν,
714 1586 810 1638 καὶ
854 1585 930 1656 μὴ
978 1584 1262 1656 βουληθεὶς
1296 1584 1404 1656 πρὸ
1436 1587 1630 1656 χρόνου
1681 1587 1750 1640 τά
1803 1587 1898 1641 τοῦ

296 1672 503 1744 χρόνον
529 1673 772 1742 ποιῆσαι·
797 1675 846 1726 εί
869 1673 927 1726 δὲ
957 1673 1230 1744 ἄτρεπτον
1264 1673 1580 1727 παντάπασι
1607 1674 1668 1727 16
1706 1675 1896 1737 κακὸν,

297 1765 562 1820 οὐδέποτε
585 1765 878 1836 διαλείψειε
909 1766 1182 1837 πολεμοῦν
1222 1767 1317 1820 καὶ
1341 1766 1767 1837 πολεμούμενον·
1805 1768 1898 1821 καὶ

296 1856 412 1909 οὐδ’
445 1857 586 1921 ὅλως
617 1859 748 1912 ποτὲ
803 1856 956 1912 ἔσται
991 1859 1325 1922 κατάστασις
1377 1860 1487 1913 τῶν
1535 1859 1628 1914 δύο
1660 1861 1895 1929 φύσεων,

2014 655 2138 711 bilis
2171 665 2254 712 est
2289 664 2481 712 natura
2519 657 2670 724 mali,
2699 671 2926 714 necesse
2953 666 3038 714 est
3075 660 3131 714 in
3165 661 3368 715 malum
3390 677 3422 717 e
3457 662 3604 720 bono

2011 747 2320 812 transferri,
2354 758 2516 819 atque
2545 750 2618 804 ita
2661 751 2801 804 mala
2836 750 2952 806 haec
2984 766 3108 808 esse
3146 764 3339 807 natura
3378 755 3602 824 desinit,

2008 855 2130 908 qtae
2174 841 2318 893 illam
2361 840 2414 895 in
2458 841 2663 896 bonum
2727 845 3210 899 connnutationem
3264 847 3458 902 sortita
3505 852 3598 904 sit.

2007 925 2196 982 Potest
2238 928 2384 982 enim
2421 928 2507 982 vel
2557 928 2719 982 hodie
2762 929 2988 993 mutari,
3037 931 3118 986 sic
3162 939 3223 986 ut
3274 940 3600 990 transeunte

2007 1019 2151 1072 ma!o
2188 1019 2242 1072 in
2275 1020 2472 1074 melius
2515 1028 2778 1074 vertatur.

2077 1109 2218 1178 Quid
2247 1120 2427 1166 autem
2462 1112 2714 1182 prohibet
2751 1112 2884 1182 quin
2910 1113 2980 1176 is,
3018 1113 3112 1184 qui
3149 1115 3448 1185 aliquando
3477 1133 3600 1174 mu.

2005 1202 2207 1260 tandus
2246 1213 2350 1270 est,
2394 1221 2501 1260 non
2545 1205 2627 1260 vel
2675 1207 2728 1258 in
2763 1207 3052 1275 praesentia
3099 1209 3378 1264 mutetur?
3424 1210 3503 1265 Ac
3547 1211 3612 1267 si-

2006 1295 2116 1350 Deo
2147 1295 2294 1351 istud
2333 1297 2686 1353 machinante
2715 1299 2894 1354 malus
2939 1299 3163 1354 minime
3201 1310 3616 1368 commutatur,.

2004 1396 2064 1440 ιιι
2090 1389 2289 1442 malum
2349 1389 2583 1457 amplius
2637 1391 2813 1444 moliri
2861 1399 3132 1461 nequeat,
3185 1394 3386 1448 suimet
3417 1393 3620 1464 ipsius-

2003 1495 2168 1535 causa
2219 1482 2395 1535 malus
2434 1498 2544 1536 non
2580 1483 2706 1545 erit,
2743 1482 2837 1536 sed
2886 1483 2976 1538 ille
3019 1488 3201 1552 potius
3247 1485 3446 1551 bonus,
3490 1488 3590 1557 qui

2002 1586 2128 1625 cum
2176 1573 2298 1642 ejus
2340 1574 2604 1627 malitiam
2647 1575 2908 1629 cohibere
2946 1577 3141 1644 possit,
3177 1576 3316 1630 nolit
3362 1593 3427 1631 ea
3470 1593 3617 1648 qua-

2003 1680 2106 1719 suo
2138 1665 2369 1734 tempori
2397 1665 2725 1720 reservanda
2755 1673 2906 1729 sunt,
2937 1674 3066 1721 ante
3095 1673 3313 1736 tempus
3346 1666 3588 1723 efﬁcere.

2004 1754 2100 1809 Sin
2149 1756 2369 1824 penitus
2414 1757 2753 1812 immutabile
2797 1757 3000 1811 malum
3047 1766 3154 1823 est,
3199 1760 3425 1814 nullum.
3452 1760 3620 1816 infe-.

2003 1848 2160 1903 rendi
2187 1849 2387 1903 bellum
2411 1851 2828 1920 excipiendiqne
2859 1851 3019 1922 671
3065 1851 3226 1906 ﬁnem
3257 1851 3454 1917 faciet;
3489 1867 3592 1908 nec

295 1949 578 2020 ἀτρέπτου
616 1950 873 2020 μένοντος
895 1951 990 2004 τοῦ
1021 1953 1216 2014 κακοῦ,
1246 1953 1340 2006 καὶ
1359 1952 1780 2024 ἐπιτριϐομένου
1803 1953 1893 2006 τοῦ

2006 1956 2244 2011 unquam
2281 1943 2454 1997 ambae
2499 1944 2603 1997 illa:
2645 1953 2854 1998 natura:
2899 1943 3333 2005 constituentur,
3371 1959 3496 2000 cum
3537 1955 3590 1999 et

294 2041 503 2106 κακοῦ,
527 2042 901 2096 ἐνδείκνυσθαι
951 2043 1030 2114 τῷ
1061 2043 1251 2114 ἀγαθῷ
1283 2045 1501 2110 κακίαν,
1543 2046 1638 2099 καὶ
1661 2045 1898 2116 πόλεμον

295 2133 542 2203 ἐγείρειν
569 2134 709 2186 κατά
743 2135 843 2205 τῆς
869 2135 1226 2206 ἀγαθότητος.
1253 2137 1364 2190 Καὶ
1396 2139 1445 2189 εἰ
1475 2135 1612 2200 ὅλως
1632 2136 1900 2209 ἐπιθυμίᾳ

291 2227 395 2280 τοῦ
429 2227 639 2295 ἀγαθοῦ
669 2229 732 2280 16
762 2229 934 2282 κακὸν
961 2231 1048 2282 ἀεὶ
1085 2231 1554 2302 ὲπεντριϐήσεται,
1583 2229 1693 2304 ἄρα
1713 2231 1904 2284 οὐκέτι

292 2318 476 2370 κακὸν
511 2316 682 2370 ἔσται’
740 2319 928 2390 ἐπειδὴ
963 2319 1056 2373 τοῦ
1091 2320 1302 2390 ἀγαθοῦ
1345 2321 1662 2392 γλιχόμενος
1714 2321 1900 2393 βούλε-

293 2427 389 2462 ται
418 2411 600 2481 ἐαυτῷ
623 2412 682 2464 τὸ
697 2413 902 2480 ἀγαθὸν
931 2415 1288 2478 ἐπισπᾶσθαι,
1312 2415 1419 2474 ἵνα.
1443 2415 1534 2468 διά
1553 2414 1653 2486 τῆς
1683 2415 1897 2484 φύσεως

289 2503 393 2555 τοῦ
453 2504 666 2572 ἀγαθοῦ
703 2507 800 2558 καὶ
841 2506 944 2575 τῆς
991 2508 1159 2561 αὑτοῦ
1221 2507 1526 2572 πανοπλίας
1582 2509 1898 2573 ἐπισπάσας

290 2594 480 2665 ἑαυτῷ
514 2596 764 2668 δύναμιν.
796 2600 854 2651 ὲν
898 2599 1068 2670 ταύτῃ
1111 2599 1240 2672 δοκῇ
1304 2601 1498 2654 ἑαυτὸν
1527 2603 1694 2672 τιμᾷν
1745 2600 1894 2674 [μὲν]

291 2687 394 2738 καὶ
439 2687 805 2758 λαμπρύνειν,
839 2691 1282 2761 παραθαρσύνειν
1311 2709 1370 2746 τε
1398 2693 1492 2746 καὶ
1541 2692 1892 2764 ὲνδυναμοῦν.

292 2779 474 2831 Παντὶ
505 2779 616 2850 γὰρ
646 2779 726 2849 τῷ
757 2779 1066 2853 βουλομένῳ
1097 2783 1156 2836 τὸ
1199 2781 1404 2852 ἀγαθὸν
1459 2785 1676 2848 πάντως
1719 2786 1803 2839 ὃτι
1836 2785 1895 2852 ἐξ

290 2869 512 2936 ἀγαθοῦ
541 2872 796 2935 ὑπονοίας
829 2872 1071 2941 ἔγκειται
1103 2875 1332 2930 διάνοιαο
1359 2878 1453 2932 καὶ
1484 2877 1668 2931 οὐκέτι
1699 2880 1896 2933 παντά-

290 2978 435 3013 πασι
489 2963 727 3032 πονηρὸν
757 2965 912 3018 ἔσται
959 2967 1020 3018 16
1065 2968 1323 3039 πονηρὸν,
1364 2969 1526 3022 ὁπότε
1557 2969 1650 3023 τοῦ
1686 2970 1891 3039 ἀγαθοῦ

288 3051 622 3122 γλιχόμενον
641 3056 974 3126 εὑρίσκεται.
1006 3059 1122 3112 Πᾶν
1133 3060 1240 3134 γὰρ
1257 3062 1317 3115 16
1333 3064 1570 3135 πονηρὸν
1596 3063 1894 3134 ἀπέχθειαν

289 3142 412 3211 ἔχει
467 3144 606 3214 πρὸς
637 3146 697 3199 16
726 3148 951 3216 ἀγαθὸν,
980 3149 1054 3213 ὡς
1078 3151 1173 3204 καὶ
1201 3151 1263 3204 16
1303 3152 1511 3220 ἀγαθὸν
1540 3153 1602 3206 ού
1641 3151 1890 3223 βούλεται

387 3237 671 3337 πονηρόν.-
694 3241 756 3292 Εἰ
782 3240 839 3293 δὲ
861 3243 1062 3312 ἀναμὶξ
1098 3243 1334 3337 ὑπάρχει
1358 3245 1467 3298 τῶν
1503 3247 1833 3319 ἀμφοτέρων
1857 3249 1890 3318 ή
1922 3279 1964 3337 C

288 3324 550 3399 δύναμις,
589 3331 682 3383 καὶ
714 3333 743 3384 6
768 3333 974 3400 ἀγαθὸς
1003 3335 1101 3403 μὲν
1137 3331 1242 3389 οἶδε
1275 3337 1440 3407 συλᾷν
1464 3337 1525 3390 16
1550 3338 1700 3402 ῐδιον,
1744 3339 1894 3392 πολε-

291 3424 421 3490 μεῖν
475 3439 536 3475 τε
589 3425 683 3477 καὶ
715 3425 958 3497 ἐκδέρειν
995 3427 1095 3491 τὰς
1141 3429 1316 3500 ἀρχάς
1347 3431 1442 3482 καὶ
1494 3430 1592 3494 τάς
1619 3431 1890 3498 ἐξουσίας,

286 3514 427 3566 ποτὲ
457 3514 517 3567 δὲ
544 3516 788 3588 ἀναιρεῖν
831 3519 925 3572 καὶ
961 3520 1244 3588 ἀφανίζειν
1272 3521 1371 3593 τὴν
1399 3523 1504 3576 ὑπὸ
1529 3523 1621 3577 τοῦ
1653 3526 1891 3596 πονηροῦ

286 3608 676 3676 γεγενημένην
708 3607 861 3678 ῦλην,
897 3610 1027 3661 ποτὲ
1055 3610 1112 3663 δὲ
1139 3610 1199 3677 ἐξ
1248 3612 1420 3682 αὐτῆς
1453 3612 1736 3676 πλάσσειν,
1763 3615 1890 3667 ποτὲ

282 3697 345 3750 δὲ
381 3697 692 3768 ἀφανίζειν,
745 3704 978 3774 πονηρία
1018 3704 1114 3757 καὶ
1166 3705 1468 3772 ἀσύστατος
1519 3707 1772 3780 διήγησις
1793 3709 1893 3780 τῆς

285 3790 389 3842 τοῦ
453 3791 741 3866 ἀλιτηρίου
788 3796 981 3849 τούτου
1043 3799 1175 3868 ἡμῖν
1238 3800 1714 3872 ἐπεισενεχθείσης
1764 3802 1890 3856 ἀδο-

284 3885 537 3957 ὶεσχίας.

363 4151 491 4206 ΝΘν.
527 4153 666 4223 Φέρε
707 4153 772 4224 δὴ
812 4155 986 4207 εἰπεῖν
1025 4156 1118 4209 καὶ
1157 4157 1283 4228 περί
1318 4157 1419 4226 τῆς
1457 4157 1551 4211 τοῦ
1581 4158 1751 4212 κακοῦ
1783 4160 1892 4229 φύ-

284 4259 432 4306 σεως
464 4244 629 4297 πάλιν
655 4246 1020 4310 ἀναλαϐόντες
1051 4248 1143 4301 16v
1172 4249 1352 4318 λόγον,
1380 4250 1505 4319 λέγε
1541 4253 1695 4323 ἡμῖν.
1721 4246 1766 4306 ὦ
1797 4246 1886 4307 οῦ-

278 4353 403 4400 τος,
437 4337 552 4390 ἀπὸ
577 4339 770 4409 χρόνου
802 4341 1137 4412 Λύρηλιανοῦ
1171 4343 1265 4396 τοῦ
1299 4343 1563 4414 βασιλέως
1595 4346 1690 4399 καὶ
1729 4345 1890 4418 δεῦρο

278 4427 490 4491 ἐλθὼν,
519 4431 614 4482 καὶ
643 4431 712 4482 τά
752 4431 856 4502 πρὸ
889 4433 1106 4486 πάντων
1145 4433 1358 4487 αἰώνων
1387 4435 1761 4508 διηγούμενος,
1797 4437 1888 4491 οῦ-

276 4537 348 4574 1:
382 4537 491 4573 που
518 4522 676 4574 τοῦτο
708 4523 1004 4595 προφητῶν
1034 4524 1429 4594 θεσπισάντων,
1458 4527 1584 4582 οὔτε
1609 4529 1885 4584 αὐτοῦτοῦ

2004 2037 2346 2093 immutabile
2391 2039 2593 2092 malum
2644 2046 2976 2109 perseveret,
3024 2045 3230 2093 etcum
3266 2038 3412 2093 bono
3454 2054 3590 2094 con-

2002 2128 2260 2195 ﬂictetur,
2300 2145 2364 2186 ac
2397 2147 2555 2187 suam
2579 2133 2630 2187 ei
2669 2133 2932 2187 malitiam
2969 2141 3237 2197 ostentet,
3283 2141 3447 2201 atque
3487 2131 3586 2186 ad-

2003 2235 2196 2275 versus
2227 2222 2524 2276 bonitatem
2561 2221 2962 2277 dimicationem
2995 2222 3276 2292 suscipiat.
3324 2222 3489 2293 Atqui
3522 2222 3572 2276 si

2002 2313 2056 2369 id
2083 2314 2215 2369 boni
2250 2315 2552 2384 cupiditate
2581 2314 2782 2369 malum
2813 2313 3000 2378 faciat,
3036 2323 3097 2369 ut
3123 2316 3348 2370 assidue
3393 2315 3586 2370 insur~

2001 2415 2112 2477 gat,
2141 2422 2249 2461 non
2277 2407 2513 2477 amplius
2548 2409 2752 2462 malum
2784 2417 2890 2470 est,
2927 2409 3188 2478 quoniam
3220 2406 3439 2477 quidem
3473 2421 3590 2478 pra

2000 2498 2122 2566 ejus
2149 2497 2426 2554 desiderio
2472 2499 2676 2554 bonum
2717 2500 2821 2556 sibi
2871 2510 3106 2556 conatur
3155 2516 3471 2565 arcessere,
3528 2512 3588 2556 ut

2001 2605 2096 2660 per
2129 2591 2258 2644 boni
2299 2600 2550 2646 naturam
2584 2601 2640 2647 et
2687 2601 3022 2646 armaturam
3059 2592 3127 2647 ad
3159 2607 3282 2649 sese
3324 2593 3584 2648 virtutem

2001 2682 2310 2744 attrahens,
2361 2697 2460 2752 per
2505 2697 2625 2738 eam
2664 2684 2770 2738 sibi
2814 2685 3078 2739 honorem
3128 2700 3192 2739 ac
3235 2684 3584 2756 splendorem

2000 2775 2271 2843 aequirat,
2307 2790 2540 2846 seseque
2567 2775 2855 2831 confirmet
2883 2792 2946 2831 ac
2983 2777 3322 2832 corroboret.
3367 2775 3582 2832 Etenim

1999 2869 2251 2939 quisquis
2278 2869 2482 2924 bonum
2510 2871 2874 2940 concupiscit,
2915 2886 3140 2927 necesse
3163 2880 3246 2927 est
3267 2870 3494 2942 perinde
3515 2887 3585 2925 ex

1999 2959 2142 3015 bona
2171 2961 2502 3031 cogitatione
2532 2963 2673 3016 hanc
2705 2961 2780 3015 illi
2805 2969 3042 3018 mentem
3079 2962 3339 3031 iniectam
3377 2963 3580 3028 fuisse;

1999 3060 2163 3122 atque
2191 3053 2296 3108 hoc
2326 3063 2484 3123 pacto
2526 3070 2634 3108 non
2671 3054 2896 3108 omnino
2932 3060 3134 3109 malum
3155 3055 3263 3110 erit
3303 3053 3449 3126 quod
3474 3070 3584 3108 ma-

1999 3143 2111 3196 lum
2141 3142 2363 3208 dicitur,
2404 3158 2528 3198 cum
2574 3143 2701 3198 boni
2751 3144 3084 3199 desiderium
3128 3145 3466 3215 conceperit.
3519 3144 3590 3199 Si.

1997 3235 2218 3306 quidem
2265 3236 2467 3290 malum
2500 3251 2662 3291 omne
2701 3236 2830 3290 boni
2865 3236 3150 3290 inimicum
3176 3245 3283 3301 est,
3311 3234 3579 3306 quemad-

1997 3327 2219 3381 modum
2257 3327 2514 3383 abhorret
2539 3343 2568 3380 a
2599 3328 2744 3382 bono
2767 3328 2989 3383 malum.
3023 3327 3177 3394 Quod
3202 3327 3245 3383 si
3266 3327 3576 3397 promiscua

1995 3418 2334 3489 confusaque
2357 3420 2436 3474 vis
2451 3431 2536 3475 est
2558 3419 2865 3482 amborum,
2898 3430 2956 3474 ut
2973 3428 3027 3475 et
3048 3421 3224 3476 bonus
3246 3419 3390 3490 quod
3413 3435 3574 3476 suum

1993 3519 2078 3566 est
2107 3527 2432 3582 recuperare
2463 3513 2657 3577 soleat,
2690 3527 2754 3566 ac
2783 3513 3148 3583 principatus,
3190 3520 3247 3567 et
3276 3519 3576 3581 potestates

1992 3604 2259 3659 infestare
2291 3605 2434 3659 bello
2473 3605 2724 3676 pelleque
2753 3604 2984 3668 nudare,
3019 3619 3412 3674 nonnunquam
3447 3617 3576 3673 pro-

1991 3696 2210 3751 ductam
2235 3712 2266 3750 a
2293 3697 2437 3751 malo
2460 3699 2744 3752 materiam
2769 3697 2954 3752 delere
2980 3696 3228 3751 funditus
3255 3711 3320 3751 ac
3357 3696 3571 3761 tollere,

1991 3790 2127 3845 alias
2153 3804 2292 3859 0pns
2325 3806 2390 3843 ex
2422 3790 2538 3859 ipsa
2583 3789 2800 3852 moliri,
2849 3789 3122 3844 interdum
3167 3805 3200 3844 e
3242 3787 3423 3842 medio
3469 3789 3576 3843 tol-

1991 3880 2137 3946 lere;
2192 3895 2406 3936 snmma
2480 3882 2720 3951 nequitia
2761 3890 2846 3937 est
2901 3890 2957 3936 et
3021 3881 3268 3936 confictae
3315 3880 3383 3934 ah
3422 3880 3576 3936 dete-

1991 3973 2191 4028 stando
2222 3973 2320 4028 illo
2355 3973 2576 4028 homine
2606 3973 3089 4040 narrationis,sive
3121 3971 3303 4042 potius
3336 3971 3576 4042 garruli-

1988 4067 2141 4127 tatis,
2180 4067 2574 4121 inconstantia.

2061 4156 2199 4213 LIX.
2239 4159 2354 4228 Age
2378 4175 2528 4226 vero,
2553 4169 2613 4214 ut
2647 4159 2716 4216 de
2742 4169 2941 4213 natura
2983 4158 3112 4213 mali
3152 4155 3336 4212 denuo
3363 4171 3575 4212 sermo-

1990 4265 2116 4304 nem
2156 4251 2534 4315 instituamus,
2561 4251 2649 4306 dic
2675 4250 2859 4314 sodes.
2895 4250 2967 4304 mi
2996 4250 3181 4314 homo,
3214 4248 3309 4319 qui
3344 4247 3412 4302 ab
3455 4247 3572 4301 Au-

1989 4343 2191 4398 reliani
2221 4343 2572 4414 imperatoris
2607 4352 2851 4413 tempore
2874 4343 2940 4396 ad
2971 4343 3077 4396 hoc
3101 4351 3318 4411 tempus
3347 4341 3568 4404 venisti,

1989 4443 2044 4490 et
2084 4451 2205 4506 qum
2246 4437 2465 4493 saeculis
2501 4437 2758 4492 omnibus
2805 4437 3084 4490 anteriora
3123 4443 3253 4492 sunt
3296 4435 3574 4506 explicare

1988 4530 2297 4594 contendis,
2330 4546 2452 4601 quae
2479 4546 2578 4585 nec
2611 4531 3002 4601 prophetarum
3035 4530 3276 4584 oraculis
3311 4542 3572 4599 expressa

276 4615 545 4683 Σωτῆρος
583 4613 744 4667 τοῦτο
781 4614 1135 4688 δεδιδαχότος,
1171 4618 1293 4672 οὔτε
1346 4621 1678 4686 ἀποστόλων,
1723 4623 1770 4675 εἰ
1809 4623 1882 4694 μή

1996 4631 2140 4684 sunt,
2177 4638 2354 4694 neque
2383 4639 2412 4676 a
2448 4625 2754 4686 Salvatore,
2791 4623 2871 4677 vel
2909 4622 3174 4692 apostolis
3206 4620 3427 4686 tradita,
3462 4617 3570 4674 nisi

276 4721 336 4759 τι
370 4706 438 4758 ἀν
467 4706 790 4780 φλυαρήσῃς
842 4709 1154 4764 ἐπίπλαστά
1181 4729 1301 4764 τινα
1330 4712 1389 4776 ἐξ
1417 4713 1681 4784 ὀνόματος
1717 4715 1886 4783 ἁγίων

277 4797 477 4867 βιϐλία
525 4799 708 4870 ἐαυτῷ
748 4800 1032 4872 τιθέμενος
1093 4804 1186 4856 καὶ
1221 4804 1676 4876 προϐαλλόμενος·
1723 4808 1885 4861 πόθεν

279 4885 378 4942 νῦν
425 4892 610 4961 ἥκεις,
645 4888 690 4945 ὧ
727 4887 903 4959 0610;,
937 4894 1038 4960 τὴν
1081 4896 1252 4949 κακοῦ
1297 4898 1664 4968 ἀρχαϊζουσαν
1709 4900 1884 4972 ἀρχὴν

279 4983 512 5052 φέρων;
555 4983 940 5056 Ἐρωτώμενος
977 4986 1034 5039 δὲ
1076 4988 1166 5058 ὑφ’
1208 4988 1386 5060 ἡμῶν,
1430 4993 1478 5043 εἰ
1516 4991 1723 5064 ταύτην
1757 5009 1883 5064 τρε-

276 5073 428 5142 πτήν
453 5089 576 5124 τινα
608 5073 830 5140 φάσκει,
856 5075 888 5144 ἢ
917 5075 1207 5147 ἄτρεπτον,
1243 5077 1342 5149 ἤδη
1373 5079 1429 5132 δὲ
1459 5081 1696 5152 ὲνηχήθη
1726 5083 1878 5154 ἡμῖν,

274 5162 358 5225 ὡς
404 5162 685 5233 ἄτρεπτον
735 5165 905 5236 αὐτὴν
941 5169 1260 5237 εἰσηγεῖται,
1306 5170 1401 5223 καὶ
1443 5172 1576 5224 ποτὲ
1623 5173 1722 5242 μὲν
1760 5191 1883 5246 τρε-

277 5254 448 5324 πτὴν,
491 5255 620 5307 ποτὲ
665 5256 723 5308 δὲ
763 5257 1052 5329 ἄτρεπτον·
1087 5261 1167 5323 εἰς
1208 5261 1308 5331 μὲν
1349 5262 1408 5315 16
1441 5264 1677 5334 πονηρὸν
1716 5265 1879 5336 ἀτρε-

277 5364 436 5410 πτον,
468 5349 552 5409 εἰς
581 5347 639 5400 δὲ
675 5347 736 5401 16
771 5350 975 5418 ἀγαθὸν
1003 5355 1366 5424 τρεπομένην,
1400 5354 1486 5408 ἵνα
1528 5357 1598 5409 ἐκ
1625 5356 1735 5409 τῶν
1787 5357 1880 5410 δύο

275 5439 424 5508 ὅρων
466 5439 739 5511 αἰσχύνην
782 5441 861 5512 τῷ
904 5441 1004 5514 βίῳ
1035 5443 1268 5516 ὀφλήσῃ.
1309 5446 1371 5498 Εἰ
1418 5445 1526 5517 γὰρ
1572 5449 1629 5500 ὲν
1666 5447 1880 5513 πολλοῖς

276 5530 376 5584 καὶ
419 5530 685 5594 ἀπλέτοις
723 5531 914 5587 αἰῶσιν
975 5534 1243 5605 ἄτρεπτος
1291 5531 1362 5608 ἦν
1405 5539 1438 5608 ἠ
1501 5538 1690 5602 κακία,
1747 5539 1878 5592 αὐτὸ

275 5623 442 5678 τοῦτο
503 5623 665 5692 μόνον
717 5624 915 5696 ἔχουσα
969 5626 1031 5680 16
1086 5627 1277 5698 ὄνομα,
1331 5629 1424 5682 καὶ
1465 5630 1618 5684 οὐδὲν
1690 5631 1878 5701 ἕτερον

278 5715 421 5782 πλὴν
459 5713 557 5768 σοῦ
584 5715 780 5781 κακοῦ,
803 5716 887 5781 τίς
911 5716 1101 5789 ἔτρεψε
1134 5718 1273 5789 μετά
1300 5719 1525 5784 πολλοὺς
1551 5720 1753 5786 αἰῶνας
1780 5722 1876 5794 τὴν

348 5891 368 5927 ⁸
398 5888 463 5948 1".
510 5891 821 5955 παριόντος.

1989 4713 2131 4768 forte
2161 4715 2542 4785 supposititios
2571 4715 2840 4785 quosdam
2876 4715 3046 4770 libros
3083 4714 3223 4768 falso
3254 4722 3570 4768 sanctorum

1987 4808 2210 4863 nomine
2263 4807 2560 4877 inscriptos
2591 4807 2856 4862 obtrudas
2889 4816 3052 4878 atque
3085 4807 3138 4860 in
3171 4805 3407 4860 medium
3441 4819 3569 4874 pro-

1987 4898 2164 4965 feras;
2187 4899 2302 4960 sed.
2325 4900 2518 4953 amabo
2537 4897 2769 4961 te,unde
2785 4898 2946 4953 nobis
2977 4899 3260 4968 antiquum
3287 4896 3418 4950 illud
3442 4897 3581 4949 mali-

1986 4991 2317 5062 principium
2351 4991 2585 5046 afferes?
2618 4991 2906 5044 Enimvero
2929 5005 3054 5045 cum
3082 5005 3110 5043 a
3143 4989 3303 5044 nobis
3335 4988 3571 5043 interro-

1985 5091 2145 5153 gatus
2178 5082 2269 5146 sit,
2304 5089 2490 5135 utrum
2525 5079 2787 5134 mutabile
2817 5080 2947 5134 illud
2973 5096 3040 5133 an
3076 5079 3586 5134 immutabilecon~

1987 5173 2265 5235 stitueret,
2321 5171 2666 5226 immutabile
2704 5171 2772 5224 ab
2806 5169 2872 5225 eo
2913 5171 3039 5240 poni
3083 5170 3398 5232 didicimus.
3453 5171 3572 5224 sive

1987 5266 2170 5335 potius
2223 5265 2498 5319 interdum
2546 5263 2840 5327 mutabile,
2891 5263 3167 5318 interdum
3223 5261 3580 5316 immutabile

1985 5357 2238 5421 definiri,
2287 5357 2423 5412 adeo
2471 5364 2531 5410 ut
2568 5356 2636 5410 ad
2675 5355 2876 5409 tnalum
2932 5356 3149 5425 quidem
3195 5354 3398 5407 mutari
3455 5367 3566 5407 non

1985 5449 2180 5519 possit,
2213 5447 2278 5500 ad
2315 5447 2517 5500 bonum
2551 5445 2743 5515 possit,
2782 5452 2842 5498 ιιι
2883 5459 2947 5500 ex
2977 5444 3242 5500 ambabus
3282 5443 3391 5496 illis
3427 5441 3566 5496 defi-

1983 5539 2287 5593 nitionibus
2320 5537 2614 5592 ludibrium
2661 5537 2902 5592 humano
2945 5539 3130 5608 generi
3176 5537 3390 5591 debeat.
3425 5535 3564 5589 Nam

1984 5635 2028 5689 si
2059 5634 2287 5689 infinitis
2324 5632 2539 5689 saeculis
2573 5632 2932 5687 immutabilis
2964 5633 3168 5686 malitia
3213 5629 3346 5694 fuit,
3399 5630 3562 5699 idque

1985 5742 2153 5782 unum
2181 5725 2508 5782 vocabulum
2541 5722 2798 5788 obtinuit,
2837 5739 3014 5795 neque
3035 5721 3333 5794 quidquam
3365 5726 3562 5792 praeter
