4076 6392
446 443 552 500 με

1853 445 1908 499 S.
1954 443 2294 501 EPIPHANH

3599 443 3716 500 i20-

448 561 650 614 malum
677 556 887 620 habuit,
915 556 1042 626 quis
1071 556 1404 612 immobilem
1437 558 1582 612 illam
1615 557 1741 612 mali
1771 569 2022 612 naturam

2139 562 2396 632 Ξτρεπτον
2447 559 2610 631 φύσιν
2659 559 2856 622 κακίας
2893 559 3169 631 τραπῆναι
3205 557 3296 611 ἐπὶ
3323 557 3391 612 τὰ
3423 559 3496 630 μὴ
3539 567 3712 631 xpetit

447 659 604 704 tanto
633 649 919 703 intervallo
947 647 1198 710 mutavit,
1235 655 1295 702 ut
1326 663 1386 703 se
1419 649 1486 702 ad
1533 649 1711 704 aliena
1743 659 2022 705 converte-

448 743 570 796 ret?
597 741 656 796 Si
687 742 740 794 id
765 755 834 796 eo
869 740 1071 794 factum
1094 747 1200 804 est,
1231 742 1376 809 quod
1403 741 1567 812 672
1610 743 1852 796 nondum
1885 757 2024 810 prae-

447 836 574 888 data
599 834 852 888 virtutem
883 841 1052 894 esset,
1076 847 1254 903 neque
1283 835 1488 888 bonum
1505 845 1895 906 expugnasset,
1929 845 2024 890 aut

447 928 568 996 ejus
600 937 931 980 armaturam
959 935 1304 996 occupasset,
1339 943 1446 996 qua
1487 943 1548 984 se
1577 929 1930 984 conﬁrmaret
1960 943 2024 982 ac

448 1023 728 1086 pasceret,
771 1023 933 1085 atque
966 1016 1036 1068 ita
1083 1023 1160 1070 tot
1189 1017 1296 1072 illis
1338 1019 1554 1073 saeculis
1604 1019 1783 1073 omnis
1827 1033 2023 1087 expers

447 1108 716 1170 alimenti,
751 1119 854 1162 nec
887 1121 1018 1162 vero
1063 1109 1214 1162 illius
1243 1109 1493 1180 indigens
1531 1111 1867 1180 permansit;
1901 1110 2024 1179 quis

447 1213 566 1253 eam
599 1211 870 1262 naturam,
901 1213 1023 1269 qna-
1048 1197 1364 1254 alimentum
1391 1203 1660 1256 hactenus
1681 1201 1904 1256 minime
1933 1201 2026 1254 de-

449 1293 745 1357 siderabat,
796 1294 865 1348 ad
915 1295 1048 1348 illud
1105 1296 1502 1365 capessendum
1559 1295 1798 1364 impulit,
1861 1295 2025 1364 idque

449 1384 628 1452 ipsum
669 1383 1078 1454 requirendum,
1123 1387 1269 1457 quod
1299 1401 1404 1440 non
1438 1393 1594 1440 antea
1641 1385 1937 1455 ﬂagitabat,
1971 1385 2024 1438 id

449 1476 764 1532 desiderare
791 1478 1050 1549 denique,
1077 1480 1221 1549 quod
1255 1493 1602 1548 nequaquam
1627 1485 1786 1532 antea
1819 1478 2028 1532 deside-

449 1571 700 1624 raverat?
735 1569 1072 1630 Naturamne
1121 1573 1392 1627 mutavit?
1425 1571 1528 1626 Ubi
1575 1573 1739 1640 igitur
1783 1571 1874 1624 illa
1921 1581 2024 1634 est,

449 1677 614 1730 quam
650 1663 878 1726 asseris,
907 1663 1263 1717 itmnutabilis
1301 1663 1428 1717 mali
1463 1662 1748 1716 conditio?
1791 1661 1946 1727 Quod
1979 1661 2026 1716 si

2123 655 2360 724 ἣκοντας
2397 649 2458 706 Ei
2491 653 2599 725 γὰρ
2629 652 2780 706 οὔπω
2805 645 2874 722 ἦν
2903 649 3195 722 ἁρπάξασα
3221 645 3470 720 δύναμιν,
3501 649 3595 704 καὶ
3617 659 3712 704 κα-

2123 745 2576 817 ταπολεμήσασα,
2637 745 2772 815 μηδὲ
2803 743 3044 796 λαϐοῦσα
3084 742 3385 796 πανοπλίαν
3427 743 3509 804 εἰς
3539 735 3710 810 αὐτῆς

2123 838 2355 908 δύναμιν
2391 837 2486 890 καὶ
2507 838 2586 899 είς
2613 835 2833 904 ἐδωδὴν,
2867 833 3060 905 ἔμελλε
3082 834 3098 864 ¹
3121 833 3177 886 δὲ
3206 834 3262 885 ὲν
3286 831 3498 894 πολλοῖς
3523 831 3710 885 αἰῶσιν

2125 928 2379 999 ἄτροφος,
2412 927 2546 998 μηδὲ
2570 925 2775 997 τροφῆς
2803 923 3143 993 ὲπιδεομὲνη·
3175 923 3259 985 τίς
3279 921 3472 993 ἔτρεψε
3496 922 3594 990 τήν
3616 935 3714 972 πο-

2123 1037 2184 1072 τε
2217 1021 2290 1090 μὴ
2324 1019 2677 1089 ἐπιδεομένην
2701 1017 2908 1089 τροφῆς
2935 1019 3014 1080 εἰς
3043 1015 3250 1086 τροφὴν
3283 1016 3459 1086 ἥκειν,
3485 1014 3576 1066 καὶ
3599 1014 3712 1067 ἐπι-

2126 1112 2328 1180 ζητεῖν,
2390 1110 2526 1180 ὅπερ
2577 1107 2708 1160 ποτὲ
2759 1108 2858 1160 οὐκ
2915 1105 3190 1174 ἐπεζήτει,
3245 1105 3338 1158 καὶ
3403 1103 3710 1157 ἐπιδέεσθαι

2124 1202 2262 1270 ὅπερ
2285 1199 2414 1252 ποτὲ
2443 1201 2542 1252 οὑκ
2567 1199 2835 1260 ὲπεδέετο,
2871 1198 2984 1250 ἀλλ’
3015 1200 3063 1250 εἰ
3089 1198 3196 1269 ἄρα
3230 1199 3439 1268 ἐτράπη
3470 1195 3567 1267 τὴν
3605 1195 3708 1264 φύ-

2129 1307 2248 1354 σιν;
2295 1291 2403 1344 Καὶ
2438 1289 2557 1354 πῶς
2603 1291 2636 1361 ἡ
2669 1289 2819 1359 παρὰ
2858 1287 2941 1343 σοὶ
2981 1290 3209 1360 ἀτρεψία
3247 1287 3498 1360 περὶτοῦ
3537 1285 3708 1341 κακοῦ

2131 1381 2558 1453 συσταθήσεται;
2592 1377 2655 1435 Εἰ
2685 1382 2742 1434 δὲ
2773 1381 2868 1434 καὶ
2899 1382 3060 1435 πάλιν
3091 1384 3172 1445 εἰς
3203 1379 3336 1433 ίδίαν
3377 1379 3710 1433 κατάστασιν

2129 1475 2291 1540 ἔλθοι,
2321 1475 2518 1546 μηκέτι
2554 1475 2802 1546 εὐπορῶν
2829 1475 2858 1528 ὃ
2884 1476 3068 1545 φάγοι,
3103 1475 3218 1537 πῶς
3249 1477 3277 1526 ό
3309 1471 3470 1526 πάλιν
3501 1473 3557 1526 ὲν
3584 1487 3712 1525 συν-

2127 1566 2288 1636 ηθείᾳ
2339 1567 2580 1634 γεγονὼς
2612 1568 2837 1638 κακὺςῆ
2867 1568 3102 1638 πονηρὸς
3133 1566 3224 1620 τοῦ
3260 1564 3589 1636 βιϐρὼσκειν
3615 1563 3711 1616 καὶ

2129 1657 2294 1728 ἐδωδῇ
2335 1657 2590 1728 χρῆσθαι,
2630 1658 2852 1712 δύναται
2903 1660 3196 1728 ὑπομένειν
3243 1658 3324 1720 είς
3364 1655 3458 1709 τὸν
3495 1656 3712 1708 ἐπιόντα

453 1755 744 1821 pristinum
780 1754 930 1808 illum
965 1771 1156 1810 rursus
1185 1756 1252 1809 ad
1284 1763 1484 1809 statum
1538 1755 1762 1816 redeat,
1811 1765 1870 1808 ut
1919 1763 2029 1822 quo

2139 1751 2320 1821 χρόνον
2367 1753 2492 1806 ἄνευ
2533 1751 2734 1821 ὲδωδῆς
2769 1749 3066 1816 διατελῶν;
3111 1751 3174 1803 El
3219 1749 3327 1820 γὰρ
3363 1751 3420 1802 ὲν
3455 1747 3714 1819 συνηθείᾳ

453 1856 706 1900 vescatur
747 1847 943 1901 habeat
987 1847 1142 1908 nihil,
1197 1861 1436 1917 quonam
1483 1855 1645 1916 pacto
1691 1845 1876 1917 malus
1912 1845 2024 1907 ille,

2139 1839 2438 1910 βρωμάτων
2467 1842 2540 1911 μὴ
2570 1840 2809 1909 γεγονὼς
2837 1841 2936 1894 οὐκ
2962 1839 3201 1911 ἠδυνήθη
3233 1837 3552 1907 ὑποστῆναι,
3577 1833 3716 1890 ἀλλὰ

451 1945 805 2006 posteaquam
831 1937 976 1992 vesci
1004 1939 1372 2003 consueverit,
1403 1937 1662 2006 deinceps
1687 1937 1850 1990 vitam
1865 1916 2024 1990 'tole-

2139 1933 2340 2001 ἐτράπη
2371 1933 2450 1994 εἰς
2479 1932 2679 2002 ἐδωδὴν
2707 1931 2978 2002 ἔρχεσθαι,
3007 1932 3099 1984 καὶ
3125 1931 3364 2002 συλήσας
3391 1930 3490 1999 τὴν
3512 1928 3713 1998 ψυχὴνι

451 2043 576 2082 rare
595 2029 716 2084 sine
741 2025 868 2084 cibo
899 2031 1132 2098 poterit?
1159 2029 1376 2083 Etenim
1409 2029 1454 2083 si
1477 2043 1586 2098 quo
1612 2036 1858 2097 tempore
1882 2039 2022 2080 non—

2139 2021 2328 2094 βρῶμα
2387 2023 2561 2094 ἐαυτῷ
2607 2026 3052 2096 περιεποιήσατο,
3111 2022 3308 2094 μᾶλλον
3353 2023 3412 2076 ὲν
3453 2018 3714 2091 συνηθείᾳ

451 2119 580 2172 dum
627 2119 767 2173 cibis
811 2127 1152 2184 assueverat,
1199 2120 1476 2174 sustinere
1513 2119 1872 2172 nihilominus
1913 2129 2022 2171 non

2139 2115 2418 2186 βρώματος
2439 2115 2678 2185 γεγονὼς
2712 2117 2938 2187 ἄσχετος
2963 2117 3116 2169 ἔσται
3145 2113 3242 2187 τὴν
3281 2113 3462 2183 φύσιν,
3495 2113 3588 2166 καὶ
3621 2112 3710 2166 οὓς

451 2210 647 2278 potuit,
686 2210 780 2264 sed
819 2209 887 2264 ad
919 2211 1272 2280 quaerendum
1307 2211 1562 2279 pabulum
1611 2217 1694 2264 est
1733 2209 2022 2278 impulsus,

2139 2207 2219 2260 δὲν
2255 2206 2321 2261 ἂν
2371 2207 2558 2262 τοῦτον
2599 2208 2956 2280 παραπείσειε
2995 2207 3172 2278 λίχνον
3208 2205 3470 2274 γεγονότα
3517 2203 3614 2257 καὶ
3657 2206 3716 2256 ὲν

453 2315 518 2353 ac
557 2298 776 2354 demum
809 2303 1089 2370 praedatus
1128 2303 1366 2355 animam
1401 2315 1464 2355 ea
1511 2315 1609 2370 pro
1653 2299 1778 2355 cibo
1819 2301 2026 2356 abusus

2139 2299 2299 2371 πείρᾳ
2327 2301 2530 2369 ἐδωδῆς
2567 2300 2696 2354 ἄνευ
2727 2301 2932 2354 τούτων
2956 2300 3241 2364 διατελεῖν,
3269 2298 3345 2362 ὼς
3377 2299 3404 2350 ό
3439 2296 3530 2360 σὸς
3558 2295 3717 2364 λόγος

451 2401 537 2445 est
571 2410 584 2446 :
623 2392 714 2446 ubi
756 2393 1004 2447 ciborum
1055 2393 1443 2448 consuetudini
1493 2391 1804 2458 indulserit,
1854 2391 2025 2446 multo

2139 2389 2436 2453 ἀσύστατος
2471 2391 2732 2462 ὑπάρχων
2753 2391 2913 2444 τοῦτο
2947 2391 3214 2461 βούλεται.

455 2489 636 2543 minus
681 2488 937 2544 cohibere
983 2505 1104 2543 sese
1145 2497 1364 2558 poterit,
1412 2503 1512 2542 nec
1555 2487 1663 2542 ulla
1714 2487 1928 2541 ratione
1971 2487 2020 2539 ei
2083 2485 2405 2556 persuaderi
2451 2487 2671 2554 poterit,
2707 2495 2764 2539 ut
2801 2497 3154 2556 posteaquam
3221 2487 3444 2557 ligurire
3485 2499 3550 2538 ac
3607 2477 3714 2535 cibi

452 2580 778 2634 suavitatem
804 2581 1036 2650 experiri
1065 2581 1311 2649 cmperit,
1335 2579 1404 2634 ab
1431 2581 1525 2634 illo
1553 2593 1675 2634 sese
1705 2579 2016 2634 contineat:
2091 2579 2236 2649 quod
2285 2589 2466 2632 tamen
2533 2593 2672 2631 rana
2719 2587 2810 2632 tua
2859 2580 3196 2648 minimeque
3243 2581 3529 2634 cobmrens
3577 2573 3720 2627 ratio

453 2673 814 2741 comprobare
841 2673 1056 2728 nititur.

523 2765 636 2818 LX.
666 2763 866 2820 Verum
890 2766 992 2820 hoc
1021 2768 1142 2822 loco
1167 2767 1536 2837 praetermisso
1562 2767 1630 2820 ad
1657 2766 1763 2820 alia
1783 2765 2030 2834 ejusdem

2203 2761 2277 2815 3'.
2337 2759 2498 2812 Ἀλλὰ
2555 2759 2966 2830 παρελεύσομαι
3016 2758 3204 2812 τοῦτον
3252 2759 3344 2811 τὸν
3395 2759 3580 2812 τόπον·
3632 2761 3718 2830 ἐφ’

454 2857 695 2912 hominis
719 2857 910 2913 deliria
941 2858 1246 2913 orationem
1286 2856 1591 2912 conferam.
1627 2857 1912 2926 Principes
1955 2857 2034 2910 ait

2139 2852 2300 2920 ἕτερα
2323 2851 2380 2904 δὲ
2405 2851 2566 2904 πάλιν
2595 2852 2693 2922 τῆς
2723 2849 2887 2904 αὑτοῦ
2918 2849 3188 2922 ληρωδίας
3215 2851 3600 2920 ἐπεκτείνομαι
3623 2851 3722 2922 τὴν

457 2958 730 3017 postremo
761 2949 852 3004 illo
881 2959 1126 3021 tempore
1168 2951 1404 3020 pr0priis
1451 2949 1676 3006 sedibus
1717 2951 2031 3004 restitutum

2139 2940 2404 3011 διήγησιν,
2451 2941 2620 2996 Πάλιν
2653 2941 2762 3012 γὰρ
2799 2941 3020 3010 φάσκει,
3047 2941 3128 2994 ὅτι
3161 2943 3210 2994 οἱ
3234 2941 3492 3011 ἄρχοντες
3519 2943 3578 2994 ὲν
3607 2945 3720 3006 τοῖς

457 3039 550 3102 iri,
594 3053 658 3092 ac
688 3037 900 3094 Patrem
927 3047 1169 3094 suasmet
1199 3041 1372 3110 ipsius
1417 3047 1602 3110 partes
1649 3055 1772 3096 esse
1803 3055 2034 3111 recupe-

2140 3032 2289 3095 ἰδίοις
2323 3032 2514 3103 μέρεσι
2539 3033 2658 3086 τότε
2689 3035 2921 3096 ἔσονται,
2953 3033 3048 3086 καὶ
3067 3035 3096 3086 ό
3125 3033 3316 3105 Πατὴρ
3353 3034 3420 3088 τὰ
3448 3033 3553 3086 ἴδια
3585 3036 3722 3087 ἀπο-

457 3135 730 3182 raturum.
755 3129 892 3194 Quis
911 3137 998 3184 est
1019 3130 1107 3183 ille
1129 3138 1240 3182 tam
1259 3145 1470 3200 aequus,
1497 3139 1555 3184 ut
1577 3130 1874 3201 unicuique
1893 3131 2032 3200 parti

2139 3122 2368 3193 λήψεται
2393 3123 2555 3194 μέρη.
2581 3123 2676 3186 Τίς
2705 3125 2812 3195 ἄρα
2829 3125 2857 3176 ό
2877 3125 3128 3194 ἐπιεικὴς
3159 3118 3336 3188 οὗτος,
3353 3124 3438 3178 ἵνα
3467 3125 3560 3177 τὸν
3587 3125 3713 3195 ὅρον

457 3222 728 3275 terminos
757 3235 889 3276 suos
921 3221 1066 3276 velut
1103 3221 1434 3292 decempeda
1478 3222 1770 3277 metiatur?
1795 3221 2030 3288 Quinam

2139 3213 2346 3284 διχόθεν
2377 3215 2606 3266 ἑκάστου
2656 3213 2855 3286 μέρους
2893 3216 3292 3286 γεωμετρήσῃ;
3341 3213 3466 3278 Πῶς
3510 3215 3567 3267 δὲ
3603 3231 3722 3267 πει-

458 3327 589 3367 vero
607 3312 820 3383 parebit
851 3313 963 3373 ille,
991 3313 1084 3382 qui
1105 3313 1322 3368 veritati
1352 3327 1416 3368 ac
1449 3314 1594 3368 bono
1617 3325 1822 3369 morem
1847 3325 2034 3383 gerere

462 3403 622 3457 initio
653 3404 922 3460 noluerit?
941 3403 1000 3458 Si
1025 3405 1076 3460 id
1111 3407 1442 3462 necessitate
1481 3408 1682 3461 bonum
1713 3415 2032 3463 exorturum

459 3491 688 3558 dixeris,
716 3502 777 3546 ut
806 3493 1046 3562 injustus
1069 3495 1160 3548 ille
1183 3495 1298 3550 suis
1323 3497 1487 3551 rebus
1507 3505 1798 3552 contentus
1821 3499 1913 3561 sit,
1935 3511 2036 3552 nec

463 3584 518 3638 in
545 3585 670 3639 boni
705 3587 1110 3654 possessionem
1151 3588 1374 3652 involet,
1403 3603 1503 3642 cur
1547 3601 1657 3642 non
1697 3587 1878 3644 facere
1904 3589 2035 3644 illud

467 3675 622 3730 initio
668 3677 874 3744 potuit,
930 3677 1246 3748 priusquam
1303 3695 1416 3734 suae
1455 3680 1562 3734 sibi
1615 3688 1798 3749 partes
1851 3691 2038 3736 essent

459 3767 698 3835 ereptae?
727 3767 809 3820 An
835 3781 968 3820 vero
991 3767 1156 3822 simul
1193 3783 1316 3823 esse
1343 3768 1452 3822 duo
1485 3769 1563 3824 illi
1594 3777 1874 3840 poterunt.
1911 3785 2036 3824 cum

464 3869 620 3910 suam
653 3855 890 3924 quisque
915 3861 1124 3924 partem
1145 3857 1426 3912 obtineat?
1447 3858 1560 3928 Age
1585 3873 1714 3912 vero
1745 3859 1790 3913 si
1813 3857 2040 3911 omnino

467 3959 578 3998 sua?
593 3943 965 4014 Omnipotenti
1001 3955 1186 4015 partes
1209 3947 1485 4004 attributa:
1511 3949 1642 4014 sint,
1678 3947 1815 4003 adeo
1853 3957 1912 4001 ut
1934 3963 2042 4002 cae-

465 4045 596 4089 tera:
623 4035 758 4088 nihil
792 4035 861 4088 ad
899 4035 1077 4104 ipsum
1119 4037 1450 4105 pertineant,
1469 4037 1827 4107 Omnipotens
1856 4037 2041 4106 appel-

467 4125 568 4179 lari
605 4123 854 4190 desinet,
903 4125 1116 4182 desinet
1152 4128 1396 4182 omnium
1448 4143 1572 4184 esse
1615 4128 1790 4194 Dens.
1828 4129 2042 4184 desinet

467 4218 646 4271 malus
679 4218 826 4272 bono
866 4232 990 4273 esse
1019 4219 1322 4288 subjectus,
1364 4235 1488 4274 cum
1533 4223 1910 4295 unusquisque
1941 4235 2043 4276 sua

469 4323 530 4362 se
564 4307 939 4365 dominatione
967 4311 1266 4367 contineat.
1311 4312 1482 4382 Cujus
1528 4328 1695 4382 porro
1735 4314 1915 4368 malus
1951 4314 2044 4368 ille

469 4401 728 4458 dominus
763 4404 890 4468 erit,
913 4404 962 4459 si
991 4419 1172 4474 neque
1213 4404 1452 4460 mundus
1500 4406 1738 4474 amplius
1778 4407 2042 4476 supersit,

473 4507 572 4547 nec
599 4493 886 4558 animalia,
927 4495 1012 4549 vel
1057 4495 1310 4550 homines
1352 4495 1479 4564 ulli,
1511 4497 1604 4566 qui
1650 4497 1799 4551 illius
1847 4497 2044 4551 ditioni

2138 3305 2392 3376 σθήσεται
2433 3306 2462 3358 ὁ
2499 3306 2754 3376 ἀπαρχῆς
2797 3309 2865 3376 τῇ
2903 3304 3134 3377 ἀληθείᾳ
3171 3306 3266 3359 καὶ
3306 3303 3385 3376 τῷ
3416 3304 3606 3374 ἀγαθῷ
3643 3304 3720 3374 μὴ

2136 3397 2488 3468 πειθόμενος;
2515 3399 2575 3450 Εἰ
2605 3398 2660 3450 δὲ
2691 3398 2808 3468 μετ’
2835 3397 3082 3468 ἀνάγκης
3111 3397 3500 3470 παραπείσειεν
3524 3401 3554 3450 ό
3581 3399 3710 3465 ἁγα-

2137 3491 2229 3554 θὺς
2261 3491 2352 3544 τὸν
2391 3493 2707 3562 παράνομον
2741 3490 2887 3554 ἰδίοις
2925 3493 3178 3560 στοιχεῖν,
3211 3491 3306 3542 καὶ
3339 3489 3412 3560 μὴ
3451 3487 3719 3558 ἐπεμϐαί-

2137 3600 2248 3636 νειν
2277 3585 2342 3654 τῇ
2371 3583 2466 3636 τοῦ
2496 3582 2702 3651 ἀγαθοῦ
2739 3581 2934 3653 μερίδι,
2975 3582 3064 3635 διὰ
3089 3583 3142 3634 τί
3169 3581 3243 3652 μὴ
3278 3581 3532 3651 ἀπαρχῆς
3563 3578 3722 3632 τοῦτο

2137 3676 2374 3745 ἠδυνήθη
2405 3677 2646 3746 ποιῆσαι,
2679 3677 2809 3746 πρὶν
2843 3675 2876 3746 ἢ
2907 3675 3044 3738 ὅλως
3081 3677 3175 3728 ἀπ’
3209 3675 3383 3744 αὑτῆς
3425 3673 3722 3744 συληθῆναι

2138 3768 2208 3821 τὰ
2251 3769 2424 3840 μέρη;
2455 3768 2580 3832 Πῶς
2604 3768 2660 3822 δὲ
2691 3769 2906 3822 ἔσονται
2943 3769 2991 3820 οἱ
3029 3767 3123 3820 δύο
3154 3765 3464 3828 ὲπιτοαυτὸ,
3497 3765 3600 3819 ἀνά
3625 3763 3722 3835 μέ-

2144 3879 2234 3930 ρος
2256 3861 2482 3924 ἕκαστος
2511 3861 2879 3934 κεκτημένος;
2913 3861 2974 3913 El
3005 3859 3111 3932 γὰρ
3141 3860 3276 3922 ὅλως
3305 3859 3444 3930 μέρη
3469 3857 3602 3928 ἔχει,
3627 3857 3723 3910 καὶ

2139 3953 2208 4006 τὰ
2255 3951 2417 4022 ἕτερα
2454 3952 2594 4022 μέρη
2628 3953 2728 4006 οὐκ
2781 3950 2970 4014 αὑτοῦ,
3011 3951 3196 4005 οὐκέτι
3231 3949 3636 4017 Παντοκράτωρ
3691 3949 3721 4001 ό

2145 4047 2543 4117 Παντοκράτωρ
2569 4043 2920 4116 κληθήσεται,
2953 4043 3134 4094 οὐκέτι
3159 4041 3292 4104 Θεὸς
3308 4039 3418 4093 τῶν
3443 4042 3717 4100 ἁπάντων,

2141 4134 2322 4187 οὐκέτι
2349 4134 2658 4204 ὑποχείριος
2685 4136 2713 4186 ὸ
2747 4133 2915 4196 κακὸς
2949 4131 3046 4184 τοῦ
3079 4130 3280 4199 ἀγαθοῦ
3317 4131 3559 4201 γένηται,
3585 4127 3720 4183 ἀλλὰ

2142 4227 2370 4288 ἕκαστος
2417 4227 2597 4280 αὐτῶν
2629 4226 2740 4297 ἔχει
2779 4225 2880 4296 τὴν
2922 4225 3056 4278 ἰδίαν
3093 4223 3426 4277 δεσποτείαν.
3467 4223 3624 4284 Τίνος
3661 4220 3722 4274 δὲ

2143 4315 2251 4386 ἄρα
2285 4319 2312 4368 ὁ
2340 4316 2574 4387 πονηρὸς
2607 4316 2872 4386 δεσπότης
2901 4315 3072 4379 ἔσται,
3107 4314 3301 4384 μηκέτι
3329 4313 3479 4377 ὄντος
3505 4312 3603 4365 τοῦ
3633 4313 3724 4366 κό-

2147 4425 2304 4476 σμου,
2349 4408 2486 4478 μήτε
2525 4406 2632 4460 τῶν
2667 4408 2757 4460 ὑπ’
2785 4405 2952 4460 αὐτοῦ
2995 4405 3150 4470 ζώων
3193 4423 3254 4460 τε
3293 4407 3388 4460 καὶ
3419 4405 3721 4478 ἀνθρώπων

2147 4500 2588 4570 κυριευομὲνων;
2619 4500 2682 4556 Εἰ
2723 4499 2780 4553 δὲ
2813 4500 2954 4564 ὅλως
2997 4499 3166 4562 κακός
3207 4501 3323 4551 ἐστι
3363 4499 3457 4552 καὶ
3495 4499 3591 4567 ὕλη
3627 4497 3723 4550 καὶ

471 4585 786 4654 subjacent?
831 4585 1100 4642 Praeterea
1136 4601 1259 4640 cum
1307 4587 1447 4642 idem
1500 4589 1594 4643 ille
1621 4589 1847 4644 materia
1883 4591 2036 4644 simul

2150 4591 2345 4663 φθορὰ,
2377 4590 2496 4654 πῶς
2526 4591 2726 4662 μᾶλλον
2753 4591 2852 4645 οὐκ
2879 4591 3088 4662 ἐφθάρη
3113 4607 3128 4656 ;
3159 4591 3220 4644 Εἰ
3243 4590 3348 4662 γὰρ
3371 4590 3557 4642 ἔκτοτε
3581 4591 3614 4658 ἡ
3633 4582 3724 4641 οὗο

470 4687 634 4746 atque
675 4679 958 4746 corruptio
1001 4678 1093 4742 sit,
1127 4695 1311 4733 nonne
1357 4694 1468 4749 prae
1512 4681 1728 4736 caeteris
1765 4683 2044 4752 corrumpi

470 4770 590 4838 ipse
627 4769 853 4824 debuit?
893 4769 1028 4824 Nam
1061 4773 1108 4826 si
1146 4787 1214 4826 ex
1247 4773 1342 4826 illo
1375 4780 1620 4841 tempore
1651 4774 1854 4826 malum
1882 4773 2045 4844 673

469 4862 858 4930 ctsicorruptio
875 4861 1015 4918 foret
1053 4872 1360 4934 caeteraque
1383 4875 1782 4935 corrumperet,
1804 4867 2046 4934 seipsum

439 4953 695 5008 .minime
736 4955 1062 5024 corrumpit,
1095 4971 1206 5009 non
1249 4965 1334 5010 est
1376 4957 1522 5026 quod
1568 4957 1911 5027 corruptioni
1950 4957 2048 5011 ob-

473 5048 698 5102 noxium
746 5047 879 5101 illud
907 5062 1032 5102 esse
1063 5046 1427 5115 suspicemur,
1460 5061 1584 5101 cum
1615 5046 1688 5102 ita
1730 5055 2049 5115 corrumpat

474 5151 690 5203 caetera,
726 5139 1252 5209 ipsum'immortale
1277 5139 1370 5203 sit,
1402 5154 1502 5194 nec
1531 5139 1808 5208 exstingui
1851 5139 2046 5207 possit.

473 5232 554 5285 Ex
581 5247 691 5302 quo
718 5241 774 5286 et
807 5229 942 5284 illud
990 5231 1262 5300 sequitur,
1295 5243 1420 5284 eum
1468 5230 1642 5286 solida
1677 5237 2049 5300 perpetuaque

475 5325 782 5378 substantia
810 5331 1046 5386 constet,
1076 5339 1139 5376 ac
1165 5331 1362 5392 praeter
1379 5339 1501 5380 sese
1529 5332 1816 5378 consumat
1839 5323 2044 5384 otnnia,

475 5417 610 5471 nihil
638 5416 708 5470 ab
741 5417 834 5469 illo
864 5417 1114 5470 relictum
1147 5417 1236 5476 iri,
1269 5416 1362 5468 sed
1395 5429 1520 5468 cum
1559 5424 1882 5468 cancrorum
1912 5429 2047 5466 con-

477 5507 717 5577 sumptio
755 5507 848 5572 sit,
897 5507 1006 5562 illis
1037 5507 1169 5576 ipsis
1195 5507 1478 5561 interitum
1511 5507 1828 5560 allaturum.
1851 5503 2050 5571 Quam-

477 5601 668 5653 obrem
693 5599 772 5652 sic
801 5599 948 5654 illius
977 5599 1289 5654 substantia
1319 5599 1680 5669 permanebit,
1709 5597 1846 5652 nihil
1873 5605 2039 5652 uteo-

476 5704 601 5746 rem
631 5704 750 5758 qua:
785 5697 912 5744 sum
941 5690 1179 5744 residere
1211 5689 1481 5760 patiatur,
1520 5689 1612 5744 sed
1653 5689 1765 5744 sola
1797 5701 2048 5758 perseve-

547 5841 563 5874 ’
595 5839 658 5898 F.
697 5841 880 5910 ἔμενε.

2150 4703 2217 4738 σα
2245 4684 2414 4737 κακία
2441 4682 2616 4758 φθορά
2655 4683 2889 4754 ὑπῆρχε,
2926 4683 3020 4736 καὶ
3063 4682 3271 4753 φθείρει
3319 4682 3416 4753 μὲν
3459 4682 3528 4735 τὰ
3565 4680 3719 4740 ἄλλα,

2147 4777 2284 4848 αὕτη
2313 4776 2371 4830 δὲ
2402 4776 2599 4850 ἑαυτὴν
2627 4776 2688 4828 οὐ
2719 4775 2952 4846 φθείρει,
2977 4775 3160 4828 οὐκέτι
3183 4773 3511 4844 φθειρομένη
3543 4773 3722 4841 ὑπάρ-

2149 4887 2252 4940 χει,
2289 4873 2322 4940 ή
2367 4868 2502 4923 ἄλλα
2541 4869 2638 4939 μὲν
2672 4868 2989 4940 φθείρουσα,
3027 4865 3168 4938 αὕτη
3207 4866 3440 4936 μένουσα
3477 4865 3721 4926 ἁένναος.

2149 4961 2244 5014 καὶ
2279 4958 2353 5030 μὴ
2379 4958 2771 5030 ἀφανιζομένη.
2811 4957 2995 5026 Αὐτῆς
3033 4957 3090 5010 δὲ
3130 4955 3398 5026 μενούσης
3437 4955 3496 5007 ὲν
3531 4953 3726 5023 στερεᾷ

2149 5051 2464 5116 ὑποστάσει,
2504 5049 2828 5122 φθειρούσης
2859 5049 2916 5102 δὲ
2945 5050 3012 5104 τὰ
3045 5049 3206 5112 ἄλλα,
3231 5047 3325 5101 καὶ
3361 5047 3458 5115 οὐχ
3501 5044 3722 5114 ἑαυτὴν,

2149 5143 2298 5196 οὐδὲν
2332 5143 2448 5212 ἔχει,
2479 5143 2658 5208 ἐᾶσαι,
2690 5141 2826 5200 ἀλλὰ
2853 5141 3070 5204 πάντως
3101 5141 3134 5210 ἡ
3171 5138 3347 5210 φθορὰ
3385 5136 3494 5190 τῶν
3523 5136 3726 5206 ἑτέρων

2147 5239 2218 5291 τὰ
2247 5238 2410 5308 ἕτερα
2437 5237 2668 5310 φθείρει.
2726 5236 3090 5307 Ἐπιμένουσα
3121 5235 3178 5286 δὲ
3224 5235 3258 5304 ἡ
3291 5231 3460 5302 αὐτῆς
3489 5231 3724 5285 ὑπόστα-

2152 5347 2254 5394 σις,
2281 5329 2374 5382 καὶ
2413 5328 2594 5386 οὐκέτι
2619 5328 2770 5381 ἐάσει
2799 5326 2984 5380 τιτῶν
3015 5327 3203 5388 ὄντων,
3239 5323 3373 5377 ἀλλὰ
3407 5321 3546 5391 αὕτη
3589 5321 3726 5391 μόνη

2154 5423 2323 5490 μενεῖ·
2353 5419 2424 5477 τὰ
2451 5419 2507 5474 δὲ
2537 5419 2866 5490 φθειρόμενα
2903 5418 2970 5470 δι’
2999 5415 3169 5486 αὐτῆς
3205 5413 3542 5483 ἀφανίζεται.
3571 5413 3635 5463 El
3669 5411 3726 5465 δὲ

2151 5513 2243 5564 καὶ
2265 5512 2426 5580 ἑαυτῇ
2450 5513 2565 5564 ἐστι
2595 5511 2758 5584 κακὴ,
2791 5510 2887 5564 καί
2915 5511 3078 5578 ἑαυτῇ
3107 5507 3302 5578 φθορὰ,
3335 5504 3570 5574 οὐκέτι-η
3597 5502 3728 5554 ὑπό-

2153 5619 2340 5666 στασις
2371 5603 2541 5672 αὐτῆς
2571 5599 2920 5673 σταθήσεται.
2957 5600 3032 5652 Οὐ
3080 5597 3239 5668 μόνον
3282 5597 3340 5650 ἐν
3365 5595 3444 5664 τῷ
3481 5591 3734 5664 μέλλοντι

2152 5694 2378 5764 εἴποιμι,
2421 5691 2558 5747 ἀλλὰ
2593 5693 2686 5746 καὶ
2724 5691 2908 5748 ἔκτοτε
2951 5687 3310 5758 ἀφανισθεῖσα
3354 5686 3420 5742 ἂν
3459 5685 3720 5755 ὑπῆρχεί,
