4076 6392
367 461 468 518 HI

1015 460 1384 520 ADVERSUS
1419 463 1764 522 HERESES
1801 467 1932 525 LIB.
1972 467 2035 525 11.
2076 462 2239 524 ΤΟΜ.
2282 469 2421 524 ll.-—
2461 467 2731 523 HERES.
2775 467 2956 524 LX“.

3520 467 3623 524 t‘z‘2

364 583 471 650 ἠδη
491 579 550 632 δὲ
577 578 634 630 ὲν
662 578 829 647 ἑαυτῇ
858 577 1055 647 ἑαυτὴν
1097 577 1368 650 φθείρασά
1408 597 1470 633 τε
1509 583 1605 635 καὶ¹
1637 583 1953 653 ἀφανισθεῖ-

2057 600 2188 641 rans
2239 584 2497 638 universa
2559 581 2887 654 proﬂigabit.
2931 580 3065 634 Nam
3119 582 3163 637 si
3205 594 3358 637 suam
3396 597 3450 635 in
3501 597 3626 638 sese

365 690 459 724 σα.
507 668 667 722 Ἀλλὰ
695 669 867 721 ταῦτα
899 669 1078 722 πάντα
1111 671 1229 723 ἐστὶ
1271 671 1343 724 τὰ
1373 673 1687 744 διηγήματα
1721 676 1822 746 τῆς
1853 676 1950 730 τοῦ

362 764 598 832 ἄφρονος
643 760 1050 829 ματαιολογίας,
1108 760 1144 814 ἃ.
1177 766 1610 834 κατανοήσαντες
1648 767 1698 819 οἱ
1743 769 1954 821 συνετοὶ

361 853 470 904 υἱοὶ
485 851 586 920 τῆς
599 851 758 919 ἁγίας
785 851 878 904 τοῦ
895 850 1030 904 Θεοῦ
1057 851 1377 921 Ἐκκλησίας
1401 855 1634 920 πίστεώς
1649 875 1707 910 τε
1727 858 1820 910 τοῦ
1839 860 1954 912 Κυ-

363 941 506 1011 ρίου,
531 941 843 1012 διακρίνατε
874 941 966 993 τὸν
997 941 1265 1013 ἀγύρτην,
1295 943 1388 996 καὶ
1416 947 1824 1014 καταγελάσατε
1851 949 1955 1019 τῆς

362 1031 532 1084 αὑτοῦ
581 1032 870 1102 ληρωδίας.
918 1033 1368 1088 Ἐπανελεύσεται
1403 1035 1461 1088 δὲ
1500 1038 1581 1100 εἰς
1626 1038 1726 1100 τὰς
1769 1039 1954 1102 κακῶς

360 1123 541 1194 ἐαυτῷ
569 1125 993 1195 ὲπινενοημένας
1021 1127 1346 1196 προφάσεις,
1381 1129 1476 1181 καὶ
1513 1129 1621 1182 ἀπὸ
1657 1129 1768 1182 τῶν
1795 1130 1954 1184 θείων

361 1217 600 1288 Γραφῶν
630 1217 934 1288 ὁμοιώσεις,
965 1220 1177 1289 καὶούχ
1204 1219 1376 1281 οὕτως
1405 1221 1654 1290 ἐχούσας,
1692 1222 1828 1275 ἀλλὰ
1859 1221 1954 1276 οὖ-

359 1318 471 1374 τως
501 1313 592 1364 ὑπ’
618 1311 782 1364 αὐτοῦ
821 1313 1004 1377 κακῶς
1034 1313 1347 1382 νοουμένας.
1373 1314 1509 1385 Φέρε
1535 1311 1627 1368 οὖν
1661 1316 1950 1388 ὲκθώμεθα

361 1402 504 1456 αὐτὰ
559 1402 622 1474 δὴ
678 1403 818 1456 κατὰ
856 1403 1020 1467 λέξιν,
1058 1406 1126 1470 ἃς
1160 1407 1517 1460 ὑποκλέπτων
1559 1409 1622 1460 ἐκ
1650 1407 1762 1459 τῶν
1793 1408 1952 1465 θείων

361 1494 401 1543 Γ
408 1494 616 1564 ραφῶν,
644 1495 718 1558 ὡς
747 1495 904 1564 ἔφην,
945 1497 1085 1549 κατά
1113 1497 1203 1549 τὸν
1227 1498 1353 1549 νοῦν
1377 1495 1540 1550 αὑτοῦ
1570 1498 1864 1566 διηγεῖται·
1895 1500 1942 1551 εί

361 1587 463 1638 καὶ
516 1586 749 1655 μάλιστα
793 1587 1056 1651 πολλάκις
1097 1588 1196 1651 τὰς
1251 1587 1420 1651 αὐτὰς
1463 1588 1941 1659 διαλαμϐάνοντες,

361 1679 641 1747 ἀκρότατα
671 1678 922 1748 διηλέγξα
933 1697 1051 1748 μεν.

2050 677 2315 732 malitiam
2336 681 2587 730 exerceat
2625 689 2793 742 seque
2818 675 2934 743 ipsa
2959 680 3293 743 corrumpat,
3317 687 3426 727 non
3446 681 3626 745 potest

2052 774 2313 821 constans
2331 766 2450 834 ejus
2479 779 2603 820 esse
2625 765 2948 834 stabilisque
2975 764 3301 820 substantia.
3325 763 3404 818 Ac
3423 763 3623 819 nedum

2051 859 2255 913 futuris
2280 867 2469 928 postea
2500 857 2860 928 temporibus,
2889 857 2983 912 sed
3001 873 3068 912 ne
3089 859 3379 926 praeteritis
3405 858 3626 928 quidem

2053 952 2235 1006 facere
2259 951 2454 1020 potuit,
2486 950 2619 1021 quin
2655 965 2715 1005 se
2744 959 2937 1020 suapte
2968 950 3138 1020 ipsius
3166 950 3406 1020 pernicie
3432 951 3629 1005 exitio-

2051 1060 2157 1113 que
2189 1044 2501 1098 conliceret.
2546 1041 2824 1110 Ejusmodi
2867 1049 2995 1096 sunt
3034 1042 3357 1110 ineptissimi
3393 1042 3629 1097 hominis

2051 1151 2208 1206 nugae
2239 1150 2302 1188 ac
2337 1134 2556 1188 fabula}.
2589 1133 2799 1198 Quibus
2828 1134 3229 1188 animadversis
3259 1149 3358 1188 vos
3389 1133 3630 1203 pruden-

2046 1237 2150 1290 tes,
2183 1237 2388 1281 sanct.e
2409 1225 2502 1280 Dei
2535 1225 2790 1280 Ecclesia:
2823 1240 2886 1278 ac
2917 1224 3210 1280 Dominica:
3241 1225 3363 1278 ﬁdei
3397 1225 3624 1292 alumni,

2048 1317 2226 1386 qualis
2261 1320 2527 1385 impostor
2558 1317 2649 1370 ille
2679 1316 2751 1370 sit
2778 1331 2901 1368 cum
2935 1315 3142 1382 judicio
3185 1323 3366 1370 vestro
3391 1330 3618 1384 perpen-

2053 1407 2191 1470 Jite,
2233 1407 2462 1475 ejusque
2511 1406 2723 1460 somnia
2755 1405 3016 1461 deridete.
3057 1404 3161 1459 Sed
3203 1406 3270 1459 ad
3305 1412 3626 1474 argumenta

2046 1494 2291 1562 quaedam
2309 1495 2736 1563 occasionesque
2753 1509 3032 1563 perperam
3051 1510 3114 1549 ex
3137 1493 3435 1564 Scripturis
3457 1495 3630 1549 sacris

2047 1588 2120 1641 ob
2161 1587 2476 1640 nonnullam
2537 1585 2949 1640 similitudinem
3001 1601 3293 1654 expressas
3342 1586 3627 1654 confugit;

2051 1694 2172 1748 quae
2202 1693 2325 1732 cum
2361 1678 2506 1732 aliud
2551 1678 2655 1732 sibi
2687 1680 2877 1740 velint,
2915 1679 3056 1732 male
3085 1679 3152 1732 ab
3185 1694 3252 1732 eo
3289 1678 3630 1732 contrarium

363 1774 422 1827 in
457 1789 677 1827 sensum
711 1773 1023 1825 trahuntur.
1058 1772 1199 1842 Ergo
1237 1773 1352 1827 haec
1383 1773 1501 1842 ipsa
1549 1771 1735 1828 furtim
1772 1773 1840 1826 ab
1876 1785 1942 1827 eo
1982 1771 2156 1825 sacris
2178 1786 2208 1825 e
2250 1769 2473 1822 Litteris
2503 1770 2828 1831 interversa,
2861 1778 2915 1824 et
2977 1770 3042 1824 ad
3080 1770 3252 1839 ipsius
3305 1769 3629 1825 sententiam

362 1862 776 1915 accommodata
809 1860 1000 1915 iisdem
1043 1860 1223 1915 verbis
1252 1860 1308 1915 in
1355 1861 1595 1915 medium
1635 1859 1948 1916 atl‘eramus.
1988 1858 2313 1928 Quanquam
2341 1872 2443 1914 nos
2468 1874 2532 1913 ex
2560 1858 2626 1913 iis
2680 1859 2882 1929 smpius
2917 1859 3260 1929 disputantes
3323 1863 3628 1916 accuratis-

360 1959 504 2008 sime
531 1953 855 2011 refellimus.

436 2043 557 2098 EA’.
583 2044 805 2115 Πρῶτον
843 2047 942 2116 μὲν
968 2040 1060 2100 οῦν
1083 2047 1164 2099 ὅτι
1195 2045 1369 2116 εὑρὼν
1394 2046 1452 2099 ὲν
1480 2048 1601 2109 ταῖς
1621 2045 1793 2109 θείαις
1812 2047 1955 2118 Γρα-

2124 2041 2260 2096 LXI.
2297 2040 2354 2095 In
2380 2041 2572 2110 primis
2602 2041 2770 2109 igitur
2797 2057 2921 2095 cum
2957 2042 3160 2098 divinis
3185 2043 3238 2097 in
3276 2043 3496 2100 Litteris
3536 2045 3634 2101 Pa-

361 2139 494 2202 φαῖς
539 2137 668 2207 περὶ
703 2137 1060 2208 Παρακλήτου
1094 2137 1380 2207 ὀνόματος,
1421 2137 1516 2189 καὶ
1543 2137 1817 2208 ἀγνοήσας
1849 2136 1950 2208 τὴν

362 2228 461 2280 τοῦ
492 2229 645 2297 ἁγίου
681 2229 1038 2300 Παρακλήτου
1071 2230 1320 2300 δύναμιν,
1346 2229 1535 2282 ἑαυτὸν
1562 2229 1946 2300 ὑπεισήνεγκε,

362 2320 594 2390 νομίσας
636 2317 774 2398 εἶναι
828 2321 1005 2374 τοῦτο.
1040 2323 1154 2375 Καὶ·
1187 2323 1384 2389 φάσκει
1431 2322 1530 2390 μὲν
1567 2320 1720 2390 αὐτῷ
1746 2319 1816 2372 τὰ
1848 2320 1952 2372 ὑπὸ

359 2413 457 2464 τοῦ
503 2414 659 2480 ἁγίου
703 2413 918 2467 Παύλου
966 2413 1232 2484 εἰρημένα
1286 2413 1836 2484 παρακεχωρηκέναι,
1877 2412 1951 2474 ὡς

360 2504 458 2556 τοῦ
509 2504 669 2571 ἁγίου
721 2505 1044 2558 Ἀποστόλου
1084 2506 1374 2576 φήσαντος·
1436 2506 1569 2557 Ἀπὸ
1603 2503 1826 2572 μέρους
1870 2521 1952 2572 γι-

290 2624 302 2632 ο
357 2595 698 2664 νώσκομεν,
735 2597 834 2649 καὶ
859 2597 977 2650 ἀπὸ
1007 2596 1223 2664 μέρους
1251 2598 1723 2666 προφητεύομεν.
1766 2595 1954 2651 Ὅταν

356 2687 510 2756 ἔλθῃ
540 2687 605 2740 τὸ
632 2688 887 2750 τέλειον,
905 2688 968 2740 τὸ
1002 2688 1122 2745 ἀπὸ
1154 2689 1373 2757 μέρους
1414 2686 1950 2757 καταργηθήσεται.

357 2780 535 2833 Τοῦτο
584 2781 643 2834 δὲ
691 2782 820 2853 περὶ
869 2781 1230 2852 Παρακλήτου
1278 2782 1387 2834 οὐδ’
1422 2781 1558 2844 ὅλως
1610 2780 1883 2834 ἐκτίθεται
1925 2782 1955 2833 ὀ

358 2873 517 2941 ἅγιος
569 2873 907 2935 Ἀπόστολος,
949 2874 978 2936 ᾧ
1021 2871 1381 2938 καταξιωθεὶς
1437 2870 1603 2925 αὑτοῦ
1659 2871 1752 2925 τοῦ
1797 2872 1952 2940 ἁγίου

359 2966 682 3035 Πνεῦματος
714 2965 851 3034 μετὰ
879 2965 988 3017 τῶν
1021 2965 1222 3035 ὁμοίων
1252 2965 1415 3018 αὑτοῦ
1441 2964 1774 3018 ἀποστόλων·
1819 2964 1955 3018 ἀλλὰ

358 3059 492 3127 περὶ
524 3056 634 3109 τῶν
665 3056 759 3110 δύο
784 3058 1006 3126 κόσμων
1045 3058 1303 3128 διηγεῖτο,
1348 3059 1478 3128 περὶ
1521 3057 1616 3110 τοῦ
1661 3056 1956 3120 ἐνεστῶτος

358 3152 459 3202 καὶ
490 3149 796 3221 μέλλοντος,
835 3150 909 3214 ὡς
937 3149 1094 3220 ἔφην,
1130 3153 1245 3214 τοῖς
1282 3150 1628 3222 βουλομένοις
1665 3150 1793 3220 περὶ
1828 3167 1947 3202 και-

364 3241 479 3312 ρῶν
508 3242 968 3312 καταλαμϐάνειν.
1013 3243 1144 3295 ’Ὅτι
1175 3241 1372 3311 μηδὲν
1411 3241 1568 3312 ὑμᾶς
1597 3241 1862 3309 πτυρέτω
1887 3241 1958 3295 ἐν

355 3333 544 3401 λόγῳ.
572 3333 643 3384 ἐν
669 3331 986 3400 ἐπιστολῇ,
1009 3332 1090 3398 ὡς
1115 3331 1205 3385 ὅτι
1242 3333 1280 3400 ἡ
1301 3331 1492 3401 ἡμέρα
1527 3331 1816 3398 ἐνέστηκε
1849 3332 1956 3385 τοῦ

2053 2135 2242 2188 racleti
2285 2149 2482 2190 nomen
2528 2135 2847 2196 invenisset,
2887 2149 2950 2189 ac
2996 2135 3102 2187 vim
3149 2137 3296 2190 illius
3332 2137 3628 2205 ignoraret,

2053 2235 2230 2283 semet
2259 2229 2435 2297 ipsum
2468 2243 2568 2298 pro
2601 2243 2730 2283 vero
2760 2228 2967 2298 Spiritu
2995 2231 3302 2298 supposuit.
3342 2229 3526 2300 Itaque
3563 2231 3632 2286 ad

2054 2337 2176 2376 sese
2219 2321 2492 2391 pertinere
2538 2322 2627 2376 illa
2671 2323 2852 2385 docet,
2895 2337 3017 2390 quae
3050 2323 3119 2376 ab
3165 2323 3412 2389 apostolo
3465 2323 3633 2377 Paulo

2053 2413 2312 2467 dicuntur
2345 2431 2356 2468 :
2392 2413 2478 2466 Ea:
2522 2424 2671 2482 parte
2704 2416 3088 2483 cognoscimus,
3131 2423 3180 2468 et
3219 2427 3284 2468 ex
3321 2425 3472 2482 parte
3512 2432 3636 2484 pro-

2052 2507 2347 2574 phetamus.
2381 2505 2516 2561 Cum
2555 2507 2748 2560 venerit
2783 2505 2920 2575 quod
2956 2507 3246 2574 perfectum
3273 2517 3370 2572 est,
3412 2525 3636 2562 evacua-

2055 2581 2197 2649 bitiir
2239 2598 2376 2664 quod
2401 2613 2466 2650 ex
2499 2606 2653 2663 parte
2678 2607 2756 2650 est
2798 2597 2837 2650 ί.
2883 2597 3043 2666 Atqui
3075 2598 3143 2652 de
3179 2597 3461 2654 Paracleto
3485 2601 3636 2655 nullo

2056 2687 2216 2740 modo
2261 2689 2376 2743 hazc
2413 2689 2783 2758 pronuntiavit
2816 2688 3115 2757 Apostolus
3137 2729 3151 2752 ,
3185 2690 3280 2760 qui
3316 2705 3438 2744 cum
3473 2690 3637 2745 soda-

2055 2779 2201 2834 libus
2227 2781 2344 2835 suis
2376 2781 2642 2850 apostolis
2667 2779 2930 2850 Spiritum
2964 2790 3215 2837 sanctum
3245 2782 3496 2853 accipere
3522 2795 3636 2840 me-

2055 2873 2205 2939 ruit;
2242 2874 2340 2927 sed
2369 2874 2435 2928 de
2470 2875 2680 2944 duplici
2719 2875 2925 2929 mundo
2951 2890 3264 2930 sermonem
3295 2877 3634 2943 instituerat,

2056 2966 2310 3034 presenti
2339 2965 2596 3021 videlicet
2615 2981 2678 3021 ac
2708 2967 2916 3031 futuro,
2949 2974 3173 3037 propter
3202 2967 3515 3032 nonnullos,
3539 2967 3636 3038 qui

2056 3058 2124 3114 de
2173 3060 2518 3128 temporibus
2577 3060 2723 3116 scire
2773 3067 2938 3130 atque
2992 3060 3270 3130 inquirere
3321 3061 3634 3129 cupiebant.

2060 3151 2234 3218 Nihil,
2269 3152 2471 3222 inquit,
2511 3163 2705 3207 terreat
2744 3167 2834 3208 vos
2881 3153 2936 3206 in
2971 3167 3228 3217 sermone,
3258 3161 3350 3204 aut
3390 3153 3635 3220 epistola,

2057 3245 2212 3314 quasi
2241 3246 2400 3298 instet
2427 3244 2539 3298 dies
2569 3243 2806 3298 Domini.
2842 3241 2967 3297 Nisi
2989 3243 3129 3295 enim
3173 3243 3434 3295 revelatus
3474 3243 3638 3311 fuerit

2059 3337 2203 3405 [alius
2225 3336 2543 3402 iniquitatis,
2571 3335 2725 3389 homo
2765 3335 3045 3404 injustititz
3078 3336 3118 3398 ',
3147 3345 3254 3388 etc.
3297 3333 3440 3400 Quin
3471 3334 3638 3389 etiam

357 3395 611 3489 Κυρίου.
668 3421 810 3476 Ἐὰν
1013 3395 1099 3491 μὴ
1137 3395 1543 3491 ἀποκαλυφθῇ
1599 3425 1632 3475 ὁ
1677 3395 1808 3488 υίὸς
1843 3421 1954 3489 τῆς

2059 3395 2516 3481 convenientibus
2559 3395 2900 3480 Salvatorem
2931 3426 3217 3496 apostolis.
3247 3395 3408 3478 acwde
3447 3423 3638 3478 mundi

357 3514 640 3583 ἀνομίας,
689 3517 722 3568 ό
766 3513 1076 3583 ἄνθρωπος
1111 3513 1222 3581 τῆς
1258 3513 1514 3580 ἀδικίας,
1559 3515 1654 3567 καὶ
1701 3513 1771 3566 τὰ
1810 3514 1954 3582 ἑξῆς.

359 3607 478 3659 Καὶ
507 3607 672 3661 πάλιν
699 3606 1063 3661 συνελθόντων
1084 3605 1195 3660 τῶν
1221 3606 1477 3678 μαθητῶν
1503 3606 1639 3676 πρὸς
1667 3607 1758 3658 τὸν
1786 3606 1962 3675 Σωτῆ-

361 3715 460 3771 ρα,
508 3698 739 3771 ἠρώτων
791 3699 954 3752 αὑτὸν
998 3700 1128 3771 περὶ
1159 3701 1258 3770 τῆς
1284 3699 1613 3763 συντελείας,
1652 3699 1748 3752 καὶ
1776 3697 1958 3767 ἔλεγεν

355 3793 574 3854 αὐτοῖς·
636 3794 761 3860 Οὐχ
794 3789 960 3858 ὑμῶν
1006 3791 1329 3860 ἐπιγνῶναι
1385 3792 1645 3860 χρόνους
1691 3791 1790 3844 καί
1841 3808 1961 3845 και-

352 3881 534 3949 ροὺς,
565 3881 673 3946 οὓς
710 3885 743 3934 ὀ
766 3880 970 3949 Πατὴρ
1002 3883 1168 3935 ἔθετο
1193 3882 1263 3934 ὲν
1284 3879 1359 3949 τῇ
1391 3882 1509 3946 ἰδία
1541 3880 1815 3946 ἐξουσίᾳ·
1848 3881 1958 3933 ἀλ-

358 3975 451 4027 .ιὰ
470 3961 748 4041 λήψεσθε
774 3973 1031 4040 δύναμιν
1061 3971 1424 4037 ἐπελθόντος
1448 3971 1555 4024 τοῦ
1583 3970 1756 4040 ἁγίου
1774 3971 1960 4023 Πνεύ-

355 4082 556 4134 ματος
585 4065 679 4132 ἐφ’
713 4063 887 4133 ὑμᾶς.
921 4064 1032 4116 Καὶ
1069 4061 1231 4116 πάλιν
1273 4061 1478 4129 ἔλεγεν·
1528 4062 1672 4117 Ἀπὸ
1714 4062 1960 4129 Ἰεροσο-

357 4158 576 4224 λύμων
599 4156 686 4225 μὴ
714 4152 1048 4223 χωρίζεσθε,
1071 4153 1539 4223 ἀπεκδεχόμενοι
1578 4152 1692 4221 τὴν
1713 4153 1960 4223 ἐπαγγε-

356 4252 514 4304 λίαν
562 4250 668 4305 τοῦ
724 4251 1088 4319 Πνεύματος,
1136 4249 1220 4316 ἢν
1252 4250 1573 4316 ἠκούσατε,
1617 4249 1861 4303 τουτέστι
1899 4249 1961 4302 τὸ

330 4379 332 4381 ›
361 4345 598 4414 Πνεῦμα
638 4345 701 4396 τὸ
736 4342 1109 4413 Παράκλητον,
1148 4342 1176 4395 ὃ
1197 4342 1323 4414 ἔφη·
1366 4342 1508 4396 Ἐὰν
1543 4342 1659 4411 ἐγὼ
1695 4343 1958 4405 ἀπέλθω,

359 4435 602 4501 ἐκεῖνος
631 4437 967 4497 ἐλεύσεται,
989 4433 1089 4486 καὶ
1127 4433 1450 4503 ἀναγγελεῖ
1474 4434 1618 4503 ὑμῖν
1641 4436 1714 4488 τὰ
1739 4433 1956 4487 πάντα.

357 4529 450 4583 Τὸ
470 4529 547 4590 δὲ,
593 4525 945 4595 Ἀναγγελεῐ
980 4525 1122 4592 ὑμῖν
1167 4526 1240 4580 τὰ
1271 4526 1486 4590 πάντα,
1532 4525 1597 4578 δι’
1623 4527 1689 4597 ἣν
1738 4524 1960 4595 ἔμελλον

360 4619 767 4685 καταξιοῦσθαι
797 4619 1026 4690 δωρεὰν,
1065 4619 1336 4688 ἐνοικήσει
1383 4621 1440 4672 ἐν
1472 4619 1656 4680 αὐτοῖς
1701 4617 1762 4670 τὸ
1807 4618 1961 4685 ἅγιον

2060 3532 2261 3574 occasu
2287 3517 2721 3580 sciscitantibus,
2745 3518 2820 3570 ita
2841 3517 2958 3587 ipse
2982 3515 3297 3586 respondit:
3323 3515 3490 3587 67!.
3515 3514 3636 3568 Non

2059 3619 2135 3663 est
2166 3617 2393 3664 vestrum
2432 3627 2586 3664 nosse
2620 3621 2860 3680 tempora
2889 3611 2966 3664 vel
3019 3619 3306 3672 momenta,
3337 3625 3452 3678 qua:
3477 3607 3639 3662 Pater

2057 3704 2232 3771 posuit
2263 3704 2315 3756 in
2351 3720 2450 3757 sua
2482 3714 2782 3772 potestate;
2837 3704 2925 3757 sed
2960 3703 3224 3769 accipietis
3256 3703 3499 3755 virtutem
3553 3717 3640 3753 su-

2059 3797 2398 3864 perrenientis
2423 3793 2654 3863 Spiritus
2689 3797 2859 3848 sancti
2882 3797 2936 3848 in
2976 3811 3062 3849 vos
3079 3796 3118 3846 ³.
3153 3794 3303 3857 Item,
3329 3792 3639 3862 Hierosoly-

2060 3887 2182 3946 mis.
2218 3887 2415 3956 inquit,
2458 3901 2519 3939 ne
2541 3885 2813 3949 discedite,
2847 3894 3205 3954 exspectantes
3230 3884 3638 3953 promissionem

2060 3980 2300 4048 spiritus,
2336 3995 2494 4049 quam
2533 3976 2762 4031 audistis
2797 3977 2839 4042 ‘,
2875 3978 2979 4031 hoc
3005 3985 3088 4032 est
3113 3975 3454 4030 Paraclctum
3479 3975 3632 4028 illum

2063 4069 2348 4140 Spiritum,
2385 4071 2453 4125 de
2481 4087 2593 4142 quo
2615 4071 2826 4125 dixerat
2855 4088 2867 4124 :
2907 4068 2968 4122 Si
3001 4085 3094 4138 ego
3123 4068 3300 4122 abiero
3328 4066 3418 4121 ille
3448 4067 3634 4131 veniet,

2059 4171 2110 4215 et
2149 4161 2482 4215 annuntiabit
2524 4161 2666 4216 vobis
2699 4161 2880 4214 omnia
2922 4158 2968 4214 ⁸.
3005 4159 3138 4224 Quae
3183 4157 3402 4226 quidem
3443 4155 3634 4220 verba,

2061 4250 2412 4304 Annuntiabit
2459 4250 2602 4305 vobis
2636 4251 2849 4315 omnia,
2905 4248 2970 4302 ad
3002 4249 3226 4302 caeleste
3272 4245 3474 4300 donum
3506 4243 3641 4298 illud

2061 4340 2208 4410 quod
2237 4348 2396 4395 erant
2417 4340 2688 4410 adepturi,
2712 4355 2809 4410 par
2836 4347 2920 4394 est
2947 4337 3160 4402 referri,
3199 4333 3346 4406 quod
3377 4335 3638 4389 nimirum

2063 4433 2408 4488 habitaturus
2441 4433 2496 4485 in
2533 4432 2669 4500 ipsis
2703 4436 2851 4484 esset
2880 4429 3121 4499 Spiritus
3149 4435 3399 4490 sanctus,
3430 4441 3540 4496 quo
3569 4425 3640 4480 iis

2064 4534 2248 4595 aperte
2282 4524 2538 4577 universa
2568 4522 2893 4584 declararet,
2937 4535 3060 4590 quae
3086 4519 3307 4589 quidem
3353 4532 3550 4587 capere
3585 4517 3640 4570 in

2065 4618 2166 4672 hac
2196 4617 2303 4670 vita
2335 4622 2606 4685 poterant.
2633 4612 2995 4679 Quamobrem
3025 4627 3148 4667 cum
3176 4609 3242 4664 ad
3267 4625 3388 4664 eum
3418 4608 3638 4663 modum

363 4713 620 4783 Πνεῦμα,
673 4713 820 4774 ὅπως
869 4712 939 4765 τὰ
994 4714 1172 4766 πάντα
1224 4712 1404 4774 αὐτοῖς
1463 4709 1649 4778 σαφῶς
1695 4709 1955 4778 διηγήση·

2067 4709 2332 4764 Paracleti
2365 4707 2604 4777 Spiritus
2619 4713 2806 4761 essent
2834 4706 2889 4759 in
2918 4706 3020 4759 hac
3042 4705 3151 4757 vita
3183 4710 3463 4772 compotes
3487 4701 3639 4763 facti,

360 4821 486 4867 ται,
541 4805 642 4856 ὅσα
691 4803 951 4873 ἠδύναντο
999 4803 1058 4856 ἐν
1121 4801 1199 4871 τῷ
1255 4801 1412 4854 αἰῶνι
1451 4799 1626 4868 τούτῳ
1685 4799 1956 4870 χωρῆσαι.

361 4891 487 4945 Καὶ
515 4884 620 4944 ὧδε
665 4891 763 4962 μὲν
813 4893 870 4944 ὲν
924 4890 1002 4962 τῷ
1059 4889 1217 4943 αἰῶνι
1248 4890 1422 4959 τούτῳ
1477 4889 1849 4960 χωρήσαντες,
1897 4889 1961 4942 τὸ

362 4984 601 5054 Πνεῦμα
637 4986 698 5038 τὸ
730 4984 1088 5056 Παρακλητον
1139 4985 1572 5055 προεφήτευσαν·
1612 4984 1688 5047 ὡς
1719 4983 1959 5052 ’Ἄγαϐος

365 5080 753 5149 προεφήτευσε
790 5078 920 5150 περὶ
944 5076 1104 5148 λιμοῦ
1135 5076 1413 5147 ἐσομένου·
1448 5078 1542 5130 καὶ
1573 5078 1654 5130 ὅτι
1683 5076 1958 5148 προφῆται

363 5171 482 5224 ἀπὸ
520 5171 910 5242 Ἱεροσολύμων
931 5171 1264 5241 κατέϐησαν·
1297 5171 1392 5224 καὶ
1412 5171 1494 5223 ὅτι
1527 5165 1668 5240 ἦσαν
1690 5169 1960 5239 τέσσαρες

365 5260 676 5331 θυγατέρες
698 5260 775 5331 τῷ
802 5261 1055 5332 Φιλίππῳ
1076 5259 1535 5332 προφητεύουσαι.
1569 5260 1736 5312 Ὅταν
1757 5259 1812 5312 δὲ
1835 5273 1964 5328 προ-

367 5352 724 5423 φητεύουσιν,
753 5353 862 5405 ἀπὸ
895 5353 1095 5422 μέρους
1129 5351 1556 5423 προφητεύουσι,
1586 5351 1678 5404 καὶ
1715 5349 1824 5403 ἀπὸ
1861 5349 1961 5420 μέ·-

367 5461 507 5518 ροιις
551 5443 898 5512 γινώσκουσι.
939 5445 1013 5497 Τὸ
1066 5445 1122 5498 δὲ
1165 5444 1366 5497 τέλειον
1409 5444 1469 5496 ὲν
1511 5445 1626 5505 τοῖς
1677 5442 1961 5512 μέλλουσιν

366 5533 573 5586 αἰῶσιν
625 5533 938 5598 ἐλπίζοντες
980 5534 1354 5605 προσδοκῶσιν
1382 5534 1542 5595 ,ὅταν
1611 5533 1672 5586 τὸ
1720 5533 1959 5604 φθαρτὸν

368 5627 456 5687 εἰς
490 5625 804 5697 ἀφθαρσίαν
836 5627 1172 5697 μεταϐληθῇ,
1203 5626 1296 5680 καὶ
1327 5625 1386 5679 τὸ
1420 5625 1609 5697 θνητὸν
1654 5627 1733 5688 είς
1756 5623 1956 5678 ἀθανα-

453 5804 472 5832 ί
501 5801 518 5855 |
545 5800 674 5857 Cor.
697 5819 818 5861 xm.
851 5804 904 5860 9.

372 5873 476 5931 33.
551 5875 571 5905 ⁷
600 5873 732 5930 ibid.
773 5874 863 5928 27.
934 5873 1100 5928 “Act.
1139 5890 1253 5939 ut,
1291 5874 1345 5929 9.
1425 5876 1444 5906 ’
1476 5872 1496 5925 ἰ
1525 5871 1650 5929 Cor.
1683 5888 1804 5936 xm,
1836 5874 1890 5946 9.

1006 5806 1026 5835 ²
1053 5802 1096 5856 ll
1133 5802 1327 5858 Thess.
1365 5817 1424 5868 ιι,
1454 5801 1508 5858 2.
1533 5803 1586 5855 5.
1667 5803 1687 5834 ³
1719 5801 1840 5856 Act.
1869 5815 1905 5861 ι.
1932 5800 1984 5866 7,
2017 5805 2048 5854 8
2145 5808 2166 5833 ⁸
2192 5801 2322 5856 ibid.
2359 5802 2414 5856 4.

1006 5881 1100 5928 ict.
1139 5890 1253 5928 ut.
1291 5874 1345 5928 9.
1425 5876 1444 5906 ’
1476 5872 1496 5925 ἰ
1525 5871 1650 5928 Cor.
1683 5888 1804 5928 xm.
1836 5874 1890 5928 9.
2028 5873 2071 5903 ”
2100 5871 2117 5925 ί
2144 5874 2270 5928 Cor.
2307 5889 2389 5928 tv.
2415 5871 2482 5925 53

2187 5890 2270 5927 or.
2307 5890 2389 5936 tv,
2415 5890 2501 5925 oo.

2066 4800 2344 4853 vaticinati
2385 4806 2534 4852 sunt.
2578 4796 3047 4863 Quemadmodum
3095 4794 3313 4864 Agabus
3354 4804 3637 4847 venturam

2063 4891 2261 4946 famem
2290 4890 2542 4960 praedixit
2563 4891 2609 4943 ⁸.
2651 4885 2892 4956 Itemque
2923 4886 3203 4957 prophetae
3241 4881 3641 4954 Hierosolymis

2063 4982 2401 5038 advenerunt
2429 4983 2474 5036 ⁷.
2512 4980 2605 5036 Sic
2643 4989 2697 5035 et
2728 4979 2980 5049 Philippo
3033 4985 3272 5048 quatuor
3319 4990 3476 5031 erant
3515 4976 3641 5030 tilia

2065 5072 2421 5142 preplietissee
2452 5073 2495 5125 ³.
2537 5071 2804 5124 Caeterum
2826 5069 3044 5138 quoties
3069 5073 3258 5120 omnes
3292 5066 3368 5119 illi
3399 5065 3636 5134 prophe-

2064 5173 2202 5227 tant,
2233 5178 2301 5218 ex
2330 5172 2485 5232 parte
2508 5163 2856 5233 prophetarit,
2880 5169 2936 5214 et
2965 5175 3033 5214 ex
3056 5169 3208 5228 parte
3226 5165 3565 5226 cognoscunt
3585 5157 3632 5212 ’.

2064 5254 2222 5321 Quod
2253 5270 2384 5309 vero
2413 5254 2712 5324 perfectum
2745 5261 2829 5307 est
2858 5251 3044 5305 futuro
3073 5249 3128 5303 in
3158 5249 3360 5303 saeculo
3385 5246 3636 5301 tribuen-

2063 5347 2192 5403 dum
2226 5363 2322 5417 spe
2345 5355 2400 5402 et
2451 5345 2858 5415 exspectatione
2887 5342 3226 5413 praecipiunt,
3259 5338 3476 5410 quando
3512 5354 3637 5394 cor-

2065 5439 2322 5508 ruptibile
2358 5439 2413 5491 in
2447 5436 2938 5505 incorruptionem,
2965 5431 3196 5486 mortale
3225 5430 3282 5484 in
3310 5428 3634 5484 immortali-

2061 5539 2228 5584 tatem
2257 5536 2650 5584 commutatum
2682 5525 2926 5586 fuerit”,
2949 5539 3071 5577 cum
3103 5529 3156 5576 et
3191 5521 3328 5576 facie
3348 5520 3416 5575 ad
3440 5521 3634 5575 faciem

2067 5621 2482 5678 intuebimur“.
2507 5619 2662 5674 Nunc
2683 5618 2827 5672 enim
2852 5630 2940 5670 res
2983 5619 3183 5669 nostra:
3212 5626 3308 5683 per
3343 5610 3634 5681 aenigmata

2145 5808 2166 5833 ⁸
2192 5801 2322 5856 ibid.
2359 5802 2414 5856 4.
2489 5799 2510 5830 ⁵
2543 5795 2700 5851 Joan.
2742 5812 2852 5862 XVI,
2885 5796 2954 5859 8;
3009 5790 3138 5850 ibid.
3177 5792 3260 5849 M.
3337 5793 3495 5846 'Act.
3531 5797 3632 5854 ιι,

2581 5871 2620 5901 ¹¹
2663 5868 2830 5924 lCor.
2864 5880 2981 5934 xm,
3015 5867 3099 5922 tit.
