4076 6392
399 431 504 488 123

1785 432 1844 489 S.
1889 433 2228 488 EPIPIIANII

3563 437 3672 495 ιει

383 563 440 608 et
497 553 783 608 involucra
821 555 1206 626 transiguntur
1253 559 1291 607 ‘.
1327 554 1444 609 Illic
1479 571 1541 609 ea
1575 567 1968 624 prmparantur,

2094 553 2220 606 ιίαν·
2275 557 2401 606 ὅταν
2455 569 2576 606 τοτε
2630 555 2919 624 πρόσωπον
2963 554 3100 626 πρὸς
3141 555 3456 625 πρόσωπον.
3501 557 3667 627 ⁴⁹Αρίιιι

383 663 506 719 quae
561 647 650 702 hic
683 649 878 702 oculus
919 664 1028 702 non
1063 649 1198 702 vidit
1230 649 1272 702 ‘.
1322 648 1442 702 Illic
1481 647 1748 718 perfectio
1777 649 1974 716 retegi-

387 749 496 803 tur,
521 757 644 810 qua:
673 741 760 796 hic
787 742 938 796 auris
963 755 1310 810 nequaquam
1335 741 1511 796 audiit
1533 742 1572 794 ³.
1603 741 1720 795 Illic
1767 739 1972 794 donum

385 830 582 900 ingens
611 833 822 887 sanctis
863 833 1146 896 tribuitur,
1185 831 1330 902 quod
1365 833 1454 886 hic
1505 833 1558 885 in
1595 847 1694 886 cor
1737 831 1976 884 hominis

388 939 495 978 non
527 925 778 980 ascendit
807 925 848 980 ⁸.
906 924 982 978 Ex
1005 925 1208 995 quibus
1233 925 1630 980 animadvertis
1665 925 1975 978 uberiorem

351 1057 354 1060 .
388 1013 540 1068 illam
574 1017 1052 1087 copiosioremque
1082 1017 1368 1072 scientiam
1391 1017 1690 1071 Manichmo
1721 1031 1976 1072 reserva-

386 1116 502 1160 tam
543 1123 652 1162 non
693 1107 885 1164 fuisse.
922 1107 1210 1174 Quomodo
1255 1110 1400 1165 enim
1437 1109 1542 1164 ista
1587 1115 1882 1178 cognoscet
1929 1107 1976 1162 is

387 1201 482 1270 qui
517 1199 584 1253 ab
609 1214 673 1254 eo
698 1199 842 1268 quod
875 1199 980 1254 sibi
1009 1209 1372 1268 proposuerat
1402 1200 1644 1254 excidit?
1675 1200 1806 1253 Nam
1833 1199 1978 1254 Mar-

389 1291 590 1346 cellum
621 1292 1020 1346 circumvenire
1037 1293 1270 1362 primum
1298 1301 1382 1346 est
1403 1307 1717 1362 aggressus.
1747 1290 1884 1346 Tum
1909 1293 1976 1345 ad

395 1381 728 1436 Archelaum
755 1382 924 1445 venit,
953 1392 1012 1436 ut
1037 1399 1160 1436 eum
1199 1385 1468 1448 vinceret,
1497 1384 1644 1452 quod
1676 1391 1856 1438 tamen
1892 1399 1977 1438 as-

395 1473 552 1542 sequi
577 1489 689 1528 non
715 1474 916 1543 potuit.
949 1473 1168 1530 Fierine
1197 1475 1366 1546 igitur
1390 1483 1590 1544 potest,
1622 1485 1678 1528 ut
1699 1475 1790 1545 qui
1825 1476 1972 1545 quod

391 1564 531 1620 adeo
576 1579 768 1620 recens
797 1573 884 1620 est
919 1567 1207 1636 ignorarit,
1247 1567 1456 1636 majora
1506 1567 1598 1620 illa
1642 1568 1980 1638 cognoscat?

391 1659 504 1714 Cur
533 1673 642 1714 non
676 1675 808 1714 vero
857 1658 1154 1714 Persarum
1194 1662 1339 1730 regis
1371 1675 1567 1715 manus
1603 1659 1812 1730 ell'ugit,
1853 1675 1979 1714 cum

391 1749 460 1804 ab
480 1764 546 1804 eo
561 1749 993 1818 comprehensus
1015 1764 1078 1802 ac
1101 1752 1278 1818 poenis
1301 1749 1532 1804 alI‘ectus
1557 1749 1680 1804 est?
1707 1749 1777 1802 Ut
1793 1757 1980 1818 aperte

2080 646 2190 716 γὰρ
2225 645 2295 698 δι’
2333 646 2656 716 αἰνίγματος
2693 645 2762 700 τὰ
2801 647 3289 718 πράγματα-φὲκεϊ
3312 647 3369 699 δὲ
3391 648 3662 717 ὲτοιμάζε·

2076 755 2167 791 ται
2202 738 2238 790 ἃ.
2263 740 2292 790 ὁ
2313 737 2591 807 ὀφθαλμὸς
2619 731 2722 791 ὦδε
2751 738 2850 792 οὐκ
2876 734 3034 792 εἶδεν.
3055 739 3204 792 Ἑκεῖ
3225 738 3670 796 ἀποκαλύπτεται

2077 834 2110 900 ὴ
2127 830 2422 900 τελειότης,
2441 830 2477 884 ἃ
2499 825 2592 892 οὖς
2615 829 2849 883 ἐνταῦθα
2871 831 2974 882 οὐκ
3012 830 3263 900 ἤκουσεν.
3285 831 3435 884 Ἐκεῖ
3453 831 3512 884 τὸ
3531 833 3672 902 μέγα

2079 923 2328 992 χάρισμα
2355 925 2468 985 τοῖς
2486 921 2685 990 ἀγίοις,
2711 921 2740 974 ὃ
2773 921 2866 974 ἐπὶ
2887 921 3116 993 καρδίαν
3147 921 3434 993 ἀνθρώπου
3459 922 3558 975 οὐκ
3579 924 3672 975 ἀν-

2081 1013 2180 1084 έϐη
2209 1013 2465 1070 ἐνταῦθα,
2493 1015 2604 1066 Kal.
2623 1015 2776 1084 ὁρᾷς,
2807 1015 2889 1068 ὃτι
2917 1014 3039 1084 οὐχ)⁵
3065 1013 3142 1084 τῷ
3167 1014 3327 1086 Μάνῃ
3353 1013 3672 1084 ὲταμιεύετο

2083 1104 2144 1156 τὸ
2168 1103 2364 1158 εἰδέναι
2395 1104 2463 1156 τά
2491 1105 2740 1174 περιττά.
2782 1104 2906 1167 Πῶς
2933 1103 3041 1174 γὰρ
3065 1103 3178 1174 ᾔδει
3207 1105 3400 1175 Μάνης
3423 1103 3517 1157 τοῦ
3549 1121 3673 1158 σκο-

2085 1195 2188 1250 ποῦ
2239 1195 2335 1249 τοῦ
2385 1195 2516 1249 ἰδίου
2551 1195 2833 1261 ἐκπεσών;
2883 1194 3240 1249 Ἐπεϐάλλετο
3297 1195 3406 1267 γάρ
3447 1196 3533 1248 ἴνα
3579 1196 3672 1250 τόν

2085 1287 2401 1359 Μάρκελλον
2423 1287 2776 1359 χειρώσηται.
2809 1288 3046 1358 Ἤρχετο
3073 1287 3208 1359 πρὸς
3233 1287 3322 1340 τὸν
3357 1287 3667 1359 Ἀρχέλαον,

2086 1381 2174 1434 ἵνα
2201 1379 2362 1433 αὐτὸν
2395 1381 2625 1451 ήττήσῃ,
2649 1380 2744 1434 καὶ
2765 1381 2825 1434 οὗ
2851 1380 3157 1451 δεδύνηται.
3189 1381 3315 1443 Πῶς
3341 1377 3670 1450 οὗν,ἀγνοιῖ›ν

2084 1471 2146 1524 τὸ
2199 1471 2532 1542 πρόσφατον,
2561 1470 2786 1524 δύναται
2827 1470 3026 1524 εἰδέναι
3068 1471 3197 1542 περι⁸
3238 1469 3346 1524 τῶν
3376 1472 3668 1540 μειζόνων;

2087 1564 2210 1626 Πῶς
2236 1565 2294 1618 δὲ
2327 1565 2426 1618 οὑκ
2445 1563 2603 1618 ἔλαθε
2628 1565 2730 1628 τὰς
2762 1567 2950 1634 χεῖρας
2977 1563 3072 1617 τοῦ
3104 1563 3368 1634 βασιλέως
3395 1563 3504 1616 τῶν
3531 1566 3670 1635 Περ-

2090 1658 2235 1722 σῶν;
2289 1658 2366 1720 ὡς
2419 1657 2508 1710 ὅτε
2539 1657 2699 1720 ἁλοὺς
2724 1657 2890 1710 ἔδωκε
2915 1656 3092 1728 δίκην,
3121 1655 3235 1709 ἀλλ’
3273 1656 3358 1708 i'va
3385 1658 3669 1728 καταφανῇ

2087 1752 2198 1813 τοῖς
2236 1749 2450 1803 σύνεσιν
2491 1749 2852 1819 κεκτημένοις
2889 1750 3034 1803 κατά
3077 1751 3258 1803 πάντα
3295 1747 3620 1819 ψευδόμενος

391 1849 608 1896 constet
637 1843 705 1896 iis
735 1845 828 1911 qui
857 1841 1166 1912 prudentia:
1196 1842 1404 1914 aliquid
1437 1841 1694 1904 habeant,
1731 1842 1883 1894 illum
1913 1841 1967 1894 in
2002 1843 2263 1896 omnibus
2287 1859 2412 1896 esse
2443 1844 2756 1896 mentitum.

467 1931 624 1988 LXII.
660 1931 766 1987 Sed
794 1931 1070 2002 quoddam
1107 1933 1487 1986 testimonium
1521 1943 1696 2004 urget,
1723 1943 1782 1986 ut
1813 1949 1974 1988 suum

2151 1935 2272 1988 UB'.
2314 1935 2485 1989 Πάλιν
2504 1935 2560 1988 δὲ
2587 1935 2833 2005 βούλεται
2857 1935 3046 2004 φέρειν
3075 1933 3406 2006 μαρτυρίαν,
3441 1935 3529 1989 ἵνα
3560 1952 3670 1989 πα-

391 2026 525 2084 iliud
546 2040 640 2095 par
661 2026 1056 2096 principiorum
1087 2025 1337 2087 affirmet.
1361 2041 1532 2096 eaque
1565 2043 1596 2080 a
1655 2043 1715 2082 se
1745 2027 1978 2081 invicem

391 2117 600 2188 frustra
641 2115 884 2170 dirimat.
929 2115 1076 2186 Ergo
1115 2117 1218 2170 hac
1245 2117 1544 2172 Salvatoris
1575 2133 1706 2171 voce
1743 2118 1976 2172 nititur:

395 2207 520 2264 Non
561 2218 730 2277 potest
763 2207 922 2262 arbor
957 2207 1092 2262 bona
1133 2209 1341 2276 fructus
1377 2207 1548 2262 malos
1597 2209 1790 2277 facere,
1821 2224 1983 2278 neque

393 2301 554 2354 arbor
597 2300 741 2352 mala
782 2298 988 2368 fructus
1037 2300 1197 2353 borios
1247 2300 1440 2366 facere.
1496 2299 1578 2353 Ex
1615 2301 1792 2368 [ructu
1843 2303 1984 2355 enim

395 2390 554 2443 arbor
623 2389 954 2458 cognoscitur
1023 2391 1066 2447 ⁸.
1135 2388 1270 2444 Vide
1331 2391 1572 2446 hominis
1647 2393 1980 2455 levitatem,

397 2480 563 2550 675
605 2481 698 2548 qui
733 2480 868 2534 nihil
901 2481 954 2534 in
991 2478 1297 2551 Scripturis
1333 2493 1619 2552 penetrare
1653 2483 1816 2536 altius
1849 2498 1984 2552 pos-

397 2583 488 2627 ειι.
531 2573 741 2626 Etenim
769 2574 814 2626 si
861 2573 1268 2644 principia-illa
1315 2575 1544 2630 arbores
1593 2577 1724 2640 sint,
1783 2577 1986 2631 habent

398 2665 567 2734 igitur
591 2674 645 2719 et
673 2665 972 2735 agricolam
1010 2681 1192 2728 suum,
1226 2673 1278 2720 et
1305 2681 1430 2719 cum
1469 2667 1668 2736 plantae
1701 2668 1836 2732 sint,
1866 2683 1986 2722 om-

397 2759 528 2811 nino
578 2773 606 2809 a
650 2759 907 2826 quopiam
957 2758 1219 2827 plantatae
1267 2765 1414 2812 sunt.
1472 2757 1749 2828 Quidquid
1805 2768 1984 2814 autem

400 2851 705 2920 plautatum
754 2857 861 2912 est,
903 2849 1233 2917 principium
1291 2850 1455 2904 habet
1489 2889 1504 2913 ,
1559 2849 1898 2921 proindeque
1933 2861 1988 2906 et

403 2939 566 2994 tinem
623 2940 864 2994 habebit.
918 2938 1106 3010 Itaque
1158 2943 1323 2995 arbor
1370 2941 1510 2995 mala
1569 2957 1676 2997 non
1725 2951 1988 3014 perpetuo

412 3034 648 3096 exstitit,
709 3033 804 3088 sed
861 3043 946 3090 est
997 3035 1293 3103 aliquando
1345 3035 1580 3089 consita.
1639 3036 1813 3090 Arbor
1859 3051 1988 3091 vero

403 3123 546 3180 bona
571 3139 678 3178 non
714 3124 780 3178 ad
815 3141 978 3180 (nune
1009 3125 1275 3182 bonitatis
1326 3141 1598 3196 supremae
1627 3143 1800 3196 genus
1829 3127 1989 3182 debet

403 3215 616 3270 referri.
667 3215 781 3270 Illic
823 3218 974 3271 enim
1021 3229 1192 3292 certa,
1241 3219 1574 3288 minimeque
1623 3220 1874 3284 mendax,
1935 3229 1988 3273 et

2089 2029 2338 2100 ραστήσῃ
2373 2027 2471 2098 τὴν
2500 2029 2630 2098 παρ’
2665 2026 2814 2098 αὐτῷ
2855 2025 3156 2096 λεγομένην
3178 2025 3367 2086 δυάδα,
3399 2026 3494 2078 καὶ
3525 2023 3674 2100 διέλῃ
3783 2077 3786 2084 ,

2089 2119 2365 2189 ἀναμέσων
2391 2117 2499 2170 τῶν
2521 2117 2614 2171 δύο
2639 2117 2822 2188 ἀρχῶν
2851 2117 3042 2180 κενῶς,
3069 2119 3124 2170 ὲν
3149 2116 3226 2187 τῷ
3253 2119 3425 2171 εἰπεῖν
3445 2117 3534 2172 τὸν
3563 2118 3674 2171 Σω-

2088 2209 2251 2282 τῆρα·
2292 2211 2374 2263 Οὐ
2403 2209 2654 2263 δύναται
2687 2208 2939 2276 δένδρον
2989 2208 3214 2275 ἀγαθὸν
3249 2209 3519 2278 καρποὺς
3566 2227 3672 2263 κα-

2090 2301 2237 2366 κοὺς
2265 2299 2529 2368 ποιῆσαι,
2556 2300 2698 2355 οὐδὲ
2712 2301 2962 2368 δένδρον
2983 2301 3222 2368 σαπρόν
3245 2301 3516 2368 καρποὺς·
3539 2301 3674 2370 ἀγα·

2091 2395 2233 2460 θοὺς
2264 2393 2533 2462 ποι-ἧσαι.
2597 2397 2700 2448 Ἐκ
2743 2395 2856 2462 γὰρ
2897 2394 3004 2447 τοῦ
3045 2392 3278 2460 καρποῦ
3325 2392 3392 2446 τὸ
3423 2391 3676 2460 δένδρον

2093 2487 2466 2556 γινώσκεται.
2529 2487 2639 2539 Kal.
2688 2487 2788 2557 ὅρα
2846 2503 2934 2555 μοι
2985 2484 3082 2554 τὴν
3131 2483 3368 2555 ἐλαφρὰν
3411 2483 3672 2548 διάνοιαν,

2091 2577 2186 2630 καὶ
2226 2577 2390 2648 μηδὲν
2422 2579 2480 2630 ὲν
2512 2575 2663 2646 βάθει
2693 2577 2762 2628 τά
2805 2577 2905 2646 τῆς
2941 2577 3089 2638 θείας
3127 2575 3350 2646 Γραφῆς
3383 2571 3673 2630 κατανοοῦ-

2093 2687 2212 2723 σαν.
2259 2670 2322 2722 Et
2380 2670 2476 2739 μὲν
2525 2669 2633 2740 γὰρ
2683 2667 2874 2739 δένδρα
2925 2669 3084 2728 εἰσὶν,
3131 2668 3237 2740 ἄρα
3287 2667 3380 2720 καὶ
3433 2664 3678 2739 γεωργὸν

2093 2762 2295 2832 ἔχουσι,
2323 2763 2420 2814 καὶ
2456 2761 2599 2830 φυτὰ
2627 2761 2981 2831 τυγχάνοντα,
3025 2761 3116 2813 καὶ
3149 2761 3366 2822 πάντως
3399 2761 3503 2813 ὑπό
3531 2758 3676 2822 τινός

2093 2855 2199 2906 είσι
2261 2853 2680 2924 πεφυτευμένα·
2738 2854 2846 2906 πᾶν
2897 2853 2954 2905 δὲ
3003 2853 3064 2906 τὸ
3119 2851 3524 2921 πεφυτευμένον
3577 2851 3678 2904 οὐκ

2093 2943 2241 2998 ἔστιν
2279 2943 2534 3015 ἄναρχον,
2564 2943 2699 2998 ἀλλά
2727 2945 2902 3016 ἀρχὴν
2937 2942 3079 3013 ἔχει·
3109 2943 3282 3014 ἀρχὴν
3332 2943 3387 2995 δὲ
3420 2943 3542 3011 ἕχον
3577 2941 3672 2993 καὶ

2093 3034 2244 3098 τέλος
2267 3035 2473 3104 ὑφέξει.
2501 3035 2691 3087 Τοίνυν
2728 3033 2788 3086 τὸ
2829 3033 3037 3102 σαπρὸν
3081 3031 3294 3102 δένδρον
3339 3031 3439 3084 οὐκ
3467 3027 3534 3101 ἦν
3569 3031 3675 3096 ἀεὶ,

2094 3128 2229 3182 ἀλλὰ
2258 3127 2611 3196 πεφύτευται.
2647 3126 2756 3178 Kal.
2807 3125 2868 3177 τὸ
2899 3123 3102 3192 ἀγαθὸν
3151 3123 3364 3193 δένδρον
3411 3121 3568 3176 τοῦτο
3613 3123 3676 3175 οὺ

2097 3223 2224 3292 περὶ
2257 3222 2435 3290 πάσης
2464 3219 2564 3289 τῆς
2605 3217 2809 3272 ἄνωθεν
2837 3217 3170 3286 ἀγαοότητος
3201 3215 3490 3286 διηγεῖται.
3530 3215 3676 3266 Ἐκεῖ

406 3306 770 3360 immutabilis
823 3307 1043 3361 bonitas
1089 3317 1194 3371 est,
1245 3315 1432 3376 utpote
1469 3323 1591 3377 qua:
1617 3310 1687 3361 sit
1719 3306 1810 3360 Dei
1843 3307 1988 3376 cogi-

2095 3314 2204 3385 γάρ
2233 3313 2497 3382 ἅῷευστος
2545 3310 2819 3380 ἀγαθότης
2852 3307 3154 3380 μεταϐολὴν
3205 3307 3278 3378 μὴ
3329 3307 3546 3376 ἔχουσα,
3583 3305 3680 3359 καὶ

411 3397 546 3451 latio
576 3399 939 3466 inexplicabili
975 3397 1209 3467 quodam
1247 3398 1452 3451 honore
1495 3398 1738 3468 praedita.
1789 3395 1984 3452 Utrum

419 3505 548 3544 vero
609 3491 676 3542 ad
741 3489 1049 3558 plantarum
1109 3490 1522 3558 productionem
1596 3489 1992 3544 accommodari

411 3581 609 3652 possit,
643 3580 936 3634 videndum
985 3597 1048 3636 ac
1098 3581 1492 3652 disputandmn
1541 3581 1701 3636 nobis
1740 3587 1846 3635 est.
1891 3579 1983 3634 Et-

410 3674 556 3726 enim
587 3673 634 3725 si
666 3672 733 3726 de
764 3669 983 3725 diabolo
1031 3686 1210 3725 sermo
1247 3671 1338 3732 sit,
1383 3685 1526 3738 saepe
1567 3671 1717 3723 illum
1749 3669 1994 3724 ostendi-

412 3779 535 3818 mus
563 3763 766 3816 malum
800 3767 870 3817 ab
899 3764 1113 3832 origine
1139 3779 1247 3817 non
1281 3761 1450 3818 fuisse
1480 3781 1494 3816 :
1521 3761 1656 3816 nihil
1681 3767 1826 3816 enim
1851 3759 1995 3818 Deus

415 3855 622 3909 malum
669 3853 933 3917 condidit,
979 3856 1147 3926 idque
1179 3855 1316 3910 adeo
1349 3853 1716 3924 prudentibus
1751 3861 1837 3908 est
1886 3869 1997 3908 ma-

412 3950 702 4006 nifestum.
739 3952 816 4005 Ac
853 3951 980 4005 licet
1007 3951 1061 4004 in
1093 3949 1284 4005 eodem
1327 3959 1652 4020 argumento
1685 3963 1990 4012 versemur,

411 4059 523 4098 non
547 4044 898 4114 gravabimur
921 4054 1104 4097 tamen
1126 4043 1409 4097 veritatem
1435 4043 1597 4096 etiam
1623 4041 1676 4095 in
1709 4041 1996 4111 praesentia

421 4135 802 4202 comprobare.
839 4133 1007 4204 Igitur
1035 4134 1212 4188 malus
1243 4133 1400 4188 initio
1433 4133 1684 4187 diabolus
1715 4147 1824 4186 non
1855 4131 1994 4195 fuit,

419 4223 515 4280 sed
546 4226 720 4279 evasit
745 4238 950 4295 postea.
979 4223 1159 4290 Quare
1195 4227 1375 4279 locum
1405 4224 1494 4279 hic
1521 4241 1628 4278 non
1663 4223 1828 4278 habet
1851 4223 1996 4294 quod

411 4315 480 4370 de
526 4315 720 4369 arbore
769 4316 1110 4385 proponitur.
1166 4313 1300 4367 Nam
1356 4322 1411 4369 et.
1461 4313 1692 4368 Saulum
1747 4313 1998 4369 videmus

415 4415 818 4478 persecutorem
850 4406 1041 4469 fuisse.
1081 4407 1444 4476 eumdemque
1469 4423 1566 4476 pro
1594 4421 1658 4460 eo
1687 4405 1830 4476 quod
1861 4407 2001 4462 inse-

413 4509 572 4551 cutus
603 4497 779 4552 fuerat
808 4498 1068 4550 nomine6
1105 4499 1538 4565 persecutionem
1571 4513 1693 4552 esse
1749 4513 1996 4567 passum.

415 4591 620 4647 Centra
671 4605 799 4644 vero
852 4589 1046 4644 Judam
1097 4607 1222 4644 cum
1267 4591 1553 4645 duodecim
1603 4591 1863 4660 apostolis
1888 4593 2000 4647 ele-

422 4693 572 4738 ctum
662 4683 962 4738 descivisse
1021 4683 1400 4752 postmodum,
1455 4691 1508 4737 et
1568 4684 1636 4738 ad
1689 4685 1994 4753 improbam

413 4771 708 4830 factionem
741 4784 1088 4846 aggregatum
1114 4776 1318 4841 '.Quin
1346 4785 1400 4830 et
1434 4775 1624 4831 Rabab
1661 4778 1998 4832 meretricem

416 4869 694 4923 cernimus
735 4867 806 4922 ab
849 4867 1151 4923 Israelitico
1197 4883 1394 4938 genere
1453 4869 1720 4922 hactenus
1766 4869 2000 4923 alienam

417 4969 545 5028 post
588 4959 973 5028 paenitentiam
1011 4967 1292 5029 receptura
1329 4958 1397 5013 ad
1432 4958 1524 5014 Dei
1567 4957 2000 5013 misericordiam

417 5051 677 5107 habuisse
709 5052 754 5106 ⁸.
818 5049 1083 5106 Videmus
1128 5061 1182 5105 et
1225 5052 1498 5105 latronem
1545 5053 1598 5105 in
1646 5051 1888 5106 facinore
1909 5051 2003 5106 de-

415 5143 746 5211 prehensum
777 5152 830 5195 et
861 5143 916 5195 in
988 5157 1206 5196 crucem
1242 5143 1513 5196 sublatum
1543 5151 1668 5212 post
1695 5143 2001 5198 confessio-

417 5249 542 5290 nem
597 5249 704 5288 una
741 5249 865 5288 cum
907 5233 1135 5288 Domino
1173 5235 1226 5287 in
1263 5233 1576 5304 paradisum
1627 5221 1930 5304 ingressum
1955 5237 1998 5288 ³.

417 5323 703 5381 Nicolaum
753 5335 1016 5397 przeterca
1067 5327 1316 5382 videmus
1355 5327 1534 5380 virum
1581 5327 1784 5382 bonum
1815 5335 1869 5380 et
1899 5327 2004 5382 ele-

419 5421 662 5484 ctum",
711 5421 1039 5475 sceleratum
1087 5427 1273 5491 postea
1293 5418 1464 5474 fuisse
1492 5427 1655 5488 atque
1710 5421 1853 5474 inter
1889 5419 2000 5472 hae-

424 5527 618 5567 reseou
649 5519 903 5567 auctores
932 5514 1258 5583 ascriptum.
1313 5512 1456 5578 Quid
1485 5511 1574 5565 hic
1607 5521 1835 5566 caeteros
1863 5525 2005 5564 com-

423 5604 760 5658 memorem?
799 5602 1076 5671 Quiduam
1131 5619 1298 5674 porro
1347 5603 1544 5658 malam
1579 5604 1722 5657 hanc
1749 5601 2002 5657 arborem

497 5785 516 5818 ⁸
549 5785 568 5840 I
598 5786 724 5843 Cor.
752 5803 870 5848 xm,
899 5787 986 5842 12.
1061 5791 1082 5822 ¹
1111 5787 1132 5841 I
1159 5787 1285 5843 Cor.
1321 5804 1383 5852 ιι,
1417 5789 1472 5843 9.
1550 5789 1570 5819 ³
1612 5786 1744 5841 ibid.
1821 5789 1843 5818 ⁸
1879 5785 2014 5840 ibid.
2091 5787 2112 5818 ³
2156 5784 2345 5838 Matth.
2383 5800 2480 5848 vn.
2529 5784 2618 5850 I8,
2649 5785 2742 5840 20.

1363 5861 1383 5892 ’
1413 5859 1548 5914 an.
1587 5873 1741 5924 uin,
1775 5857 1845 5912 40
1870 5873 1990 5928 sqq.
2059 5857 2102 5889 ι’
2137 5863 2257 5912 Act.
2287 5869 2362 5922 vl,
2389 5856 2444 5910 5.

431 5871 570 5924 nn,
617 5857 670 5914 ὅ.
776 5859 798 5890 ⁸
825 5857 991 5915 Josue
1019 5859 1129 5924 n,I
1166 5875 1286 5931 sqq.

2093 3409 2150 3460 tv
2179 3407 2312 3476 τιμῇ
2361 3403 2710 3472 ἀνεκλαλήτῳ
2741 3401 2836 3454 τοῦ
2881 3400 3034 3464 ὄντος
3075 3399 3230 3468 ἁγίου
3279 3397 3412 3451 Θεοῦ
3457 3398 3518 3450 τὸ
3565 3397 3681 3450 δια-

2092 3499 2288 3568 νόημα.
2333 3497 2426 3558 Εἰς
2469 3495 2524 3548 δὲ
2554 3495 2651 3564 τὴν
2685 3494 2814 3564 περὶ
2845 3491 3026 3561 φυτῶν
3056 3490 3339 3562 ἐνέργειαν
3387 3489 3586 3558 ίδωμεν
3621 3490 3672 3540 εί

2093 3590 2262 3652 οὕτως
2293 3588 2427 3658 ἔχει,
2473 3587 2570 3639 καὶ
2603 3585 2857 3654 λάϐωμεν
2909 3583 3108 3650 λέγειν.
3159 3583 3219 3634 El
3259 3583 3356 3652 μὲν
3405 3581 3512 3652 γάρ
3545 3582 3677 3650 περὶ

2092 3680 2186 3733 τοῦ
2220 3677 2466 3732 διαϐόλου
2501 3678 2647 3730 ἐστὶν
2676 3677 2704 3728 ὁ
2737 3675 2913 3742 λόγος,
2947 3673 3047 3743 ἤδη
3082 3671 3342 3735 πολλάκις
3373 3671 3676 3742 ἐδείξαμεν,

2093 3773 2174 3826 ὅτι
2204 3771 2266 3824 οὐ
2307 3768 2543 3839 πονηρὸς
2589 3767 2914 3836 γεγένηται·
2947 3765 3096 3818 οὐδὲν
3123 3764 3233 3834 γάρ
3267 3763 3465 3832 φαῦλον
3493 3767 3520 3816 ό
3547 3762 3680 3826 Θεὸς

2093 3861 2336 3935 ἐποίησε,
2371 3860 2466 3914 καὶ
2496 3859 2653 3912 τοῦτο
2685 3861 2798 3920 τοῖς
2831 3859 3070 3920 συνετοῖς
3113 3857 3227 3909 ἐστι
3265 3855 3586 3926 κατάδηλον.
3615 3855 3678 3907 Et

2094 3955 2202 4025 γάρ
2227 3953 2366 4007 κατὰ
2397 3953 2506 4005 τῶν
2543 3950 2722 4004 αὐτῶν
2763 3949 3062 4020 φερόμεοα,
3106 3948 3259 4002 οὐδὲν
3289 3947 3519 4017 λυπήσει
3547 3950 3681 4001 ἀπο-

2095 4044 2262 4110 δεῖξαι
2305 4045 2398 4098 καὶ
2453 4043 2511 4095 tv
2555 4041 2631 4111 τῷ
2681 4040 2910 4111 παρόντι
2962 4039 3052 4092 τὸν
3097 4039 3224 4109 περὶ
3271 4040 3371 4108 τῆς
3421 4037 3679 4104 ἀληθείας

2096 4137 2272 4206 λόγον.
2313 4137 2402 4189 Ἐν
2435 4137 2500 4204 τῇ
2531 4135 2672 4203 ἀρχῇ
2706 4132 2886 4185 τοίνυν
2923 4129 3125 4200 φαῦλος
3151 4131 3252 4182 οὐκ
3279 4126 3368 4200 ἦν,
3403 4129 3583 4199 ἀπέϐη
3618 4127 3677 4180 δὲ

2099 4227 2318 4298 φαῦλος.
2363 4225 2492 4279 Ἰδοὺ
2532 4225 2592 4276 οὐ
2635 4222 3035 4293 συσταθήσεται
3080 4222 3138 4274 tv
3186 4221 3264 4291 τῷ
3299 4221 3453 4292 μέρει
3501 4219 3678 4290 τούτῳ

2098 4321 2126 4372 ό
2153 4319 2283 4389 περὶ
2312 4316 2405 4370 τοῦ
2457 4315 2626 4385 φυτοῦ
2659 4315 2837 4382 λόγος.
2877 4313 3122 4384 Ὀρῶμεν
3181 4311 3290 4382 γὰρ
3323 4311 3418 4364 καὶ
3473 4309 3678 4364 Σαῦλον

2099 4409 2331 4480 διώκτην
2361 4408 2670 4478 γενόμενον,
2717 4405 2940 4476 ὕστερον
2969 4405 3026 4459 δὲ
3055 4405 3384 4476 διωκόμενον
3418 4403 3560 4475 ὑπὲρ
3583 4401 3678 4456 τοῦ

2100 4503 2362 4574 ὀνόματος
2395 4495 2455 4554 οὗ
2489 4501 2622 4553 ποτὲ
2660 4499 2902 4552 ἐδίωκεν.
2939 4498 3184 4570 Ὀρῶμεν
3223 4498 3314 4550 τὺν
3349 4497 3548 4550 Ἰούδαν
3587 4497 3682 4548 ἐκ·

2101 4593 2422 4664 λελεγμένον
2462 4593 2558 4646 σὺν
2587 4595 2699 4655 τοῖς
2730 4590 2936 4644 δώδεκα
2963 4590 3298 4653 ἀποστόλοις,
3332 4589 3426 4642 καὶ
3457 4587 3684 4657 ὕστερον

2103 4685 2404 4746 ἀποϐάντα,
2441 4686 2535 4737 καὶ
2567 4686 2624 4736 ὲν
2661 4683 2840 4754 μερίδι
2872 4683 3083 4752 πονηρᾷ
3123 4681 3481 4750 τεταγμένον.
3515 4678 3684 4749 Ὁρῶ-

2107 4795 2206 4847 μεν
2240 4775 2409 4828 Ῥαὰϐ
2447 4775 2546 4843 τὴν
2600 4774 2804 4845 πόρνην
2837 4771 3123 4843 ἀλλοτρίαν
3173 4767 3337 4824 οὖσαν
3368 4767 3462 4822 τοῦ
3495 4769 3684 4836 γένους

2115 4868 2364 4940 Ἰσραὴλ,
2413 4867 2636 4938 ὕστερον
2685 4865 2741 4918 δὲ
2819 4865 3231 4936 μετανοήσασαν
3274 4863 3366 4915 καὶ
3416 4859 3686 4914 λαϐοῦσαν

2103 4961 2236 5014 Θεοῦ
2277 4962 2366 5012 τὸν
2401 4958 2570 5012 ἔλεον.
2620 4957 2867 5030 Ὀρῶμεν
2913 4957 3006 5009 τὸν
3053 4955 3258 5028 λῃστὴν
3305 4954 3399 5006 ἐπὶ
3448 4969 3686 5024 κακουρ-

2103 5053 2228 5122 γίας
2264 5051 2492 5114 ἁλόντα,
2540 5053 2635 5103 καὶ
2680 5047 3058 5122 κρεμασθέντα
3109 5047 3202 5100 ἐπὶ
3243 5044 3336 5100 τοῦ
3373 5045 3548 5110 ξύλου,
3593 5045 3688 5098 καὶ

2105 5143 2660 5214 ὲξομολογησάμενον,
2691 5143 2784 5195 καὶ
2813 5142 2932 5212 ἅμα
2966 5140 3045 5210 τῷ
3085 5139 3276 5209 Κυρίῳ
3310 5140 3367 5191 ἐν
3397 5136 3476 5206 τῷ
3511 5153 3688 5208 παρα-

2105 5237 2266 5306 δείσῳ
2313 5235 2712 5306 εἰσεληλυθότα.
2749 5233 2996 5305 Ὀρῶμεν
3050 5231 3317 5284 Νικόλαον
3366 5228 3529 5282 καλὸν
3561 5227 3689 5280 ὄντα

2109 5327 2204 5382 καὶ
2230 5326 2639 5398 ἐκλελεγμένον,
2671 5323 2897 5395 ὕστερον
2925 5323 2982 5375 δὲ
3010 5320 3293 5374 ἀποϐάντα
3331 5317 3564 5388 πονηρὸν
3593 5317 3688 5370 καὶ

2108 5419 2168 5471 tv
2201 5422 2311 5482 τοῖς
2345 5417 2724 5488 αἰρεσιάρχαις
2751 5413 3039 5485 ταχθέντα.
3067 5413 3178 5466 Kal.
3208 5411 3261 5464 τί
3298 5427 3386 5480 μοι
3413 5408 3480 5462 τὰ
3505 5406 3686 5478 πλήθη

2111 5509 2316 5578 λέγειν;
2358 5511 2398 5562 Τ
2406 5509 2420 5561 ί
2449 5505 2542 5563 οὖν
2575 5511 2689 5561 ἐστι
2719 5507 2782 5560 τὸ
2821 5507 2986 5576 φυτὸν
3019 5503 3178 5558 τοῦτο
3207 5505 3266 5556 τὸ
3301 5502 3556 5573 πονηρὸν,
3593 5499 3685 5569 ἀφ’

2110 5599 2170 5656 οὗ
2221 5601 2422 5670 ἀγαθὸν
2468 5602 2530 5654 οὐ
2564 5601 2808 5670 γίνεται;
2855 5597 3015 5652 Ἀλλά
3067 5595 3228 5650 πάλιν
3277 5593 3504 5667 πράξεις
3551 5593 3690 5646 εἰσὶν

2811 5785 2842 5844 ,⁸
2895 5785 3018 5836 Act.
3077 5797 3150 5848 ιιι,
3191 5781 3216 5834 i
3255 5793 3377 5849 sqq.
3477 5773 3498 5806 ’
3547 5771 3682 5830 Luc.
