4076 6392
406 425 520 485 125

1079 425 1450 483 ADVERSUS
1489 425 1605 480 ΗᾸΞ
1615 423 1836 480 RESES
1874 425 1999 480 LIB.

2151 426 2314 484 TOM.
2357 427 2781 484 ll.—-IL£RES.
2823 427 3008 483 LXVI.

3576 428 3680 487 l28

407 541 734 627 ἀνθρώπων.
763 541 838 595 Οὐ
885 541 1106 595 δύναται
1143 542 1253 614 γὰρ
1299 543 1364 595 ὲκ
1417 543 1673 614 πορνείας
1724 542 1998 614 ἀγαθότης

2112 561 2222 600 esse
2252 544 2520 611 dicemus,
2565 559 2597 597 e
2627 559 2736 614 qua
2781 544 2984 597 bonum
3027 543 3160 599 oriri
3200 544 3472 615 nequeat?
3511 544 3680 603 Plane

408 630 582 688 εἶναι·
616 633 677 686 οὗ
708 632 933 686 δύναται
984 633 1050 686 ἐκ
1082 632 1276 702 φθόνου
1329 633 1596 704 πονηρίας
1636 633 1951 704 δικαιοσύνη
1979 675 1992 695 ,

404 725 468 777 οὐ
499 720 724 774 δύναται
753 721 820 774 ὲκ
860 720 1106 793 μοιχείας
1142 721 1363 785 ἔπαινος
1400 722 1676 790 γενέσθαι.
1716 723 1859 776 Αὐτὸ
1888 723 1998 792 γὰρ

406 813 469 865 τὸ
503 813 601 882 τῆς
644 811 920 883 ἁμαρτίας
958 811 1174 882 δένδρον
1202 813 1262 864 ού
1293 811 1520 866 δύναται
1569 813 1636 865 δι’
1663 812 1998 884 ἀγαθότητος

405 903 699 973 γενέσθαι·
738 905 1017 957 τουτέστιν
1045 905 1108 956 οὐ
1149 906 1295 956 ποιεῖ
1325 903 1541 976 δένδρον
1584 905 1819 976 πονηρὸν
1859 920 1997 975 καρ-

411 1001 548 1062 ποὺς
585 997 856 1067 ἀγαθούς·
891 999 1013 1052 οὐδὲ
1057 997 1262 1067 ἀγαθοῦ
1297 999 1514 1070 δένδρου
1549 1002 1799 1071 καρποὺς
1833 1017 2000 1070 πονη-

412 1096 540 1165 ροὺς
578 1094 853 1162 γενέσθαι.
881 1088 1006 1146 Οἷον
1036 1094 1097 1146 τὸ
1127 1093 1330 1161 ἀγαθὸν
1357 1094 1574 1164 δένδρον
1601 1094 1664 1147 τὸ
1698 1093 1773 1164 μὴ
1810 1092 1996 1146 ποιοῦν

413 1187 658 1255 καρποὺς
709 1185 996 1255 πονηροὺς,
1028 1183 1298 1254 ξενοδοχία
1345 1184 1626 1253 γινομένη,
1662 1184 1762 1238 κᾶν
1809 1201 1867 1235 τε
1899 1183 1999 1236 ὅσα

415 1275 595 1347 ἀποϐῇ
629 1277 738 1330 ἀπὸ
769 1277 867 1346 τῆς
911 1275 1248 1345 ξενοδοχίαις,
1297 1275 1395 1344 οὐχ
1449 1274 1634 1328 ἕνεκεν
1670 1274 2000 1344 φαυλότητος

416 1367 533 1435 ἔχει
581 1367 681 1434 τὴν
731 1364 986 1436 δύναμιν.
1028 1364 1431 1434 Ἐλεημοσύνη,
1479 1364 1669 1430 ἁγνεία
1717 1363 1804 1416 διὰ
1845 1363 1996 1426 Θεὸν,

417 1457 718 1528 ἐγκράτεια
767 1455 856 1509 διὰ
906 1455 999 1509 τὸν
1051 1455 1352 1526 Δεσπότην,
1407 1454 1720 1525 δικαιοσύνη
1774 1454 1862 1508 διὰ
1909 1454 2001 1508 τὸν

416 1547 602 1618 νόμον.

489 1724 607 1781 ΞΒ¹.
648 1726 834 1780 Ταῦτα
876 1725 946 1780 τὰ
977 1725 1071 1780 δύο
1102 1726 1294 1798 δένδρα
1343 1727 1473 1799 περὶ
1524 1726 1878 1797 δικαιοσύνης
1906 1726 2002 1780 καὶ

419 1819 551 1890 περὶ
584 1819 858 1889 ἁμαρτίας
887 1817 1074 1872 τοῦτον
1121 1819 1235 1888 ἔχει
1284 1817 1374 1871 τὸν
1408 1818 1628 1889 τρόπον.
1663 1819 1796 1890 Περὶ
1841 1817 1898 1871 δὲ
1927 1812 2003 1874 ὧν

2098 636 2166 690 de
2199 633 2477 689 hominum
2496 634 2804 689 actionibus
2831 634 3180 704 interpretari
3199 633 3483 692 debemus.
3496 633 3684 707 Neque

2096 728 2243 782 enim
2271 743 2302 782 e
2328 736 2522 796 stupro
2565 727 2803 781 derivari
2842 725 3058 780 bonitas
3099 736 3316 796 potest,
3387 741 3566 796 neque
3614 743 3682 782 ex

2097 819 2358 887 nequitiae
2402 819 2572 871 livore
2603 817 2856 887 justitia,
2908 833 3084 885 neque
3121 833 3189 870 ex
3236 817 3511 871 adulterio
3541 819 3681 873 laus.

2103 908 2386 978 Siquidem
2426 909 2592 962 arbor
2636 909 2729 962 illa
2778 908 2988 977 peccati
3039 923 3068 962 a
3112 908 3354 962 bonitate
3402 907 3680 978 proﬁcisci

2098 1016 2207 1054 non
2239 1007 2442 1070 potest,
2480 999 2583 1054 hoc
2603 1007 2708 1064 est,
2735 999 2899 1052 arbor
2934 999 3076 1052 mala
3112 999 3287 1054 bonos
3332 999 3545 1055 fructus
3574 1014 3682 1054 non

2099 1091 2249 1150 facit.
2276 1105 2452 1160 neque
2487 1091 2628 1144 bona
2653 1106 2719 1144 ex
2751 1091 2944 1146 arbore
2970 1091 3097 1144 mali
3127 1089 3337 1146 fructus
3363 1093 3617 1145 oriuntur
3635 1091 3677 1144 ⁸.

2098 1182 2344 1252 Exempli
2376 1181 2547 1252 gratia
2575 1183 2740 1236 arbor
2774 1183 2863 1235 illa
2897 1182 3058 1245 bona,
3090 1197 3213 1251 quae
3255 1182 3429 1238 malos
3471 1183 3684 1237 fructus

2097 1276 2260 1331 edere
2298 1290 2406 1328 non
2455 1280 2656 1343 potest,
2697 1275 2768 1328 sit
2817 1275 3046 1344 benigna
3091 1274 3368 1344 hospitum
3409 1274 3673 1344 exceptio.

2107 1367 2386 1438 Quidquid
2415 1367 2563 1421 enim
2600 1366 2670 1420 ab
2713 1381 2776 1421 ea
2821 1367 3223 1436 pt‘olicisratur,
3257 1366 3424 1437 676
3453 1365 3533 1419 vis
3563 1367 3685 1432 ejus

2101 1461 2171 1514 ab
2203 1459 2552 1526 improbitate
2595 1473 2705 1512 non
2750 1460 2950 1512 oritur.
3000 1456 3265 1512 Similiter
3313 1460 3683 1528 eleemosyna,

2101 1552 2429 1606 castimonia
2473 1567 2594 1620 quae
2640 1562 2860 1621 propter
2896 1550 3063 1605 Deum
3097 1552 3315 1616 colitur,
3346 1551 3682 1604 continentia

2102 1652 2326 1715 propter
2375 1642 2685 1705 Dominum,
2742 1643 2956 1714 justitia
2993 1643 3129 1712 legis
3178 1643 3352 1712 gratia
3403 1651 3682 1710 suscepta.

2171 1734 2332 1790 LXII.
2375 1733 2748 1800 Quamobrem
2799 1735 2974 1788 ambae
3009 1734 3113 1787 illa:
3147 1734 3375 1789 arbores
3415 1733 3482 1788 de
3516 1735 3684 1803 justi-

2104 1828 2180 1881 tia
2212 1835 2266 1882 et
2295 1833 2523 1896 peccato
2552 1825 2784 1895 intelligi
2818 1825 3108 1879 commode
3151 1834 3404 1894 possunt.
3450 1825 3518 1877 At
3561 1825 3688 1880 bar-

418 1905 573 1972 οὖτος
607 1911 636 1962 6
664 1908 939 1981 βάρϐαρος
977 1908 1170 1979 Μάνης
1209 1908 1521 1968 διανοεῖται,
1551 1909 1680 1979 περὶ
1713 1909 1848 1962 Θεοῦ
1883 1909 2005 1978 βούο

2112 1919 2278 1973 barus
2311 1917 2402 1971 ille
2431 1915 2764 1971 Manichacus
2803 1931 3086 1985 perperam
3119 1915 3186 1970 de
3220 1914 3330 1971 Deo
3369 1930 3434 1969 ac
3469 1915 3688 1970 diabolo

418 1998 572 2050 λεται
617 1997 817 2065 λέγειν,
867 1997 963 2050 καὶ
995 1997 1126 2068 περὶ
1166 1996 1261 2049 τοῦ
1299 1995 1570 2055 διαϐόλου.
1603 1997 1712 2050 Καὶ
1755 1999 1837 2050 ὅτι
1875 1999 2006 2069 περὶ

419 2086 558 2139 Θεοῦ
590 2087 766 2150 οὐδεὶς
793 2086 1015 2139 δύναται
1061 2086 1328 2158 τολμῆσαι
1370 2088 1466 2140 καὶ
1495 2088 1691 2151 εἰπεῖν,
1720 2089 1804 2141 ὅτι
1836 2087 2007 2142 κακὸν

421 2179 640 2248 ποιήσει
679 2179 832 2242 ποτὲ,
867 2179 941 2249 μὴ
971 2178 1204 2248 γένοιτο,
1237 2179 1332 2232 καὶ
1363 2177 1489 2231 οὒτε
1521 2179 1648 2250 περὶ
1677 2177 1773 2232 τοῦ
1820 2179 2006 2233 διαϐόο

419 2271 535 2334 λου,
563 2271 646 2321 δτι
676 2269 880 2338 ἀγαθὸν
919 2269 1247 2341 ἐργάζεται,
1293 2269 1452 2323 τοῦτο
1497 2269 1676 2340 δῆλον.
1714 2269 1878 2323 Ἀλλὰ
1919 2269 2008 2324 διὰ

419 2360 559 2414 Θεοῦ
589 2363 765 2415 πάντα
793 2361 1005 2429 γίνεται
1034 2360 1103 2412 τὰ
1140 2360 1342 2429 ἀγαθὰ,
1375 2361 1471 2414 καὶ
1511 2360 1712 2430 φαῦλον
1748 2361 1809 2425 ἐξ
1839 2361 2005 2414 αὑτοῦ

418 2453 578 2506 οὐδὲν
632 2452 952 2516 κέκτισται,
1011 2451 1132 2504 οὐδὲ
1178 2450 1408 2518 γίνεται.
1452 2451 1518 2504 Εἰ
1559 2450 1616 2503 δὲ
1655 2453 1719 2504 ὲκ
1761 2451 2006 2505 διαϐόλου

417 2544 726 2614 ἐνεργεῖται
767 2544 982 2614 πονηρά
1012 2560 1156 2608 τινα,
1199 2541 1306 2596 ἰδοὺ
1337 2543 1651 2612 εὑρήκαμεν
1684 2543 1778 2596 καὶ
1809 2543 1876 2596 δι’
1907 2546 2008 2597 αὖ·

418 2633 519 2687 τοῦ
565 2634 829 2702 στέφανον
865 2633 1198 2704 πλεκόμενον
1243 2633 1454 2700 ἁγίοις,
1498 2633 1592 2686 καὶ
1642 2632 1895 2704 βραϐεῖον
1929 2634 2007 2686 δι-

417 2726 646 2797 δόμενον
694 2729 808 2789 τοῖς
860 2725 1189 2796 νενικηκόσι.
1230 2726 1339 2777 Καὶ
1377 2724 1626 2778 διέπεσεν
1655 2729 1683 2779 6
1710 2725 1874 2779 αὐτοῦ
1919 2726 2006 2779 λό-

420 2833 541 2886 γος.
569 2817 643 2869 Τὸ
667 2817 776 2888 γὰρ
805 2816 1009 2886 σαπρὸν
1041 2815 1255 2888 δένδρον
1284 2816 1377 2868 καὶ
1409 2817 1612 2884 ἀγαθὸν
1639 2817 1853 2889 δένδρον
1880 2818 2010 2889 περὶ

422 2905 646 2975 ἀγαθῶν
674 2908 851 2978 ἔργων
884 2907 1140 2976 τυγχάνει
1192 2906 1286 2959 καὶ
1328 2907 1456 2977 περὶ
1491 2906 1735 2975 φαύλων·
1786 2910 1878 2962 καί
1910 2911 2010 2962 οὐκ

421 2999 542 3051 ἐστι
592 2999 722 3071 περὶ
755 2997 998 3062 Παλαιᾶς
1047 2999 1323 3069 Διαϐήκης
1378 2999 1473 3051 καὶ
1530 3001 1773 3073 Καινῆς,
1826 2999 2010 3065 καθὼς

424 3090 676 3160 βούλεται
708 3091 736 3142 6
762 3089 858 3143 τοῦ
888 3090 1049 3160 Μάνη
1080 3091 1255 3158 λόγος.

496 3179 613 3232 ΞΡ.
659 3180 778 3231 Ἔτι
816 3180 873 3233 δὲ
917 3182 946 3232 6
992 3180 1154 3243 αὐτὸς
1204 3180 1524 3252 βουλόμενος
1571 3183 1848 3254 παριστᾷν
1910 3183 2008 3246 τὰς

2111 2018 2340 2064 conatur
2369 2008 2637 2076 accipere.
2669 2005 2872 2061 Verum
2908 2006 3182 2060 neminem
3211 2020 3278 2060 eo
3301 2005 3543 2059 audacia:
3573 2020 3690 2074 pro-

2111 2097 2264 2168 gredi
2314 2112 2472 2166 posse
2507 2096 2856 2166 perspicuum
2897 2104 3002 2159 est,
3033 2102 3094 2148 ut
3134 2101 3232 2148 aut
3266 2092 3431 2148 Deum
3479 2101 3691 2150 asserat

2111 2187 2314 2240 malum
2360 2185 2657 2255 aliquando
2699 2185 2996 2247 facturum,
3030 2191 3124 2236 aut
3149 2183 3429 2238 diabolum
3461 2181 3688 2237 bonum.

2113 2277 2257 2344 Quin
2285 2278 2395 2331 imo
2422 2277 2564 2331 bona
2612 2279 2800 2330 omnia
2849 2275 2993 2330 Deus
3035 2275 3218 2339 eﬂicit,
3263 2289 3442 2344 neque
3483 2275 3688 2329 malum

2113 2368 2411 2438 quidquam
2461 2368 2529 2421 ab
2559 2382 2624 2422 eo
2664 2367 2992 2436 productum
3038 2376 3144 2429 est,
3183 2374 3278 2420 aut
3310 2381 3441 2420 vero
3485 2363 3690 2434 produ-

2114 2461 2277 2515 citur.
2331 2457 2486 2525 Quod
2537 2460 2583 2514 si
2641 2459 2894 2514 diabolus
2945 2459 3210 2512 nonnulla
3259 2458 3401 2512 mala
3447 2456 3690 2524 molitur,

2115 2551 2370 2604 nimirum
2407 2549 2509 2604 bac
2538 2551 2684 2604 illLus
2707 2565 2870 2618 opera
2913 2550 3120 2603 sanctis
3148 2548 3460 2602 hominibus
3489 2563 3692 2602 corona

2115 2643 2372 2705 nectitur,
2410 2657 2473 2696 ae
2511 2643 2792 2712 praemium
2833 2641 3133 2695 victoribus
3164 2641 3453 2694 tribuitur.
3489 2640 3693 2709 Sicque

2116 2741 2228 2788 tota
2277 2733 2425 2787 illius
2449 2734 2590 2786 ratio
2631 2733 2860 2785 corruit.
2912 2731 3051 2785 Mala
3079 2732 3224 2784 enim
3269 2731 3436 2785 arbor
3467 2740 3521 2786 et
3549 2730 3693 2786 bona

2115 2825 2182 2880 de
2228 2825 2385 2879 bonis
2425 2839 2488 2878 ac
2533 2825 2689 2877 malis
2731 2823 2992 2894 operibus
3043 2824 3423 2891 explicantur;
3472 2837 3573 2876 nec
3620 2823 3690 2876 ad

2121 2915 2286 2970 Vetus
2335 2915 2655 2983 Novumque
2677 2913 3087 2970 Testamentum
3120 2915 3414 2983 pertinent,
3463 2921 3522 2967 ut
3547 2911 3692 2969 falso

2115 3007 2446 3064 Manichaaus
2475 3007 2774 3062 existimat.

2187 3179 2372 3236 LXIII.
2415 3179 2520 3234 Sed
2565 3180 2732 3233 instat
2762 3176 2904 3232 idem
2935 3176 3046 3239 ille,
3087 3183 3142 3228 et
3173 3181 3232 3227 ut
3256 3186 3414 3227 suum
3450 3168 3517 3223 de
3551 3169 3691 3223 duo-

423 3274 557 3344 περὶ
589 3272 696 3326 τῶν
736 3271 830 3325 δύο
868 3272 1052 3344 ἀρχῶν
1083 3274 1421 3344 προφάσεις,
1458 3252 2009 3346 Θηρώμενοςνὲπιτη-

2117 3273 2221 3328 btts
2251 3270 2539 3341 principiis
2583 3270 2778 3339 dogma
2827 3267 3094 3329 stabiliat,
3149 3263 3445 3319 nonnullas
3477 3276 3507 3315 e
3541 3259 3689 3313 Scri-

420 3363 638 3417 δεύεται
673 3364 772 3426 τὰς
811 3364 963 3434 αὐτῷ
1002 3363 1263 3428 δοκούσας
1305 3365 1502 3430 λέξεις,
1543 3364 1714 3428 οὕτως
1747 3364 2008 3434 ὲχούσας’

425 3457 573 3518 Ὀτι,
615 3457 769 3526 φησι,
816 3459 929 3520 τοῖς
966 3456 1241 3520 Ἰουδαίοις
1270 3457 1481 3525 ἔλεγεν·
1527 3455 1714 3524 ἠλεῖς
1745 3457 1860 3509 υἱοὶ
1909 3455 2012 3508 τοῦ

421 3549 710 3603 διαϐόλου
749 3549 910 3603 ἐστέ.
942 3549 1200 3614 Ἐκεῖνος
1238 3550 1730 3617 ἀνθρωποκτόνος
1772 3545 1882 3618 ἦν·
1924 3547 2013 3600 ὅτι

423 3647 460 3694 ό
492 3643 690 3710 πατὴρ
718 3641 905 3696 αὑτοῦ
934 3643 1210 3710 ψεύστης
1239 3639 1338 3713 ἦν.
1381 3641 1640 3695 Βούλεται
1678 3641 1736 3693 δὲ
1775 3640 2015 3712 βλασφη-

428 3736 575 3804 μεῖν,
612 3734 708 3785 καὶ
748 3732 930 3800 λέγειν
966 3732 1058 3784 τὸν
1089 3732 1320 3802 ποιητὴν
1356 3731 1584 3804 ούρανοῦ
1632 3731 1728 3784 καὶ
1756 3730 1860 3800 γῆς
1910 3746 2016 3782 πα-

423 3826 566 3896 τέρα
611 3821 754 3877 εἷναι
792 3823 884 3877 τοῦ
919 3823 1188 3890 διαϐόλου,
1225 3823 1489 3894 μηδαμῶς
1533 3823 1830 3893 δυνάμενον
1877 3821 2014 3884 ὅλως

427 3919 527 3970 ἐπὶ
565 3917 724 3970 τοῦτο
749 3918 810 3969 τὺ
850 3917 1008 3987 ῥητὸν
1055 3914 1343 3983 φαίνεσθαι
1369 3914 1411 3967 ¹.
1463 3915 1526 3966 El
1573 3913 1683 3983 γὰρ
1736 3911 1873 3975 ὅλως
1917 3910 2012 3964 τοῦ

422 4009 677 4065 διαϐόλου
714 4007 818 4060 υἱοί
852 4010 979 4070 είσι,
1009 4007 1255 4060 διέπεσεν
1283 4007 1312 4058 6
1345 4005 1464 4058 κατ’
1496 4003 1657 4058 αὐτόν
1698 4003 1877 4072 λόγος,
1921 4003 2014 4056 καὶ

425 4099 611 4170 ἑαυτῷ
639 4099 1000 4168 ἁντιμὰχεται
1051 4098 1080 4148 ὁ
1115 4097 1306 4167 Μάνης
1332 4095 1563 4164 ἀγνοῶν.
1604 4093 2013 4167 Ἀφωρίσθησαν

429 4191 546 4260 γὰρ
577 4189 763 4242 λοιπὸν
799 4190 856 4243 αἱ
901 4188 1082 4242 αὐτῶν
1107 4186 1278 4258 ψυχαὶ
1312 4189 1377 4240 ὲκ
1418 4186 1668 4240 διαϐόλου
1711 4183 2014 4256 γεγενημέ-

431 4299 556 4346 ναι,
600 4281 696 4334 καὶ
747 4281 935 4332 οὐκέτι
981 4279 1120 4330 εἰσὶν
1169 4277 1278 4330 ἀπὸ
1328 4277 1428 4346 τῆς
1477 4276 1684 4330 ἄνωθεν
1731 4275 2016 4344 δυνάμεως

428 4373 578 4428 κατὰ
602 4374 692 4425 τὸν
722 4371 886 4424 αὐτοῦ
933 4367 1124 4441 μῦθον,
1153 4368 1187 4440 ἢ
1213 4370 1312 4422 οὐκ
1340 4368 1455 4421 ἔστι
1488 4369 1654 4439 μέρος
1681 4365 1776 4420 τοῦ
1816 4365 2012 4436 φωτὸς.

426 4469 463 4540 ἢ
494 4465 795 4528 πανοπλίας
822 4463 917 4516 τοῦ
948 4462 1134 4527 αὑτοῦ,
1170 4463 1204 4532 ἢ
1251 4461 1344 4515 τοῦ
1379 4459 1571 4514 στύλου
1618 4460 1710 4513 τοῦ
1753 4460 1947 4528 φωτὸς,
1981 4455 2013 4526 ἦ

2111 3365 2290 3436 pturis
2340 3377 2504 3418 voces
2535 3377 2634 3432 pro
2689 3377 2790 3416 sua
2834 3360 3059 3414 libidine
3103 3364 3320 3426 captat,
3376 3369 3498 3424 qua:
3561 3358 3693 3406 sunt

2111 3456 2411 3526 ejusmodi.
2443 3454 2672 3520 Iudaeis,
2709 3453 2909 3523 inquit,
2940 3451 3203 3505 Dominus
3238 3448 3417 3504 dixit:
3453 3445 3554 3500 Vos
3585 3444 3690 3513 ﬁlii

2112 3550 2312 3603 diaboli
2335 3549 2484 3602 estis.
2509 3545 2612 3600 Ille
2637 3543 2901 3600 homicida
2947 3543 3071 3611 fuit,
3105 3541 3354 3612 quoniam
3401 3546 3548 3606 pater
3576 3551 3694 3606 ejus

2113 3637 2338 3692 mendas
2380 3647 2495 3690 erat
2518 3639 2560 3690 δ.
2603 3633 2778 3705 Cujus
2814 3649 2878 3688 ex
2907 3631 3200 3687 occasione
3231 3627 3338 3683 loci
3369 3627 3534 3681 homo
3559 3639 3695 3680 con-

2114 3729 2404 3784 tumeliose
2463 3727 2517 3781 in
2569 3726 2739 3782 Deum
2789 3725 2998 3794 garrire
3043 3738 3152 3776 non
3191 3719 3426 3783 dubitat,
3467 3727 3523 3772 et
3568 3715 3694 3771 caeli

2113 3831 2383 3892 terraeque
2441 3820 2780 3874 conditorem
2835 3824 3042 3886 patrem
3079 3829 3202 3869 esse
3251 3809 3454 3867 diaboli
3491 3809 3694 3871 dicere,

2113 3933 2238 3972 cum
2266 3915 2398 3969 nihil
2423 3912 2694 3984 ejusmodi
2743 3912 2898 3966 locus
2934 3909 3025 3963 ille
3065 3906 3378 3970 contineat;
3409 3901 3610 3958 etenim
3645 3900 3692 3954 si

2114 4005 2314 4062 diaboli
2349 4003 2443 4058 lilii
2482 4000 2716 4056 habendi
2751 3999 2828 4053 illi
2859 4003 3012 4057 sunt,
3057 3994 3256 4050 falsum
3287 3998 3373 4046 est
3401 3985 3549 4059 quod
3585 3985 3695 4040 alio

2115 4097 2236 4151 loco
2274 4092 2552 4156 defendit,
2613 4085 2678 4144 ac
2724 4088 2829 4143 sibi
2874 4087 2991 4156 ipse
3041 4081 3363 4152 imprudens
3403 4081 3690 4146 repugnat.

2118 4187 2376 4257 Sequitur
2439 4183 2584 4238 enim
2649 4185 2929 4249 separatas
2984 4175 3244 4242 deinceps
3291 4179 3347 4226 et
3399 4184 3428 4223 a
3477 4166 3696 4222 diabolo

2115 4280 2414 4352 productas
2466 4276 2686 4329 illorum
2737 4271 2951 4324 animas
2999 4267 3192 4326 fuisse,
3245 4259 3591 4352 minimeque
3625 4257 3696 4310 ab

2115 4347 2327 4427 cwlesti
2355 4370 2556 4423 virtute
2604 4363 2900 4435 prolectas,
2929 4365 2990 4412 ut
3019 4358 3167 4410 illius
3199 4353 3379 4407 fabula
3414 4347 3692 4404 narrabat.

2120 4480 2224 4519 nec
2268 4463 2381 4532 jam
2413 4475 2541 4530 pars
2565 4457 2670 4512 erit
2707 4455 2816 4509 ulla
2863 4451 3026 4513 lucis,
3067 4456 3162 4502 aut
3199 4447 3348 4500 illius
3381 4448 3692 4532 armaturae,

430 4531 643 4630 μητρὸς
669 4557 769 4627 τῆς
795 4557 956 4626 ζωῆς.
979 4557 1042 4608 El
1070 4555 1128 4608 δὲ
1159 4531 1294 4618 ὅλως
1319 4555 1473 4607 αὐτοὶ
1495 4554 1590 4608 τοῦ
1612 4552 1882 4614 διαϐόλου,
1910 4550 2009 4622 ἄρα

2122 4564 2218 4610 aut
2256 4531 2527 4608 Columnae
2553 4547 2796 4609 luminis,
2825 4550 2920 4597 aut
2942 4541 3135 4596 matris
3167 4540 3311 4591 vitae.
3341 4533 3453 4588 Imo
3489 4547 3618 4585 vero
3648 4531 3694 4583 si

428 4649 532 4702 καὶ
561 4651 590 4702 ὁ
628 4646 879 4717 ’Δϐραὰμ
922 4648 952 4698 6
983 4645 1188 4697 τούτων
1217 4645 1418 4715 πατὴρ,
1450 4637 1512 4697 οὗ
1544 4643 1767 4713 σπέρμα
1812 4640 2018 4709 τυγχά-

427 4757 618 4795 νουσιν
677 4739 832 4791 αὑτοὶ
869 4739 919 4791 οἱ
963 4737 1230 4802 Ἰουδαῖοι,
1282 4737 1378 4790 καὶ
1420 4737 1582 4798 αὐτὸς
1629 4734 1724 4787 τοῦ
1769 4733 2017 4787 διαϐόλου

427 4837 574 4900 ἐστὶ,
602 4834 744 4888 κατὰ
782 4833 872 4886 τὸν
918 4830 1014 4884 τοῦ
1049 4831 1207 4900 Μάνη
1255 4829 1433 4896 λόγον.
1467 4827 1590 4889 Πῶς
1635 4821 1728 4879 οῦν
1773 4825 1802 4876 6
1827 4823 2017 4894 Πατὴρ

426 4926 700 4990 λεκτικῶς
722 4928 742 4957 ²
770 4925 918 4994 λέγει
953 4924 1156 4987 αὐτοῖς·
1189 4921 1372 4990 Ὑμεῖς
1403 4921 1514 4973 οὐκ
1547 4917 1688 4970 ἐστὲ
1708 4915 1887 4971 τέκνα
1913 4915 2018 4968 τοῦ

442 5019 714 5087 Ἀϐραὰμ,
731 5015 889 5072 ἀλλὰ
917 5015 1024 5068 τοῦ
1048 5013 1271 5080 πατρὸς
1296 5009 1461 5080 ὑμῶν
1485 5009 1593 5062 τοῦ
1627 5007 1926 5060 διαϐόλου.
1959 5007 2026 5060 El

425 5111 547 5181 τὰρ
567 5108 672 5178 ἦτε
695 5107 876 5162 τέκνα
898 5107 1003 5160 τοῦ
1019 5106 1280 5173 Ἀϐραὰμ,
1307 5104 1378 5156 τὰ
1391 5101 1535 5170 ἔργα
1549 5099 1735 5154 αὐτοῦ
1750 5097 2018 5152 ἐποιεῖτε.

442 5205 521 5257 ’Υ
514 5203 649 5273 μεῖς
683 5202 795 5273 γὰρ
826 5197 1044 5268 ζητεῖτέ
1071 5215 1147 5267 με
1173 5194 1544 5257 ἀποκτεῖναι,
1580 5192 1912 5259 ἄνθρωπον.
1953 5188 2022 5255 ὃς

425 5295 554 5363 τὴν
609 5293 903 5358 ἀλήθειαν
955 5287 1269 5354 λελάληκα
1313 5283 1474 5354 ὑμῖν.
1540 5282 1719 5336 Τοῦτο
1764 5279 2021 5349 Ἀϐραὰμ

425 5389 550 5442 οὐκ
599 5383 874 5451 ἐποίησε.
911 5381 1020 5435 Καὶ
1050 5380 1218 5450 ὁρᾷς,
1246 5376 1327 5428 ὅτι
1379 5371 1816 5443 καταχρηστικός
1868 5370 2016 5422 ἐστιν

424 5481 462 5536 ὁ
492 5477 676 5544 λόγος’
712 5473 894 5528 αὐτῶν
925 5472 1036 5542 γὰρ
1079 5471 1248 5523 δντων
1284 5466 1415 5520 υἱῶν
1471 5465 1561 5518 τοῦ
1603 5462 1880 5534 Ἀϐραὰμ,
1922 5463 2017 5515 καὶ

424 5569 532 5628 τοῦ
567 5567 777 5641 Κυρίου
811 5563 1298 5636 ὰπαλλοτριοῦντος
1327 5559 1525 5621 αὐτοὺς
1553 5557 1640 5610 διὰ
1680 5554 1791 5608 τῶν
1819 5555 2017 5626 ἔργων,

555 5775 574 5809 ⁸
632 5771 698 5830 F.
757 5770 1036 5844 φέρεσθαι.

434 5844 539 5906 39.
572 5844 664 5900 40.

1172 5772 1192 5802 ³
1232 5767 1357 5824 Cor.
1414 5760 1606 5835 Σωτὴρ
1688 5762 2038 5833 ἐλεγκτικῶς.

2115 4646 2317 4703 diaboli
2367 4643 2462 4697 lilii
2500 4649 2650 4700 sunt.
2687 4637 3036 4691 Abrahamus
3067 4633 3234 4687 etiam
3273 4628 3488 4682 illorum
3520 4633 3694 4693 pater,

2117 4754 2146 4792 a
2181 4751 2289 4808 quo
2318 4733 2492 4788 Judaei
2528 4729 2806 4802 propagati
2858 4732 3009 4787 sunt,
3055 4720 3256 4777 diaboli
3291 4718 3434 4772 lilius
3463 4716 3586 4777 erit,
3629 4729 3694 4767 ex

2117 4829 2207 4882 illa
2247 4821 2530 4878 Manichmi
2586 4816 2878 4874 sententia.
2925 4811 3083 4880 Quod
3117 4812 3161 4864 si
3211 4810 3285 4861 ita
3318 4813 3424 4871 est,
3459 4817 3696 4874 quanam

2118 4916 2330 4969 ratione
2403 4910 2654 4965 Salvator
2706 4909 2822 4976 ipse
2870 4905 2956 4959 his
3004 4903 3124 4956 illos
3180 4897 3361 4951 verbis
3418 4893 3692 4964 appellat:

2132 5005 2235 5060 Vos
2277 5021 2380 5058 non
2413 5002 2540 5056 estis
2573 4999 2674 5070 ﬁlii
2705 4995 2998 5056 Abraham,
3046 4990 3136 5046 sed
3188 4989 3357 5059 patris
3389 4985 3546 5040 vestri
3575 4982 3687 5036 dia-

2123 5097 2249 5152 boli.
2274 5096 2334 5151 Si
2363 5095 2503 5148 enim
2532 5092 2716 5146 essetis
2757 5089 2856 5159 ﬁlii
2900 5084 3194 5145 Abraham,
3231 5081 3378 5134 illius
3409 5093 3564 5146 opera
3603 5075 3694 5142 [a—

2119 5190 2323 5243 ceretis.
2370 5185 2473 5239 Vos
2506 5185 2646 5238 enim
2689 5181 2926 5252 quwritis
2963 5173 3373 5241 meinterﬁcere,
3411 5169 3693 5230 hominem,

2117 5281 2208 5351 qui
2230 5279 2500 5334 veritatem
2530 5274 2735 5329 locutus
2788 5287 2904 5325 sum
2939 5268 3106 5322 vobis.
3151 5264 3268 5319 Hoc
3294 5261 3558 5316 Abraham
3589 5274 3694 5312 non

2123 5372 2245 5440 fecit
2265 5372 2308 5426 ⁵.
2340 5368 2503 5441 677
2534 5365 2698 5420 Vides
2737 5363 2900 5434 igitur
2929 5376 3025 5431 per
3045 5355 3406 5413 catachresim
3453 5365 3693 5422 usurpa-

2131 5471 2252 5516 tttm
2297 5460 2346 5514 id
2374 5460 2564 5519 fuisse,
2602 5465 2662 5510 ut
2691 5452 2988 5509 Abrahami
3028 5449 3243 5520 quidem
3276 5454 3462 5502 essent
3497 5451 3695 5498 natura

2127 5554 2246 5620 lilii,
2279 5560 2333 5608 et
2379 5550 2446 5606 ab
2481 5551 2667 5606 eodem
2711 5544 3086 5607 nihilominus,
3138 5539 3352 5595 Domini
3404 5534 3692 5599 sententia,

3483 5738 3504 5770 '
3543 5731 3680 5790 ibid.

2171 5761 2190 5792 ³
2231 5757 2422 5815 Matth.
2475 5770 2572 5819 vit,
2639 5753 2721 5807 I3.
2853 5749 2872 5783 ⁸
2905 5747 3064 5805 Joan.
3116 5759 3233 5809 vttt,
3281 5741 3371 5797 Η.
