4076 6392
386 472 490 533 427

1801 460 1861 522 5.
1900 461 2235 519 EPlPllA-Nll

3545 447 3645 504 128

387 607 501 648 non
543 590 752 660 origine
799 589 1243 659 productioneve,
1287 587 1382 642 sed
1423 585 1686 657 operibus
1747 581 1960 649 abiudi-

2074 581 2183 651 ιύχὶ
2231 579 2318 632 διὰ
2348 578 2440 631 τοῦ
2486 573 2866 646 πλάσματοςῆ
2907 571 2996 625 διὰ
3031 570 3132 641 τῆς
3182 566 3640 660 ποιήσεως-Ἤδη

388 689 607 739 centur.
646 683 719 737 De
748 697 854 752 qua
891 698 950 736 re
981 697 1079 735 nos
1111 691 1266 734 antea
1295 680 1714 748 disputavimus.
1754 673 1968 728 Fierine

394 778 580 846 itaque
608 786 806 845 potest,
841 779 913 828 uti
947 789 1074 843 pars
1105 774 1288 842 aliqua
1318 773 1386 826 ab
1413 772 1605 826 eodem
1639 777 1762 824 satu
1793 769 1968 821 aliena

394 863 556 916 modo
609 864 680 917 sit
714 879 778 917 ac
805 862 1004 916 diaboli
1039 863 1276 931 propria,
1312 861 1476 915 modo
1507 860 1616 914 Deo
1646 858 1969 914 tribuenda?

393 955 498 1008 Sed
541 955 797 1008 nimirum
842 954 1146 1009 incessendi
1199 968 1260 1007 ac
1310 951 1744 1022 reprehendendi
1801 966 1966 1006 causa

392 1049 496 1104 ista
520 1048 799 1100 dicuntur.
838 1046 970 1099 Nam
999 1048 1087 1100 cui
1127 1062 1186 1101 se
1225 1047 1460 1116 quisque
1508 1045 1761 1112 subjicit,
1808 1044 1969 1111 hujus

391 1152 446 1194 et
481 1141 697 1192 actione
721 1147 774 1192 et
798 1137 1088 1207 disciplina
1119 1139 1262 1192 filius
1289 1147 1394 1200 est.
1425 1145 1481 1192 ut
1507 1153 1573 1192 ex
1607 1136 1757 1190 Pauli
1788 1137 1970 1190 verbis

392 1240 622 1301 apparet
649 1250 660 1284 :
698 1231 838 1283 Nam
871 1233 988 1284 licet
1021 1231 1216 1284 multos
1256 1243 1596 1298 prceceptores
1621 1229 1881 1291 habeatis,
1914 1237 1969 1281 at

392 1338 495 1374 non
542 1321 731 1374 multos
761 1331 959 1388 patres.
993 1319 1136 1372 Nam
1163 1323 1215 1374 in
1247 1321 1458 1374 Christo
1497 1319 1626 1372 Iesu
1654 1327 1745 1388 per
1790 1319 1972 1373 Evan-

390 1412 583 1482 gelium
613 1428 703 1480 ego
737 1429 820 1465 vos
854 1412 1016 1480 genui
1042 1412 1080 1463 ⁸.
1117 1409 1216 1465 Ubi
1252 1411 1316 1464 ad
1348 1411 1675 1474 doctrinam,
1712 1418 1769 1462 ut
1796 1408 1968 1472 vides,

393 1505 494 1558 ista
538 1503 821 1557 transfert.
891 1502 953 1555 Et
1009 1503 1228 1572 quidem
1283 1502 1328 1555 si
1386 1501 1754 1554 Abrahamum
1803 1499 1971 1554 Mani-

393 1593 580 1647 clizeus
629 1594 965 1657 admitteret,
1020 1594 1164 1645 liuuc
1208 1593 1384 1662 ipsum
1411 1591 1478 1644 ad
1515 1592 1687 1644 lucem
1724 1599 1973 1660 spectare

392 1686 739 1749 diceremus,
785 1687 987 1740 liberos
1039 1701 1168 1740 vero
1225 1687 1294 1737 ab
1355 1699 1420 1737 eo
1481 1686 1774 1753 productos
1818 1684 1972 1738 alteri

392 1779 780 1832 tribueremus.
831 1775 1316 1830 Verumeniuivero
1351 1777 1426 1828 ita
1485 1789 1607 1829 sese
1652 1789 1742 1830 res
1772 1775 1974 1830 habet:

395 1869 757 1921 imitabantur
803 1865 1132 1922 homicidam
1179 1865 1355 1929 ludar,
1406 1867 1769 1936 proditionem
1796 1867 1974 1934 imita-

394 1959 625 2025 bantur,
657 1961 886 2028 ejusque
912 1959 1242 2012 calumniam
1273 1973 1334 2012 ac
1358 1958 1686 2012 delationem
1717 1957 1974 2012 secundis

394 2051 621 2103 auribus
664 2058 1022 2118 acceperant;
1050 2050 1215 2117 hujus
1248 2050 1302 2103 in
1330 2048 1499 2102 divini
1528 2049 1767 2105 numinis
1807 2051 1976 2104 abne-

394 2139 611 2208 gatione
663 2139 755 2190 lilii
809 2141 1159 2192 exstiterunt.
1231 2138 1324 2193 ille
1361 2139 1508 2192 enim
1560 2139 1791 2192 mendax
1830 2149 1970 2205 erat,

393 2245 518 2282 cum
557 2239 611 2283 et
654 2230 862 2284 loculos
895 2230 1138 2293 haberet,
1172 2240 1227 2284 et
1261 2229 1466 2283 furtum
1498 2232 1883 2294 committeret,
1919 2240 1974 2286 et

394 2319 670 2372 Christum
725 2320 799 2372 ita
849 2321 1112 2373 salutaret
1161 2338 1173 2372 :
1217 2320 1343 2381 Ave,
1412 2318 1634 2374 Rabbi'.
1687 2320 1858 2387 Quam
1904 2323 1974 2375 ob

395 2422 616 2460 causam
643 2409 743 2460 hac
772 2407 981 2461 Domini
1015 2423 1148 2462 voce
1176 2410 1595 2478 reprehenditur
1626 2430 1638 2464 :
1673 2413 1872 2473 Amice,
1903 2411 1970 2464 ad

392 2498 517 2570 quid
545 2499 766 2551 venisti'
787 2499 810 2550 ?
833 2497 1004 2553 Iudas
1030 2515 1157 2552 vero
1201 2499 1430 2553 Cainum
1459 2501 1702 2553 imitatus
1736 2508 1840 2564 est,
1881 2499 1973 2568 qui

392 2596 448 2639 et
477 2587 751 2654 parricida
780 2586 924 2651 -fuit,
959 2596 1013 2640 et
1065 2603 1249 2640 coram
1297 2587 1529 2640 Domino
1576 2589 1834 2641 mentitus
1865 2597 1970 2644 est.

395 2677 539 2732 Nam
596 2688 802 2742 custos,
855 2679 1054 2748 inquit,
1103 2680 1292 2747 fratris
1329 2679 1429 2731 mei
1464 2681 1629 2734 sum?
1678 2681 1850 2732 nescio
1885 2681 1974 2732 ubi

393 2771 535 2824 sit‘.
599 2769 857 2839 Ejusdem
912 2779 966 2825 et
1024 2771 1267 2826 Adamus
1313 2771 1617 2826 imitatione
1659 2771 1800 2826 filius
1847 2774 1971 2836 fuit,

392 2861 524 2914 dum
578 2861 896 2915 mendacem
948 2861 1095 2914 illam
1151 2875 1339 2915 vocem
1391 2863 1663 2931 sequitur,
1713 2877 1836 2932 quae
1876 2879 1973 2932 per

393 2959 698 3020 serpentem
742 2952 814 3004 ita
856 2952 1181 3021 loquebatur
1213 2969 1226 3005 :
1261 2950 1428 3005 Eritis
1456 2953 1594 3005 sicut
1627 2952 1708 3006 dii
1746 2955 1967 3008 scientes

392 3043 585 3095 bonum
633 3053 682 3096 et
719 3042 982 3096 malum'.
1040 3044 1212 3112 Atque
1261 3044 1365 3097 hoc
1404 3045 1578 3112 ipsum
1612 3054 1716 3109 est,
1745 3046 1890 3112 quod
1915 3047 1970 3100 in

395 3134 691 3204 Evangelia
718 3151 747 3188 a
775 3134 1060 3190 Salvatore
1113 3136 1316 3189 dicitur
1356 3133 1488 3190 :Vos
1533 3137 1659 3189 estis
1709 3137 1812 3206 ﬁlii
1851 3137 1973 3191 dia-

394 3225 500 3280 boli
532 3227 572 3279 ⁸³.
646 3225 738 3280 Sic
787 3227 936 3281 enim
993 3228 1284 3297 loquitur:
1319 3227 1511 3284 Nonne
1558 3231 1833 3285 duodecim
1884 3247 1971 3286 vos

390 3319 568 3386 elegi?
611 3327 660 3371 et
695 3334 828 3373 unus
863 3333 927 3372 ex
972 3319 1114 3374 vobis
1153 3329 1230 3373 est
1263 3321 1571 3377 diabolus'.
1605 3324 1875 3389 Quoniam
1909 3325 1974 3377 ab

393 3409 549 3461 initio
576 3410 807 3462 mendax
839 3422 917 3463 est
946 3419 996 3464 et
1039 3410 1326 3476 homicida,
1359 3414 1482 3482 quia
1513 3425 1662 3481 pater
1695 3414 1810 3483 ejus
1833 3431 1978 3468 men-

392 3499 503 3552 dua:
532 3509 646 3554 erat
675 3501 717 3556 ⁸.
747 3500 866 3566 Qua
910 3503 1122 3556 ratione
1161 3501 1443 3557 Manicliaei
1473 3505 1700 3573 quaestio
1725 3503 1978 3560 dissolvi-

396 3598 520 3654 tur;
578 3604 686 3644 uon
735 3591 880 3643 enim
929 3589 1134 3643 diaboli
1174 3591 1392 3658 proprie
1436 3590 1531 3645 lilii
1574 3601 1734 3645 erant
1784 3589 1974 3646 ludati.

400 3682 552 3734 Absit
602 3689 662 3734 at
709 3681 759 3734 i'd
799 3697 924 3735 esse
969 3682 1278 3746 credamus.
1326 3681 1536 3752 Quippe
1579 3699 1701 3738 cum
1741 3681 1979 3736 Samari-

397 3781 525 3825 tana
571 3773 769 3826 mulier
791 3773 1024 3840 ‘Christo
1070 3772 1302 3829 Domino
1347 3773 1578 3830 dixisset
1611 3795 1623 3830 :
1658 3776 1762 3830 Hic
1796 3779 1850 3831 in
1874 3779 1978 3832 isto

400 3871 578 3915 monte
601 3861 958 3916 adorat-erunt
988 3867 1166 3932 patres
1199 3866 1399 3928 nostri;
1439 3882 1528 3920 vos
1579 3876 1754 3920 autem
1799 3867 1977 3923 dicitis

401 3953 787 4025 Hierosolymis
823 3973 934 4011 esse
977 3957 1172 4021 locum,
1209 3957 1297 4010 ubi
1331 3968 1535 4027 oportet
1561 3959 1822 4022 adorare;
1854 3970 1977 4031 post

397 4048 566 4102 multa
630 4048 880 4103 Salvator
940 4050 1043 4104 ista
1093 4051 1360 4118 subjecit:
1397 4053 1528 4118 Quae
1567 4055 1764 4108 scimus
1807 4055 1979 4124 loqui-

400 4155 537 4200 mur,
584 4140 708 4206 quia
755 4139 899 4192 salus
938 4157 1001 4193 ea:
1037 4137 1242 4196 Iudicis
1275 4151 1352 4196 est
1381 4145 1425 4199 °.
1479 4143 1579 4198 Cui
1624 4155 1679 4199 et
1727 4147 1963 4214 Aposto-

398 4230 484 4284 lus
507 4232 779 4284 consentit
811 4232 893 4285 his
923 4233 1102 4287 verbis
1133 4252 1145 4286 :
1190 4234 1452 4300 Quoniam
1477 4251 1541 4289 ea:
1557 4234 1703 4289 Juda
1727 4245 1875 4289 ortus
1897 4245 1974 4290 est

398 4320 659 4375 Dominus
688 4322 752 4374 ‘°.
796 4320 902 4375 Sed
935 4324 1090 4392 plura
1141 4323 1208 4377 ad
1248 4339 1370 4378 eam
1412 4340 1524 4380 rem
1559 4327 1822 4396 disputari
1847 4341 1976 4397 pos-

397 4418 552 4474 sunt,
585 4409 786 4478 quibus
811 4411 945 4466 falsa
974 4413 1124 4466 illius
1162 4414 1346 4482 Opinio
1374 4414 1675 4469 refellatur.

653 4497 830 4556 LXIV.
851 4502 918 4555 At
937 4503 1080 4556 enim
1108 4505 1479 4572 euangelicum
1508 4505 1641 4559 illud
1661 4506 1868 4561 dictum
1895 4523 1978 4562 ar-

2068 671 2123 723 δὲ
2165 671 2256 723 καὶ
2307 670 2418 724 ἄνω
2457 665 2838 738 διηγησάμεθα
2869 663 2997 734 πῳὶ
3034 661 3247 714 τούτου.
3292 657 3415 722 Πῶς
3447 653 3538 712 οὖν
3582 656 3644 710 τὸ

2073 765 2238 836 μέρος
2279 763 2373 816 τοῦ
2421 761 2586 814 αὑτοῦ
2636 760 2952 830 σπέρματος
2984 757 3137 809 ἔσται
3174 753 3304 806 ποτὲ
3350 753 3447 822 μὲν
3486 751 3642 804 ἀλλό-

2065 875 2213 929 τριον
2239 857 2333 910 καὶ
2363 855 2458 909 τοῦ
2491 853 2763 915 διαϐόλου,
2821 853 2952 904 ποτε
2979 850 3037 902 δὲ
3075 848 3238 919 μέρος
3279 845 3449 911 Θειοῦς
3487 844 3647 898 Ἀλλὰ

2067 944 2224 998 τοῦτο
2277 943 2695 1014 ἐγκληματικῶς
2741 942 3028 1010 διηγεῖται.
3057 932 3127 1008 ’ᾯ
3178 937 3288 1008 γάρ
3324 953 3408 998 τις
3456 934 3644 988 ἑαυτὸν

2069 1034 2386 1097 ὑποτάσσει,
2446 1032 2635 1085 τούτου
2694 1030 2878 1092 δοῦλος
2907 1031 2948 1060 ¹¹
2994 1028 3295 1096 τυγχάνει,
3350 1024 3491 1078 κατὰ
3547 1025 3645 1092 τὴν

2068 1126 2350 1197 ὲνέργειάν
2399 1142 2459 1177 τε
2521 1123 2617 1177 καὶ
2681 1119 3052 1180 διδασκαλίαν,
3099 1119 3175 1180 ὡς
3229 1119 3320 1170 καὶ
3360 1118 3388 1169 ὁ
3437 1114 3646 1176 Παῦλός

2071 1236 2232 1289 φησι·
2264 1221 2332 1272 Ei
2377 1217 2487 1288 γὰρ
2535 1215 2631 1269 καὶ
2682 1212 2953 1278 πολλοὺς
2997 1208 3408 1274 διδασκάλους
3456 1207 3644 1274 ἔχετε,

2070 1310 2205 1363 ἀλλ’
2244 1311 2316 1362 οὐ
2358 1306 2630 1370 πολλοὺς
2671 1303 2950 1370 πατέρας.
2989 1303 3092 1354 Ἐν
3122 1299 3232 1369 γὰρ
3277 1295 3507 1366 Χριστῷ
3548 1298 3648 1360 Ἰη-

2070 1400 2326 1460 coacta
2372 1400 2480 1454 τοῦ
2532 1398 2903 1466 Eiram-sliat)
2956 1395 3070 1463 ἐγὼ
3119 1391 3275 1462 ὑμᾶς
3325 1391 3646 1460 ἐγέννησα.

2071 1494 2182 1546 Kal
2208 1494 2358 1563 ὁρᾷς.
2385 1493 2466 1544 ὅτι
2514 1491 2613 1560 τὴν
2646 1488 2995 1542 διδασκαλίαν
3041 1485 3219 1552 λέγει;
3252 1483 3362 1537 Kal
3393 1485 3441 1534 εἰ
3493 1482 3592 1552 μὲν
3620 1483 3650 1534 ό

2072 1585 2265 1654 Μάνης
2309 1583 2520 1652 ἐδέχετο
2565 1581 2658 1634 τὸν
2693 1581 2971 1652 Ἀϐραὰμ,
3006 1578 3264 1647 ἐλέγομεν
3313 1577 3378 1628 ἂν
3409 1575 3500 1627 τὸν
3552 1574 3650 1643 μὲν

2079 1675 2335 1746 ,Ἀϐραὰμ
2382 1673 2475 1725 τοῦ
2523 1672 2659 1724 Θεοῦ
2693 1671 2789 1724 τοῦ
2845 1671 3056 1739 φωτὸς,
3104 1669 3232 1730 τοὺς
3275 1667 3331 1720 δὲ
3365 1667 3455 1718 ὑπ’
3487 1664 3646 1718 αὑτοῦ

2073 1766 2508 1836 γεγεννημένους
2535 1765 2696 1818 ἄλλου
2717 1781 2728 1793 ·
2760 1765 2792 1834 ἡ
2829 1763 2885 1815 δὲ
2918 1760 3172 1823 ὑπόθεσις
3202 1759 3388 1812 τοῦτον
3417 1757 3529 1828 εχει
3560 1756 3649 1808 τὸν

2074 1858 2303 1930 τρόπον·
2351 1857 2648 1928 ἐμιμοῦντο
2686 1855 2777 1907 τὸν
2838 1853 3025 1922 φονέα,
3067 1851 3364 1921 ἐμιμοῦντο
3408 1851 3506 1919 τὴν
3546 1855 3651 1901 πα-

2006 1931 2047 1985 Β
2080 1951 2294 2023 ράδοσιν
2338 1949 2432 2001 τοῦ
2471 1948 2669 2010 Ἰούδα,
2717 1946 3072 2013 κατεδέξαντο
3118 1945 3216 2014 τὴν
3263 1942 3514 2011 διαϐολὴν
3555 1940 3648 1994 τοῦ

2077 2043 2366 2113 προδότου·
2405 2042 2511 2094 υἱοὶ
2556 2040 2810 2109 γεγόνασι
2858 2041 2956 2110 τῆς
2989 2038 3151 2092 αὑτοῦ
3207 2036 3646 2108 ὲπαρνησιθεϊας.

2073 2133 2521 2202 Αύτὸςοψεύστης
2572 2132 2804 2199 ἐγένετο,
2833 2131 2892 2183 τὸ
2929 2130 3317 2198 γλωσσόκομον
3382 2127 3648 2196 κατέχων,

2074 2226 2170 2277 καὶ
2207 2224 2475 2285 κλέπτων,
2513 2225 2605 2275 καὶ
2634 2223 2805 2290 λέγων
2834 2221 3012 2290 αὐτῷ·
3047 2219 3242 2287 Χαῖρε,
3282 2218 3499 2271 Ῥαϐϐἰ.
3545 2217 3653 2269 Καὶ

2074 2317 2424 2385 ἐλεγχόμενος
2477 2315 2571 2366 καὶ
2630 2313 2876 2366 ἁκούων·
2919 2311 3178 2379 Ἑταῖρε,
3229 2310 3320 2379 ἐφ’
3353 2303 3402 2374 ᾧ
3441 2307 3649 2377 πάρει,

2071 2405 2224 2472 οὗτος
2255 2411 2282 2461 6
2319 2407 2516 2470 Ἰούδας
2548 2407 2859 2478 ἐμιμήσατο
2897 2405 2987 2458 τὸν
3021 2405 3182 2466 Κόιῖν,
3229 2403 3416 2472 ἐπειδὴ
3447 2401 3654 2472 ἀνθρω-

2074 2503 2333 2562 ποκτόνος
2377 2501 2615 2568 ἐγένετο,
2650 2498 2980 2568 ψευδόμενος
3026 2496 3262 2549 ἐναντίον
3303 2495 3395 2547 τοῦ
3426 2493 3650 2564 Κυρίου,

2073 2594 2167 2648 καὶ
2209 2593 2418 2660 λέγων·
2469 2590 2563 2658 Μὴ
2617 2589 2820 2658 φύλαξ
2867 2589 2983 2657 εἰμὶ
3035 2586 3144 2640 τοῦ
3193 2585 3654 2662 ἁδελφοῦμοω

2071 2687 2181 2738 οὐκ
2213 2681 2345 2737 οἶδα
2393 2681 2510 2734 ποῦ
2548 2680 2704 2733 ἐστι.
2733 2680 2843 2732 Kal
2879 2678 3040 2740 αὐτὸς
3073 2677 3213 2730 κατὰ
3265 2675 3496 2747 μίμησιν
3543 2675 3657 2736 υἱὸς

2073 2776 2385 2846 γεγένηται.
2420 2774 2514 2826 καὶ
2545 2770 2970 2841 καταθεωρήσας
2997 2770 3098 2839 τῆς
3130 2772 3186 2822 ὲν
3215 2768 3292 2838 τῷ
3327 2768 3450 2836 ὄφει
3493 2766 3656 2836 λαλη-

2074 2868 2242 2936 σάσης
2295 2864 2627 2935 ψευδηγόρου
2685 2863 2868 2932 φωνῆς
2917 2862 3017 2932 τῆς
3059 2860 3360 2930 λεγούσης·
3403 2861 3658 2912 Ἔσεσθε

2071 2959 2151 3023 ὡς
2179 2957 2319 3021 θεοὶ,
2353 2955 2750 3026 γινώσκοντες
2792 2952 2984 3006 καλὸν
3017 2953 3116 3006 καὶ
3175 2950 3472 3018 πονηρόν·
3504 2966 3659 3004 τουτ-

2072 3048 2188 3101 έστι
2216 3048 2277 3100 τὸ
2317 3049 2374 3099 ὲν
2417 3046 2493 3116 τῷ
2525 3044 2840 3115 Εὑαγγελίῳ
2882 3043 3033 3115 παρὰ
3071 3042 3166 3096 τοῦ
3205 3044 3456 3112 Σωτῆρος
3503 3044 3657 3113 εἰρη-

2077 3142 2259 3212 μένον·
2304 3139 2486 3208 Ὑμεῖς
2518 3140 2635 3194 υἱοί
2665 3140 2804 3192 ἐστε
2831 3137 2938 3192 τοῦ
2967 3137 3272 3191 διαϐόλου.
3299 3137 3463 3204 Λέγει
3493 3137 3603 3206 γάρ
3639 3154 3655 3168 ·

2081 3233 2227 3301 Οὐχὶ
2279 3230 2508 3284 δώδεκα
2562 3229 2719 3298 ὑμᾶς
2758 3227 3169 3297 ἐξελεξάμην;
3221 3221 3310 3293 εἷς
3363 3227 3432 3290 ἐξ
3489 3225 3659 3295 ὑμῶν
3753 3260 3763 3270 .

2076 3326 2206 3378 ἐστι
2241 3322 2537 3387 διάϐολος.
2579 3320 2813 3387 Ἐπειδὴ
2864 3319 3143 3388 ἀπαρχῆς
3189 3320 3463 3388 ψεύστης
3502 3319 3655 3382 ἐστὶ,

2078 3417 2176 3470 καὶ
2208 3417 2700 3484 ἀνθρωποκτόνος
2722 3427 2737 3442 ·
2772 3413 2861 3466 ὅτι
2891 3414 2923 3466 ὁ
2952 3412 3147 3479 πατὴρ
3186 3411 3369 3465 αὐτοῦ
3387 3411 3660 3478 ψεύστης

2076 3505 2173 3579 ἦν.
2207 3508 2316 3562 Kal
2349 3507 2564 3560 λέλυται
2594 3508 2627 3576 ἡ
2658 3504 2849 3559 τούτου
2885 3502 3133 3576 ζήτησις.
3165 3503 3241 3558 Οὐ
3276 3503 3382 3574 γὰρ
3422 3501 3517 3554 τοῦ
3548 3501 3660 3554 δια-

2079 3599 2232 3652 ϐόλου
2284 3593 2423 3665 ἦσαν
2469 3596 2635 3649 τέκνα
2685 3596 2734 3646 οἱ
2775 3594 3042 3647 Ἰουδαῖοι·
3077 3594 3152 3665 μὴ
3208 3592 3448 3660 γένοιτοι
3493 3591 3658 3658 Λέγει

2078 3691 2188 3762 γὰρ
2233 3692 2266 3761 ἡ
2320 3691 2652 3759 Σαμαρεῖτις
2699 3688 2838 3758 πρὸς
2880 3687 2974 3739 τὸν
3023 3687 3272 3755 Σωτῆρα,
3306 3685 3388 3736 ὅτι
3417 3679 3556 3736 Ὧδε
3591 3684 3660 3736 ὲν

2079 3779 2156 3844 τῷ
2189 3779 2308 3846 ὄρει
2340 3780 2529 3843 τούτῳ
2571 3777 3044 3843 προσεκύνησαν
3076 3777 3131 3826 οἱ
3168 3773 3424 3841 πατέρες
3458 3771 3658 3841 ἡμῶν·

2077 3871 2177 3924 καὶ
2205 3869 2373 3938 ὑμεῖς
2412 3869 2480 3922 δὲ
2510 3868 2746 3937 λέγετε,
2792 3867 2882 3919 ὅτι
2913 3867 2984 3919 ἑν
3015 3867 3450 3934 Ἰεροσολύμοις
3487 3865 3660 3918 ἐστὶν

2077 3967 2110 4016 ὀ
2138 3964 2336 4028 τόπος,
2373 3961 2525 4014 ὅπου
2557 3961 2653 4014 δεῖ
2684 3960 3072 4027 προσκυνεῖν.
3119 3955 3252 4011 Εἶτα
3303 3957 3440 4028 μετὰ
3488 3957 3660 4010 πολλὰ

2077 4055 2106 4106 ὁ
2135 4053 2324 4122 Σωτὴρ
2369 4053 2505 4122 αὐτῇ
2555 4051 2682 4122 ἔφη,
2723 4047 2821 4104 ὅτι
2841 4053 2901 4105 Ἃ
2931 4050 3180 4119 οἴδαμεν
3211 4048 3540 4118 λαλοῦμεν,
3569 4049 3658 4102 ὅτι

2078 4146 2115 4212 ἡ
2149 4143 2410 4211 σωτηρία
2447 4144 2516 4196 ἐκ
2562 4143 2681 4196 τῶν
2715 4142 3012 4196 Ἰουδαίων
3061 4141 3219 4195 ἐστί.
3270 4142 3381 4194 Kal
3428 4140 3589 4194 πάλιν
3630 4143 3659 4194 ό

2090 4234 2432 4296 Ἀπόστολος·
2472 4232 2687 4302 Δῆλον,
2716 4233 2808 4286 ὅτι
2845 4233 2915 4296 ἐξ
2963 4232 3151 4286 Ἰούδα
3184 4230 3593 4286 ἀνατέταλκεν
3626 4232 3659 4283 ὁ

2076 4327 2310 4392 Κύριος.
2358 4326 2466 4378 Kal
2520 4323 2689 4376 πολλὰ
2737 4322 2851 4374 ἔστι
2904 4323 3032 4392 περὶ
3083 4321 3276 4374 τούτου
3315 4319 3515 4388 λέγειν,
3565 4319 3658 4371 καὶ

2077 4418 2317 4486 ἐλέγχειν
2347 4417 2446 4488 τὴν
2477 4416 2686 4484 πλάνην
2715 4415 2930 4468 τούτου.

2145 4509 2257 4562 ΞΝ.
2287 4510 2453 4562 Πάλιν
2481 4509 2538 4562 δὲ
2572 4507 3001 4578 ἐπιλαμϐάνεται
3033 4506 3132 4576 τῆς
3177 4504 3376 4570 λέξεως
3423 4505 3654 4576 ταύτης,

397 4593 554 4660 ripit:
577 4591 641 4645 Et
661 4595 752 4645 tua:
766 4595 816 4646 in
839 4594 1060 4648 tenebris
1085 4595 1240 4658 lucet,
1264 4606 1314 4648 et
1341 4596 1561 4651 tenebras
1583 4609 1698 4650 eam
1715 4613 1817 4651 non
1833 4616 1973 4652 com-

2079 4603 2161 4657 ὅτι
2197 4603 2266 4655 Τὸ
2305 4601 2430 4670 φῶς
2473 4601 2544 4654 ἐν
2587 4600 2661 4668 τῇ
2707 4600 2923 4666 σκοτίᾳ
2959 4599 3187 4667 φαίνει,
3225 4598 3323 4650 καὶ
3369 4597 3407 4662 ἡ
3446 4598 3661 4650 σκοτία

397 4685 782 4753 prehenderunt
809 4689 874 4738 ¹¹.
899 4685 1164 4740 Tenebra:
1204 4687 1370 4751 enim,
1417 4689 1612 4756 inquit,
1647 4689 1821 4742 lucem
1857 4704 1977 4758 per-

400 4785 602 4832 secutae
643 4786 792 4837 sunt,
827 4777 970 4846 quod
1007 4778 1132 4831 mali
1165 4779 1438 4848 principes
1476 4779 1813 4834 divinitatem
1849 4790 1976 4836 sunt

402 4867 680 4922 hostiliter
740 4869 999 4922 insecuti.
1047 4867 1212 4938 Atqui
1250 4871 1294 4922 si
1338 4871 1426 4922 lux
1470 4885 1500 4923 a
1549 4872 1790 4926 tenebris
1832 4873 1976 4927 bello

403 4960 644 5028 appetita
674 4959 998 5014 invadentes
1015 4959 1178 5028 fugit,
1211 4961 1467 5016 fortiores
1492 4971 1656 5016 erunt
1679 4965 1799 5018 luce
1823 4973 1976 5020 tene-

402 5051 534 5113 brae,
567 5063 692 5103 cum
721 5051 901 5103 abhis
935 5051 1027 5102 illa
1055 5059 1312 5121 tanquam
1358 5056 1749 5112 valentioribus
1793 5057 1974 5127 iugata

403 5152 551 5197 stare
576 5151 768 5195 contra
793 5147 845 5194 et
883 5156 1149 5211 apparere
1179 5161 1285 5197 non
1315 5145 1531 5200 audeat.
1567 5146 1764 5201 Verum
1818 5150 1977 5218 longe

401 5247 464 5286 se
489 5233 644 5285 aliter
675 5247 763 5286 res
799 5233 981 5288 habet.
1009 5237 1195 5303 Neque
1228 5239 1371 5289 enim
1410 5239 1498 5291 lux
1537 5241 1786 5295 tenebras
1817 5241 1973 5312 fugit,

403 5323 500 5378 sed
537 5324 673 5377 lucet
708 5326 762 5378 in
796 5324 1039 5388 tenebris,
1088 5335 1138 5380 et
1180 5329 1400 5382 tenebrte
1440 5347 1554 5384 eam
1593 5349 1695 5386 non
1739 5347 1977 5403 compre-

405 5414 714 5468 henderunt.
741 5416 899 5482 Quod
935 5421 982 5473 si
1023 5420 1097 5472 ita
1161 5430 1264 5483 est,
1309 5422 1468 5485 longe
1501 5425 1602 5477 hoc
1632 5441 1659 5477 a
1694 5419 1978 5480 Manichmi

405 5508 680 5563 sententia
729 5509 983 5574 dissidet,
1028 5512 1120 5580 qui
1165 5528 1273 5565 non
1309 5513 1471 5568 modo
1499 5511 1978 5586 comprehendisse

481 5736 548 5789 ‘l
588 5736 713 5791 Cor.
755 5755 826 5803 Iv,
864 5741 948 5794 15.
1097 5742 1116 5771 ⁸
1156 5741 1342 5794 Matth.
1391 5759 1537 5802 nrt,
1575 5743 1659 5798 £9.

407 5805 527 5876 4i.“
608 5809 627 5838 ⁷
681 5807 836 5864 Joan.
893 5825 980 5874 vr,
1020 5810 1105 5865 70.
1219 5809 1428 5866 ‘Joan.
1489 5829 1621 5876 νιιι,
1674 5816 1759 5869 Η.

411 5879 458 5913 ⁸³
486 5873 547 5931 F.
587 5878 720 5941 υἱός.

1774 5745 1792 5776 ³
1829 5747 1958 5800 ibid.
1998 5747 2086 5800 50.

1875 5821 1892 5848 ³³
1953 5815 2109 5870 Joan.
2173 5833 2262 5881 v1,
2328 5820 2416 5868 ‘22.

2081 4695 2228 4748 αὐτὸ
2266 4697 2337 4748 οὐ
2371 4693 2718 4747 κατέλαϐεν.
2748 4693 2902 4754 Ὅτι,
2953 4690 3136 4761 φησιν,
3178 4689 3366 4744 ἐδίωκε
3399 4690 3460 4741 τὸ
3512 4690 3657 4757 φῶς,

2081 4788 2156 4850 ὡς
2209 4787 2317 4839 τῶν
2356 4785 2608 4857 πονηρῶν
2676 4785 2950 4855 ἀρχόντων
2991 4783 3294 4836 διωκόντων
3360 4784 3453 4837 καὶ
3498 4783 3658 4837 πολε-

2087 4879 2328 4950 μούντων
2371 4878 2466 4949 τὴν
2501 4877 2748 4948 θεότητα.
2785 4877 2846 4928 Εξ
2893 4877 2951 4929 δὲ
2997 4874 3398 4944 πολεμούμενον
3439 4875 3499 4928 τὸ
3546 4876 3660 4944 φῶς

2082 4970 2337 5024 διώκεται
2373 4969 2477 5021 ὑπὸ
2523 4967 2616 5019 τοῦ
2669 4966 2923 5028 σκότους,
2971 4963 3080 5036 ἄρα
3132 4963 3498 5035 δυνατώτερόν
3544 4965 3658 5017 ἐστι

2081 5062 2178 5116 τοῦ
2230 5060 2407 5130 φωτὸς
2455 5060 2515 5111 τὸ
2568 5059 2792 5120 σκότος·
2859 5054 3045 5124 ἐπειδὴ
3102 5052 3488 5124 ἀποδιδράσκει
3553 5055 3659 5108 ἀπὸ

2083 5151 2372 5222 προσώπου
2407 5150 2497 5203 τοῦ
2544 5149 2799 5211 σκότους,
2841 5149 2934 5201 καὶ
2984 5148 3080 5217 οὐχ
3136 5147 3425 5216 ὑφίσταται
3470 5147 3658 5216 στῆναι

2086 5243 2454 5313 ἰνδαλλόμενον
2498 5241 2585 5293 διὰ
2614 5242 2674 5293 τὸ
2718 5238 3086 5308 δυνατώτερον
3129 5239 3336 5301 σκότος.
3388 5237 3526 5291 Ἀλλ’
3561 5239 3658 5308 οὐχ

2082 5335 2254 5398 οὕτως
2287 5334 2419 5402 ἔχει.
2467 5334 2602 5386 Οὐδὲ
2634 5331 2743 5403 γὰρ
2773 5332 2833 5384 τὸ
2865 5329 2979 5396 φῶς
3028 5330 3218 5399 φεύγει
3268 5329 3658 5400 ἀπέμπροσθεν

2081 5428 2172 5481 τοῦ
2220 5427 2470 5487 σκότους,
2507 5424 2667 5478 ἀλλὰ
2699 5423 2765 5476 τὸ
2798 5421 2924 5492 φῶς
2963 5423 3033 5475 ὲν
3067 5420 3141 5489 τῇ
3181 5422 3394 5487 σκοτίᾳ
3427 5422 3658 5488 φαίνει,

2082 5519 2182 5572 καὶ
2216 5520 2253 5586 ὴ
2303 5516 2520 5570 σκοτία
2557 5515 2700 5568 αὐτὸ
2743 5517 2816 5569 οὺ
2870 5514 3218 5568 κατέλαϐεν.
3266 5513 3328 5565 Ei
3374 5511 3430 5566 δὲ
3471 5512 3659 5564 σκοτία

2202 5746 2222 5778 ⁵
2253 5745 2387 5800 Gen.
2449 5762 2519 5808 tv,
2564 5745 2614 5795 9.
2727 5743 2748 5774 ⁸
2778 5741 2910 5794 Gen.
2972 5756 3051 5801 ιιι,
3097 5740 3148 5793 5.

3279 5739 3298 5768 ⁶
3324 5735 3482 5789 Jnan.
3537 5747 3654 5790 \‘tn,

2553 5815 2594 5845 ¹⁰
2655 5811 2818 5866 Hebr.
2873 5827 2982 5873 vn,
3048 5810 3131 5863 Η,
3250 5806 3463 5862 “luan.
3505 5821 3560 5867 ι,
3599 5803 3632 5858 ὅ

3250 5806 3463 5862 ³³]υιιιι.
3505 5821 3560 5867 t,
3599 5802 3656 5858 ὅ.
