4076 6392
423 290 534 345 εὲὓ

1100 289 1472 347 ADVERSUS
1510 290 1854 347 lleRESES
1894 288 1989 346 ΜΠ

2091 292 2127 348 Ι.
2168 290 2334 346 TOM.
2376 290 2802 349 IL—IIASRES.
2845 295 3029 351 LXVI.

3601 305 3702 361 £30

418 409 483 463 οὐ
522 406 787 462 κατέλαϐε
821 407 884 462 τὸ
925 409 1072 477 φῶς,
1119 385 1255 464 πολῦ
1303 411 1464 466 τοῦτο
1512 412 1817 467 διαλλάττει
1866 431 1989 486 παρέ

2120 414 2379 469 tenebras
2422 423 2632 477 narrat,
2666 416 2761 470 sed
2797 425 2852 471 et
2875 416 3016 474 lucis
3050 426 3384 474 armaturam
3426 422 3695 489 rapuisse.

416 502 516 553 τὸν
555 499 683 554 νοῦν
707 500 800 555 τοῦ
835 502 1017 573 Μάνη,
1059 500 1153 555 τοῦ
1188 503 1459 572 λέγοντος,
1488 505 1570 557 ὅτι
1597 505 1658 557 οὐ
1691 504 1852 575 μόνον
1883 522 2015 558 κατ-

2120 503 2408 572 Quomodo
2452 507 2622 578 igitur
2662 524 2788 578 quas
2820 516 3159 564 armaturam
3202 511 3450 580 rapuisse
3505 512 3701 581 praedi-

418 592 667 661 είληφεν,
717 591 853 645 ἀλλὰ
902 594 996 647 καὶ
1058 595 1364 649 πανοπλίαν
1423 595 1554 667 παρ’
1600 595 1766 650 αὑτοῦ
1821 598 1989 668 ἀφήρ-

2119 603 2339 657 cantur,
2394 597 2574 651 lucem
2634 598 3098 668 comprehendere
3146 600 3297 655 nullo
3325 600 3488 655 modo
3508 610 3699 671 potueo

417 698 589 736 πασε.
637 682 761 746 Πῶς
802 685 984 739 τοίνυν
1019 687 1149 754 παρ’
1179 686 1330 756 αὐτῷ
1363 687 1866 758 καταγγελλόμενον
1908 690 2008 760 ἠρ-

416 774 659 827 ⁸αάκέναι
678 774 982 828 πανοπλίαν
996 775 1103 828 οὐδ’
1120 775 1258 840 ὅλως
1275 776 1543 831 κατέλαϐε
1556 778 1618 830 τὸ
1641 779 1754 848 φῶς
1774 796 1788 845 ;
1811 778 1935 843 Πῶς
1953 779 2011 832 δὲ

415 865 537 933 φῶς
564 866 895 937 διωκόμενον
917 866 1369 939 αὑτοπροαιρέσει
1393 869 1572 938 φαίνει
1598 872 1656 923 ὲν
1682 870 1761 942 τῷ
1790 872 2007 937 σκότεις

425 957 569 1010 Ἀλλ’
598 956 786 1027 ἐπειδὴ
826 958 1209 1027 ἐσκοτισμέναι
1244 956 1387 1032 ἦσαν
1424 962 1482 1015 ai
1519 961 1748 1016 διάνοιαι
1778 962 1887 1016 τῶν
1915 965 2008 1018 ἀν-

412 1048 653 1121 θρώπων
684 1048 773 1103 διὰ
797 1048 898 1122 τὴν
938 1050 1167 1106 θόλωσιν
1206 1054 1306 1125 τῆς
1339 1054 1649 1124 ἁμαρτίας,
1688 1057 2006 1111 ἀπέστειλεν

413 1141 444 1191 ό
475 1139 611 1203 Θεὸς
664 1139 881 1212 πρῶτον
923 1140 1015 1195 τὸν
1065 1141 1249 1212 νόμον,
1295 1143 1548 1212 φωτίζων
1594 1146 1671 1211 ὡς
1717 1149 1776 1202 ὲν
1824 1147 2005 1220 λύχνῳ

412 1230 843 1301 παραφαίνοντι·
879 1232 957 1296 ὥς
993 1250 1159 1306 φησιν
1212 1236 1418 1307 Πέτρος
1468 1238 1526 1290 ἐν
1571 1241 1637 1311 τῇ
1675 1241 1998 1313 Ἐπιστολῇ⁶

297 1330 305 1335 “
413 1325 829 1395 Προσέχοντες
884 1324 967 1391 τῷ
1021 1327 1365 1396 προφητικῷ
1420 1332 1603 1401 λόγῳ,
1653 1333 1737 1399 ὡς
1795 1336 2003 1404 λύχνῳ

410 1418 689 1484 φαίνοντι
728 1418 800 1471 ἐν
830 1417 1118 1488 αὐχμηρῷ
1145 1421 1327 1486 τόπῳ,
1370 1421 1483 1489 ἕως
1515 1426 1835 1494 φωσφόρος
1865 1428 2004 1481 ἀνα-

410 1509 615 1577 τείλῃ,
668 1509 767 1563 καί
813 1510 1003 1577 ἡμέρα
1056 1513 1411 1585 καταυγὰσῃ
1446 1515 1517 1567 ἐν
1562 1515 1693 1580 ταῖς
1730 1517 2001 1585 καρδίαις

408 1597 599 1667 ὑμῶν.
636 1598 876 1652 Ἐκεῖθεν
922 1601 1032 1672 γὰρ
1066 1601 1128 1655 τὸ
1161 1601 1278 1671 φῶς
1316 1606 1374 1656 ἐν
1405 1603 1484 1675 τῷ
1512 1605 1693 1659 σκότει
1735 1608 1936 1676 φαίνει,
1956 1602 1999 1663 ό

408 1690 576 1760 νόμος
602 1690 776 1756 δοθεὶς
818 1694 879 1745 ὲν
920 1694 1062 1765 χειρὶ
1106 1694 1327 1764 μεσίτου
1356 1695 1445 1750 διὰ
1482 1697 1578 1751 τοῦ
1608 1698 1804 1752 πιστοῦ
1836 1699 1998 1772 θερά-

2118 681 2290 735 runt?
2318 680 2570 749 Quonam
2593 685 2791 739 deinde
2812 694 2971 755 pacto
2998 685 3182 758 fugata
3209 689 3302 743 lux
3331 705 3431 744 sua
3464 691 3518 744 in
3548 700 3700 747 teneo.

2116 772 2232 828 bris
2283 782 2479 844 sponte
2527 777 2889 846 resplendet?
2926 777 3072 849 Ergo
3118 780 3196 834 ita
3238 797 3304 836 ex
3342 782 3420 836 rei
3469 783 3699 841 veritate

2115 872 2291 918 totum
2337 867 2471 921 illud
2509 868 2888 939 accipiendum
2914 878 3020 925 est.
3051 871 3188 926 Cum
3221 875 3435 942 peccati
3463 875 3700 946 caligine

2114 952 2405 1032 obcacatze
2427 965 2639 1013 mentes
2664 957 2950 1012 hominum
2969 958 3170 1024 forent,
3195 963 3467 1033 pnincipio
3497 964 3580 1019 lex
3612 972 3699 1029 est

2110 1055 2141 1097 ι
2161 1041 2272 1098 Deo
2289 1044 2481 1110 missa,
2495 1063 2621 1117 qua,
2639 1049 2785 1103 velut
2804 1050 3018 1105 sublata
3043 1051 3290 1113 lucerna,
3310 1056 3692 1115 collustraret:

2111 1135 2260 1203 quod
2300 1136 2356 1190 in
2403 1136 2650 1207 Epistola
2695 1156 2793 1195 sua
2833 1139 3034 1198 Petrus
3083 1142 3293 1199 indicat
3340 1145 3426 1200 bis
3459 1148 3691 1211 verbis:

2110 1227 2447 1284 Attendentes
2494 1232 2800 1301 prophetico
2846 1236 3101 1299 sermoni,
3154 1245 3409 1306 tanquam
3464 1239 3694 1298 lacerate

2112 1318 2305 1373 lucenti
2331 1321 2388 1373 in
2422 1322 2714 1393 caliginoso
2739 1324 2874 1390 loco,
2917 1325 3081 1380 donec
3117 1324 3334 1397 Lucifer
3369 1330 3604 1391 oriatur,
3639 1339 3693 1391 et

2108 1410 2221 1464 dies
2245 1411 2519 1467 illucescat
2558 1416 2612 1493 in
2650 1415 2896 1470 cordibus
2944 1419 3127 1473 vestris
3156 1419 3194 1470 ¹.
3246 1420 3405 1479 Illinc
3432 1436 3565 1491 ergo
3597 1425 3689 1487 lux

2109 1502 2165 1558 in
2197 1505 2440 1561 tenebris
2483 1507 2664 1563 lucet:
2692 1510 2950 1564 nimirum
2996 1511 3100 1577 lex,
3147 1528 3269 1583 quae
3298 1530 3395 1584 per
3419 1514 3688 1585 interpre-

2107 1600 2215 1649 tem
2255 1610 2320 1649 ac
2357 1607 2722 1666 sequestrem,
2769 1600 2875 1654 hoc
2917 1610 3004 1663 est
3053 1602 3266 1659 ﬁdelem
3328 1604 3424 1661 Dei
3463 1622 3686 1670 sertum

2106 1685 2371 1759 Moysem,
2405 1697 2491 1745 est
2531 1694 2872 1763 praescripta.
2920 1695 2998 1749 Ac
3046 1697 3423 1767 superioribus
3466 1700 3688 1769 quidem

408 1796 606 1844 πόντος
637 1781 732 1835 τοῦ
767 1782 906 1837 Θεοῦ
951 1785 1253 1851 Μωῦσέως.
1283 1786 1383 1840 Διὰ
1434 1787 1612 1854 τοῦτο,
1659 1791 1846 1863 ἐπειδὴ
1892 1791 1989 1846 ἀπὶ

2101 1775 2448 1843 temporibus
2506 1779 2603 1833 lux
2653 1781 2832 1850 primo
2885 1784 3133 1852 quaedam
3184 1785 3242 1841 in
3286 1795 3498 1843 natura;
3542 1790 3684 1859 lege,

402 1870 519 1924 τῶν
568 1874 834 1928 ἀνέκαθεν
897 1875 1113 1948 πρῶτον
1150 1873 1228 1951 ,ἦν
1278 1878 1341 1932 τὸ
1382 1879 1498 1949 φῶς
1551 1883 1760 1949 φαῖνον,
1810 1882 1998 1955 ὥσπερ

404 1966 647 2038 σπινθὴρ
679 1968 740 2020 ὲν
767 1967 844 2039 τῷ
876 1968 1028 2041 νόμῳ
1074 1969 1154 2040 τῷ
1202 1970 1346 2026 κατὰ
1394 1973 1574 2041 φύσιν,
1602 1973 1632 2027 ὃ
1664 1974 1999 2046 θεασάμενος

414 2053 589 2125 Ἑνὼχ
648 2057 985 2128 εὐηρὲστησε
1039 2059 1116 2131 τῷ
1163 2062 1386 2134 Κυρίῳ·
1440 2063 1509 2116 δι’
1552 2056 1615 2117 οὗ
1662 2065 1998 2138 καθοδηγού-

404 2163 569 2214 μενος
600 2149 630 2200 ὁ
670 2148 837 2202 Ἀϐελ
889 2150 1227 2222 εὐηρὲστησε
1276 2153 1356 2223 τῷ
1399 2155 1620 2226 Κυρίῳο
1651 2155 1719 2209 δι’
1760 2151 1822 2212 οὗ
1867 2148 1997 2228 εὗρε

394 2238 528 2292 Νῶε
556 2240 718 2312 χάριν
759 2239 993 2296 ἐνώπιον
1025 2241 1121 2297 τοῦ
1160 2243 1296 2298 Θεοῦ
1327 2248 1670 2320 κατανοήσας
1708 2248 1807 2320 τὴν
1842 2248 1959 2303 ὁδόν
1980 2266 1995 2280 ⁸

394 2330 466 2384 δι’
493 2328 556 2386 οὗ
596 2333 843 2403 Ἀϐραὰμ
874 2334 1202 2390 ἐπίστευσε
1250 2335 1331 2403 τῷ
1380 2337 1521 2406 Θεῷ,
1557 2340 1654 2393 καὶ
1705 2340 1993 2411 ἐλογίσθη

393 2421 562 2488 αὐτῷ
592 2425 682 2490 είς
712 2423 1129 2494 δικαιοσύνην.
1160 2422 1299 2482 Εἶτα
1337 2431 1606 2502 παρελθὸν
1635 2434 1697 2486 τὸ
1737 2433 1854 2503 φῶς
1887 2434 1996 2488 ἀπὸ

396 2514 845 2586 σπινθηροειδοῦς
873 2516 1079 2588 τρόπον
1125 2518 1422 2590 προσέθετο
1449 2522 1763 2595 φαιδρότητι
1797 2524 1992 2596 λύχνου

393 2608 662 2675 φανέντος
690 2611 747 2661 ὲν
775 2616 1048 2685 αὐχμηρῷ
1084 2614 1270 2685 τόπῳ·
1305 2617 1553 2669 τουτέστι
1579 2616 1642 2669 τὸ
1683 2617 1798 2686 φῶς
1837 2620 1895 2672 ἐν
1924 2620 1991 2690 τῇ

394 2700 593 2772 σκοτίᾳ
625 2702 835 2770 φαίνει,
868 2705 903 2775 ἡ
934 2706 1123 2777 ἐντολὴ
1170 2706 1265 2761 τοῦ
1304 2706 1462 2773 Θεοῦ,
1509 2709 1604 2761 καὶ
1635 2711 1668 2781 ἡ
1706 2711 1848 2764 κατὰ
1893 2710 1993 2783 τὴν

392 2792 713 2864 ἀταθότητα
761 2796 999 2861 διάνοια,
1047 2798 1363 2868 φωτίζουσα
1414 2800 1474 2853 ὲν
1507 2800 1706 2873 καρδίᾳ
1757 2801 1989 2866 πιστῶν,

393 2883 677 2955 ἀναμέσον
707 2886 808 2957 τῆς
836 2888 1214 2962 τεθολωμένης
1258 2891 1495 2956 διανοίας
1524 2892 1633 2946 τῶν
1663 2895 1722 2947 ὲν
1750 2897 1863 2958 τοῖς
1893 2895 1987 2948 ἀν-

393 2974 639 3046 θρώποις
678 2977 981 3046 γεγονότων
1011 2981 1233 3048 φαύλων
1260 2983 1353 3035 καὶ
1392 2982 1581 3052 κακῶν
1620 2984 1987 3055 πραγμάτων,

391 3067 839 3141 εἰδωλολατρείας
880 3074 1075 3127 “rs-xui
1116 3074 1557 3146 ὲπαρνησιθεῖας,
1588 3074 1764 3144 φόνων
1791 3094 1850 3130 τε
1894 3077 1987 3131 καὶ

393 3161 681 3229 μοιχείας,
725 3162 820 3215 καὶ
861 3162 974 3217 τῶν
1018 3163 1215 3219 ἄλλων.
1248 3167 1371 3220 Ὅτι
1415 3167 1471 3221 δὲ
1517 3163 1682 3241 ἦλθεν
1726 3171 1755 3222 ὁ
1810 3170 1983 3240 μέγας

390 3249 643 3322 φωστὴρ,
685 3252 755 3305 τὸ
806 3251 935 3321 φῶς
975 3253 1044 3307 τὸ
1095 3256 1409 3324 ἀληθινὸν,
1440 3257 1473 3311 ὃ
1519 3259 1747 3327 φωτίζει
1786 3260 1984 3314 πάντα

388 3342 714 3409 ἄνθρωπον
776 3345 1109 3415 ἐρχόμενον
1152 3348 1242 3414 είς
1293 3348 1402 3402 τὸν
1456 3353 1708 3421 κόσμον.
1758 3353 1855 3404 Ἐν
1902 3351 1984 3417 τῷ

388 3434 603 3500 κόσμῳ
634 3430 732 3503 ἦν.
781 3437 881 3490 καὶ
913 3440 946 3490 ό
978 3439 1209 3509 κόσμος
1257 3440 1333 3494 δι’
1363 3442 1549 3496 αὑτοῦ
1586 3442 1843 3512 ἐγένετο,
1882 3444 1981 3497 καί

389 3526 425 3577 ό
456 3525 689 3594 κόσμος
713 3527 904 3674 αὐτῇ
941 3532 1052 3584 οὐκ
1082 3531 1256 3601 ἔγνω.
1299 3532 1353 3584 Ὁ
1382 3536 1471 3599 είς
1501 3534 1575 3587 τὰ
1613 3534 1734 3588 ἴδια
1765 3535 1980 3597 ἐλθὼν,

389 3615 492 3669 καὶ
533 3619 589 3670 οἱ
635 3617 775 3672 ἴδιοι
817 3636 857 3673 α
900 3620 1007 3674 τὸν
1036 3623 1109 3674 οὐ
1141 3622 1502 3674 παρέλαϐον.
1535 3626 1699 3674 ’Ὅσοι
1744 3626 1813 3674 δὲ
1845 3627 1980 3674 ἔλα-

388 3615 492 3669 καὶ
533 3619 589 3670 οἱ
608 3684 615 3689 ι
635 3617 775 3672 ἴδιοι
817 3615 1007 3675 αὖτὸν
1036 3623 1109 3676 οὐ
1141 3622 1502 3692 παρέλαϐον.
1535 3626 1699 3679 Ὅσοι
1744 3626 1813 3679 δὲ
1845 3627 1985 3680 ἕλα-

388 3708 503 3761 6ον
529 3710 739 3777 αὐτόν,
766 3710 996 3766 ἔδωκεν
1041 3714 1248 3781 αὐτοῖς
1280 3716 1572 3781 ἐξουσίαν
1606 3720 1789 3772 τέκνα
1833 3717 1984 3773 Θεοῦ

388 3800 695 3870 γενέσθαι.
742 3803 850 3857 Καὶ
881 3806 1012 3877 ὁρᾷς
1056 3806 1214 3860 τοῦτο
1241 3807 1303 3860 τὸ
1349 3809 1465 3877 φῶς
1511 3811 1568 3862 ὲν
1614 3810 1744 3881 ποίᾳ
1794 3811 1983 3882 σκοτίᾳ

386 3893 598 3962 φαίνει,
639 3895 733 3948 καὶ
769 3898 898 3950 ποία
932 3899 1147 3952 σκοτία
1177 3899 1308 3953 αὐτὸ
1336 3903 1409 3955 οὐ
1458 3901 1826 3967 statuam-nr;
1863 3905 1982 3959 Ὅτι

385 3985 451 4038 τὸ
505 3986 712 4054 ἀγαθὸν
761 3990 849 4042 ἀεὶ
898 3990 1050 4062 παρὰ
1101 3990 1239 4044 Θεοῦ
1294 3993 1649 4064 πεμπόμενον
1679 3997 1744 4066 τῇ
1776 3995 1982 4068 διανοίᾳ

396 4080 500 4133 τῶν
529 4081 854 4154 ἀνθρώπων,
901 4087 997 4138 καὶ
1024 4086 1260 4154 φωτίζον
1305 4087 1363 4139 ὲν
1395 4086 1473 4158 τῷ
1506 4088 1718 4160 κόσμῳ,
1748 4089 1853 4142 ὑπὸ
1882 4090 1984 4162 τῆς

385 4173 668 4244 ἁμαρτίας
695 4176 793 4247 οὐχ
823 4177 1072 4249 ἥττηται.

458 4265 583 4320 EE’.
626 4267 699 4321 Τὸ
744 4269 930 4339 ὅμοιον
968 4271 1026 4324 δὲ
1062 4270 1227 4332 πάλιν
1270 4272 1700 4344 ἐπιλαμϐάνεται
1742 4276 1771 4328 ὁ
1816 4274 1981 4341 αὐτὸς

383 4358 587 4431 Μάνης
617 4359 724 4412 ἀπὸ
752 4360 845 4414 τοῦ
874 4362 966 4416 τὸν
989 4363 1218 4437 Σωτῆρα
1240 4365 1537 4435 εἰρηκέναι*
1574 4365 1781 4434 Ὀμοία
1810 4365 1981 4419 ἐστίν

2099 1866 2357 1924 scintillas
2418 1869 2633 1938 instar,
2683 1873 2984 1930 alTuIserat.
3044 1875 3216 1944 Quam
3285 1881 3686 1950 contemplatus

2099 1957 2285 2013 Enoch
2329 1961 2532 2031 placuit
2560 1962 2702 2031 Deo;
2749 1981 2848 2036 per
2878 1983 3040 2037 quam
3074 1968 3342 2026 deductus
3389 1972 3524 2027 Abel
3557 1989 3685 2043 per-

2098 2047 2229 2105 inde
2279 2066 2340 2108 se
2391 2052 2624 2111 Domino
2662 2058 2947 2126 probavit;
2985 2075 3084 2130 per
3117 2076 3281 2130 quam
3331 2063 3419 2123 via
3465 2065 3682 2136 cognita

2094 2138 2211 2196 Noe
2243 2143 2387 2213 apud
2435 2143 2603 2201 Deum
2644 2151 2922 2219 gratiosus
2958 2153 3208 2208 exstitit:
3237 2169 3335 2224 per
3371 2170 3535 2225 quam
3569 2173 3684 2210 cre-

2095 2231 2235 2288 didit
2297 2236 2568 2292 Abraham
2620 2240 2727 2295 Deo
2779 2252 2829 2296 et
2881 2252 3182 2312 reputatum
3221 2256 3298 2300 est
3339 2253 3389 2302 et
3423 2247 3494 2301 ad
3521 2248 3687 2318 justi-

2096 2323 2226 2378 tiam
2259 2327 2299 2379 ε.
2332 2325 2539 2385 Deinde
2568 2330 2638 2385 ab
2666 2331 2768 2386 hac
2790 2334 2941 2393 tenui
2975 2337 3209 2392 scintilla
3240 2338 3500 2407 paulatim
3527 2341 3679 2394 exci-

2091 2422 2206 2470 tata
2267 2417 2358 2472 lux
2415 2420 2484 2473 ad
2540 2424 2779 2478 lucerna:
2818 2423 2875 2478 in
2920 2425 3222 2496 caliginoso
3270 2428 3394 2487 loco
3447 2429 3682 2493 lucentis

2093 2510 2443 2580 splendorem
2486 2515 2750 2569 excrevit.
2803 2515 2990 2587 anue
3026 2518 3146 2588 ipsa
3189 2520 3284 2574 lux
3322 2529 3429 2585 est,
3471 2536 3594 2592 qua
3610 2522 3679 2579 .in

2092 2603 2336 2661 tenebris
2380 2606 2529 2661 lucet
2554 2607 2577 2645 ³
2602 2650 2619 2674 ,
2666 2607 2771 2663 hoc
2808 2617 2892 2664 est
2935 2611 3254 2666 mandatum
3284 2609 3403 2678 Dei,
3435 2624 3489 2673 et
3510 2613 3679 2675 animi

2092 2706 2522 2752 consentaneum
2555 2714 2681 2754 cum
2714 2700 2959 2758 bonitate
2997 2703 3314 2771 consilium,
3352 2707 3503 2777 quod
3549 2707 3678 2762 inli-

2092 2789 2296 2844 delium
2350 2793 2664 2862 pectoribus
2709 2793 2765 2849 in
2809 2796 2991 2851 medio
3043 2796 3362 2867 caliginosae
3408 2798 3676 2863 malorum

2092 2880 2503 2953 scelerumque,
2555 2899 2679 2954 quae
2727 2886 2780 2938 in
2823 2885 3065 2941 humano
3111 2903 3311 2959 genere
3357 2895 3672 2953 versantur,

2092 2974 2447 3044 cogitationis
2497 2976 2674 3032 illuxit
2718 2996 2732 3031 :
2782 2979 3096 3049 cujusmodi
3149 2989 3281 3035 sum
3326 2981 3674 3045 idololatria,

2094 3065 2186 3120 Dei
2235 3064 2548 3137 abnegatio,
2588 3068 2790 3132 caedes,
2842 3068 3129 3134 adulteria,
3151 3076 3207 3124 et
3246 3069 3302 3124 id
3335 3084 3511 3140 genus
3538 3071 3668 3133 alia.

2015 3119 2059 3181 ο
2090 3119 2220 3211 Post
2267 3119 3674 3231 δεῖοιῆιῖίᾷἶιῖᾆέὶιυῌἷιίἶᾷιῖ“ἰιίέηὲἇιῖὲ”’ῥῖηριιίῆ,

2086 3265 2206 3302 vera
2248 3250 2362 3312 lux,
2405 3250 2637 3316 scilicet,
2670 3266 2788 3319 qua;
2841 3251 3109 3305 illuminat
3165 3249 3427 3309 hominem
3469 3251 3675 3315 venien-

2086 3351 2186 3395 tem
2236 3343 2292 3395 in
2338 3342 2615 3395 mundum.
2652 3342 2718 3396 In
2766 3343 2960 3396 mundo
3007 3354 3144 3405 erat,
3187 3354 3239 3399 et
3296 3343 3522 3407 mundus
3581 3360 3680 3413 per

2083 3435 2260 3501 ipsum
2308 3434 2483 3504 factus
2528 3445 2639 3497 est,
2689 3443 2740 3489 et
2781 3435 3008 3495 mundus
3058 3452 3179 3490 eum
3234 3453 3337 3493 non
3394 3440 3673 3507 cognovit:

2083 3528 2139 3580 in
2182 3530 2400 3596 propria
2460 3530 2638 3596 venit,
2694 3537 2746 3583 et
2809 3527 2981 3600 679
3045 3530 3130 3585 sui
3190 3547 3308 3584 eum
3371 3547 3477 3584 non
3534 3547 3677 3587 rece-

2082 3629 2291 3689 perunt.
2339 3620 2609 3690 Quotquot
2642 3631 2817 3676 autem
2858 3631 3163 3689 receperunt
3207 3622 3384 3686 illum,
3427 3621 3568 3683 dedit
3597 3624 3673 3677 eis

2081 3722 2395 3781 potestatem
2424 3713 2567 3781 ﬁlios
2599 3712 2696 3767 Dei
2720 3714 2840 3782 ﬁeri
2863 3712 2905 3765 ‘.
2938 3711 3177 3768 Videsne
3202 3714 3404 3783 quibus
3437 3714 3491 3769 in
3523 3722 3675 3769 leue-

2083 3804 2198 3859 bris
2223 3805 2314 3859 lux
2340 3803 2444 3858 ista
2477 3805 2863 3874 resplendeat?
2905 3813 3000 3858 aut
3046 3819 3294 3875 quaenam
3339 3805 3493 3865 illam
3527 3814 3672 3860 lene-

2083 3910 2191 3964 bra:
2244 3927 2348 3963 non
2407 3911 2953 3980 comprehenderunt?
2998 3911 3267 3967 Nimirum
3307 3913 3453 3982 quod
3496 3929 3524 3966 a
3562 3912 3670 3968 Deo

2081 4000 2285 4055 bonum
2323 4002 2599 4057 mentibus
2626 4001 2884 4057 humanis
2922 4003 3258 4067 immittitur,
3288 4010 3343 4058 et
3369 4003 3422 4058 in
3463 4004 3677 4059 mundo

2081 4092 2250 4159 lucet,
2285 4110 2314 4149 ο
2355 4102 2583 4164 peccato
2610 4095 2833 4149 minime
2859 4103 3173 4164 superatur.

2153 4270 2310 4327 LXV.
2343 4270 2448 4327 Sed
2480 4272 2547 4328 ad
2588 4272 2734 4326 illam
2780 4269 3080 4327 Salvatoris
3115 4286 3303 4326 vocem
3334 4271 3670 4330 Manichacus

2082 4366 2442 4431 adhaerescit,
2497 4380 2623 4420 cum
2666 4365 2760 4419 ille
2805 4364 2946 4419 dixit
2975 4365 3034 4418 ἐ
3090 4363 3276 4420 Simile
3324 4375 3403 4421 est
3450 4382 3668 4436 regnum

381 4450 425 4518 ή
452 4450 754 4514 βασιλεία
779 4452 900 4506 τῶν
932 4454 1209 4523 οὐρανῶν
1240 4456 1529 4526 ἀνθρώπῳ
1554 4457 1975 4527 οἰκοδεσπότῃ,

2091 4458 2330 4512 calorum
2350 4455 2550 4509 homini
2578 4456 2967 4525 patrifamilias
2989 4457 3081 4526 qui
3106 4458 3389 4513 seminavit
3427 4457 3483 4511 in
3535 4472 3672 4527 agro

381 4542 457 4608 ες
482 4542 731 4612 ἔσπειρε
766 4544 877 4599 τὸν
901 4546 1089 4615 ἀγρὸν
1123 4548 1311 4602 αὐτοῦ
1342 4549 1537 4603 καλὸν
1570 4549 1826 4619 σπέρμα.
1870 4549 1980 4603 Καὶ

378 4633 810 4688 καθευδόντων
853 4633 974 4688 τῶν
1009 4637 1358 4706 ἀνθρώπων.
1409 4638 1627 4707 ἐχθρὸς
1670 4637 1983 4707 ἄνθρωπος

377 4724 575 4797 ἦλθε,
607 4727 709 4781 καὶ
752 4726 997 4797 ἔσπειρε
1039 4726 1276 4790 ζὶζάνια.
1325 4727 1474 4785 Εἶτα
1504 4730 1794 4802 λέγουσιν
1819 4729 1980 4796 αὐτῷ

378 4821 437 4872 οι
483 4816 697 4873 δοῦλοι
740 4819 959 4873 αὐτοῦ·
1013 4819 1164 4890 Οὐχὶ
1199 4820 1394 4874 καλὸν
1425 4821 1664 4891 σπέρμα
1695 4822 1980 4889 ἔσπειρας

374 4914 453 4968 ἐν
487 4911 569 4978 τῷ
598 4911 796 4981 (imm;
842 4911 905 4965 Ὀ
942 4910 1012 4966 δὲ
1038 4911 1176 4981 ἔφη’
1204 4913 1338 4966 Ναί.
1367 4912 1559 4967 Πόθεν
1595 4907 1710 4969 οὖν
1735 4912 1806 4966 τὰ
1835 4911 1977 4974 ᾱζά-

374 5024 485 5060 νια
502 5020 524 5068 ;
560 5004 614 5056 Ὀ
644 5002 714 5057 δὲ
739 5003 1220 5073 ἀποκρινάμενος
1247 5001 1437 5059 εἶπεν*
1478 5003 1726 5074 Ἐχθρὸς
1755 5003 1981 5073 ἄνθρω-

374 5114 494 5163 πος
539 5095 719 5151 τοῦτο
755 5096 1068 5165 ἐποίησεν.
1121 5101 1187 5151 Οί
1220 5098 1290 5151 δὲ
1336 5098 1548 5153 δοῦλοι
1592 5099 1743 5165 πρὸς
1792 5098 1980 5151 αὑτὸν

372 5192 593 5246 aliter"
650 5190 858 5258 Θέλεις
902 5186 1017 5246 οὖν
1052 5191 1425 5258 ἀπελθόντες
1463 5188 1872 5258 ἐκριζὼσωμεν
1908 5189 1982 5243 τὰ

372 5281 651 5350 ﬂama;
708 5283 773 5338 Ὀ
819 5282 890 5336 δὲ
930 5282 1083 5352 πρὸς
1131 5282 1354 5349 αὐτοὺς
1406 5282 1557 5352 ἔφη·
1601 5282 1721 5334 Οὕο
1765 5279 1980 5351 μήπως

370 5373 761 5444 ἐκριζοῦντες
788 5375 862 5429 τὰ
890 5374 1107 5438 ζιζάνια
1130 5372 1486 5446 ἐκριζώσητε
1514 5374 1615 5428 καὶ
1645 5373 1755 5428 τὸν
1780 5373 1973 5430 σῖτον.

385 5471 553 5524 Ἀλλ’
578 5468 764 5537 ἄφετε
791 5468 904 5536 ἕως
945 5469 1159 5539 καιροῦ
1204 5469 1313 5524 τοῦ
1360 5467 1669 5537 θερισμοῦ,
1713 5468 1812 5523 καὶ
1860 5465 1975 5537 ἐρῶ

370 5558 509 5624 τοῖς
537 5558 842 5626 θερισταῖς
864 5575 880 5589 ο
934 5557 1283 5623 Συλλέξατε
1315 5556 1391 5612 τὰ
1434 5554 1681 5622 (ultima,
1721 5556 1823 5610 καί
1867 5555 1973 5625 δή-

2075 4566 2171 4608 suo
2211 4549 2404 4602 bonum
2452 4563 2647 4603 semen.
2700 4546 2833 4603 Cum
2877 4558 3053 4602 autem
3082 4548 3371 4601 dormirent
3408 4548 3665 4611 homines,

2074 4640 2324 4695 inimicus
2359 4638 2514 4691 homo
2544 4639 2713 4700 venit,
2745 4648 2796 4692 et
2831 4639 3109 4693 seminavit
3139 4640 3379 4701 zizania.
3422 4638 3556 4693 Tum
3588 4641 3672 4695 sic

2073 4734 2123 4787 ei
2151 4731 2287 4785 servi
2327 4730 2490 4784 locuti
2527 4739 2653 4783 sunt
2682 4745 2701 4783 :
2734 4728 2927 4784 Nonne
2962 4735 3154 4784 bonum
3187 4747 3363 4785 semen
3390 4732 3673 4786 ssminasti

2074 4824 2132 4877 in
2172 4824 2347 4893 agro?l
2374 4819 2487 4890 Ego
2522 4836 2643 4875 vero
2681 4821 2957 4883 scminavi.
2998 4822 3288 4890 respondit.
3326 4820 3473 4877 Unde
3501 4824 3670 4892 igitur

2076 4915 2289 4968 zizania
2313 4915 2339 4969 ?
2361 4912 2640 4976 Inimicus,
2669 4914 2863 4989 inquit,
2886 4913 3041 4968 homo
3062 4914 3159 4969 hoc
3189 4915 3336 4984 fecit.
3358 4912 3460 4968 Cui
3491 4915 3625 4968 servi
3646 4930 3668 4968 :

2095 5008 2205 5074 Vis,
2247 5008 2512 5078 inquiunt,
2549 5023 2754 5071 eamus,
2780 5018 2830 5061 et
2852 5007 3203 5076 exstirpemus
3249 5007 3458 5061 zizania
3483 5008 3508 5058 .9
3534 5006 3660 5073 Qui-

2083 5100 2177 5155 bus
2219 5099 2312 5153 ille
2350 5098 2487 5152 dixit
2509 5115 2529 5153 :
2562 5098 2686 5153 Non
2711 5114 2732 5152 :
2773 5115 2836 5153 ne
2869 5099 3008 5167 forte
3066 5100 3417 5168 exstirpantes
3451 5100 3667 5153 zizania

2081 5208 2190 5245 una
2235 5200 2289 5244 et
2330 5191 2568 5244 triticum
2622 5191 2948 5258 exstirpatis.
3007 5189 3111 5245 Sed
3169 5191 3326 5244 sinite
3363 5205 3526 5259 usque
3594 5188 3665 5242 ad

2084 5290 2284 5350 tempus
2355 5282 2542 5337 messis
2567 5324 2582 5350 ,
2644 5292 2695 5336 et
2756 5281 2934 5336 dicam
2994 5282 3312 5337 messoribus
3350 5300 3370 5336 :
3419 5280 3669 5350 Colligite

2088 5373 2325 5435 zizania,
2361 5381 2413 5427 et
2443 5373 2601 5444 ligate
2634 5389 2698 5428 ea
2739 5374 2794 5427 in
2831 5374 3156 5444 fasciculos;
3208 5374 3440 5427 triticum
3486 5383 3664 5427 autem

2084 5465 2346 5520 recondito
2369 5467 2422 5520 in
2450 5466 2662 5534 horreo,
2696 5477 2745 5522 et
2771 5477 3070 5537 prwparate
3100 5468 3316 5521 zizania
3352 5467 3422 5520 ad
3447 5465 3661 5521 combu-

2081 5556 2302 5610 rendum
2348 5557 2459 5628 igni
2504 5559 2945 5630 inexstinguibili.
3009 5559 3306 5632 Discipulis
3337 5573 3468 5617 vero
3509 5554 3662 5617 domi

448 5736 475 5770 ⁸
512 5734 558 5790 ll
578 5733 733 5792 Petr.
762 5752 803 5796 ι.
834 5738 920 5794 l9.
999 5738 1019 5769 ’
1047 5734 1206 5793 Rom.
1236 5753 1313 5804 tv,
1349 5737 1403 5791 ὅ.
1487 5736 1507 5768 ³
1531 5734 1692 5791 Joan.
1737 5752 1777 5803 ι,
1805 5735 1858 5791 5.
1936 5735 1959 5767 "
1994 5733 2104 5791 ibid
2135 5733 2290 5791 9-12.
2368 5735 2598 5795 'Mattb.
2643 5754 2765 5809 λιιι,
2793 5738 2864 5794 24
2893 5755 3015 5811 sqq.
