4076 6392
370 317 465 371 Nil

1796 322 1854 378 S.
1896 319 2230 376 EPIPHANII

3535 330 3641 386 152

366 436 442 492 ita
483 435 850 506 rogantibus:
895 435 995 491 Dic
1041 436 1188 492 nobis
1233 438 1546 508 parabolam
1593 438 1938 493 zizaniorum

2056 457 2206 494 σατε
2243 440 2472 510 δεσμός
2495 461 2506 471 ·
2542 445 2646 498 τὸν
2671 445 2739 497 δὲ
2766 445 2942 500 σῖτον
2969 445 3269 502 ἀπόθεσθε
3294 448 3366 502 ἐν
3395 445 3468 517 τῇ
3491 447 3641 504 ἀπο-

369 526 656 596 axplicavit
713 527 820 592 ille,
881 544 950 583 ne
1009 529 1172 583 ullam
1230 529 1515 599 impostori
1574 531 1951 601 oppugnandae

368 618 617 672 veritatis
648 621 994 674 occasionem
1037 619 1393 689 relinqueret.
1441 620 1628 686 Quare
1669 622 1952 691 perspicue

368 705 634 762 Dominus
659 709 732 761 ita
763 708 1056 779 respondet.
1088 727 1102 763 :
1151 710 1256 774 Qui
1291 709 1502 776 bonum,
1533 711 1740 780 inquit,
1777 727 1951 765 semen

364 802 668 864 seminavit,
713 799 856 854 Deus
879 809 956 854 est
979 815 998 862 ;
1033 816 1160 870 ager
1186 810 1265 854 est
1295 801 1561 865 mundus;
1589 803 1801 857 zizania
1823 803 1950 856 mali

363 890 600 945 homines
634 901 789 954 sunt;
820 891 1066 944 inimicus
1088 891 1242 945 homo
1265 901 1342 945 est
1372 893 1650 959 diabolus;
1671 911 1948 959 messores,

363 983 571 1053 angeli;
614 982 796 1036 messis
841 981 990 1047 ipsa,
1021 984 1408 1036 consummatio
1457 985 1677 1050 sa'culi;
1713 986 1946 1038 triticum

363 1091 546 1142 porro,
582 1075 680 1127 viri
719 1073 861 1126 boni.
901 1072 1039 1125 Cum
1088 1073 1252 1142 igitur
1290 1071 1554 1129 Dominus
1587 1075 1791 1146 angelis
1831 1077 1948 1131 suis

364 1167 702 1238 praeceperit,
735 1167 788 1219 lii
833 1167 1093 1221 collectos
1125 1167 1178 1220 in
1215 1183 1381 1219 unum
1419 1176 1735 1236 peccatores
1766 1183 1829 1221 ac
1863 1183 1946 1222 rc-

364 1275 473 1330 gno
505 1261 766 1312 caelorum
796 1260 1050 1313 exclusos
1079 1258 1514 1312 concremandos
1548 1259 1779 1312 tradent.
1815 1259 1948 1311 Ani-

368 1352 723 1414 madvertite,
768 1367 988 1420 quaeso,
1033 1357 1303 1420 quotquot
1339 1351 1473 1404 estis
1519 1351 1765 1405 veritatis
1810 1351 1902 1404 lilii
1929 1395 1943 1415 ,

366 1460 706 1515 quascunque
745 1460 917 1498 novus
982 1443 1071 1497 ille
1117 1441 1321 1497 Jannes
1381 1458 1445 1497 ac
1477 1442 1729 1498 Jambre‘
1766 1443 1947 1497 dicere

367 1537 696 1608 aggreditur,
727 1545 917 1590 contra
961 1551 1020 1591 se
1060 1537 1237 1605 ipsum
1281 1534 1543 1604 proferre.
1579 1534 1790 1588 Etenim
1821 1549 1944 1587 cum

364 1628 457 1683 ille
486 1627 750 1682 mundum
777 1626 844 1680 ad
877 1625 1044 1680 Deum
1084 1634 1334 1696 spectare
1368 1634 1561 1696 neget,
1594 1637 1785 1680 contra
1821 1624 1944 1680 Sal-

363 1731 522 1775 vator
551 1720 655 1776 hoc
683 1720 802 1775 loco
839 1727 896 1774 et
921 1735 1112 1790 agrum
1155 1735 1280 1775 esse
1315 1720 1576 1774 mundum
1615 1720 1942 1790 interpreta-

2054 531 2233 600 θήκῃ,
2266 531 2364 586 καὶ
2383 533 2735 602 ἑτοιμάσατε
2769 541 2841 594 τὰ
2874 537 3090 600 ζιζάνια
3116 543 3205 606 εἰς
3236 541 3304 594 τὸ
3335 541 3638 611 κατακαῆ-

2053 637 2151 674 ναι
2181 623 2321 691 πυρὶ
2351 625 2649 690 ἀσϐέστῳ.
2693 629 2814 684 Τῶν
2847 630 2901 683 δὲ
2931 631 3189 700 μαθητῶν
3219 633 3383 685 αὑτοῦ
3415 634 3508 686 ἐπὶ
3540 635 3638 704 τῆς

2051 714 2228 777 οἰκίας
2261 713 2524 784 λεγόντων
2550 734 2563 747 ·
2611 719 2758 772 Εἰπὲ
2787 720 2932 790 ἡμῖν
2975 721 3091 790 τὴν
3130 723 3501 791 παραϐολὴν.
3520 723 3638 778 τῶν

2051 803 2333 870 ζῖζανίων,
2358 809 2385 858 6
2401 807 2455 860 δὲ
2476 807 2710 873 ἐπιλύει,
2746 813 2839 863 καὶ
2859 813 2920 864 ού
2944 811 3121 882 κρίνει
3143 813 3184 874 ⁸,
3207 813 3293 866 ἴνα
3327 814 3402 884 μὴ
3425 831 3638 884 συγχω-

2055 898 2192 968 ρήσῃ
2232 897 2309 968 τῷ
2341 898 2616 952 ἀπατεῶνι
2646 901 2788 955 κατὰ
2818 903 2917 973 τῆς
2962 904 3223 973 ἀληθείας
3255 905 3426 977 λαϐὴν
3466 906 3632 976 ἔχειν.

2064 985 2439 1058 ’Δποκρίνεται
2467 987 2559 1044 οὖν
2584 991 2768 1060 σαφῶς
2793 993 2821 1045 6
2853 992 3079 1062 Κύριος,
3115 995 3210 1046 καὶ
3242 994 3389 1062 λέγει
3409 1011 3423 1025 ο
3471 996 3534 1048 '0
3566 997 3634 1048 τὸ

2051 1078 2242 1131 καλὸν
2269 1080 2508 1149 σπέρμα
2536 1083 2790 1150 σπείρας
2812 1083 2982 1136 ἐστὶν
3009 1087 3041 1137 ό
3073 1086 3217 1150 Θεός
3234 1102 3246 1114 ·
3285 1089 3317 1139 o’
3339 1085 3408 1138 δὲ
3453 1086 3631 1155 ἀγρός

2047 1168 2221 1222 ἐστιν
2247 1173 2280 1223 ό
2309 1173 2571 1242 κόσμος·
2603 1175 2675 1227 τὰ
2707 1173 2924 1234 ᾇζὰνιά
2963 1178 3120 1229 εἰσιν
3162 1179 3216 1229 οὶ
3248 1179 3497 1244 πονηροὶ
3530 1177 3634 1229 ἇν-

2048 1264 2267 1328 θρωποι
2285 1279 2300 1293 ⁶
2340 1268 2373 1318 ό
2400 1266 2616 1335 ἐχθρὸς
2636 1267 2952 1336 ἅνθρωπός
2982 1269 3158 1323 ἐστιν
3185 1276 3216 1323 ὀ
3237 1270 3520 1337 διάϐολος
3537 1289 3549 1301 ·
3577 1274 3631 1325 ol

2047 1354 2314 1420 θερισταί
2348 1359 2511 1410 εἰσιν
2554 1360 2609 1410 οἱ
2651 1358 2912 1426 ἄγγελον
2963 1363 2996 1413 ό
3049 1361 3328 1428 θερισμός
3378 1363 3547 1413 ἐστιν
3590 1362 3629 1429 ἠ

2046 1445 2367 1500 συντέλεια
2412 1448 2518 1501 τοῦ
2567 1447 2820 1517 αἰῶνοςο
2871 1455 2903 1504 ό
2941 1451 3111 1516 σῖτός
3152 1453 3324 1505 ἐστιν
3369 1455 3422 1505 οί
3454 1454 3627 1506 καλοὶ

2046 1533 2362 1604 ἅνθρωποι.
2417 1539 2546 1592 Ὅτε
2591 1541 2956 1611 παραγγέλλει
2995 1544 3022 1594 6
3055 1541 3256 1613 Κύριος
3293 1543 3420 1606 τοὺς
3464 1544 3630 1612 ἀγγέ-

2046 1626 2166 1690 λους
2222 1629 2386 1683 αὑτοῦ
2413 1669 2428 1693 ,
2465 1631 2561 1683 καὶ
2613 1633 2908 1700 συνάγουσι
2950 1632 3077 1695 τοὺς
3113 1633 3471 1703 ἁμαρτωλοὺς
3521 1635 3630 1688 ἀπὸ

2046 1722 2143 1791 τῆς
2185 1722 2349 1774 αὑτοῦ
2402 1722 2712 1792 βασιλείας,
2745 1725 2839 1776 καὶ
2887 1725 3275 1796 παραδιδόασιν
3308 1727 3504 1788 αὐτοὺς
3546 1727 3627 1790 εἰς

361 1819 474 1876 tur,
529 1820 584 1867 ct
633 1808 1080 1880 patremfamilias
1111 1809 1338 1880 agrique
1375 1807 1658 1862 dominum
1721 1810 1936 1864 Patrem

2043 1813 2104 1865 τὸ
2136 1815 2352 1885 καῆναι.
2379 1817 2486 1869 Kal
2511 1817 2785 1888 Θεωρεῖτε,
2819 1818 2924 1870 υἱοὶ
2955 1819 3052 1887 τῆς
3079 1817 3356 1888 ἀληθείας,
3383 1818 3463 1870 ὅτι
3487 1818 3625 1870 αὐτὰ

363 1919 526 1959 suum
559 1903 814 1974 appellat,
841 1901 936 1970 qui
962 1900 1166 1955 bonum
1201 1899 1336 1955 illud
1379 1914 1568 1956 semen
1595 1900 1939 1969 prosemina-

367 1999 528 2053 verit.

2044 1903 2080 1957 ἃ
2114 1904 2359 1974 βούλεται
2388 1907 2589 1976 λέγειν,
2635 1909 2755 1962 καθ’
2791 1909 2985 1963 ἑαυτοῦ
3027 1909 3410 1980 προϐάλλεται.
3456 1904 3626 1973 Οὗτος

2043 1997 2071 2048 ό
2099 1998 2500 2063 ἀνακαινισθεὶς
2518 2005 2650 2072 ἡμῖν
2674 2003 2796 2055 ἀντὶ
2824 2003 2930 2055 τῶν
2953 2003 3082 2074 περὶ
3119 2003 3325 2071 Ἰαννῆν
3346 2004 3440 2055 καὶ
3481 2003 3625 2072 Ἰαμι

358 2088 519 2160 ὁρῆν.
555 2087 727 2149 Αὐτὸς
760 2067 861 2158 μὲν
898 2085 1007 2157 γὰρ
1064 2085 1309 2154 ἀρνεῖται
1353 2082 1444 2137 τὸν
1473 2083 1679 2154 κόσμον
1741 2085 1834 2138 τοῦ
1864 2085 1999 2140 Θεοῦ
2035 2083 2206 2142 εἶναι’
2255 2085 2357 2146 ὧδε
2405 2093 2462 2146 δὲ
2510 2067 2777 2164 ὀί-Σωτὴρ
2819 2094 2911 2148 τὸν
2953 2067 3159 2163 κόσμον
3201 2067 3304 2166 ἔφη
3356 2091 3494 2148 εἶναι
3537 2067 3624 2147 τὸν

359 2179 557 2250 ἀγρόν·
595 2175 684 2229 τὸν
715 2174 772 2228 δὲ
809 2172 1194 2242 οἰκοδεσπότην
1225 2172 1320 2224 καὶ
1374 2170 1561 2242 κύριον
1608 2172 1704 2224 τοῦ
1750 2173 1954 2243 ἀγροῦ,
1988 2179 2237 2233 τουτέστι
2268 2181 2362 2234 τὸν
2423 2180 2590 2235 αὐτοῦ
2628 2181 2878 2253 Πατέρα,
2924 2183 3017 2236 καὶ
3058 2183 3247 2237 ἑαυτὸν
3285 2186 3623 2249 ὲσπαρκέναι

357 2271 422 2324 τὸ
453 2269 612 2322 καλὸν
645 2265 809 2320 αὐτοῦ
844 2265 1086 2334 σπέρμα.

430 2361 614 2429 Neque
666 2372 794 2412 vero
827 2365 920 2410 aut
963 2370 994 2408 a
1039 2353 1366 2424 corporibus
1414 2352 1667 2417 animas,
1729 2361 1822 2407 aut
1873 2354 1942 2408 ab

357 2457 645 2508 animabus
674 2463 904 2518 corpora
943 2445 1254 2516 separavit,
1294 2445 1389 2500 sed
1440 2445 1724 2500 inimicum
1765 2446 1941 2500 homi-

358 2561 483 2600 nem
511 2541 720 2597 zizania
755 2539 1069 2593 consevisse
1113 2543 1338 2601 narrat,
1372 2536 1474 2591 hoc
1503 2543 1588 2591 est
1617 2536 1941 2606 depravatos

357 2636 645 2696 homines;
669 2646 770 2686 nec
798 2631 1045 2684 homines
1068 2629 1235 2700 680
1261 2631 1410 2697 ipsos
1445 2629 1676 2684 seorsim
1706 2629 1774 2684 de
1812 2644 1939 2683 cor-

358 2729 583 2800 poribus
645 2723 889 2793 accepit,
939 2725 1033 2776 sed
1081 2723 1255 2775 malos
1300 2721 1550 2776 homines
1601 2721 1936 2789 conjunction

358 2821 612 2891 appellat.
644 2816 721 2870 Ita
757 2816 958 2870 bonum
1014 2829 1200 2868 semen
1237 2828 1267 2868 e
1297 2814 1580 2867 contrario
1620 2813 1937 2882 paterfami-

358 2917 461 2968 lias
494 2915 546 2967 in
585 2925 717 2982 agro
745 2925 844 2964 suo
866 2910 1130 2970 seminat,
1163 2907 1336 2961 bonos
1364 2905 1616 2963 videlicet
1649 2908 1894 2962 homines
1919 2947 1935 2972 ,

359 3020 470 3058 non
509 3004 701 3056 horum
746 2999 1011 3053 duntaxat
1037 2998 1285 3062 animas,
1319 2997 1411 3052 sed
1445 2997 1648 3062 bonos,
1691 2999 1935 3068 inquam,

2116 2355 2224 2408 Kal
2271 2353 2393 2408 οὕτε
2423 2353 2585 2407 διεῖλε
2628 2353 2805 2425 ψυχὰς
2850 2354 2957 2408 ἀπὸ
2997 2356 3283 2426 σωμάτων,
3320 2357 3350 2428 ἢ
3395 2359 3622 2431 σώματι

2046 2447 2153 2500 ἀπὸ
2199 2445 2406 2517 ψυχῶν,
2455 2445 2591 2498 ἀλλά
2641 2447 2731 2499 τὸν
2783 2447 2880 2517 μὲν
2934 2447 3126 2519 ἐχθρὸν
3174 2447 3460 2519 ἄνθρωπον
3518 2453 3620 2526 ἔφη

2045 2541 2376 2612 ὲσπαρκέναι
2412 2538 2479 2592 τὰ
2514 2536 2758 2604 ζιζάνια,
2804 2540 2839 2593 ἃ
2879 2541 3016 2592 εἰσιν
3048 2542 3095 2593 οἱ
3141 2544 3368 2612 πονηροὶ
3414 2544 3624 2617 ἄνθρω-

2045 2650 2134 2686 ποι
2155 2649 2168 2663 ο
2208 2629 2523 2703 ἀνθρώπους
2547 2630 2602 2683 δὲ
2635 2632 2695 2684 οὐ
2721 2631 2868 2698 λέγει
2898 2631 3120 2702 σώματα
3145 2633 3264 2685 κατ’
3299 2633 3456 2698 ἰδίαν,
3489 2637 3621 2691 ἀλλὰ

2043 2721 2180 2793 ὁμοῦ
2225 2719 2346 2776 εἰπε
2386 2723 2658 2794 πονηροὺς
2695 2722 3032 2796 ἀνθρώπους.
3071 2724 3240 2778 Πάλιν
3273 2725 3329 2778 δὲ
3358 2727 3622 2793 ὡσαύτως

2043 2816 2104 2869 τὸ
2142 2815 2344 2884 ἀγαθὸν
2386 2815 2607 2886 σπέρμα
2653 2815 2681 2866 ὁ
2727 2815 3113 2886 οἰκοδεσπότης
3159 2815 3413 2889 ἔσπειρεν
3456 2822 3513 2872 ὲν
3545 2821 3622 2891 τῷ

2049 2907 2161 2978 ἰδίῳ
2201 2907 2374 2978 ἀγρῷ,
2406 2908 2533 2965 τοὺς
2559 2906 2798 2976 ἀγαθούς
2839 2923 2971 2976 φησι
2999 2907 3338 2978 ἀνθρώπους.
3376 2911 3485 2964 Καὶ
3525 2913 3621 2966 οὐκ

2043 2996 2164 3052 εἷπε
2208 2999 2307 3062 τὰς
2342 2998 2546 3052 τούτων
2591 2999 2800 3069 ψυχὰς,
2838 2998 2953 3051 ἀλλ’
2998 3000 3234 3068 ἀγαθοὺς
3275 3002 3371 3054 σὺν
3407 3002 3620 3073 σώματι

356 3111 585 3167 corpore
630 3094 921 3164 animaque
948 3099 1288 3147 constantes.
1333 3091 1603 3156 Quocirca
1640 3100 1751 3145 tarn
1793 3091 1934 3148 Deus

2040 3094 2132 3146 καὶ
2155 3092 2322 3162 ψυχῇ.
2352 3093 2494 3163 Ἀρα
2520 3090 2650 3158 γοῦν
2673 3089 2762 3144 διὰ
2789 3091 2886 3161 τῆς
2907 3089 3253 3156 διδασκαλίας
3273 3095 3301 3146 6
3318 3093 3451 3158 Θεὸς
3473 3097 3623 3148 σπεί-

357 3190 557 3244 bonum
607 3187 660 3239 in
693 3183 1009 3238 hominibus
1051 3182 1299 3235 doctrina
1342 3196 1462 3246 sua,
1495 3196 1658 3251 quam
1687 3181 1939 3239 diabolus

360 3281 501 3335 mala
531 3279 726 3334 iisdem
751 3277 804 3330 in
837 3274 1147 3331 hominibus
1170 3275 1517 3344 improbitate
1547 3290 1645 3330 sua
1674 3279 1933 3331 conserit.

355 3374 750 3441 Quameunque
789 3384 917 3424 vero
953 3383 1053 3424 nos
1097 3368 1152 3421 in
1185 3375 1395 3436 partem
1441 3375 1757 3430 vertamus,
1788 3367 1936 3422 radi-

355 3482 472 3521 rem
515 3462 802 3536 pravitatis
849 3461 1054 3515 nullam
1102 3461 1476 3528 reperiemus,
1511 3458 1608 3514 sed
1651 3473 1714 3513 ea
1751 3459 1934 3512 .solum

355 3571 521 3625 opera
545 3569 666 3625 quas
702 3568 732 3606 a
769 3553 928 3608 nobis
961 3559 1361 3622 perpetrantur.
1405 3551 1483 3604 Ac
1505 3567 1573 3605 ne
1597 3550 1934 3604 zizaniorum

354 3647 576 3717 quidem
602 3653 754 3700 satus
788 3644 934 3698 illius
963 3657 1130 3698 causa
1159 3642 1410 3697 diabolus
1450 3650 1553 3704 est,
1583 3643 1764 3698 statim
1791 3643 1935 3695 enim

355 3739 490 3794 illud
517 3738 773 3793 additur:
808 3737 942 3792 Cum
987 3736 1276 3790 dormirent
1323 3735 1580 3788 homines.
1619 3732 1738 3789 Non
1766 3734 1933 3799 dixit,

353 3832 490 3887 Cum
525 3831 786 3886 dormiret
825 3829 1240 3898 paterfamilias.
1274 3825 1407 3880 Dum
1440 3826 1584 3882 enim
1607 3825 1934 3880 intermissis

356 3921 517 3976 bonis
567 3921 825 3992 Operibus
883 3921 1220 3983 dormimus,
1278 3921 1406 3972 dum
1462 3917 1645 3972 officia
1707 3917 1934 3986 justitia:

354 4014 704 4084 negligimus,
743 4014 872 4069 dum
901 4014 968 4068 ad
1005 4011 1353 4082 exsequenda
1390 4010 1480 4064 Dei
1504 4010 1756 4063 mandata
1782 4009 1932 4078 vigili

353 4117 780 4176 experrectoque
834 4106 1018 4160 animo
1065 4120 1174 4158 non
1226 4119 1439 4164 sumus.
1493 4111 1625 4156 tunc
1672 4103 1727 4156 in
1773 4103 1932 4158 nobis

353 4204 579 4267 peccata
607 4197 1076 4266 proseminantur.
1099 4193 1341 4249 Videsne
1370 4203 1626 4263 praeterea
1660 4202 1718 4246 ut
1747 4193 1802 4246 in
1829 4193 1931 4247 hac

353 4290 612 4361 parabola
669 4304 944 4344 messores
1001 4288 1071 4342 ad
1119 4286 1578 4341 concremandum
1635 4284 1930 4341 fasciculos

351 4380 718 4448 componant?
753 4378 881 4440 Dic,
933 4378 1131 4443 sodes,
1165 4393 1198 4430 ο
1233 4375 1564 4430 Manichaae:
1600 4373 1932 4429 Vinciuntur

2045 3203 2125 3258 ρει
2152 3186 2213 3238 τὸ
2239 3184 2441 3253 ἀγαθὸν
2472 3185 2529 3236 ὲν
2561 3185 2673 3247 τοῖς
2707 3181 3037 3254 ἀνθρώποις,
3071 3184 3163 3236 καὶ
3194 3183 3283 3236 διὰ
3322 3185 3426 3255 τῆς
3455 3204 3620 3242 κακο.

2043 3277 2311 3349 μηχανίας
2341 3278 2370 3329 6
2411 3275 2657 3339 διάϐολος
2688 3275 3013 3345 ὑποσπείρει
3044 3274 3110 3328 τά
3140 3275 3354 3347 πονηρά
3393 3277 3529 3348 ἔργα
3561 3281 3619 3331 ἐν

2037 3375 2149 3436 τοῖς
2173 3371 2502 3444 ἀνθρώποις.
2543 3370 2734 3423 Ἔνθεν
2765 3371 2819 3424 δὲ
2853 3372 2945 3424 καὶ
2982 3371 3134 3424 ἐνθεν
3174 3373 3235 3425 οὐ
3271 3373 3428 3443 ῥίζαν
3453 3376 3621 3445 εὑρή-

2040 3481 2204 3534 σομεν
2231 3463 2450 3527 κακίας,
2477 3462 2592 3516 ἀλλ’
2623 3461 2760 3534 ἔργα
2788 3461 2852 3514 δι’
2884 3461 3040 3533 ἡμῶν
3065 3463 3479 3534 ἐπιτελούμενα.
3508 3467 3619 3520 Kal

2036 3555 2158 3608 οὐδὲ
2202 3556 2339 3618 ὅλως
2383 3557 2411 3608 6
2458 3553 2703 3617 διάϐολος
2739 3553 2911 3616 αἴτιός
2954 3554 3070 3607 ἐστι
3109 3554 3219 3606 τῶν
3255 3556 3618 3628 ὲσπαρμένων

2041 3645 2317 3710 ζιζανίων.
2354 3645 2533 3708 Εὐθὺς
2561 3645 2670 3715 γὰρ
2695 3643 2893 3714 φράζει
2920 3644 3092 3712 λέγων
3112 3661 3124 3674 ·
3163 3639 3266 3700 Ἐν
3296 3645 3377 3712 τῷ
3399 3649 3618 3704 reader)-

2035 3739 2164 3793 δειν
2197 3739 2339 3804 τοὺς
2367 3735 2736 3805 ἀνθρώπους.
2786 3736 2896 3788 Kal
2921 3736 3022 3789 οὐκ
3065 3731 3239 3790 εἶπεν·
3259 3738 3347 3792 Ἓν
3373 3738 3450 3810 τῷ
3488 3740 3618 3793 καθ-

2036 3831 2209 3884 εύδειν
2255 3831 2348 3883 τὸν
2379 3829 2785 3896 οἰκοδεσπότην.
2840 3828 3008 3880 Ὅταν
3039 3827 3150 3900 γὰρ
3206 3829 3367 3898 ἡμεῖς
3393 3831 3616 3884 ἀποκοι-

2039 3922 2301 3993 μηθῶμεν
2329 3921 2437 3974 ἀπὸ
2471 3918 2692 3987 ἀγαθῶν
2723 3917 2900 3988 ἔργων
2919 3957 2936 3981 ,
2967 3919 3094 3971 ὅταν
3124 3917 3489 3989 ἀμελήσωμεν
3516 3920 3613 3991 τῆς

2032 4013 2396 4084 δικαιοσύνης,
2436 4013 2564 4064 ὅταν
2613 4012 2706 4064 τὸν
2755 4011 2878 4064 νοῦν
2917 4010 2992 4081 μὴ
3035 4012 3334 4084 ἐγρήγορον
3376 4013 3616 4082 ποιήσω-

2036 4123 2134 4176 μεν
2167 4105 2304 4176 πρὸς
2329 4105 2428 4176 τὴν
2453 4103 2546 4157 τοῦ
2582 4103 2718 4157 Θεοῦ
2750 4104 2990 4174 ἐντολὴν,
3017 4104 3138 4156 τότε
3183 4105 3520 4175 σπειρόμεθα
3545 4106 3614 4158 τὰ

2033 4197 2424 4268 ἁμαρτήματα.
2467 4195 2648 4268 Ὁρᾷς,
2679 4195 2760 4247 ὅτι
2787 4196 2836 4246 oi.
2867 4194 3112 4265 θερισταὶ
3138 4195 3481 4264 ἑτοιμάζουσι
3511 4196 3611 4258 τὰς

2029 4282 2233 4353 δεσμάς
2264 4283 2344 4344 εἰς
2375 4281 2437 4334 τὸ
2463 4282 2574 4353 πῦρ
2607 4281 2668 4334 τὸ
2713 4281 2968 4348 αἰώνιον;
2999 4282 3139 4350 Λέγε
3181 4300 3305 4352 μοι,
3347 4279 3392 4337 ὦ
3425 4284 3606 4356 Μάνη·

2030 4373 2222 4445 Ψυχὰς
2250 4375 2367 4427 ἐκεῖ
2391 4373 2766 4444 δεσμεύουσιν,
2799 4375 2831 4444 ἢ
2867 4372 3095 4445 σώματα
3137 4376 3232 4428 σὺν
3263 4375 3408 4448 ψυχῇ
3426 4377 3612 4429 καίου-

350 4473 463 4528 illic
491 4473 720 4536 animae,
765 4486 833 4524 an
865 4487 989 4525 cum
1031 4471 1211 4524 anima
1244 4484 1474 4538 corpora
1503 4469 1924 4531 comburuntur,

2040 4482 2138 4527 σιν,
2172 4464 2205 4534 ἢ
2235 4463 2448 4526 καὶτὰς
2477 4463 2687 4534 ψυχάς;
2723 4464 2916 4516 Οὐκέτι
2945 4464 3055 4536 γὰρ
3084 4464 3407 4536 σταθήσεται
3437 4468 3465 4520 6
3487 4469 3612 4538 περὶ

349 4581 420 4620 an
453 4566 583 4621 solas
605 4566 870 4620 duntaxat
896 4563 1132 4618 anima)?
1160 4561 1279 4616 1Non
1310 4562 1454 4616 enim
1478 4563 1677 4631 poterit
1717 4570 1806 4615 tua
1836 4562 1925 4615 illa

351 4659 420 4713 de
465 4659 771 4712 animorum
802 4655 1125 4726 purgatione
1179 4663 1325 4709 stare
1379 4656 1666 4716 sententia,
1698 4668 1823 4707 cum
1859 4653 1926 4706 ad

350 4748 677 4819 supplicium
707 4761 771 4801 ac
794 4745 1062 4816 judicium
1102 4746 1403 4800 tradentur.
1439 4745 1545 4800 Sed
1578 4744 1646 4798 de
1676 4744 1759 4798 his
1793 4744 1925 4798 bac-

350 4849 545 4903 tenus;
578 4847 706 4898 sunt
739 4838 880 4894 enim
928 4838 1175 4893 veritatis
1209 4837 1375 4892 verba
1414 4835 1754 4906 sapientibus
1777 4835 1924 4890 haud

346 4934 516 4988 obscu
526 4948 603 4986 ra.

419 5023 604 5078 LXVI.
646 5022 806 5077 Aliud
842 5035 1060 5092 quoque
1091 5019 1467 5075 testimonium
1502 5018 1710 5089 profert
1747 5018 1922 5073 sacris

346 5133 376 5171 ο
409 5115 633 5170 Litteris
669 5115 1080 5184 depromptum,
1107 5111 1267 5180 cujus
1302 5125 1523 5166 sensum
1558 5125 1680 5164 cum
1711 5112 1922 5180 ignoret

350 5207 598 5275 penitus,
635 5205 892 5260 salutaris
931 5202 1194 5257 doctrinae
1227 5203 1332 5254 vim
1387 5200 1564 5254 aliena
1596 5199 1925 5268 interpreta-

348 5295 496 5349 tione
538 5295 855 5364 detorquet;
891 5307 958 5347 eo
997 5292 1163 5361 igitur
1195 5289 1340 5361 quod
1385 5303 1417 5341 a
1447 5287 1674 5342 Domino
1714 5287 1920 5340 dictum

344 5395 431 5441 est
459 5387 737 5442 abutitur:
774 5383 922 5439 Venit
971 5386 1207 5452 princeps
1252 5382 1432 5436 mundi
1477 5380 1632 5444 huius
1667 5387 1716 5433 et
1745 5380 1800 5432 in
1843 5395 1922 5432 me

348 5492 505 5530 suum
528 5478 660 5530 nihil
689 5477 886 5530 invenit
917 5477 961 5528 ².
999 5473 1138 5529 Tum
1173 5472 1302 5527 illud
1342 5470 1585 5540 Apostoli
1611 5489 1624 5523 :
1649 5469 1791 5524 Deus
1825 5468 1922 5521 hu-

343 5565 434 5638 ius
468 5567 649 5621 siccati
691 5567 970 5621 excusavit
1000 5564 1340 5635 cogitationes
1372 5561 1690 5631 inﬁdelium,
1731 5570 1788 5612 ut
1817 5575 1920 5612 non

2034 4555 2376 4627 καθαρισμοῦ
2405 4572 2497 4608 σου
2539 4554 2649 4608 τῶν
2683 4554 2870 4626 ψυχῶν
2901 4555 3058 4623 λόγος
3085 4595 3098 4619 ,
3128 4556 3289 4608 ὁπότε
3329 4558 3408 4619 εἰς
3441 4575 3611 4628 τιμω-

2034 4648 2156 4719 ρίαν
2177 4648 2270 4701 καὶ
2295 4647 2476 4719 κρίσιν
2507 4647 2991 4718 παραδοθήσονται.
3046 4647 3204 4701 Ἀλλά
3231 4649 3456 4720 ἀρκέσει
3479 4650 3609 4720 περὶ

2032 4739 2235 4792 τούτων
2273 4740 2376 4802 ἕως
2401 4739 2508 4791 τῶν
2551 4739 2820 4792 ἐνταῦθα·
2850 4742 2962 4803 τοῖς
3005 4739 3114 4810 γὰρ
3153 4744 3390 4804 συνετοίς
3423 4743 3609 4808 φαίνε-

2029 4847 2122 4883 ται
2151 4830 2220 4883 τὰ
2245 4830 2383 4900 ῥητὰ
2407 4830 2504 4899 τῆς
2542 4829 2816 4900 ἀληθείας.

2098 5009 2235 5077 EG".
2271 5007 2735 5078 Ἐπιλαμδὰνεται
2767 5007 2928 5061 πάλιν
2965 5008 3151 5079 ἑτέρου
3183 5008 3368 5080 ῥητοῦ,
3395 5011 3475 5073 εἰς
3509 5011 3608 5079 μέ-

2031 5119 2123 5154 σον
2161 5102 2362 5173 φέρων,
2396 5101 2492 5152 καὶ
2524 5101 2598 5172 μὴ
2622 5101 2757 5154 νοῶν
2783 5100 2852 5153 τὰ
2878 5102 2936 5154 ὲν
2962 5100 3111 5170 αὐτῷ
3141 5102 3457 5170 ὲγκείμενα,
3487 5101 3607 5156 tti-

2029 5210 2136 5263 ρως
2162 5191 2573 5263 παρερμηνεύει
2600 5191 2700 5260 τῆς
2732 5190 3108 5261 σωτηριώδους
3133 5190 3483 5255 διδασκαλίας
3506 5193 3606 5264 τὴν

2024 5283 2276 5353 δύναμιν,
2303 5281 2392 5336 διά
2423 5282 2484 5334 τὸ
2524 5281 2809 5352 εἰρηκέναι
2843 5283 2935 5335 τὸν
2982 5280 3234 5353 Σωτῆρα,
3281 5283 3361 5335 ὅτι
3394 5284 3606 5352 Ἔρχε-

2023 5391 2118 5428 ται
2167 5378 2200 5428 ό
2247 5372 2451 5442 ἅρχων
2496 5373 2602 5426 τοῦ
2646 5374 2883 5442 κόσμου
2947 5373 3184 5437 τούτου,
3237 5371 3333 5424 καὶ
3377 5373 3448 5426 ἐν
3475 5375 3604 5442 ἐμοὶ

2022 5465 2203 5519 οὐδὲν·
2248 5462 2368 5517 τῶν
2410 5462 2599 5517 αὐτοῦ
2647 5463 2946 5531 εὑρίσκει·
2997 5463 3091 5514 καὶ
3137 5461 3304 5516 πάλιν
3335 5463 3487 5534 παρά
3526 5465 3608 5536 τῷ

2033 5555 2364 5628 Ἀποστόλῳ,
2394 5556 2477 5609 ὅτι
2530 5556 2594 5608 '0
2635 5555 2782 5623 Θεὸς
2808 5554 2914 5609 τοῦ
2952 5553 3169 5620 αἰῶνος
3221 5556 3438 5610 τούτου
3475 5556 3608 5610 ἐτίθ-

455 5719 540 5774 ‘ll
565 5719 706 5774 Tim.
743 5719 902 5788 112,8.
979 5723 999 5752 '
1032 5718 1191 5775 Joan.
1226 5735 1337 5785 xw,
1371 5717 1459 5774 50.
1524 5716 1543 5748 ³
1580 5713 1642 5770 F.
1673 5715 1767 5768 καὶ
1793 5714 2052 5786 εὑκρινεῖ.
