4076 6392
385 359 504 416 133
1073 353 1450 409 ADVERSUS
1483 348 1827 406 ῙΙᾹΞΠΕΞΕΞ
1869 348 1989 402 LIB.

2093 389 2102 404 .
2141 346 2304 402 T031.
2345 346 2494 401 ll.—
2523 346 2795 401 HERES.
2836 343 3024 402 LXVI.
3559 346 3663 401 154

381 479 602 546 saluae
649 474 721 527 τὰ
760 474 1033 542 νοήματα
1082 473 1202 527 τῶν
1235 475 1530 535 ἀπίστων,
1572 473 1720 540 πρὸς
1768 469 1834 522 τὸ
1892 468 1978 536 μὴ

2093 469 2416 521 intuerentur
2474 467 2643 534 lucem
2701 465 2978 536 Erangelii
3037 465 3226 534 gloria:
3273 465 3316 519 ³.
3367 463 3661 521 Videamus

383 565 771 635 καταυγάσαι
816 566 926 619 τὸν
969 565 1280 634 φωτισμὸν
1317 563 1424 616 τοῦ
1455 560 1824 630 Εὐαγγελίου
1868 558 1978 625 τῆς

2093 561 2270 630 igitur,
2304 575 2435 613 num
2468 560 2723 630 princeps
2760 559 2851 613 ille
2883 558 3110 622 mundi,
3151 558 3220 614 de
3260 575 3371 629 quo
3399 557 3661 615 Dominus

383 654 601 722 δόξης.
659 654 888 723 Ἰδωμεν
931 654 1130 717 τοίνυν,
1189 655 1238 706 εἰ
1279 653 1514 723 ἄρχοντα
1555 652 1570 681 ²
1624 649 1718 702 τοῦ
1771 649 1977 716 κόσμου

2093 651 2342 719 loquitur,
2366 650 2419 702 in
2446 649 2631 704 inﬁma
2655 649 3008 704 detrudetur?
3036 646 3096 702 Si
3115 651 3275 713 enim,
3297 651 3491 717 inquit,
3513 651 3660 704 exal-

381 745 583 800 τούτου
623 746 751 815 περί
791 741 852 799 οὗ
885 747 914 798 6
960 744 1164 815 Κύριος
1199 743 1380 812 λέγει,
1431 741 1760 811 βληθήσεται
1808 741 1975 792 κάτω.

401 840 552 892 Ἐὰν
579 836 647 890 δὲ
662 838 778 907 ἐγὼ
801 835 1041 904 ὑψωθῶ,
1082 834 1313 900 πάντας
1352 833 1594 887 ἑλκύσω
1627 833 1776 898 πρὸς
1797 830 1977 898 ἐμαυ-

384 932 524 983 τόν·
556 929 679 982 τίνα
717 927 866 994 λέγει
904 926 1140 997 ἄρχοντα
1180 925 1274 978 τοῦ
1305 926 1510 994 κόσμου
1540 923 1762 985 τούτους
1795 921 1904 973 Καὶ
1932 921 1980 972 εἰ

393 1021 496 1090 μὲν
527 1021 616 1073 τὸν
642 1019 886 1072 διάϐολον
914 1019 1084 1086 λέγει,
1115 1016 1231 1078 πῶς
1258 1017 1286 1068 6
1333 1016 1583 1084 Ἰωάννης
1610 1016 1667 1065 ἐν
1695 1012 1771 1083 τῷ
1804 1013 1982 1079 Εὐαγ-

387 1111 559 1181 γελίῳ
581 1111 708 1182 περί
730 1109 823 1162 τοῦ
849 1109 1101 1179 Σωτῆρος
1122 1108 1292 1175 λέγει,
1315 1107 1396 1159 ὃτι
1419 1109 1508 1171 είς
1532 1105 1604 1157 τὰ
1627 1104 1746 1156 τδια
1767 1099 1980 1172 ἦλθεν;

403 1204 654 1275 Ὀρῶμεν
680 1203 790 1275 γὰρ
819 1204 917 1264 τὰς
946 1201 1039 1255 δύο
1068 1201 1242 1266 λέξεις
1272 1199 1476 1261 ταύτας
1506 1197 1816 1259 ἀντιθέτους
1846 1196 1982 1265 πρὸς

391 1297 653 1366 ἀλλήλας.
687 1296 746 1348 'l)
787 1292 1108 1355 Ἀπόστολος
1136 1293 1244 1362 γάρ
1273 1307 1462 1360 φησιν·
1491 1290 1675 1354 Ὀλος
1696 1290 1728 1340 ὁ
1755 1287 1983 1354 κόσμος

391 1388 466 1440 ἐν
508 1385 588 1451 τῷ
625 1383 868 1453 πονηρῷ
917 1383 1121 1437 κεῖται·
1171 1383 1292 1445 καὶ,
1347 1383 1450 1436 Ἐν
1490 1379 1570 1444 τῷ
1607 1383 1814 1448 κόσμῳ
1845 1375 1923 1448 ἦν
1950 1380 1982 1430 ὁ

393 1478 624 1547 Σωτήρ.
659 1476 786 1540 Πῶς
834 1477 945 1547 ἄρα
983 1477 1033 1527 oi
1082 1475 1384 1546 ἀμφότεροι
1423 1470 1873 1544 χωρηθήσονται;
1915 1470 1984 1521 Ei

392 1573 534 1634 ὅλως
555 1575 586 1625 ὀ
621 1571 848 1640 κόσμος
883 1569 952 1622 ὲν
976 1568 1057 1633 τῷ
1082 1566 1322 1635 πονηρῷ
1345 1565 1552 1629 κεῖται,
1585 1563 1687 1616 ποῦ
1717 1563 1880 1624 τόπος
1907 1559 1984 1631 τῷ

395 1664 615 1734 Σωτῆρι
642 1666 699 1716 ὲν
731 1661 808 1732 τῷ
830 1662 1021 1732 κόσμῳ
1047 1661 1216 1724 ἐστὶν,
1238 1655 1378 1712 εἶναι
1401 1658 1564 1711 αὐτὸν
1588 1659 1645 1710 ὲν
1665 1655 1744 1726 τῷ
1767 1655 1980 1725 κόσμῳ;

393 1755 510 1808 Καὶ
537 1757 586 1808 εἰ
633 1754 738 1805 ἴδια
764 1753 1022 1822 τυγχάνει
1052 1751 1145 1804 τοῦ
1176 1749 1310 1804 Υἰοῦ
1348 1748 1442 1802 τοῦ
1477 1746 1614 1801 Θεοῦ
1661 1747 1730 1800 τὰ
1771 1746 1864 1799 τοῦ
1895 1756 1984 1798 κο-

2082 750 2224 794 tatus
2283 742 2451 810 fuero,
2504 757 2680 795 omnes
2721 741 2931 794 traham
2994 741 3064 793 ad
3119 727 3444 810 meipsuni‘.
3490 742 3661 808 Quem

2081 833 2247 902 igitur
2275 833 2464 886 mundi
2495 832 2794 902 principem
2831 833 3105 902 appellat?
3133 831 3190 886 Si
3217 833 3490 886 diabolum
3520 853 3532 886 :
3566 848 3665 885 cur

2079 924 2314 979 Joannes
2340 925 2392 978 in
2423 925 2714 994 Evangelia
2744 926 2812 979 de
2841 922 3123 979 Salvatore
3150 927 3282 979 dicit
3311 942 3323 977 :
3357 925 3423 979 In
3449 927 3666 994 propria

2082 1018 2221 1070 venit
2250 1016 2313 1068 '?
2343 1015 2603 1070 Videmus
2628 1016 2773 1070 enim
2799 1017 2936 1071 duas
2967 1017 3086 1071 illas
3115 1017 3256 1071 inter
3282 1033 3340 1071 se
3367 1018 3666 1072 sententias

2080 1122 2203 1162 esse
2246 1108 2573 1168 contrarias,
2628 1122 2750 1160 cum
2807 1115 2861 1161 et
2906 1107 3204 1177 Apostolus
3260 1109 3434 1163 dicit:
3503 1109 3665 1163 Totus

2083 1198 2310 1251 mundus
2345 1200 2398 1251 in
2438 1199 2670 1266 maligno
2721 1199 2924 1266 positus
2967 1209 3043 1252 est
3073 1201 3093 1229 ⁶
3123 1218 3135 1254 :
3168 1210 3217 1252 et
3242 1200 3369 1254 alibi
3401 1200 3666 1269 scriptum

2085 1290 2158 1343 sit
2194 1308 2207 1344 :
2246 1289 2312 1343 In
2366 1291 2561 1342 mundo
2584 1288 2832 1343 Salvator
2874 1299 3010 1344 erat.
3045 1290 3262 1346 Fierine
3293 1300 3473 1361 potest
3506 1293 3668 1346 ambo

2083 1387 2143 1431 ut
2168 1379 2277 1433 illic
2307 1379 2471 1434 simul
2508 1379 2824 1434 resideant?
2853 1380 2990 1433 Nam
3015 1382 3061 1437 si
3091 1381 3319 1436 mundus
3350 1385 3402 1436 in
3432 1386 3668 1455 maligna

2085 1479 2224 1522 totus
2263 1480 2338 1522 est
2361 1471 2587 1538 positus,
2615 1471 2740 1538 quis
2771 1471 2829 1524 in
2850 1487 2919 1525 eo
2949 1471 3218 1526 Salvatori
3252 1474 3404 1529 locus
3433 1475 3537 1529 erit
3561 1517 3575 1538 ,
3606 1483 3666 1528 ut

2081 1561 2241 1631 681
2279 1562 2332 1614 in
2379 1561 2584 1614 mundo
2629 1577 2751 1615 esse
2781 1561 3038 1616 dicatur?
3083 1562 3322 1619 Rursum
3373 1567 3416 1620 si
3450 1581 3571 1635 quae
3610 1567 3664 1621 in

2085 1651 2291 1705 mundo
2328 1659 2457 1706 sunt
2485 1651 2551 1705 ad
2592 1649 2716 1704 Filii
2761 1650 2850 1706 Dei
2881 1654 3152 1721 peculium
3195 1656 3502 1724 pertinent,
3541 1658 3666 1726 quis

2087 1743 2177 1797 ille
2216 1743 2470 1813 princeps
2496 1743 2587 1798 Dei
2620 1746 2784 1799 rebus
2809 1746 3161 1800 dominatur?
3189 1746 3345 1813 Quod
3375 1749 3418 1802 si
3451 1753 3668 1819 propria

397 1864 562 1918 σμου,
599 1848 751 1909 ποῖος
792 1845 976 1916 ἄρχων
1007 1843 1250 1914 κυριεύει
1281 1843 1390 1896 τῶν
1417 1841 1511 1894 τοῦ
1537 1839 1672 1893 Θεοῦ
1707 1839 1852 1892 ἰδίων
1877 1855 1890 1902 ;
1920 1839 1982 1890 Ei

2093 1833 2208 1888 Filii
2233 1834 2325 1889 Dei
2374 1836 2464 1888 illa
2505 1836 2621 1906 ipsa
2661 1852 2770 1890 non
2812 1847 2963 1899 sunt,
2996 1841 3246 1907 quisnam
3293 1815 3480 1895 mundi
3514 1815 3670 1911 prin-

395 1939 454 1992 δὲ
485 1939 586 1992 οὐκ
620 1938 766 1991 ἔστιν
793 1936 900 1989 ἴδια
925 1935 1018 1988 τοῦ
1044 1935 1174 1988 Υἰοῦ
1205 1933 1298 1988 τοῦ
1323 1933 1458 1987 Θεοῦ
1484 1934 1552 1986 τὰ
1574 1935 1632 1984 ἐν
1655 1932 1734 2002 τῷ
1763 1931 1952 2000 κόσμῳ
1968 1973 1981 1992 ,

397 2033 554 2094 ποῖος
590 2030 774 2101 ἄρχων
815 2029 911 2082 τοῦ
955 2028 1162 2098 κόσμου
1217 2025 1512 2097 συνεχώρει
1557 2023 1666 2077 ἴδια
1708 2019 1846 2076 εἶναι
1891 2019 1984 2074 τοῦ

395 2122 655 2193 Σωτῆρος
684 2121 754 2175 τὰ
775 2122 834 2174 ὲν
859 2119 938 2191 τῷ
969 2119 1194 2189 κόσμῳ;
1222 2117 1334 2171 Καὶ
1363 2120 1411 2169 εἰ
1441 2115 1535 2168 τοῦ
1566 2113 1695 2168 Υἰοῦ
1727 2112 1821 2166 τοῦ
1851 2111 1984 2164 Θεοῦ

396 2213 658 2281 τυγχάνει
691 2214 720 2264 6
752 2211 976 2279 κόσμος,
1010 2210 1128 2272 πῶς
1155 2208 1449 2278 συνεχώρει
1489 2207 1709 2277 ἄρχοντι
1734 2205 1826 2259 τὸν
1859 2203 1988 2255 ἴδιον

397 2303 608 2372 κόσμον
636 2302 890 2370 κατέχειν
917 2318 931 2366 ;
963 2300 1085 2352 Εἰσὶ
1112 2298 1169 2351 δὲ
1213 2299 1413 2360 πάντες
1454 2299 1502 2350 οἰ
1541 2296 1688 2363 λόγοι
1727 2293 1828 2363 τῆς
1855 2293 1989 2362 ἀλη-

399 2394 553 2456 θείας
573 2395 593 2424 ⁸
643 2393 866 2463 Γραφῆς
898 2393 954 2444 ὲν
985 2389 1145 2460 σοφίᾳ
1187 2388 1504 2459 εἰρημένοι,
1551 2384 1732 2443 καθὼς
1765 2384 1928 2446 αὐτὸς
1959 2384 1988 2436 6

399 2486 610 2556 Κύριος
647 2484 816 2552 λέγει·
844 2479 1073 2538 Ἦλθεν
1116 2480 1390 2546 Ἰωάννης
1418 2479 1489 2531 ἐν
1523 2476 1641 2542 ὀδῷ
1681 2475 1988 2528 δικαιοσύ-

396 2592 517 2641 νης
545 2573 634 2644 μὴ
668 2575 910 2638 ἐσθίων,
941 2571 1096 2641 μήτε
1143 2572 1354 2635 πίνων,
1397 2569 1494 2623 καί
1536 2568 1787 2637 λέγουσι
1810 2583 1823 2596 ·
1860 2569 1990 2618 Δαι-

393 2669 616 2735 μόνιον
641 2669 789 2735 ἔχει.
821 2664 1040 2720 Ἦλθεν
1065 2667 1096 2717 ὁ
1127 2664 1260 2728 Υἱός
1307 2661 1414 2716 τοῦ
1437 2659 1752 2727 ἀνθρώπου
1772 2658 1990 2711 ἐσθίων

401 2758 506 2811 καὶ
537 2759 752 2819 πίνων,
780 2754 878 2808 καὶ
904 2754 1220 2822 λέγουσιν’
1265 2749 1418 2804 Ἰδοὺ
1459 2748 1771 2815 ἄνθρωπος
1801 2743 1990 2813 φάγος

402 2850 505 2904 καί
555 2849 899 2914 οἰνοπότης,
935 2846 1114 2914 φίλος
1147 2838 1422 2896 τελωνῶν
1453 2839 1551 2892 καὶ
1585 2833 1949 2906 ἁμαρτωλῶν
1973 2850 1986 2863 ο

402 2941 507 2993 καί
556 2938 872 3004 ἐδικαιώθη
916 2937 954 3003 ἡ
990 2934 1178 3002 σοφία
1213 2932 1333 2986 ἀπὸ
1365 2931 1484 2984 τῶν
1529 2928 1758 2982 τέκνων
1781 2923 1987 2992 αὐτῆς.

403 3032 533 3094 Πῶς
554 3031 612 3084 δὲ
632 3032 670 3099 ἡ
695 3029 881 3097 σοφία
900 3025 1211 3094 ἐδικαιώθη
1238 3025 1356 3080 ἀπὸ
1375 3021 1495 3076 τῶν
1514 3022 1740 3076 τέκνων
1764 3019 1989 3087 αὐτῆς;

403 3122 544 3175 ἀλλὰ
569 3119 679 3174 τῶν
705 3119 991 3171 συνιόντων
1018 3115 1088 3168 τὰ
1114 3115 1215 3184 τῆς
1249 3115 1439 3182 σοφίας
1469 3114 1710 3184 ῥήματα,
1746 3112 1820 3174 ὡς
1845 3109 1992 3178 λέγει

404 3215 506 3268 καὶ
558 3216 618 3266 ὲν
659 3211 740 3282 τῷ
783 3211 1074 3281 προφήτῃ·
1132 3212 1228 3273 Τίς
1279 3206 1536 3270 συνετὸς
1578 3203 1678 3257 καί
1730 3202 1992 3268 συνήσει

402 3307 636 3362 ταῦτα’
667 3306 756 3358 ὅτι
795 3302 1015 3357 εὐθεῖαι
1061 3302 1120 3353 al
1166 3297 1294 3352 ὁδοὶ
1339 3298 1582 3365 Κυρίου,
1622 3295 1719 3349 καί
1746 3297 1778 3348 ὀ
1814 3295 1995 3362 λόγος

403 3399 633 3467 σοφίας
655 3416 668 3429 ο
703 3394 801 3450 καί
824 3393 1114 3466 γνώσεται
1142 3391 1351 3455 ταῦτα;
1377 3387 1640 3454 Ἀσεϐεἷς
1660 3385 1728 3440 δὲ
1748 3383 1997 3451 ἀσθενή-

403 3506 637 3543 σσυσιν
667 3489 739 3541 ἐν
779 3484 1008 3551 αὐταῖς.

481 3580 600 3632 ΞΖ’.
641 3576 939 3645 Ἦσθένησε
969 3575 1078 3645 γὰρ
1102 3572 1196 3626 καί⁵
1225 3570 1494 3641 ἠσέϐησεν
1513 3569 1587 3632 ὡς
1607 3567 1824 3638 ἀληθῶς
1856 3567 1994 3637 μετὰ

403 3672 518 3725 τῶν
545 3668 757 3724 ἀσεϐῶν
799 3669 856 3720 ὲν
888 3669 1000 3730 τοῖς
1048 3665 1212 3727 θείοις
1255 3663 1352 3716 καὶ
1397 3661 1746 3732 ἐπουρανίοις
1794 3659 1991 3728 λόγοις.

419 3763 483 3812 '0
507 3760 701 3829 Σωτὴρ
741 3757 850 3828 γὰρ
897 3756 1047 3824 ἔλεγε
1090 3753 1197 3824 πρὸ
1231 3749 1459 3824 μικροῦο
1520 3748 1846 3816 Ἐθεώρουν
1890 3747 1996 3800 τὸν

405 3844 692 3901 Σατανᾶν
721 3845 802 3910 ὡς
830 3841 1151 3911 ἀστραπὴν
1180 3842 1448 3893 πεσόντα
1481 3838 1549 3892 ἐκ
1577 3837 1684 3891 τοῦ
1713 3835 1992 3904 οὐρανοῦ*

406 3940 508 3992 καὶ
537 3932 640 3991 ὦδε
665 3936 828 3990 πάλιν
846 3952 860 3966 ·
899 3937 962 3989 '0
994 3933 1196 4002 ἄρχων
1214 3932 1321 3986 τοῦ
1345 3931 1576 3999 κόσμου
1597 3930 1815 3983 τούτου
1835 3927 1996 3993 ,ϐλη-

405 4031 662 4097 θήσεται
699 4027 876 4082 κὰτω.
918 4027 1030 4080 Καὶ
1057 4027 1106 4078 εἰ
1140 4024 1270 4094 περὶ
1301 4020 1395 4075 τοῦ
1439 4021 1656 4074 Σατανᾶ
1685 4015 1752 4090 ἦν
1783 4020 1811 4070 6
1843 4017 1998 4085 λόγος

403 4121 507 4175 τοῦ
535 4121 636 4193 ἢδη
687 4119 1037 4180 πεπτωκότος
1057 4159 1072 4182 ,
1110 4115 1195 4179 τίς
1219 4112 1287 4186 ἦν
1319 4114 1480 4185 χρεία
1510 4112 1672 4165 πάλιν
1705 4110 1996 4181 βάλλεσθαι

407 4212 601 4276 κάτω;
661 4209 824 4263 Ἀλλὰ
873 4209 1091 4270 πάντως
1137 4208 1284 4276 ἐρεῖς
1326 4207 1406 4266 εἰς
1438 4203 1537 4273 τὴν
1583 4202 1839 4255 ἄϐυσσον.
1887 4197 1996 4252 Ποῦ

406 4301 508 4360 οὖν
537 4302 764 4372 ἔμελλεν
795 4299 1060 4370 ὑψοῦσθαι
1084 4301 1112 4351 6
1145 4297 1380 4368 Κύριοςς
1414 4295 1476 4347 El
1510 4295 1607 4363 μὲν
1632 4292 1742 4362 γὰρ
1770 4291 1878 4345 ἀπὸ
1899 4289 2000 4358 τῆς

406 4397 654 4452 ἀϐύσσου
684 4394 905 4464 ἔμελλεν
941 4390 1204 4461 ὑψοῦσθαι
1227 4430 1241 4452 ,
1265 4390 1327 4441 τὸ
1349 4389 1532 4458 ὅμοιον
1553 4384 1632 4454 τῷ
1664 4384 1834 4454 ὁμοίῳ
1857 4398 2000 4452 παρ-

405 4488 799 4557 εκτεινόμενον
846 4485 916 4538 τὰ
963 4482 1223 4554 ἰσόρροπα
1259 4480 1357 4548 τῆς
1398 4479 1650 4548 φράσεως
1693 4474 2001 4545 ἀπεργάζε-

2087 1940 2217 1996 eeps
2239 1941 2302 1980 ea
2325 1942 2446 1996 quae
2472 1928 2525 1980 in
2554 1929 2758 1983 mundo
2780 1941 2930 1991 sunt,
2973 1933 3192 1999 propria
3224 1929 3524 1987 Salvator-is
3547 1948 3670 1988 esse

2089 2019 2359 2085 patiatur?
2402 2017 2604 2072 Contra
2657 2035 2806 2084 vero,
2845 2023 2891 2075 si
2930 2021 3165 2075 mundus
3211 2022 3278 2076 ad
3327 2021 3522 2077 Filium
3574 2025 3668 2079 Dei

2087 2109 2356 2177 pertinet,
2391 2126 2490 2165 cur
2514 2111 2583 2164 ab
2617 2112 2710 2164 illo
2736 2112 2987 2183 principe
3017 2115 3278 2168 mundum
3314 2131 3472 2170 suum
3504 2133 3667 2171 usur-

2090 2202 2205 2271 pari
2237 2204 2523 2271 permisit?
2565 2202 2856 2259 Enimvero
2887 2221 3162 2274 expressa:
3193 2222 3382 2262 omnes
3423 2209 3475 2262 in
3516 2208 3666 2263 Scri-

2088 2303 2246 2363 ptura
2269 2295 2518 2350 veritatis
2536 2311 2696 2350 voces
2729 2312 2941 2352 summa
2974 2313 3097 2351 cum
3132 2300 3396 2367 sapientia
3425 2315 3672 2369 pronun-

2089 2387 2235 2439 tiata:
2290 2394 2450 2449 sunt,
2502 2401 2611 2456 quo
2671 2388 2803 2441 illud
2869 2388 3082 2442 Domini
3166 2391 3453 2459 pertinet:
3525 2391 3670 2446 Venit

2088 2476 2321 2532 Joannes
2356 2479 2586 2548 justitia:
2625 2481 2762 2534 uiam
2798 2489 2976 2535 tenens
3002 2470 3022 2546 ,’
3051 2497 3154 2534 non
3208 2483 3532 2538 manducans
3582 2502 3672 2538 ne-

2089 2587 2187 2639 que
2233 2571 2435 2634 bibens,
2504 2584 2554 2625 et
2610 2572 2843 2626 dicunt:
2899 2572 3233 2627 Da’ntonium
3289 2575 3462 2629 habet.
3527 2574 3674 2631 Venit

2097 2659 2268 2714 Filius
2293 2663 2520 2716 hominis
2551 2665 2876 2717 manducans
2907 2673 2955 2718 et
2985 2664 3183 2727 bibens,
3207 2675 3257 2719 et
3277 2665 3457 2719 dicunt
3489 2683 3506 2720 :
3537 2666 3676 2722 Ecce

2095 2754 2250 2808 homo
2293 2771 2478 2817 vorax,
2514 2765 2564 2809 et
2598 2757 2701 2809 riui
2741 2769 2974 2824 potator,
3015 2759 3216 2811 amicus
3272 2758 3673 2826 publicanorum

2091 2854 2140 2898 et
2187 2855 2555 2914 peccatorum;
2597 2855 2647 2899 ct
2689 2847 2992 2915 justiﬁcata
3041 2858 3117 2900 est
3168 2849 3429 2915 sapientia
3463 2868 3494 2902 a
3539 2850 3673 2918 [iliis

2095 2939 2213 2992 suis
2241 2939 2284 2989 '.
2310 2937 2596 3003 Quomodo
2623 2939 2753 2990 illud
2794 2939 3201 3005 intelligendum
3229 2948 3333 3005 est,
3363 2943 3676 3008 sapientiam

2095 3049 2124 3082 a
2165 3031 2297 3099 ﬁliis
2338 3046 2456 3083 esse
2475 3029 2852 3098 justi/iculum,
2901 3031 3004 3082 nisi
3038 3030 3106 3084 ab
3145 3029 3232 3084 his
3265 3034 3362 3100 qui
3399 3034 3678 3102 sapientia:

2097 3135 2258 3173 voces
2295 3118 2638 3188 intelligunt?
2681 3116 2834 3172 Unde
2865 3127 2920 3171 et
2959 3120 3100 3188 apud
3132 3122 3448 3189 prophetam
3483 3125 3618 3178 dicit
3659 3143 3673 3179 :

2097 3209 2231 3275 Quis
2261 3211 2494 3277 sapiens,
2531 3219 2582 3261 et
2634 3209 2888 3276 intelliget
2913 3209 3054 3264 hac:
3085 3216 3334 3279 quoniam
3382 3225 3537 3268 recta:
3583 3216 3679 3269 vite

2095 3298 2337 3362 Domini,
2399 3308 2448 3351 et
2504 3315 2672 3352 sermo
2737 3301 3056 3366 sapientiae:
3107 3312 3157 3354 et
3211 3318 3479 3372 cognoscet
3529 3306 3679 3362 lurc.’

2095 3389 2257 3458 lmpii
2285 3407 2403 3443 vero
2439 3391 2859 3460 inﬁrmabuntur
2885 3390 2940 3447 in
2973 3395 3079 3448 illis
3107 3395 3150 3451 ⁸.

2167 3566 2375 3622 LXVII.
2419 3566 2585 3621 Plane
2614 3569 2758 3622 enim
2791 3583 2915 3622 cum
2945 3569 3126 3639 impiis
3149 3571 3202 3624 in
3226 3571 3426 3628 divinis
3453 3589 3518 3628 ac
3557 3589 3676 3630 ca:-

2097 3660 2328 3714 lestibus
2372 3660 2614 3713 oraculis
2659 3658 2956 3713 imbecillis
2995 3669 3160 3729 atque
3202 3663 3402 3732 impius
3436 3665 3679 3720 redditus

2095 3768 2218 3807 esse
2244 3762 2600 3806 memoratur.
2636 3749 2769 3803 Nam
2810 3749 3064 3805 Salvator
3092 3754 3254 3822 paulo
3279 3765 3407 3810 ante
3425 3755 3634 3811 dixerat
3660 3777 3673 3812 :

2112 3844 2360 3898 Videbam
2390 3842 2651 3898 Satanam
2682 3846 2837 3915 quasi
2863 3844 3046 3914 fulgur
3077 3844 3142 3899 de
3170 3847 3297 3900 calo
3328 3847 3598 3902 cadentem
3632 3851 3675 3905 ’.

2099 3934 2211 3988 lloc
2269 3949 2400 3988 vero
2452 3935 2614 3990 loco:
2680 3934 2934 4003 Princeps
2994 3938 3178 3989 mundi
3233 3937 3390 4005 hujus
3438 3939 3680 4007 ejicietur

2098 4026 2246 4095 foras
2290 4027 2355 4079 ⁸ο.
2404 4024 2561 4092 Quod
2593 4027 2639 4082 si
2683 4027 2750 4081 de
2787 4027 2987 4079 Satana
3022 4027 3134 4096 jam
3167 4028 3317 4097 lapso
3346 4029 3678 4099 loqueretur,

2097 4117 2225 4185 quid
2261 4117 2412 4171 illum
2438 4119 2612 4172 denuo
2635 4118 2961 4186 prmeipitari
2993 4120 3221 4174 attinet?
3261 4120 3402 4190 Ergo
3434 4123 3488 4176 in
3512 4122 3679 4193 abys~

2099 4225 2218 4264 sum
2266 4209 2633 4277 dejiciendum
2681 4209 2851 4264 fuisse
2879 4209 3104 4265 dixeris.
3148 4210 3412 4267 Caeterum
3456 4215 3678 4270 ubinam

2098 4299 2424 4354 exaltandus
2457 4309 2574 4354 erat
2608 4298 2911 4354 Dominus?
2940 4300 2994 4354 Si
3035 4318 3100 4356 ex
3136 4303 3332 4372 abysso
3359 4305 3413 4358 in
3444 4306 3682 4361 sublime

2102 4393 2204 4444 fuit
2227 4391 2580 4453 attollendus,
2606 4393 2804 4449 similis
2830 4395 2983 4449 locus
3003 4409 3126 4448 curn
3145 4396 3310 4449 simili
3331 4406 3682 4466 comparatus

2100 4483 2346 4537 eamdem
2378 4484 2664 4538 sententia:
2691 4485 2795 4536 vim
2826 4484 3009 4539 cilicit.
3045 4483 3400 4550 Quandonam
3429 4490 3572 4542 enim
3595 4494 3680 4542 est

411 4595 533 4631 ται.
577 4577 716 4629 Πότε
739 4575 796 4627 δὲ
835 4575 894 4625 ὲν
928 4575 994 4642 τῇ
1033 4573 1105 4642 γῇ
1139 4569 1361 4639 statim
1397 4568 1591 4636 Ἔλεγε
1616 4566 1726 4637 γὰρ
1750 4563 1989 4636 περὶτοῦ

2099 4573 2370 4628 exaltatus
2418 4575 2473 4627 in
2515 4575 2701 4628 terra?
2755 4573 2938 4640 Quare
2985 4590 3053 4629 oe
3096 4577 3277 4631 crucis
3325 4580 3679 4641 exultatione,

414 4667 715 4738 ὑψώματος
753 4664 850 4717 τοῦ
893 4661 1160 4732 σταυροῦ,
1207 4661 1303 4714 καὶ
1343 4661 1472 4732 περί
1514 4658 1608 4712 τοῦ
1644 4660 1724 4722 εἰς
1765 4657 1992 4728 οὐρανὸν

405 4761 643 4819 ἀνιέναι,
670 4758 760 4810 ἴνα
791 4755 996 4818 πάντας
1024 4752 1294 4823 ἀνελκύσῃ
1325 4752 1462 4822 πρὸς
1487 4749 1697 4802 ἑαυτόν.
1740 4749 1852 4800 Καὶ
1889 4749 1993 4800 τίνι

406 4851 556 4919 λόγῳ
579 4849 690 4902 ἄνω
714 4846 997 4915 τυγχάνων
1021 4845 1080 4897 οὐ
1106 4842 1482 4904 καθείλκυσεν,
1513 4840 1626 4894 ἀλλ’
1654 4840 1747 4892 ἐπὶ
1771 4839 1870 4908 τῆς
1891 4839 1994 4909 γῆς

403 4939 704 5012 ὲλήλυθενς
731 4938 882 4990 Ἔδει
916 4936 1025 5008 γὰρ
1067 4935 1230 4989 αὐτὸν
1258 4934 1453 4999 ἐλθεῖν,
1488 4932 1582 4984 καὶ
1611 4931 1673 4983 τὸ
1711 4927 1848 4993 εἶδος
1888 4929 1995 4981 τῶν

403 5032 714 5104 ἀνθρώπων
753 5031 835 5092 εἰς
869 5027 1059 5081 ἑαυτὸν
1093 5022 1448 5090 ἀναδέξασθαι
1485 5022 1574 5076 ἵνα
1614 5020 1826 5093 πρῶτον
1865 5017 1997 5072 αὐτὸ

403 5125 472 5177 τὸ
495 5123 688 5184 σκεῦος
723 5121 787 5174 τὸ
827 5119 1006 5188 ἅγιον,
1036 5118 1064 5170 ὃ
1091 5115 1199 5170 ἀπὸ
1225 5114 1444 5185 Μαρίας
1474 5111 1720 5182 εἴληφεν,
1751 5109 1996 5165 ἀναπλά-

408 5232 514 5278 σας
549 5212 729 5283 έαυτῷ
777 5212 931 5279 ἅγιον
969 5209 1128 5280 σῶμα
1151 5247 1168 5271 ,
1205 5206 1336 5269 Θεὸς
1377 5203 1584 5260 ἄνωθεν
1619 5203 1790 5271 Λόγος
1824 5199 1996 5253 ἐλθὼν

406 5311 476 5361 ὲκ
499 5305 718 5360 κόλπων
753 5299 1042 5372 πατρῴων,
1063 5299 1152 5353 ἵνα
1175 5300 1233 5352 ὲν
1255 5297 1334 5368 τῷ
1362 5297 1477 5367 ἰδίῳ
1514 5293 1726 5366 σώματι
1755 5293 1994 5365 [ὑψῶσαι

409 5404 472 5452 ὲν
504 5395 679 5467 αὺτῷι
703 5393 938 5465 ὑψωθεὶς
971 5392 1098 5455 τοὺς
1127 5388 1346 5460 ὁμοίους
1377 5386 1580 5457 ἑλκύσῃ
1616 5385 1752 5458 πρὸς
1780 5384 1991 5438 ἔαυτόν.

409 5490 508 5555 Τίς
548 5490 607 5544 δέ
642 5491 790 5542 ἐστιν
827 5489 856 5540 6
883 5486 1066 5558 ἅρχων
1097 5481 1191 5536 τοῦ
1228 5481 1432 5552 κόσμου
1464 5479 1651 5533 τούτου
1679 5493 1692 5542 ;
1735 5476 1896 5530 Ἀλλὰ
1923 5477 1999 5540 ὡς

491 5675 506 5705 ί
544 5673 670 5726 Cor.
702 5671 888 5741 ἄρχον,
924 5669 1005 5741 vel
1027 5665 1293 5741 abvﬁp}.
1413 5665 1432 5695 ²
1458 5659 1728 5741 Paria}.

1803 5658 1893 5710 ³11
1927 5659 2053 5715 Cor.
2079 5677 2152 5723 Iv,
2179 5661 2231 5714 4.

2099 4665 2273 4733 deque
2304 4679 2402 4718 sna
2460 4665 2513 4718 in
2553 4667 2755 4722 coelum
2790 4669 3188 4722 conscensione
3233 4669 3578 4738 loquebatur,
3621 4680 3680 4725 ut

2101 4757 2169 4810 ad
2224 4771 2283 4811 se
2336 4757 2514 4826 ipsum
2567 4773 2758 4813 omnes
2809 4761 3127 4815 attraheret.
3175 4759 3433 4825 Quaenam
3485 4762 3682 4817 deinde

2100 4847 2242 4900 ratio
2275 4855 2394 4908 est.
2423 4863 2524 4903 cur
2555 4864 2664 4902 non
2700 4850 2754 4903 in
2793 4852 2933 4904 etelo
2979 4866 3202 4905 manens
3243 4852 3366 4906 inde
3393 4854 3686 4920 pertraxit,-

2102 4938 2195 4990 sed
2225 4937 2292 4990 ad
2325 4945 2528 4991 terram
2556 4953 2730 5007 usque
2759 4938 3074 4994 descendit?
3097 4938 3392 5008 Oportebat
3420 4943 3678 4994 nimirum

2104 5029 2289 5084 venire
2317 5027 2517 5096 ipsum,
2551 5037 2713 5100 atque
2752 5029 2991 5086 hominis
3023 5031 3248 5101 ﬁguram
3285 5033 3585 5102 suscipere,
3623 5042 3682 5085 nt

2100 5121 2152 5174 in
2177 5121 2370 5190 primis
2399 5136 2492 5177 vas
2515 5122 2646 5175 illud
2685 5131 2959 5187 sanctum,
2985 5135 3132 5192 quod
3161 5123 3229 5179 de
3261 5123 3432 5187 Maria
3458 5123 3685 5195 Virgine

2099 5213 2366 5281 sumpsit,
2415 5223 2664 5267 sanctum
2699 5214 2952 5269 videlicet
2996 5215 3103 5270 sibi
3146 5230 3344 5284 corpus
3383 5216 3679 5286 eﬂingens,

2099 5318 2163 5356 ac
2211 5301 2354 5358 Deus
2388 5303 2624 5359 Verbum
2659 5321 2690 5359 e
2722 5307 2896 5370 caelo,
2942 5306 3118 5376 deque
3149 5316 3376 5376 paterno
3423 5308 3546 5362 sinu
3587 5306 3681 5360 de-

2101 5393 2403 5458 scendens,
2445 5410 2606 5449 suum
2664 5396 2793 5451 illud
2845 5412 3044 5466 corpus
3075 5398 3382 5461 attolleret,
3425 5407 3538 5451 tum
3583 5398 3679 5451 ubi

2105 5489 2251 5535 esset
2283 5480 2400 5551 ipse
2433 5483 2703 5548 sublatus,
2739 5483 2822 5539 sui
2855 5483 2922 5538 ad
2962 5499 3083 5539 sese
3110 5484 3316 5540 similes
3360 5485 3678 5539 attraheret.

2345 5663 2362 5692 "
2395 5661 2553 5717 Joan.
2585 5679 2682 5728 im,
2713 5663 2806 5718 3'2.
2911 5663 2930 5695 '
2963 5661 3122 5717 Joan.
3156 5681 3192 5728 ι,
3229 5665 3314 5719 Η.
3423 5671 3452 5694 θ
3481 5661 3677 5719 tJoan.

2911 5663 2930 5695 '
2963 5661 3122 5717 Joan.
3156 5681 3192 5731 ι,
3229 5665 3314 5719 Η.

411 5747 584 5812 v.19.
662 5730 1070 5806 τιὸὲιή.ἰν,ιε.
1148 5730 1490 5798 “Matium,
1519 5733 1601 5797 ιδ,
1631 5730 1715 5784 t9.
1791 5730 1965 5785 ’Dse.

2099 5770 2112 5793 ,
2139 5734 2223 5785 10.
2305 5736 2345 5764 ¹⁵
2373 5733 2500 5787 Lnt‘.
2531 5751 2587 5796 σί,
2622 5739 2706 5788 18.
