4076 6392
379 297 486 354 1⁵5Ξί
1789 298 1847 352 5.
1891 295 2234 358 EPlPllANll
3549 301 3648 352 136

379 409 486 466 Sed
517 409 772 482 quisnam
803 414 890 464 est
917 408 1084 480 hujus
1137 411 1227 465 ille
1261 411 1449 466 mundi
1501 411 1757 482 princeps
1793 412 1845 464 '?
1899 411 1954 465 In

2077 412 2231 480 ιέγει,
2273 411 2400 479 Πᾶς
2433 418 2466 468 o'
2514 417 2744 484 κόσμος
2789 415 2857 468 ἑνν
2891 411 2972 478 τῷ
3009 411 3250 482 πονηρῷ
3297 411 3520 476 κεῖται,
3549 413 3652 466 οὑκ

381 502 573 576 primis
614 515 737 556 cum
775 501 892 556 ait:
934 499 1097 556 Talus
1129 500 1356 558 mundus
1395 502 1450 554 in
1494 501 1726 572 maligno
1754 503 1960 572 positus

377 606 455 650 est
483 597 526 654 ’.
560 611 668 650 non
701 595 900 649 coelum
926 636 941 660 ,
970 611 1078 650 non
1113 604 1338 660 terram,
1379 611 1486 650 non
1515 596 1688 651 solem
1711 638 1724 658 ,
1757 607 1852 650 aut
1881 597 1966 650 Iu-

377 705 506 746 nam
538 689 829 760 intelligit,
871 705 979 744 non
1023 690 1222 758 stirpes
1249 728 1263 750 ,
1296 690 1462 764 682
1500 707 1677 756 mare,
1712 699 1962 754 montes.

378 797 598 848 aerem,
639 781 852 846 nubes,
896 791 1126 844 ventos,
1179 779 1399 845 sidera,
1446 782 1728 846 volucres,
1780 798 1965 838 rerum

382 875 620 944 denique
669 874 1014 928 conditarum
1048 874 1294 940 nullam;
1350 873 1444 928 sed
1489 875 1966 938 hominummun-

377 963 483 1018 dus
517 963 775 1034 superbia
806 963 1008 1018 mentis
1039 974 1146 1028 est,
1178 973 1231 1019 et
1267 964 1444 1021 I‘astus
1470 966 1732 1031 audaciae,
1763 975 1818 1022 et
1839 967 1968 1022 elati

378 1053 547 1109 animi
579 1055 633 1108 in
670 1053 987 1110 hominibus
1017 1056 1351 1126 arrogantia.
1387 1055 1556 1126 Igitur
1597 1058 1786 1114 mundi
1818 1061 1969 1129 prin-

377 1166 508 1221 ceps
535 1151 624 1204 ille
665 1151 924 1206 deorsum
977 1152 1236 1222 superbia
1269 1151 1368 1206 sita
1407 1151 1626 1208 cecidit.
1676 1151 1775 1206 Vos
1809 1153 1968 1218 enim,

380 1243 588 1314 inquit,
617 1245 848 1314 gloriam
885 1245 950 1298 ab
991 1245 1212 1300 invicem
1249 1245 1439 1314 capitis
1475 1246 1516 1298 ³.
1559 1245 1671 1318 Ego
1711 1263 1829 1300 vero
1869 1263 1970 1300 non

380 1354 560 1408 quaero
605 1339 832 1408 gloriam
882 1356 1052 1394 meam
1080 1339 1122 1392 ‘.
1177 1341 1374 1394 Annon
1425 1341 1682 1410 superbia
1725 1340 1974 1395 excidit?

393 1429 512 1492 Non
551 1434 806 1504 princeps
837 1433 1024 1488 mundi
1055 1433 1374 1488 confractus
1405 1442 1488 1488 est
1509 1475 1524 1496 ,
1561 1449 1686 1490 cum
1716 1443 1770 1488 et
1801 1434 1974 1488 Ilero-

381 1523 480 1580 des
513 1531 854 1578 mortuorum
906 1539 972 1578 ac
1000 1525 1248 1580 vivorum
1282 1523 1528 1593 judicent
1571 1523 1976 1596 hominumque

377 1617 685 1672 custodiret
751 1633 816 1672 ac
857 1615 1066 1688 judicio
1113 1617 1440 1692 subjiceret,
1482 1633 1606 1674 cum
1659 1618 1976 1686 praesideret

380 1710 611 1772 Pilatus.
642 1725 768 1766 cum
797 1709 1016 1766 satelles
1043 1709 1240 1764 malam
1285 1709 1542 1778 crederet,
1576 1708 1747 1766 Judas
1776 1711 1975 1781 prode-

379 1809 487 1864 ret,
529 1801 769 1870 Caiphas
812 1800 1086 1870 judicarct
1111 1838 1125 1860 ,
1164 1797 1340 1854 Judaei
1383 1799 1560 1868 sputis
1594 1809 1972 1869 aspergerent,

381 1893 586 1956 milites
625 1892 862 1964 denique
891 1899 1058 1964 caput
1090 1892 1212 1962 ejus
1245 1891 1494 1960 colaphis
1529 1891 1846 1956 tunderem,
1879 1891 1970 1962 qui

377 1985 502 2044 solo
545 1994 684 2038 nutu
731 1985 934 2038 ctelum
974 1991 1290 2054 terramque
1333 1991 1701 2054 contorquere
1749 1983 1976 2056 posset?

382 2075 508 2130 Haec
539 2075 707 2147 igitur
737 2076 1026 2148 superbia,
1061 2075 1177 2130 huic
1203 2075 1434 2132 audacia
1458 2116 1471 2140 ,
1499 2077 1614 2130 haec
1645 2076 1854 2140 mundo
1877 2077 1975 2130 ad-

379 2167 659 2224 dictorum
695 2168 976 2228 hominum
1005 2168 1178 2238 gloria
1197 2209 1210 2233 ,
1245 2167 1434 2222 mundi
1465 2168 1554 2222 ille
1583 2169 1838 2240 princeps
1868 2177 1973 2232 est,

377 2261 478 2332 qui
525 2260 579 2314 in
631 2268 836 2318 terram
885 2261 1178 2332 prolapsus
1227 2267 1332 2316 est.
1365 2259 1582 2320 Etenim
1630 2262 1724 2332 qui
1769 2263 1824 2324 in
1871 2261 1976 2318 hoc

273 2362 282 2368 '
381 2352 589 2408 mundo
609 2350 880 2406 bonorqu
907 2362 960 2406 et
987 2351 1314 2422 dignitatum
1333 2351 1596 2424 gradibus
1619 2353 1974 2418 antecellunt,

379 2444 456 2498 ita
481 2443 848 2514 principatum
883 2443 1155 2512 obtinent,
1181 2455 1238 2500 ut
1263 2445 1611 2516 arrogantia,
1655 2446 1974 2512 insolentia,

381 2539 552 2608 gloria
589 2537 958 2610 superbiaque
997 2553 1122 2594 sese
1151 2538 1384 2596 nimium
1411 2539 1662 2606 ell'erant,
1696 2555 1818 2611 quae
1855 2541 1980 2611 qui-

379 2631 506 2686 dem
551 2645 582 2684 a
624 2629 910 2684 Salvatore
942 2638 1150 2704 nostro
1201 2631 1502 2686 abfuerunt
1537 2632 1743 2688 omnia.
1785 2631 1976 2688 Linum

377 2723 520 2784 enim
549 2721 817 2792 fumigans
848 2737 953 2776 non
973 2724 1292 2794 exstinguat,
1315 2733 1366 2778 et
1395 2724 1664 2778 calamum
1687 2726 1977 2778 contritum

382 2830 486 2868 non
511 2815 805 2884 confringet
829 2815 874 2867 ⁸.

451 2906 682 2962 LXVIII.
718 2907 846 2972 Sed,
872 2915 932 2962 ut
951 2907 1204 2962 omittam
1231 2915 1449 2974 caetera,
1473 2925 1596 2979 quae
1621 2909 1690 2966 ad
1721 2911 1864 2968 idem
1889 2925 1980 2966 ar-

2067 503 2293 576 οὐρανὸν
2319 504 2512 573 λέγων,
2538 507 2599 558 οὑ
2625 506 2722 578 τὴν
2753 507 2876 578 γῆν,
2903 507 3002 578 οὑχ
3025 505 3196 578 ἥλιον,
3227 505 3286 558 οὑ
3314 505 3566 576 σελήνην,
3589 505 3650 558 οὑ

2067 597 2228 665 φυτά,
2263 597 2324 650 οὑ
2377 597 2676 662 θάλασσαν,
2712 600 2812 653 οὑκ
2846 601 2979 672 ὅρη,
3017 602 3117 653 οὑκ
3163 600 3335 670 ἀέρα,
3376 599 3438 652 οὑ
3479 598 3648 667 νέφη,

2065 687 2164 740 οὑκ
2191 687 2412 759 ἄνεμον,
2439 690 2539 742 οὑκ
2571 689 2767 757 ἄστρα,
2797 693 2859 744 οὑ
2882 690 3082 760 πτηνὰ,
3107 691 3259 743 οὑδέν
3293 707 3346 742 τι
3371 689 3480 742 τῶν
3512 690 3654 742 ἐκτι-

2069 779 2300 850 σμένων,
2339 781 2414 852 μὴ
2445 782 2676 848 γένοιτοί
2726 782 2864 835 Ἀλλ’
2896 785 2923 836 6
2951 782 3152 852 κόσμος
3183 781 3292 836 τῶν
3325 779 3648 852 ἀνθρώπων,

2066 872 2100 942 ή
2141 872 2490 943 ὑπερηφανία
2525 873 2623 944 τῆς
2657 875 2886 940 ἐννοίας,
2921 875 2982 928 τὸ
3013 875 3214 946 θράσος
3259 873 3352 928 τοῦ
3382 874 3585 944 τύφου,
3617 875 3650 944 ἡ

2067 963 2355 1030 ἀλαζονεία
2399 965 2500 1036 τῆς
2545 965 2654 1020 τῶν
2703 967 3006 1038 ἀνθρώπων
3058 968 3390 1039 ὲπάρσεως,
3437 959 3594 1028 οὗτος
3627 967 3655 1016 6

2068 1057 2252 1126 ἄρχων
2281 1055 2375 1110 τοῦ
2407 1057 2613 1128 κόσμου
2636 1057 2826 1111 τούτου
2852 1059 3078 1124 ἐξέπεσε
3104 1057 3256 1112 κάτω
3279 1055 3649 1130 ὑπερηφανίᾳ.

2081 1149 2267 1218 Ὗξιιεῖς
2295 1149 2404 1220 γὰρ
2425 1189 2438 1214 ,
2471 1153 2638 1223 φησὶ,
2676 1151 2865 1216 δόξαν
2897 1153 3058 1220 παρὰ
3094 1151 3385 1216 ἀλλήλων
3426 1147 3654 1218 .10:de-

2069 1259 2221 1296 γετε·
2253 1244 2368 1318 ἐγὼ
2397 1243 2465 1297 δὲ
2505 1246 2577 1298 οὺ
2621 1242 2768 1314 ζητῶ
2807 1243 2922 1312 τὴν
2959 1241 3224 1314 ἐμαυτοῦ
3276 1241 3484 1305 δόξαν.
3531 1237 3655 1300 Πῶς

2069 1339 2179 1410 γάρ
2213 1338 2313 1392 οὑκ
2361 1337 2555 1390 ἔπεσεν
2591 1339 2624 1408 ἡ
2655 1337 3037 1408 ὑπερηφανία;
3075 1337 3192 1398 πῶς
3238 1337 3339 1388 οὑκ
3373 1329 3654 1404 ἐθραὺσθη

2071 1435 2100 1486 6
2137 1435 2322 1504 άρχων
2350 1433 2443 1486 τοῦ
2475 1433 2704 1504 κόσμου,
2747 1432 2990 1504 Ἡρώδου
3025 1431 3121 1502 μὲν
3149 1429 3508 1500 φυλάττοντος
3565 1425 3658 1482 καὶ

2073 1526 2353 1598 κρίνοντος
2384 1525 2475 1578 τὸν
2507 1523 2699 1596 κριτὴν
2731 1522 2948 1590 ζώντων
3001 1523 3096 1576 καὶ
3137 1519 3347 1592 νεκρῶν
3406 1521 3499 1572 καὶ
3549 1519 3658 1570 Κύ-

2078 1633 2210 1688 ριον,
2259 1616 2493 1670 Πιλάτου
2541 1615 2596 1668 δὲ
2633 1613 3110 1687 προκαθεζομένου
3137 1653 3150 1674 ,
3184 1610 3460 1682 ὑπηρέτου
3495 1610 3658 1682 ῥαπί-

2077 1709 2261 1774 ζοντος
2309 1709 2406 1780 τὴν
2441 1708 2665 1777 σιαγόνα
2690 1747 2704 1770 ,
2763 1706 2932 1760 ’ἰούδα
2978 1705 3359 1776 παραδιδόντος
3383 1744 3398 1766 ,
3439 1702 3660 1768 Καῖάφα

2074 1801 2424 1865 δικάζοντος,
2494 1799 2762 1854 Ἰουδαίων
2807 1799 3250 1860 καταπτυόντων,
3311 1792 3660 1866 στρατιωτῶν

2074 1892 2475 1962 κολαφιζόντων
2505 1893 2746 1966 κεφαλὴν
2782 1893 2876 1946 τοῦ
2910 1891 3208 1962 δυναμένου
3255 1888 3483 1958 νεύματι
3518 1887 3661 1956 εἰλῆ-

2076 2006 2167 2042 σαι
2200 1988 2428 2058 οὐρανὸν
2464 1989 2557 2041 καὶ
2599 1987 2744 2058 γῆν;
2791 1985 2942 2056 Αὕτη
2977 1987 3010 2055 ἡ
3051 1983 3398 2055 ὑπερηφανία
3419 2021 3434 2046 ,
3473 1981 3567 2035 καὶ
3599 1978 3661 2032 ἰδ

2075 2081 2297 2152 θράσος,
2329 2082 2424 2134 καὶ
2455 2083 2487 2152 ἡ
2515 2080 2641 2146 δόξα
2673 2080 2780 2134 τῶν
2803 2077 3109 2152 ἀνθρώπων
3139 2077 3232 2132 τοῦ
3257 2077 3487 2148 κόσμου,
3510 2069 3659 2136 οὗτος

2075 2167 2141 2242 ἦν
2175 2173 2204 2224 6
2241 2173 2424 2242 ἄρχων
2451 2171 2546 2224 τοῦ
2575 2171 2802 2244 κόσμου,
2825 2175 2852 2224 6
2877 2169 3061 2224 πεσὼν
3089 2168 3287 2242 χαμαί.
3321 2169 3531 2230 Πάντες
3555 2166 3662 2236 γὰρ

2073 2266 2122 2318 οἱ
2160 2263 2269 2318 τῶν
2312 2263 2638 2334 ἀξιωμάτων
2676 2265 2735 2316 ἐν
2773 2263 2852 2335 τῷ
2887 2263 3078 2334 κόσμῳ
3116 2261 3292 2332 τούτῳ
3324 2262 3382 2315 ἐν
3417 2261 3658 2331 ὑπεροχῇ

2078 2357 2436 2427 τυγχάνοντες
2465 2357 2564 2430 τὴν
2597 2357 2772 2428 ἀρχὴν
2797 2355 2982 2426 έχουσι
3009 2356 3098 2408 διὰ
3128 2355 3238 2408 τῶν
3263 2354 3660 2428 φρυαγμάτων,

2074 2449 2163 2504 διὰ
2190 2449 2286 2502 τοῦ
2323 2449 2578 2522 Θράσους,
2622 2449 2718 2502 καὶ
2756 2448 2972 2512 κὺδους,
3021 2449 3118 2502 κοιλ⁴
3157 2448 3560 2518 ὑπερηφανίας,
3589 2438 3663 2497 ὧν

2075 2541 2225 2596 οὐδὲν
2255 2542 2314 2594 ὲν
2344 2542 2422 2612 τῷ
2449 2543 2662 2612 Σωτῆρι
2685 2539 2936 2612 εὓρηται.
2979 2541 3165 2594 Λίνον
3191 2541 3302 2608 γὰρ
3326 2541 3665 2608 τυφόμενον

2075 2637 2148 2690 οὑ
2199 2634 2438 2700 σϐέσει,
2489 2634 2588 2696 καί
2621 2633 2896 2702 κάλαμον
2928 2631 3374 2704 τεθραυσμένον
3403 2633 3476 2686 οὐ
3529 2648 3666 2684 κατ-

2075 2729 2258 2794 εὰξει.

2147 2913 2273 2966 ΞΗ’.
2317 2913 2428 2967 Kal.
2453 2912 2624 2970 πολλά
2649 2913 2740 2983 μοί
2763 2914 2880 2968 ἐστι
2913 2913 3040 2986 περὶ
3070 2913 3228 2966 τοῦτο
3255 2912 3454 2980 λέγειν.
3495 2912 3661 2966 Πάλιν

379 3009 720 3082 ειιιιιειιιιιιιι.
745 3001 926 3058 atl'erri
961 3003 1100 3066 bene
1139 3003 1307 3056 multa
1355 3011 1610 3072 possunt,
1647 3003 1975 3060 Manichacus

2077 3007 2136 3062 δέ
2165 3022 2328 3076 φησιν
2372 3009 2401 3060 6
2453 3006 2616 3069 αὑτὸς
2649 3007 2862 3078 Μάνης,
2913 3007 2994 3060 ὅτι
3059 3007 3122 3060 '0
3169 3007 3335 3072 Θεὸς,
3373 3007 3525 3074 φησὶ,
3555 3005 3662 3060 τοῦ

385 3095 488 3148 hoc
515 3094 741 3164 insuper
770 3096 983 3164 objicit,
1020 3095 1166 3165 quod
1195 3095 1459 3164 scriptum
1483 3107 1600 3152 est:
1647 3095 1788 3152 Deus
1817 3098 1975 3168 hujus

2081 3098 2296 3164 αἰῶνος
2335 3100 2552 3152 τούτου
2597 3099 2911 3168 ἐτύφλωσε
2951 3099 3025 3152 τὰ
3065 3099 3336 3170 νοήματα
3374 3098 3492 3156 τῶν
3527 3099 3666 3156 ἀπί-

379 3185 568 3240 εαεειιιι
595 3186 878 3244 excaecauit
913 3197 1110 3242 mentes
1141 3186 1458 3256 inﬁdelium.
1497 3197 1682 3244 utnon
1711 3190 1975 3244 intueren-

2081 3202 2266 3250 στων,
2293 3186 2402 3240 τοῦ
2430 3186 2516 3256 μὴ
2549 3186 2926 3258 καταυγάσαι
2955 3191 3044 3254 είς
3081 3189 3190 3242 τὸν
3225 3189 3533 3258 φωτισμὸν
3561 3187 3668 3242 τοῦ

383 3286 472 3332 tur
498 3277 772 3350 Evangelii
817 3279 1052 3342 lucem°.
1115 3280 1281 3349 Atqui
1313 3281 1360 3336 si
1401 3279 1548 3336 Deus
1593 3283 1783 3338 mundi
1819 3283 1975 3353 hujus

2077 3281 2466 3352 Εὐαγγελίου.
2504 3283 2569 3336 El
2607 3281 2686 3334 ἔνι
2723 3283 2752 3334 ό
2801 3281 2934 3345 Θεὸς
2973 3281 3067 3336 τοῦ
3113 3281 3321 3351 κόσμου
3353 3280 3568 3341 τούτου,
3617 3279 3669 3332 τί

385 3370 652 3428 Dominus
681 3383 789 3439 est,
825 3374 954 3444 quid
984 3372 1235 3432 Salvator
1269 3373 1458 3444 pedem
1495 3375 1549 3428 in
1583 3375 1822 3430 alienam
1853 3391 1982 3446 pos-

383 3463 685 3520 sessionem
735 3465 1040 3520 itumittens
1071 3463 1347 3520 faciebat?
1397 3463 1453 3518 Si
1491 3481 1610 3520 eam
1647 3469 1820 3537 ipsam
1849 3483 1985 3521 con-

381 3558 688 3629 cupiverat,
721 3556 946 3612 minime
972 3557 1028 3611 id
1059 3558 1204 3612 bono
1248 3559 1514 3628 justeque
1539 3561 1820 3616 convenit.
1884 3559 1984 3616 Sin

383 3649 594 3706 idcirco
627 3647 798 3714 venit,
845 3657 902 3702 ut
942 3663 1052 3704 non
1083 3648 1325 3718 propria,
1373 3650 1472 3704 sed
1502 3651 1682 3705 aliena
1713 3659 1980 3718 servaret,

381 3743 493 3814 fiam
521 3743 624 3798 hoc
645 3741 950 3797 adulatoris
975 3743 1212 3811 alicujus
1233 3744 1514 3813 proprium
1540 3753 1646 3810 est,
1677 3745 1770 3814 qui
1803 3746 1984 3799 alieno

384 3835 622 3906 principi
645 3835 900 3891 subditos
933 3835 1002 3890 ad
1035 3851 1120 3890 res
1155 3851 1327 3890 novas
1359 3837 1652 3900 ambitiose
1682 3853 1985 3908 provocare

383 3929 626 3984 studeat.
668 3929 826 3996 Quod
854 3930 900 3985 si
929 3944 1119 3984 eorum
1150 3945 1272 4000 qua:
1297 3931 1367 3986 ad
1403 3931 1588 3986 saeculi
1621 3931 1784 4000 hujus
1812 3931 1982 3987 Deum

385 4022 692 4092 pertinent,
739 4021 1137 4078 servandorum
1183 4023 1357 4093 gratia
1391 4024 1563 4086 venit,
1617 4025 1756 4080 bene
1793 4026 1984 4095 utique

381 4117 452 4170 de
495 4116 588 4168 illo
617 4117 843 4170 meritus
873 4124 978 4180 est,
1021 4115 1182 4185 cujus
1211 4117 1376 4174 rebus
1421 4117 1710 4173 servandis
1759 4133 1983 4189 operam

381 4207 717 4262 adhibuerit.
747 4207 824 4260 Ac
861 4209 906 4262 si
937 4207 1101 4277 hujus
1131 4209 1222 4262 ille
1255 4210 1446 4264 szeculi
1479 4209 1621 4265 Deus
1647 4225 1778 4265 suos
1803 4226 1832 4264 a
1863 4210 1986 4265 Sal-

385 4309 572 4354 vatore
601 4299 737 4369 eripi
783 4300 972 4354 libenti
1016 4301 1201 4354 animo
1245 4301 1472 4371 patitur,
1528 4301 1775 4371 profecto
1805 4303 1983 4359 bonus

381 4403 487 4456 εει,
531 4394 624 4463 qui
666 4394 712 4447 si
743 4407 964 4447 servare
1009 4395 1192 4448 minus
1243 4394 1360 4464 ipse
1403 4397 1601 4464 possit,
1649 4395 1718 4450 de
1752 4411 1980 4451 suorum

2081 3375 2190 3444 ἄρα
2217 3374 2386 3428 ἐλθὼν
2422 3375 2450 3428 6
2493 3375 2684 3448 Σωτὴρ
2719 3375 2894 3428 ἐποίει
2925 3375 3006 3436 είς
3043 3373 3114 3428 τὰ
3139 3373 3430 3442 ἀλλότριας
3476 3373 3588 3426 Kal
3621 3373 3669 3424 ει

2086 3466 2186 3538 μὲν
2227 3466 2338 3519 τῶν
2380 3466 2676 3538 ἀλλοτρίων
2721 3468 2924 3536 ἐφίετο,
2961 3467 3064 3520 οὐκ
3102 3465 3218 3520 ἐστι
3248 3465 3406 3519 τοῦτο
3439 3463 3668 3533 ἀγαθοῦ,

2082 3559 2208 3614 οὔτε
2239 3561 2450 3614 δικαίου
2475 3577 2489 3590 ·
2519 3563 2569 3614 εί
2601 3561 2660 3613 δὲ
2685 3561 2872 3613 ἕνεκεν
2905 3558 3002 3612 τοῦ
3035 3559 3207 3614 σῶσαι
3230 3555 3394 3630 ἦλθεν
3417 3559 3518 3616 οὑκ
3539 3559 3668 3622 ῐδια,

2083 3653 2202 3706 ἀλλ’
2251 3653 2533 3725 ἀλλότρια,
2586 3653 2746 3706 τοῦτο
2797 3653 2892 3708 καὶ
2953 3653 3186 3716 κόλακος
3221 3653 3482 3723 τυγχάνει
3525 3652 3670 3712 τινος

2086 3745 2410 3817 βουλομένου
2463 3746 2858 3816 προσεπαίρειν
2909 3747 3038 3808 τοὺς
3075 3745 3170 3798 τοῦ
3220 3746 3410 3806 πέλας.
3463 3747 3572 3800 Kal
3621 3748 3670 3798 εἱ

2083 3837 2220 3899 ὅλως
2249 3836 2317 3889 τά
2341 3835 2436 3888 τοῦ
2456 3835 2592 3889 Θεοῦ
2621 3835 2714 3889 τοῦ
2738 3837 2934 3899 αἰῶνος
2963 3835 3154 3894 τούτου
3179 3833 3313 3907 ἦλθε
3339 3837 3530 3900 σῶσαι,
3562 3838 3670 3906 ἄρα

2087 3929 2236 4000 αὑτῷ
2258 3930 2338 4001 τῷ
2359 3929 2480 4000 Θεῷ
2503 3929 2598 3982 τοῦ
2622 3929 2828 3999 κόσμου
2849 3929 2951 3998 τὴν
2979 3929 3142 4000 χάριν
3165 3930 3538 3993 κατατίθεται,
3565 3931 3670 3984 ἴδια

2083 4021 2250 4075 αὑτοῦ
2284 4021 2452 4094 σκεὺη
2493 4021 2836 4093 πειρώμενος
2870 4021 3083 4086 σώζειν.
3141 4023 3252 4075 Καὶ
3289 4025 3338 4076 εἰ
3371 4023 3508 4086 ὅλως
3541 4040 3671 4092 συγ-

2085 4113 2435 4166 κατατίθεται
2505 4115 2535 4166 6
2587 4113 2722 4176 Θεὸς
2774 4112 2870 4166 τοῦ
2927 4115 3121 4176 αἰῶνος,
3179 4114 3370 4168 τούτου
3418 4117 3510 4168 ἐπὶ
3560 4119 3671 4178 τοῖς

2085 4207 2248 4261 αὑτοῦ
2309 4207 2398 4259 διὰ
2453 4207 2547 4260 τοῦ
2601 4206 2856 4278 Σωτῆρος
2903 4205 3253 4277 σωζομένοις,
3307 4209 3414 4279 ἄρα
3465 4209 3669 4276 ἁγαθός

2085 4301 2255 4362 ἐστιν,
2289 4299 2336 4351 εί
2367 4298 2463 4352 καὶ
2496 4299 2570 4369 μὴ
2605 4298 2828 4352 δύναται
2859 4295 3072 4362 σώζειν,
3105 4298 3314 4368 χαίρων
3345 4299 3437 4351 ἐπὶ
3467 4303 3530 4370 τῇ
3561 4299 3669 4352 τῶν

2090 4391 2234 4444 ἰδίων
2272 4391 2539 4461 σωτηρίᾳ.
2583 4391 2691 4442 Καὶ
2739 4389 2892 4442 ἔσται
2935 4389 3120 4458 λοιπζιν
3155 4390 3254 4459 μία
3289 4391 3542 4443 κοινωνία
3571 4392 3672 4461 τῆς

379 4493 566 4542 tamen
596 4488 774 4542 salute
798 4487 1048 4557 gaudeat.
1075 4489 1253 4558 Atque
1276 4489 1352 4542 ita
1384 4503 1678 4544 commune
1705 4490 1975 4559 quoddam

2085 4485 2443 4555 ἁγαθότητος,
2493 4485 2576 4537 ὅτι
2625 4485 2652 4536 ὁ
2701 4482 2799 4553 μὲν
2843 4481 3142 4553 δυνάμενος
3192 4480 3374 4544 σώζει,
3423 4484 3452 4534 ὁ
3495 4482 3552 4535 δὲ
3595 4483 3667 4552 μὴ

377 4579 488 4634 erit
533 4577 796 4650 unitatis
827 4579 1253 4644 commercium,
1291 4581 1438 4650 quod
1475 4589 1528 4636 et
1562 4582 1794 4636 salutem
1827 4581 1984 4637 aﬂ'ert

381 4669 434 4727 is
457 4671 552 4742 qui
583 4679 793 4742 potest,
841 4679 897 4726 et
929 4671 1024 4740 qui
1069 4687 1158 4727 res
1192 4687 1322 4726 suas
1369 4687 1590 4727 servare
1631 4688 1742 4726 non
1773 4683 1976 4743 potest,

379 4763 589 4820 servari
615 4770 796 4818 tamen
827 4761 896 4816 ab
935 4763 1108 4817 altero
1147 4763 1516 4834 683-689
1559 4764 1789 4819 libenter
1813 4765 1981 4832 videt,

380 4872 523 4928 quas
557 4857 722 4910 etiam
757 4856 813 4908 in
845 4855 1000 4909 lucro
1034 4865 1316 4919 numerat,
1357 4873 1482 4911 cum
1511 4857 1580 4910 ab
1619 4872 1684 4912 eo
1713 4857 1808 4928 qui
1845 4873 1983 4926 prae—

377 4947 532 5004 clare
578 4963 801 5003 servare
852 4956 1069 5018 potest,
1107 4949 1290 5003 salvas
1323 4957 1376 5003 et
1413 4949 1716 5005 incolumes
1753 4965 1981 5021 accepe-

382 5043 474 5096 rit.
525 5040 796 5096 Praeterea
841 5041 890 5095 si
940 5041 1116 5096 eidem
1160 5041 1237 5094 illi
1273 5041 1364 5111 qui
1406 5057 1626 5096 servare
1677 5059 1767 5098 res
1801 5043 1976 5113 ipsius

377 5135 588 5203 cupiat,
623 5148 968 5204 nequaquam
1002 5133 1348 5198 adversatur,
1385 5133 1607 5189 habebit
1639 5136 1688 5189 ei
1723 5135 1817 5206 qui
1855 5151 1972 5191 ser-

379 5237 471 5284 vat
499 5229 760 5300 gratiam;
801 5229 1140 5300 proindeque
1173 5230 1221 5284 is
1245 5231 1482 5300 primum
1517 5231 1668 5283 illum
1703 5229 1967 5294 servabit,

379 5319 448 5374 ad
476 5337 638 5390 quem
681 5317 774 5390 qtii
813 5329 1100 5376 servantur
1130 5321 1388 5384 attinent,
1414 5327 1471 5373 ut
1503 5321 1556 5374 in
1581 5335 1645 5375 eo
1684 5319 1969 5375 liberanda

381 5415 642 5470 bonitatis
675 5431 790 5470 sua:
825 5415 1103 5485 specimen
1139 5413 1397 5485 praebeat.
1460 5412 1579 5468 Non
1612 5415 1780 5476 enim,
1813 5421 1966 5483 puto,

381 5505 532 5562 solos
565 5507 779 5576 eripere
821 5515 1018 5562 tenues
1049 5505 1216 5571 volet,
1249 5503 1527 5574 pracipuo
1565 5503 1661 5558 illo
1691 5503 1904 5565 relicto,
1941 5515 1974 5556 a

2083 4577 2379 4647 δυνάμενος
2432 4576 2500 4630 τὰ
2559 4575 2666 4629 ἴδια
2723 4575 2935 4640 σώζειν,
2987 4575 3168 4646 χαίρει
3202 4577 3295 4628 ἐπὶ
3341 4579 3454 4638 τοίς
3505 4575 3670 4638 σωζο-

2087 4667 2300 4738 μένοις,
2350 4667 2542 4740 κέρδος
2589 4666 2660 4720 τὰ
2709 4667 2814 4719 ἴδια
2861 4665 3162 4737 ἡγούμενος
3217 4664 3371 4734 παρὰ
3424 4665 3516 4722 τοῦ
3568 4683 3669 4722 δια-

2087 4757 2196 4820 λῶς
2253 4756 2522 4822 σώζοντος
2593 4755 2878 4827 σωζόμενα
2925 4755 3083 4826 ἔχων.
3140 4757 3250 4809 Καὶ
3289 4758 3340 4808 ει
3387 4755 3526 4819 ὅλως
3568 4757 3670 4810 οὐκ

2085 4851 2424 4905 ἐναντιοῦται
2454 4850 2532 4921 τῷ
2557 4849 2864 4920 βουλομένῳ
2901 4849 2969 4903 τὰ
3007 4849 3112 4903 ἴδια
3146 4849 3359 4914 σώζειν,
3393 4849 3485 4902 καὶ
3511 4851 3669 4920 χάριν

2082 4945 2428 5014 ὁμολογήσει.
2489 4945 2551 4996 Εἰ
2606 4945 2661 4997 δὲ
2718 4943 2878 5018 χάριν
2927 4943 3181 5014 ὁμολογεῖ
3239 4943 3456 5015 πρῶτον
3505 4943 3667 4996 αὑτὸν

2079 5037 2279 5102 σώζει,
2327 5030 2390 5089 οὗ
2441 5037 2492 5088 οἱ
2531 5036 2850 5105 σωζόμενοι,
2904 5035 2991 5088 ἵνα
3040 5034 3186 5105 δείξῃ
3223 5035 3310 5086 ἐπ’
3355 5033 3522 5086 αὑτὸν
3571 5051 3671 5087 σω-

2080 5127 2308 5198 ζόμενον
2334 5125 2433 5196 τὴν
2461 5125 2626 5178 αὑτοῦ
2665 5125 2996 5195 ἀγαθότητα.
3039 5125 3149 5178 Kal.
3181 5125 3242 5177 οὑ
3276 5124 3403 5187 τοὺς
3437 5123 3669 5194 μικροὺς

2080 5219 2279 5290 μᾶλλον
2319 5219 2568 5290 βούλεται
2601 5220 2817 5283 σώζειν,
2851 5219 2946 5270 καὶ
2978 5219 3074 5288 ὲᾷν
3105 5217 3196 5270 τὸν
3238 5217 3558 5286 ἀναγκαῖον,
3609 5215 3672 5279 ἐξ

2075 5303 2338 5384 οὗπερ-οἱ
2379 5310 2674 5380 σωζόμενοι
2717 5309 3029 5377 γεγόνασιν.
3075 5308 3146 5360 Ἢ
3183 5307 3359 5370 άλλως
3397 5305 3582 5367 πάλιν,
3619 5305 3670 5356 εί

2079 5405 2177 5478 μὲν
2212 5405 2459 5476 βούλεται
2509 5404 2676 5456 αὑτὸν
2723 5401 2798 5473 μὴ
2844 5401 3060 5466 σώζειν,
3111 5402 3238 5463 τοὺς
3275 5400 3331 5452 δὲ
3374 5399 3466 5452 ὑπ’
3501 5395 3668 5451 αὐτοῦ

2085 5495 2269 5564 σώζει,
2308 5497 2414 5570 ἄρα
2445 5497 2505 5549 οὑ
2531 5495 2738 5548 τέλειον
2767 5492 3162 5567 ἀπεργάζεται,
3201 5492 3319 5545 οὑδὲ
3351 5490 3574 5545 δύναται
3607 5487 3671 5540 τὺ

457 5685 660 5742 ‘Joan.
723 5703 820 5752 χιιι,
872 5687 961 5743 3i.
1038 5688 1058 5719 ¹
1095 5683 1254 5745 Joan.
1298 5705 1350 5754 ν,
1408 5688 1494 5744 19.
1571 5687 1592 5720 ³
1655 5687 1784 5744 ibid.
1829 5687 1920 5743 44.

2077 5685 2210 5743 ὀιιιι.
2290 5701 2408 5750 vni,
2461 5683 2550 5740 50.
2665 5683 2685 5715 '
2735 5681 2841 5738 lsa.
2895 5695 3030 5746 stu,
3081 5681 3145 5747 3;
3181 5677 3364 5732 Matth.
3421 5690 3524 5744 xu,
3571 5675 3666 5733 20.

383 5757 409 5792 τ
431 5754 615 5813 llCor.
646 5774 718 5826 tv,
751 5759 805 5811 4.
