4076 6392
383 339 487 394 15':

1101 337 1473 395 ADVERSUS
1510 338 1856 395 ΗΑςιιΕδΕδ
1895 337 2019 393 LIB.
2054 337 2116 390 Il.
2158 335 2320 392 T0,“.
2363 335 2424 389 Il-.
2465 365 2532 374 ——
2573 332 2845 388 HA‘IRES.
2879 332 3063 387 LXVI.

3523 329 3625 387 158

379 453 590 522 ἀγαθὸν
623 453 954 524 ἐργάσασθαι
988 455 1044 506 έν
1090 454 1386 524 τελειότητι
1411 470 1422 480 ·
1453 457 1501 506 εί
1532 454 1589 506 δὲ
1615 453 1703 506 διά
1731 454 1790 506 τὸ
1820 449 1957 505 εἶναι

2079 466 2168 520 [uo
2191 452 2242 504 hi
2277 450 2369 518 qui
2404 456 2693 503 servantur
2710 447 2991 518 propagati
3021 454 3166 500 sunt.
3199 444 3403 501 Deinde
3429 448 3475 502 si
3501 463 3627 502 cum

380 545 553 599 αὐτὸν
580 545 794 614 φύσεως
842 545 915 614 μὴ
961 541 1293 614 σωζομένης,
1340 543 1502 596 αὐτὸν
1547 544 1645 614 μὲν
1685 542 1958 606 ἀδυνάτως

382 637 498 706 ἔχει
537 633 748 699 σώζειν,
776 637 902 697 τοὺς
930 635 988 687 δὲ
1014 635 1104 688 ὑπ’
1131 634 1295 687 αὑτοῦ
1330 634 1727 704 γεγενημένους
1772 631 1960 696 σώζει,

622 725 820 796 μᾶλλον
849 727 900 778 οἱ
945 725 1003 791 ἐξ
1033 725 1196 778 αὑτοῦ
1239 725 1593 794 γεγενημένοι
1648 725 1961 795 σαθρότεροι

383 816 555 870 αὑτοῦ
586 819 886 887 ὑπάρχουσι
912 857 926 876 ,
960 817 1054 869 καὶ
1099 817 1374 878 ἀδυνάτως
1411 815 1590 885 έχουσι
1625 815 1755 886 πρὸς
1794 832 1964 884 σωτη-

386 909 534 976 ρίαν.
559 909 668 960 Καὶ
689 907 863 969 ἄλλως
881 907 959 970 δὲ,
985 909 1033 959 εί
1063 907 1187 977 μὲν,
1217 907 1324 960 ἴδιά
1344 925 1463 960 τινα
1490 907 1563 977 μὴ
1586 906 1721 976 έχων
1749 906 1960 968 σώζειν,

386 1001 463 1060 εἰς
508 999 570 1050 τὰ
609 998 864 1067 ἀλλότρια
898 994 1060 1068 ἦλθεν
1094 997 1403 1063 ἐπιδείξεως
1437 998 1618 1070 χάριν,
1659 998 1758 1066 τὴν
1800 996 1960 1050 αὐτοῦ

387 1091 642 1162 βοήθειαν
667 1093 862 1158 δεῖξαι,
893 1092 1060 1164 πολλὴ
1084 1097 1117 1165 ή
1150 1095 1373 1166 ἀπορία,
1397 1097 1430 1166 ἡ
1463 1094 1536 1165 μὴ
1559 1095 1829 1165 δυναμένη
1859 1095 1963 1146 ἴδια

387 1184 609 1251 σώζειν,
647 1187 740 1238 καὶ
768 1188 848 1250 είς
892 1186 962 1239 τά
991 1187 1250 1257 ἀλλότρια
1280 1187 1658 1259 ὲπιδημοῦσα,
1691 1189 1839 1252 ὅπως
1881 1191 1966 1240 ἐν-

388 1277 631 1346 δείξηται
679 1277 739 1330 τὸ
781 1277 962 1349 ἔργον,
1000 1278 1028 1330 6
1071 1281 1128 1331 ὲν
1168 1282 1280 1344 τοῖς
1313 1279 1464 1343 ἰδίοις
1495 1279 1771 1344 ἀδυνάτως
1809 1280 1964 1350 ἔσχεν

389 1367 782 1433 ἐπιδείξασθαι.
812 1369 924 1420 Καὶ
953 1367 1053 1439 ἥδη
1080 1369 1326 1447 διέπεσεν
1359 1372 1388 1422 6
1421 1369 1548 1440 περὶ
1585 1368 1677 1421 τοῦ
1716 1369 1966 1439 Σωτῆρος

391 1461 490 1512 καί
531 1458 624 1512 τοῦ
653 1460 915 1530 ἄρχοντος
952 1460 1046 1513 τοῦ
1089 1461 1283 1524 αἰῶνος
1316 1461 1505 1514 τούτου
1545 1461 1649 1514 ὑπὸ
1676 1460 1772 1513 τοῦ
1802 1461 1960 1532 Μάνη

391 1551 682 1620 εἰρημένος
704 1550 881 1618 λόγος.
914 1553 1022 1604 Καὶ
1044 1550 1158 1604 ἔστι
1185 1552 1263 1622 τῷ
1290 1551 1404 1605 ὄντι
1431 1554 1460 1605 6
1486 1552 1617 1615 Θεὸς
1649 1552 1741 1604 τοῦ
1775 1552 1968 1615 αἰῶνος

391 1645 585 1696 τούτου
614 1644 674 1695 οὐ
699 1643 830 1706 Θεὸς
855 1643 1303 1716 παρηλλαγμένος
1329 1645 1480 1715 παρά
1502 1645 1590 1698 τὸν
1611 1644 1740 1698 ὄντα
1772 1643 1967 1705 άλλως,

391 1733 517 1786 οὐδὲ
551 1734 914 1798 ἐνυπόστατος
945 1735 1076 1798 Θεὸς
1117 1735 1293 1798 ἄλλος,
1335 1734 1409 1805 μὴ
1435 1735 1678 1804 γένοιτοί
1707 1734 1838 1798 Θεὸς
1861 1736 1968 1804 γάρ

391 1827 422 1880 6
454 1826 676 1880 πάντων
705 1827 1002 1898 Δεσπότης,
1031 1828 1061 1878 6
1099 1829 1190 1880 τὸν
1221 1827 1424 1898 κόσμον
1459 1829 1710 1898 ποιήσας,
1746 1822 1826 1890 εἷς
1853 1829 1968 1879 ἐστι

393 1917 548 1981 Θεὸς,
581 1920 610 1972 6
634 1919 838 1987 Πατὴρ
864 1918 970 1972 τοῦ
1002 1919 1224 1987 Κυρίου
1253 1918 1420 1988 ἡμῶν
1455 1919 1655 1987 Ἰησοῦ
1686 1919 1964 1987 Χριστοῦ,

393 2009 491 2062 καὶ
511 2009 766 2062 οὐδέποτε
793 2010 1079 2064 διαλείπει.

2064 540 2200 594 alios
2245 539 2456 604 liberet,
2500 537 2730 593 liberare
2761 537 3116 592 nihilominus
3148 538 3281 592 nolit
3322 539 3495 606 illum,
3528 543 3632 595 im-

2063 630 2362 700 perfectum
2397 631 2653 700 quiddam
2689 639 2790 692 est,
2824 631 2970 699 quod
3003 633 3247 697 molitur,
3279 648 3380 687 nec
3415 633 3636 688 absolu-

2063 730 2177 776 tum
2219 724 2416 777 bonum
2449 729 2708 792 praestare
2748 737 2908 790 posse
2955 722 3184 776 videtur.
3239 721 3358 776 Jam
3398 739 3528 778 vero
3562 726 3632 788 si,

2065 816 2207 884 quod
2250 815 2517 883 ejusmodi
2548 822 2756 867 natura:
2783 830 2890 867 non
2922 815 3013 871 sit.
3045 831 3166 883 quae
3197 819 3404 870 servari
3438 819 3630 886 possit,

2065 908 2293 962 salutem
2341 905 2467 958 huic
2500 903 2691 958 aﬂ‘erre
2735 913 2986 973 nequeat,
3035 921 3198 974 quam
3247 907 3315 960 ab
3346 921 3410 962 eo
3438 909 3634 978 genitis

2065 998 2389 1067 impcrtitur,
2423 1011 2554 1050 sane
2584 995 2674 1064 qui
2707 994 2774 1047 ab
2803 996 2894 1050 illo
2923 998 3028 1049 orti
3056 1006 3183 1050 sunt
3213 998 3370 1069 longe
3396 999 3633 1054 deterio-
3732 1070 3738 1073 _

2065 1106 2152 1144 res
2186 1105 2308 1144 esse
2341 1089 2558 1151 debent,
2592 1096 2650 1141 ut
2677 1103 2743 1141 ne
2775 1088 3003 1142 salutem
3034 1089 3250 1157 quidem
3283 1091 3507 1160 adipisci
3532 1092 3638 1163 ipsi

2066 1182 2296 1252 possint.
2323 1181 2402 1235 Ad
2430 1182 2543 1234 haec
2565 1195 2633 1245 ει,
2661 1163 2786 1235 cum
2813 1181 3016 1236 nullam
3035 1183 3300 1250 privatam
3331 1185 3638 1253 possessio—

2066 1291 2188 1330 nem
2217 1274 2432 1339 habeat,
2461 1289 2623 1342 quam
2654 1273 2914 1336 vindicet,
2945 1274 3012 1326 ad
3037 1273 3265 1329 alienam
3293 1281 3548 1344 accessit,
3577 1286 3637 1331 ut

2066 1366 2304 1436 seipsum
2357 1374 2409 1419 et
2437 1379 2592 1434 opem
2615 1373 2912 1419 ostentaret
2933 1380 3110 1430 suam,
3136 1367 3452 1436 perplexum
3478 1369 3637 1439 quid-

2066 1459 2191 1512 dam
2217 1467 2271 1513 et
2303 1457 2638 1527 implicatum
2661 1455 2912 1523 elﬁcitur,
2949 1466 3011 1511 ut
3033 1474 3154 1528 quae
3185 1459 3354 1516 virtus
3386 1477 3474 1516 res
3506 1477 3637 1519 suas

2067 1566 2286 1606 servare
2317 1559 2572 1620 nequeat,
2607 1550 2674 1603 ad
2705 1550 2908 1604 alienas
2939 1565 2997 1604 se
3025 1550 3293 1616 conferat,
3329 1565 3387 1608 ut
3417 1555 3549 1610 illud
3581 1557 3638 1610 in

2068 1642 2136 1696 iis
2166 1647 2406 1711 praestet.
2447 1640 2590 1709 quod
2640 1639 2693 1692 in
2729 1639 2966 1708 prepriis
3007 1655 3261 1695 exercere
3297 1657 3403 1696 non
3437 1646 3636 1713 potuit.

2070 1731 2184 1786 Hoc
2229 1732 2394 1802 igitur
2441 1731 2601 1785 modo
2648 1732 2758 1784 ruit
2806 1732 2984 1787 omnis
3022 1732 3112 1786 illa
3161 1732 3229 1788 de
3271 1732 3553 1792 Salvatore
3575 1752 3642 1794 ac

2073 1827 2255 1881 saeculi
2304 1825 2468 1894 hujus
2511 1823 2752 1893 principe
2804 1822 3086 1878 Manichai
3132 1827 3416 1880 sententia.
3467 1828 3546 1882 Ac
3594 1845 3642 1885 st

2073 1919 2219 1990 quod
2276 1934 2362 1972 res
2407 1924 2490 1971 est
2538 1916 2693 1971 fateri
2723 1917 2995 1979 volumus,
3044 1917 3204 1973 istius
3255 1921 3438 1985 saeculi
3499 1919 3643 1978 Deus

2077 2027 2184 2065 non
2220 2010 2360 2063 alius
2401 2016 2506 2074 est,
2556 2023 2585 2060 a
2625 2023 2754 2061 vero
2786 2006 2894 2061 Deo
2922 2007 3192 2072 diversus,
3243 2025 3343 2066 nec
3373 2013 3481 2068 ulla
3510 2018 3642 2072 sub-

395 2105 600 2158 stantia
621 2107 882 2175 praeditus
939 2107 1100 2162 alius.
1154 2105 1432 2178 Siquidem
1466 2106 1725 2162 Dominus
1786 2108 2029 2162 omnium
2063 2105 2238 2171 Deus,
2293 2120 2355 2158 ac
2403 2103 2590 2158 mundi
2638 2103 2888 2158 conditor
2930 2103 3072 2160 Deus
3121 2122 3265 2162 unus
3322 2118 3436 2174 est,
3480 2111 3647 2168 Pater

401 2198 615 2254 Domini
663 2200 831 2254 nostri
876 2198 1005 2254 Jesu
1057 2199 1316 2267 Christi‘,
1375 2202 1470 2271 qui
1523 2217 1804 2271 nunquam
1853 2216 1977 2257 esse
2011 2201 2240 2256 desinet.

465 2291 585 2344 ΞΘ¹.
629 2293 764 2363 Περὶ
797 2286 857 2345 οὗ
883 2292 939 2344 δὲ
982 2294 1010 2344 6
1066 2293 1384 2357 Ἀπόστολος
1420 2293 1596 2362 λέγει,
1629 2294 1688 2346 ὃν
1720 2295 1974 2365 ᾑρέτισαν

394 2384 490 2436 τὸν
521 2384 652 2436 Θεὸν
683 2384 889 2436 ἑαυτῶν
921 2379 1061 2438 εἶναι
1086 2387 1134 2436 oi
1169 2384 1406 2448 ἄπιστοι,
1439 2385 1498 2438 οὐ
1534 2385 1690 2456 μόνον
1713 2385 1855 2453 λέγω
1879 2385 1976 2439 ἕνα

397 2476 532 2527 Θεὸν
561 2473 700 2530 εἶναι
732 2475 827 2530 τοῦ
863 2475 1058 2539 αίῶνος
1091 2477 1302 2542 τούτου,
1339 2478 1413 2548 μὴ
1445 2477 1681 2546 γένοιτοί
1720 2477 1856 2532 ἀλλά
1885 2479 1977 2532 καὶ

398 2567 649 2631 πολλοὺς,
687 2561 769 2630 οἷς
809 2569 1034 2630 ἑαυτοὺς
1073 2568 1344 2633 ὑπέταξαν
1381 2571 1431 2622 οἱ
1469 2571 1707 2634 ἄπιστοι,
1743 2571 1835 2624 καὶ
1863 2573 1980 2623 ὲτυ-

399 2657 695 2730 φλώθησαν
725 2659 822 2729 τὴν
844 2658 1080 2713 διάνοιαν
1100 2675 1113 2688 ⁸
1139 2659 1214 2722 ὡς
1247 2660 1341 2713 καὶ
1368 2662 1425 2713 ὲν
1457 2660 1601 2732 ἄλλῳ
1630 2661 1782 2732 τόπῳ
1807 2661 1971 2729 λέγει’

398 2745 517 2805 Ὧν
543 2754 578 2804 ὁ
620 2751 763 2814 Θεὸς
795 2753 832 2820 ἡ
874 2751 1090 2814 κοιλία,
1118 2750 1219 2804 καὶ
1250 2752 1288 2818 ἡ
1317 2750 1466 2815 δόξα
1499 2752 1568 2805 ἐν
1606 2751 1680 2820 τῇ
1716 2754 1978 2823 αἰσχύνῃ

397 2842 624 2896 αὐτῶνο
649 2843 744 2895 καὶ
765 2844 794 2894 6
825 2841 1028 2913 Κύριος
1055 2843 1112 2894 ἐν
1139 2841 1217 2912 τῷ
1238 2842 1570 2912 Εὑαγγελίῳ⁶
1607 2844 1688 2895 Οὺ
1714 2842 1979 2896 δύνασθε

399 2934 547 2988 δυσί
585 2934 806 3001 κυρίοις
845 2932 1196 2997 δουλεύειν,
1231 2943 1415 3003 φησιν.
1448 2929 1580 2984 Εἶτα
1617 2931 1756 3003 μετά
1789 2932 1976 2996 πολλὰ,

403 3023 495 3077 ἵνα
523 3022 671 3093 δείξῃ
716 3023 856 3086 τίνες
891 3023 1031 3076 εἰσὶν
1080 3025 1129 3075 oi
1164 3022 1256 3075 δύο
1299 3021 1498 3093 κύριοι,
1535 3022 1718 3092 φησίν·
1760 3023 1844 3076 Οὐ
1877 3021 1978 3074 δύ-

2147 2289 2330 2345 LXIX.
2365 2288 2536 2356 Quem
2567 2305 2695 2345 vero
2720 2302 3111 2347 commemorat
3137 2293 3451 2366 Apostolus,
3476 2299 3648 2356 ultro-

2078 2401 2182 2454 que
2228 2384 2296 2438 ab
2366 2383 2674 2438 infidelibus
2715 2383 3026 2454 adoptatum
3068 2388 3418 2466 ascitumque
3438 2401 3648 2462 narrat,

2079 2492 2187 2531 non
2224 2491 2389 2530 unum
2419 2476 2568 2529 illum
2629 2476 2913 2546 solumque
2942 2478 3124 2530 saeculi
3149 2478 3310 2548 hujus
3337 2496 3457 2536 esse
3478 2481 3649 2539 Deum

2079 2570 2223 2634 dico,
2257 2569 2352 2623 sed
2382 2568 2588 2637 plures,
2621 2569 2820 2638 quibus
2855 2583 2914 2622 se
2939 2568 3182 2624 inﬁdeles
3214 2573 3565 2642 subjecerint,
3595 2583 3650 2631 et

2080 2661 2277 2716 animis
2336 2661 2597 2715 obcaecati
2645 2661 2774 2715 sint.
2841 2659 3307 2725 Quemadmodum
3362 2666 3471 2721 alio
3530 2669 3650 2725 loco

2082 2752 2214 2806 dicit
2241 2771 2253 2805 :
2296 2751 2534 2817 Quorum
2583 2752 2723 2805 Deus
2755 2762 2929 2805 venter
2964 2763 3064 2817 est,
3097 2764 3147 2808 et
3181 2755 3352 2825 gloria
3382 2759 3436 2812 in
3464 2761 3652 2830 confu-

2081 2848 2224 2901 sione
2253 2848 2540 2916 ipsorum’.
2599 2847 2735 2902 Item
2771 2849 2826 2901 in
2858 2847 3150 2918 Evangelia
3181 2851 3442 2908 Dominus
3469 2871 3481 2907 :
3526 2854 3651 2910 Non

2078 2939 2292 3006 potestis
2311 2937 2512 2990 duobus
2535 2937 2762 2991 dominis
2785 2939 3025 2992 servire‘.
3046 2937 3250 2995 Deinde
3275 2941 3462 2996 multis
3482 2943 3630 2998 inter

2075 3029 2258 3095 jeciis,
2290 3036 2345 3082 ut
2378 3027 2596 3098 quinam
2624 3027 2731 3082 duo
2754 3028 2830 3082 illi
2851 3029 3054 3083 domini
3079 3038 3263 3084 essent
3291 3033 3603 3088 ostenderet
3633 3056 3646 3089 :

401 3118 598 3169 νασθε
637 3115 758 3179 Θεῷ
802 3113 1116 3168 δουλεύειν
1149 3114 1245 3167 καὶ
1277 3112 1598 3183 μαμμωνᾷ.
1644 3113 1785 3184 Ἀρα
1823 3107 1915 3166 οὖν
1950 3115 1975 3166 6

2083 3119 2207 3171 Non
2269 3120 2506 3186 potestis,
2549 3121 2746 3188 inquit,
2794 3122 2987 3174 servire
3025 3120 3130 3175 Deo
3175 3132 3227 3175 et
3281 3126 3650 3188 mammonae".

401 3204 539 3267 Θεὸς
563 3203 714 3267 Θεὸς,
746 3204 842 3256 καὶ
883 3203 1189 3273 μαμμωνᾶς
1217 3202 1347 3264 Θεὸς
1370 3202 1462 3254 τοῦ
1492 3201 1715 3271 κόσμου.
1745 3200 1843 3254 Διά
1871 3199 1975 3271 γὰρ

2082 3208 2444 3274 Quamobrem
2483 3217 2536 3263 et
2565 3208 2708 3264 Deus
2739 3225 2863 3265 vere
2895 3209 3038 3266 Deus
3076 3220 3178 3278 est,
3220 3221 3274 3267 et
3313 3230 3651 3272 mammonas

401 3295 501 3351 τοῦ
561 3295 843 3365 μαμμωνᾶ
887 3294 981 3346 καὶ
1016 3293 1118 3362 τῆς
1161 3293 1366 3356 κοιλίας
1408 3292 1514 3346 τῶν
1566 3292 1658 3344 δύο
1706 3290 1908 3344 τούτων
1946 3293 1978 3361 ἡ

403 3389 634 3456 πλείστη
687 3386 848 3454 φύσις
886 3386 994 3438 τῶν
1045 3383 1347 3456 ἀνθρώπων
1390 3383 1690 3452 τυφλώττει
1732 3380 1980 3444 δελεαζο-

403 3482 570 3552 μένη,
605 3480 703 3549 οὐχ
729 3479 834 3530 ὑπὸ
862 3477 995 3530 Θεοῦ
1023 3476 1260 3530 λαϐοῦσα
1290 3478 1390 3548 τὴν
1416 3478 1708 3547 πρόφασιν,
1736 3474 1871 3528 ἀλλά
1894 3473 1981 3527 διά

403 3571 508 3640 τῆς
534 3569 669 3631 ἰδίεις
705 3567 1137 3638 κακομηχανίας,
1166 3567 1238 3629 ὡς
1268 3568 1495 3630 ἕκαστος
1528 3566 1851 3637 ὀρεγόμενος
1889 3565 1982 3618 ἐπὶ

403 3667 477 3734 τῇ
502 3661 728 3732 ἀπιστίᾳ
752 3661 942 3714 ἑαυτὸν
991 3659 1357 3730 παραδίδωσιν
1398 3659 1706 3729 ὑποχείριον
1740 3659 1977 3711 πάντων.

408 3754 575 3808 Ὅθεν
595 3755 688 3806 καὶ
706 3756 734 3806 ό
764 3752 1082 3814 Ἀπόστολος
1100 3751 1244 3820 λέγει
1262 3768 1275 3780 °
1317 3748 1464 3810 Ῥίζα
1485 3750 1726 3804 πάντων
1748 3748 1865 3803 τῶν
1882 3766 1983 3802 κα-

301 3858 307 3862 ’
405 3846 764 3915 κῶνὲστινή
787 3845 1161 3915 φιλαργυρία.
1183 3843 1388 3897 Καιδιά
1413 3842 1565 3896 τοῦτι.
1591 3843 1858 3912 ἐπαρᾶται
1879 3859 1976 3894 κα⁶

405 3942 480 4010 κῇ
510 3936 1057 4010 προλήψειθεοποιίας
1080 3934 1274 4002 λέγων’
1297 3933 1661 4002 Τὰβρώματα
1674 3932 1743 4001 τῇ
1763 3933 1982 3998 κοιλίᾳ,

407 4030 511 4083 καὶ
531 4031 571 4097 ἡ
593 4031 792 4083 κοιλία
808 4027 931 4093 τοῖς
945 4025 1282 4096 βρώμασιν.
1313 4027 1376 4078 Ὃ
1400 4023 1468 4078 δὲ
1484 4024 1627 4090 Θεὸς
1641 4025 1737 4078 καὶ
1760 4027 1986 4093 ταύτην

407 4123 508 4176 καὶ
532 4120 720 4175 ταῦτα
745 4119 1106 4188 καταργήσει
1124 4137 1139 4150 ο
1161 4117 1511 4189 ἐπαρώμενος
1535 4119 1768 4189 γαστρὸς
1797 4118 1984 4171 ἐπιθυ-

409 4215 580 4285 μίαις.
619 4215 680 4266 '0
707 4213 848 4278 Θεὸς
874 4212 1054 4266 τοίνυν
1081 4211 1188 4265 τοῦ
1209 4210 1422 4275 αἰῶνος
1439 4212 1654 4264 τούτου
1686 4211 1987 4285 ἐτύφλωσε

405 4308 484 4361 τὰ
505 4305 773 4375 νοήματα
793 4302 910 4357 τῶν
930 4305 1218 4358 ἀπίστων
1241 4302 1318 4365 ὡς
1347 4302 1440 4354 καὶ
1481 4303 1539 4355 ἐν
1567 4300 1644 4370 τῷ
1671 4301 1987 4370 Εὑαγγελίῳ

406 4397 721 4467 εὑρίσκεται
742 4398 770 4448 6
791 4395 1151 4466 γραμματεὺς
1168 4392 1380 4464 πρῶτος
1395 4393 1490 4444 καὶ
1515 4392 1762 4462 δεύτερος
1782 4393 1954 4461 λέγων
1969 4410 1983 4424 ·

2082 3301 2246 3372 hujus
2280 3299 2470 3355 mundi
2501 3299 2662 3356 Deus.
2717 3301 2853 3356 Nam
2884 3303 3192 3369 amborum,
3225 3305 3329 3360 hoc
3359 3315 3444 3361 est
3475 3324 3651 3363 mam-

2083 3410 2258 3449 monte
2304 3410 2369 3449 ac
2415 3394 2644 3459 ventris,
2676 3393 2929 3448 illecebra
2973 3395 3198 3464 pellecta
3244 3399 3476 3452 maxima
3520 3415 3648 3470 pars

2083 3485 2390 3539 mortalium
2423 3493 2759 3551 excsecatur;
2816 3485 2975 3553 cujus
3005 3486 3222 3555 quidem
3258 3489 3473 3558 culpam
3509 3489 3650 3546 Deus

2083 3574 2306 3628 minime
2349 3576 2603 3637 sustinet,
2644 3575 2738 3630 sed
2781 3577 2990 3644 privata
3035 3577 3252 3631 illorum
3307 3579 3648 3650 improbitas,

2084 3679 2182 3732 pro
2206 3679 2271 3717 eo
2303 3679 2367 3718 ac
2394 3666 2626 3734 quisque
2655 3665 2952 3734 cupiditate
2996 3665 3194 3722 ductus
3225 3683 3320 3738 per
3357 3671 3648 3729 inlidelitao

2085 3763 2191 3808 tem
2217 3754 2522 3824 subjectum
2556 3755 2722 3827 690
2748 3772 2807 3812 se
2835 3757 3091 3813 omnibus
3116 3759 3518 3829 obnoxiumque
3544 3772 3653 3818 tra-

2084 3845 2307 3898 diderit.
2340 3845 2480 3900 Hinc
2503 3847 2636 3900 illud
2653 3848 2897 3916 Apostoli
2925 3848 3164 3903 dictum:
3195 3850 3369 3905 Radix
3391 3854 3652 3910 malorum

2087 3936 2318 3990 omnium
2357 3948 2436 3991 est
2463 3939 2752 3995 avaritia’.
2800 3938 2940 3994 Hinc
2973 3952 3354 4012 praesumptam
3397 3945 3540 3998 illam
3588 3961 3652 4001 ac

2084 4029 2431 4099 depravatam
2461 4030 2718 4084 falsorum
2750 4030 2976 4086 deorum
3005 4033 3314 4101 opinionem
3338 4047 3656 4092 exsecratur

2086 4120 2172 4174 his
2199 4121 2414 4175 verbis:
2452 4120 2591 4176 Esca
2621 4126 2784 4176 ventri
2826 4135 2876 4176 et
2913 4133 3088 4177 venter
3110 4128 3265 4180 escis.
3298 4126 3440 4182 Deus
3476 4139 3652 4184 autem

2084 4220 2134 4264 et
2157 4210 2291 4264 hunc
2323 4223 2372 4265 et
2399 4212 2525 4266 illas
2553 4213 2837 4268 destruet“.
2883 4214 3093 4279 Quibus
3121 4217 3303 4272 verbis
3336 4220 3538 4274 ventris
3563 4237 3655 4276 cu-

2087 4303 2343 4372 piditates
2365 4305 2453 4358 ille
2474 4305 2774 4360 detestatus
2795 4317 2897 4360 est.
2925 4307 3065 4362 Deus
3091 4308 3272 4378 itaque
3292 4311 3481 4369 surculi
3497 4311 3654 4380 hujus

2086 4396 2366 4447 exca’cavit
2409 4406 2602 4449 mentes
2643 4397 2936 4464 inﬁdelium
2955 4399 2996 4452 ⁷.
3058 4399 3178 4464 Quo
3225 4401 3356 4454 illud
3398 4403 3653 4471 pertinet,

413 4489 481 4542 Τί
518 4489 796 4566 φοιήσας
841 4486 994 4555 ζωὴν
1031 4485 1270 4539 αἰώνιον
1305 4483 1741 4554 κληρονομήσω
1753 4500 1773 4547 ;
1819 4487 1877 4538 Ὀ
1927 4484 1975 4536 δὲ

2089 4485 2230 4554 quod
2258 4486 2310 4538 in
2337 4485 2624 4556 Evangelio
2650 4488 2897 4558 legimus,
2915 4490 3148 4558 primum
3171 4491 3322 4545 illum
3347 4499 3401 4546 et
3421 4481 3656 4547 alterum

409 4583 515 4652 ἔφη
537 4600 552 4614 ο
597 4582 739 4649 Τίμα
772 4579 881 4632 τὸν
915 4579 1140 4646 πατέρα
1183 4578 1281 4631 καὶ
1318 4577 1434 4643 τὴν
1466 4569 1694 4645 μητέρα
1736 4575 1885 4629 κατὰ
1916 4576 1980 4627 τὸ

409 4658 834 4743 δἐπῡαμμένον.
871 4670 944 4723 Οὐ
992 4670 1100 4740 γὰρ
1157 4665 1224 4739 ἦν
1263 4668 1518 4738 ἀλλότρια
1546 4667 1613 4720 τά
1651 4665 1744 4719 τοῦ
1795 4667 1982 4736 νόμου.

423 4764 695 4827 Ὡσαύτως
720 4764 749 4814 6
772 4762 972 4832 Κύριος
1001 4760 1240 4814 διδάσκει
1270 4759 1416 4828 ζωῆς
1459 4757 1816 4828 κληρονομίας
1848 4753 1986 4808 εἶναι

406 4856 513 4927 τὴν
564 4853 968 4924 παραφυλακὴν
1011 4850 1105 4904 τοῦ
1153 4851 1339 4921 νόμου.
1391 4845 1523 4904 Εἶτά
1580 4865 1740 4919 φησι⁶
1797 4848 1987 4901 Ταῦτα

407 4948 614 5004 πάντα
658 4947 919 5012 ἐποίησα
965 4945 1033 4997 ἐκ
1075 4944 1356 5010 νεότητός
1397 4959 1541 5011 μου.
1599 4941 1706 4992 Καὶ
1746 4939 1985 5002 ἀκούσας

407 5043 607 5113 ἐχάρη,
633 5040 720 5092 ἵνα
743 5039 890 5109 δείξῃ
910 5037 1007 5100 τάς
1033 5035 1250 5098 ὲντολάς
1275 5033 1368 5087 τοῦ
1397 5033 1560 5103 νόμου
1586 5033 1683 5084 οὐκ
1707 5031 1986 5100 ἀλλοτρίας

407 5135 513 5204 τῆς
541 5132 706 5185 αὑτοῦ
733 5130 980 5200 θεότητος
1005 5126 1374 5199 ὑπαρχούσας.
1411 5125 1510 5178 Διά
1539 5123 1646 5195 γὰρ
1675 5123 1767 5176 τοῦ
1791 5126 1984 5186 εἰπεῖν,

407 5232 494 5284 ὅτι
528 5230 723 5299 ἐχάρη,
769 5225 1163 5294 συγκατάθεσιν
1193 5223 1485 5292 ἐποιήσατο
1521 5220 1765 5281 Παλαιᾶς
1797 5217 1987 5287 Διαθή-

408 5340 516 5392 κης
547 5321 682 5392 πρὸς
714 5320 858 5372 Νέαν
892 5317 1185 5388 Διαθήκην.
1220 5313 1379 5366 Ἀλλὰ
1411 5327 1574 5382 φησι·
1619 5312 1679 5364 Τί
1707 5311 1792 5364 ἔτι
1822 5313 1987 5363 ὑστε-

401 5413 526 5484 ρῶ;
558 5413 669 5467 Καὶ
712 5411 844 5481 φησὶ
879 5409 1013 5480 πρὸς
1040 5408 1233 5460 αὐτόν·
1277 5408 1344 5458 El
1385 5404 1577 5468 θέλεις
1618 5404 1844 5466 τέλειος
1891 5419 1984 5471 τε-

409 5505 656 5567 νέσθαι,
701 5501 986 5568 πώλησον
1030 5499 1102 5551 τὰ
1153 5493 1501 5563 ὑπάρχοντά
1547 5511 1674 5556 σοι,
1731 5491 1828 5544 καὶ
1882 5491 1986 5559 δὸς

512 5665 558 5715 ⁸1
600 5665 726 5717 Cor.
766 5679 802 5725 ι,
844 5663 900 5714 5.
974 5662 992 5691 ²
1017 5659 1249 5729 Philipp.
1276 5673 1361 5719 ιιι,
1388 5657 1473 5729 l9.
1503 5726 1515 5729 _
1549 5655 1794 5729 ’Ahlattli.
1828 5671 1901 5719 vr,
1937 5654 2027 5708 2i.

414 5749 493 5801 ιν,
524 5736 579 5790 4.
655 5736 676 5765 ⁸
715 5732 904 5791 Matth.
941 5746 1052 5793 χιχ,
1088 5725 1276 5784 lii-iiii.
1351 5729 1372 5758 '
1405 5726 1540 5780 ibid.
1576 5725 1666 5780 20.

785 5826 1056 5885 PATROL.
1085 5823 1203 5883 Gn.
1254 5819 1444 5882 XLII.

2091 4577 2298 4630 dixisse
2330 4579 2565 4632 scribam
2590 4599 2602 4632 :
2639 4579 2778 4643 Quid
2800 4580 3042 4647 faciendo
3073 4584 3234 4636 vitam
3263 4568 3652 4670 wternaﬁon-

2086 4670 2322 4736 sequar?
2375 4667 2613 4732 Honora,
2661 4669 2856 4738 inquit,
2900 4681 3102 4739 patrem
3141 4681 3189 4724 et
3237 4681 3480 4734 matrem,
3521 4667 3656 4745 sicut

2086 4759 2339 4827 scriptum
2379 4760 2513 4814 est“.
2575 4759 2692 4813 Non
2732 4761 2875 4815 enim
2909 4762 3082 4816 aliena
3128 4761 3261 4831 legis
3298 4769 3457 4816 erant
3489 4764 3557 4817 ab
3590 4766 3677 4820 οὐν

2088 4850 2371 4915 mandata;
2421 4851 2753 4920 perindeque
2795 4850 3053 4906 Dominus
3085 4853 3230 4906 illius
3274 4853 3656 4910 observatione

2089 4942 2207 4996 vitae
2231 4943 2471 4996 ctelestis
2496 4942 2863 4996 hazreditatem
2895 4942 3124 4998 obtineri
3160 4945 3363 4998 docuit.
3414 4945 3656 5014 Subjecit

2087 5034 2153 5088 ad
2192 5034 2306 5088 hac
2330 5035 2550 5103 juvenis
2582 5033 2743 5087 :llwc
2777 5034 2953 5087 omnia
2984 5036 3181 5088 servavi
3209 5038 3274 5088 ab
3303 5037 3658 5091 adolescentia

2087 5125 2254 5179 mea“.
2293 5124 2410 5192 Quo
2439 5125 2624 5179 audito
2652 5126 2898 5180 Christus
2929 5125 3150 5196 gavisus
3179 5135 3286 5192 est,
3321 5137 3380 5181 ut
3401 5128 3656 5184 ostende-

2088 5228 2169 5272 ret
2202 5233 2231 5270 a
2259 5217 2541 5272 divinitate
2579 5227 2679 5272 Sua
2724 5232 3063 5286 nequaquam
3097 5228 3361 5288 prmeepta
3397 5220 3530 5288 legis
3560 5221 3654 5273 ab-

2090 5311 2328 5364 horrere.
2382 5309 2518 5364 Cum
2562 5311 2703 5364 enim
2754 5310 2973 5380 gavisus
3018 5326 3138 5365 esse
3181 5311 3400 5374 dicitur,
3441 5309 3654 5364 Veteris

2088 5402 2420 5456 Testameuti
2450 5418 2572 5456 cum
2599 5401 2747 5456 Novo
2774 5403 3193 5458 Consensionem
3221 5418 3284 5456 ac
3307 5403 3659 5457 concordiam

2089 5494 2338 5547 astruxit.
2366 5493 2602 5547 Instante
2627 5507 2753 5547 vero
2785 5494 3131 5548 adolescente
3187 5501 3261 5559 et,
3323 5493 3462 5560 Quid
3486 5498 3660 5552 adhuc

2115 5657 2135 5687 δ
2175 5656 2304 5711 ibid.
2346 5657 2404 5710 ⁸1
2437 5655 2576 5712 Tim.
2609 5673 2684 5721 vr,
2713 5657 2800 5712 i0.
2875 5658 2894 5688 ⁶
2924 5657 2939 5711 Ι
2969 5657 3086 5713 Cor.
3130 5675 3203 5720 Vl,
3244 5656 3310 5712 15
3408 5658 3426 5688 ⁷
3452 5656 3492 5712 II
3521 5653 3656 5714 Cor.

3262 5794 3302 5879 ε

2943 5925 2986 5955 δῖ
