4076 6392
415 340 518 404 tas
1313 289 1316 294 I
1363 328 1366 334 ί
1771 339 1844 395 s.
1886 336 2228 395 EPIPHANII
3569 333 3673 404 ηρ

413 467 542 521 nsihi
579 463 764 520 deest?
805 460 1202 535 interrogante,
1243 450 1515 517 Dominus
1557 463 1868 534 respondit:
1931 462 1985 518 Si

2093 460 2368 530 πτωχοῖς,
2396 461 2493 516 καί
2517 451 2664 516 λάϐε
2683 454 2802 531 ξτόν
2820 461 3083 532 σταυρόν
3114 475 3234 518 σου
3255 481 3267 494 ·
3299 465 3395 520 καί
3422 465 3672 524 ἀκολού-

412 560 489 615 vis
515 558 774 628 perfectus
796 573 929 622 esse,
952 555 1111 612 vende
1129 571 1247 626 qua:
1273 553 1453 620 habes,
1475 563 1524 609 et
1554 554 1624 609 da
1651 556 1990 626 pauperibus,

408 663 458 706 et
491 667 638 705 sume
678 665 885 704 crucem
927 657 1110 713 tuam,
1166 658 1215 704 et
1259 664 1470 718 sequere
1509 664 1627 712 me;
1674 658 1724 702 et
1781 648 1992 704 habebis

410 743 717 797 thesaurum
759 741 813 795 in
846 739 999 796 cmlo.
1051 741 1122 794 At
1151 739 1242 794 ille
1276 740 1446 795 tristis
1486 739 1655 803 abiit;
1699 749 1814 795 erat
1851 743 1989 796 enim

408 834 700 890 admodum
731 833 872 888 dives
898 833 936 886 '.
983 831 1098 886 Sub
1131 833 1246 888 haec
1276 833 1573 889 Dominus:
1616 833 1855 888 Facilius
1890 844 1988 897 est.

407 927 608 999 inquit,
658 925 919 980 camelum
965 940 1061 994 per
1107 923 1343 992 foramen
1390 941 1532 979 acus.
1560 923 1784 996 ingredi,
1834 942 1991 996 quant

404 1021 621 1074 divitem
650 1019 705 1071 in
738 1033 953 1087 regnum
984 1017 1232 1070 caelorum
1253 1017 1294 1071 '.

478 1112 602 1167 Ideo
641 1111 787 1165 enim
821 1109 1032 1180 ingredi
1076 1123 1374 1180 nequeunt,
1411 1109 1556 1180 quod
1597 1125 1626 1163 a
1669 1110 1770 1164 deo
1805 1112 1990 1172 saeculi

405 1205 574 1274 hujus
606 1203 866 1257 obcaecati
899 1201 1124 1265 fuerint,
1150 1209 1203 1257 et
1229 1217 1593 1256 mammonam
1625 1217 1724 1272 pro
1758 1201 1864 1257 Deo
1897 1204 1990 1256 ha-

406 1299 536 1352 here
567 1295 925 1360 instituerint,
970 1310 1033 1348 ac
1067 1310 1125 1350 se
1153 1293 1390 1364 denique
1422 1295 1604 1349 saeculi
1639 1295 1740 1349 dco
1771 1303 1989 1364 sponte,

405 1389 513 1443 hoc
546 1399 630 1445 est
663 1389 925 1454 avaritia’,
954 1387 1309 1456 subiecerint.
1353 1385 1435 1440 Ad
1465 1387 1608 1456 quod
1643 1387 1770 1441 illud
1809 1386 1992 1440 Salva-

406 1482 544 1536 toris
580 1488 824 1553 spectat:
891 1478 1152 1534 Attendite
1189 1497 1220 1531 a
1277 1479 1532 1548 fermento
1570 1478 1987 1544 Pharisworum,

406 1572 546 1632 quod
569 1581 646 1627 est
674 1570 1018 1642 hypocrisis’.
1087 1569 1208 1623 Alio
1252 1586 1380 1624 vero
1409 1570 1549 1633 loco,
1589 1572 1725 1639 quod
1756 1580 1835 1625 est
1865 1588 1992 1626 ava-

407 1667 556 1719 ritia.
577 1663 747 1733 Cujus
777 1673 834 1718 ut
863 1662 1100 1717 fructum
1131 1677 1378 1732 opusque
1406 1661 1760 1732 signiﬁcaret,
1798 1663 1986 1729 Duces,

408 1757 621 1827 inquit,
670 1755 798 1809 calci
840 1764 984 1808 sunt.
1033 1751 1216 1808 chus
1263 1764 1437 1806 autent
1480 1769 1671 1807 ciccum
1717 1755 1764 1808 si
1803 1753 1984 1818 ducat,

2095 559 2180 610 θει
2205 572 2336 625 μοι·
2386 557 2483 609 καὶ
2524 555 2683 620 ἕξεις
2719 555 3028 625 θησαυρὸν
3074 558 3143 609 ἐν
3183 557 3439 625 οὐρανῷ.
3490 560 3552 612 ’0
3602 559 3671 613 δὲ

2093 645 2329 714 ἀπῆλθε
2359 648 2768 716 λυπούμενοςο
2805 644 2885 716 ἦν
2923 647 3032 716 γὰρ
3073 649 3369 714 πλούσιος
3410 650 3664 718 σφόδρα.

2092 736 2224 791 Εἶτα
2257 739 2284 790 6
2323 738 2527 809 Κύριος
2575 737 2676 808 ἐφη
2701 752 2713 765 ·
2747 737 3176 806 Εὐκοπᾰπερόν
3216 738 3347 792 ἐστι
3395 738 3670 807 κάμηλον

2092 830 2190 885 διὰ
2227 829 2551 900 τρυμαλιᾶς
2565 829 2822 900 ῥαφίδος
2851 830 3146 885 εἰσελθεῖν
3163 871 3176 896 ,
3203 831 3242 900 ἦ
3275 831 3577 885 πλούσιον
3600 831 3671 884 ἐν

2094 921 2168 990 τῇ
2186 924 2474 992 ,ϐασιλείᾳ
2499 923 2616 976 τῶν
2637 923 2926 992 οὐρανῶν.

2163 1099 2236 1152 Ού
2285 1098 2504 1152 δύναται
2544 1097 2654 1170 γὰρ
2684 1098 2975 1164 εἰσελθεῖν,
3005 1099 3084 1152 ὅτι
3127 1096 3516 1170 ἐτυφλώθησαν
3563 1099 3668 1152 ὑπὸ

2091 1191 2183 1244 τοῦ
2247 1191 2368 1244 θεοῦ
2421 1191 2513 1244 τοῦ
2558 1191 2770 1255 αἰῶνος,
2819 1191 3157 1262 ἡγησάμενοι
3211 1191 3303 1244 τὸν
3355 1194 3667 1263 μαμμωνᾶν

2092 1283 2298 1338 ἐαυτῶν
2330 1283 2489 1346 Θεὸν,
2532 1286 2625 1338 καὶ
2667 1286 2891 1347 ἐαυτοὺς
2926 1285 3269 1356 ὑποχειρίους
3307 1284 3667 1354 πεποιηκότες

2090 1375 2169 1444 τῷ
2209 1373 2315 1444 θεῷ
2340 1373 2434 1426 τοῦ
2460 1373 2656 1437 αἰῶνος
2685 1374 2896 1435 τούτου,
2928 1373 3173 1425 τουτέστι
3204 1375 3268 1443 τῇ
3297 1372 3627 1443 φιλαργυρίᾳ
3647 1389 3663 1402 ο

2091 1467 2166 1531 ὡς
2199 1467 2378 1536 λέγει·
2429 1469 2762 1535 Προσέχετε
2811 1467 2926 1521 ἀπὸ
2969 1465 3079 1535 τῆς
3119 1465 3301 1535 ζΰμης
3343 1466 3454 1535 τῆς
3488 1469 3664 1532 Φαρι-

2090 1561 2310 1622 σαίων,
2340 1558 2472 1627 ἣτις
2503 1560 2672 1613 ἐστὶν
2702 1560 3020 1628 ὑπόκρισις
3041 1577 3053 1590 ι
3081 1561 3175 1614 καὶ
3209 1561 3265 1613 ἐν
3303 1559 3446 1630 ἄλλῳ
3477 1559 3627 1630 τόπῳ
3647 1575 3662 1588 ο

2091 1652 2223 1720 ἣτις
2270 1651 2400 1704 ἐστὶ
2444 1653 2820 1722 φιλαργιιρία.
2867 1653 2976 1705 Καὶ
3018 1652 3105 1705 ἵνα
3157 1651 3304 1724 δείξῃ
3354 1651 3559 1722 ταύτης
3605 1652 3665 1704 τὸ

2089 1744 2436 1816 ἀποτέλεσμα
2470 1745 2563 1797 καὶ
2600 1744 2660 1796 τὸ
2695 1744 2874 1815 ἔργον,
2905 1743 3082 1812 λέγει’
3135 1743 3373 1814 Ὀδηγοί
3403 1747 3521 1797 εὶσι
3566 1761 3665 1799 tv-

409 1846 565 1904 ambo
599 1848 654 1900 in
697 1845 901 1915 foveant
934 1843 1119 1899 cadent
1139 1843 1179 1896 ⁸.
1232 1842 1385 1910 Quod
1433 1843 1684 1900 videlicet
1725 1859 1824 1900 sua
1866 1846 1985 1902 illos

2089 1836 2253 1904 φλοί.
2291 1836 2524 1905 Τυφλὸς
2557 1835 2624 1889 δὲ
2659 1836 2893 1904 τυφλὸν
2925 1835 3190 1903 ὁδηγῶν,
3229 1837 3546 1906 ἀμφότεροι
3579 1839 3670 1901 εἰς

407 1939 700 1996 excaecarit
731 1939 979 2004 avaritia,
1011 1938 1104 2008 qui
1134 1944 1219 1992 est
1254 1936 1417 2006 hujus
1451 1937 1635 1991 saeculi
1673 1939 1809 1994 deus
1832 1979 1846 2002 ,
1891 1953 1988 1994 ne-

408 2049 518 2106 que
548 2033 618 2089 ob
649 2047 770 2089 eam
807 2031 1106 2086 caecitatem
1142 2029 1196 2082 in
1243 2045 1434 2084 eorum
1467 2027 1725 2084 cordibus
1760 2045 1989 2101 evange-

410 2123 552 2178 licus
578 2122 668 2176 ille
695 2121 951 2192 splendor
976 2119 1232 2174 illuxerit.
1260 2119 1436 2189 Atque
1460 2119 1574 2174 haec
1601 2120 1717 2190 ipsa
1746 2122 1990 2190 pecuniae

413 2213 690 2284 cupiditas
747 2228 856 2267 non
887 2211 1047 2265 modo
1069 2208 1264 2264 ludam
1294 2211 1608 2276 excaecavit,
1635 2211 1729 2267 sed
1757 2221 1812 2266 et
1838 2211 1986 2266 Ana-

410 2307 517 2362 niae
547 2321 735 2360 necem
766 2305 968 2368 attulit,
999 2312 1052 2358 et
1083 2303 1370 2373 plerosque
1397 2303 1534 2359 alios
1567 2305 1849 2359 exstinxit.
1889 2303 1988 2359 Hic

411 2407 518 2462 est,
551 2397 794 2467 inquam,
830 2397 993 2466 hujus
1022 2397 1207 2450 saeculi
1250 2395 1407 2459 deus,
1429 2411 1588 2464 quem
1624 2411 1722 2466 pro
1757 2395 1864 2450 Deo
1882 2397 1987 2452 sibi

412 2490 735 2559 adOptantes
758 2488 1028 2552 homines,
1053 2503 1174 2542 cum
1199 2486 1247 2540 ei
1274 2486 1596 2541 honorando
1619 2487 1984 2553 studuissent,

410 2583 703 2638 Dominum
738 2589 1218 2650 contempserunt:
1255 2580 1402 2650 quod
1433 2580 1518 2634 his
1551 2580 1665 2650 ipse
1696 2580 1875 2635 verbis
1907 2580 1989 2634 in-

410 2671 587 2726 dicat:
619 2668 802 2723 ‘Unum
831 2668 1189 2736 amplectetur,
1227 2669 1452 2723 alterum
1475 2678 1788 2723 contemnet.
1823 2669 1982 2741 691

413 2763 536 2818 Non
584 2764 800 2833 potestis
844 2761 950 2816 Deo
999 2763 1191 2816 servire
1229 2771 1277 2815 et
1325 2763 1699 2816 mammonw'.
1751 2759 1988 2817 Videsne

409 2867 574 2924 quam
633 2853 837 2907 diserte
889 2851 1282 2920 perspicueque
1340 2866 1430 2906 res
1488 2859 1602 2906 tota
1645 2852 1989 2908 declaretur?

408 2946 543 3001 Nam
562 2946 749 3000 nullus
772 2945 908 2998 alter
931 2945 1070 2998 Deus
1093 2950 1194 3010 est,
1221 2960 1322 2999 nec
1347 2944 1402 2998 in
1424 2947 1587 3007 caelo,
1616 2959 1714 3000 nec
1739 2946 1792 3000 in
1815 2953 1984 3012 terra,

409 3048 511 3090 nec
551 3033 676 3089 ullis
708 3032 828 3087 aliis
877 3033 933 3086 in
966 3032 1123 3096 locis,
1174 3042 1371 3102 praster
1410 3051 1578 3089 unum
1626 3034 1866 3100 Patrem,
1919 3053 1986 3091 ex

411 3141 520 3193 quo
567 3125 789 3190 omnia;
843 3133 896 3179 et
941 3140 1108 3180 unum
1160 3125 1447 3180 Dominum
1502 3136 1752 3183 nostrum
1799 3127 1984 3184 Jesnm

2083 1926 2356 1990 βόθυνον
2380 1926 2802 1996 ἐμπεσοῦνται.
2845 1926 3062 1999 Ἐπειδὴ
3096 1926 3206 1999 γὰρ
3235 1926 3542 1996 ἐτύφλωσεν
3569 1927 3668 1979 αύ-

2088 2017 2214 2081 τοὺς
2255 2018 2287 2088 ἡ
2322 2016 2678 2090 φιλαργυρία,
2726 2020 2754 2072 6
2785 2016 2906 2082 θεὸς
2936 2017 3045 2089 τοῦΙ
3077 2018 3272 2082 αἰῶνος
3313 2018 3523 2083 τούτου,
3572 2017 3664 2071 καὶ

2089 2108 2150 2160 ού
2193 2108 2542 2179 κατηύγασεν
2579 2110 2607 2161 6
2640 2110 2916 2179 φωτισμὺς
2945 2109 3039 2162 τοῦ
3082 2109 3412 2178 Εὐαγγελίου
3442 2111 3500 2163 ἐν
3546 2112 3667 2172 ταῖς

2089 2200 2338 2272 καρδίαις
2371 2201 2583 2267 αὐτῶν,
2620 2202 2706 2255 διὰ
2737 2202 2796 2255 τὸ
2839 2203 3211 2271 τετυφλῶσθαι
3241 2203 3368 2274 περὶ
3411 2202 3509 2274 τὴν
3543 2204 3665 2273 φιλ-

2089 2292 2376 2363 αργυρίαν.
2420 2292 2567 2363 Αὕτη
2610 2292 2719 2363 γὰρ
2747 2293 2837 2346 τὸν
2890 2293 3088 2346 Ἰούδαν
3127 2292 3465 2362 ἐτύφλωσεν·
3525 2293 3664 2365 αῦτη

2089 2381 2184 2434 καὶ
2233 2383 2358 2445 τοὺς
2392 2383 2519 2453 περὶ
2571 2383 2817 2436 Ἀνανίαν
2862 2383 3213 2438 ἀπέκτεινεν·
3259 2383 3396 2456 αὕτη
3439 2385 3666 2448 πολλοὺς

2089 2472 2391 2544 ἡφάνησεν.
2436 2467 2605 2537 Οὗτός
2646 2479 2792 2529 ἐστιν
2829 2479 2856 2530 6
2900 2476 3021 2540 θεὸς
3057 2476 3150 2530 τοῦ
3199 2476 3417 2546 αἰῶνος,
3438 2477 3664 2530 τούτου*

2088 2567 2147 2620 ὃν
2190 2568 2551 2639 αἱρησάμενοι
2595 2567 2727 2622 Θεὸν
2774 2570 2822 2621 oi.
2873 2567 3148 2640 ἄνθρωποι
3198 2569 3524 2624 ἐπελάϐοντο
3569 2570 3667 2642 τῆς

2088 2661 2224 2732 πρὸς
2259 2661 2421 2714 αὑτὸν
2451 2661 2636 2732 τιμῆς,
2665 2663 2759 2715 καὶ
2788 2662 3198 2733 κατεφρόνησαν
3221 2661 3315 2715 τοῦ
3339 2662 3568 2734 Κυρίου,
3591 2663 3668 2725 ὼς

2087 2749 2267 2819 λέγει·
2318 2750 2426 2805 Τοῦ
2468 2753 2582 2819 μὲν
2612 2751 2752 2818 ἐνὸς
2798 2752 3137 2818 ἀνθέξεται,
3189 2753 3294 2807 τοῦ
3341 2754 3411 2807 δὲ
3460 2753 3667 2823 ἐτέρου

2088 2843 2549 2912 καταφρονήσει.
2595 2846 2676 2898 Οὐ
2719 2844 2986 2898 δύνασθε
3019 2845 3140 2910 Θεῷ
3179 2845 3521 2913 δουλεύειν,
3568 2848 3668 2901 καὶ

2081 2933 2394 3004 μαμμωνᾷ.
2433 2935 2542 2988 Καὶ
2581 2936 2712 3008 ὁρᾷς
2752 2935 2928 3007 ῥητῶς
2967 2939 3060 2990 καὶ
3102 2938 3287 3008 σαφῶς
3337 2939 3396 2992 τὸ
3434 2942 3667 3011 πρᾶγμα

2087 3027 2552 3098 ἑρμηνευόμενον;
2617 3027 2804 3090 Οὐδεὶς
2855 3028 2962 3098 γὰρ
3009 3027 3087 3081 ἐνι
3134 3029 3320 3099 ἕτερος
3369 3030 3520 3094 Θεὸς,
3566 3033 3668 3085 οὐκ

2087 3121 2145 3173 ἐν
2173 3120 2406 3192 οὐρανῷ,
2435 3121 2534 3173 οὐκ
2561 3121 2619 3173 ἐν
2647 3122 2711 3190 τῇ
2746 3122 2838 3191 γῇ,
2865 3121 2964 3174 ούκ
3001 3123 3060 3173 ἐν
3087 3123 3221 3174 πᾶσι
3261 3123 3502 3193 χωρίοις,
3530 3123 3667 3177 ἀλλά

408 3216 712 3280 Christum,
741 3230 834 3284 per
861 3229 1021 3284 quem
1048 3216 1260 3281 omnia;
1285 3224 1340 3271 et
1370 3234 1536 3272 unum
1561 3216 1825 3288 Spiritum
1855 3235 1983 3274 san-

2088 3208 2164 3276 εἷς
2196 3213 2404 3284 Πατὴρ,
2437 3212 2495 3277 ἐξ
2523 3207 2582 3266 οὗ
2611 3212 2680 3265 τὰ
2711 3213 2915 3275 πάντα,
2961 3214 3052 3266 καὶ
3095 3207 3174 3277 εἷς
3207 3215 3411 3287 Κύριος
3458 3217 3666 3288 Ἰησοῦς

408 3315 580 3373 ctum,
611 3307 666 3360 in
697 3321 808 3376 quo
837 3306 1021 3359 omnia
1049 3323 1064 3373 ;
1105 3322 1226 3377 quae
1253 3316 1337 3362 cst
1357 3311 1686 3380 sempiterna
1719 3308 1983 3379 Trinitas,

407 3409 463 3456 et
497 3415 603 3455 una
640 3399 920 3471 divinitas,
941 3399 1029 3453 eui
1053 3413 1150 3454 nec
1176 3401 1436 3456 accedere
1468 3402 1747 3473 quidpiam
1781 3410 1982 3473 potest,

409 3507 512 3549 nec
532 3490 815 3548 decedere.

479 3667 644 3724 LXX.
684 3665 789 3724 Sed
822 3667 932 3738 jam
966 3667 1032 3723 ad
1073 3668 1177 3722 alia
1210 3675 1576 3735 transeamus,
1621 3681 1782 3740 atque
1821 3671 1985 3740 hujus

410 3761 618 3824 bestia),
648 3767 702 3816 et
729 3759 963 3828 inimici,
984 3768 1146 3832 atque
1171 3762 1498 3817 insecutoris
1523 3763 1747 3833 laqueos
1778 3763 1984 3820 discer-

409 3867 624 3924 pamus,
655 3866 688 3908 ο
711 3851 1020 3908 charissimi
1049 3855 1062 3906 l
1108 3852 1244 3908 adeo
1277 3861 1337 3907 ut
1373 3869 1495 3924 quae
1519 3855 1589 3909 ab
1618 3856 1710 3910 illo
1737 3855 1985 3910 atiectata

407 3942 704 3998 verborum
750 3940 990 3996 novitate
1021 3940 1299 4010 disputata
1329 3951 1458 3996 sunt
1488 3943 1554 3997 ad
1585 3945 1830 3999 veritatis
1864 3959 1983 3999 ser-

410 4047 627 4089 monem
639 4033 1058 4096 transferamus,
1076 4033 1130 4088 in
1148 4048 1334 4089 eorum
1353 4034 1606 4104 gratiam,
1630 4034 1723 4104 qui
1737 4035 1984 4090 veritatis

409 4127 810 4198 cognoscendae
829 4125 1102 4183 desiderio
1124 4135 1398 4189 tenentur,
1429 4136 1590 4196 atque
1609 4125 1678 4180 ab
1697 4126 1858 4196 impia
1874 4127 1985 4180 ha:-

408 4231 605 4274 reseon
635 4219 879 4272 omnium
923 4217 1168 4273 doctrina
1213 4217 1455 4273 animum
1493 4226 1736 4272 avertere
1771 4217 1980 4272 volunt.

408 4309 590 4381 Pergit
614 4308 781 4380 igitur
810 4311 982 4381 legem
1007 4326 1070 4364 ac
1095 4311 1387 4380 prophetas
1417 4309 1792 4380 perstringens
1822 4310 1986 4363 homo

406 4409 518 4454 tam
547 4401 816 4466 veritatis,
841 4416 1004 4473 quam
1041 4399 1286 4470 Spiritus
1319 4401 1518 4464 sancti,
1556 4400 1652 4469 qui
1681 4399 1736 4453 in
1771 4399 1890 4470 lege
1920 4414 1984 4452 ac

407 4491 686 4563 prophetis
733 4493 947 4547 locutus
996 4500 1100 4555 est,
1155 4493 1442 4557 inimicus;
1505 4499 1671 4562 atque
1720 4491 1982 4547 adversus

2090 3304 2342 3375 Χριστὸς,
2375 3303 2442 3357 δι’
2469 3297 2528 3357 οὗ
2558 3303 2626 3357 τὰ
2657 3304 2832 3357 πάντα
2851 3344 2865 3370 ,
2902 3305 2995 3358 καὶ
3031 3305 3089 3359 ἓν
3121 3306 3342 3377 Πνεῦμα
3373 3308 3435 3361 τὸ
3487 3308 3663 3376 ἀγιον,

2089 3397 2145 3449 ἐν
2168 3390 2211 3464 ᾧ
2237 3395 2306 3449 τὰ
2339 3397 2535 3451 πάνταο
2566 3397 2653 3450 ἀεὶ
2679 3392 2815 3451 οὖσα
2851 3396 3097 3469 ἡΤριάς,
3136 3398 3234 3469 μία
3268 3401 3298 3469 ἡ
3332 3401 3540 3470 θεότης,
3572 3403 3667 3455 καὶ

2092 3486 2358 3558 μηδέποτε
2408 3487 2727 3558 προσθήκην
2765 3486 3150 3559 λαμϐάνουσα,
3206 3490 3329 3544 οὒτε
3377 3493 3667 3564 ἀφαίρεσιν

2087 3579 2428 3650 ἐνδεχομένη.

2158 3673 2234 3724 Ο’.
2269 3673 2464 3742 Ἴωμεν
2487 3671 2542 3726 δέ
2569 3674 2654 3742 ἐφ’
2682 3673 2844 3746 ἕτερα
2879 3675 3061 3742 πάλιν,
3107 3676 3199 3730 καὶ
3225 3675 3292 3730 τὰ
3316 3677 3506 3731 δίκτυα
3537 3679 3664 3731 τού-

2087 3779 2179 3815 του
2208 3761 2298 3815 τοῦ
2332 3762 2497 3832 θηρὸς
2539 3763 2631 3816 καί¹
2660 3764 2854 3836 ἐχθροῦ
2898 3767 2992 3819 καὶ
3025 3767 3309 3839 ἐκδικητοῦ
3353 3769 3666 3823 διασπασὼ-

2091 3854 2248 3925 μεθα,
2275 3853 2568 3924 ἀγαπητοὶ,
2597 3857 2688 3908 ἐπὶ
2720 3856 2817 3928 τὴν
2843 3858 3043 3929 φράσιν
3077 3859 3176 3930 τῆς
3201 3860 3456 3930 ἀληθείας
3478 3861 3543 3915 τὰ
3571 3863 3666 3915 ὑπ’

2087 3945 2252 4000 αὑτοῦ
2290 3945 2741 4018 ξενολεκτούμενα
2781 3949 3036 4022 φέροντες
3069 3955 3180 4016 τοῖς
3214 3952 3558 4024 βουλομένοις
3595 3959 3666 4008 τὰ

2085 4038 2186 4108 τῆς
2218 4038 2473 4110 ἀληθείας
2495 4039 2851 4110 καταμαθεῖν,
2879 4043 2972 4095 καὶ
2999 4043 3401 4114 ἀποτρέπεσθαι
3428 4046 3518 4099 τὸν
3539 4047 3664 4100 νοῦν

2087 4130 2194 4183 άπὸ
2240 4131 2726 4194 κακοδιδασκαλίας
2761 4131 2940 4203 πάσης
2976 4133 3260 4204 αἱρέσεως.
3329 4136 3665 4207 Ἐπιλαμὸἀ-

2086 4241 2234 4276 νεται
2254 4223 2361 4294 γὰρ
2384 4223 2476 4276 τοῦ
2507 4224 2670 4295 νόμου
2700 4225 2860 4278 πάλιν
2883 4227 2976 4279 καὶ
2998 4226 3104 4280 τῶν
3130 4229 3444 4300 προφητῶν,
3471 4231 3665 4302 ἐχθρὸς

2085 4313 2160 4366 ὢν
2191 4315 2289 4385 τῆς
2334 4313 2593 4384 ἀληθείας
2633 4316 2727 4368 καὶ
2768 4316 2860 4370 τοῦ
2894 4317 3050 4386 ἁγίου
3099 4319 3446 4390 Πνεύματος,
3478 4323 3572 4376 τοῦ
3606 4325 3664 4376 ἐν

2085 4406 2234 4477 νόμῳ
2264 4407 2358 4460 καὶ
2390 4407 2448 4459 ὲν
2476 4409 2785 4478 προφήταις
2817 4409 3192 4481 λελαληκότος.
3230 4412 3339 4466 Καί
3363 4431 3529 4484 φησι,
3563 4433 3662 4485 χα-

2085 4499 2253 4563 λάσας
2279 4499 2548 4567 γλῶσσαν,
2573 4500 2651 4564 ὡς
2674 4503 2768 4555 καὶ
2795 4503 2904 4564 ἀεὶ,
2936 4503 3075 4556 κατά
3099 4503 3192 4556 τοῦ
3220 4505 3354 4558 Θεοῦ
3383 4507 3472 4560 τοῦ
3502 4509 3662 4580 ποιή-

405 4585 652 4640 omnium
683 4584 1021 4640 conditorem
1049 4585 1239 4650 Deum,
1265 4586 1358 4656 qui
1389 4586 1442 4640 in
1471 4587 1588 4656 lege
1610 4601 1674 4641 ac
1703 4587 1982 4656 prophetis

2089 4608 2278 4653 σαντος
2317 4591 2387 4644 τὰ
2434 4593 2643 4658 πάντα,
2686 4593 3018 4665 λαλήσαντός
3061 4612 3119 4647 τε
3172 4599 3229 4650 ἐν
3278 4599 3426 4670 νόμῳ
3470 4601 3561 4654 καὶ
3604 4606 3663 4656 ἐν

404 4677 623 4735 locutus
652 4687 756 4742 est,
786 4677 1145 4745 eamdemque
1171 4677 1383 4732 Domini
1417 4680 1593 4734 nostri
1616 4678 1744 4734 Jesu
1779 4679 1983 4736 Christi

403 4769 647 4834 Patrem,
693 4786 758 4824 ex
786 4787 886 4841 quo
914 4771 1084 4824 omnis
1117 4772 1408 4837 paternitas
1432 4773 1487 4826 in
1525 4773 1653 4826 caelo
1682 4782 1730 4825 et
1758 4774 1812 4826 in
1840 4782 1984 4827 terra

405 4863 772 4926 nominatur“,
801 4863 984 4917 laxata
1015 4861 1288 4918 effrenata:
1308 4864 1506 4934 lingua:
1532 4865 1834 4934 petulantia
1864 4881 1981 4921 om-

404 4955 492 5009 nis
526 4954 677 5009 illum
701 4954 1016 5024 cupiditatis
1043 4963 1342 5019 auctorem,
1371 4971 1435 5010 ac
1459 4955 1711 5019 caedium.
1745 4957 1983 5026 reliquo-

404 5059 638 5114 rumque
670 5043 978 5100 facinorum
1011 5047 1293 5102 exstitisse
1322 5046 1514 5112 docet;
1561 5049 1762 5117 quippe
1804 5050 1896 5118 qui
1925 5058 1980 5104 et

404 5145 586 5192 vestes
608 5134 879 5207 Egyptiis
912 5137 1125 5208 eripere
1153 5139 1440 5208 jnsserit”,
1469 5147 1524 5194 et
1556 5155 1680 5194 cum
1711 5141 1977 5196 sacriﬁcia

407 5227 625 5282 sibimet
641 5228 862 5294 oil'erre,
888 5238 999 5282 tum
1017 5246 1357 5301 quascunque
1381 5233 1485 5285 alia
1510 5233 1643 5302 legis
1661 5233 1979 5303 prtescripto

405 5320 757 5374 mandantur.
810 5321 956 5387 Quin
987 5331 1040 5378 et
1076 5323 1404 5378 homicidam
1441 5324 1768 5390 interﬁcere,
1804 5341 1982 5395 neque

408 5409 580 5478 priori
619 5412 768 5466 caede
816 5423 1104 5471 contentos
1137 5417 1384 5480 alteram,
1429 5417 1586 5487 quasi
1626 5419 1692 5471 ad
1742 5419 1980 5488 priorem

407 5501 830 5570 vindicandam,
882 5517 1219 5579 perpetrare.
1276 5508 1416 5563 Tum
1460 5527 1590 5565 vero
1645 5511 1982 5580 cupiditates

2085 4683 2426 4754 προφήταις,
2471 4683 2685 4754 Πατρὸς
2718 4685 2870 4749 ὄντος
2911 4685 3007 4741 τοῦ
3040 4689 3244 4759 Κυρίου
3289 4690 3443 4760 ὑμῶν
3488 4693 3661 4763 Ἰησοῦ

2084 4774 2321 4844 Χριστοῦ
2341 4815 2356 4840 ,
2389 4774 2456 4839 ἐξ
2495 4771 2567 4831 οὗ
2599 4776 2768 4832 πᾶσα
2811 4780 3025 4847 πατριὰ
3065 4781 3134 4834 ἐν
3161 4782 3397 4850 οὐρανῷ
3435 4786 3533 4838 καὶ
3564 4787 3664 4840 ἐπὶ

2084 4868 2198 4938 γῆς
2222 4867 2582 4938 ὀνομάζεταιο
2609 4869 2702 4923 καί
2726 4887 2890 4942 φησιν
2908 4888 2921 4902 ο
2955 4872 3046 4937 Ἐξ
3073 4873 3236 4926 αὐτοῦ
3260 4875 3544 4947 ἐπιθυμία,
3571 4879 3664 4933 καὶ

2083 4961 2143 5026 ἐξ
2181 4960 2346 5014 αὑτοῦ
2394 4961 2562 5030 φόνοι,
2610 4962 2705 5015 καὶ
2739 4962 2808 5016 τὰ
2847 4962 2982 5017 ἄλλα
3015 4964 3210 5018 πάντα.
3262 4968 3665 5038 Παρεκελεύετο

2085 5053 2194 5124 γὰρ
2241 5053 2334 5106 καὶ
2376 5052 2563 5121 ἱμάτια
2595 5053 2914 5124 ἀφαρπάξαι
2947 5054 3054 5107 τῶν
3099 5056 3440 5124 Αἰγυπτίων,
3476 5061 3664 5126 θυσίας

2085 5145 2141 5198 δὲ
2169 5143 2315 5214 αὐτῷ
2343 5144 2779 5215 προσφέρεσθαι,
2811 5147 2903 5198 καὶ
2926 5147 2994 5199 τὰ
3027 5147 3162 5200 ἄλλα
3191 5151 3363 5204 πάντα
3395 5153 3493 5205 ὃσα
3519 5172 3658 5225 παρ’

2088 5237 2197 5307 έχει
2248 5237 2425 5307 νόμος.
2463 5237 2710 5290 Φονεύειν
2759 5239 2814 5292 δὲ
2853 5239 2943 5290 τὸν
2980 5241 3291 5307 φονεύοντα,
3339 5244 3414 5308 ὡς
3467 5247 3664 5316 μηκέτι

2087 5331 2372 5400 ἀρκεῖσθαι
2403 5328 2482 5399 τῷ
2515 5329 2714 5402 πρώτῳ
2752 5331 2918 5401 φόνῳ,
2944 5332 3077 5386 ἀλλά
3106 5335 3199 5387 καὶ
3223 5334 3475 5406 δεύτερον
3502 5338 3667 5408 ἐργά-

2090 5420 2297 5485 ζεσθαι,
2335 5421 2495 5491 δῆθεν
2525 5422 2865 5486 ἐκδικοῦντος
2893 5425 3055 5478 αὐτοῦ
3095 5427 3185 5478 τὸν
3223 5429 3439 5495 πρῶτον
3483 5432 3661 5498 φόνον,

2089 5511 2375 5583 ἐμϐάλλειν
2401 5529 2459 5564 τε
2487 5512 2784 5583 ἐπιθυμίας
2809 5518 2889 5577 εἰς
2929 5513 3026 5578 τὰς
3051 5515 3285 5580 διανοίας
3321 5518 3428 5570 τῶν
3457 5517 3666 5590 ἀνθρώ-

480 5699 742 5790 :ihi‘atthr
774 5719 882 5790 tu}.
922 5703 1122 5770 $.22.
1202 5706 1370 5762 ’ibid.
1412 5707 1500 5762 2i.
1581 5708 1600 5738 ³
1627 5707 1755 5762 Luc.
1793 5709 1958 5774 xu,i.
2014 5709 2058 5786 _‘
2092 5710 2282 5765 Matth.
2317 5726 2404 5776 xv,
2450 5712 2532 5766 14.
2598 5711 2635 5758 «⁸
2670 5710 2862 5768 Matth.
2907 5715 3094 5779 vt,2.i.
3175 5717 3418 5790 ‘Ephes.
3449 5735 3530 5780 Ill.
3575 5720 3659 5776 i5.

413 5770 636 5829 'Exod.
692 5788 768 5837 κι,
822 5774 878 5826 2.
