  <div class='ocr_page' id='page_1' title='image "/cluster/home/n/w/nwhite01/storage/ocr_20150623/42/nnc1.0046978682/078.png"; bbox 0 0 4076 6392; ppageno 0'>
   <div class='ocr_carea' id='block_1_1' title="bbox 397 360 498 425">
    <p class='ocr_par' dir='ltr' id='par_1_1' title="bbox 397 360 498 425">
     <span class='ocr_line' id='line_1_1' title="bbox 397 360 498 425; baseline 0.03 -3"><span class='ocrx_word' id='word_1_1' title='bbox 397 360 498 425; x_wconf 75' lang='lat' dir='ltr'><strong>ut</strong></span> 
     </span>
    </p>
   </div>
   <div class='ocr_carea' id='block_1_2' title="bbox 1142 351 3102 434">
    <p class='ocr_par' dir='ltr' id='par_1_2' title="bbox 1142 351 3102 434">
     <span class='ocr_line' id='line_1_2' title="bbox 1142 351 3102 434; baseline 0.004 -7"><span class='ocrx_word' id='word_1_2' title='bbox 1142 364 1511 433; x_wconf 75' lang='lat' dir='ltr'><strong>mensus</strong></span> <span class='ocrx_word' id='word_1_3' title='bbox 1550 355 1895 431; x_wconf 65' lang='grc' dir='ltr'>ηιειιεεεε</span> <span class='ocrx_word' id='word_1_4' title='bbox 1928 351 2058 425; x_wconf 72' lang='lat' dir='ltr'><strong>Liv.</strong></span> <span class='ocrx_word' id='word_1_5' title='bbox 2099 363 2164 425; x_wconf 76' lang='grc' dir='ltr'><strong>ιι.</strong></span> <span class='ocrx_word' id='word_1_6' title='bbox 2207 351 2370 427; x_wconf 69' lang='grc' dir='ltr'><strong>ἹῸΜ.</strong></span> <span class='ocrx_word' id='word_1_7' title='bbox 2413 353 2479 425; x_wconf 82' lang='lat' dir='ltr'><strong>ti.</strong></span> <span class='ocrx_word' id='word_1_8' title='bbox 2503 401 2567 414; x_wconf 85' lang='lat'><strong><em>—</em></strong></span> <span class='ocrx_word' id='word_1_9' title='bbox 2605 367 2881 428; x_wconf 65' lang='lat' dir='ltr'><strong>manus.</strong></span> <span class='ocrx_word' id='word_1_10' title='bbox 2918 368 3102 434; x_wconf 82' lang='lat' dir='ltr'><strong>vat.</strong></span> 
     </span>
    </p>
   </div>
   <div class='ocr_carea' id='block_1_3' title="bbox 3565 367 3669 437">
    <p class='ocr_par' dir='ltr' id='par_1_3' title="bbox 3565 367 3669 437">
     <span class='ocr_line' id='line_1_3' title="bbox 3565 367 3669 437; baseline 0.019 -2"><span class='ocrx_word' id='word_1_11' title='bbox 3565 367 3669 437; x_wconf 69' lang='lat' dir='ltr'><strong>at!</strong></span> 
     </span>
    </p>
   </div>
   <div class='ocr_carea' id='block_1_4' title="bbox 395 459 1974 564">
    <p class='ocr_par' dir='ltr' id='par_1_4' title="bbox 395 460 1974 564">
     <span class='ocr_line' id='line_1_4' title="bbox 395 460 1974 564; baseline 0.004 -23"><span class='ocrx_word' id='word_1_12' title='bbox 395 503 541 550; x_wconf 77' lang='grc' dir='ltr'>πων,</span> <span class='ocrx_word' id='word_1_13' title='bbox 563 486 656 541; x_wconf 77' lang='grc' dir='ltr'><strong>καὶ</strong></span> <span class='ocrx_word' id='word_1_14' title='bbox 678 460 1032 560; x_wconf 85' lang='grc' dir='ltr'>διηγούμενος</span> <span class='ocrx_word' id='word_1_15' title='bbox 1050 497 1325 560; x_wconf 83' lang='grc' dir='ltr'>γυναικῶν</span> <span class='ocrx_word' id='word_1_16' title='bbox 1345 497 1360 528; x_wconf 76' lang='grc'>⁸</span> <span class='ocrx_word' id='word_1_17' title='bbox 1393 497 1486 550; x_wconf 78' lang='grc' dir='ltr'>καὶ</span> <span class='ocrx_word' id='word_1_18' title='bbox 1514 496 1622 550; x_wconf 85' lang='grc' dir='ltr'>τῶν</span> <span class='ocrx_word' id='word_1_19' title='bbox 1643 494 1815 550; x_wconf 86' lang='grc' dir='ltr'>ἀλλων</span> <span class='ocrx_word' id='word_1_20' title='bbox 1844 509 1974 564; x_wconf 89' lang='grc' dir='ltr'>πρα-</span> 
     </span>
    </p>
   </div>
   <div class='ocr_carea' id='block_1_5' title="bbox 2078 459 3667 564">
    <p class='ocr_par' dir='ltr' id='par_1_5' title="bbox 2089 490 3667 561">
     <span class='ocr_line' id='line_1_5' title="bbox 2089 490 3667 561; baseline 0.005 -17"><span class='ocrx_word' id='word_1_21' title='bbox 2089 490 2371 546; x_wconf 90' lang='lat' dir='ltr'><strong>hominum</strong></span> <span class='ocrx_word' id='word_1_22' title='bbox 2401 491 2598 547; x_wconf 89' lang='lat' dir='ltr'><strong>animis</strong></span> <span class='ocrx_word' id='word_1_23' title='bbox 2630 490 2830 561; x_wconf 92' lang='lat' dir='ltr'><strong>injicit,</strong></span> <span class='ocrx_word' id='word_1_24' title='bbox 2868 506 2932 548; x_wconf 93' lang='lat' dir='ltr'><strong>ac</strong></span> <span class='ocrx_word' id='word_1_25' title='bbox 2967 492 3034 548; x_wconf 89' lang='lat' dir='ltr'><strong>de</strong></span> <span class='ocrx_word' id='word_1_26' title='bbox 3075 493 3401 550; x_wconf 85' lang='lat' dir='ltr'><strong>mulieribus</strong></span> <span class='ocrx_word' id='word_1_27' title='bbox 3427 498 3667 552; x_wconf 57' lang='lat' dir='ltr'><strong>castoris-</strong></span> 
     </span>
    </p>
   </div>
   <div class='ocr_carea' id='block_1_6' title="bbox 389 571 1987 657">
    <p class='ocr_par' dir='ltr' id='par_1_6' title="bbox 389 571 1987 657">
     <span class='ocr_line' id='line_1_6' title="bbox 389 571 1987 657; baseline 0.003 -25"><span class='ocrx_word' id='word_1_28' title='bbox 389 579 646 651; x_wconf 82' lang='grc' dir='ltr'>γμάτων.</span> <span class='ocrx_word' id='word_1_29' title='bbox 662 579 976 651; x_wconf 86' lang='grc' dir='ltr'>Ἐχεθύμως</span> <span class='ocrx_word' id='word_1_30' title='bbox 999 571 1077 646; x_wconf 71' lang='grc' dir='ltr'><strong>δὲ,</strong></span> <span class='ocrx_word' id='word_1_31' title='bbox 1103 587 1290 656; x_wconf 79' lang='grc' dir='ltr'>φησὶν,</span> <span class='ocrx_word' id='word_1_32' title='bbox 1307 586 1464 656; x_wconf 87' lang='grc' dir='ltr'>ὀλίγα</span> <span class='ocrx_word' id='word_1_33' title='bbox 1482 585 1608 657; x_wconf 77' lang='grc' dir='ltr'>περὶ</span> <span class='ocrx_word' id='word_1_34' title='bbox 1632 585 1726 638; x_wconf 83' lang='grc' dir='ltr'>τοῦ</span> <span class='ocrx_word' id='word_1_35' title='bbox 1748 582 1987 656; x_wconf 83' lang='grc' dir='ltr'><strong>Χριστοῦ</strong></span> 
     </span>
    </p>
   </div>
   <div class='ocr_carea' id='block_1_7' title="bbox 391 674 1988 750">
    <p class='ocr_par' dir='ltr' id='par_1_7' title="bbox 391 674 1988 750">
     <span class='ocr_line' id='line_1_7' title="bbox 391 674 1988 750; baseline 0.003 -25"><span class='ocrx_word' id='word_1_36' title='bbox 391 674 825 744; x_wconf 76' lang='grc' dir='ltr'><strong>προεφήτευσεν,</strong></span> <span class='ocrx_word' id='word_1_37' title='bbox 867 675 954 727; x_wconf 85' lang='grc' dir='ltr'>ἴνα</span> <span class='ocrx_word' id='word_1_38' title='bbox 996 675 1084 730; x_wconf 82' lang='grc' dir='ltr'>διὰ</span> <span class='ocrx_word' id='word_1_39' title='bbox 1124 679 1234 732; x_wconf 84' lang='grc' dir='ltr'>τῶν</span> <span class='ocrx_word' id='word_1_40' title='bbox 1267 678 1464 748; x_wconf 83' lang='grc' dir='ltr'><strong>ὀλίγων</strong></span> <span class='ocrx_word' id='word_1_41' title='bbox 1494 680 1856 750; x_wconf 76' lang='grc' dir='ltr'>πιστοποιήσῃ</span> <span class='ocrx_word' id='word_1_42' title='bbox 1894 694 1988 730; x_wconf 92' lang='grc' dir='ltr'>πι-</span> 
     </span>
    </p>
   </div>
   <div class='ocr_carea' id='block_1_8' title="bbox 385 760 1985 841">
    <p class='ocr_par' dir='ltr' id='par_1_8' title="bbox 385 760 1985 841">
     <span class='ocr_line' id='line_1_8' title="bbox 385 760 1985 841; baseline 0.004 -25"><span class='ocrx_word' id='word_1_43' title='bbox 385 762 782 835; x_wconf 73' lang='grc' dir='ltr'>θανολογήσας.</span> <span class='ocrx_word' id='word_1_44' title='bbox 808 765 918 819; x_wconf 79' lang='grc' dir='ltr'><strong>Καὶ</strong></span> <span class='ocrx_word' id='word_1_45' title='bbox 943 765 1118 820; x_wconf 81' lang='grc' dir='ltr'>ταῦτα</span> <span class='ocrx_word' id='word_1_46' title='bbox 1141 760 1212 840; x_wconf 76' lang='grc' dir='ltr'><strong>ἦν</strong></span> <span class='ocrx_word' id='word_1_47' title='bbox 1236 769 1306 821; x_wconf 89' lang='grc' dir='ltr'><strong>τά</strong></span> <span class='ocrx_word' id='word_1_48' title='bbox 1339 771 1564 840; x_wconf 79' lang='grc' dir='ltr'>ῥήματα</span> <span class='ocrx_word' id='word_1_49' title='bbox 1588 768 1682 823; x_wconf 82' lang='grc' dir='ltr'>τοῦ</span> <span class='ocrx_word' id='word_1_50' title='bbox 1708 766 1985 841; x_wconf 76' lang='grc' dir='ltr'><strong>τολμηροῦ</strong></span> 
     </span>
    </p>
   </div>
   <div class='ocr_carea' id='block_1_9' title="bbox 389 855 1988 932">
    <p class='ocr_par' dir='ltr' id='par_1_9' title="bbox 389 855 1988 932">
     <span class='ocr_line' id='line_1_9' title="bbox 389 855 1988 932; baseline 0.003 -24"><span class='ocrx_word' id='word_1_51' title='bbox 389 856 592 926; x_wconf 78' lang='grc' dir='ltr'>Μάνη,</span> <span class='ocrx_word' id='word_1_52' title='bbox 645 855 683 910; x_wconf 75' lang='grc' dir='ltr'>ἃ</span> <span class='ocrx_word' id='word_1_53' title='bbox 736 855 881 909; x_wconf 85' lang='grc' dir='ltr'>κατά</span> <span class='ocrx_word' id='word_1_54' title='bbox 922 856 1014 910; x_wconf 78' lang='grc' dir='ltr'>τοῦ</span> <span class='ocrx_word' id='word_1_55' title='bbox 1069 858 1199 912; x_wconf 81' lang='grc' dir='ltr'>ἰδίου</span> <span class='ocrx_word' id='word_1_56' title='bbox 1244 859 1515 914; x_wconf 80' lang='grc' dir='ltr'>Δεσπότου</span> <span class='ocrx_word' id='word_1_57' title='bbox 1562 860 1988 932; x_wconf 82' lang='grc' dir='ltr'>ἀθυρογλὼττως</span> 
     </span>
    </p>
   </div>
   <div class='ocr_carea' id='block_1_10' title="bbox 388 946 1985 1024">
    <p class='ocr_par' dir='ltr' id='par_1_10' title="bbox 388 946 1985 1024">
     <span class='ocr_line' id='line_1_10' title="bbox 388 946 1985 1024; baseline 0.004 -25"><span class='ocrx_word' id='word_1_58' title='bbox 388 947 714 1017; x_wconf 85' lang='grc' dir='ltr'>φθέγγεται.</span> <span class='ocrx_word' id='word_1_59' title='bbox 747 946 1104 1020; x_wconf 82' lang='grc' dir='ltr'>Κατανοήσας</span> <span class='ocrx_word' id='word_1_60' title='bbox 1132 951 1192 1004; x_wconf 89' lang='grc' dir='ltr'><strong>δέ</strong></span> <span class='ocrx_word' id='word_1_61' title='bbox 1229 963 1315 1015; x_wconf 89' lang='grc' dir='ltr'><strong>τίς</strong></span> <span class='ocrx_word' id='word_1_62' title='bbox 1350 951 1450 1006; x_wconf 83' lang='grc' dir='ltr'>ῐδοι</span> <span class='ocrx_word' id='word_1_63' title='bbox 1495 954 1659 1024; x_wconf 85' lang='grc' dir='ltr'>μηδὲν</span> <span class='ocrx_word' id='word_1_64' title='bbox 1701 954 1888 1024; x_wconf 78' lang='grc' dir='ltr'>ἓτερον</span> <span class='ocrx_word' id='word_1_65' title='bbox 1927 954 1985 1005; x_wconf 81' lang='grc' dir='ltr'><strong>ἐν</strong></span> 
     </span>
    </p>
   </div>
   <div class='ocr_carea' id='block_1_11' title="bbox 383 1039 1984 1116">
    <p class='ocr_par' dir='ltr' id='par_1_11' title="bbox 383 1039 1984 1116">
     <span class='ocr_line' id='line_1_11' title="bbox 383 1039 1984 1116; baseline 0.003 -23"><span class='ocrx_word' id='word_1_66' title='bbox 383 1039 569 1110; x_wconf 82' lang='grc' dir='ltr'>τούτῳ</span> <span class='ocrx_word' id='word_1_67' title='bbox 598 1040 924 1110; x_wconf 83' lang='grc' dir='ltr'>φαινόμενον</span> <span class='ocrx_word' id='word_1_68' title='bbox 951 1041 1066 1094; x_wconf 85' lang='grc' dir='ltr'>ἀλλ’</span> <span class='ocrx_word' id='word_1_69' title='bbox 1090 1043 1123 1113; x_wconf 84' lang='grc' dir='ltr'>ἢ</span> <span class='ocrx_word' id='word_1_70' title='bbox 1149 1045 1534 1116; x_wconf 86' lang='grc' dir='ltr'>φρενίτιῶντος</span> <span class='ocrx_word' id='word_1_71' title='bbox 1561 1045 1713 1116; x_wconf 73' lang='grc' dir='ltr'>ἔργα.</span> <span class='ocrx_word' id='word_1_72' title='bbox 1762 1046 1850 1108; x_wconf 83' lang='grc' dir='ltr'>Ὠς</span> <span class='ocrx_word' id='word_1_73' title='bbox 1876 1045 1984 1116; x_wconf 86' lang='grc' dir='ltr'><strong>γὰρ</strong></span> 
     </span>
    </p>
   </div>
   <div class='ocr_carea' id='block_1_12' title="bbox 383 1129 1980 1204">
    <p class='ocr_par' dir='ltr' id='par_1_12' title="bbox 383 1129 1980 1204">
     <span class='ocr_line' id='line_1_12' title="bbox 383 1129 1980 1204; baseline 0.004 -22"><span class='ocrx_word' id='word_1_74' title='bbox 383 1130 417 1183; x_wconf 80' lang='grc' dir='ltr'><strong>ὁ</strong></span> <span class='ocrx_word' id='word_1_75' title='bbox 443 1130 548 1200; x_wconf 83' lang='grc' dir='ltr'><strong>τὴν</strong></span> <span class='ocrx_word' id='word_1_76' title='bbox 561 1131 801 1200; x_wconf 82' lang='grc' dir='ltr'>φρενῖτιν</span> <span class='ocrx_word' id='word_1_77' title='bbox 823 1129 980 1200; x_wconf 75' lang='grc' dir='ltr'>ἔχων,</span> <span class='ocrx_word' id='word_1_78' title='bbox 1011 1131 1282 1204; x_wconf 86' lang='grc' dir='ltr'>μάχαιραν</span> <span class='ocrx_word' id='word_1_79' title='bbox 1313 1133 1438 1187; x_wconf 87' lang='grc' dir='ltr'>καθ’</span> <span class='ocrx_word' id='word_1_80' title='bbox 1459 1135 1655 1189; x_wconf 77' lang='grc' dir='ltr'>ἑαυτοῦ</span> <span class='ocrx_word' id='word_1_81' title='bbox 1682 1133 1980 1198; x_wconf 73' lang='grc' dir='ltr'>ὁπλίζεται,</span> 
     </span>
    </p>
   </div>
   <div class='ocr_carea' id='block_1_13' title="bbox 381 1218 1979 1299">
    <p class='ocr_par' dir='ltr' id='par_1_13' title="bbox 381 1218 1979 1299">
     <span class='ocr_line' id='line_1_13' title="bbox 381 1218 1979 1299; baseline 0.004 -25"><span class='ocrx_word' id='word_1_82' title='bbox 381 1222 487 1276; x_wconf 77' lang='grc' dir='ltr'><strong>καὶ</strong></span> <span class='ocrx_word' id='word_1_83' title='bbox 535 1223 626 1275; x_wconf 85' lang='grc' dir='ltr'>διὰ</span> <span class='ocrx_word' id='word_1_84' title='bbox 666 1223 764 1294; x_wconf 79' lang='grc' dir='ltr'><strong>τὴν</strong></span> <span class='ocrx_word' id='word_1_85' title='bbox 793 1223 1089 1294; x_wconf 74' lang='grc' dir='ltr'><strong>ἐπιληψίαν</strong></span> <span class='ocrx_word' id='word_1_86' title='bbox 1125 1224 1224 1289; x_wconf 84' lang='grc' dir='ltr'>τὰς</span> <span class='ocrx_word' id='word_1_87' title='bbox 1261 1225 1454 1280; x_wconf 81' lang='grc' dir='ltr'>ἑαυτοῦ</span> <span class='ocrx_word' id='word_1_88' title='bbox 1500 1218 1728 1299; x_wconf 79' lang='grc' dir='ltr'>σάρκας·</span> <span class='ocrx_word' id='word_1_89' title='bbox 1747 1227 1979 1297; x_wconf 88' lang='grc' dir='ltr'>τέμνων,</span> 
     </span>
    </p>
   </div>
   <div class='ocr_carea' id='block_1_14' title="bbox 382 1313 1982 1387">
    <p class='ocr_par' dir='ltr' id='par_1_14' title="bbox 382 1313 1982 1387">
     <span class='ocr_line' id='line_1_14' title="bbox 382 1313 1982 1387; baseline 0.004 -20"><span class='ocrx_word' id='word_1_90' title='bbox 382 1314 604 1385; x_wconf 77' lang='grc' dir='ltr'><strong>νομίζει</strong></span> <span class='ocrx_word' id='word_1_91' title='bbox 644 1314 872 1386; x_wconf 75' lang='grc' dir='ltr'>ἐχθροὺς</span> <span class='ocrx_word' id='word_1_92' title='bbox 894 1316 1233 1387; x_wconf 87' lang='grc' dir='ltr'>ἀμύνασθαι,</span> <span class='ocrx_word' id='word_1_93' title='bbox 1258 1319 1351 1373; x_wconf 76' lang='grc' dir='ltr'><strong>καὶ</strong></span> <span class='ocrx_word' id='word_1_94' title='bbox 1373 1320 1473 1373; x_wconf 84' lang='grc' dir='ltr'><strong>οὐκ</strong></span> <span class='ocrx_word' id='word_1_95' title='bbox 1503 1313 1642 1373; x_wconf 74' lang='grc' dir='ltr'>οἶδεν</span> <span class='ocrx_word' id='word_1_96' title='bbox 1671 1335 1685 1348; x_wconf 92' lang='grc'><strong>·</strong></span> <span class='ocrx_word' id='word_1_97' title='bbox 1721 1319 1862 1373; x_wconf 76' lang='grc' dir='ltr'>οὕτω</span> <span class='ocrx_word' id='word_1_98' title='bbox 1889 1321 1982 1373; x_wconf 77' lang='grc' dir='ltr'><strong>καὶ</strong></span> 
     </span>
    </p>
   </div>
   <div class='ocr_carea' id='block_1_15' title="bbox 382 1399 1980 1484">
    <p class='ocr_par' dir='ltr' id='par_1_15' title="bbox 382 1399 1980 1484">
     <span class='ocr_line' id='line_1_15' title="bbox 382 1399 1980 1484; baseline 0.004 -25"><span class='ocrx_word' id='word_1_99' title='bbox 382 1399 545 1470; x_wconf 78' lang='grc' dir='ltr'>οὗτος</span> <span class='ocrx_word' id='word_1_100' title='bbox 572 1407 692 1460; x_wconf 80' lang='grc' dir='ltr'>καθ’</span> <span class='ocrx_word' id='word_1_101' title='bbox 714 1404 908 1462; x_wconf 79' lang='grc' dir='ltr'>ἑαυτοῦ</span> <span class='ocrx_word' id='word_1_102' title='bbox 933 1409 1286 1477; x_wconf 82' lang='grc' dir='ltr'>διοπλίζεται,</span> <span class='ocrx_word' id='word_1_103' title='bbox 1315 1414 1391 1484; x_wconf 82' lang='grc' dir='ltr'>μὴ</span> <span class='ocrx_word' id='word_1_104' title='bbox 1413 1413 1547 1468; x_wconf 85' lang='grc' dir='ltr'>νοῶν</span> <span class='ocrx_word' id='word_1_105' title='bbox 1567 1413 1666 1475; x_wconf 79' lang='grc' dir='ltr'>τὰς</span> <span class='ocrx_word' id='word_1_106' title='bbox 1697 1411 1888 1476; x_wconf 80' lang='grc' dir='ltr'>λέξεὶς,</span> <span class='ocrx_word' id='word_1_107' title='bbox 1912 1411 1980 1478; x_wconf 67' lang='grc' dir='ltr'>ἃς</span> 
     </span>
    </p>
   </div>
   <div class='ocr_carea' id='block_1_16' title="bbox 384 1500 1975 1578">
    <p class='ocr_par' dir='ltr' id='par_1_16' title="bbox 384 1500 1975 1578">
     <span class='ocr_line' id='line_1_16' title="bbox 384 1500 1975 1578; baseline 0.003 -24"><span class='ocrx_word' id='word_1_108' title='bbox 384 1500 514 1555; x_wconf 78' lang='grc' dir='ltr'>καθ’</span> <span class='ocrx_word' id='word_1_109' title='bbox 548 1501 741 1554; x_wconf 79' lang='grc' dir='ltr'>ἑαυτοῦ</span> <span class='ocrx_word' id='word_1_110' title='bbox 770 1502 1075 1570; x_wconf 76' lang='grc' dir='ltr'>ἐφέλκεται.</span> <span class='ocrx_word' id='word_1_111' title='bbox 1111 1506 1174 1558; x_wconf 83' lang='lat' dir='ltr'><strong>El</strong></span> <span class='ocrx_word' id='word_1_112' title='bbox 1204 1505 1315 1578; x_wconf 86' lang='grc' dir='ltr'>γὰρ</span> <span class='ocrx_word' id='word_1_113' title='bbox 1345 1506 1405 1571; x_wconf 77' lang='grc' dir='ltr'>ἐξ</span> <span class='ocrx_word' id='word_1_114' title='bbox 1436 1505 1601 1559; x_wconf 80' lang='grc' dir='ltr'>αὑτοῦ</span> <span class='ocrx_word' id='word_1_115' title='bbox 1632 1508 1665 1578; x_wconf 81' lang='grc' dir='ltr'>ἡ</span> <span class='ocrx_word' id='word_1_116' title='bbox 1692 1506 1975 1578; x_wconf 82' lang='grc' dir='ltr'>ἐπιθυμία,</span> 
     </span>
    </p>
   </div>
   <div class='ocr_carea' id='block_1_17' title="bbox 383 1589 1979 1664">
    <p class='ocr_par' dir='ltr' id='par_1_17' title="bbox 383 1589 1979 1664">
     <span class='ocr_line' id='line_1_17' title="bbox 383 1589 1979 1664; baseline 0.004 -20"><span class='ocrx_word' id='word_1_117' title='bbox 383 1589 488 1645; x_wconf 75' lang='grc' dir='ltr'>καὶ</span> <span class='ocrx_word' id='word_1_118' title='bbox 539 1591 834 1662; x_wconf 82' lang='grc' dir='ltr'><strong>ἐπιθυμίας</strong></span> <span class='ocrx_word' id='word_1_119' title='bbox 885 1595 1132 1664; x_wconf 75' lang='grc' dir='ltr'><strong>ἐνεργεῖ,</strong></span> <span class='ocrx_word' id='word_1_120' title='bbox 1181 1596 1299 1658; x_wconf 74' lang='grc' dir='ltr'>πῶς</span> <span class='ocrx_word' id='word_1_121' title='bbox 1347 1596 1459 1650; x_wconf 73' lang='grc' dir='ltr'><strong>ἂνω</strong></span> <span class='ocrx_word' id='word_1_122' title='bbox 1506 1598 1600 1650; x_wconf 71' lang='grc' dir='ltr'><strong>καὶ</strong></span> <span class='ocrx_word' id='word_1_123' title='bbox 1649 1597 1800 1650; x_wconf 80' lang='grc' dir='ltr'>κάτω</span> <span class='ocrx_word' id='word_1_124' title='bbox 1835 1598 1979 1651; x_wconf 64' lang='grc' dir='ltr'><strong>κατά</strong></span> 
     </span>
    </p>
   </div>
   <div class='ocr_carea' id='block_1_18' title="bbox 384 1680 1978 1759">
    <p class='ocr_par' dir='ltr' id='par_1_18' title="bbox 384 1680 1978 1759">
     <span class='ocr_line' id='line_1_18' title="bbox 384 1680 1978 1759; baseline 0.005 -26"><span class='ocrx_word' id='word_1_125' title='bbox 384 1680 685 1753; x_wconf 76' lang='grc' dir='ltr'>ἐπιθυμίας</span> <span class='ocrx_word' id='word_1_126' title='bbox 719 1683 918 1754; x_wconf 70' lang='grc' dir='ltr'>γράφει</span> <span class='ocrx_word' id='word_1_127' title='bbox 947 1686 974 1738; x_wconf 84' lang='grc' dir='ltr'>ὁ</span> <span class='ocrx_word' id='word_1_128' title='bbox 1009 1685 1107 1756; x_wconf 81' lang='grc' dir='ltr'><strong>τὴν</strong></span> <span class='ocrx_word' id='word_1_129' title='bbox 1141 1686 1436 1758; x_wconf 74' lang='grc' dir='ltr'>ἐπιθυμίαν</span> <span class='ocrx_word' id='word_1_130' title='bbox 1468 1683 1786 1759; x_wconf 77' lang='grc' dir='ltr'>ὲμϐἁλλων;</span> <span class='ocrx_word' id='word_1_131' title='bbox 1823 1691 1851 1742; x_wconf 87' lang='grc' dir='ltr'>ὁ</span> <span class='ocrx_word' id='word_1_132' title='bbox 1893 1687 1978 1741; x_wconf 84' lang='grc' dir='ltr'>λέ-</span> 
     </span>
    </p>
   </div>
   <div class='ocr_carea' id='block_1_19' title="bbox 383 1771 1976 1849">
    <p class='ocr_par' dir='ltr' id='par_1_19' title="bbox 383 1771 1976 1849">
     <span class='ocr_line' id='line_1_19' title="bbox 383 1771 1976 1849; baseline 0.006 -25"><span class='ocrx_word' id='word_1_133' title='bbox 383 1786 507 1840; x_wconf 76' lang='grc' dir='ltr'><strong>γων</strong></span> <span class='ocrx_word' id='word_1_134' title='bbox 525 1792 540 1804; x_wconf 85' lang='grc'>·</span> <span class='ocrx_word' id='word_1_135' title='bbox 567 1771 664 1840; x_wconf 77' lang='grc' dir='ltr'><strong>Μὴ</strong></span> <span class='ocrx_word' id='word_1_136' title='bbox 698 1773 1084 1843; x_wconf 79' lang='grc' dir='ltr'>ἐπιθυμήσῃς</span> <span class='ocrx_word' id='word_1_137' title='bbox 1114 1775 1186 1830; x_wconf 84' lang='grc' dir='ltr'>τὰ</span> <span class='ocrx_word' id='word_1_138' title='bbox 1216 1777 1328 1831; x_wconf 84' lang='grc' dir='ltr'>τοῦ</span> <span class='ocrx_word' id='word_1_139' title='bbox 1377 1781 1664 1846; x_wconf 79' lang='grc' dir='ltr'><strong>πλησίον,</strong></span> <span class='ocrx_word' id='word_1_140' title='bbox 1685 1778 1842 1849; x_wconf 81' lang='grc' dir='ltr'>μηδὲ</span> <span class='ocrx_word' id='word_1_141' title='bbox 1868 1779 1976 1833; x_wconf 77' lang='grc' dir='ltr'>τὸν</span> 
     </span>
    </p>
   </div>
   <div class='ocr_carea' id='block_1_20' title="bbox 2089 583 3669 658">
    <p class='ocr_par' dir='ltr' id='par_1_20' title="bbox 2089 583 3669 658">
     <span class='ocr_line' id='line_1_20' title="bbox 2089 583 3669 658; baseline 0.003 -20"><span class='ocrx_word' id='word_1_142' title='bbox 2089 598 2194 655; x_wconf 91' lang='lat' dir='ltr'><strong>que</strong></span> <span class='ocrx_word' id='word_1_143' title='bbox 2220 583 2340 654; x_wconf 85' lang='lat' dir='ltr'><strong>ejus</strong></span> <span class='ocrx_word' id='word_1_144' title='bbox 2372 585 2590 656; x_wconf 79' lang='lat' dir='ltr'><strong>generis</strong></span> <span class='ocrx_word' id='word_1_145' title='bbox 2617 583 2884 654; x_wconf 76' lang='lat' dir='ltr'><strong>disputat.</strong></span> <span class='ocrx_word' id='word_1_146' title='bbox 2938 583 3149 640; x_wconf 87' lang='lat' dir='ltr'><strong>Callide</strong></span> <span class='ocrx_word' id='word_1_147' title='bbox 3177 593 3327 652; x_wconf 64' lang='lat' dir='ltr'><strong>’vero,</strong></span> <span class='ocrx_word' id='word_1_148' title='bbox 3363 586 3561 658; x_wconf 78' lang='lat' dir='ltr'><strong>inquit,</strong></span> <span class='ocrx_word' id='word_1_149' title='bbox 3602 587 3669 643; x_wconf 87' lang='lat' dir='ltr'><strong>de</strong></span> 
     </span>
    </p>
   </div>
   <div class='ocr_carea' id='block_1_21' title="bbox 2087 675 3668 751">
    <p class='ocr_par' dir='ltr' id='par_1_21' title="bbox 2087 675 3668 751">
     <span class='ocr_line' id='line_1_21' title="bbox 2087 675 3668 751; baseline 0.003 -21"><span class='ocrx_word' id='word_1_150' title='bbox 2087 675 2306 730; x_wconf 79' lang='lat' dir='ltr'><strong>Christo</strong></span> <span class='ocrx_word' id='word_1_151' title='bbox 2334 690 2509 745; x_wconf 90' lang='lat' dir='ltr'><strong>pauca</strong></span> <span class='ocrx_word' id='word_1_152' title='bbox 2544 676 2818 746; x_wconf 74' lang='lat' dir='ltr'><strong>przedixit,</strong></span> <span class='ocrx_word' id='word_1_153' title='bbox 2851 678 2929 731; x_wconf 90' lang='lat' dir='ltr'><strong>uti</strong></span> <span class='ocrx_word' id='word_1_154' title='bbox 2959 679 3152 749; x_wconf 88' lang='lat' dir='ltr'><strong>paucis</strong></span> <span class='ocrx_word' id='word_1_155' title='bbox 3178 679 3286 736; x_wconf 89' lang='lat' dir='ltr'><strong>illis</strong></span> <span class='ocrx_word' id='word_1_156' title='bbox 3311 680 3541 751; x_wconf 64' lang='lat' dir='ltr'><strong>quaesito</strong></span> <span class='ocrx_word' id='word_1_157' title='bbox 3565 675 3668 737; x_wconf 83' lang='lat' dir='ltr'><strong>sibi</strong></span> 
     </span>
    </p>
   </div>
   <div class='ocr_carea' id='block_1_22' title="bbox 2088 766 3668 826">
    <p class='ocr_par' dir='ltr' id='par_1_22' title="bbox 2088 766 3668 826">
     <span class='ocr_line' id='line_1_22' title="bbox 2088 766 3668 826; baseline 0.003 -6"><span class='ocrx_word' id='word_1_158' title='bbox 2088 766 2278 822; x_wconf 87' lang='lat' dir='ltr'><strong>col‘ore</strong></span> <span class='ocrx_word' id='word_1_159' title='bbox 2315 766 2481 823; x_wconf 74' lang='lat' dir='ltr'><strong>ﬁdem</strong></span> <span class='ocrx_word' id='word_1_160' title='bbox 2530 767 2754 822; x_wconf 82' lang='lat' dir='ltr'><strong>laceret.</strong></span> <span class='ocrx_word' id='word_1_161' title='bbox 2809 766 2904 824; x_wconf 73' lang='lat' dir='ltr'><strong>Hae</strong></span> <span class='ocrx_word' id='word_1_162' title='bbox 2947 777 3076 825; x_wconf 86' lang='lat' dir='ltr'><strong>sunt</strong></span> <span class='ocrx_word' id='word_1_163' title='bbox 3111 771 3388 825; x_wconf 85' lang='lat' dir='ltr'><strong>temerarii</strong></span> <span class='ocrx_word' id='word_1_164' title='bbox 3432 771 3668 826; x_wconf 87' lang='lat' dir='ltr'><strong>hominis</strong></span> 
     </span>
    </p>
   </div>
   <div class='ocr_carea' id='block_1_23' title="bbox 2085 855 3664 929">
    <p class='ocr_par' dir='ltr' id='par_1_23' title="bbox 2085 855 3664 929">
     <span class='ocr_line' id='line_1_23' title="bbox 2085 855 3664 929; baseline 0.004 -21"><span class='ocrx_word' id='word_1_165' title='bbox 2085 869 2270 920; x_wconf 88' lang='lat' dir='ltr'><strong>voces,</strong></span> <span class='ocrx_word' id='word_1_166' title='bbox 2317 871 2456 926; x_wconf 86' lang='lat' dir='ltr'><strong>quas</strong></span> <span class='ocrx_word' id='word_1_167' title='bbox 2487 855 2542 910; x_wconf 91' lang='lat' dir='ltr'><strong>in</strong></span> <span class='ocrx_word' id='word_1_168' title='bbox 2575 856 2864 912; x_wconf 90' lang='lat' dir='ltr'><strong>Dominum</strong></span> <span class='ocrx_word' id='word_1_169' title='bbox 2903 871 3064 913; x_wconf 89' lang='lat' dir='ltr'><strong>suum</strong></span> <span class='ocrx_word' id='word_1_170' title='bbox 3098 861 3414 929; x_wconf 84' lang='lat' dir='ltr'><strong>procaciter</strong></span> <span class='ocrx_word' id='word_1_171' title='bbox 3454 861 3664 915; x_wconf 70' lang='lat' dir='ltr'><strong>ell‘udit.</strong></span> 
     </span>
    </p>
   </div>
   <div class='ocr_carea' id='block_1_24' title="bbox 2085 944 3668 1019">
    <p class='ocr_par' dir='ltr' id='par_1_24' title="bbox 2085 944 3668 1019">
     <span class='ocr_line' id='line_1_24' title="bbox 2085 944 3668 1019; baseline 0.005 -20"><span class='ocrx_word' id='word_1_172' title='bbox 2085 944 2232 1012; x_wconf 88' lang='lat' dir='ltr'><strong>Quas</strong></span> <span class='ocrx_word' id='word_1_173' title='bbox 2272 946 2316 1002; x_wconf 87' lang='lat' dir='ltr'><strong>si</strong></span> <span class='ocrx_word' id='word_1_174' title='bbox 2359 947 2484 1018; x_wconf 88' lang='lat' dir='ltr'><strong>quis</strong></span> <span class='ocrx_word' id='word_1_175' title='bbox 2525 947 2848 1019; x_wconf 90' lang='lat' dir='ltr'><strong>diligentius</strong></span> <span class='ocrx_word' id='word_1_176' title='bbox 2878 951 3267 1018; x_wconf 89' lang='lat' dir='ltr'><strong>considerarit,</strong></span> <span class='ocrx_word' id='word_1_177' title='bbox 3308 953 3444 1007; x_wconf 91' lang='lat' dir='ltr'><strong>nihil</strong></span> <span class='ocrx_word' id='word_1_178' title='bbox 3478 955 3534 1007; x_wconf 89' lang='lat' dir='ltr'><strong>in</strong></span> <span class='ocrx_word' id='word_1_179' title='bbox 3581 953 3668 1008; x_wconf 80' lang='lat' dir='ltr'><strong>liis</strong></span> 
     </span>
    </p>
   </div>
   <div class='ocr_carea' id='block_1_25' title="bbox 2084 1037 3667 1114">
    <p class='ocr_par' dir='ltr' id='par_1_25' title="bbox 2084 1037 3667 1114">
     <span class='ocr_line' id='line_1_25' title="bbox 2084 1037 3667 1114; baseline 0.005 -23"><span class='ocrx_word' id='word_1_180' title='bbox 2084 1037 2230 1093; x_wconf 86' lang='lat' dir='ltr'><strong>aliud</strong></span> <span class='ocrx_word' id='word_1_181' title='bbox 2255 1041 2616 1110; x_wconf 65' lang='lat' dir='ltr'><strong>praeterquam</strong></span> <span class='ocrx_word' id='word_1_182' title='bbox 2638 1039 2942 1109; x_wconf 85' lang='lat' dir='ltr'><strong>phrenetici</strong></span> <span class='ocrx_word' id='word_1_183' title='bbox 2970 1042 3210 1098; x_wconf 88' lang='lat' dir='ltr'><strong>hominis</strong></span> <span class='ocrx_word' id='word_1_184' title='bbox 3234 1041 3378 1097; x_wconf 77' lang='lat' dir='ltr'><strong>facta</strong></span> <span class='ocrx_word' id='word_1_185' title='bbox 3403 1059 3667 1114; x_wconf 84' lang='lat' dir='ltr'><strong>apparere</strong></span> 
     </span>
    </p>
   </div>
   <div class='ocr_carea' id='block_1_26' title="bbox 2083 1129 3662 1206">
    <p class='ocr_par' dir='ltr' id='par_1_26' title="bbox 2083 1129 3662 1206">
     <span class='ocr_line' id='line_1_26' title="bbox 2083 1129 3662 1206; baseline 0.005 -23"><span class='ocrx_word' id='word_1_186' title='bbox 2083 1139 2397 1200; x_wconf 82' lang='lat' dir='ltr'><strong>cognoscet.</strong></span> <span class='ocrx_word' id='word_1_187' title='bbox 2427 1129 2498 1185; x_wconf 88' lang='lat' dir='ltr'><strong>Ut</strong></span> <span class='ocrx_word' id='word_1_188' title='bbox 2525 1132 2672 1187; x_wconf 90' lang='lat' dir='ltr'><strong>enim</strong></span> <span class='ocrx_word' id='word_1_189' title='bbox 2697 1132 3004 1203; x_wconf 82' lang='lat' dir='ltr'><strong>phrenitide</strong></span> <span class='ocrx_word' id='word_1_190' title='bbox 3035 1133 3316 1198; x_wconf 90' lang='lat' dir='ltr'><strong>laborans,</strong></span> <span class='ocrx_word' id='word_1_191' title='bbox 3350 1137 3395 1190; x_wconf 90' lang='lat' dir='ltr'><strong>si</strong></span> <span class='ocrx_word' id='word_1_192' title='bbox 3428 1137 3662 1206; x_wconf 79' lang='lat' dir='ltr'><strong>gladium</strong></span> 
     </span>
    </p>
   </div>
   <div class='ocr_carea' id='block_1_27' title="bbox 2082 1219 3665 1296">
    <p class='ocr_par' dir='ltr' id='par_1_27' title="bbox 2082 1219 3665 1296">
     <span class='ocr_line' id='line_1_27' title="bbox 2082 1219 3665 1296; baseline 0.005 -24"><span class='ocrx_word' id='word_1_193' title='bbox 2082 1229 2276 1276; x_wconf 91' lang='lat' dir='ltr'><strong>nactus</strong></span> <span class='ocrx_word' id='word_1_194' title='bbox 2327 1219 2518 1287; x_wconf 80' lang='lat' dir='ltr'><strong>fuerit,</strong></span> <span class='ocrx_word' id='word_1_195' title='bbox 2568 1231 2756 1276; x_wconf 91' lang='lat' dir='ltr'><strong>contra</strong></span> <span class='ocrx_word' id='word_1_196' title='bbox 2813 1223 3054 1294; x_wconf 83' lang='lat' dir='ltr'><strong>seipsum</strong></span> <span class='ocrx_word' id='word_1_197' title='bbox 3112 1228 3389 1293; x_wconf 84' lang='lat' dir='ltr'><strong>armatur,</strong></span> <span class='ocrx_word' id='word_1_198' title='bbox 3443 1241 3508 1280; x_wconf 90' lang='lat' dir='ltr'><strong>ac</strong></span> <span class='ocrx_word' id='word_1_199' title='bbox 3555 1240 3665 1296; x_wconf 79' lang='lat' dir='ltr'><strong>pra:</strong></span> 
     </span>
    </p>
   </div>
   <div class='ocr_carea' id='block_1_28' title="bbox 2082 1312 3664 1383">
    <p class='ocr_par' dir='ltr' id='par_1_28' title="bbox 2082 1312 3664 1383">
     <span class='ocr_line' id='line_1_28' title="bbox 2082 1312 3664 1383; baseline 0.004 -19"><span class='ocrx_word' id='word_1_200' title='bbox 2082 1312 2320 1366; x_wconf 82' lang='lat' dir='ltr'><strong>amentia</strong></span> <span class='ocrx_word' id='word_1_201' title='bbox 2358 1325 2488 1368; x_wconf 83' lang='lat' dir='ltr'><strong>suas</strong></span> <span class='ocrx_word' id='word_1_202' title='bbox 2525 1314 2640 1383; x_wconf 90' lang='lat' dir='ltr'><strong>ipse</strong></span> <span class='ocrx_word' id='word_1_203' title='bbox 2672 1327 2870 1368; x_wconf 90' lang='lat' dir='ltr'><strong>carnes</strong></span> <span class='ocrx_word' id='word_1_204' title='bbox 2916 1314 3216 1372; x_wconf 90' lang='lat' dir='ltr'><strong>concidens</strong></span> <span class='ocrx_word' id='word_1_205' title='bbox 3249 1316 3440 1371; x_wconf 87' lang='lat' dir='ltr'><strong>ulcisci</strong></span> <span class='ocrx_word' id='word_1_206' title='bbox 3477 1330 3536 1371; x_wconf 90' lang='lat' dir='ltr'><strong>se</strong></span> <span class='ocrx_word' id='word_1_207' title='bbox 3568 1316 3664 1370; x_wconf 77' lang='lat' dir='ltr'><strong>lio-</strong></span> 
     </span>
    </p>
   </div>
   <div class='ocr_carea' id='block_1_29' title="bbox 2081 1405 3666 1478">
    <p class='ocr_par' dir='ltr' id='par_1_29' title="bbox 2081 1405 3666 1478">
     <span class='ocr_line' id='line_1_29' title="bbox 2081 1405 3666 1478; baseline 0.004 -18"><span class='ocrx_word' id='word_1_208' title='bbox 2081 1411 2193 1460; x_wconf 88' lang='lat' dir='ltr'><strong>stcs</strong></span> <span class='ocrx_word' id='word_1_209' title='bbox 2223 1405 2520 1470; x_wconf 80' lang='lat' dir='ltr'><strong>existimat,</strong></span> <span class='ocrx_word' id='word_1_210' title='bbox 2552 1412 2607 1460; x_wconf 89' lang='lat' dir='ltr'><strong>et</strong></span> <span class='ocrx_word' id='word_1_211' title='bbox 2635 1405 2765 1478; x_wconf 89' lang='lat' dir='ltr'><strong>quid</strong></span> <span class='ocrx_word' id='word_1_212' title='bbox 2796 1405 2919 1474; x_wconf 80' lang='lat' dir='ltr'><strong>agat</strong></span> <span class='ocrx_word' id='word_1_213' title='bbox 2948 1408 3161 1478; x_wconf 82' lang='lat' dir='ltr'><strong>ignorat</strong></span> <span class='ocrx_word' id='word_1_214' title='bbox 3209 1427 3222 1464; x_wconf 95' lang='lat'><strong>:</strong></span> <span class='ocrx_word' id='word_1_215' title='bbox 3252 1411 3331 1464; x_wconf 92' lang='lat' dir='ltr'><strong>sic</strong></span> <span class='ocrx_word' id='word_1_216' title='bbox 3362 1409 3461 1464; x_wconf 87' lang='lat' dir='ltr'><strong>iste</strong></span> <span class='ocrx_word' id='word_1_217' title='bbox 3492 1410 3546 1464; x_wconf 95' lang='lat' dir='ltr'><strong>in</strong></span> <span class='ocrx_word' id='word_1_218' title='bbox 3574 1424 3666 1467; x_wconf 84' lang='lat' dir='ltr'><strong>so-</strong></span> 
     </span>
    </p>
   </div>
   <div class='ocr_carea' id='block_1_30' title="bbox 2078 1497 3661 1570">
    <p class='ocr_par' dir='ltr' id='par_1_30' title="bbox 2078 1497 3661 1570">
     <span class='ocr_line' id='line_1_30' title="bbox 2078 1497 3661 1570; baseline 0.003 -19"><span class='ocrx_word' id='word_1_219' title='bbox 2078 1497 2255 1567; x_wconf 89' lang='lat' dir='ltr'><strong>ipsum</strong></span> <span class='ocrx_word' id='word_1_220' title='bbox 2287 1502 2438 1551; x_wconf 87' lang='lat' dir='ltr'><strong>arma</strong></span> <span class='ocrx_word' id='word_1_221' title='bbox 2465 1500 2754 1561; x_wconf 86' lang='lat' dir='ltr'><strong>convertit,</strong></span> <span class='ocrx_word' id='word_1_222' title='bbox 2779 1498 2908 1552; x_wconf 93' lang='lat' dir='ltr'><strong>dum</strong></span> <span class='ocrx_word' id='word_1_223' title='bbox 2937 1513 3102 1554; x_wconf 88' lang='lat' dir='ltr'><strong>voces</strong></span> <span class='ocrx_word' id='word_1_224' title='bbox 3126 1498 3270 1564; x_wconf 87' lang='lat' dir='ltr'><strong>illas,</strong></span> <span class='ocrx_word' id='word_1_225' title='bbox 3301 1515 3440 1570; x_wconf 91' lang='lat' dir='ltr'><strong>quas</strong></span> <span class='ocrx_word' id='word_1_226' title='bbox 3463 1505 3661 1556; x_wconf 72' lang='lat' dir='ltr'><strong>‘contra</strong></span> 
     </span>
    </p>
   </div>
   <div class='ocr_carea' id='block_1_31' title="bbox 2077 1589 3658 1662">
    <p class='ocr_par' dir='ltr' id='par_1_31' title="bbox 2077 1589 3658 1662">
     <span class='ocr_line' id='line_1_31' title="bbox 2077 1589 3658 1662; baseline 0.001 -16"><span class='ocrx_word' id='word_1_227' title='bbox 2077 1605 2138 1646; x_wconf 85' lang='lat' dir='ltr'><strong>se</strong></span> <span class='ocrx_word' id='word_1_228' title='bbox 2186 1589 2418 1660; x_wconf 80' lang='lat' dir='ltr'><strong>profert,</strong></span> <span class='ocrx_word' id='word_1_229' title='bbox 2475 1605 2584 1644; x_wconf 91' lang='lat' dir='ltr'><strong>non</strong></span> <span class='ocrx_word' id='word_1_230' title='bbox 2640 1591 2916 1660; x_wconf 81' lang='lat' dir='ltr'><strong>intelligit.</strong></span> <span class='ocrx_word' id='word_1_231' title='bbox 2985 1590 3198 1646; x_wconf 91' lang='lat' dir='ltr'><strong>Etenim</strong></span> <span class='ocrx_word' id='word_1_232' title='bbox 3253 1592 3298 1647; x_wconf 90' lang='lat' dir='ltr'><strong>si</strong></span> <span class='ocrx_word' id='word_1_233' title='bbox 3347 1593 3658 1662; x_wconf 82' lang='lat' dir='ltr'><strong>cupiditatis</strong></span> 
     </span>
    </p>
   </div>
   <div class='ocr_carea' id='block_1_32' title="bbox 2077 1677 3661 1753">
    <p class='ocr_par' dir='ltr' id='par_1_32' title="bbox 2077 1677 3661 1753">
     <span class='ocr_line' id='line_1_32' title="bbox 2077 1677 3661 1753; baseline 0.002 -17"><span class='ocrx_word' id='word_1_234' title='bbox 2077 1689 2272 1737; x_wconf 80' lang='lat' dir='ltr'><strong>auctor</strong></span> <span class='ocrx_word' id='word_1_235' title='bbox 2318 1682 2408 1738; x_wconf 92' lang='lat' dir='ltr'><strong>ille</strong></span> <span class='ocrx_word' id='word_1_236' title='bbox 2446 1677 2663 1738; x_wconf 67' lang='lat' dir='ltr'><strong>Veteris</strong></span> <span class='ocrx_word' id='word_1_237' title='bbox 2711 1681 3050 1738; x_wconf 84' lang='lat' dir='ltr'><strong>Testamenti</strong></span> <span class='ocrx_word' id='word_1_238' title='bbox 3096 1682 3238 1740; x_wconf 87' lang='lat' dir='ltr'><strong>Deus</strong></span> <span class='ocrx_word' id='word_1_239' title='bbox 3281 1692 3385 1748; x_wconf 88' lang='lat' dir='ltr'><strong>est,</strong></span> <span class='ocrx_word' id='word_1_240' title='bbox 3434 1695 3498 1739; x_wconf 89' lang='lat' dir='ltr'><strong>a&#39;c</strong></span> <span class='ocrx_word' id='word_1_241' title='bbox 3539 1691 3661 1753; x_wconf 72' lang='lat' dir='ltr'><strong>quat</strong></span> 
     </span>
    </p>
   </div>
   <div class='ocr_carea' id='block_1_33' title="bbox 2079 1775 3660 1846">
    <p class='ocr_par' dir='ltr' id='par_1_33' title="bbox 2079 1775 3660 1846">
     <span class='ocr_line' id='line_1_33' title="bbox 2079 1775 3660 1846; baseline 0.001 -19"><span class='ocrx_word' id='word_1_242' title='bbox 2079 1780 2208 1828; x_wconf 88' lang='lat' dir='ltr'><strong>sunt</strong></span> <span class='ocrx_word' id='word_1_243' title='bbox 2229 1775 2548 1844; x_wconf 63' lang='lat' dir='ltr'><strong>cupiditatis</strong></span> <span class='ocrx_word' id='word_1_244' title='bbox 2576 1775 2793 1844; x_wconf 89' lang='lat' dir='ltr'><strong>propria</strong></span> <span class='ocrx_word' id='word_1_245' title='bbox 2821 1775 3066 1839; x_wconf 89' lang='lat' dir='ltr'><strong>molitur,</strong></span> <span class='ocrx_word' id='word_1_246' title='bbox 3095 1790 3192 1832; x_wconf 92' lang='lat' dir='ltr'><strong>cur</strong></span> <span class='ocrx_word' id='word_1_247' title='bbox 3217 1775 3421 1846; x_wconf 87' lang='lat' dir='ltr'><strong>ubique</strong></span> <span class='ocrx_word' id='word_1_248' title='bbox 3446 1777 3660 1844; x_wconf 84' lang='lat' dir='ltr'><strong>cupidi-</strong></span> 
     </span>
    </p>
   </div>
   <div class='ocr_carea' id='block_1_34' title="bbox 381 1847 1974 1943">
    <p class='ocr_par' dir='ltr' id='par_1_34' title="bbox 381 1847 1974 1943">
     <span class='ocr_line' id='line_1_34' title="bbox 381 1847 1974 1943; baseline 0.007 -26"><span class='ocrx_word' id='word_1_249' title='bbox 381 1863 551 1928; x_wconf 76' lang='grc' dir='ltr'>βοῦν</span> <span class='ocrx_word' id='word_1_250' title='bbox 577 1865 786 1932; x_wconf 79' lang='grc' dir='ltr'>αὐτοῦ,</span> <span class='ocrx_word' id='word_1_251' title='bbox 819 1867 977 1936; x_wconf 82' lang='grc' dir='ltr'>μηδὲ</span> <span class='ocrx_word' id='word_1_252' title='bbox 1004 1868 1074 1922; x_wconf 81' lang='grc' dir='ltr'>τὸ</span> <span class='ocrx_word' id='word_1_253' title='bbox 1102 1855 1420 1942; x_wconf 71' lang='grc' dir='ltr'>ὑποζύγιον</span> <span class='ocrx_word' id='word_1_254' title='bbox 1449 1873 1657 1939; x_wconf 61' lang='grc' dir='ltr'>αὐτοῦ,</span> <span class='ocrx_word' id='word_1_255' title='bbox 1687 1847 1844 1943; x_wconf 54' lang='grc' dir='ltr'>μηδὲ</span> <span class='ocrx_word' id='word_1_256' title='bbox 1865 1875 1974 1942; x_wconf 72' lang='grc' dir='ltr'><strong>τὴν</strong></span> 
     </span>
    </p>
   </div>
   <div class='ocr_carea' id='block_1_35' title="bbox 2078 1847 3658 1943">
    <p class='ocr_par' dir='ltr' id='par_1_35' title="bbox 2080 1862 3658 1936">
     <span class='ocr_line' id='line_1_35' title="bbox 2080 1862 3658 1936; baseline 0.004 -22"><span class='ocrx_word' id='word_1_257' title='bbox 2080 1868 2243 1916; x_wconf 89' lang='lat' dir='ltr'><strong>tatem</strong></span> <span class='ocrx_word' id='word_1_258' title='bbox 2267 1862 2596 1930; x_wconf 83' lang='lat' dir='ltr'><strong>proscribit?</strong></span> <span class='ocrx_word' id='word_1_259' title='bbox 2621 1864 2712 1933; x_wconf 91' lang='lat' dir='ltr'><strong>qui</strong></span> <span class='ocrx_word' id='word_1_260' title='bbox 2737 1863 2955 1933; x_wconf 87' lang='lat' dir='ltr'><strong>quidem</strong></span> <span class='ocrx_word' id='word_1_261' title='bbox 2989 1864 3136 1919; x_wconf 87' lang='lat' dir='ltr'><strong>istud</strong></span> <span class='ocrx_word' id='word_1_262' title='bbox 3162 1866 3511 1936; x_wconf 67' lang='lat' dir='ltr'><strong>praeceperit:</strong></span> <span class='ocrx_word' id='word_1_263' title='bbox 3534 1863 3658 1920; x_wconf 90' lang='lat' dir='ltr'><strong>Non</strong></span> 
     </span>
    </p>
   </div>
   <div class='ocr_carea' id='block_1_36' title="bbox 386 1956 1980 2038">
    <p class='ocr_par' dir='ltr' id='par_1_36' title="bbox 386 1956 1980 2038">
     <span class='ocr_line' id='line_1_36' title="bbox 386 1956 1980 2038; baseline 0.009 -31"><span class='ocrx_word' id='word_1_264' title='bbox 386 1956 726 2024; x_wconf 66' lang='grc' dir='ltr'>παιδίσκην</span> <span class='ocrx_word' id='word_1_265' title='bbox 756 1959 946 2013; x_wconf 85' lang='grc' dir='ltr'><strong>αὐτοῦ</strong></span> <span class='ocrx_word' id='word_1_266' title='bbox 966 2001 981 2024; x_wconf 91' lang='grc'><strong>,</strong></span> <span class='ocrx_word' id='word_1_267' title='bbox 1011 1961 1168 2030; x_wconf 84' lang='grc' dir='ltr'>μηδὲ</span> <span class='ocrx_word' id='word_1_268' title='bbox 1212 1964 1317 2017; x_wconf 82' lang='grc' dir='ltr'>τὸν</span> <span class='ocrx_word' id='word_1_269' title='bbox 1354 1965 1542 2035; x_wconf 70' lang='grc' dir='ltr'>ἀγρὸν</span> <span class='ocrx_word' id='word_1_270' title='bbox 1571 1967 1758 2021; x_wconf 84' lang='grc' dir='ltr'>αὐτοῦ</span> <span class='ocrx_word' id='word_1_271' title='bbox 1777 2009 1792 2033; x_wconf 91' lang='grc'><strong>,</strong></span> <span class='ocrx_word' id='word_1_272' title='bbox 1819 1968 1980 2038; x_wconf 83' lang='grc' dir='ltr'>μηδὲ</span> 
     </span>
    </p>
   </div>
   <div class='ocr_carea' id='block_1_37' title="bbox 384 2046 1979 2127">
    <p class='ocr_par' dir='ltr' id='par_1_37' title="bbox 384 2046 1979 2127">
     <span class='ocr_line' id='line_1_37' title="bbox 384 2046 1979 2127; baseline 0.009 -29"><span class='ocrx_word' id='word_1_273' title='bbox 384 2046 506 2114; x_wconf 75' lang='grc' dir='ltr'>τὴν</span> <span class='ocrx_word' id='word_1_274' title='bbox 533 2048 790 2116; x_wconf 75' lang='grc' dir='ltr'>γυναῖκα</span> <span class='ocrx_word' id='word_1_275' title='bbox 824 2051 1036 2114; x_wconf 85' lang='grc' dir='ltr'>αὑτοῦ,</span> <span class='ocrx_word' id='word_1_276' title='bbox 1075 2053 1232 2121; x_wconf 79' lang='grc' dir='ltr'>μηδὲ</span> <span class='ocrx_word' id='word_1_277' title='bbox 1269 2054 1389 2109; x_wconf 83' lang='grc' dir='ltr'>ὅσα</span> <span class='ocrx_word' id='word_1_278' title='bbox 1421 2054 1554 2109; x_wconf 80' lang='grc' dir='ltr'>ἐστὶ</span> <span class='ocrx_word' id='word_1_279' title='bbox 1585 2057 1666 2123; x_wconf 84' lang='grc' dir='ltr'>τῷ</span> <span class='ocrx_word' id='word_1_280' title='bbox 1709 2060 1979 2127; x_wconf 77' lang='grc' dir='ltr'>πλησίον</span> 
     </span>
    </p>
   </div>
   <div class='ocr_carea' id='block_1_38' title="bbox 383 2141 1978 2220">
    <p class='ocr_par' dir='ltr' id='par_1_38' title="bbox 383 2141 1978 2220">
     <span class='ocr_line' id='line_1_38' title="bbox 383 2141 1978 2220; baseline 0.008 -28"><span class='ocrx_word' id='word_1_281' title='bbox 383 2153 538 2192; x_wconf 88' lang='grc' dir='ltr'>σου·</span> <span class='ocrx_word' id='word_1_282' title='bbox 567 2141 619 2193; x_wconf 84' lang='grc' dir='ltr'><strong>εί</strong></span> <span class='ocrx_word' id='word_1_283' title='bbox 647 2141 864 2212; x_wconf 90' lang='grc' dir='ltr'>ἀναιρεῖ</span> <span class='ocrx_word' id='word_1_284' title='bbox 890 2141 990 2213; x_wconf 83' lang='grc' dir='ltr'>τὴν</span> <span class='ocrx_word' id='word_1_285' title='bbox 1026 2143 1321 2216; x_wconf 79' lang='grc' dir='ltr'>ἐπιθυμίαν</span> <span class='ocrx_word' id='word_1_286' title='bbox 1342 2187 1356 2212; x_wconf 92' lang='grc'><strong>,</strong></span> <span class='ocrx_word' id='word_1_287' title='bbox 1388 2149 1488 2202; x_wconf 74' lang='grc' dir='ltr'>οὐκ</span> <span class='ocrx_word' id='word_1_288' title='bbox 1527 2149 1688 2214; x_wconf 83' lang='grc' dir='ltr'>αὐτὸς</span> <span class='ocrx_word' id='word_1_289' title='bbox 1726 2149 1827 2220; x_wconf 79' lang='grc' dir='ltr'>τῆς</span> <span class='ocrx_word' id='word_1_290' title='bbox 1858 2151 1978 2204; x_wconf 77' lang='grc' dir='ltr'>ἐπι-</span> 
     </span>
    </p>
   </div>
   <div class='ocr_carea' id='block_1_39' title="bbox 385 2229 1570 2304">
    <p class='ocr_par' dir='ltr' id='par_1_39' title="bbox 385 2229 1570 2304">
     <span class='ocr_line' id='line_1_39' title="bbox 385 2229 1570 2304; baseline 0.008 -21"><span class='ocrx_word' id='word_1_291' title='bbox 385 2229 591 2302; x_wconf 81' lang='grc' dir='ltr'>θυμίας</span> <span class='ocrx_word' id='word_1_292' title='bbox 617 2232 734 2285; x_wconf 81' lang='grc' dir='ltr'>ὲστὶ</span> <span class='ocrx_word' id='word_1_293' title='bbox 767 2233 1024 2304; x_wconf 85' lang='grc' dir='ltr'>χορηγός.</span> <span class='ocrx_word' id='word_1_294' title='bbox 1563 2229 1570 2236; x_wconf 74' lang='grc'><strong>’</strong></span> 
     </span>
    </p>
   </div>
   <div class='ocr_carea' id='block_1_40' title="bbox 456 2404 1974 2482">
    <p class='ocr_par' dir='ltr' id='par_1_40' title="bbox 456 2404 1974 2482">
     <span class='ocr_line' id='line_1_40' title="bbox 456 2404 1974 2482; baseline 0.009 -24"><span class='ocrx_word' id='word_1_295' title='bbox 456 2406 583 2458; x_wconf 85' lang='lat' dir='ltr'><strong>OA&#39;.</strong></span> <span class='ocrx_word' id='word_1_296' title='bbox 614 2406 739 2470; x_wconf 85' lang='grc' dir='ltr'><strong>Πῶς</strong></span> <span class='ocrx_word' id='word_1_297' title='bbox 776 2404 893 2475; x_wconf 79' lang='grc' dir='ltr'>οὖν,</span> <span class='ocrx_word' id='word_1_298' title='bbox 934 2408 1134 2481; x_wconf 75' lang='grc' dir='ltr'>φησὶν,</span> <span class='ocrx_word' id='word_1_299' title='bbox 1179 2413 1482 2468; x_wconf 79' lang='grc' dir='ltr'>ἐνετείλατο</span> <span class='ocrx_word' id='word_1_300' title='bbox 1521 2415 1810 2470; x_wconf 79' lang='grc' dir='ltr'>σκυλεῦσαι</span> <span class='ocrx_word' id='word_1_301' title='bbox 1850 2419 1974 2482; x_wconf 78' lang='grc' dir='ltr'>τοὺς</span> 
     </span>
    </p>
   </div>
   <div class='ocr_carea' id='block_1_41' title="bbox 382 2497 1970 2579">
    <p class='ocr_par' dir='ltr' id='par_1_41' title="bbox 382 2497 1970 2579">
     <span class='ocr_line' id='line_1_41' title="bbox 382 2497 1970 2579; baseline 0.009 -30"><span class='ocrx_word' id='word_1_302' title='bbox 382 2497 741 2564; x_wconf 74' lang='grc' dir='ltr'>Αἰγυπτίους,</span> <span class='ocrx_word' id='word_1_303' title='bbox 775 2500 834 2552; x_wconf 76' lang='grc' dir='ltr'><strong>ἐν</strong></span> <span class='ocrx_word' id='word_1_304' title='bbox 863 2499 940 2571; x_wconf 84' lang='grc' dir='ltr'>τῷ</span> <span class='ocrx_word' id='word_1_305' title='bbox 966 2502 1166 2566; x_wconf 77' lang='grc' dir='ltr'>ἐξιέναι</span> <span class='ocrx_word' id='word_1_306' title='bbox 1201 2504 1396 2569; x_wconf 76' lang='grc' dir='ltr'>αὐτοὺς</span> <span class='ocrx_word' id='word_1_307' title='bbox 1425 2507 1488 2560; x_wconf 83' lang='grc' dir='ltr'>ἐκ</span> <span class='ocrx_word' id='word_1_308' title='bbox 1520 2508 1623 2579; x_wconf 84' lang='grc' dir='ltr'><strong>γῆς</strong></span> <span class='ocrx_word' id='word_1_309' title='bbox 1655 2510 1970 2577; x_wconf 78' lang='grc' dir='ltr'>Δίγύπτους</span> 
     </span>
    </p>
   </div>
   <div class='ocr_carea' id='block_1_42' title="bbox 381 2588 1974 2670">
    <p class='ocr_par' dir='ltr' id='par_1_42' title="bbox 381 2588 1974 2670">
     <span class='ocr_line' id='line_1_42' title="bbox 381 2588 1974 2670; baseline 0.008 -28"><span class='ocrx_word' id='word_1_310' title='bbox 381 2588 524 2643; x_wconf 85' lang='grc' dir='ltr'>Ναί·</span> <span class='ocrx_word' id='word_1_311' title='bbox 561 2589 770 2654; x_wconf 88' lang='grc' dir='ltr'>δίκαιος</span> <span class='ocrx_word' id='word_1_312' title='bbox 796 2592 906 2663; x_wconf 85' lang='grc' dir='ltr'>γάρ</span> <span class='ocrx_word' id='word_1_313' title='bbox 932 2594 1048 2646; x_wconf 74' lang='grc' dir='ltr'>ἐστι</span> <span class='ocrx_word' id='word_1_314' title='bbox 1085 2594 1296 2666; x_wconf 78' lang='grc' dir='ltr'>κριτὴς,</span> <span class='ocrx_word' id='word_1_315' title='bbox 1338 2595 1414 2660; x_wconf 88' lang='grc' dir='ltr'><strong>ὡς</strong></span> <span class='ocrx_word' id='word_1_316' title='bbox 1456 2598 1550 2650; x_wconf 77' lang='grc' dir='ltr'><strong>καὶ</strong></span> <span class='ocrx_word' id='word_1_317' title='bbox 1581 2599 1682 2670; x_wconf 70' lang='grc' dir='ltr'>ἤδη</span> <span class='ocrx_word' id='word_1_318' title='bbox 1717 2596 1974 2667; x_wconf 76' lang='grc' dir='ltr'>πολλάκις</span> 
     </span>
    </p>
   </div>
   <div class='ocr_carea' id='block_1_43' title="bbox 383 2674 1975 2760">
    <p class='ocr_par' dir='ltr' id='par_1_43' title="bbox 383 2674 1975 2760">
     <span class='ocr_line' id='line_1_43' title="bbox 383 2674 1975 2760; baseline 0.009 -28"><span class='ocrx_word' id='word_1_319' title='bbox 383 2674 598 2750; x_wconf 62' lang='lat' dir='ltr'><strong>cfp-nica</strong></span> <span class='ocrx_word' id='word_1_320' title='bbox 634 2683 765 2753; x_wconf 79' lang='grc' dir='ltr'>περὶ</span> <span class='ocrx_word' id='word_1_321' title='bbox 795 2683 1006 2737; x_wconf 86' lang='grc' dir='ltr'>τούτου.</span> <span class='ocrx_word' id='word_1_322' title='bbox 1052 2685 1163 2738; x_wconf 77' lang='grc' dir='ltr'><strong>Καὶ</strong></span> <span class='ocrx_word' id='word_1_323' title='bbox 1197 2687 1285 2740; x_wconf 76' lang='grc' dir='ltr'>ἶνα</span> <span class='ocrx_word' id='word_1_324' title='bbox 1333 2684 1511 2760; x_wconf 52' lang='grc' dir='ltr'>δείξῃ,</span> <span class='ocrx_word' id='word_1_325' title='bbox 1542 2689 1625 2742; x_wconf 81' lang='grc' dir='ltr'>ὅτι</span> <span class='ocrx_word' id='word_1_326' title='bbox 1671 2690 1771 2744; x_wconf 84' lang='grc' dir='ltr'>οὐκ</span> <span class='ocrx_word' id='word_1_327' title='bbox 1814 2693 1975 2758; x_wconf 72' lang='grc' dir='ltr'>αὐτὸς</span> 
     </span>
    </p>
   </div>
   <div class='ocr_carea' id='block_1_44' title="bbox 383 2772 1974 2852">
    <p class='ocr_par' dir='ltr' id='par_1_44' title="bbox 383 2772 1974 2852">
     <span class='ocr_line' id='line_1_44' title="bbox 383 2772 1974 2852; baseline 0.009 -29"><span class='ocrx_word' id='word_1_328' title='bbox 383 2772 619 2825; x_wconf 84' lang='grc' dir='ltr'>ὲνδεῖται</span> <span class='ocrx_word' id='word_1_329' title='bbox 651 2773 886 2840; x_wconf 82' lang='grc' dir='ltr'>θυσιῶν,</span> <span class='ocrx_word' id='word_1_330' title='bbox 913 2777 1078 2846; x_wconf 81' lang='grc' dir='ltr'>φησὶν</span> <span class='ocrx_word' id='word_1_331' title='bbox 1106 2779 1164 2830; x_wconf 84' lang='grc' dir='ltr'><strong>ὲν</strong></span> <span class='ocrx_word' id='word_1_332' title='bbox 1193 2777 1273 2849; x_wconf 84' lang='grc' dir='ltr'>τῷ</span> <span class='ocrx_word' id='word_1_333' title='bbox 1308 2781 1559 2852; x_wconf 80' lang='grc' dir='ltr'>προφήτῃ</span> <span class='ocrx_word' id='word_1_334' title='bbox 1579 2796 1594 2811; x_wconf 85' lang='grc'>⁶</span> <span class='ocrx_word' id='word_1_335' title='bbox 1629 2781 1685 2834; x_wconf 86' lang='grc' dir='ltr'><em>Μ</em></span> <span class='ocrx_word' id='word_1_336' title='bbox 1693 2782 1728 2851; x_wconf 82' lang='grc' dir='ltr'><em>ὴ</em></span> <span class='ocrx_word' id='word_1_337' title='bbox 1757 2785 1974 2852; x_wconf 84' lang='grc' dir='ltr'>θυσίας</span> 
     </span>
    </p>
   </div>
   <div class='ocr_carea' id='block_1_45' title="bbox 383 2866 1973 2943">
    <p class='ocr_par' dir='ltr' id='par_1_45' title="bbox 383 2866 1973 2943">
     <span class='ocr_line' id='line_1_45' title="bbox 383 2866 1973 2943; baseline 0.008 -25"><span class='ocrx_word' id='word_1_338' title='bbox 383 2866 844 2936; x_wconf 73' lang='grc' dir='ltr'>προσηνέγκατέ</span> <span class='ocrx_word' id='word_1_339' title='bbox 875 2887 996 2938; x_wconf 82' lang='grc' dir='ltr'>μοι,</span> <span class='ocrx_word' id='word_1_340' title='bbox 1030 2866 1195 2937; x_wconf 78' lang='grc' dir='ltr'>οἶκος</span> <span class='ocrx_word' id='word_1_341' title='bbox 1230 2871 1490 2941; x_wconf 76' lang='grc' dir='ltr'>Ἰσραὴλ,</span> <span class='ocrx_word' id='word_1_342' title='bbox 1518 2875 1973 2943; x_wconf 80' lang='grc' dir='ltr'>τεσσαράκοντα</span> 
     </span>
    </p>
   </div>
   <div class='ocr_carea' id='block_1_46' title="bbox 382 2961 1972 3042">
    <p class='ocr_par' dir='ltr' id='par_1_46' title="bbox 382 2961 1972 3042">
     <span class='ocr_line' id='line_1_46' title="bbox 382 2961 1972 3042; baseline 0.006 -28"><span class='ocrx_word' id='word_1_343' title='bbox 382 2961 523 3028; x_wconf 67' lang='lat' dir='ltr'><strong>Ern;</strong></span> <span class='ocrx_word' id='word_1_344' title='bbox 551 2963 716 3032; x_wconf 75' lang='grc' dir='ltr'>λέγει</span> <span class='ocrx_word' id='word_1_345' title='bbox 755 2965 984 3033; x_wconf 82' lang='grc' dir='ltr'>Κύριος.</span> <span class='ocrx_word' id='word_1_346' title='bbox 1032 2965 1150 3020; x_wconf 87' lang='grc' dir='ltr'>Τίνι</span> <span class='ocrx_word' id='word_1_347' title='bbox 1182 2961 1274 3020; x_wconf 80' lang='grc' dir='ltr'>οὖν</span> <span class='ocrx_word' id='word_1_348' title='bbox 1308 2963 1449 3039; x_wconf 83' lang='grc' dir='ltr'>ἦσαν</span> <span class='ocrx_word' id='word_1_349' title='bbox 1490 2971 1546 3022; x_wconf 82' lang='grc' dir='ltr'>αἱ</span> <span class='ocrx_word' id='word_1_350' title='bbox 1595 2972 1972 3042; x_wconf 81' lang='grc' dir='ltr'>προσφερόμε-</span> 
     </span>
    </p>
   </div>
   <div class='ocr_carea' id='block_1_47' title="bbox 384 3053 1973 3133">
    <p class='ocr_par' dir='ltr' id='par_1_47' title="bbox 384 3053 1973 3133">
     <span class='ocr_line' id='line_1_47' title="bbox 384 3053 1973 3133; baseline 0.007 -29"><span class='ocrx_word' id='word_1_351' title='bbox 384 3061 512 3113; x_wconf 76' lang='lat' dir='ltr'><strong>vat;</strong></span> <span class='ocrx_word' id='word_1_352' title='bbox 549 3053 710 3124; x_wconf 78' lang='grc' dir='ltr'><strong>Αὑτῷ</strong></span> <span class='ocrx_word' id='word_1_353' title='bbox 745 3054 843 3125; x_wconf 82' lang='grc' dir='ltr'>μὲν</span> <span class='ocrx_word' id='word_1_354' title='bbox 897 3055 1036 3108; x_wconf 79' lang='grc' dir='ltr'>κατὰ</span> <span class='ocrx_word' id='word_1_355' title='bbox 1083 3055 1180 3127; x_wconf 81' lang='grc' dir='ltr'><strong>τὴν</strong></span> <span class='ocrx_word' id='word_1_356' title='bbox 1223 3057 1459 3113; x_wconf 83' lang='grc' dir='ltr'>διάνοιαν</span> <span class='ocrx_word' id='word_1_357' title='bbox 1501 3059 1607 3111; x_wconf 87' lang='grc' dir='ltr'>τῶν</span> <span class='ocrx_word' id='word_1_358' title='bbox 1640 3055 1973 3133; x_wconf 77' lang='grc' dir='ltr'>προσφερόν-</span> 
     </span>
    </p>
   </div>
   <div class='ocr_carea' id='block_1_48' title="bbox 385 3144 1972 3223">
    <p class='ocr_par' dir='ltr' id='par_1_48' title="bbox 385 3144 1972 3223">
     <span class='ocr_line' id='line_1_48' title="bbox 385 3144 1972 3223; baseline 0.008 -28"><span class='ocrx_word' id='word_1_359' title='bbox 385 3159 500 3196; x_wconf 84' lang='grc' dir='ltr'><strong>των</strong></span> <span class='ocrx_word' id='word_1_360' title='bbox 527 3159 539 3170; x_wconf 93' lang='grc'><strong>·</strong></span> <span class='ocrx_word' id='word_1_361' title='bbox 583 3144 746 3208; x_wconf 76' lang='grc' dir='ltr'>αὐτὸς</span> <span class='ocrx_word' id='word_1_362' title='bbox 784 3146 842 3198; x_wconf 87' lang='grc' dir='ltr'><strong>δὲ</strong></span> <span class='ocrx_word' id='word_1_363' title='bbox 885 3147 981 3217; x_wconf 81' lang='grc' dir='ltr'><strong>οὐχ</strong></span> <span class='ocrx_word' id='word_1_364' title='bbox 1011 3147 1197 3201; x_wconf 77' lang='grc' dir='ltr'>ἕνεκεν</span> <span class='ocrx_word' id='word_1_365' title='bbox 1235 3148 1327 3202; x_wconf 79' lang='grc' dir='ltr'>τοῦ</span> <span class='ocrx_word' id='word_1_366' title='bbox 1355 3145 1620 3204; x_wconf 82' lang='grc' dir='ltr'>ἐνδεῖσθαι</span> <span class='ocrx_word' id='word_1_367' title='bbox 1671 3153 1972 3223; x_wconf 86' lang='grc' dir='ltr'>προστέτα-</span> 
     </span>
    </p>
   </div>
   <div class='ocr_carea' id='block_1_49' title="bbox 2080 1954 3659 2028">
    <p class='ocr_par' dir='ltr' id='par_1_49' title="bbox 2080 1954 3659 2028">
     <span class='ocr_line' id='line_1_49' title="bbox 2080 1954 3659 2028; baseline 0.003 -22"><span class='ocrx_word' id='word_1_368' title='bbox 2080 1954 2410 2023; x_wconf 79' lang='lat' dir='ltr'><strong>concupisces</strong></span> <span class='ocrx_word' id='word_1_369' title='bbox 2425 1971 2507 2008; x_wconf 86' lang='lat' dir='ltr'><strong>res</strong></span> <span class='ocrx_word' id='word_1_370' title='bbox 2529 1957 2757 2024; x_wconf 76' lang='lat' dir='ltr'><strong>proximi</strong></span> <span class='ocrx_word' id='word_1_371' title='bbox 2779 1957 2874 2018; x_wconf 87' lang='lat' dir='ltr'><strong>tui,</strong></span> <span class='ocrx_word' id='word_1_372' title='bbox 2896 1969 3056 2026; x_wconf 87' lang='lat' dir='ltr'><strong>neque</strong></span> <span class='ocrx_word' id='word_1_373' title='bbox 3073 1955 3267 2025; x_wconf 86' lang='lat' dir='ltr'><strong>bovem,</strong></span> <span class='ocrx_word' id='word_1_374' title='bbox 3284 1964 3444 2028; x_wconf 87' lang='lat' dir='ltr'><strong>neque</strong></span> <span class='ocrx_word' id='word_1_375' title='bbox 3455 1958 3659 2026; x_wconf 47' lang='lat' dir='ltr'><strong>jumen‘</strong></span> 
     </span>
    </p>
   </div>
   <div class='ocr_carea' id='block_1_50' title="bbox 2081 2046 3654 2117">
    <p class='ocr_par' dir='ltr' id='par_1_50' title="bbox 2081 2046 3654 2117">
     <span class='ocr_line' id='line_1_50' title="bbox 2081 2046 3654 2117; baseline 0.004 -21"><span class='ocrx_word' id='word_1_376' title='bbox 2081 2053 2212 2109; x_wconf 88' lang='lat' dir='ltr'><strong>tum,</strong></span> <span class='ocrx_word' id='word_1_377' title='bbox 2258 2061 2350 2098; x_wconf 90' lang='lat' dir='ltr'><strong>nec</strong></span> <span class='ocrx_word' id='word_1_378' title='bbox 2382 2046 2655 2110; x_wconf 81' lang='lat' dir='ltr'><strong>ancillam,</strong></span> <span class='ocrx_word' id='word_1_379' title='bbox 2692 2046 2856 2116; x_wconf 76' lang='lat'><strong>692</strong></span> <span class='ocrx_word' id='word_1_380' title='bbox 2900 2063 2990 2101; x_wconf 88' lang='lat' dir='ltr'><strong>nec</strong></span> <span class='ocrx_word' id='word_1_381' title='bbox 3029 2064 3238 2117; x_wconf 83' lang='lat' dir='ltr'><strong>agrum,</strong></span> <span class='ocrx_word' id='word_1_382' title='bbox 3292 2065 3386 2102; x_wconf 85' lang='lat' dir='ltr'><strong>nec</strong></span> <span class='ocrx_word' id='word_1_383' title='bbox 3415 2055 3654 2110; x_wconf 66' lang='lat' dir='ltr'><strong>uxorem,</strong></span> 
     </span>
    </p>
   </div>
   <div class='ocr_carea' id='block_1_51' title="bbox 2079 2135 3655 2209">
    <p class='ocr_par' dir='ltr' id='par_1_51' title="bbox 2079 2135 3655 2209">
     <span class='ocr_line' id='line_1_51' title="bbox 2079 2135 3655 2209; baseline 0.004 -22"><span class='ocrx_word' id='word_1_384' title='bbox 2079 2151 2171 2188; x_wconf 82' lang='lat' dir='ltr'><strong>nec</strong></span> <span class='ocrx_word' id='word_1_385' title='bbox 2219 2135 2330 2189; x_wconf 90' lang='lat' dir='ltr'><strong>alia</strong></span> <span class='ocrx_word' id='word_1_386' title='bbox 2374 2153 2494 2206; x_wconf 73' lang='lat' dir='ltr'><strong>qua:</strong></span> <span class='ocrx_word' id='word_1_387' title='bbox 2531 2139 2766 2206; x_wconf 71' lang='lat' dir='ltr'><strong>proximi</strong></span> <span class='ocrx_word' id='word_1_388' title='bbox 2815 2138 2895 2191; x_wconf 87' lang='lat' dir='ltr'><strong>tui</strong></span> <span class='ocrx_word' id='word_1_389' title='bbox 2933 2141 3114 2192; x_wconf 58' lang='lat' dir='ltr'><strong>sunt”.</strong></span> <span class='ocrx_word' id='word_1_390' title='bbox 3163 2139 3268 2205; x_wconf 88' lang='lat' dir='ltr'><strong>Qui</strong></span> <span class='ocrx_word' id='word_1_391' title='bbox 3305 2139 3655 2209; x_wconf 83' lang='lat' dir='ltr'><strong>cupiditatem</strong></span> 
     </span>
    </p>
   </div>
   <div class='ocr_carea' id='block_1_52' title="bbox 2079 2227 3658 2298">
    <p class='ocr_par' dir='ltr' id='par_1_52' title="bbox 2079 2227 3658 2298">
     <span class='ocr_line' id='line_1_52' title="bbox 2079 2227 3658 2298; baseline 0.004 -20"><span class='ocrx_word' id='word_1_392' title='bbox 2079 2239 2295 2280; x_wconf 90' lang='lat' dir='ltr'><strong>omnem</strong></span> <span class='ocrx_word' id='word_1_393' title='bbox 2347 2235 2622 2298; x_wconf 89' lang='lat' dir='ltr'><strong>amputat,</strong></span> <span class='ocrx_word' id='word_1_394' title='bbox 2677 2243 2784 2284; x_wconf 89' lang='lat' dir='ltr'><strong>non</strong></span> <span class='ocrx_word' id='word_1_395' title='bbox 2835 2243 2956 2283; x_wconf 89' lang='lat' dir='ltr'><strong>eam</strong></span> <span class='ocrx_word' id='word_1_396' title='bbox 3004 2229 3430 2285; x_wconf 85' lang='lat' dir='ltr'><strong>subministrare</strong></span> <span class='ocrx_word' id='word_1_397' title='bbox 3470 2227 3658 2286; x_wconf 81' lang='lat' dir='ltr'><strong>dicen-</strong></span> 
     </span>
    </p>
   </div>
   <div class='ocr_carea' id='block_1_53' title="bbox 2077 2314 2325 2372">
    <p class='ocr_par' dir='ltr' id='par_1_53' title="bbox 2077 2314 2325 2372">
     <span class='ocr_line' id='line_1_53' title="bbox 2077 2314 2325 2372; baseline 0.008 -3"><span class='ocrx_word' id='word_1_398' title='bbox 2077 2314 2182 2370; x_wconf 91' lang='lat' dir='ltr'><strong>dus</strong></span> <span class='ocrx_word' id='word_1_399' title='bbox 2221 2326 2325 2372; x_wconf 87' lang='lat' dir='ltr'><strong>est.</strong></span> 
     </span>
    </p>
   </div>
   <div class='ocr_carea' id='block_1_54' title="bbox 2147 2405 3655 2482">
    <p class='ocr_par' dir='ltr' id='par_1_54' title="bbox 2147 2405 3655 2482">
     <span class='ocr_line' id='line_1_54' title="bbox 2147 2405 3655 2482; baseline 0.003 -22"><span class='ocrx_word' id='word_1_400' title='bbox 2147 2405 2337 2464; x_wconf 79' lang='lat' dir='ltr'><strong>LXXI.</strong></span> <span class='ocrx_word' id='word_1_401' title='bbox 2369 2410 2481 2465; x_wconf 81' lang='lat' dir='ltr'><strong>Cur</strong></span> <span class='ocrx_word' id='word_1_402' title='bbox 2502 2408 2906 2482; x_wconf 67' lang='lat' dir='ltr'><strong>igiturJudaais</strong></span> <span class='ocrx_word' id='word_1_403' title='bbox 2929 2418 2993 2466; x_wconf 85' lang='lat' dir='ltr'><strong>e&#39;x</strong></span> <span class='ocrx_word' id='word_1_404' title='bbox 3012 2409 3247 2481; x_wconf 67' lang='lat' dir='ltr'><strong>Egypto</strong></span> <span class='ocrx_word' id='word_1_405' title='bbox 3274 2409 3655 2480; x_wconf 80' lang='lat' dir='ltr'><strong>migrantibus,</strong></span> 
     </span>
    </p>
   </div>
   <div class='ocr_carea' id='block_1_55' title="bbox 2078 2497 3657 2576">
    <p class='ocr_par' dir='ltr' id='par_1_55' title="bbox 2078 2497 3657 2576">
     <span class='ocr_line' id='line_1_55' title="bbox 2078 2497 3657 2576; baseline -0.003 -15"><span class='ocrx_word' id='word_1_406' title='bbox 2078 2501 2318 2576; x_wconf 83' lang='lat' dir='ltr'><strong>spoliare</strong></span> <span class='ocrx_word' id='word_1_407' title='bbox 2344 2501 2499 2572; x_wconf 89' lang='lat' dir='ltr'><strong>jubet</strong></span> <span class='ocrx_word' id='word_1_408' title='bbox 2535 2497 2896 2574; x_wconf 59' lang='lat' dir='ltr'><strong>[Egyptios&#39;i</strong></span> <span class='ocrx_word' id='word_1_409' title='bbox 2934 2501 3200 2555; x_wconf 81' lang='lat' dir='ltr'><strong>Nimirum</strong></span> <span class='ocrx_word' id='word_1_410' title='bbox 3236 2502 3418 2572; x_wconf 90' lang='lat' dir='ltr'><strong>justus</strong></span> <span class='ocrx_word' id='word_1_411' title='bbox 3453 2503 3542 2557; x_wconf 92' lang='lat' dir='ltr'><strong>ille</strong></span> <span class='ocrx_word' id='word_1_412' title='bbox 3565 2503 3657 2572; x_wconf 36' lang='lat' dir='ltr'><strong>jue</strong></span> 
     </span>
    </p>
   </div>
   <div class='ocr_carea' id='block_1_56' title="bbox 2077 2592 3658 2664">
    <p class='ocr_par' dir='ltr' id='par_1_56' title="bbox 2077 2592 3658 2664">
     <span class='ocr_line' id='line_1_56' title="bbox 2077 2592 3658 2664; baseline 0 -14"><span class='ocrx_word' id='word_1_413' title='bbox 2077 2593 2182 2650; x_wconf 87' lang='lat' dir='ltr'><strong>dex</strong></span> <span class='ocrx_word' id='word_1_414' title='bbox 2206 2599 2310 2657; x_wconf 89' lang='lat' dir='ltr'><strong>est,</strong></span> <span class='ocrx_word' id='word_1_415' title='bbox 2344 2592 2803 2663; x_wconf 89' lang='lat' dir='ltr'><strong>quemadmodum</strong></span> <span class='ocrx_word' id='word_1_416' title='bbox 2831 2593 2899 2647; x_wconf 88' lang='lat' dir='ltr'><strong>de</strong></span> <span class='ocrx_word' id='word_1_417' title='bbox 2929 2592 3022 2647; x_wconf 89' lang='lat' dir='ltr'><strong>illo</strong></span> <span class='ocrx_word' id='word_1_418' title='bbox 3051 2607 3194 2663; x_wconf 84' lang='lat' dir='ltr'><strong>saepe</strong></span> <span class='ocrx_word' id='word_1_419' title='bbox 3225 2593 3357 2648; x_wconf 80' lang='lat' dir='ltr'><strong>dixi.</strong></span> <span class='ocrx_word' id='word_1_420' title='bbox 3391 2595 3568 2664; x_wconf 83' lang='lat' dir='ltr'><strong>Alque</strong></span> <span class='ocrx_word' id='word_1_421' title='bbox 3595 2599 3658 2650; x_wconf 80' lang='lat' dir='ltr'><strong>ut</strong></span> 
     </span>
    </p>
   </div>
   <div class='ocr_carea' id='block_1_57' title="bbox 2078 2681 3656 2753">
    <p class='ocr_par' dir='ltr' id='par_1_57' title="bbox 2078 2681 3656 2753">
     <span class='ocr_line' id='line_1_57' title="bbox 2078 2681 3656 2753; baseline -0.006 -7"><span class='ocrx_word' id='word_1_422' title='bbox 2078 2687 2333 2746; x_wconf 85' lang='lat' dir='ltr'><strong>Ostendat</strong></span> <span class='ocrx_word' id='word_1_423' title='bbox 2364 2684 2504 2739; x_wconf 88' lang='lat' dir='ltr'><strong>nihil</strong></span> <span class='ocrx_word' id='word_1_424' title='bbox 2533 2699 2593 2739; x_wconf 92' lang='lat' dir='ltr'><strong>se</strong></span> <span class='ocrx_word' id='word_1_425' title='bbox 2621 2681 2911 2739; x_wconf 87' lang='lat' dir='ltr'><strong>sacriﬁciis</strong></span> <span class='ocrx_word' id='word_1_426' title='bbox 2956 2683 3220 2753; x_wconf 82' lang='lat' dir='ltr'><strong>indigere,</strong></span> <span class='ocrx_word' id='word_1_427' title='bbox 3249 2683 3329 2738; x_wconf 91' lang='lat' dir='ltr'><strong>sic</strong></span> <span class='ocrx_word' id='word_1_428' title='bbox 3363 2683 3506 2752; x_wconf 90' lang='lat' dir='ltr'><strong>apud</strong></span> <span class='ocrx_word' id='word_1_429' title='bbox 3534 2698 3656 2752; x_wconf 81' lang='lat' dir='ltr'><strong>pro-</strong></span> 
     </span>
    </p>
   </div>
   <div class='ocr_carea' id='block_1_58' title="bbox 2075 2775 3654 2854">
    <p class='ocr_par' dir='ltr' id='par_1_58' title="bbox 2075 2775 3654 2854">
     <span class='ocr_line' id='line_1_58' title="bbox 2075 2775 3654 2854; baseline -0.005 -18"><span class='ocrx_word' id='word_1_430' title='bbox 2075 2783 2296 2854; x_wconf 89' lang='lat' dir='ltr'><strong>phetam</strong></span> <span class='ocrx_word' id='word_1_431' title='bbox 2347 2777 2625 2847; x_wconf 90' lang='lat' dir='ltr'><strong>loquitur:</strong></span> <span class='ocrx_word' id='word_1_432' title='bbox 2688 2775 2835 2830; x_wconf 89' lang='lat' dir='ltr'><strong>Num</strong></span> <span class='ocrx_word' id='word_1_433' title='bbox 2877 2777 3146 2846; x_wconf 82' lang='lat' dir='ltr'><strong>sacriﬁcia</strong></span> <span class='ocrx_word' id='word_1_434' title='bbox 3192 2776 3456 2829; x_wconf 86' lang='lat' dir='ltr'><strong>obtulistis</strong></span> <span class='ocrx_word' id='word_1_435' title='bbox 3501 2777 3654 2840; x_wconf 81' lang='lat' dir='ltr'><strong>mihi,</strong></span> 
     </span>
    </p>
   </div>
   <div class='ocr_carea' id='block_1_59' title="bbox 2075 2865 3652 2939">
    <p class='ocr_par' dir='ltr' id='par_1_59' title="bbox 2075 2865 3652 2939">
     <span class='ocr_line' id='line_1_59' title="bbox 2075 2865 3652 2939; baseline -0.006 -13"><span class='ocrx_word' id='word_1_436' title='bbox 2075 2873 2262 2928; x_wconf 86' lang='lat' dir='ltr'><strong>domus</strong></span> <span class='ocrx_word' id='word_1_437' title='bbox 2301 2868 2498 2935; x_wconf 81' lang='lat' dir='ltr'><strong>Israel,</strong></span> <span class='ocrx_word' id='word_1_438' title='bbox 2543 2867 2903 2939; x_wconf 83' lang='lat' dir='ltr'><strong>quadraginta</strong></span> <span class='ocrx_word' id='word_1_439' title='bbox 2940 2867 3136 2922; x_wconf 84' lang='lat' dir='ltr'><strong>annis?</strong></span> <span class='ocrx_word' id='word_1_440' title='bbox 3168 2866 3297 2920; x_wconf 84' lang='lat' dir='ltr'><strong>dicit</strong></span> <span class='ocrx_word' id='word_1_441' title='bbox 3333 2865 3592 2920; x_wconf 83' lang='lat' dir='ltr'><strong>Dominus</strong></span> <span class='ocrx_word' id='word_1_442' title='bbox 3611 2865 3652 2917; x_wconf 71' lang='grc'><strong>⁵.</strong></span> 
     </span>
    </p>
   </div>
   <div class='ocr_carea' id='block_1_60' title="bbox 2077 2957 3656 3031">
    <p class='ocr_par' dir='ltr' id='par_1_60' title="bbox 2077 2957 3656 3031">
     <span class='ocr_line' id='line_1_60' title="bbox 2077 2957 3656 3031; baseline -0.004 -12"><span class='ocrx_word' id='word_1_443' title='bbox 2077 2964 2306 3018; x_wconf 87' lang='lat' dir='ltr'><strong>Cuinam</strong></span> <span class='ocrx_word' id='word_1_444' title='bbox 2339 2960 2505 3031; x_wconf 82' lang='lat' dir='ltr'><strong>igitur</strong></span> <span class='ocrx_word' id='word_1_445' title='bbox 2537 2959 2719 3014; x_wconf 88' lang='lat' dir='ltr'><strong>oblata</strong></span> <span class='ocrx_word' id='word_1_446' title='bbox 2750 2959 2841 3013; x_wconf 86' lang='lat' dir='ltr'><strong>illa</strong></span> <span class='ocrx_word' id='word_1_447' title='bbox 2872 2958 3038 3014; x_wconf 78' lang='lat' dir='ltr'><strong>sunt?</strong></span> <span class='ocrx_word' id='word_1_448' title='bbox 3077 2957 3280 3029; x_wconf 87' lang='lat' dir='ltr'><strong>Opinor</strong></span> <span class='ocrx_word' id='word_1_449' title='bbox 3311 2957 3413 3024; x_wconf 89' lang='lat' dir='ltr'><strong>illi,</strong></span> <span class='ocrx_word' id='word_1_450' title='bbox 3447 2965 3507 3012; x_wconf 90' lang='lat' dir='ltr'><strong>ut</strong></span> <span class='ocrx_word' id='word_1_451' title='bbox 3539 2960 3656 3029; x_wconf 81' lang='lat' dir='ltr'><strong>qui-</strong></span> 
     </span>
    </p>
   </div>
   <div class='ocr_carea' id='block_1_61' title="bbox 2075 3050 3654 3123">
    <p class='ocr_par' dir='ltr' id='par_1_61' title="bbox 2075 3050 3654 3123">
     <span class='ocr_line' id='line_1_61' title="bbox 2075 3050 3654 3123; baseline -0.003 -12"><span class='ocrx_word' id='word_1_452' title='bbox 2075 3057 2197 3111; x_wconf 88' lang='lat' dir='ltr'><strong>dem</strong></span> <span class='ocrx_word' id='word_1_453' title='bbox 2231 3053 2325 3123; x_wconf 91' lang='lat' dir='ltr'><strong>qui</strong></span> <span class='ocrx_word' id='word_1_454' title='bbox 2363 3051 2662 3106; x_wconf 77' lang='lat' dir='ltr'><strong>oﬂ‘erebant</strong></span> <span class='ocrx_word' id='word_1_455' title='bbox 2691 3051 2973 3120; x_wconf 84' lang='lat' dir='ltr'><strong>putabant.</strong></span> <span class='ocrx_word' id='word_1_456' title='bbox 3015 3050 3085 3104; x_wconf 86' lang='lat' dir='ltr'><strong>At</strong></span> <span class='ocrx_word' id='word_1_457' title='bbox 3114 3052 3250 3121; x_wconf 89' lang='lat' dir='ltr'><strong>ipse,</strong></span> <span class='ocrx_word' id='word_1_458' title='bbox 3275 3059 3383 3106; x_wconf 85' lang='lat' dir='ltr'><strong>non</strong></span> <span class='ocrx_word' id='word_1_459' title='bbox 3411 3051 3554 3122; x_wconf 88' lang='lat' dir='ltr'><strong>quod</strong></span> <span class='ocrx_word' id='word_1_460' title='bbox 3585 3051 3654 3106; x_wconf 85' lang='lat' dir='ltr'><strong>iis</strong></span> 
     </span>
    </p>
   </div>
   <div class='ocr_carea' id='block_1_62' title="bbox 2077 3143 3652 3218">
    <p class='ocr_par' dir='ltr' id='par_1_62' title="bbox 2077 3143 3652 3218">
     <span class='ocr_line' id='line_1_62' title="bbox 2077 3143 3652 3218; baseline -0.002 -16"><span class='ocrx_word' id='word_1_461' title='bbox 2077 3154 2282 3218; x_wconf 82' lang='lat' dir='ltr'><strong>egeret,</strong></span> <span class='ocrx_word' id='word_1_462' title='bbox 2308 3145 2403 3202; x_wconf 90' lang='lat' dir='ltr'><strong>sed</strong></span> <span class='ocrx_word' id='word_1_463' title='bbox 2426 3154 2486 3198; x_wconf 93' lang='lat' dir='ltr'><strong>ut</strong></span> <span class='ocrx_word' id='word_1_464' title='bbox 2503 3151 2534 3198; x_wconf 85' lang='lat' dir='ltr'><strong>&#39;a</strong></span> <span class='ocrx_word' id='word_1_465' title='bbox 2565 3144 2947 3213; x_wconf 88' lang='lat' dir='ltr'><strong>multiplicium</strong></span> <span class='ocrx_word' id='word_1_466' title='bbox 2970 3143 3196 3199; x_wconf 91' lang='lat' dir='ltr'><strong>deorum</strong></span> <span class='ocrx_word' id='word_1_467' title='bbox 3221 3146 3368 3198; x_wconf 90' lang='lat' dir='ltr'><strong>cultu</strong></span> <span class='ocrx_word' id='word_1_468' title='bbox 3395 3145 3460 3198; x_wconf 88' lang='lat' dir='ltr'><strong>ad</strong></span> <span class='ocrx_word' id='word_1_469' title='bbox 3488 3144 3652 3199; x_wconf 74' lang='lat' dir='ltr'><strong>Unius</strong></span> 
     </span>
    </p>
   </div>
   <div class='ocr_carea' id='block_1_63' title="bbox 383 3215 1974 3311">
    <p class='ocr_par' dir='ltr' id='par_1_63' title="bbox 383 3215 1973 3311">
     <span class='ocr_line' id='line_1_63' title="bbox 383 3215 1973 3311; baseline 0.007 -24"><span class='ocrx_word' id='word_1_470' title='bbox 383 3240 502 3305; x_wconf 73' lang='grc' dir='ltr'>χεν,</span> <span class='ocrx_word' id='word_1_471' title='bbox 536 3234 654 3288; x_wconf 81' lang='grc' dir='ltr'>ἀλλ’</span> <span class='ocrx_word' id='word_1_472' title='bbox 684 3237 771 3290; x_wconf 82' lang='grc' dir='ltr'><strong>ἵνα</strong></span> <span class='ocrx_word' id='word_1_473' title='bbox 804 3215 1056 3311; x_wconf 86' lang='grc' dir='ltr'>συνεθίσῃ</span> <span class='ocrx_word' id='word_1_474' title='bbox 1095 3240 1203 3292; x_wconf 86' lang='grc' dir='ltr'>ἀπὸ</span> <span class='ocrx_word' id='word_1_475' title='bbox 1244 3241 1533 3306; x_wconf 83' lang='grc' dir='ltr'>πολυθεῒας</span> <span class='ocrx_word' id='word_1_476' title='bbox 1566 3237 1662 3296; x_wconf 76' lang='grc' dir='ltr'><strong>ἕνα</strong></span> <span class='ocrx_word' id='word_1_477' title='bbox 1696 3215 1828 3297; x_wconf 62' lang='grc' dir='ltr'>ὁεὸν</span> <span class='ocrx_word' id='word_1_478' title='bbox 1854 3243 1973 3298; x_wconf 80' lang='grc' dir='ltr'>ἐπι-</span> 
     </span>
    </p>
   </div>
   <div class='ocr_carea' id='block_1_64' title="bbox 2078 3215 3651 3311">
    <p class='ocr_par' dir='ltr' id='par_1_64' title="bbox 2078 3215 3651 3307">
     <span class='ocr_line' id='line_1_64' title="bbox 2078 3215 3651 3307; baseline -0.003 -13"><span class='ocrx_word' id='word_1_479' title='bbox 2078 3215 2203 3294; x_wconf 80' lang='lat' dir='ltr'><strong>illos</strong></span> <span class='ocrx_word' id='word_1_480' title='bbox 2226 3237 2321 3292; x_wconf 91' lang='lat' dir='ltr'><strong>Dei</strong></span> <span class='ocrx_word' id='word_1_481' title='bbox 2377 3237 2744 3307; x_wconf 83' lang='lat' dir='ltr'><strong>cognitionem</strong></span> <span class='ocrx_word' id='word_1_482' title='bbox 2779 3235 3074 3291; x_wconf 90' lang='lat' dir='ltr'><strong>translatos</strong></span> <span class='ocrx_word' id='word_1_483' title='bbox 3120 3235 3507 3300; x_wconf 82' lang='lat' dir='ltr'><strong>assuefaceret,</strong></span> <span class='ocrx_word' id='word_1_484' title='bbox 3535 3235 3651 3290; x_wconf 88' lang='lat' dir='ltr'><strong>ﬁeri</strong></span> 
     </span>
    </p>
   </div>
   <div class='ocr_carea' id='block_1_65' title="bbox 380 3326 1971 3408">
    <p class='ocr_par' dir='ltr' id='par_1_65' title="bbox 380 3326 1971 3408">
     <span class='ocr_line' id='line_1_65' title="bbox 380 3326 1971 3408; baseline 0.008 -29"><span class='ocrx_word' id='word_1_485' title='bbox 380 3326 695 3396; x_wconf 82' lang='grc' dir='ltr'>γινώσκειν.</span> <span class='ocrx_word' id='word_1_486' title='bbox 739 3331 954 3403; x_wconf 82' lang='grc' dir='ltr'>Ἐπειδὴ</span> <span class='ocrx_word' id='word_1_487' title='bbox 991 3331 1099 3405; x_wconf 84' lang='grc' dir='ltr'>γὰρ</span> <span class='ocrx_word' id='word_1_488' title='bbox 1139 3333 1284 3405; x_wconf 81' lang='grc' dir='ltr'>ἐώρα</span> <span class='ocrx_word' id='word_1_489' title='bbox 1326 3334 1516 3397; x_wconf 82' lang='grc' dir='ltr'>θυσίας</span> <span class='ocrx_word' id='word_1_490' title='bbox 1550 3336 1971 3408; x_wconf 81' lang='grc' dir='ltr'>ἐπιτελουμένας</span> 
     </span>
    </p>
   </div>
   <div class='ocr_carea' id='block_1_66' title="bbox 377 3419 1972 3499">
    <p class='ocr_par' dir='ltr' id='par_1_66' title="bbox 377 3419 1972 3499">
     <span class='ocr_line' id='line_1_66' title="bbox 377 3419 1972 3499; baseline 0.007 -27"><span class='ocrx_word' id='word_1_491' title='bbox 377 3422 500 3484; x_wconf 80' lang='grc' dir='ltr'>τοῖς</span> <span class='ocrx_word' id='word_1_492' title='bbox 549 3419 695 3484; x_wconf 83' lang='grc' dir='ltr'>θεοῖς</span> <span class='ocrx_word' id='word_1_493' title='bbox 731 3423 840 3475; x_wconf 87' lang='grc' dir='ltr'>τῶν</span> <span class='ocrx_word' id='word_1_494' title='bbox 897 3425 1246 3492; x_wconf 76' lang='grc' dir='ltr'>Αἰγυπτίων,</span> <span class='ocrx_word' id='word_1_495' title='bbox 1293 3427 1380 3480; x_wconf 81' lang='grc' dir='ltr'><strong>ἵνα</strong></span> <span class='ocrx_word' id='word_1_496' title='bbox 1421 3424 1494 3499; x_wconf 80' lang='grc' dir='ltr'>μὴ</span> <span class='ocrx_word' id='word_1_497' title='bbox 1547 3428 1634 3482; x_wconf 86' lang='grc' dir='ltr'><strong>διά</strong></span> <span class='ocrx_word' id='word_1_498' title='bbox 1683 3423 1972 3484; x_wconf 74' lang='grc' dir='ltr'>πολυθεῗαν</span> 
     </span>
    </p>
   </div>
   <div class='ocr_carea' id='block_1_67' title="bbox 382 3511 1971 3592">
    <p class='ocr_par' dir='ltr' id='par_1_67' title="bbox 382 3511 1971 3592">
     <span class='ocr_line' id='line_1_67' title="bbox 382 3511 1971 3592; baseline 0.008 -30"><span class='ocrx_word' id='word_1_499' title='bbox 382 3511 667 3581; x_wconf 81' lang='grc' dir='ltr'>τραπέντα</span> <span class='ocrx_word' id='word_1_500' title='bbox 705 3513 888 3566; x_wconf 75' lang='grc' dir='ltr'>αὐτῶν</span> <span class='ocrx_word' id='word_1_501' title='bbox 920 3515 989 3568; x_wconf 81' lang='grc' dir='ltr'><strong>τὰ</strong></span> <span class='ocrx_word' id='word_1_502' title='bbox 1020 3517 1268 3587; x_wconf 83' lang='grc' dir='ltr'>νοήματα</span> <span class='ocrx_word' id='word_1_503' title='bbox 1299 3518 1665 3589; x_wconf 74' lang='grc' dir='ltr'>καταλείψωσι</span> <span class='ocrx_word' id='word_1_504' title='bbox 1690 3511 1780 3574; x_wconf 70' lang='grc' dir='ltr'><strong>τὸν</strong></span> <span class='ocrx_word' id='word_1_505' title='bbox 1813 3521 1971 3592; x_wconf 84' lang='grc' dir='ltr'>μόνον</span> 
     </span>
    </p>
   </div>
   <div class='ocr_carea' id='block_1_68' title="bbox 381 3597 1974 3684">
    <p class='ocr_par' dir='ltr' id='par_1_68' title="bbox 381 3597 1974 3684">
     <span class='ocr_line' id='line_1_68' title="bbox 381 3597 1974 3684; baseline 0.009 -30"><span class='ocrx_word' id='word_1_506' title='bbox 381 3603 481 3655; x_wconf 76' lang='grc' dir='ltr'><strong>ἕνα</strong></span> <span class='ocrx_word' id='word_1_507' title='bbox 520 3603 673 3656; x_wconf 83' lang='grc' dir='ltr'><strong>Θεόν.</strong></span> <span class='ocrx_word' id='word_1_508' title='bbox 726 3604 859 3658; x_wconf 87' lang='grc' dir='ltr'>Ὅτε</span> <span class='ocrx_word' id='word_1_509' title='bbox 899 3597 954 3659; x_wconf 74' lang='grc' dir='ltr'>δὲ</span> <span class='ocrx_word' id='word_1_510' title='bbox 999 3611 1330 3680; x_wconf 87' lang='grc' dir='ltr'>συναγήοχεν</span> <span class='ocrx_word' id='word_1_511' title='bbox 1375 3611 1553 3664; x_wconf 85' lang='grc' dir='ltr'>αὐτῶν</span> <span class='ocrx_word' id='word_1_512' title='bbox 1594 3612 1691 3684; x_wconf 82' lang='grc' dir='ltr'>τὴν</span> <span class='ocrx_word' id='word_1_513' title='bbox 1736 3614 1974 3669; x_wconf 83' lang='grc' dir='ltr'>διάνοιαν</span> 
     </span>
    </p>
   </div>
   <div class='ocr_carea' id='block_1_69' title="bbox 383 3694 1969 3770">
    <p class='ocr_par' dir='ltr' id='par_1_69' title="bbox 383 3694 1969 3770">
     <span class='ocr_line' id='line_1_69' title="bbox 383 3694 1969 3770; baseline 0.006 -21"><span class='ocrx_word' id='word_1_514' title='bbox 383 3697 498 3749; x_wconf 78' lang='grc' dir='ltr'><strong>ἀπὸ</strong></span> <span class='ocrx_word' id='word_1_515' title='bbox 519 3694 815 3760; x_wconf 81' lang='grc' dir='ltr'>πολυθεῗας</span> <span class='ocrx_word' id='word_1_516' title='bbox 840 3697 930 3750; x_wconf 85' lang='grc' dir='ltr'><strong>διά</strong></span> <span class='ocrx_word' id='word_1_517' title='bbox 955 3698 1151 3752; x_wconf 87' lang='grc' dir='ltr'>πολλοῦ</span> <span class='ocrx_word' id='word_1_518' title='bbox 1190 3702 1407 3770; x_wconf 80' lang='grc' dir='ltr'>χρόνου,</span> <span class='ocrx_word' id='word_1_519' title='bbox 1442 3702 1840 3768; x_wconf 81' lang='grc' dir='ltr'>ἀποσυνεθίσας</span> <span class='ocrx_word' id='word_1_520' title='bbox 1872 3695 1969 3758; x_wconf 84' lang='grc' dir='ltr'>αύ-</span> 
     </span>
    </p>
   </div>
   <div class='ocr_carea' id='block_1_70' title="bbox 383 3788 1973 3866">
    <p class='ocr_par' dir='ltr' id='par_1_70' title="bbox 383 3788 1973 3866">
     <span class='ocr_line' id='line_1_70' title="bbox 383 3788 1973 3866; baseline 0.004 -24"><span class='ocrx_word' id='word_1_521' title='bbox 383 3791 513 3852; x_wconf 81' lang='grc' dir='ltr'>τοὺς</span> <span class='ocrx_word' id='word_1_522' title='bbox 541 3790 642 3859; x_wconf 86' lang='grc' dir='ltr'>τῆς</span> <span class='ocrx_word' id='word_1_523' title='bbox 665 3788 923 3860; x_wconf 84' lang='grc' dir='ltr'>τοιαύτης</span> <span class='ocrx_word' id='word_1_524' title='bbox 954 3791 1286 3855; x_wconf 78' lang='grc' dir='ltr'>ὑποθέσεως,</span> <span class='ocrx_word' id='word_1_525' title='bbox 1333 3793 1560 3864; x_wconf 82' lang='grc' dir='ltr'>ἄρχεται</span> <span class='ocrx_word' id='word_1_526' title='bbox 1597 3796 1973 3866; x_wconf 89' lang='grc' dir='ltr'>παρακόπτειν</span> 
     </span>
    </p>
   </div>
   <div class='ocr_carea' id='block_1_71' title="bbox 383 3876 1973 3953">
    <p class='ocr_par' dir='ltr' id='par_1_71' title="bbox 383 3876 1973 3953">
     <span class='ocr_line' id='line_1_71' title="bbox 383 3876 1973 3953; baseline 0.006 -22"><span class='ocrx_word' id='word_1_527' title='bbox 383 3880 419 3933; x_wconf 75' lang='grc' dir='ltr'><strong>ἀ</strong></span> <span class='ocrx_word' id='word_1_528' title='bbox 441 3881 518 3951; x_wconf 82' lang='grc' dir='ltr'>μὴ</span> <span class='ocrx_word' id='word_1_529' title='bbox 546 3879 707 3951; x_wconf 71' lang='grc' dir='ltr'>ἦθελε</span> <span class='ocrx_word' id='word_1_530' title='bbox 726 3897 740 3909; x_wconf 71' lang='grc'><strong>⁸</strong></span> <span class='ocrx_word' id='word_1_531' title='bbox 769 3876 862 3934; x_wconf 64' lang='grc' dir='ltr'>καὶ</span> <span class='ocrx_word' id='word_1_532' title='bbox 892 3881 1077 3950; x_wconf 77' lang='grc' dir='ltr'>ἔλεγεν</span> <span class='ocrx_word' id='word_1_533' title='bbox 1095 3899 1108 3912; x_wconf 75' lang='grc'><strong><em>⁸</em></strong></span> <span class='ocrx_word' id='word_1_534' title='bbox 1143 3884 1272 3936; x_wconf 83' lang='grc' dir='ltr'>Ἵνα</span> <span class='ocrx_word' id='word_1_535' title='bbox 1299 3885 1357 3936; x_wconf 85' lang='grc' dir='ltr'><strong>τί</strong></span> <span class='ocrx_word' id='word_1_536' title='bbox 1373 3902 1475 3953; x_wconf 81' lang='grc' dir='ltr'><strong>μοι</strong></span> <span class='ocrx_word' id='word_1_537' title='bbox 1499 3886 1750 3939; x_wconf 82' lang='grc' dir='ltr'>λίϐανον</span> <span class='ocrx_word' id='word_1_538' title='bbox 1771 3887 1838 3940; x_wconf 81' lang='grc' dir='ltr'><strong>ἐκ</strong></span> <span class='ocrx_word' id='word_1_539' title='bbox 1861 3889 1973 3941; x_wconf 83' lang='grc' dir='ltr'><strong>Σα-</strong></span> 
     </span>
    </p>
   </div>
   <div class='ocr_carea' id='block_1_72' title="bbox 384 3971 1969 4047">
    <p class='ocr_par' dir='ltr' id='par_1_72' title="bbox 384 3971 1969 4047">
     <span class='ocr_line' id='line_1_72' title="bbox 384 3971 1969 4047; baseline 0.004 -21"><span class='ocrx_word' id='word_1_540' title='bbox 384 3971 459 4026; x_wconf 79' lang='grc' dir='ltr'><strong>ϐᾱ</strong></span> <span class='ocrx_word' id='word_1_541' title='bbox 487 3971 721 4040; x_wconf 66' lang='grc' dir='ltr'>φέρετε,</span> <span class='ocrx_word' id='word_1_542' title='bbox 758 3971 857 4025; x_wconf 78' lang='grc' dir='ltr'>καί</span> <span class='ocrx_word' id='word_1_543' title='bbox 884 3973 1224 4043; x_wconf 80' lang='grc' dir='ltr'>κινάμωμον</span> <span class='ocrx_word' id='word_1_544' title='bbox 1264 3974 1334 4027; x_wconf 80' lang='grc' dir='ltr'><strong>ἐκ</strong></span> <span class='ocrx_word' id='word_1_545' title='bbox 1372 3972 1485 4045; x_wconf 77' lang='grc' dir='ltr'>γῆς</span> <span class='ocrx_word' id='word_1_546' title='bbox 1510 3979 1842 4045; x_wconf 82' lang='grc' dir='ltr'>μακρόθεν;</span> <span class='ocrx_word' id='word_1_547' title='bbox 1873 3977 1969 4047; x_wconf 78' lang='grc' dir='ltr'><strong>Μὴ</strong></span> 
     </span>
    </p>
   </div>
   <div class='ocr_carea' id='block_1_73' title="bbox 381 4055 1970 4137">
    <p class='ocr_par' dir='ltr' id='par_1_73' title="bbox 381 4055 1970 4137">
     <span class='ocr_line' id='line_1_73' title="bbox 381 4055 1970 4137; baseline 0.004 -22"><span class='ocrx_word' id='word_1_548' title='bbox 381 4061 646 4131; x_wconf 70' lang='grc' dir='ltr'>φάτομιιι</span> <span class='ocrx_word' id='word_1_549' title='bbox 699 4057 843 4131; x_wconf 80' lang='grc' dir='ltr'>κρέα</span> <span class='ocrx_word' id='word_1_550' title='bbox 882 4065 1144 4132; x_wconf 81' lang='grc' dir='ltr'>ταύρων,</span> <span class='ocrx_word' id='word_1_551' title='bbox 1188 4064 1228 4133; x_wconf 79' lang='grc' dir='ltr'><strong><em>ἣ</em></strong></span> <span class='ocrx_word' id='word_1_552' title='bbox 1279 4059 1423 4135; x_wconf 81' lang='grc' dir='ltr'>αἷμα</span> <span class='ocrx_word' id='word_1_553' title='bbox 1459 4055 1689 4136; x_wconf 63' lang='grc' dir='ltr'>τράγων</span> <span class='ocrx_word' id='word_1_554' title='bbox 1731 4069 1970 4137; x_wconf 82' lang='grc' dir='ltr'>πίομαι;</span> 
     </span>
    </p>
   </div>
   <div class='ocr_carea' id='block_1_74' title="bbox 388 4149 1967 4228">
    <p class='ocr_par' dir='ltr' id='par_1_74' title="bbox 388 4149 1967 4228">
     <span class='ocr_line' id='line_1_74' title="bbox 388 4149 1967 4228; baseline 0.003 -22"><span class='ocrx_word' id='word_1_555' title='bbox 388 4153 584 4207; x_wconf 84' lang='grc' dir='ltr'>Ταῦτα</span> <span class='ocrx_word' id='word_1_556' title='bbox 612 4154 722 4223; x_wconf 73' lang='grc' dir='ltr'>γὰρ</span> <span class='ocrx_word' id='word_1_557' title='bbox 760 4156 870 4208; x_wconf 81' lang='grc' dir='ltr'><strong>οὐκ</strong></span> <span class='ocrx_word' id='word_1_558' title='bbox 913 4149 1248 4222; x_wconf 67' lang='grc' dir='ltr'>ὲξεξήτησῖι</span> <span class='ocrx_word' id='word_1_559' title='bbox 1287 4156 1356 4209; x_wconf 84' lang='grc' dir='ltr'><strong>ἐκ</strong></span> <span class='ocrx_word' id='word_1_560' title='bbox 1394 4156 1512 4210; x_wconf 85' lang='grc' dir='ltr'>τῶν</span> <span class='ocrx_word' id='word_1_561' title='bbox 1544 4158 1758 4226; x_wconf 79' lang='grc' dir='ltr'>χειρῶν</span> <span class='ocrx_word' id='word_1_562' title='bbox 1782 4157 1967 4228; x_wconf 79' lang='grc' dir='ltr'>ὑμῶν,</span> 
     </span>
    </p>
   </div>
   <div class='ocr_carea' id='block_1_75' title="bbox 381 4241 1971 4315">
    <p class='ocr_par' dir='ltr' id='par_1_75' title="bbox 381 4241 1971 4315">
     <span class='ocr_line' id='line_1_75' title="bbox 381 4241 1971 4315; baseline 0.003 -19"><span class='ocrx_word' id='word_1_563' title='bbox 381 4242 548 4297; x_wconf 73' lang='grc' dir='ltr'><strong>ἀλλὰ</strong></span> <span class='ocrx_word' id='word_1_564' title='bbox 576 4241 773 4296; x_wconf 81' lang='grc' dir='ltr'>ποιεῖν</span> <span class='ocrx_word' id='word_1_565' title='bbox 798 4243 948 4310; x_wconf 83' lang='grc' dir='ltr'>πρὸς</span> <span class='ocrx_word' id='word_1_566' title='bbox 983 4242 1089 4296; x_wconf 80' lang='grc' dir='ltr'>τὸν</span> <span class='ocrx_word' id='word_1_567' title='bbox 1117 4247 1385 4311; x_wconf 79' lang='grc' dir='ltr'>πλησίον</span> <span class='ocrx_word' id='word_1_568' title='bbox 1412 4245 1828 4315; x_wconf 83' lang='grc' dir='ltr'>δικαιοσύνην,</span> <span class='ocrx_word' id='word_1_569' title='bbox 1871 4245 1971 4301; x_wconf 75' lang='grc' dir='ltr'><strong>καὶ</strong></span> 
     </span>
    </p>
   </div>
   <div class='ocr_carea' id='block_1_76' title="bbox 382 4333 1971 4405">
    <p class='ocr_par' dir='ltr' id='par_1_76' title="bbox 382 4333 1971 4405">
     <span class='ocr_line' id='line_1_76' title="bbox 382 4333 1971 4405; baseline 0.003 -17"><span class='ocrx_word' id='word_1_570' title='bbox 382 4333 679 4400; x_wconf 70' lang='grc' dir='ltr'>ἀλήθειαν</span> <span class='ocrx_word' id='word_1_571' title='bbox 701 4333 962 4387; x_wconf 73' lang='grc' dir='ltr'>ἕκαστον</span> <span class='ocrx_word' id='word_1_572' title='bbox 989 4335 1136 4402; x_wconf 80' lang='grc' dir='ltr'>πρὸς</span> <span class='ocrx_word' id='word_1_573' title='bbox 1171 4335 1279 4388; x_wconf 82' lang='grc' dir='ltr'>τὸν</span> <span class='ocrx_word' id='word_1_574' title='bbox 1305 4335 1576 4405; x_wconf 65' lang='grc' dir='ltr'>ἀδελφὸν</span> <span class='ocrx_word' id='word_1_575' title='bbox 1607 4339 1814 4393; x_wconf 84' lang='grc' dir='ltr'>αὐτοῦ.</span> <span class='ocrx_word' id='word_1_576' title='bbox 1864 4341 1971 4394; x_wconf 77' lang='grc' dir='ltr'><strong>Καὶ</strong></span> 
     </span>
    </p>
   </div>
   <div class='ocr_carea' id='block_1_77' title="bbox 381 4424 1973 4502">
    <p class='ocr_par' dir='ltr' id='par_1_77' title="bbox 381 4424 1973 4502">
     <span class='ocr_line' id='line_1_77' title="bbox 381 4424 1973 4502; baseline 0.004 -24"><span class='ocrx_word' id='word_1_577' title='bbox 381 4425 539 4496; x_wconf 72' lang='grc' dir='ltr'>ὁρᾷς,</span> <span class='ocrx_word' id='word_1_578' title='bbox 575 4424 680 4486; x_wconf 81' lang='grc' dir='ltr'>ὅτι,</span> <span class='ocrx_word' id='word_1_579' title='bbox 716 4425 1012 4494; x_wconf 81' lang='grc' dir='ltr'>προϊόντων</span> <span class='ocrx_word' id='word_1_580' title='bbox 1042 4425 1150 4480; x_wconf 83' lang='grc' dir='ltr'>τῶν</span> <span class='ocrx_word' id='word_1_581' title='bbox 1194 4429 1421 4498; x_wconf 74' lang='grc' dir='ltr'>χρόνων,</span> <span class='ocrx_word' id='word_1_582' title='bbox 1468 4430 1500 4500; x_wconf 79' lang='grc' dir='ltr'>ἡ</span> <span class='ocrx_word' id='word_1_583' title='bbox 1541 4427 1838 4494; x_wconf 84' lang='grc' dir='ltr'>ὑπόστασις</span> <span class='ocrx_word' id='word_1_584' title='bbox 1871 4432 1973 4502; x_wconf 78' lang='grc' dir='ltr'><strong>τῆς</strong></span> 
     </span>
    </p>
   </div>
   <div class='ocr_carea' id='block_1_78' title="bbox 382 4512 1973 4586">
    <p class='ocr_par' dir='ltr' id='par_1_78' title="bbox 382 4512 1973 4586">
     <span class='ocr_line' id='line_1_78' title="bbox 382 4512 1973 4586; baseline 0.004 -17"><span class='ocrx_word' id='word_1_585' title='bbox 382 4515 677 4586; x_wconf 75' lang='grc' dir='ltr'>δυνάμεως</span> <span class='ocrx_word' id='word_1_586' title='bbox 703 4516 812 4570; x_wconf 85' lang='grc' dir='ltr'>τῶν</span> <span class='ocrx_word' id='word_1_587' title='bbox 839 4516 999 4571; x_wconf 87' lang='grc' dir='ltr'>θείων</span> <span class='ocrx_word' id='word_1_588' title='bbox 1024 4518 1488 4573; x_wconf 81' lang='grc' dir='ltr'>ἀποκαλύπτεται·</span> <span class='ocrx_word' id='word_1_589' title='bbox 1519 4512 1595 4584; x_wconf 83' lang='grc' dir='ltr'>ὡς</span> <span class='ocrx_word' id='word_1_590' title='bbox 1618 4522 1780 4586; x_wconf 82' lang='grc' dir='ltr'>αὐτὸς</span> <span class='ocrx_word' id='word_1_591' title='bbox 1814 4523 1973 4576; x_wconf 85' lang='grc' dir='ltr'>πάλιν</span> 
     </span>
    </p>
   </div>
   <div class='ocr_carea' id='block_1_79' title="bbox 383 4607 1972 4682">
    <p class='ocr_par' dir='ltr' id='par_1_79' title="bbox 383 4607 1972 4682">
     <span class='ocr_line' id='line_1_79' title="bbox 383 4607 1972 4682; baseline 0.004 -22"><span class='ocrx_word' id='word_1_592' title='bbox 383 4607 535 4675; x_wconf 80' lang='grc' dir='ltr'>λέγει</span> <span class='ocrx_word' id='word_1_593' title='bbox 568 4607 646 4677; x_wconf 82' lang='grc' dir='ltr'>τῷ</span> <span class='ocrx_word' id='word_1_594' title='bbox 689 4609 978 4678; x_wconf 72' lang='grc' dir='ltr'>Σαμουήλσ</span> <span class='ocrx_word' id='word_1_595' title='bbox 1014 4609 1214 4680; x_wconf 68' lang='grc' dir='ltr'>Κρῖσον</span> <span class='ocrx_word' id='word_1_596' title='bbox 1270 4611 1359 4663; x_wconf 71' lang='grc' dir='ltr'><strong>τὸν</strong></span> <span class='ocrx_word' id='word_1_597' title='bbox 1397 4612 1568 4665; x_wconf 77' lang='grc' dir='ltr'>Σαοὺλ</span> <span class='ocrx_word' id='word_1_598' title='bbox 1607 4615 1687 4674; x_wconf 80' lang='grc' dir='ltr'><strong>εἰς</strong></span> <span class='ocrx_word' id='word_1_599' title='bbox 1727 4613 1972 4682; x_wconf 68' lang='grc' dir='ltr'><strong>βασιλέαὸ</strong></span> 
     </span>
    </p>
   </div>
   <div class='ocr_carea' id='block_1_80' title="bbox 384 4698 1975 4772">
    <p class='ocr_par' dir='ltr' id='par_1_80' title="bbox 384 4698 1975 4772">
     <span class='ocr_line' id='line_1_80' title="bbox 384 4698 1975 4772; baseline 0.004 -21"><span class='ocrx_word' id='word_1_600' title='bbox 384 4698 621 4770; x_wconf 77' lang='grc' dir='ltr'>ὕστερον</span> <span class='ocrx_word' id='word_1_601' title='bbox 684 4698 741 4752; x_wconf 83' lang='grc' dir='ltr'>δὲ</span> <span class='ocrx_word' id='word_1_602' title='bbox 773 4700 970 4763; x_wconf 80' lang='grc' dir='ltr'>αὐτοὺς</span> <span class='ocrx_word' id='word_1_603' title='bbox 1000 4701 1212 4772; x_wconf 78' lang='grc' dir='ltr'>ἐλέγχει</span> <span class='ocrx_word' id='word_1_604' title='bbox 1231 4701 1427 4772; x_wconf 83' lang='grc' dir='ltr'><strong>λέγων⁹</strong></span> <span class='ocrx_word' id='word_1_605' title='bbox 1467 4703 1772 4772; x_wconf 84' lang='grc' dir='ltr'>Ἐχρίσατε</span> <span class='ocrx_word' id='word_1_606' title='bbox 1792 4705 1975 4768; x_wconf 82' lang='grc' dir='ltr'><strong>,ϐασι⁹</strong></span> 
     </span>
    </p>
   </div>
   <div class='ocr_carea' id='block_1_81' title="bbox 380 4791 1974 4865">
    <p class='ocr_par' dir='ltr' id='par_1_81' title="bbox 380 4791 1974 4865">
     <span class='ocr_line' id='line_1_81' title="bbox 380 4791 1974 4865; baseline 0.003 -20"><span class='ocrx_word' id='word_1_607' title='bbox 380 4791 498 4845; x_wconf 73' lang='grc' dir='ltr'>λέα</span> <span class='ocrx_word' id='word_1_608' title='bbox 527 4793 598 4844; x_wconf 84' lang='grc' dir='ltr'>οὐ</span> <span class='ocrx_word' id='word_1_609' title='bbox 637 4791 711 4844; x_wconf 81' lang='grc' dir='ltr'>δι’</span> <span class='ocrx_word' id='word_1_610' title='bbox 733 4792 901 4861; x_wconf 85' lang='grc' dir='ltr'>ἐμοῦ,</span> <span class='ocrx_word' id='word_1_611' title='bbox 936 4793 1035 4846; x_wconf 76' lang='grc' dir='ltr'>καί</span> <span class='ocrx_word' id='word_1_612' title='bbox 1074 4793 1392 4864; x_wconf 80' lang='grc' dir='ltr'>ἄρχοντας,</span> <span class='ocrx_word' id='word_1_613' title='bbox 1437 4795 1535 4848; x_wconf 78' lang='grc' dir='ltr'><strong>καὶ</strong></span> <span class='ocrx_word' id='word_1_614' title='bbox 1574 4795 1688 4865; x_wconf 79' lang='grc' dir='ltr'><strong>ἐγὼ</strong></span> <span class='ocrx_word' id='word_1_615' title='bbox 1723 4799 1835 4850; x_wconf 84' lang='grc' dir='ltr'><strong>οὐκ</strong></span> <span class='ocrx_word' id='word_1_616' title='bbox 1878 4798 1974 4850; x_wconf 78' lang='grc' dir='ltr'><strong>ἐν·</strong></span> 
     </span>
    </p>
   </div>
   <div class='ocr_carea' id='block_1_82' title="bbox 381 4880 1971 4958">
    <p class='ocr_par' dir='ltr' id='par_1_82' title="bbox 381 4880 1971 4958">
     <span class='ocr_line' id='line_1_82' title="bbox 381 4880 1971 4958; baseline 0.005 -25"><span class='ocrx_word' id='word_1_617' title='bbox 381 4880 708 4950; x_wconf 76' lang='grc' dir='ltr'>ετειλάμην</span> <span class='ocrx_word' id='word_1_618' title='bbox 747 4882 910 4951; x_wconf 83' lang='grc' dir='ltr'>ὑμῖν.</span> <span class='ocrx_word' id='word_1_619' title='bbox 974 4883 1112 4937; x_wconf 82' lang='grc' dir='ltr'>Ἀλλ’</span> <span class='ocrx_word' id='word_1_620' title='bbox 1150 4886 1336 4958; x_wconf 82' lang='grc' dir='ltr'>ἐπειδὴ</span> <span class='ocrx_word' id='word_1_621' title='bbox 1387 4887 1657 4957; x_wconf 78' lang='grc' dir='ltr'>ἐζήτησαν</span> <span class='ocrx_word' id='word_1_622' title='bbox 1709 4888 1865 4940; x_wconf 79' lang='grc' dir='ltr'>τοῦτο</span> <span class='ocrx_word' id='word_1_623' title='bbox 1917 4892 1971 4941; x_wconf 89' lang='grc' dir='ltr'>αἱ</span> 
     </span>
    </p>
   </div>
   <div class='ocr_carea' id='block_1_83' title="bbox 381 4972 1968 5051">
    <p class='ocr_par' dir='ltr' id='par_1_83' title="bbox 381 4972 1968 5051">
     <span class='ocr_line' id='line_1_83' title="bbox 381 4972 1968 5051; baseline 0.003 -25"><span class='ocrx_word' id='word_1_624' title='bbox 381 4972 617 5026; x_wconf 74' lang='grc' dir='ltr'>διάνοιαι</span> <span class='ocrx_word' id='word_1_625' title='bbox 652 4975 850 5037; x_wconf 79' lang='grc' dir='ltr'>αὐτῶν,</span> <span class='ocrx_word' id='word_1_626' title='bbox 882 4976 1376 5047; x_wconf 85' lang='grc' dir='ltr'>παραμυθούμενος</span> <span class='ocrx_word' id='word_1_627' title='bbox 1393 4981 1422 5030; x_wconf 85' lang='grc' dir='ltr'>ὁ</span> <span class='ocrx_word' id='word_1_628' title='bbox 1443 4979 1574 5042; x_wconf 80' lang='grc' dir='ltr'>Θεὸς</span> <span class='ocrx_word' id='word_1_629' title='bbox 1599 4980 1848 5051; x_wconf 82' lang='grc' dir='ltr'>Σαμουὴλ</span> <span class='ocrx_word' id='word_1_630' title='bbox 1879 4976 1968 5032; x_wconf 76' lang='grc' dir='ltr'>τὸν</span> 
     </span>
    </p>
   </div>
   <div class='ocr_carea' id='block_1_84' title="bbox 383 5064 1967 5138">
    <p class='ocr_par' dir='ltr' id='par_1_84' title="bbox 383 5064 1967 5138">
     <span class='ocr_line' id='line_1_84' title="bbox 383 5064 1967 5138; baseline 0.003 -22"><span class='ocrx_word' id='word_1_631' title='bbox 383 5065 675 5134; x_wconf 74' lang='grc' dir='ltr'>προφήτην</span> <span class='ocrx_word' id='word_1_632' title='bbox 723 5064 944 5133; x_wconf 77' lang='grc' dir='ltr'>ἔλεγεν·</span> <span class='ocrx_word' id='word_1_633' title='bbox 993 5070 1077 5120; x_wconf 80' lang='grc' dir='ltr'><em>Οὐ</em></span> <span class='ocrx_word' id='word_1_634' title='bbox 1125 5068 1202 5119; x_wconf 81' lang='grc' dir='ltr'>σὲ</span> <span class='ocrx_word' id='word_1_635' title='bbox 1227 5068 1620 5130; x_wconf 62' lang='grc' dir='ltr'>ἀπεϐάλοντο,</span> <span class='ocrx_word' id='word_1_636' title='bbox 1666 5072 1804 5123; x_wconf 77' lang='grc' dir='ltr'><strong>ἀλλ’</strong></span> <span class='ocrx_word' id='word_1_637' title='bbox 1843 5069 1967 5138; x_wconf 84' lang='grc' dir='ltr'>ἐμὲ,</span> 
     </span>
    </p>
   </div>
   <div class='ocr_carea' id='block_1_85' title="bbox 381 5152 1968 5226">
    <p class='ocr_par' dir='ltr' id='par_1_85' title="bbox 381 5152 1968 5226">
     <span class='ocr_line' id='line_1_85' title="bbox 381 5152 1968 5226; baseline 0.008 -21"><span class='ocrx_word' id='word_1_638' title='bbox 381 5153 536 5220; x_wconf 86' lang='grc' dir='ltr'>λέγει</span> <span class='ocrx_word' id='word_1_639' title='bbox 580 5152 800 5223; x_wconf 86' lang='grc' dir='ltr'>Κύριος.</span> <span class='ocrx_word' id='word_1_640' title='bbox 847 5155 1024 5224; x_wconf 77' lang='grc' dir='ltr'><strong>Πλὴν</strong></span> <span class='ocrx_word' id='word_1_641' title='bbox 1065 5156 1281 5226; x_wconf 82' lang='grc' dir='ltr'>χρῗσον</span> <span class='ocrx_word' id='word_1_642' title='bbox 1327 5159 1531 5225; x_wconf 73' lang='grc' dir='ltr'>αὐτοῖς</span> <span class='ocrx_word' id='word_1_643' title='bbox 1571 5158 1676 5212; x_wconf 83' lang='grc' dir='ltr'>τὸν</span> <span class='ocrx_word' id='word_1_644' title='bbox 1733 5159 1924 5216; x_wconf 75' lang='grc' dir='ltr'>Σαοὺλ</span> <span class='ocrx_word' id='word_1_645' title='bbox 1955 5201 1968 5218; x_wconf 90' lang='grc'><strong>.</strong></span> 
     </span>
    </p>
   </div>
   <div class='ocr_carea' id='block_1_86' title="bbox 378 5247 1972 5324">
    <p class='ocr_par' dir='ltr' id='par_1_86' title="bbox 378 5247 1972 5324">
     <span class='ocr_line' id='line_1_86' title="bbox 378 5247 1972 5324; baseline 0.004 -24"><span class='ocrx_word' id='word_1_646' title='bbox 378 5247 522 5300; x_wconf 79' lang='grc' dir='ltr'><strong>υἱὸν</strong></span> <span class='ocrx_word' id='word_1_647' title='bbox 549 5248 656 5314; x_wconf 81' lang='grc' dir='ltr'><strong>Κῖς</strong></span> <span class='ocrx_word' id='word_1_648' title='bbox 675 5265 688 5277; x_wconf 85' lang='grc'><strong>·</strong></span> <span class='ocrx_word' id='word_1_649' title='bbox 719 5248 910 5320; x_wconf 84' lang='grc' dir='ltr'>ὥσπερ</span> <span class='ocrx_word' id='word_1_650' title='bbox 931 5248 1164 5314; x_wconf 86' lang='grc' dir='ltr'>παιδίοις</span> <span class='ocrx_word' id='word_1_651' title='bbox 1201 5255 1415 5324; x_wconf 85' lang='grc' dir='ltr'>μικροῖς</span> <span class='ocrx_word' id='word_1_652' title='bbox 1441 5253 1884 5324; x_wconf 76' lang='grc' dir='ltr'>προσφερόμενον</span> <span class='ocrx_word' id='word_1_653' title='bbox 1912 5254 1972 5307; x_wconf 79' lang='grc' dir='ltr'><strong>τὸ</strong></span> 
     </span>
    </p>
   </div>
   <div class='ocr_carea' id='block_1_87' title="bbox 379 5338 1968 5414">
    <p class='ocr_par' dir='ltr' id='par_1_87' title="bbox 379 5338 1968 5414">
     <span class='ocr_line' id='line_1_87' title="bbox 379 5338 1968 5414; baseline 0.005 -22"><span class='ocrx_word' id='word_1_654' title='bbox 379 5338 565 5402; x_wconf 87' lang='grc' dir='ltr'>Θείον,</span> <span class='ocrx_word' id='word_1_655' title='bbox 597 5341 686 5394; x_wconf 83' lang='grc' dir='ltr'><strong>ἵνα</strong></span> <span class='ocrx_word' id='word_1_656' title='bbox 716 5342 961 5413; x_wconf 75' lang='grc' dir='ltr'>βαστάσῃ</span> <span class='ocrx_word' id='word_1_657' title='bbox 985 5343 1084 5414; x_wconf 83' lang='grc' dir='ltr'>τὴν</span> <span class='ocrx_word' id='word_1_658' title='bbox 1111 5345 1394 5400; x_wconf 85' lang='grc' dir='ltr'>ἀσθένειαν</span> <span class='ocrx_word' id='word_1_659' title='bbox 1424 5346 1532 5400; x_wconf 84' lang='grc' dir='ltr'>τῶν</span> <span class='ocrx_word' id='word_1_660' title='bbox 1563 5347 1933 5401; x_wconf 83' lang='grc' dir='ltr'>ἀσθενούντων</span> <span class='ocrx_word' id='word_1_661' title='bbox 1955 5388 1968 5412; x_wconf 92' lang='grc'><strong>,</strong></span> 
     </span>
    </p>
   </div>
   <div class='ocr_carea' id='block_1_88' title="bbox 381 5431 1968 5509">
    <p class='ocr_par' dir='ltr' id='par_1_88' title="bbox 381 5431 1968 5509">
     <span class='ocr_line' id='line_1_88' title="bbox 381 5431 1968 5509; baseline 0.006 -25"><span class='ocrx_word' id='word_1_662' title='bbox 381 5431 486 5484; x_wconf 76' lang='grc' dir='ltr'>καὶ</span> <span class='ocrx_word' id='word_1_663' title='bbox 506 5432 872 5504; x_wconf 85' lang='grc' dir='ltr'>ἀναθωπεύσῃ</span> <span class='ocrx_word' id='word_1_664' title='bbox 901 5435 960 5487; x_wconf 86' lang='grc' dir='ltr'><strong>τὸ</strong></span> <span class='ocrx_word' id='word_1_665' title='bbox 985 5434 1186 5506; x_wconf 80' lang='grc' dir='ltr'>βρέφος</span> <span class='ocrx_word' id='word_1_666' title='bbox 1215 5433 1323 5491; x_wconf 83' lang='grc' dir='ltr'><strong>ἀπὸ</strong></span> <span class='ocrx_word' id='word_1_667' title='bbox 1350 5439 1450 5509; x_wconf 86' lang='grc' dir='ltr'>τῆς</span> <span class='ocrx_word' id='word_1_668' title='bbox 1476 5438 1637 5493; x_wconf 79' lang='grc' dir='ltr'>αὐτοῦ</span> <span class='ocrx_word' id='word_1_669' title='bbox 1668 5439 1968 5503; x_wconf 86' lang='grc' dir='ltr'>ἀσθενείας.</span> 
     </span>
    </p>
   </div>
   <div class='ocr_carea' id='block_1_89' title="bbox 379 5518 1972 5601">
    <p class='ocr_par' dir='ltr' id='par_1_89' title="bbox 379 5518 1972 5601">
     <span class='ocr_line' id='line_1_89' title="bbox 379 5518 1972 5601; baseline 0.005 -25"><span class='ocrx_word' id='word_1_670' title='bbox 379 5518 523 5576; x_wconf 73' lang='grc' dir='ltr'>Εἶτα</span> <span class='ocrx_word' id='word_1_671' title='bbox 557 5525 705 5594; x_wconf 86' lang='grc' dir='ltr'>λέγει</span> <span class='ocrx_word' id='word_1_672' title='bbox 733 5526 795 5579; x_wconf 82' lang='grc' dir='ltr'><strong>τὸ</strong></span> <span class='ocrx_word' id='word_1_673' title='bbox 831 5527 1166 5583; x_wconf 80' lang='grc' dir='ltr'>τελειότατον</span> <span class='ocrx_word' id='word_1_674' title='bbox 1187 5545 1202 5562; x_wconf 87' lang='grc'>⁶</span> <span class='ocrx_word' id='word_1_675' title='bbox 1241 5532 1433 5585; x_wconf 85' lang='grc' dir='ltr'>Θυσία</span> <span class='ocrx_word' id='word_1_676' title='bbox 1472 5531 1552 5598; x_wconf 82' lang='grc' dir='ltr'>τῷ</span> <span class='ocrx_word' id='word_1_677' title='bbox 1587 5531 1706 5597; x_wconf 83' lang='grc' dir='ltr'><strong>Θεῷ</strong></span> <span class='ocrx_word' id='word_1_678' title='bbox 1740 5532 1972 5601; x_wconf 77' lang='grc' dir='ltr'>πνεῦμα</span> 
     </span>
    </p>
   </div>
   <div class='ocr_carea' id='block_1_90' title="bbox 498 5724 1793 5796">
    <p class='ocr_par' dir='ltr' id='par_1_90' title="bbox 498 5724 1793 5796">
     <span class='ocr_line' id='line_1_90' title="bbox 498 5724 1793 5796; baseline 0.007 -19"><span class='ocrx_word' id='word_1_679' title='bbox 498 5725 514 5756; x_wconf 87' lang='grc'>¹</span> <span class='ocrx_word' id='word_1_680' title='bbox 579 5724 740 5780; x_wconf 82' lang='lat' dir='ltr'><strong>Forte</strong></span> <span class='ocrx_word' id='word_1_681' title='bbox 802 5727 932 5794; x_wconf 74' lang='grc' dir='ltr'>περὶ</span> <span class='ocrx_word' id='word_1_682' title='bbox 991 5743 1113 5795; x_wconf 81' lang='grc' dir='ltr'>γυν.</span> <span class='ocrx_word' id='word_1_683' title='bbox 1229 5729 1248 5759; x_wconf 81' lang='grc'>³</span> <span class='ocrx_word' id='word_1_684' title='bbox 1313 5728 1483 5785; x_wconf 82' lang='lat' dir='ltr'><strong>Exod.</strong></span> <span class='ocrx_word' id='word_1_685' title='bbox 1549 5747 1640 5796; x_wconf 79' lang='lat' dir='ltr'><strong>xx,</strong></span> <span class='ocrx_word' id='word_1_686' title='bbox 1707 5731 1793 5786; x_wconf 81' lang='lat' dir='ltr'><strong>l7.</strong></span> 
     </span>
    </p>
   </div>
   <div class='ocr_carea' id='block_1_91' title="bbox 1901 5733 2411 5798">
    <p class='ocr_par' dir='ltr' id='par_1_91' title="bbox 1901 5733 2411 5798">
     <span class='ocr_line' id='line_1_91' title="bbox 1901 5733 2411 5798; baseline 0.01 -13"><span class='ocrx_word' id='word_1_687' title='bbox 1901 5733 1920 5762; x_wconf 81' lang='grc'><strong>³</strong></span> <span class='ocrx_word' id='word_1_688' title='bbox 1982 5733 2152 5789; x_wconf 83' lang='lat' dir='ltr'><strong>Exod.</strong></span> <span class='ocrx_word' id='word_1_689' title='bbox 2217 5753 2296 5798; x_wconf 70' lang='lat' dir='ltr'><strong>xu,</strong></span> <span class='ocrx_word' id='word_1_690' title='bbox 2360 5736 2411 5790; x_wconf 71' lang='lat'><strong>2.</strong></span> 
     </span>
    </p>
   </div>
   <div class='ocr_carea' id='block_1_92' title="bbox 2075 3324 3650 3398">
    <p class='ocr_par' dir='ltr' id='par_1_92' title="bbox 2075 3324 3650 3398">
     <span class='ocr_line' id='line_1_92' title="bbox 2075 3324 3650 3398; baseline -0.002 -14"><span class='ocrx_word' id='word_1_691' title='bbox 2075 3331 2180 3386; x_wconf 91' lang='lat' dir='ltr'><strong>ista</strong></span> <span class='ocrx_word' id='word_1_692' title='bbox 2208 3328 2504 3383; x_wconf 86' lang='lat' dir='ltr'><strong>mandavit.</strong></span> <span class='ocrx_word' id='word_1_693' title='bbox 2538 3326 2673 3382; x_wconf 83' lang='lat' dir='ltr'><strong>Cum</strong></span> <span class='ocrx_word' id='word_1_694' title='bbox 2703 3327 2848 3382; x_wconf 85' lang='lat' dir='ltr'><strong>enim</strong></span> <span class='ocrx_word' id='word_1_695' title='bbox 2874 3324 3254 3397; x_wconf 66' lang='lat' dir='ltr'><strong>Egyptiorum</strong></span> <span class='ocrx_word' id='word_1_696' title='bbox 3285 3327 3509 3381; x_wconf 90' lang='lat' dir='ltr'><strong>numina</strong></span> <span class='ocrx_word' id='word_1_697' title='bbox 3536 3328 3650 3398; x_wconf 86' lang='lat' dir='ltr'><strong>pla-</strong></span> 
     </span>
    </p>
   </div>
   <div class='ocr_carea' id='block_1_93' title="bbox 2073 3417 3656 3487">
    <p class='ocr_par' dir='ltr' id='par_1_93' title="bbox 2073 3417 3656 3487">
     <span class='ocr_line' id='line_1_93' title="bbox 2073 3417 3656 3487; baseline -0.003 -11"><span class='ocrx_word' id='word_1_698' title='bbox 2073 3421 2186 3476; x_wconf 91' lang='lat' dir='ltr'><strong>cari</strong></span> <span class='ocrx_word' id='word_1_699' title='bbox 2222 3419 2510 3475; x_wconf 88' lang='lat' dir='ltr'><strong>sacriﬁciis</strong></span> <span class='ocrx_word' id='word_1_700' title='bbox 2539 3425 2808 3480; x_wconf 87' lang='lat' dir='ltr'><strong>cerneret,</strong></span> <span class='ocrx_word' id='word_1_701' title='bbox 2837 3417 2962 3472; x_wconf 87' lang='lat' dir='ltr'><strong>ideo</strong></span> <span class='ocrx_word' id='word_1_702' title='bbox 2996 3417 3098 3472; x_wconf 90' lang='lat' dir='ltr'><strong>ista</strong></span> <span class='ocrx_word' id='word_1_703' title='bbox 3127 3417 3382 3487; x_wconf 83' lang='lat' dir='ltr'><strong>providit,</strong></span> <span class='ocrx_word' id='word_1_704' title='bbox 3410 3432 3480 3473; x_wconf 86' lang='lat' dir='ltr'><strong>ne</strong></span> <span class='ocrx_word' id='word_1_705' title='bbox 3503 3417 3656 3487; x_wconf 88' lang='lat' dir='ltr'><strong>ejus-</strong></span> 
     </span>
    </p>
   </div>
   <div class='ocr_carea' id='block_1_94' title="bbox 2075 3507 3652 3579">
    <p class='ocr_par' dir='ltr' id='par_1_94' title="bbox 2075 3507 3652 3579">
     <span class='ocr_line' id='line_1_94' title="bbox 2075 3507 3652 3579; baseline -0.004 -11"><span class='ocrx_word' id='word_1_706' title='bbox 2075 3513 2223 3568; x_wconf 89' lang='lat' dir='ltr'><strong>modi</strong></span> <span class='ocrx_word' id='word_1_707' title='bbox 2256 3511 2483 3566; x_wconf 90' lang='lat' dir='ltr'><strong>deorum</strong></span> <span class='ocrx_word' id='word_1_708' title='bbox 2518 3509 2908 3578; x_wconf 87' lang='lat' dir='ltr'><strong>superstitione</strong></span> <span class='ocrx_word' id='word_1_709' title='bbox 2943 3507 3250 3579; x_wconf 89' lang='lat' dir='ltr'><strong>depravatis</strong></span> <span class='ocrx_word' id='word_1_710' title='bbox 3284 3507 3497 3564; x_wconf 74' lang='lat' dir='ltr'><strong>illortnm</strong></span> <span class='ocrx_word' id='word_1_711' title='bbox 3533 3510 3652 3562; x_wconf 84' lang='lat' dir='ltr'><strong>ani—</strong></span> 
     </span>
    </p>
   </div>
   <div class='ocr_carea' id='block_1_95' title="bbox 2072 3598 3647 3672">
    <p class='ocr_par' dir='ltr' id='par_1_95' title="bbox 2072 3598 3647 3672">
     <span class='ocr_line' id='line_1_95' title="bbox 2072 3598 3647 3672; baseline -0.004 -12"><span class='ocrx_word' id='word_1_712' title='bbox 2072 3605 2201 3672; x_wconf 89' lang='lat' dir='ltr'><strong>mis,</strong></span> <span class='ocrx_word' id='word_1_713' title='bbox 2234 3604 2302 3657; x_wconf 90' lang='lat' dir='ltr'><strong>ab</strong></span> <span class='ocrx_word' id='word_1_714' title='bbox 2331 3617 2441 3655; x_wconf 93' lang='lat' dir='ltr'><strong>uno</strong></span> <span class='ocrx_word' id='word_1_715' title='bbox 2469 3601 2696 3671; x_wconf 88' lang='lat' dir='ltr'><strong>soloque</strong></span> <span class='ocrx_word' id='word_1_716' title='bbox 2725 3599 2832 3654; x_wconf 92' lang='lat' dir='ltr'><strong>Deo</strong></span> <span class='ocrx_word' id='word_1_717' title='bbox 2861 3599 3250 3655; x_wconf 84' lang='lat' dir='ltr'><strong>desciscerent.</strong></span> <span class='ocrx_word' id='word_1_718' title='bbox 3285 3598 3647 3671; x_wconf 86' lang='lat' dir='ltr'><strong>Posteaquam</strong></span> 
     </span>
    </p>
   </div>
   <div class='ocr_carea' id='block_1_96' title="bbox 2074 3690 3650 3761">
    <p class='ocr_par' dir='ltr' id='par_1_96' title="bbox 2074 3690 3650 3761">
     <span class='ocr_line' id='line_1_96' title="bbox 2074 3690 3650 3761; baseline -0.004 -11"><span class='ocrx_word' id='word_1_719' title='bbox 2074 3703 2255 3750; x_wconf 83' lang='lat' dir='ltr'><strong>autem</strong></span> <span class='ocrx_word' id='word_1_720' title='bbox 2285 3692 2599 3748; x_wconf 79' lang='lat' dir='ltr'><strong>earumdem</strong></span> <span class='ocrx_word' id='word_1_721' title='bbox 2633 3701 2840 3746; x_wconf 87' lang='lat' dir='ltr'><strong>mentes</strong></span> <span class='ocrx_word' id='word_1_722' title='bbox 2871 3690 3109 3761; x_wconf 89' lang='lat' dir='ltr'><strong>plurium</strong></span> <span class='ocrx_word' id='word_1_723' title='bbox 3140 3690 3207 3744; x_wconf 90' lang='lat' dir='ltr'><strong>ab</strong></span> <span class='ocrx_word' id='word_1_724' title='bbox 3235 3691 3459 3746; x_wconf 89' lang='lat' dir='ltr'><strong>deorum</strong></span> <span class='ocrx_word' id='word_1_725' title='bbox 3497 3692 3650 3745; x_wconf 88' lang='lat' dir='ltr'><strong>cultu</strong></span> 
     </span>
    </p>
   </div>
   <div class='ocr_carea' id='block_1_97' title="bbox 2073 3783 3653 3854">
    <p class='ocr_par' dir='ltr' id='par_1_97' title="bbox 2073 3783 3653 3854">
     <span class='ocr_line' id='line_1_97' title="bbox 2073 3783 3653 3854; baseline -0.004 -10"><span class='ocrx_word' id='word_1_726' title='bbox 2073 3791 2362 3844; x_wconf 80' lang='lat' dir='ltr'><strong>revocatas</strong></span> <span class='ocrx_word' id='word_1_727' title='bbox 2391 3785 2550 3854; x_wconf 84' lang='lat' dir='ltr'><strong>longo</strong></span> <span class='ocrx_word' id='word_1_728' title='bbox 2577 3784 2863 3839; x_wconf 90' lang='lat' dir='ltr'><strong>intervallo</strong></span> <span class='ocrx_word' id='word_1_729' title='bbox 2883 3783 3259 3850; x_wconf 80' lang='lat' dir='ltr'><strong>conﬁrmavit;</strong></span> <span class='ocrx_word' id='word_1_730' title='bbox 3295 3792 3406 3836; x_wconf 89' lang='lat' dir='ltr'><strong>tum</strong></span> <span class='ocrx_word' id='word_1_731' title='bbox 3434 3783 3653 3838; x_wconf 90' lang='lat' dir='ltr'><strong>demum</strong></span> 
     </span>
    </p>
   </div>
   <div class='ocr_carea' id='block_1_98' title="bbox 2075 3875 3656 3947">
    <p class='ocr_par' dir='ltr' id='par_1_98' title="bbox 2075 3875 3656 3947">
     <span class='ocr_line' id='line_1_98' title="bbox 2075 3875 3656 3947; baseline 0 -16"><span class='ocrx_word' id='word_1_732' title='bbox 2075 3878 2144 3932; x_wconf 89' lang='lat' dir='ltr'><strong>ab</strong></span> <span class='ocrx_word' id='word_1_733' title='bbox 2187 3879 2338 3934; x_wconf 89' lang='lat' dir='ltr'><strong>hisce</strong></span> <span class='ocrx_word' id='word_1_734' title='bbox 2397 3877 2519 3931; x_wconf 91' lang='lat' dir='ltr'><strong>illos</strong></span> <span class='ocrx_word' id='word_1_735' title='bbox 2561 3875 2829 3931; x_wconf 86' lang='lat' dir='ltr'><strong>institutis</strong></span> <span class='ocrx_word' id='word_1_736' title='bbox 2880 3875 3207 3930; x_wconf 84' lang='lat' dir='ltr'><strong>desuescet‘e</strong></span> <span class='ocrx_word' id='word_1_737' title='bbox 3253 3876 3441 3932; x_wconf 88' lang='lat' dir='ltr'><strong>volens</strong></span> <span class='ocrx_word' id='word_1_738' title='bbox 3489 3877 3656 3947; x_wconf 87' lang='lat' dir='ltr'><strong>coepit</strong></span> 
     </span>
    </p>
   </div>
   <div class='ocr_carea' id='block_1_99' title="bbox 2074 3965 3654 4039">
    <p class='ocr_par' dir='ltr' id='par_1_99' title="bbox 2074 3965 3654 4039">
     <span class='ocr_line' id='line_1_99' title="bbox 2074 3965 3654 4039; baseline -0.003 -15"><span class='ocrx_word' id='word_1_739' title='bbox 2074 3978 2160 4034; x_wconf 84' lang='lat' dir='ltr'><strong>ea,</strong></span> <span class='ocrx_word' id='word_1_740' title='bbox 2194 3983 2317 4039; x_wconf 75' lang='lat' dir='ltr'><strong>quae</strong></span> <span class='ocrx_word' id='word_1_741' title='bbox 2344 3967 2526 4022; x_wconf 91' lang='lat' dir='ltr'><strong>minus</strong></span> <span class='ocrx_word' id='word_1_742' title='bbox 2560 3966 2663 4021; x_wconf 87' lang='lat' dir='ltr'><strong>sibi</strong></span> <span class='ocrx_word' id='word_1_743' title='bbox 2696 3967 3005 4036; x_wconf 88' lang='lat' dir='ltr'><strong>placebant,</strong></span> <span class='ocrx_word' id='word_1_744' title='bbox 3037 3965 3345 4034; x_wconf 66' lang='lat' dir='ltr'><strong>prmcidere.</strong></span> <span class='ocrx_word' id='word_1_745' title='bbox 3369 3965 3549 4031; x_wconf 84' lang='lat' dir='ltr'><strong>Quare</strong></span> <span class='ocrx_word' id='word_1_746' title='bbox 3581 3968 3654 4019; x_wconf 85' lang='lat' dir='ltr'><strong>ita</strong></span> 
     </span>
    </p>
   </div>
   <div class='ocr_carea' id='block_1_100' title="bbox 2073 4057 3650 4127">
    <p class='ocr_par' dir='ltr' id='par_1_100' title="bbox 2073 4057 3650 4127">
     <span class='ocr_line' id='line_1_100' title="bbox 2073 4057 3650 4127; baseline -0.001 -12"><span class='ocrx_word' id='word_1_747' title='bbox 2073 4062 2291 4116; x_wconf 86' lang='lat' dir='ltr'><strong>locutus</strong></span> <span class='ocrx_word' id='word_1_748' title='bbox 2321 4067 2434 4115; x_wconf 89' lang='lat' dir='ltr'><strong>est:</strong></span> <span class='ocrx_word' id='word_1_749' title='bbox 2477 4058 2616 4123; x_wconf 84' lang='lat' dir='ltr'><strong>Quid</strong></span> <span class='ocrx_word' id='word_1_750' title='bbox 2647 4058 2775 4111; x_wconf 77' lang='lat' dir='ltr'><strong>mihi</strong></span> <span class='ocrx_word' id='word_1_751' title='bbox 2807 4059 2924 4112; x_wconf 78' lang='lat' dir='ltr'><strong>titus</strong></span> <span class='ocrx_word' id='word_1_752' title='bbox 2957 4074 2984 4112; x_wconf 91' lang='lat' dir='ltr'><strong>e</strong></span> <span class='ocrx_word' id='word_1_753' title='bbox 3019 4057 3162 4112; x_wconf 85' lang='lat' dir='ltr'><strong>Saba</strong></span> <span class='ocrx_word' id='word_1_754' title='bbox 3191 4058 3429 4127; x_wconf 77' lang='lat' dir='ltr'><strong>defertis,</strong></span> <span class='ocrx_word' id='word_1_755' title='bbox 3459 4069 3507 4113; x_wconf 89' lang='lat' dir='ltr'><strong>et</strong></span> <span class='ocrx_word' id='word_1_756' title='bbox 3533 4061 3650 4113; x_wconf 87' lang='lat' dir='ltr'><strong>cin-</strong></span> 
     </span>
    </p>
   </div>
   <div class='ocr_carea' id='block_1_101' title="bbox 2075 4149 3654 4221">
    <p class='ocr_par' dir='ltr' id='par_1_101' title="bbox 2075 4149 3654 4221">
     <span class='ocr_line' id='line_1_101' title="bbox 2075 4149 3654 4221; baseline 0 -14"><span class='ocrx_word' id='word_1_757' title='bbox 2075 4165 2382 4207; x_wconf 90' lang='lat' dir='ltr'><strong>namomum</strong></span> <span class='ocrx_word' id='word_1_758' title='bbox 2421 4167 2449 4204; x_wconf 89' lang='lat' dir='ltr'><strong>e</strong></span> <span class='ocrx_word' id='word_1_759' title='bbox 2487 4161 2630 4204; x_wconf 89' lang='lat' dir='ltr'><strong>terra</strong></span> <span class='ocrx_word' id='word_1_760' title='bbox 2658 4150 3005 4221; x_wconf 66' lang='lat' dir='ltr'><strong>longinqua“?</strong></span> <span class='ocrx_word' id='word_1_761' title='bbox 3042 4149 3296 4221; x_wconf 80' lang='lat' dir='ltr'><strong>Nunquid</strong></span> <span class='ocrx_word' id='word_1_762' title='bbox 3326 4152 3654 4207; x_wconf 87' lang='lat' dir='ltr'><strong>manducabo</strong></span> 
     </span>
    </p>
   </div>
   <div class='ocr_carea' id='block_1_102' title="bbox 2074 4245 3653 4314">
    <p class='ocr_par' dir='ltr' id='par_1_102' title="bbox 2074 4245 3653 4314">
     <span class='ocr_line' id='line_1_102' title="bbox 2074 4245 3653 4314; baseline 0.001 -15"><span class='ocrx_word' id='word_1_763' title='bbox 2074 4262 2261 4299; x_wconf 88' lang='lat' dir='ltr'><strong>carnes</strong></span> <span class='ocrx_word' id='word_1_764' title='bbox 2296 4255 2592 4308; x_wconf 86' lang='lat' dir='ltr'><strong>taurorum,</strong></span> <span class='ocrx_word' id='word_1_765' title='bbox 2626 4252 2717 4296; x_wconf 90' lang='lat' dir='ltr'><strong>aut</strong></span> <span class='ocrx_word' id='word_1_766' title='bbox 2748 4245 3057 4313; x_wconf 86' lang='lat' dir='ltr'><strong>sanguinem</strong></span> <span class='ocrx_word' id='word_1_767' title='bbox 3092 4245 3357 4298; x_wconf 86' lang='lat' dir='ltr'><strong>hircorum</strong></span> <span class='ocrx_word' id='word_1_768' title='bbox 3385 4246 3577 4314; x_wconf 76' lang='lat' dir='ltr'><strong>potabo</strong></span> <span class='ocrx_word' id='word_1_769' title='bbox 3597 4247 3653 4301; x_wconf 67' lang='grc' dir='ltr'><strong>’ἲ</strong></span> 
     </span>
    </p>
   </div>
   <div class='ocr_carea' id='block_1_103' title="bbox 2078 4337 3654 4408">
    <p class='ocr_par' dir='ltr' id='par_1_103' title="bbox 2078 4337 3654 4408">
     <span class='ocr_line' id='line_1_103' title="bbox 2078 4337 3654 4408; baseline 0.003 -18"><span class='ocrx_word' id='word_1_770' title='bbox 2078 4337 2258 4408; x_wconf 82' lang='lat' dir='ltr'><strong>Neque</strong></span> <span class='ocrx_word' id='word_1_771' title='bbox 2298 4338 2436 4392; x_wconf 88' lang='lat' dir='ltr'><strong>enim</strong></span> <span class='ocrx_word' id='word_1_772' title='bbox 2479 4337 2588 4392; x_wconf 68' lang='lat' dir='ltr'><strong>haec</strong></span> <span class='ocrx_word' id='word_1_773' title='bbox 2624 4337 2869 4407; x_wconf 83' lang='lat' dir='ltr'><strong>requisivi</strong></span> <span class='ocrx_word' id='word_1_774' title='bbox 2908 4352 2972 4390; x_wconf 78' lang='lat' dir='ltr'><strong>ea:</strong></span> <span class='ocrx_word' id='word_1_775' title='bbox 3010 4337 3252 4392; x_wconf 81' lang='lat' dir='ltr'><strong>manibus</strong></span> <span class='ocrx_word' id='word_1_776' title='bbox 3294 4339 3509 4404; x_wconf 83' lang='lat' dir='ltr'><strong>vestris,</strong></span> <span class='ocrx_word' id='word_1_777' title='bbox 3563 4341 3654 4394; x_wconf 81' lang='lat' dir='ltr'><strong>sed</strong></span> 
     </span>
    </p>
   </div>
   <div class='ocr_carea' id='block_1_104' title="bbox 2078 4423 3651 4500">
    <p class='ocr_par' dir='ltr' id='par_1_104' title="bbox 2078 4423 3651 4500">
     <span class='ocr_line' id='line_1_104' title="bbox 2078 4423 3651 4500; baseline 0.001 -18"><span class='ocrx_word' id='word_1_778' title='bbox 2078 4431 2253 4498; x_wconf 82' lang='lat' dir='ltr'><strong>facere</strong></span> <span class='ocrx_word' id='word_1_779' title='bbox 2286 4437 2410 4500; x_wconf 81' lang='lat' dir='ltr'><strong>erga</strong></span> <span class='ocrx_word' id='word_1_780' title='bbox 2436 4430 2739 4498; x_wconf 76' lang='lat' dir='ltr'><strong>proximum</strong></span> <span class='ocrx_word' id='word_1_781' title='bbox 2767 4443 2921 4481; x_wconf 83' lang='lat' dir='ltr'><strong>suum</strong></span> <span class='ocrx_word' id='word_1_782' title='bbox 2946 4423 3241 4498; x_wconf 80' lang='lat' dir='ltr'><strong>justitiam,</strong></span> <span class='ocrx_word' id='word_1_783' title='bbox 3283 4440 3331 4484; x_wconf 87' lang='lat' dir='ltr'><strong>et</strong></span> <span class='ocrx_word' id='word_1_784' title='bbox 3379 4431 3651 4484; x_wconf 77' lang='lat' dir='ltr'><strong>veritatem</strong></span> 
     </span>
    </p>
   </div>
   <div class='ocr_carea' id='block_1_105' title="bbox 2079 4519 3654 4591">
    <p class='ocr_par' dir='ltr' id='par_1_105' title="bbox 2079 4519 3654 4591">
     <span class='ocr_line' id='line_1_105' title="bbox 2079 4519 3654 4591; baseline 0.001 -17"><span class='ocrx_word' id='word_1_785' title='bbox 2079 4525 2495 4591; x_wconf 84' lang='lat' dir='ltr'><strong>unumquemque</strong></span> <span class='ocrx_word' id='word_1_786' title='bbox 2559 4521 2614 4574; x_wconf 87' lang='lat' dir='ltr'><strong>in</strong></span> <span class='ocrx_word' id='word_1_787' title='bbox 2669 4519 2889 4589; x_wconf 82' lang='lat' dir='ltr'><strong>fratrem</strong></span> <span class='ocrx_word' id='word_1_788' title='bbox 2952 4530 3107 4574; x_wconf 85' lang='lat' dir='ltr'><strong>suum</strong></span> <span class='ocrx_word' id='word_1_789' title='bbox 3137 4521 3179 4575; x_wconf 87' lang='lat'><strong>&quot;.</strong></span> <span class='ocrx_word' id='word_1_790' title='bbox 3251 4519 3654 4578; x_wconf 83' lang='lat' dir='ltr'><strong>Animadvertis</strong></span> 
     </span>
    </p>
   </div>
   <div class='ocr_carea' id='block_1_106' title="bbox 2081 4611 3654 4682">
    <p class='ocr_par' dir='ltr' id='par_1_106' title="bbox 2081 4611 3654 4682">
     <span class='ocr_line' id='line_1_106' title="bbox 2081 4611 3654 4682; baseline 0.001 -17"><span class='ocrx_word' id='word_1_791' title='bbox 2081 4614 2264 4682; x_wconf 91' lang='lat' dir='ltr'><strong>itaque</strong></span> <span class='ocrx_word' id='word_1_792' title='bbox 2331 4611 2792 4682; x_wconf 89' lang='lat' dir='ltr'><strong>quemadmodum</strong></span> <span class='ocrx_word' id='word_1_793' title='bbox 2851 4623 3142 4681; x_wconf 89' lang='lat' dir='ltr'><strong>progressu</strong></span> <span class='ocrx_word' id='word_1_794' title='bbox 3213 4620 3518 4682; x_wconf 89' lang='lat' dir='ltr'><strong>temporum</strong></span> <span class='ocrx_word' id='word_1_795' title='bbox 3571 4613 3654 4667; x_wconf 79' lang='lat' dir='ltr'><strong>di-</strong></span> 
     </span>
    </p>
   </div>
   <div class='ocr_carea' id='block_1_107' title="bbox 2077 4701 3647 4774">
    <p class='ocr_par' dir='ltr' id='par_1_107' title="bbox 2077 4701 3647 4774">
     <span class='ocr_line' id='line_1_107' title="bbox 2077 4701 3647 4774; baseline 0.003 -20"><span class='ocrx_word' id='word_1_796' title='bbox 2077 4702 2216 4756; x_wconf 55' lang='lat' dir='ltr'><strong>vinai.</strong></span> <span class='ocrx_word' id='word_1_797' title='bbox 2279 4703 2499 4756; x_wconf 84' lang='lat' dir='ltr'><strong>virtutis</strong></span> <span class='ocrx_word' id='word_1_798' title='bbox 2564 4717 2686 4757; x_wconf 87' lang='lat' dir='ltr'><strong>sese</strong></span> <span class='ocrx_word' id='word_1_799' title='bbox 2738 4701 2888 4757; x_wconf 84' lang='lat' dir='ltr'><strong>velut</strong></span> <span class='ocrx_word' id='word_1_800' title='bbox 2949 4702 3349 4757; x_wconf 89' lang='lat' dir='ltr'><strong>ﬁrmamentum</strong></span> <span class='ocrx_word' id='word_1_801' title='bbox 3421 4705 3647 4774; x_wconf 89' lang='lat' dir='ltr'><strong>aperiat.</strong></span> 
     </span>
    </p>
   </div>
   <div class='ocr_carea' id='block_1_108' title="bbox 2080 4791 3650 4865">
    <p class='ocr_par' dir='ltr' id='par_1_108' title="bbox 2080 4791 3650 4865">
     <span class='ocr_line' id='line_1_108' title="bbox 2080 4791 3650 4865; baseline 0.001 -17"><span class='ocrx_word' id='word_1_802' title='bbox 2080 4793 2234 4848; x_wconf 90' lang='lat' dir='ltr'><strong>Unde</strong></span> <span class='ocrx_word' id='word_1_803' title='bbox 2288 4809 2410 4848; x_wconf 89' lang='lat' dir='ltr'><strong>cum</strong></span> <span class='ocrx_word' id='word_1_804' title='bbox 2463 4792 2705 4848; x_wconf 89' lang='lat' dir='ltr'><strong>Samueli</strong></span> <span class='ocrx_word' id='word_1_805' title='bbox 2758 4793 3116 4848; x_wconf 85' lang='lat' dir='ltr'><strong>mandasset:</strong></span> <span class='ocrx_word' id='word_1_806' title='bbox 3185 4791 3337 4865; x_wconf 89' lang='lat' dir='ltr'><strong>Unge</strong></span> <span class='ocrx_word' id='word_1_807' title='bbox 3396 4795 3525 4849; x_wconf 90' lang='lat' dir='ltr'><strong>Saul</strong></span> <span class='ocrx_word' id='word_1_808' title='bbox 3596 4797 3650 4851; x_wconf 92' lang='lat' dir='ltr'><strong>in</strong></span> 
     </span>
    </p>
   </div>
   <div class='ocr_carea' id='block_1_109' title="bbox 2077 4883 3652 4956">
    <p class='ocr_par' dir='ltr' id='par_1_109' title="bbox 2077 4883 3652 4956">
     <span class='ocr_line' id='line_1_109' title="bbox 2077 4883 3652 4956; baseline 0.001 -17"><span class='ocrx_word' id='word_1_809' title='bbox 2077 4885 2331 4956; x_wconf 64' lang='lat' dir='ltr'><strong>regem“:</strong></span> <span class='ocrx_word' id='word_1_810' title='bbox 2377 4892 2563 4955; x_wconf 90' lang='lat' dir='ltr'><strong>postea</strong></span> <span class='ocrx_word' id='word_1_811' title='bbox 2595 4894 2774 4938; x_wconf 89' lang='lat' dir='ltr'><strong>tamen</strong></span> <span class='ocrx_word' id='word_1_812' title='bbox 2807 4883 3023 4940; x_wconf 66' lang='lat' dir='ltr'><strong>Iudaeos</strong></span> <span class='ocrx_word' id='word_1_813' title='bbox 3053 4885 3331 4954; x_wconf 83' lang='lat' dir='ltr'><strong>increpat:</strong></span> <span class='ocrx_word' id='word_1_814' title='bbox 3391 4883 3652 4950; x_wconf 73' lang='lat' dir='ltr'><strong>Unxistt&#39;s,</strong></span> 
     </span>
    </p>
   </div>
   <div class='ocr_carea' id='block_1_110' title="bbox 2075 4978 3652 5048">
    <p class='ocr_par' dir='ltr' id='par_1_110' title="bbox 2075 4978 3652 5048">
     <span class='ocr_line' id='line_1_110' title="bbox 2075 4978 3652 5048; baseline 0.001 -17"><span class='ocrx_word' id='word_1_815' title='bbox 2075 4978 2273 5047; x_wconf 86' lang='lat' dir='ltr'><strong>inquit,</strong></span> <span class='ocrx_word' id='word_1_816' title='bbox 2319 4993 2487 5046; x_wconf 84' lang='lat' dir='ltr'><strong>regem</strong></span> <span class='ocrx_word' id='word_1_817' title='bbox 2525 4993 2629 5030; x_wconf 88' lang='lat' dir='ltr'><strong>non</strong></span> <span class='ocrx_word' id='word_1_818' title='bbox 2662 4987 2753 5045; x_wconf 89' lang='lat' dir='ltr'><strong>per</strong></span> <span class='ocrx_word' id='word_1_819' title='bbox 2782 4994 2890 5043; x_wconf 86' lang='lat' dir='ltr'><strong>me,</strong></span> <span class='ocrx_word' id='word_1_820' title='bbox 2945 4987 2994 5032; x_wconf 89' lang='lat' dir='ltr'><strong>et</strong></span> <span class='ocrx_word' id='word_1_821' title='bbox 3023 4978 3304 5046; x_wconf 82' lang='lat' dir='ltr'><strong>principes,</strong></span> <span class='ocrx_word' id='word_1_822' title='bbox 3349 4986 3397 5032; x_wconf 84' lang='lat' dir='ltr'><strong>et</strong></span> <span class='ocrx_word' id='word_1_823' title='bbox 3427 4995 3520 5048; x_wconf 88' lang='lat' dir='ltr'><strong>ego</strong></span> <span class='ocrx_word' id='word_1_824' title='bbox 3550 4995 3652 5033; x_wconf 90' lang='lat' dir='ltr'><strong>non</strong></span> 
     </span>
    </p>
   </div>
   <div class='ocr_carea' id='block_1_111' title="bbox 2072 5067 3653 5138">
    <p class='ocr_par' dir='ltr' id='par_1_111' title="bbox 2072 5067 3653 5138">
     <span class='ocr_line' id='line_1_111' title="bbox 2072 5067 3653 5138; baseline 0.001 -16"><span class='ocrx_word' id='word_1_825' title='bbox 2072 5069 2295 5137; x_wconf 65' lang='lat' dir='ltr'><strong>praecepi</strong></span> <span class='ocrx_word' id='word_1_826' title='bbox 2323 5067 2530 5123; x_wconf 66' lang='lat' dir='ltr'><strong>vobis”.</strong></span> <span class='ocrx_word' id='word_1_827' title='bbox 2564 5068 2667 5124; x_wconf 91' lang='lat' dir='ltr'><strong>Sed</strong></span> <span class='ocrx_word' id='word_1_828' title='bbox 2698 5071 2958 5138; x_wconf 87' lang='lat' dir='ltr'><strong>quoniam</strong></span> <span class='ocrx_word' id='word_1_829' title='bbox 2991 5085 3054 5124; x_wconf 84' lang='lat' dir='ltr'><strong>ex</strong></span> <span class='ocrx_word' id='word_1_830' title='bbox 3087 5072 3392 5124; x_wconf 88' lang='lat' dir='ltr'><strong>animorum</strong></span> <span class='ocrx_word' id='word_1_831' title='bbox 3429 5087 3653 5126; x_wconf 89' lang='lat' dir='ltr'><strong>suorum</strong></span> 
     </span>
    </p>
   </div>
   <div class='ocr_carea' id='block_1_112' title="bbox 2076 5159 3653 5230">
    <p class='ocr_par' dir='ltr' id='par_1_112' title="bbox 2076 5159 3653 5230">
     <span class='ocr_line' id='line_1_112' title="bbox 2076 5159 3653 5230; baseline 0.002 -14"><span class='ocrx_word' id='word_1_832' title='bbox 2076 5162 2181 5216; x_wconf 89' lang='lat' dir='ltr'><strong>hoc</strong></span> <span class='ocrx_word' id='word_1_833' title='bbox 2210 5159 2434 5216; x_wconf 87' lang='lat' dir='ltr'><strong>libidine</strong></span> <span class='ocrx_word' id='word_1_834' title='bbox 2459 5161 2814 5230; x_wconf 87' lang='lat' dir='ltr'><strong>postularant,</strong></span> <span class='ocrx_word' id='word_1_835' title='bbox 2839 5162 2981 5218; x_wconf 88' lang='lat' dir='ltr'><strong>Deus</strong></span> <span class='ocrx_word' id='word_1_836' title='bbox 3011 5162 3316 5218; x_wconf 85' lang='lat' dir='ltr'><strong>Samuelem</strong></span> <span class='ocrx_word' id='word_1_837' title='bbox 3339 5165 3653 5227; x_wconf 89' lang='lat' dir='ltr'><strong>consolans,</strong></span> 
     </span>
    </p>
   </div>
   <div class='ocr_carea' id='block_1_113' title="bbox 2082 5251 3650 5323">
    <p class='ocr_par' dir='ltr' id='par_1_113' title="bbox 2082 5251 3650 5323">
     <span class='ocr_line' id='line_1_113' title="bbox 2082 5251 3650 5323; baseline 0.003 -18"><span class='ocrx_word' id='word_1_838' title='bbox 2082 5251 2205 5307; x_wconf 89' lang='lat' dir='ltr'><strong>Non</strong></span> <span class='ocrx_word' id='word_1_839' title='bbox 2232 5261 2300 5316; x_wconf 88' lang='lat' dir='ltr'><strong>te,</strong></span> <span class='ocrx_word' id='word_1_840' title='bbox 2343 5253 2541 5323; x_wconf 90' lang='lat' dir='ltr'><strong>inquit,</strong></span> <span class='ocrx_word' id='word_1_841' title='bbox 2569 5254 2884 5323; x_wconf 85' lang='lat' dir='ltr'><strong>rejecerunt,</strong></span> <span class='ocrx_word' id='word_1_842' title='bbox 2922 5253 3012 5307; x_wconf 86' lang='lat' dir='ltr'><strong>sed</strong></span> <span class='ocrx_word' id='word_1_843' title='bbox 3047 5271 3146 5318; x_wconf 89' lang='lat' dir='ltr'><strong>me,</strong></span> <span class='ocrx_word' id='word_1_844' title='bbox 3190 5255 3323 5309; x_wconf 86' lang='lat' dir='ltr'><strong>dicit</strong></span> <span class='ocrx_word' id='word_1_845' title='bbox 3353 5253 3650 5322; x_wconf 88' lang='lat' dir='ltr'><strong>Dominus;</strong></span> 
     </span>
    </p>
   </div>
   <div class='ocr_carea' id='block_1_114' title="bbox 2079 5344 3652 5415">
    <p class='ocr_par' dir='ltr' id='par_1_114' title="bbox 2079 5344 3652 5415">
     <span class='ocr_line' id='line_1_114' title="bbox 2079 5344 3652 5415; baseline 0.003 -17"><span class='ocrx_word' id='word_1_846' title='bbox 2079 5354 2436 5399; x_wconf 89' lang='lat' dir='ltr'><strong>verumtamen</strong></span> <span class='ocrx_word' id='word_1_847' title='bbox 2467 5358 2600 5415; x_wconf 90' lang='lat' dir='ltr'><strong>unge</strong></span> <span class='ocrx_word' id='word_1_848' title='bbox 2629 5345 2738 5399; x_wconf 87' lang='lat' dir='ltr'><strong>illis</strong></span> <span class='ocrx_word' id='word_1_849' title='bbox 2775 5344 2910 5400; x_wconf 91' lang='lat' dir='ltr'><strong>Saul</strong></span> <span class='ocrx_word' id='word_1_850' title='bbox 2937 5345 3108 5414; x_wconf 82' lang='lat' dir='ltr'><strong>filium</strong></span> <span class='ocrx_word' id='word_1_851' title='bbox 3141 5344 3231 5400; x_wconf 84' lang='lat' dir='ltr'><strong>Cis</strong></span> <span class='ocrx_word' id='word_1_852' title='bbox 3251 5346 3316 5402; x_wconf 72' lang='lat'><strong>‘°.</strong></span> <span class='ocrx_word' id='word_1_853' title='bbox 3346 5345 3461 5413; x_wconf 84' lang='lat' dir='ltr'><strong>Qua</strong></span> <span class='ocrx_word' id='word_1_854' title='bbox 3492 5346 3546 5400; x_wconf 89' lang='lat' dir='ltr'><strong>in</strong></span> <span class='ocrx_word' id='word_1_855' title='bbox 3594 5363 3652 5402; x_wconf 88' lang='lat' dir='ltr'><strong>re</strong></span> 
     </span>
    </p>
   </div>
   <div class='ocr_carea' id='block_1_115' title="bbox 2081 5432 3650 5507">
    <p class='ocr_par' dir='ltr' id='par_1_115' title="bbox 2081 5432 3650 5507">
     <span class='ocr_line' id='line_1_115' title="bbox 2081 5432 3650 5507; baseline 0 -17"><span class='ocrx_word' id='word_1_856' title='bbox 2081 5433 2306 5505; x_wconf 89' lang='lat' dir='ltr'><strong>perinde</strong></span> <span class='ocrx_word' id='word_1_857' title='bbox 2337 5448 2395 5487; x_wconf 91' lang='lat' dir='ltr'><strong>se</strong></span> <span class='ocrx_word' id='word_1_858' title='bbox 2425 5432 2571 5490; x_wconf 91' lang='lat' dir='ltr'><strong>Deus</strong></span> <span class='ocrx_word' id='word_1_859' title='bbox 2602 5448 2728 5504; x_wconf 78' lang='lat' dir='ltr'><strong>erga</strong></span> <span class='ocrx_word' id='word_1_860' title='bbox 2760 5436 2884 5492; x_wconf 87' lang='lat' dir='ltr'><strong>illos</strong></span> <span class='ocrx_word' id='word_1_861' title='bbox 2914 5450 2978 5489; x_wconf 89' lang='lat' dir='ltr'><strong>ac</strong></span> <span class='ocrx_word' id='word_1_862' title='bbox 3004 5437 3263 5506; x_wconf 86' lang='lat' dir='ltr'><strong>puerulos</strong></span> <span class='ocrx_word' id='word_1_863' title='bbox 3298 5438 3456 5507; x_wconf 89' lang='lat' dir='ltr'><strong>gerit,</strong></span> <span class='ocrx_word' id='word_1_864' title='bbox 3485 5448 3543 5492; x_wconf 92' lang='lat' dir='ltr'><strong>ut</strong></span> <span class='ocrx_word' id='word_1_865' title='bbox 3572 5439 3650 5491; x_wconf 86' lang='lat' dir='ltr'><strong>in-</strong></span> 
     </span>
    </p>
   </div>
   <div class='ocr_carea' id='block_1_116' title="bbox 2081 5526 3650 5601">
    <p class='ocr_par' dir='ltr' id='par_1_116' title="bbox 2081 5526 3650 5601">
     <span class='ocr_line' id='line_1_116' title="bbox 2081 5526 3650 5601; baseline 0.001 -19"><span class='ocrx_word' id='word_1_866' title='bbox 2081 5527 2364 5582; x_wconf 74' lang='lat' dir='ltr'><strong>ﬁrmorUm</strong></span> <span class='ocrx_word' id='word_1_867' title='bbox 2398 5526 2825 5584; x_wconf 89' lang='lat' dir='ltr'><strong>imbecillitatem</strong></span> <span class='ocrx_word' id='word_1_868' title='bbox 2855 5527 3146 5596; x_wconf 89' lang='lat' dir='ltr'><strong>sustineat,</strong></span> <span class='ocrx_word' id='word_1_869' title='bbox 3188 5543 3251 5583; x_wconf 91' lang='lat' dir='ltr'><strong>ac</strong></span> <span class='ocrx_word' id='word_1_870' title='bbox 3281 5531 3362 5585; x_wconf 90' lang='lat' dir='ltr'><strong>sic</strong></span> <span class='ocrx_word' id='word_1_871' title='bbox 3393 5539 3650 5601; x_wconf 84' lang='lat' dir='ltr'><strong>tanquam</strong></span> 
     </span>
    </p>
   </div>
   <div class='ocr_carea' id='block_1_117' title="bbox 2527 5737 3634 5801">
    <p class='ocr_par' dir='ltr' id='par_1_117' title="bbox 2527 5737 3634 5801">
     <span class='ocr_line' id='line_1_117' title="bbox 2527 5737 3634 5801; baseline 0.007 -12"><span class='ocrx_word' id='word_1_872' title='bbox 2527 5737 2546 5769; x_wconf 80' lang='lat'>&quot;</span> <span class='ocrx_word' id='word_1_873' title='bbox 2599 5737 2766 5794; x_wconf 81' lang='lat' dir='ltr'><strong>Amos</strong></span> <span class='ocrx_word' id='word_1_874' title='bbox 2861 5755 2914 5801; x_wconf 92' lang='lat' dir='ltr'><strong>v,</strong></span> <span class='ocrx_word' id='word_1_875' title='bbox 2982 5739 3070 5792; x_wconf 77' lang='grc'><strong>25.</strong></span> <span class='ocrx_word' id='word_1_876' title='bbox 3178 5741 3199 5771; x_wconf 79' lang='grc'>⁸</span> <span class='ocrx_word' id='word_1_877' title='bbox 3251 5739 3363 5794; x_wconf 84' lang='lat' dir='ltr'><strong>Jcr.</strong></span> <span class='ocrx_word' id='word_1_878' title='bbox 3428 5757 3502 5800; x_wconf 76' lang='lat' dir='ltr'><strong>vr.</strong></span> <span class='ocrx_word' id='word_1_879' title='bbox 3561 5743 3634 5799; x_wconf 73' lang='lat'><strong>‘20,</strong></span> 
     </span>
    </p>
   </div>
   <div class='ocr_carea' id='block_1_118' title="bbox 406 5794 3627 5882">
    <p class='ocr_par' dir='ltr' id='par_1_118' title="bbox 406 5794 3627 5882">
     <span class='ocr_line' id='line_1_118' title="bbox 406 5794 3627 5882; baseline 0.005 -32"><span class='ocrx_word' id='word_1_880' title='bbox 406 5797 427 5829; x_wconf 77' lang='grc'>⁸</span> <span class='ocrx_word' id='word_1_881' title='bbox 458 5794 603 5852; x_wconf 83' lang='lat' dir='ltr'><strong>Psal.</strong></span> <span class='ocrx_word' id='word_1_882' title='bbox 638 5811 790 5863; x_wconf 74' lang='lat' dir='ltr'><strong>nix,</strong></span> <span class='ocrx_word' id='word_1_883' title='bbox 831 5797 917 5857; x_wconf 63' lang='lat'><strong>1,5.</strong></span> <span class='ocrx_word' id='word_1_884' title='bbox 995 5794 1014 5830; x_wconf 77' lang='grc'><strong>⁷</strong></span> <span class='ocrx_word' id='word_1_885' title='bbox 1049 5800 1214 5854; x_wconf 83' lang='lat' dir='ltr'><strong>Amos</strong></span> <span class='ocrx_word' id='word_1_886' title='bbox 1242 5816 1292 5866; x_wconf 92' lang='lat' dir='ltr'><strong>v,</strong></span> <span class='ocrx_word' id='word_1_887' title='bbox 1332 5799 1435 5870; x_wconf 77' lang='lat'><strong>25;</strong></span> <span class='ocrx_word' id='word_1_888' title='bbox 1472 5799 1574 5856; x_wconf 87' lang='lat' dir='ltr'><strong>Isa.</strong></span> <span class='ocrx_word' id='word_1_889' title='bbox 1631 5794 1669 5869; x_wconf 56' lang='grc' dir='ltr'>ε,</span> <span class='ocrx_word' id='word_1_890' title='bbox 1719 5802 1783 5855; x_wconf 72' lang='lat'><strong>1&#39;2</strong></span> <span class='ocrx_word' id='word_1_891' title='bbox 1812 5817 1929 5873; x_wconf 82' lang='lat' dir='ltr'><strong>sqq.</strong></span> <span class='ocrx_word' id='word_1_892' title='bbox 2006 5805 2066 5860; x_wconf 75' lang='lat' dir='ltr'><strong>&#39;l</strong></span> <span class='ocrx_word' id='word_1_893' title='bbox 2094 5805 2224 5876; x_wconf 78' lang='lat' dir='ltr'><strong>Reg.</strong></span> <span class='ocrx_word' id='word_1_894' title='bbox 2270 5794 2347 5874; x_wconf 64' lang='lat' dir='ltr'><strong>lx,</strong></span> <span class='ocrx_word' id='word_1_895' title='bbox 2384 5805 2470 5862; x_wconf 81' lang='lat' dir='ltr'><strong>lﬁ.</strong></span> <span class='ocrx_word' id='word_1_896' title='bbox 2547 5808 2567 5839; x_wconf 71' lang='grc' dir='ltr'>θ</span> <span class='ocrx_word' id='word_1_897' title='bbox 2601 5806 2729 5862; x_wconf 86' lang='lat' dir='ltr'><strong>Ose.</strong></span> <span class='ocrx_word' id='word_1_898' title='bbox 2771 5794 2966 5874; x_wconf 31' lang='lat' dir='ltr'><strong>vulpi.</strong></span> <span class='ocrx_word' id='word_1_899' title='bbox 3045 5811 3087 5842; x_wconf 86' lang='grc'><strong>¹⁰</strong></span> <span class='ocrx_word' id='word_1_900' title='bbox 3127 5808 3305 5882; x_wconf 81' lang='lat' dir='ltr'><strong>lReg.</strong></span> <span class='ocrx_word' id='word_1_901' title='bbox 3341 5794 3507 5879; x_wconf 77' lang='lat' dir='ltr'><strong>vtu,&#39;l</strong></span> <span class='ocrx_word' id='word_1_902' title='bbox 3529 5794 3627 5882; x_wconf 77' lang='lat' dir='ltr'><strong>sqq</strong></span> 
     </span>
    </p>
   </div>
  </div>
