4076 6392
397 371 499 424 14⁸5

1806 375 1862 429 S.
1900 369 2236 426 EPIPHANII

3537 376 3640 432 ΗΔ

395 486 658 541 infantem
689 486 742 541 in
775 487 860 544 illa
885 504 980 542 sua
1009 489 1371 544 teneritudine
1392 491 1742 560 permulceat.
1771 491 1966 546 Postea

2082 483 2601 556 γυντετριμμένον·
2667 485 2917 553 καρδίαν
2973 488 3487 557 συντετριμμένην
3542 490 3641 542 καὶ

399 594 544 641 vero,
571 579 714 647 quod
759 595 1029 633 summum
1065 596 1127 635 ac
1160 581 1618 652 perfectissimum
1649 591 1733 637 est
1763 597 1963 653 propo-

396 673 517 728 nit:
583 673 923 742 Sacriﬁcium
975 673 1083 727 Deo
1135 674 1349 742 spiritus
1400 673 1817 734 contribulatus;
1871 689 1964 725 cor

394 767 674 816 contritum
698 774 745 816 et
777 763 1111 816 humiliatum
1143 762 1274 816 Deus
1305 781 1408 817 non
1439 763 1683 832 despiciet
1712 764 1750 818 ¹.
1802 761 1964 817 Item:

2071 580 2581 649 τεταπεινωμένην
2623 582 2655 632 ὀ
2702 579 2846 645 Θεὸς
2885 582 2998 634 οὐκ
3049 578 3445 644 ἐξουδενώσέι
3467 598 3479 610 ·
3523 581 3642 645 καὶ,

2073 675 2306 727 Θύσατε
2339 671 2419 737 τῷ
2463 669 2584 736 Θεῷ
2620 671 2842 725 θυσίαν
2883 671 3204 740 αἰνέσεως·
3247 673 3343 726 καὶ
3385 675 3488 727 ὅσα
3526 673 3641 727 ἔστι

2072 783 2139 817 πε
2145 766 2201 836 pl.
2227 765 2414 819 τούτου
2450 766 2650 834 λέγειν.

394 853 679 908 Immolate
715 853 823 907 Deo
859 855 1180 922 sacriﬁcium
1213 855 1386 908 laudis
1411 856 1430 884 ²
1473 875 1486 908 :
1525 863 1579 907 et
1625 870 1963 924 quzecunque
2002 855 2106 909 alia
2141 857 2209 910 de
2235 872 2298 911 ea
2333 873 2394 911 re
2425 865 2657 927 possunt
2687 857 2890 914 aﬂ'erri.

467 946 673 1001 LXXll.
712 946 913 1000 Deinde
973 950 1055 1001 vel
1090 945 1274 1002 Manes
1303 947 1417 1017 ipse
1449 949 1761 1009 conﬁtetur,
1794 945 1964 1002 Deum

395 1040 544 1093 illum
567 1039 635 1093 de
655 1039 873 1092 Christo
897 1040 1225 1094 mentionem
1255 1039 1433 1095 facere
1455 1040 1711 1094 voluisse.
1735 1041 1966 1110 Magnus

396 1133 541 1187 enim
571 1147 757 1187 revera
794 1131 882 1186 ille
922 1131 1045 1195 fuit,
1095 1132 1189 1203 qui
1232 1131 1286 1186 in
1323 1132 1439 1203 lege
1486 1132 1702 1186 loeutus
1735 1141 1841 1195 est,
1873 1132 1967 1202 qui

397 1222 584 1278 futura
615 1232 741 1278 ante
775 1223 1020 1292 pra-vidit
1079 1237 1144 1278 ac
1174 1223 1452 1291 praedixit.
1512 1222 1648 1276 Nam
1695 1223 1739 1276 si
1785 1221 1968 1276 futura

395 1318 586 1380 novit,
629 1316 792 1387 693
821 1315 1176 1385 prwscientiaa
1211 1330 1407 1385 expers
1441 1330 1550 1368 non
1589 1314 1711 1378 fuit,
1757 1315 1970 1384 eritque

396 1410 566 1469 Deus.
593 1408 686 1477 qui
713 1408 1021 1462 futurorum
1046 1405 1358 1476 cognitione
1387 1405 1643 1476 praeditus
1660 1412 1760 1460 est.
1797 1402 1969 1458 Porro

399 1503 522 1557 ideo
553 1501 644 1555 illa
677 1500 922 1568 scripsit,
970 1507 1029 1552 ut
1074 1497 1368 1568 aliquando
1402 1499 1815 1568 contingerent:
1849 1511 1970 1566 qua"

399 1599 446 1652 si
489 1595 762 1651 contraria
798 1593 900 1662 ipsi
935 1592 1139 1654 forent,
1187 1591 1268 1646 sic
1299 1591 1366 1646 de
1395 1591 1502 1646 illis
1548 1591 1712 1645 scribi
1767 1589 1973 1644 voluis-

400 1697 504 1754 set,
539 1696 596 1741 ut
620 1693 887 1740 everteret
915 1700 979 1738 ac
1007 1684 1336 1746 destrueret,
1369 1699 1438 1738 ne
1465 1682 1783 1752 persuaderi
1813 1681 1971 1735 nobis

401 1788 646 1851 possent.
705 1776 861 1832 Nunc
919 1792 1042 1831 cum
1098 1791 1161 1830 ea
1199 1769 1543 1830 commendet
1583 1775 1699 1844 ipsa
1746 1789 1868 1844 quae
1914 1774 1971 1826 in

2141 949 2258 1004 OB'.
2301 945 2436 1004 Εἶτά
2473 967 2636 1021 φησιν
2681 952 2710 1004 6
2755 949 2915 1014 αὐτὸς
2950 949 3140 1021 Μάνης
3165 967 3178 979 ·
3227 950 3484 1023 Ἠθέλησε
3519 957 3646 1024 περὶ

2070 1041 2308 1114 Χριστοῦ
2335 1043 2492 1110 λόγον
2513 1042 2792 1097 ἐκθέσθαι.
2831 1043 2889 1095 '0
2911 1041 3150 1112 λαλήσας
3181 1042 3288 1113 γὰρ
3315 1044 3373 1098 ὲν
3397 1043 3476 1114 τῷ
3498 1045 3645 1115 νόμῳ

2074 1134 2245 1204 μέγας
2276 1133 2512 1204 ἀληθῶς,
2546 1136 2574 1188 6
2602 1133 2892 1204 ἐκθέμενος
2918 1133 3011 1185 καὶ
3046 1132 3177 1204 περὶ
3205 1132 3313 1185 τῶν
3335 1133 3646 1204 μελλόντων

2071 1226 2375 1294 γινώσκων.
2427 1228 2490 1280 Et
2528 1226 2636 1298 γὰρ
2673 1221 2781 1279 οἶδε
2819 1226 2889 1279 τὰ
2936 1226 3219 1297 μέλλοντα,
3267 1227 3369 1280 οὐκ
3419 1227 3644 1299 ἄμοιρός

2073 1319 2189 1371 ἐστι
2216 1317 2596 1391 προγνώσεως,
2616 1318 2751 1372 ἀλλὰ
2776 1317 2911 1380 Θεός
2938 1321 3054 1372 ἐστι
3083 1319 3153 1373 τά
3181 1318 3444 1388 μέλλοντα
3467 1319 3644 1382 εἰδώς.

2077 1413 2323 1483 Ἔγραψε
2356 1413 2413 1466 δὲ
2435 1411 2608 1478 αὐτὰ,
2646 1412 2731 1465 ἵνα
2761 1411 3005 1480 γένηται.
3045 1411 3107 1464 Εἰ
3141 1412 3197 1464 δὲ
3241 1412 3459 1466 ἐναντία
3501 1412 3648 1482 αὐτῴ

2075 1504 2349 1575 ὑπῆρχεν,
2379 1503 2586 1574 ἔγραφε
2637 1504 2752 1574 μὲν
2779 1504 2907 1573 περὶ
2955 1503 3153 1568 αὐτῶν,
3196 1503 3351 1557 ἔλυσε
3399 1504 3458 1557 δὲ
3485 1505 3646 1566 αὐτὰ,

2075 1596 2161 1649 ἵνα
2201 1598 2274 1667 μὴ
2308 1597 2492 1660 αὐτοῖς
2539 1595 2870 1666 πεισθῶμεν.
2934 1597 3124 1650 Ὁπότε
3157 1596 3214 1649 δὲ
3268 1595 3548 1667 συνίστησι
3581 1597 3648 1648 τὰ

2079 1689 2340 1760 μέλλοντα
2369 1691 2446 1752 εἰς
2477 1690 2709 1761 Χριστὸν
2739 1688 3094 1753 τελειοῦσθαι,
3139 1688 3270 1742 αὐτὸ
3311 1688 3419 1758 ἄρα
3444 1688 3561 1741 ἐστὶ
3589 1689 3651 1741 τὸ

2076 1780 2300 1852 Πνεῦμα
2329 1781 2391 1834 τὸ
2418 1781 2654 1852 λαλῆσαν
2687 1784 2744 1835 ὲν
2773 1783 2942 1853 νόμῳ,
2975 1782 3070 1835 καὶ
3100 1784 3158 1835 ὲν
3194 1781 3528 1852 προφήταις,
3556 1781 3650 1833 καὶ

400 1875 623 1928 Christo
653 1869 982 1942 perﬁcienda
1004 1875 1181 1934 erant,
1198 1881 1310 1921 non
1339 1865 1560 1921 dubium
1587 1875 1690 1930 est,
1722 1865 1974 1920 eumdem

2082 1876 2136 1928 ὲν
2175 1873 2491 1944 Εὑαγγελῐῳ
2513 1891 2525 1904 ο
2572 1875 2670 1944 μία
2705 1876 2812 1947 γάρ
2846 1876 2992 1928 ἐστιν
3037 1875 3070 1944 ἡ
3110 1873 3434 1944 συμφωνία,
3464 1872 3540 1936 ὡς
3564 1871 3652 1926 διὰ

402 1971 556 2025 illum
584 1982 706 2023 esse
731 1965 996 2036 Spiritum
1028 1963 1195 2033 quiin
1216 1963 1352 2033 lege,
1387 1977 1451 2015 ac
1475 1961 1774 2031 prephetis,
1799 1959 1976 2014 Evan-

401 2061 652 2131 gelioque
698 2055 832 2111 adeo
879 2057 951 2110 sit
997 2054 1236 2119 locutus,
1270 2051 1709 2122 quandoquidem
1757 2066 1864 2105 una
1891 2056 1976 2106 est

402 2151 646 2204 omnium
677 2145 990 2201 concordia.
1024 2143 1180 2210 Quod
1211 2157 1241 2195 a
1273 2140 1454 2212 Moyse
1483 2155 1700 2210 quoque
1729 2138 1970 2194 deelapa-

404 2254 516 2298 tum
545 2253 628 2298 est
656 2260 670 2296 :
706 2239 1043 2308 Prophetam,
1075 2236 1172 2300 ait,
1196 2251 1223 2288 e
1246 2233 1502 2303 fratribus
1533 2233 1718 2286 vestris
1745 2232 1976 2285 suscita-

405 2337 477 2390 bit
505 2335 762 2388 Dominus
781 2333 819 2385 ³.
854 2330 964 2384 lmo
983 2336 1037 2384 et
1057 2326 1322 2382 Dominus
1340 2326 1456 2396 ipse
1476 2341 1488 2375 :
1525 2323 1752 2394 Moyses,
1777 2323 1974 2393 inquit,

403 2430 468 2484 de
511 2445 591 2482 me
637 2424 910 2495 scripsit‘.
963 2421 1067 2488 Qui
1114 2418 1334 2490 quidem
1385 2417 1601 2487 Moyses
1648 2417 1722 2469 ita
1771 2415 1973 2485 pergit:

407 2522 591 2577 Omnis
627 2519 805 2573 anima
824 2531 939 2585 qua:
971 2529 1074 2568 non
1097 2510 1327 2564 audierit
1351 2509 1657 2577 prophetam
1680 2509 1852 2572 illum,
1885 2521 1978 2560 ea:-

409 2610 780 2668 terminabitur
796 2609 839 2660 ⁸.
869 2609 1003 2660 Item
1027 2603 1326 2659 Dominus:
1357 2601 1416 2656 Si
1439 2600 1641 2671 Moysis
1661 2601 1852 2654 litteris
1876 2616 1980 2653 non

406 2701 663 2764 creditis,
729 2696 988 2769 quomodo
1040 2709 1305 2748 sermones
1355 2709 1495 2747 meos
1542 2691 1767 2746 audietis
1807 2691 1868 2745 ‘7
1900 2689 1979 2746 Ita

404 2793 612 2846 veritas
643 2789 792 2844 omni
827 2804 892 2844 ex
947 2795 1099 2858 parte
1144 2784 1425 2856 splendida
1468 2798 1532 2837 ac
1599 2797 1750 2854 rugae
1783 2797 1979 2851 expers

408 2889 651 2956 apparet.

476 2971 712 3027 LXXlll.
762 2970 977 3026 Atenim
1017 2967 1349 3023 Manichacus
1378 2965 1787 3022 Testamentum
1848 2965 1980 3038 legis

406 3065 600 3121 mortis
633 3079 757 3120 esse
792 3068 1180 3118 testamentum
1230 3058 1460 3126 asserit,
1491 3058 1638 3128 quod
1685 3056 1980 3126 Apostolus

407 3156 642 3213 uixerit:
680 3154 832 3222 Quod
883 3154 930 3207 si
963 3161 1332 3207 testamentum
1379 3150 1564 3204 mortis
1607 3150 1660 3204 in
1683 3149 1872 3203 litteris
1898 3152 1981 3202 in—

2075 1965 2355 2029 Μωῦσέως
2394 1964 2538 2034 λέγει
2559 1983 2572 1995 ο
2605 1965 2926 2035 Προφήτην
2951 1964 3094 2033 ὑμῖν
3113 1965 3183 2018 ἐκ
3227 1965 3346 2018 τῶν
3372 1962 3652 2034 ἀδελφῶν

2075 2053 2242 2124 ὑμῶν
2278 2055 2469 2124 ἐγερεῖ
2510 2057 2745 2122 Κύριος.
2798 2057 2908 2109 Καὶ
2952 2056 3114 2109 πάλιν
3151 2058 3180 2109 6
3233 2055 3436 2126 Κύριος
3473 2054 3648 2123 λέγει⁹

2076 2143 2337 2213 Μωῦσῆς
2373 2147 2503 2213 περὶ
2531 2147 2677 2216 ἐμοῦ
2716 2146 2998 2216 ἔγραψεν.
3049 2147 3106 2200 Ὁ
3129 2147 3185 2201 δὲ
3209 2147 3446 2217 Μωῦσῆς
3487 2163 3648 2216 φησι·

2077 2236 2250 2291 Πᾶσα
2271 2237 2465 2307 ψυχὴ,
2509 2238 2640 2306 ἥτις
2673 2241 2782 2292 οὐκ
2823 2240 3144 2293 ἀκούσεται
3197 2237 3304 2292 τοῦ
3345 2238 3653 2307 προφήτου

2075 2328 2334 2392 ἐκείνου,
2374 2329 2946 2399 ἐξολοθρευθήσεται
2967 2348 2980 2361 ο
3031 2330 3127 2383 καὶ
3155 2330 3314 2386 πάλιν
3342 2333 3371 2384 6
3405 2331 3609 2402 Κύριος
3636 2346 3649 2359 ·

2079 2421 2149 2473 Et
2177 2419 2300 2486 τοῖς
2328 2421 2623 2486 Μωῢσέως
2657 2421 2997 2491 γράμμασιν
3036 2424 3108 2476 οὐ
3144 2423 3488 2488 πιστεύετε,
3527 2421 3654 2488 πῶς

2080 2508 2158 2562 ἂν
2189 2509 2331 2575 τοὺς
2365 2511 2544 2579 ἐμοὺς
2575 2513 2796 2581 λόγους
2819 2513 3146 2578 ἀκούσετε;
3176 2515 3286 2567 Καὶ
3315 2513 3655 2585 πανταχόθεν

2081 2601 2332 2669 φαίνεται
2359 2602 2636 2674 ήάλήθεια
2671 2606 2901 2676 φωτεινή
2932 2623 3016 2669 τις
3045 2600 3201 2672 οὖσα,
3235 2605 3329 2658 καὶ
3357 2604 3431 2677 μὴ
3455 2604 3654 2676 ἔχουσα

2083 2695 2290 2766 ῥυτίδα.

2153 2949 2270 3004 ΟΓ¹.
2307 2949 2546 3004 Θανάτου
2588 2951 2645 3004 δὲ
2670 2950 2832 3005 πάλιν
2866 2949 3106 3022 ὁρίζεται
3141 2953 3239 3022 τὴν
3259 2952 3529 3024 Διαθήκήν
3561 2937 3655 3006 τοῦ

2082 3040 2268 3112 νόμου,
2301 3041 2387 3095 διὰ
2419 3043 2480 3095 τὸ
2515 3043 2795 3114 εἰρηκέναι
2823 3042 2913 3095 τὸν
2957 3043 3275 3098 Ἀπόστολον
3295 3061 3308 3072 ο
3345 3048 3414 3098 El
3442 3045 3511 3098 δὲ
3532 3045 3656 3100 δια-

2085 3133 2238 3201 θήκη
2269 3133 2376 3188 τοῦ
2413 3132 2671 3188 θανάτου
2708 3135 2778 3187 ἐν
2807 3135 3164 3205 γράμμασιν,
3201 3135 3656 3208 ἐντετυπωμένη

408 3213 976 3316 sculptumwlapidibus
1001 3282 1017 3307 ,
1056 3231 1346 3313 gloriosum
1380 3241 1484 3310 fuit
1517 3242 1559 3294 ".
1592 3239 1702 3294 Nec
1735 3255 1817 3294 eo
1848 3255 1977 3294 con-

2083 3227 2292 3293 λίθοις,
2321 3225 2574 3296 ἐγενήθη
2598 3227 2668 3280 ἐν
2704 3227 2872 3297 δόξῃ.
2907 3228 3016 3281 Καὶ
3037 3230 3097 3281 οὐ
3132 3229 3290 3299 μόνον
3319 3229 3476 3283 τοῦτο
3507 3225 3659 3284 εἶπεν

406 3342 556 3388 tenta
592 3331 876 3402 Scriptura
903 3371 917 3393 ,
959 3331 1091 3386 illud
1139 3332 1360 3399 insuper
1405 3329 1636 3400 adjecit:
1675 3327 1786 3382 Lex
1836 3329 1981 3397 justo

409 3442 512 3478 non
539 3425 818 3503 estposita
847 3464 862 3486 ,
897 3421 987 3476 sed
1014 3423 1313 3490 patricidis,
1340 3436 1388 3476 et
1414 3421 1710 3475 matricidis
1729 3459 1744 3484 ,
1786 3430 1834 3474 et
1864 3437 1983 3489 per-

405 3518 542 3584 iuris
570 3556 584 3580 ,
612 3512 668 3574 ἐἰ
703 3517 749 3568 si
773 3516 898 3585 quid
932 3515 1079 3568 aliud
1119 3515 1447 3568 contrarium
1484 3523 1560 3568 est
1592 3530 1738 3567 sana:
1785 3512 1984 3566 doctri-

343 3612 348 3618 '
408 3621 490 3658 na’
523 3593 731 3660 “.‘Cum
777 3605 943 3674 igitur
997 3605 1081 3658 lex
1131 3603 1282 3672 justo
1323 3604 1497 3673 posita
1551 3619 1659 3656 non
1716 3603 1821 3666 sit,
1854 3617 1984 3655 num

409 3697 708 3752 sceleratus
747 3704 909 3764 atque
941 3697 1097 3750 exlex
1127 3693 1391 3750 dicendus
1417 3694 1540 3750 est?
1585 3694 1804 3749 Minime
1835 3709 1981 3749 vero.

413 3782 518 3839 Sed
549 3784 806 3854 quoniam
830 3784 1012 3852 justus
1045 3799 1165 3853 quae
1192 3784 1308 3853 lege
1349 3784 1663 3853 prmscripta
1697 3791 1856 3850 sunt,
1906 3782 1987 3836 fa-

409 3892 534 3932 cere
583 3876 905 3943 antevertit,
935 3875 1200 3931 adversus
1231 3876 1378 3930 hunc
1433 3892 1541 3930 non
1580 3885 1666 3932 est
1689 3865 1986 3931 constituta

409 3969 514 4034 lex,
543 3968 636 4039 qui
665 3967 834 4037 legem
866 3967 1212 4032 observavit;
1243 3967 1338 4021 sed
1375 3966 1638 4023 adversus
1662 3982 1758 4022 eos
1793 3965 1986 4022 decer-

409 4061 558 4116 nitur
591 4098 604 4121 ,
659 4060 755 4129 qui
813 4045 1037 4115 sceleris
1072 4059 1278 4130 aliquid
1325 4059 1746 4124 commiserint,
1792 4059 1861 4114 ad
1892 4047 1987 4116 eos

407 4152 732 4222 iudicandos
762 4191 776 4216 ,
811 4151 905 4222 qui
962 4159 1155 4206 contra
1207 4152 1378 4223 legem
1419 4152 1778 4222 peccaverint.
1811 4151 1988 4221 Atque

407 4244 513 4299 hoc
544 4243 704 4297 modo
736 4259 852 4299 sese
870 4242 1272 4298 Testamentum
1304 4241 1473 4299 Vetus
1506 4243 1730 4297 habuit:
1765 4242 1909 4313 quod
1933 4247 1987 4297 e't

409 4334 740 4390 homicidam
773 4335 1048 4401 interﬁci,
1082 4345 1137 4391 et
1190 4336 1494 4390 adulterum
1534 4334 1760 4406 perinde
1813 4343 1988 4389 morte

410 4430 682 4491 damnari,
717 4444 780 4482 ac
802 4429 936 4499 legis
969 4428 1287 4484 violatorem
1317 4427 1589 4498 lapidibus
1633 4426 1793 4482 obrui
1846 4441 1986 4496 pree-
2031 4411 2044 4423 ’

2085 3319 2118 3389 ή
2153 3317 2271 3371 θεία
2307 3318 2496 3391 Γραφὴ
2521 3360 2534 3384 ,
2584 3319 2844 3384 ἀλλ’ὅτι,
2873 3320 2936 3372 '0
2974 3322 3158 3390 νόμος
3195 3319 3402 3388 δικαίῳ
3433 3323 3506 3375 οὐ
3538 3321 3658 3374 κεῖ-

2084 3425 2210 3471 ται,
2265 3410 2426 3463 ἀλλὰ
2473 3412 2854 3478 πατρολοίαις
2879 3451 2892 3475 ,
2945 3412 3043 3464 καὶ
3087 3413 3472 3480 μητρολοίαις
3495 3453 3510 3476 ,
3559 3414 3658 3466 καὶ

2084 3501 2382 3570 ἐπιόρκοις
2402 3544 2414 3568 ,
2452 3503 2549 3556 καὶ
2573 3503 2629 3557 εἷ
2655 3521 2708 3556 τι
2737 3505 3055 3558 ἀντίκειται
3079 3502 3154 3570 τῇ
3185 3506 3543 3574 ὑγιαινούσῃ
3575 3504 3663 3556 δι-

2085 3592 2406 3661 δασκαλίᾳ.
2477 3597 2622 3648 Ἐπεὶ
2675 3592 2767 3650 οὖν
2815 3597 2843 3647 6
2893 3595 3056 3666 νόμος
3101 3597 3294 3667 δικαίῳ
3344 3597 3404 3648 οὐ
3460 3601 3658 3659 κεῖται,

2088 3688 2402 3758 παράνομος
2431 3683 2540 3759 ἆρά
2578 3689 2724 3741 ἐστιν
2769 3688 2797 3739 6
2825 3687 3064 3752 δίκαιος;
3094 3687 3186 3758 Μὴ
3219 3687 3429 3756 γένοιτο
3462 3691 3474 3741 !
3521 3689 3660 3742 Ἀλλ’

2086 3779 2271 3850 ἐπειδὴ
2306 3779 2603 3852 προέλαϐεν
2630 3784 2657 3834 6
2682 3781 2886 3844 δίκαιος
2905 3781 2974 3834 τά
2993 3783 3084 3835 τοῦ
3111 3781 3277 3850 νόμου
3297 3781 3529 3843 τελέσαι,
3560 3784 3661 3836 οὐκ

2087 3871 2201 3924 ἐστι
2228 3871 2390 3942 νόμος
2420 3874 2559 3928 κατά
2580 3873 2785 3928 δικαίου
2815 3875 2908 3928 τοῦ
2940 3878 3302 3946 πεποιηκότος
3334 3880 3425 3934 τὸν
3462 3882 3625 3952 νόμον
3646 3901 3658 3912 ’

2087 3955 2272 4044 κείτῷε,
2311 3964 2366 4016 δὲ
2409 3965 2548 4018 κατά
2580 3965 2685 4017 τῶν
2713 3967 3102 4037 ήνομηκότων,
3135 3969 3368 4034 δικάζων
3400 3973 3524 4036 τοὺς
3559 3991 3662 4026 πα-

2089 4057 2521 4138 ρανομήσαντας.
2571 4057 2755 4121 Οὕτως
2803 4055 2895 4112 οὖν
2939 4063 2972 4130 ἡ
3014 4060 3276 4134 Διαθήκη.
3329 4065 3521 4134 Ἔλεγε
3554 4066 3661 4138 γὰρ

2085 4147 2176 4199 τὸν
2202 4149 2368 4216 φονέα
2393 4149 2730 4218 φονεύεσθαι,
2766 4152 2859 4202 καὶ
2887 4153 2978 4205 τὸν
3011 4154 3195 4224 μοιχὸν
3223 4155 3660 4221 ἀποκτείνεσθαι,

2087 4241 2182 4294 καὶ
2215 4234 2305 4294 τὸν
2356 4243 2819 4320 παρανομήσαντα
2857 4243 3267 4302 λιθοδολεῖσθαι.
3322 4249 3566 4318 Ἐγένετο
3605 4251 3662 4304 δὲ

2087 4331 2145 4385 ὲν
2188 4332 2334 4404 δόξῃ.
2371 4331 2591 4404 Μεγάλη
2644 4334 2752 4404 γὰρ
2786 4336 2999 4403 ἐγένετο
3029 4340 3062 4408 ή
3114 4338 3320 4409 ταύτης
3349 4341 3496 4407 δόξα.
3544 4344 3663 4394 Πε-
3751 4395 3760 4402 ,

2090 4424 2415 4496 ριεκράτησε
2445 4426 2551 4498 γὰρ
2585 4426 2681 4497 τῆς
2727 4426 2883 4496 δόξης
2925 4428 3034 4481 τῶν
3079 4429 3382 4502 ἀνθρώπων
3424 4433 3532 4485 ἀπὺ
3563 4434 3663 4504 τῆς

407 4531 647 4594 ceperat.
670 4522 810 4578 Idem
845 4536 1007 4592 porro
1037 4520 1379 4592 splendorem
1424 4535 1489 4575 ac
1514 4520 1744 4590 gloriam
1774 4519 1980 4583 habuit,

2090 4517 2226 4588 πρὸς
2258 4515 2519 4588 ἀλλήλους
2547 4519 2759 4582 ἀδικίας
2780 4559 2794 4582 ,
2831 4523 2888 4571 ὲν
2924 4521 3058 4589 φωτὶ
3091 4520 3282 4574 στόλου
3327 4522 3438 4593 πῦρ
3463 4542 3664 4577 τυπου-

407 4627 461 4670 et
505 4616 722 4686 quidem
781 4629 889 4668 non
942 4613 1290 4668 mediocrem.
1344 4610 1586 4666 Gloriam
1638 4613 1783 4666 enim
1845 4610 1980 4665 inter

2093 4609 2261 4679 μένη,
2293 4611 2349 4664 ὲν
2391 4609 2644 4678 σάλπιγξι
2677 4609 2933 4682 φοϐεραῖς
2971 4611 3230 4681 ἡκούσαις
3279 4613 3443 4682 μέγα,
3478 4615 3572 4668 καὶ
3604 4616 3664 4669 ὲν

411 4706 658 4760 homines
720 4705 792 4760 ob
844 4710 1062 4760 mutuas
1116 4703 1329 4759 illorum
1380 4703 1610 4772 injurias
1665 4703 1981 4772 promeruit.

409 4798 567 4866 Quod
620 4798 775 4867 ignea
819 4797 876 4850 in
906 4795 1159 4850 columna
1198 4795 1460 4850 traditum
1483 4834 1498 4858 ,
1546 4803 1601 4849 et
1633 4793 1985 4848 informatum

410 4900 532 4956 est,
568 4888 713 4942 tubis
766 4886 1058 4941 vehemens
1089 4884 1346 4955 quiddam
1399 4884 1840 4954 horrendumque
1863 4900 1987 4955 per-

410 4979 812 5050 strepentibus;
845 4977 900 5030 in
933 4977 1286 5032 tabernaculo
1317 4976 1636 5040 testimonii,
1667 4977 1988 5046 reliquaque

409 5072 556 5126 omni
575 5071 744 5142 gloria
769 5109 783 5134 ,
825 5085 945 5140 qua:
971 5068 1244 5138 praecipua
1280 5076 1398 5122 tum
1434 5068 1661 5122 exstitit.
1689 5066 2014 5137 Oportebat

408 5163 550 5218 enim
597 5163 790 5234 praeire
817 5169 1201 5217 testamentum
1225 5161 1419 5214 mortis
1442 5199 1457 5226 ,
1491 5169 1552 5214 ut
1585 5175 1708 5215 cum
1760 5161 1986 5228 peccatis

409 5271 635 5310 essemus
674 5255 906 5318 mortui,
949 5253 1179 5324 justitia:
1227 5254 1510 5306 viveremus
1555 5253 1594 5304 ⁹.
1631 5250 1750 5318 Qua
1772 5253 1988 5308 ratione

410 5347 660 5404 Christus
683 5348 1023 5419 inﬁrmitates
1054 5354 1264 5400 nostras
1298 5345 1524 5413 portavit
1545 5346 1611 5408 ὀ,
1654 5345 1986 5416 morbosque

411 5441 681 5512 suscepit:
711 5456 830 5512 quae
858 5440 1040 5495 omnia
1069 5438 1286 5509 corpori
1313 5453 1414 5494 suo
1442 5437 1694 5506 imposita
1735 5437 1788 5491 in
1817 5453 1982 5492 cruce

412 5533 689 5599 sustinuit,
737 5541 796 5586 ut
840 5532 1078 5601 primum
1129 5545 1249 5600 quae
1283 5529 1349 5582 ad
1405 5536 1632 5582 mortem
1687 5530 1978 5597 pertinent,

487 5718 502 5748 ¹
542 5716 683 5770 Psal.
741 5731 790 5778 ιι,
821 5715 905 5769 19.

2091 4703 2260 4771 σκηνῇ
2290 4699 2385 4753 τοῦ
2419 4701 2718 4772 μαρτυρίου
2740 4741 2753 4763 ,
2789 4703 2882 4754 καὶ
2915 4704 2974 4755 ὲν
3003 4703 3210 4774 μεγάλῃ
3249 4703 3370 4756 τότε
3395 4706 3663 4775 γενομένῃ

2088 4793 2234 4868 δόξῃ.
2270 4793 2414 4847 Ἔδει
2441 4794 2548 4866 γάρ
2587 4796 2848 4865 προάγειν
2881 4795 2980 4865 τὴν
3007 4794 3267 4867 διαθήκην
3292 4795 3384 4848 τοῦ
3409 4795 3662 4862 θανάτου,

2090 4885 2176 4938 ἵνα
2210 4885 2426 4957 πρῶτον
2463 4887 2746 4950 θανόντες
2773 4886 2848 4953 τῇ
2884 4887 3136 4954 ἁμαρτίᾳ
3175 4885 3447 4955 ζήσωμεν
3476 4887 3552 4956 τῇ
3581 4887 3668 4942 διο

2090 4977 2388 5044 καιοσύνῃ
2408 4992 2422 5006 ο
2448 4975 2524 5040 ὡς
2561 4977 2794 5047 Χριστὸς
2834 4978 2940 5043 τὰς
2986 4977 3304 5042 ἀσθενείας
3339 4977 3510 5047 ἡμῶν
3534 4979 3666 5033 ἐϐά-

2091 5083 2303 5134 στασε,
2336 5068 2551 5132 καὶτὰς
2583 5069 2769 5132 νόσους
2793 5069 3074 5130 ἀνέλαϐεν,
3105 5069 3335 5138 ἐνέγκας
3359 5071 3535 5124 πάντα
3575 5072 3668 5124 ἐπὶ

2091 5161 2169 5232 τῷ
2203 5160 2413 5232 σώματι
2450 5163 2508 5214 ὲν
2540 5160 2618 5231 τῷ
2644 5160 2893 5231 σταυρῷ,
2927 5161 3014 5218 ἵνα
3043 5160 3257 5232 πρῶτον
3289 5160 3358 5215 τὰ
3383 5161 3478 5215 τοῦ
3513 5161 3667 5217 θανά·
3755 5156 3760 5163 ’

2090 5271 2217 5319 του,
2255 5253 2444 5308 ἔπειτα
2473 5253 2534 5305 τὸ
2571 5253 2668 5323 τῆς
2703 5251 2846 5323 ζωῆς
2889 5254 2948 5306 ἐν
2982 5253 3131 5324 αὐτῷ
3172 5253 3238 5306 δι’
3269 5254 3416 5324 ἡμᾶς
3446 5255 3667 5324 πληρω-

2087 5345 2334 5416 θήσεται.
2367 5343 2476 5396 Καὶ
2519 5343 2607 5396 διὰ
2630 5343 2788 5396 τοῦτο
2821 5343 3034 5414 πρῶτον
3062 5342 3429 5414 ἀποθνήσκει,
3458 5344 3544 5409 ἵνα
3573 5360 3667 5394 συ-

2092 5437 2388 5509 στήσῃτὴν
2419 5436 2514 5490 τοῦ
2547 5436 2774 5490 θανάτου
2804 5436 3101 5507 διαθήκην·
3139 5436 3329 5490 ἔπειτα
3364 5439 3427 5488 ἐκ
3459 5436 3668 5507 νεκρῶν

2091 5529 2385 5599 ἐγήγερται
2411 5567 2425 5591 ,
2461 5530 2546 5581 ἵνα
2585 5529 2692 5582 ἀπὸ
2717 5527 2874 5598 δόξης
2907 5531 2986 5592 εἰς
3018 5527 3175 5594 δόξαν
3201 5568 3215 5592 ,
3243 5526 3509 5596 καθάπερ
3550 5529 3666 5580 ἀπὸ

981 5717 1000 5800 ξ
1029 5714 1176 5800 Ιρὶιιι.
1220 5727 1366 5800 xux‘,
1399 5710 1482 5800 Ha.
1513 5785 1526 5800 I
1561 5709 1764 5800 :Deut.
1791 5728 1946 5800 XY‘III,
1975 5725 1980 5764 έ

2082 5785 2086 5800 Ι
2136 5711 2332 5766 ‘Joan.
2359 5710 2519 5800 νῖιιϐ.
2596 5713 2615 5744 ⁵
2645 5711 2805 5800 Βιξιιιἶ
2841 5683 3004 5776 xvm,
3042 5709 3128 5766 t9.
3207 5711 3227 5740 ‘
3261 5707 3424 5763 Joau.
3466 5725 3518 5772 v,
3573 5706 3638 5760 Η

417 5789 435 5820 τ
483 5789 520 5842 ιι
556 5789 682 5843 Cor.
719 5803 797 5848 ιιι,
837 5787 890 5839 7.
967 5785 987 5816 ⁸
1029 5783 1213 5837 ΙΤιιιι.
1256 5799 1293 5849 ι,
1325 5785 1375 5836 9.
1455 5783 1474 5811 ⁹
1513 5780 1705 5837 chtt'.
1735 5798 1794 5850 lt,
1835 5783 1904 5837 “li.

2082 5785 2176 5838 lsa.
2217 5799 2334 5848 Lm,
2381 5784 2413 5836 4
