4076 6392
405 359 516 415 H5

1043 363 1407 422 ADVERSUS
1444 365 1780 424 HIERESES
1818 369 1942 423 LIB.
1989 371 2051 424 ll.
2091 369 2251 426 TOM.
2294 369 2356 423 ιι.
2393 368 2734 424 -ΙΙιΕῐὶΕδ,
2769 370 2947 424 LXVI.

3564 372 3663 428 ΜΘ

410 477 634 544 Kvpt'ov
683 479 1040 546 πνεύματος.
1108 481 1193 535 Ἐν
1228 482 1335 554 γὰρ
1382 484 1459 554 τῷ
1499 486 1718 557 σταυρῷ
1756 487 1982 559 ἐθριάμ-

2115 503 2201 541 ιιιη
2247 504 2373 542 vero
2404 503 2523 557 quae
2554 497 2682 541 sunt
2732 488 2855 541 vitm
2909 490 3127 558 propria
3170 488 3222 540 in
3257 487 3444 542 eadem
3477 501 3661 542 nostra

405 569 607 623 5sucrev
635 570 805 640 ἀρχὰς
831 571 923 624 καὶ
949 573 1192 637 ἐξουσίας
1213 592 1226 604 ·
1260 577 1318 628 ὲν
1343 576 1420 646 τῷ
1449 577 1663 648 θανάτῳ
1699 580 1981 653 κατέκρινε

402 665 508 733 τὴν
551 663 822 733 ἁμαρτίαν
851 681 863 691 ·
927 665 981 716 ὲν
1012 663 1091 735 τῷ
1137 665 1371 735 ταφῆναι
1413 667 1574 738 ἔθαψε
1605 671 1700 740 τὴν
1729 672 1976 741 ἀνομίαν.

403 759 463 808 ἐν
499 755 583 826 τῷ
613 755 914 824 γεύσασθαι
945 757 1174 812 θανάτου
1205 760 1504 814 κατέκλασε
1539 763 1598 814 τὸ
1637 762 1856 836 κέντρον
1889 765 1981 818 τοῦ

403 848 678 901 θανάτου·
732 849 790 900 ὲν
821 847 898 918 τῷ
943 849 1223 904 κατελθεῖν
1273 855 1352 914 είς
1382 853 1472 905 τὸν
1525 853 1656 924 ᾆδην
1695 855 1986 908 ἐσκύλευσε

401 942 500 993 τὸν
559 941 730 1012 ᾅδην,
784 939 941 994 ἔλυσε
995 943 1118 1005 τοὺς
1171 943 1575 1014 πεπεδημένους
1635 945 1694 996 ὲν
1744 944 1982 1015 ἀνδρείᾳ,

401 1032 574 1084 ἔλαϐε
623 1032 682 1084 τὸ
729 1032 988 1103 τρόπαιον
1021 1032 1115 1085 τοῦ
1148 1034 1381 1104 σταυροῦ
1413 1033 1553 1086 κατά
1579 1034 1672 1087 τοῦ
1718 1034 1984 1087 διαϐόλου.

402 1122 528 1175 Καὶ
556 1123 656 1192 ὅρα
679 1123 794 1186 πῶς
824 1125 857 1193 ή
912 1122 1036 1188 δόξα
1082 1122 1220 1195 αῦτη
1271 1123 1378 1176 ἀπὸ
1415 1125 1693 1188 Μωῦσέως
1726 1125 1851 1196 ἀχρι
1894 1124 1988 1178 τοῦ

403 1213 620 1282 Κυρίου
643 1229 657 1242 ⁸
688 1214 838 1283 πόσῳ
865 1230 930 1282 γε
957 1213 1153 1282 μᾶλλον
1192 1215 1224 1283 ἡ
1271 1213 1498 1284 διαθήκη
1534 1215 1632 1284 τῆς
1666 1213 1810 1284 ζωῆς
1839 1215 1990 1268 ἔσται

404 1303 471 1353 ὲν
507 1301 664 1375 δόξῃ,
703 1301 850 1354 λίθου
887 1303 1423 1373 ἀποκεκυλισμένου,
1471 1303 1686 1372 πετρῶν
1719 1305 1992 1376 ῥηγνυμέ-

404 1411 546 1457 νων,
581 1395 876 1464 μνημάτων
911 1394 1284 1464 ἀνοιχθέντων,
1315 1394 1560 1462 ἀγγέλων
1594 1395 1991 1466 ὲξαστραπτόν-

406 1500 544 1547 των,
577 1483 850 1552 γυναικῶν
881 1481 1398 1552 εὐαγγελιζομένων,
1431 1485 1652 1554 εἰρήνης
1689 1483 1990 1552 διδομένης,

407 1576 734 1643 Πνεύματος
780 1576 908 1644 παρ’
953 1575 1116 1627 αὑτοῦ
1167 1577 1277 1636 τοῖς
1316 1575 1650 1638 ’ἀποστόλοις
1697 1575 1991 1645 διδομένου,

407 1664 660 1734 οὐρανῶν
723 1664 996 1734 βασιλείας
1050 1665 1556 1736 καταγγελλομένης
1588 1706 1602 1726 .
1661 1667 1994 1735 Εύαγγελίου

409 1754 752 1821 φωτίσαντος
795 1756 896 1825 τὴν
941 1755 1304 1827 οίκουμένην;
1374 1757 1437 1809 '0
1482 1757 1741 1823 καταϐὰς
1789 1759 1992 1823 αὐτὸς,

2087 595 2250 634 causa
2299 581 2718 648 complerentur.
2785 581 2957 643 Quam
3015 580 3087 633 ob
3155 594 3376 633 causam
3433 581 3663 634 moritur

2085 672 2280 740 primo,
2315 679 2375 724 ut
2401 671 2590 724 mortis
2623 678 2997 725 testamentum
3031 670 3456 725 commendaret.
3496 671 3663 743 693

2086 757 2292 814 Deinde
2324 775 2354 812 a
2385 761 2619 814 mortuis
2667 761 2941 815 excitatus
2969 768 3048 814 cst
3077 803 3091 826 ,
3122 770 3179 814 ut
3225 777 3255 814 a
3291 763 3462 831 gloria
3496 773 3663 818 trans-

2087 851 2190 904 iret
2245 849 2312 904 ad
2341 851 2588 920 gloriam,
2619 861 2869 919 tanquam
2917 869 2949 904 a
2977 851 3195 906 Domini
3223 855 3416 920 spiritu
3449 856 3490 904 ⁸.
3530 853 3665 906 Nam

2089 935 2144 989 in
2172 952 2334 991 cruce
2377 938 2710 1006 principatus
2762 954 2825 992 ac
2876 949 3174 1008 potestates
3205 943 3353 996 velut
3385 943 3437 996 in
3474 943 3668 996 trium-

2091 1029 2198 1098 pho
2225 1029 2463 1083 traduxit
2497 1030 2543 1082 ³.
2573 1030 2630 1082 1η
2663 1041 2839 1086 morte
2885 1048 3014 1087 vero
3049 1045 3327 1103 peccatum
3365 1035 3667 1096 damnavit,

2093 1124 2152 1176 in
2205 1122 2480 1191 sepultura
2539 1123 2879 1193 iniquitatem
2912 1127 3166 1194 sepeliit,
3220 1128 3275 1181 in
3332 1129 3669 1198 degustanda

2094 1221 2268 1266 morte
2311 1213 2590 1266 stimulum
2643 1213 2832 1269 mortis
2872 1213 3090 1284 infregit
3145 1215 3187 1278 ⁸,
3226 1217 3280 1270 in
3334 1232 3435 1270 suo
3479 1217 3570 1270 illo
3602 1217 3665 1268 ad

2097 1300 2309 1356 inferos
2364 1302 2630 1356 descensu
2680 1303 2854 1372 spolia
2892 1303 3124 1358 detraxit
3179 1307 3401 1371 inferis,
3455 1309 3668 1362 vinctos

2097 1391 2411 1446 fortitudine
2462 1408 2560 1448 sua
2620 1393 2904 1457 liberavit,
2957 1394 3217 1450 adversus
3253 1396 3526 1452 diabolum
3559 1407 3669 1452 tro—

2094 1497 2270 1551 paaum
2344 1483 2524 1536 crucis
2555 1483 2780 1552 accepit.
2812 1481 2949 1538 Vide
2998 1493 3056 1537 ut
3107 1501 3134 1537 a
3177 1485 3358 1557 Moyse
3411 1487 3480 1541 ad
3511 1487 3668 1542 Chri-

2097 1583 2238 1629 stum
2276 1573 2448 1644 gloria
2487 1574 2826 1644 perstiterit,
2859 1584 3063 1645 quanto
3092 1593 3219 1647 ergo
3263 1580 3521 1647 majorem
3554 1581 3665 1649 glo-

2096 1665 2233 1718 riam
2290 1666 2413 1719 vitae
2471 1672 2853 1721 testamentum
2905 1668 3208 1734 obtinebit,
3263 1685 3385 1723 cum
3427 1679 3481 1724 et
3533 1671 3668 1740 lapis

2100 1755 2412 1820 revolvitur,
2455 1765 2506 1808 et
2547 1771 2678 1810 saxa
2720 1755 3074 1826 franguntur,
3125 1768 3178 1813 et
3227 1762 3560 1816 monimenta
3587 1777 3670 1816 re—

409 1845 518 1897 καὶ
554 1849 587 1898 ὁ
622 1845 845 1912 ἀναϐὰς
895 1846 1093 1900 ἐπάνω
1121 1846 1363 1900 πάντων
1396 1847 1514 1900 τῶν
1554 1847 1860 1915 οὐρανῶν,
1895 1849 1992 1902 καὶ

2108 1855 2392 1908 serantur.
2453 1857 2507 1902 et
2561 1849 2734 1918 angeli
2782 1848 3013 1919 fulguris
3072 1851 3245 1906 instar
3282 1854 3559 1918 emicant,
3617 1861 3670 1907 et

411 1934 805 2005 καθεζόμενος
841 1937 914 1989 ἐν
951 1936 1120 2004 δεξιᾷ
1146 1939 1251 1992 τοῦ
1279 1938 1529 2006 Πατρός.
1561 1940 1675 1991 Οὐκ
1719 1935 1785 2010 ἦν
1826 1939 1991 1992 θανα-

411 2028 634 2090 τοποιὺς
658 2031 690 2098 ή
719 2029 950 2100 διαθήκη
975 2068 989 2092 ,
1021 2029 1156 2082 ἀλλὰ
1184 2029 1326 2083 κατὰ
1371 2030 1465 2083 τοῦ
1491 2028 1717 2083 θανάτου
1746 2033 1778 2100 ἡ
1805 2031 1992 2098 διαθή-

412 2138 514 2191 κη.
552 2121 642 2173 Ἑν
661 2121 788 2192 δόξῃ
817 2120 926 2190 δὲή
957 2119 1052 2172 τοῦ
1091 2119 1319 2174 θανάτου
1345 2159 1360 2184 ,
1397 2122 1485 2174 ἵνα
1517 2123 1549 2191 ή
1580 2120 1991 2190 ὑπερϐάλλουσα

415 2207 544 2272 δόξα
568 2209 708 2262 κατὰ
734 2208 828 2262 τοῦ
857 2209 1085 2264 θανάτου
1112 2209 1352 2279 γένηται.

2102 1941 2362 1996 mulieres
2417 1943 2764 2012 Evangelium
2801 1943 3134 2011 praedicant,
3189 1959 3289 2012 pas
3333 1945 3667 2006 conceditur,

2103 2031 2340 2102 Spiritus
2370 2034 2632 2103 apostolis
2659 2035 2724 2087 ab
2757 2035 2848 2089 illo
2879 2036 3154 2099 tribuitur,
3194 2051 3415 2104 regnum
3452 2037 3670 2094 caeleste

2097 2123 2489 2187 denuntiatur,
2545 2126 2694 2181 orbis
2735 2135 3000 2180 terrarum
3058 2125 3347 2196 Evangelio
3385 2128 3670 2181 collustra—

2096 2215 2226 2267 tur?
2257 2214 2536 2270 Postremo
2560 2258 2575 2280 ,
2611 2215 2714 2281 Qui
2741 2216 3028 2280 descendit,
3064 2219 3171 2286 ipse
3192 2227 3269 2271 est
3313 2220 3402 2288 qui
3437 2218 3674 2279 ascendit

417 2321 578 2374 super
607 2321 784 2359 omnes
848 2309 1039 2370 caelos,
1069 2316 1118 2359 et
1156 2305 1297 2359 sedet
1339 2305 1407 2359 ad
1459 2307 1727 2359 dexteram
1758 2305 1938 2360 Patris
1972 2309 2015 2360 ⁵.
2071 2307 2189 2363 Non
2225 2309 2325 2364 fuit
2375 2311 2714 2366 mortiferum
2771 2319 3153 2368 testamentum
3179 2352 3193 2376 ,
3265 2313 3356 2366 sed
3407 2312 3671 2368 adversus

418 2402 649 2449 mortem
701 2395 1075 2449 constitutum.
1117 2395 1254 2450 Illud
1286 2411 1448 2466 porro
1495 2397 1640 2467 quod
1707 2397 1900 2452 mortis
1934 2397 2178 2464 dicitur,
2237 2400 2463 2470 gloriam
2522 2400 2750 2465 habuit,
2816 2401 2985 2471 major
3037 2411 3096 2455 ut
3132 2402 3392 2457 adversus
3445 2410 3671 2457 mortem

418 2490 595 2558 gloria
621 2499 1046 2558 compararetur.

405 2606 408 2609 ·
493 2585 612 2638 ΟΔ¹.
641 2581 773 2638 Εἶτα
798 2586 958 2640 πάλιν
992 2585 1139 2654 λέγει
1167 2588 1195 2638 ὁ
1222 2587 1383 2650 αὐτὸς
1407 2585 1598 2657 Μάνης
1625 2603 1640 2618 ο
1675 2588 1748 2639 Οὐ
1778 2587 1998 2640 δύναται

389 2659 544 2739 κενὸς
571 2675 910 2730 διδασκαλίου
960 2671 1098 2730 εἶναι
1143 2676 1356 2730 Παλαιά
1394 2659 1486 2729 καὶ
1521 2676 1694 2747 Καινὴ
1729 2677 1994 2748 Διαθὴκη.

434 2770 503 2821 Ἡ
533 2768 630 2839 μὲν
672 2769 780 2840 γὰρ
843 2769 1163 2823 παλαιοῦται
1213 2769 1424 2840 ἡμέραν
1467 2767 1526 2833 ἐξ
1561 2768 1803 2840 ἡμέρας·
1847 2771 1880 2840 ἡ
1939 2769 1995 2822 δὲ

425 2859 865 2921 ἀνακαινίζεται
906 2860 1135 2929 ἡμέραν
1169 2861 1296 2913 καθ’
1326 2858 1555 2930 ἡμέραν
1579 2875 1594 2889 ·
1629 2859 1752 2913 πᾶν
1781 2859 1893 2927 γὰρ
1928 2858 1995 2910 τὸ

427 2951 874 3020 παλαιούμενον
910 2950 1009 3004 καὶ
1061 2949 1370 3020 γηράσκον
1414 2949 1593 3020 ἐγγὺς
1653 2948 1995 3018 ἀφανισμοῦ

424 3042 671 3108 γίνεται.
717 3041 874 3094 Ἀλλά
905 3041 1082 3112 ὲκείνη
1125 3041 1284 3094 ἀλλου
1314 3040 1448 3094 Θεοῦ
1506 3041 1600 3094 καὶ
1644 3039 1800 3094 ἄλλου
1856 3039 2000 3091 διδα-

431 3134 662 3186 σκάλου·
707 3136 800 3187 καί¹
837 3133 974 3204 αὓτη
1013 3134 1201 3205 ἑτέρου
1231 3133 1488 3186 Θεοῦκαὶ
1531 3132 1717 3204 ἑτέρου
1743 3131 1996 3185 διδασκά-

2181 2586 2410 2642 LXXIV.
2449 2587 2558 2643 Sed
2594 2587 2783 2657 objicit
2831 2587 3198 2643 Maniclneus:
3235 2587 3352 2642 Non
3382 2602 3542 2658 posse
3570 2586 3673 2642 Ve-

2109 2688 2197 2734 tus
2248 2694 2311 2733 ac
2351 2678 2556 2734 Novum
2591 2678 2997 2734 Testamentum
3046 2679 3114 2733 ab
3158 2678 3348 2733 eodem
3398 2693 3520 2734 esse
3557 2694 3672 2732 ma-

2103 2767 2275 2837 gistro
2318 2767 2642 2838 profectum,
2690 2769 2960 2838 siquidem
3016 2767 3182 2823 Vetus
3221 2770 3286 2824 de
3317 2768 3404 2823 die
3449 2768 3503 2822 in
3532 2768 3673 2822 diem

2102 2857 2458 2920 inveteratur;
2519 2861 2746 2914 alterum
2808 2875 2924 2914 vero
3001 2860 3055 2912 in
3118 2859 3228 2913 dies
3297 2861 3579 2912 innovatur
3631 2859 3672 2912 ⁸.

2109 2950 2374 3020 Quidquid
2401 2951 2538 3004 enim
2567 2952 2902 3012 inveteratur,
2929 2968 2990 3004 ac
3017 2953 3259 3014 senescit,
3289 2951 3527 3004 interitui
3550 2965 3676 3018 pro-

2106 3042 2308 3094 ximam
2341 3051 2417 3094 est
2443 3043 2488 3095 ⁷.
2523 3039 2701 3106 Quare
2733 3049 3018 3110 superest,
3057 3049 3118 3094 ut
3170 3041 3300 3096 illud
3331 3042 3553 3096 alterius
3585 3042 3674 3096 Dei

2108 3147 2171 3185 ac
2202 3133 2446 3202 magistri
2474 3172 2489 3191 ,
2526 3132 2630 3187 hoc
2663 3131 2886 3186 alterius
2943 3147 3063 3186 esse
3099 3131 3332 3186 dicatur.
3382 3132 3575 3186 Verum
3631 3134 3677 3187 si

428 3227 544 3280 λου.
577 3225 685 3279 Kal.
717 3227 766 3278 εί
799 3225 896 3296 μὲν
937 3220 1050 3296 εἶχε
1095 3225 1262 3290 δεῖξαι
1295 3225 1387 3278 δύο
1421 3224 1690 3294 Διαθήκας
1737 3223 1996 3288 Παλαιάς,

2108 3221 2300 3276 Vetera
2326 3223 2436 3276 duo
2464 3221 2810 3278 Testamenta
2837 3221 3208 3277 demonstrare
3248 3230 3450 3292 posset,
3483 3223 3672 3292 proba-

425 3317 658 3386 ἠδύνατο
688 3319 817 3388 παρ’
845 3316 992 3388 αὐτῷ
1025 3317 1246 3370 πιθανὸν
1295 3313 1434 3369 εἶναι
1474 3316 1534 3369 τὸ
1566 3315 1856 3386 λεγόμενον
1881 3354 1895 3377 ,
1927 3313 2002 3375 ὡς

427 3409 524 3461 δύο
560 3409 726 3462 ὄντων
759 3409 864 3461 τῶν
891 3409 1012 3461 τότε
1042 3408 1370 3478 διαθεμένων
1394 3424 1406 3438 ⁸
1449 3406 1708 3469 ὡσαύτως
1741 3406 1798 3460 δὲ
1825 3407 1874 3458 εί
1911 3405 2003 3458 δύο

430 3498 639 3561 nam;
682 3499 953 3568 Διαθήκας
977 3494 1089 3570 εἶχε
1116 3498 1303 3563 δεῖξαι,
1328 3493 1394 3569 ἦν
1421 3499 1499 3560 είς
1528 3496 1625 3567 τὴν
1653 3497 1886 3550 διάνοιαν
1908 3497 2004 3550 λα-

431 3591 550 3643 ϐεῖν
582 3590 644 3644 τὸ
673 3589 1094 3661 προειρημένον·
1127 3591 1173 3641 εί
1212 3589 1268 3641 δὲ
1299 3591 1331 3660 ἡ
1367 3588 1464 3658 μὲν
1493 3585 1707 3640 Παλαιά
1730 3585 1876 3648 ἐνὸς,
1913 3586 2007 3638 καὶ

431 3685 466 3752 ἠ
502 3683 678 3754 Καινὴ
728 3681 822 3734 τοῦ
873 3681 1032 3736 ἄλλου
1056 3721 1070 3742 ,
1113 3681 1206 3733 τοῦ
1259 3681 1314 3733 δὲ
1349 3679 1514 3734 καλοῦ
1549 3679 1684 3732 Θεοῦ
1726 3677 1819 3750 [εἰ]
1861 3679 2006 3732 ἔστιν

433 3777 470 3842 ἡ
504 3773 680 3843 Καινὴ
707 3766 946 3844 Διαθήκη
970 3813 984 3835 ,
1017 3772 1254 3843 πονηροῦ
1287 3772 1344 3824 δὲ
1374 3774 1408 3843 ή
1435 3771 1648 3824 Παλαιά
1669 3811 1682 3834 ,
1716 3771 1822 3841 ἄρα
1850 3771 1897 3822 εἰ
1934 3769 2006 3840 μὴ

437 3863 576 3918 εἶδεν
628 3866 658 3916 6
702 3863 904 3932 ἀγαθὸς
948 3863 1080 3927 Θεὸς
1124 3865 1215 3916 τὸν
1250 3864 1482 3934 πονηρὸν
1527 3862 1875 3937 διαθέμενον,
1911 3861 2010 3913 οὐκ

439 3955 555 4026 ᾔδει
579 3997 593 4018 ,
617 3955 698 4007 ὃτι
729 3954 834 4024 χρὴ
863 3953 1139 4007 διαθέσθαι
1167 3953 1453 4024 διαθήκην.
1493 3952 1602 4004 Kal.
1630 3951 1782 4004 ἔσται
1813 3950 2010 4021 μᾶλλον

443 4049 573 4119 παρ’
589 4045 752 4100 αὑτοῦ
778 4045 1066 4115 λαμϐάνων
1095 4047 1193 4116 τὴν
1225 4045 1498 4116 πρόφασιν
1525 4043 1622 4112 τῆς
1641 4040 2006 4104 διδασιᾶιλίας,

443 4138 537 4190 καί
565 4137 788 4207 ἄπειρος
819 4135 893 4188 ὢν
921 4137 978 4188 ὲν
1001 4138 1114 4198 τοῖς
1138 4134 1474 4206 πράγμασιν.
1512 4134 1574 4185 Et
1608 4132 1716 4201 γὰρ
1746 4131 1819 4202 μὴ
1848 4129 2012 4201 ἑώρα·

444 4245 559 4292 κεν,
582 4229 682 4280 οὐκ
705 4227 770 4280 ἂν
794 4227 1119 4297 ἐμιμήσατο.
1149 4227 1260 4278 Καὶ
1287 4224 1392 4277 έδει
1419 4224 1616 4294 μᾶλλον
1641 4224 1737 4295 τὴν
1768 4219 2011 4276 Παλαιὰν

444 4321 718 4391 Διαθήκην
753 4315 890 4372 εἶναι
916 4318 1009 4371 τοῦ
1043 4317 1270 4386 ἀγαθοῦ,
1296 4319 1382 4371 ἵνα
1406 4316 1506 4370 κᾶν
1527 4319 1555 4369 6
1590 4315 1823 4387 πονηρὸξ
1851 4331 2014 4384 μιμη-

443 4414 534 4475 λὸς
559 4411 766 4485 ἀκούσῃ
794 4412 936 4482 ἥπερ
968 4411 996 4461 6
1039 4409 1114 4464 ὢν
1148 4410 1398 4481 ἀληθινὸς
1434 4409 1566 4473 Θεός
1593 4425 1605 4436 ·
1632 4408 1792 4476 λέγει
1840 4407 1946 4478 γὰρ
1981 4396 2015 4458 ’ό

2105 3313 2211 3368 bile
2241 3313 2485 3368 nonnihil
2519 3314 2683 3368 videri
2732 3322 2945 3383 posset,
2974 3313 3120 3383 quod
3175 3314 3241 3367 de
3268 3299 3477 3400 duplici
3514 3319 3676 3367 testa-

2106 3410 2223 3458 tore
2260 3404 2517 3473 disputat.
2547 3403 2626 3459 Ita
2655 3405 2818 3459 etiam
2878 3405 2926 3459 si
2975 3403 3124 3458 Nova
3176 3404 3284 3458 duo
3331 3391 3678 3459 Testamenta

2108 3496 2268 3550 nobis
2319 3495 2672 3562 ostenderet,
2707 3503 2985 3566 utcunque
3035 3495 3178 3564 quod
3212 3485 3678 3566 narratgintelligi

2109 3538 2267 3550 ..νων
2320 3538 2630 3550 suum"...
2657 3538 2672 3562 ,
2709 3538 2985 3566 ..........,...,
3036 3538 3178 3564 γη..
3212 3538 3395 3558 ,....,...-
3452 3538 3678 3566 ..ηψπ

2109 3597 2315 3659 posset.
2371 3588 2476 3644 Sed
2525 3605 2648 3644 cum
2699 3587 2866 3644 Vetus
2925 3589 3139 3658 quidem
3185 3538 3680 3732 alteriué'ﬁovum

2109 3659 2513 3732 Testamentum
2551 3681 2776 3732 alterius
2803 3684 2893 3732 sit.
2923 3682 3027 3732 hoc
3055 3680 3100 3732 si
3127 3681 3271 3732 bono
3299 3681 3370 3732 De
3447 3677 3680 3731 'ribuere

2109 3659 2513 3737 Testamentum
2551 3681 2776 3736 alterius
2803 3684 2893 3745 sit,
2923 3682 3027 3735 hoc
3055 3680 3100 3736 si
3127 3681 3271 3734 bono
3299 3659 3681 3733 Ded‘tribuere
3713 3705 3716 3708 ~

2111 3773 2340 3827 velimus
2366 3813 2382 3835 ,
2418 3773 2550 3827 illud
2605 3788 2735 3826 vero
2781 3772 2924 3827 malo
2950 3813 2965 3837 ,
3001 3786 3346 3841 consequens
3400 3767 3532 3822 illud
3574 3775 3679 3832 est,

2108 3863 2313 3919 bonum
2349 3864 2540 3929 Deum,
2573 3865 2679 3920 nisi
2709 3864 2986 3919 conditum
3032 3878 3062 3917 a
3093 3864 3236 3918 malo
3298 3867 3682 3917 testamentum

2113 3956 2402 4020 scivisset,
2458 3969 2488 4008 a
2548 3971 2608 4010 se
2659 3971 2876 4025 quoque
2922 3953 3265 4010 condendam
3307 3953 3696 4022 ignoraturum.

2116 4043 2304 4101 fuisse.
2359 4044 2538 4112 Quare
2597 4047 2860 4103 doctrina;
2898 4061 3009 4100 sua:
3059 4043 3399 4114 divulgandae
3435 4042 3684 4098 occasio-

2115 4154 2237 4191 nem
2271 4138 2338 4191 ab
2367 4138 2460 4191 illo
2488 4147 2678 4193 nactus
2700 4177 2715 4200 ,
2754 4153 2818 4192 ac
2849 4134 3036 4192 rerum
3055 4136 3418 4206 gerendarum
3466 4133 3684 4203 imperi-

2114 4236 2204 4283 tus
2221 4244 2342 4283 esse
2367 4229 2658 4285 videbitur.
2686 4230 2802 4283 Nisi
2823 4230 2966 4283 enim
2999 4228 3112 4282 ﬁeri
3141 4228 3207 4279 ab
3232 4227 3405 4280 altero
3437 4224 3686 4289 vidisset,

2114 4336 2394 4389 nunquam
2423 4330 2563 4376 esset
2607 4303 2865 4375 imitatus.
2913 4320 2990 4374 Ac
3030 4320 3174 4373 bono
3206 4319 3313 4373 Deo
3358 4316 3678 4371 Testamen—

2116 4421 2230 4465 tum
2257 4411 2424 4467 Vetus
2454 4411 2632 4482 aﬂingi
2663 4412 2833 4482 magis
2872 4411 3189 4481 oportebat,
3227 4421 3285 4464 ut
3323 4409 3498 4464 malus
3548 4410 3687 4462 alter

445 4505 651 4576 Κύριος
683 4506 740 4557 ὲν
776 4504 855 4574 τῷ
893 4504 1241 4574 Εὐαγγελίῳο
1293 4505 1354 4556 Ὅ
1398 4503 1506 4556 ἐὰν
1540 4501 1742 4570 βλέπῃ
1793 4503 1824 4554 ὁ
1882 4500 2002 4566 Υἱὸς

2123 4502 2301 4572 potius
2327 4505 2609 4558 aemulator
2636 4502 3016 4572 appellaretur,
3049 4517 3210 4570 quam
3248 4517 3408 4556 verus
3472 4513 3686 4569 germa-

445 4597 650 4670 [πρὸς]
689 4596 797 4650 τὸν
835 4595 1065 4664 Πατέρα
1114 4595 1436 4660 ποιοῦντα,
1486 4594 1645 4661 οὕτω¹
1686 4592 1786 4645 καὶ
1837 4592 2002 4656 αὐτὸς

2123 4609 2335 4662 nusque
2377 4595 2536 4649 Deus.
2586 4593 2844 4648 Dominus
2892 4593 3035 4648 enim
3077 4597 3129 4646 in
3179 4591 3464 4662 Evangelio
3510 4589 3685 4643 dicit:

447 4689 668 4757 ὁμοίως
693 4686 853 4742 ποιεῖ
886 4703 901 4716 ο
936 4689 1028 4739 καὶ
1057 4687 1144 4739 ἵνα
1170 4685 1244 4757 μὴ
1280 4685 1398 4756 ἥξει
1425 4687 1442 4716 ¹
1469 4684 1546 4754 τῷ
1574 4682 2015 4758 συμϐουλεύοντι,

448 4781 532 4842 εἰς
559 4779 619 4832 τὸ
651 4778 725 4848 μὴ
750 4777 1055 4848 καυχᾶσθαι
1077 4778 1165 4830 τὸν
1193 4777 1456 4840 διάϐολον,
1487 4777 1581 4828 καὶ
1603 4775 1782 4842 λέγειν
1806 4773 1896 4826 διὰ
1919 4773 2019 4841 τῆς

455 4868 787 4939 συμϐουλίας
837 4866 1002 4921 αὑτοῦ
1049 4883 1100 4919 τι
1133 4866 1223 4918 τὸν
1257 4865 1484 4934 Σωτῆρα
1524 4863 1910 4933 πεποιηκέναι·
1947 4859 2021 4921 ὥς

451 4979 586 5034 φησι
621 4961 760 5032 πρὸς
790 4960 980 5012 αὑτόν·
1026 4957 1171 5012 Εἰπὲ
1195 4959 1295 5012 ἵνα
1322 4961 1376 5010 οὶ
1421 4957 1591 5023 λίθοι,
1611 4955 1773 5037 ἄρτοι
1805 4953 2021 5022 γένων-

452 5072 567 5108 ται.
604 5052 662 5105 '0
691 5051 748 5104 δὲ
779 5052 878 5104 οὐκ
919 5051 1208 5120 ἀνέχεται,
1243 5049 1330 5102 ἵνα
1360 5049 1436 5118 μὴ
1474 5047 1658 5117 μαθὼν
1691 5041 2025 5128 ὑποληφθείη

456 5144 608 5212 παρά
649 5141 741 5194 τοῦ
769 5141 1016 5194 διαϐόλου
1065 5139 1354 5208 λαμϐάνων
1387 5140 1484 5207 τὴν
1532 5135 1882 5206 συμϐουλίαν.
1918 5132 2027 5186 Καὶ

454 5239 587 5308 ὁρᾷς
609 5276 626 5299 ,
659 5237 739 5288 ὅτι
780 5236 875 5297 τὰς
907 5234 1000 5287 δύο
1035 5233 1306 5302 Διαθὴκας
1339 5231 1456 5294 ἑνὸς
1499 5231 1645 5298 λέγει
1684 5228 1855 5291 Θεοῦ;
1897 5227 2027 5295 hic!

457 5329 567 5400 γὰρ
591 5331 619 5381 6
645 5324 960 5388 Ἀπόστολος
983 5341 996 5354 ⁸
1038 5325 1099 5378 Ἠ
1125 5323 1318 5390 πρώτη
1345 5321 1599 5389 Διαθήκη
1635 5321 1703 5373 ἐκ
1723 5318 1830 5373 τοῦ
1853 5318 2028 5386 ὄρους

458 5421 604 5476 Σινᾶ
639 5419 846 5486 ἐδόθη,
880 5420 965 5482 είς
984 5415 1268 5470 δουλείαν
1304 5411 1595 5483 γεννῶσα.
1639 5411 1706 5464 Τὸ
1746 5410 1854 5480 γὰρ
1894 5409 2028 5476 ὄρος

459 5512 609 5569 Σινᾶ
629 5512 802 5566 ἐστιν
820 5512 890 5563 ἐν
916 5507 988 5577 τῇ
1013 5507 1260 5576 Ἀραϐίᾳ.
1287 5507 1349 5560 Εἰ
1377 5507 1482 5576 γὰρ
1504 5505 1596 5558 δύο
1623 5505 1728 5557 είσὶ
1751 5504 2023 5570 γυναῖκες,

460 5603 598 5659 ἀλλὰ
642 5597 723 5664 εἷς
757 5601 786 5653 ὁ
828 5599 1000 5670 ἀνήρ’
1037 5597 1178 5650 οὕτω
1225 5599 1272 5649 εί
1305 5597 1400 5649 καὶ
1443 5595 1536 5648 δύο
1585 5594 1691 5646 εἰσὶ
1738 5591 2020 5662 Διαθῆκαι,

2121 4683 2284 4754 695
2339 4684 2603 4753 Quidquid
2664 4685 2851 4739 viderit
2901 4683 3076 4737 Filius
3130 4682 3345 4736 Patrem
3388 4681 3686 4750 facientem,

2124 4777 2260 4831 idem
2297 4787 2344 4832 et
2380 4778 2486 4844 ipse
2513 4777 2752 4830 similiter
2778 4776 2907 4843 facit
2936 4776 2980 4826 ⁸.
3017 4773 3153 4828 Tum
3209 4774 3431 4842 insuper
3461 4787 3527 4824 nc
3559 4785 3690 4824 con-

2128 4868 2327 4922 sulenti
2386 4868 2461 4919 illi
2517 4866 2748 4920 cessisse
2800 4865 3116 4924 videretur,
3166 4878 3301 4917 neve
3353 4861 3575 4931 gloriari
3627 4875 3691 4914 ac

2123 4957 2334 5027 jactare
2373 4956 2620 5009 diabolus
2650 4965 2853 5023 posset,
2898 4969 3000 5009 suo
3023 4953 3224 5022 aliquid
3257 4951 3486 5006 consilio
3520 4967 3546 5002 a
3572 4949 3691 5002 Sal—

2135 5051 2320 5097 vatore
2354 5052 2586 5112 gestum,
2627 5056 2750 5093 cum
2776 5041 2848 5094 ita
2881 5041 3134 5095 suaderet
3175 5040 3275 5108 ipsi
3304 5058 3316 5093 :
3345 5036 3444 5090 Dic
3472 5047 3526 5088 ul
3561 5037 3692 5104 tapi-

2134 5133 2222 5187 des
2254 5148 2412 5200 panes
2440 5133 2571 5199 fiant
2609 5129 2651 5190 ν,
2684 5128 2985 5197 repudiavit
3022 5127 3236 5196 penitus
3261 5164 3275 5188 ,
3328 5140 3394 5178 ne
3436 5123 3692 5176 didicisse

2134 5223 2335 5292 aliquid
2367 5237 2396 5275 a
2422 5220 2638 5275 diabolo
2662 5258 2676 5282 ,
2708 5218 2936 5287 ejusque
2962 5215 3191 5270 consilio
3233 5230 3364 5270 usus
3389 5230 3506 5268 esse
3541 5211 3688 5264 vide-

2134 5324 2303 5371 retur.
2338 5315 2489 5381 Quod
2523 5321 2701 5368 autem
2733 5311 3075 5366 Testamenta
3105 5308 3212 5362 duo
3243 5305 3337 5360 Dei
3376 5320 3497 5359 esse
3531 5303 3692 5356 unius

2136 5407 2383 5472 amrmct,
2413 5416 2481 5460 ex
2507 5421 2570 5460 eo
2605 5414 2756 5474 potes
2780 5401 3228 5456 animadvertere.
3269 5397 3358 5452 Sic
3384 5397 3526 5450 enim
3559 5395 3696 5461 Apo-

2137 5500 2339 5554 stolus:
2395 5497 2554 5551 Prius
2592 5495 2982 5549 Testamentum
3030 5506 3095 5545 ea:
3125 5498 3296 5543 monte
3328 5486 3459 5542 Sina
3513 5485 3695 5538 datum

2135 5601 2212 5644 est
2242 5631 2255 5655 ,
2292 5589 2427 5659 quod
2467 5589 2534 5641 ad
2584 5587 2878 5640 servitutem
2928 5589 3160 5653 generat.
3213 5578 3342 5634 Sina
3375 5579 3511 5631 enim
3551 5592 3698 5630 mons

536 5711 549 5738 '
596 5717 722 5786 Leg.
759 5713 929 5787 sfén._
974 5715 993 5744 ¹
1029 5710 1221 5787 ιιροτ.
1250 5725 1330 5774 ιιι,
1521 5708 1772 5787 fqoloss.
1803 5721 1866 5769 ιι,
1892 5705 1977 5787 1-5.

2108 5703 2273 5762 lCor.
2310 5724 2398 5774 xv,
2435 5706 2522 5762 59.
2601 5705 2621 5736 '
2657 5703 2854 5775 Ephes.
2917 5715 2992 5766 ιν,
3046 5699 3096 5753 9.
3175 5699 3194 5729 ⁸
3232 5697 3275 5753 ll
3307 5697 3434 5753 Cor.
3476 5712 3561 5762 iv,
3608 5692 3698 5750 l6.

463 5788 487 5822 τ
521 5775 701 5842 Hebr."
717 5775 951 5851 vui,"l'5.
1029 5783 1049 5813 '
1080 5779 1238 5836 Joan.
1263 5797 1318 5845 v,
1361 5781 1443 5835 l9.
1521 5778 1540 5809 ’
1581 5777 1766 5832 Matth.
1800 5793 1874 5841 tv,
1909 5775 1964 5829 '5.
