4076 6392
384 373 489 428 “9

1042 365 1412 424 ADVERSUS
1449 361 1794 421 IIERESES
1829 358 2063 422 LIBLII.
2109 357 2272 413 TOM.
2316 355 2378 409 Il.
2403 389 2470 398 ——
2513 355 2785 411 IIAERES.
2823 355 3003 412 LXVI.

3535 347 3640 406 I50

381 486 484 556 τὴν
541 485 709 556 δχθην
746 484 842 555 τῆς
878 483 1182 555 θαλάσσης,
1228 483 1322 558 καὶ
1360 479 1611 552 διενέγκῃ
1642 478 1703 531 τὸ
1744 475 1966 530 ἀκάτιον

2081 489 2180 527 [ιοιι
2217 473 2398 528 statim
2456 472 2692 526 lembum
2747 471 2798 524 in
2834 468 3163 540 profundum
3199 465 3486 534 deprimit,
3543 462 3642 520 sed

381 582 466 644 εἰς
499 579 602 650 τὴν
639 577 881 646 μεγάλην
924 576 1058 632 ναῦν
1099 575 1190 628 τὸν
1227 575 1544 646 ἄνθρωπον,
1588 570 1648 622 οὐ
1684 567 1902 629 πάντως
1941 566 1971 618 ὁ

379 671 674 743 ἄνθρωπος
709 669 915 740 βυθίζει
943 669 1002 722 τὸ
1038 668 1262 722 ἀκάτιον
1287 707 1302 730 ,
1341 663 1530 735 ἐπειδὴ
1569 655 1694 731 εῦρε
1735 657 1833 730 τὴν
1875 674 1970 727 με-

395 763 562 834 γάλην
592 762 756 826 ναῦν,
792 761 929 815 ἀλλὰ
969 762 1107 832 μετὰ
1134 759 1227 814 τοῦ
1265 759 1425 830 χάριν
1459 756 1598 826 ἔχειν
1627 752 1706 824 τῷ
1738 750 1967 818 ἀκατίῳ,

385 855 800 926 καταλαμϐάνει
853 854 916 907 τὸ
963 853 1277 925 μειζότερον
1325 853 1424 922 τῆς
1481 846 1646 902 αὐτοῦ
1700 841 1971 914 σωτηρίας

391 949 604 1000 πλοίον·
643 947 676 1018 ἢ
717 948 808 1001 καὶ
859 946 1059 1017 ἑτέρως
1092 945 1178 998 ἵνα
1224 945 1467 1014 εἴπωμεν
1487 981 1502 1006 ,
1533 942 1609 1004 ὡς
1643 938 1738 992 ὲάν
1763 955 1845 1001 τις
1874 937 1970 988 ὲκ-

383 1038 564 1110 ὗληθῇ
595 1033 699 1092 ὑπὸ
733 1039 938 1110 μητρὸς
960 1039 1296 1108 γεννησάσης
1315 1079 1330 1101 ,
1362 1033 1589 1104 ληφθεὶς
1620 1031 1677 1085 δὲ
1707 1029 1810 1084 ὑπό
1826 1047 1970 1093 τινος

389 1130 482 1182 τοῦ
513 1130 764 1202 τυχόντος
785 1171 800 1194 ,
826 1130 921 1183 καλ⁵
945 1129 1284 1200 ἀνα-τραφείη
1306 1127 1502 1199 χρόνῳ,
1537 1123 1751 1178 είσύστε
1762 1139 1850 1192 ρον
1878 1123 1972 1176 άνο

386 1223 683 1293 δρωθέντος
711 1221 876 1275 αὐτοῦ
906 1220 1110 1292 ἐπιγνῷ
1142 1223 1231 1274 τὸν
1265 1221 1396 1274 ἴδιον
1428 1217 1594 1273 αὑτοῦ
1640 1217 1851 1287 πατέρα
1880 1213 1972 1267 τὸν

397 1316 542 1368 κατά
593 1315 753 1384 φύσιν
778 1357 793 1378 ,
828 1315 941 1384 ἔχοι
967 1315 1025 1368 δὲ
1048 1317 1076 1368 ὁ
1112 1311 1349 1376 τοιοῦτος
1366 1311 1582 1364 σύνεσιν
1601 1351 1614 1369 ,
1648 1309 1721 1380 μὴ
1744 1347 1758 1370 ,
1783 1304 1972 1376 ἐπειδὴ

385 1409 607 1475 ἐπέγνω
633 1407 722 1460 τὸν
758 1406 950 1461 ἑαυτοῦ
977 1407 1192 1478 πατέρα
1214 1448 1228 1471 ,
1281 1405 1374 1458 καὶ
1405 1401 1836 1474 ἐπιλαμϐάνεται
1871 1398 1973 1467 τῆς

391 1500 531 1562 ἰδίας
553 1500 915 1572 κληρονομίας
938 1541 954 1565 ,
991 1499 1143 1571 παρὰ
1168 1499 1326 1552 τοῦτο
1351 1494 1605 1567 ἀτιμάζει
1635 1493 1726 1548 τὸν
1749 1490 1975 1560 ἀναθρέ-

387 1594 607 1660 ψαντα;
658 1593 717 1644 ού
766 1591 946 1662 πολλῷ
991 1591 1189 1662 μᾶλλον
1237 1589 1568 1662 χάριν.ἔσχε
1618 1587 1696 1658 τῷ
1743 1583 1974 1655 ἀναθρέ-

387 1685 553 1752 ψαντι
579 1725 594 1747 ,
633 1685 714 1736 ὅτι
741 1685 841 1738 οὐκ
869 1685 1048 1738 εἴασεν
1079 1683 1241 1738 αὑτὸν
1274 1685 1375 1747 εἰς.
1397 1681 1625 1736 θάνατον
1659 1675 1968 1750 παραδοθῆ-

2068 565 2140 618 ita
2171 564 2463 634 grandiori.
2501 563 2717 632 navigio
2744 562 2976 616 salutem
3022 572 3176 614 suam
3218 556 3510 612 committit
3535 595 3548 614 ,
3582 561 3642 607 ut

2068 656 2268 726 exiguo
2302 655 2379 708 illi
2415 655 2592 710 lembo
2618 653 2848 725 gratiam
2889 650 3195 707 habendam
3230 656 3401 720 putet.
3433 645 3644 700 Addam

2067 759 2124 804 et
2153 748 2301 802 aliud
2353 747 2682 817 exemplum.
2735 745 2890 801 Sicut
2939 745 3224 814 expositus
3290 757 3319 795 a
3381 739 3646 812 genitrice

2069 839 2373 909 quispiam,
2417 837 2460 892 si
2494 837 2564 891 ab
2592 836 2776 906 aliquo
2807 834 2945 890 forte
2973 834 3223 890 sublatus
3269 838 3324 887 et
3379 831 3644 886 educatus

2072 932 2256 996 fuerit,
2299 937 2659 1000 posteaquam
2699 927 3000 983 adoleverit
3049 941 3112 980 ac
3147 925 3450 980 naturalem
3484 937 3646 978 suum

2071 1032 2349 1096 parentem
2384 1021 2685 1092 agnoverit,
2717 1021 2784 1083 is,
2823 1020 2868 1074 si
2900 1017 3204 1089 prudentiae
3245 1013 3649 1084 aliquantulum

2072 1116 2289 1178 habeat,
2324 1129 2456 1169 num
2481 1112 2571 1166 ubi
2610 1119 2892 1182 parentem
2924 1108 3206 1180 agnoverit
3255 1114 3310 1162 et
3368 1104 3651 1161 hmredita-

2070 1217 2177 1265 tem
2218 1221 2374 1262 suam
2406 1203 2640 1268 adierit,
2693 1203 2896 1257 idcirco
2937 1200 3224 1255 nutritium
3265 1199 3416 1253 illum
3461 1211 3649 1268 asper-

2070 1299 2328 1356 nabitur?
2384 1304 2477 1351 aut
2515 1311 2623 1350 non
2678 1294 2728 1350 ei
2789 1293 2971 1364 potius
3022 1290 3420 1363 gratiﬁcabitur
3450 1329 3467 1353 ,
3502 1286 3646 1359 quod

2071 1393 2192 1464 eius
2243 1388 2508 1444 beneﬁcio
2544 1387 2712 1440 letum
2766 1383 3043 1440 evaserit?
3098 1381 3330 1438 Perinde
3377 1381 3545 1452 igitur
3595 1387 3651 1434 et

2073 1499 2173 1538 nos
2237 1481 2346 1536 Deo
2392 1478 2619 1550 gratiam
2666 1477 2930 1532 habemus
2958 1518 2972 1540 ,
3008 1475 3244 1545 primum
3278 1473 3422 1544 quod
3473 1473 3648 1541 legem

2073 1577 2232 1631 nobis
2261 1588 2325 1626 ac
2364 1572 2656 1643 prophetas
2687 1569 2929 1628 dederit.
2974 1577 3086 1622 tum
3113 1567 3278 1622 etiam
3317 1564 3461 1622 (ιιιοά
3499 1562 3650 1618 Novo

2076 1682 2178 1721 nos
2204 1663 2326 1718 Filii
2358 1666 2444 1718 sui
2473 1660 2824 1716 Testamento
2850 1659 3107 1729 dignatus
3135 1657 3225 1712 sit.

388 1751 515 1842 ναις
545 1779 688 1832 οὕτω
719 1780 811 1832 καὶ
852 1781 1011 1849 ἡμεῖς
1050 1779 1210 1850 χάριν
1248 1777 1442 1848 ἔχομεν
1467 1774 1587 1845 Θεῷ
1616 1773 1692 1844 τῷ
1750 1770 2005 1826 δεδωκότι
2044 1766 2206 1835 νόμον
2245 1759 2340 1814 καὶ
2378 1759 2663 1829 προφήτας
2689 1795 2704 1818 9
2761 1755 2854 1808 καὶ
2897 1753 3055 1825 χάριν
3093 1753 3286 1824 ἔχομεν
3339 1751 3487 1821 αὖτῷ
3520 1767 3650 1805 κατ’

393 1871 684 1936 ιξιώσαντι
713 1872 862 1940 ἡμᾶς
900 1870 998 1941 τῆς
1048 1869 1144 1922 τοῦ
1174 1867 1307 1922 Υίοῦ
1351 1859 1517 1921 αὑτοῦ
1555 1865 1767 1936 Καινῆς
1812 1861 2105 1931 Διαθήκηςο

459 1969 600 2034 θεῖ’.
627 1968 764 2037 Φησί
797 1966 852 2019 δὲ
877 1968 904 2020 ὁ
939 1939 1100 2029 αὐτὸς
1142 1966 1365 2036 Μάνης,
1408 1959 1546 2018 εἶναι
1574 1963 1722 2034 ἡμᾶς
1759 1959 1976 2031 μορφὰς

2149 1945 2380 2002 LXXVI.
2417 1945 2559 1998 Idem
2599 1941 2928 1996 Manichzeus
2968 1939 3276 2010 principum
3324 1954 3425 1993 nos
3473 1939 3656 2008 imagi-

388 2061 668 2132 ἅρχόντων
690 2102 704 2124 ,
741 2062 834 2113 καὶ
860 2059 1096 2113 ὑπὸ·τῶν
1128 2059 1404 2130 ἀρχόντων
1428 2057 1714 2128 γεγονότας
1742 2096 1755 2119 ,
1791 2056 1974 2117 αὐτοῖς

391 2154 445 2206 δὲ
479 2157 559 2215 εἰς
618 2154 962 2226 κατάὸρωμα
1003 2152 1535 2223 καταϐεϐλημένους.
1571 2150 1748 2220 Πολλὴ
1782 2147 1838 2201 δὲ
1881 2149 1973 2201 ἀν·

390 2248 513 2300 δσία
559 2248 574 2278 ⁸
617 2248 675 2300 ὲν
723 2250 836 2310 τοῖς
870 2246 1132 2310 τοιούτοις
1162 2245 1359 2313 λόγοις.
1415 2243 1662 2316 Ὀρῶμεν
1717 2242 1826 2312 γάρ
1877 2241 1975 2310 οὐχ

392 2342 562 2404 οὓτως
609 2342 678 2396 τὰ
716 2342 1019 2413 πράγματα
1074 2339 1460 2410 συμϐαίνοντα.
1497 2339 1614 2392 Πᾶν
1646 2337 1756 2408 γὰρ
1795 2334 1974 2388 ὁτιοῦν

387 2435 483 2486 ἐπὶ
510 2434 612 2503 τῆς
659 2434 804 2504 γῆς,
855 2435 956 2488 κάν
989 2451 1050 2487 τε
1103 2433 1446 2504 φαυλοτέρων
1493 2431 1586 2484 καὶ
1625 2428 1975 2501 ἀγριωτέρων

387 2523 596 2594 Θηρίων
627 2525 888 2594 ὑπάρχοι,
922 2525 982 2576 ού
1014 2527 1079 2594 τῇ
1121 2524 1226 2594 ἰδίᾳ
1262 2524 1442 2594 μορφῇ
1471 2521 1764 2593 ἐπέρχεται
1788 2560 1802 2585 ,
1839 2517 1978 2573 ἀλλὰ

392 2618 508 2676 ταῖς
553 2614 764 2678 ἄλλαις,
807 2616 925 2679 Ὡς,
977 2610 1089 2668 οἷον
1120 2617 1330 2679 εἰπεῖν,
1376 2614 1589 2677 λέοντες
1624 2613 1846 2676 λέοντας
1877 2612 1977 2664 οὐκ

386 2707 635 2759 ἐσθίουσι
684 2707 774 2760 διὰ
816 2708 877 2759 τὸ
939 2707 1068 2760 ἴδιον
1116 2705 1416 2776 ὲκτύπωμα
1464 2706 1557 2758 καὶ
1607 2705 1923 2774 ὁμόστοιχον
1958 2717 1972 2732 ο

388 2797 529 2850 ἀλλά
554 2838 568 2862 ,
609 2796 770 2868 λιμοῦ
813 2797 1050 2867 μεγάλου
1099 2795 1380 2860 πιέζοντος
1415 2797 1472 2849 ὲν
1509 2797 1623 2858 τοῖς
1654 2795 1805 2866 ὄρεσι
1851 2793 1975 2854 τοὺς

385 2889 600 2959 θῆρας,
636 2890 731 2942 καὶ
775 2889 867 2942 ἐπὶ
901 2888 1083 2959 πολλῷ
1138 2889 1314 2960 χρόνῳ
1366 2887 1543 2940 αὐτῶν
1579 2886 1654 2957 μὴ
1699 2885 1979 2958 εὑρισκόν-

381 2983 501 3028 ’των
533 2977 655 3046 ἦτοι
701 2975 791 3029 διὰ
830 2976 982 3046 χιόνα
1008 3017 1022 3038 ,
1051 2977 1084 3047 ἦ
1114 2977 1179 3030 δι’
1206 2977 1399 3048 ἑτέραν
1430 2975 1640 3030 ἔνδειαν
1660 3017 1674 3040 ,
1710 2974 1975 3046 ἀναστρέ-

390 3084 588 3134 φουσιν
621 3069 681 3119 ὲν
707 3069 820 3130 τοῖς
851 3068 1074 3136 φωλεοῖς
1114 3069 1210 3121 καὶ
1238 3071 1509 3140 χηραμοῖς
1541 3066 1719 3120 αὐτῶν
1766 3065 1979 3130 λέοντες

390 3159 515 3228 ἅμα
565 3159 827 3230 σκύμνοις
878 3162 1216 3233 ὑπάρχοντες
1244 3201 1258 3224 ,
1298 3162 1392 3214 καὶ
1438 3161 1556 3232 ἅμα
1589 3161 1856 3224 λεαίναις·
1889 3159 1980 3212 καὶ

385 3251 495 3303 οὐκ
528 3252 820 3322 ἐπέρχεται
858 3253 962 3325 θὴρ
992 3254 1165 3324 θηρίῳ
1185 3297 1199 3318 ,
1235 3253 1294 3306 ού
1329 3253 1492 3316 λύκος
1523 3253 1703 3322 λύκῳ,
1732 3253 1781 3305 εί
1822 3251 1896 3322 μή
1927 3267 1980 3304 τι

2077 2057 2173 2096 nes
2200 2056 2324 2096 esse
2350 2080 2364 2103 ,
2397 2045 2450 2094 et
2477 2052 2506 2090 a
2540 2035 2878 2107 principibus
2923 2033 3220 2104 productos
3249 2032 3502 2095 allirmat,
3533 2033 3655 2102 qui-

2076 2133 2179 2188 bus
2237 2133 2302 2185 ad
2345 2129 2604 2199 pabulum
2641 2127 2815 2182 simus
2842 2124 3099 2195 expositi.
3150 2123 3306 2191 Quod
3342 2139 3474 2178 sane
3504 2124 3656 2179 dictu

2072 2226 2239 2298 697
2281 2240 2442 2295 quam
2495 2223 2719 2293 impium
2755 2228 2860 2276 est.
2897 2219 3081 2291 Longe
3116 2220 3260 2274 enim
3301 2219 3458 2273 aliter
3481 2217 3658 2272 omni-

2077 2319 2180 2372 bus
2232 2317 2286 2371 in
2321 2315 2485 2370 rebus
2533 2313 2782 2368 accidere
2811 2313 3110 2366 cernimus.
3164 2309 3230 2364 Et
3289 2326 3415 2366 vero
3464 2327 3532 2366 ex
3570 2309 3659 2365 his

2077 2408 2335 2464 omnibus
2364 2423 2484 2478 quae
2516 2407 2571 2461 in
2602 2413 2748 2461 terra
2793 2411 2953 2465 sunt,
2989 2403 3113 2458 licet
3139 2403 3407 2474 pessimas
3437 2417 3500 2457 ac
3529 2417 3660 2457 cru-

2078 2499 2390 2555 delissimas
2441 2511 2689 2568 quasque
2738 2494 2884 2548 feras
2931 2493 3247 2548 consideres
3277 2533 3291 2557 ,
3347 2491 3496 2546 nulla
3551 2501 3658 2557 est,

2079 2607 2201 2662 qua:
2236 2591 2290 2644 in
2329 2589 2414 2644 sui
2443 2588 2676 2643 similem
2710 2585 2928 2650 saeviat,
2960 2583 3053 2640 sed
3089 2583 3142 2639 in
3183 2584 3410 2640 alterius
3442 2585 3661 2655 generis

2080 2683 2364 2738 duntaxat.
2406 2679 2649 2750 Exempli
2681 2693 2849 2734 causa
2890 2679 3102 2734 leonem
3135 2677 3221 2732 leo
3248 2719 3263 2744 ,
3299 2685 3522 2748 pr0ptor
3550 2675 3663 2732 lor-

2083 2791 2183 2830 mae
2235 2789 2298 2828 ac
2345 2781 2556 2827 natura:
2604 2770 3018 2826 similitudinem
3047 2808 3063 2833 ,
3120 2783 3229 2823 non
3271 2768 3528 2833 devorat;
3565 2766 3663 2824 sed

2081 2869 2207 2922 licet
2240 2869 2430 2936 ingens
2459 2864 2631 2919 fames
2661 2864 2716 2917 in
2749 2861 3030 2917 montibus
3081 2861 3224 2916 feras
3264 2861 3387 2916 illas
3425 2867 3618 2930 urgeat
3643 2898 3658 2922 ,

2082 2957 2218 3013 adeo
2245 2969 2305 3012 ut
2331 2963 2552 3027 propter
2585 2955 2759 3016 nives,
2788 2962 2883 3008 aut
2911 2953 3149 3024 inopiam
3175 2953 3438 3023 aliquam,
3469 2951 3665 3022 praeda:

2082 3050 2220 3106 nihil
2249 3051 2410 3119 longo
2443 3060 2686 3118 tempore
2737 3047 3048 3110 inveniant,
3085 3046 3140 3099 in
3173 3045 3360 3100 lustris
3391 3053 3572 3099 tamen
3601 3059 3666 3099 ac

2087 3142 2325 3197 latibulis
2358 3141 2475 3196 suis
2507 3155 2633 3194 cum
2663 3139 2861 3194 catulis
2912 3155 2976 3194 ac
3004 3139 3188 3194 leaenis
3215 3146 3662 3203 commorantur;

2085 3248 2188 3288 nec
2237 3233 2352 3288 ulla.
2394 3232 2618 3287 omnino
2649 3231 2826 3288 bestia
2877 3231 2931 3286 in
2984 3231 3070 3286 sui
3124 3229 3356 3286 similem
3401 3230 3664 3294 incurrit,

395 3345 465 3396 ἂν
517 3345 598 3408 εἰς
631 3345 828 3414 μανίαν
859 3324 999 3398 ἔλθοι
1038 3346 1099 3398 τὸ
1137 3345 1275 3410 ζῶον
1298 3387 1312 3411 ,
1356 3345 1452 3399 καὶ
1485 3345 1763 3414 λυσσῆσαν
1800 3345 1977 3412 ἀγνοεὶ

2088 3327 2236 3383 velut
2269 3328 2432 3398 lupus
2462 3327 2516 3381 in
2549 3327 2733 3398 lupum
2759 3366 2775 3389 ,
2831 3327 2935 3382 nisi
2987 3326 3130 3382 forte
3188 3326 3244 3379 in
3291 3324 3492 3379 rabiem
3533 3337 3666 3378 con-

393 3436 424 3488 ὃ
461 3439 709 3509 πράττει.
761 3439 822 3490 Εἰ
866 3438 1044 3493 τοίνυν
1071 3439 1231 3497 λύκος
1259 3438 1424 3492 λύκον
1449 3439 1549 3491 οὐκ
1572 3437 1742 3490 ἐσθίει
1765 3437 1854 3490 διὰ
1885 3437 1982 3507 τὴν

388 3529 714 3600 ὁμόστοιχον
747 3532 985 3603 μορφὴν,
1023 3517 1140 3595 πῶς
1171 3532 1424 3586 δύνανται
1469 3533 1520 3583 οί
1550 3531 1812 3602 ἄρχοντες
1838 3531 1984 3600 ἡμᾶς

393 3620 639 3682 ἐσθίειν,
698 3625 747 3675 εἰ
796 3624 893 3695 τῆς
932 3623 1104 3694 αὐτῆς
1143 3624 1495 3695 ὑπάρχομεν,
1553 3623 1648 3676 καὶ
1685 3624 1745 3676 ού
1785 3622 1985 3694 μᾶλλον

389 3713 770 3779 θωπεύουσιν,
823 3717 912 3771 ἵνα
957 3716 1180 3781 δόξωσιν
1228 3716 1327 3780 τὰς
1373 3717 1506 3780 ἰδίας
1545 3715 1724 3770 αὐτῶν
1773 3716 1983 3787 μορφὰς

394 3809 848 3879 περιποιεῖσθαι;
923 3810 1030 3864 Καὶ
1111 3810 1445 3881 πανταχόθεν
1511 3810 1823 3881 ἐλέγχονται
1891 3809 1984 3864 τοῦ

391 3899 640 3972 ἀγύρτου
677 3903 726 3954 οί
755 3901 921 3970 λόγοι.

468 4057 594 4114 OZ'.
630 4053 765 4111 Εἶτα
804 4059 965 4112 πάλιν
993 4059 1102 4113 ἀπὸ
1132 4059 1225 4113 τοῦ
1255 4057 1590 4130 Εὑαγγελίου
1617 4057 1986 4130 ἐπιλαμϐάνε-

389 4170 508 4213 ται,
543 4153 626 4205 ὅτι
658 4152 732 4204 Οὐ
769 4152 968 4216 πάντες
1007 4151 1245 4224 χωροῦσι
1279 4151 1379 4223 τὴν
1405 4151 1570 4206 αὑτοῦ
1611 4151 1983 4217 διδασκαλίαν,

392 4238 516 4292 ἀλλ’
557 4233 639 4302 οἷς
667 4238 895 4294 δέδοται.
935 4241 1044 4294 Καὶ
1075 4241 1174 4294 οὐκ
1200 4236 1269 4311 ἦν
1294 4241 1323 4294 ὁ
1353 4241 1509 4310 λόγος
1554 4241 1684 4313 περὶ
1733 4242 1986 4296 διδασκα-

392 4329 518 4393 λίας
555 4329 791 4384 ἐνταῦθα
817 4331 894 4401 τῷ
919 4333 1150 4404 Σωτῆρι,
1184 4332 1321 4387 ἀλλὰ
1355 4335 1485 4404 περὶ
1513 4333 1805 4404 εὐνούχων.
1832 4335 1896 4387 Εἰ
1928 4333 1986 4388 δὲ

392 4422 529 4493 περὶ
559 4421 662 4492 τῆς
685 4423 851 4477 αὐτοῦ
885 4423 1234 4489 διδασκαλίας
1267 4425 1565 4497 πληροῦται
1595 4425 1680 4493 τὸ,
1720 4429 1804 4481 Οὐ
1837 4425 1978 4481 πάιν·-

390 4531 496 4580 τες
545 4515 867 4583 χωροῦσιν,
909 4515 1144 4571 ἐνταῦθα
1191 4516 1269 4588 τῷ
1322 4518 1560 4590 Σωτῆρι,
1612 4518 1741 4590 ἄρα,
1787 4518 1882 4572 ἐὰν
1923 4519 1985 4572 οὐ

393 4607 718 4678 χωρήσωσι,
787 4609 928 4661 κατὰ
978 4609 1078 4680 τὴν
1129 4609 1266 4663 ίδίαν
1317 4611 1543 4682 γνώμην
1583 4611 1644 4663 οὐ
1694 4609 1982 4682 χωροῦσιν.

2084 3419 2247 3473 citata
2285 3418 2418 3489 quid
2449 3426 2572 3490 agat
2603 3419 2832 3474 nesciat.
2866 3417 3048 3484 Quare
3084 3433 3208 3471 cum
3252 3431 3320 3471 ne
3353 3415 3515 3486 lupus
3541 3415 3667 3486 qui-

2084 3511 2205 3565 dem
2229 3510 2415 3580 lupum
2445 3510 2670 3566 devoret
2693 3551 2709 3574 ,
2758 3510 2830 3564 ob
2866 3510 3049 3582 ﬁgura:
3091 3508 3471 3579 cognationem
3494 3547 3509 3572 ,
3537 3524 3668 3579 quo-

2088 3601 2248 3657 modo
2278 3603 2556 3674 principes
2587 3602 2852 3658 devorare
2883 3617 2983 3656 nos
3031 3609 3266 3672 possunt
3289 3641 3303 3665 ,
3347 3600 3550 3670 quibus
3576 3615 3668 3656 su-

2085 3711 2208 3750 mus
2241 3695 2427 3750 formae
2459 3695 2816 3752 similitudine
2856 3693 3175 3764 conjuncti?
3211 3693 3324 3747 Cur
3350 3707 3457 3747 non
3485 3694 3680 3764 potius.

2085 3786 2443 3842 blandiuntur
2475 3788 2666 3854 nobis,
2707 3802 2817 3857 quo
2848 3803 2979 3842 suas
3006 3786 3250 3856 ipsorum
3298 3782 3500 3854 effigies
3527 3785 3667 3840 tueri

2085 3880 2486 3952 complectique
2531 3880 2865 3936 videantur?
2911 3879 3002 3933 Sic
3033 3874 3347 3946 impostoris
3379 3876 3528 3931 illius
3574 3893 3670 3931 un-

2085 3972 2251 4043 dique
2277 3972 2596 4035 confutatur
2625 3974 2824 4028 oratio.

2158 4063 2418 4118 LX'XVII.
2444 4065 2550 4120 Sed
2579 4065 2710 4119 illud
2738 4080 2801 4118 ex
2823 4063 3117 4133 Evangelio
3148 4063 3375 4134 profert,
3418 4078 3526 4118 non
3551 4077 3670 4116 om-

2089 4172 2186 4212 nes
2210 4157 2516 4212 doctrinam
2544 4172 2699 4211 suam
2722 4157 3052 4228 capere,sed
3081 4156 3279 4226 quibus
3308 4156 3494 4212 datum
3524 4151 3665 4210 est’.

2087 4250 2252 4320 Atqui
2283 4251 2431 4304 nulla
2457 4250 2546 4304 hic
2579 4265 2609 4304 a
2639 4248 2925 4304 Salvatore
2949 4249 3016 4305 de
3043 4250 3292 4304 doctrina
3317 4249 3547 4312 mentio,
3574 4247 3670 4303 sed

2088 4344 2157 4398 de
2207 4343 2477 4398 eunuchis
2516 4342 2783 4396 duntaxat
2842 4341 3171 4397 instituitur.
3216 4342 3416 4396 Verum
3470 4348 3527 4394 ut
3565 4339 3688 4394 hoc

2088 4434 2302 4498 demus,
2333 4435 2402 4490 ad
2431 4435 2606 4505 ipsius
2630 4435 2936 4489 doctrinam
2963 4435 3171 4490 dictum
3204 4433 3337 4488 illud
3356 4440 3630 4503 spectare
3653 4451 3672 4488 :.

2094 4523 2214 4578 Non
2247 4541 2426 4579 omnes
2454 4527 2668 4594 capiunt
2689 4524 2742 4578 δε
2774 4525 2940 4595 igitur
2969 4527 3012 4580 si
3049 4541 3156 4578 non
3181 4524 3421 4593 capiunt,
3447 4539 3511 4577 ex
3545 4539 3673 4594 pro-

2095 4613 2210 4681 pria
2235 4613 2402 4666 animi
2438 4614 2708 4668 sententia
2741 4629 2849 4668 non
2880 4613 3127 4683 capiunt.
3157 4613 3340 4679 Quare
3374 4613 3536 4667 laude
3574 4621 3674 4667 aut

405 4697 716 4750 Ἐπαινετοὶ
753 4693 846 4752 οῦν
876 4699 994 4769 ἦτοι
1020 4701 1210 4770 ψεκτοὶ
1241 4694 1388 4755 οῦτοι
1426 4702 1522 4756 ἐπὶ
1549 4702 1612 4755 τὸ
1640 4701 1977 4768 αὐτεξούσιον

2091 4705 2362 4774 vituperio
2387 4705 2537 4772 digni
2562 4721 2628 4759 ex
2651 4705 2948 4760 voluntatis
2976 4720 3089 4759 sum
3121 4705 3370 4759 libertate
3393 4704 3670 4772 dicentur;

391 4786 780 4856 κληθήσονται’
815 4789 909 4842 καὶ
932 4790 1115 4845 οὐκέτι
1136 4792 1278 4846 κατὰ
1301 4793 1460 4861 φύσιν
1473 4793 1699 4846 ἔσταιτδ
1715 4793 1950 4865 χώρημα
1965 4811 1978 4825 ·

388 4879 518 4931 ἐπεὶ
552 4877 618 4931 ἂν
646 4879 953 4952 ὠφελήσειε
983 4882 1082 4954 τὴν
1113 4884 1262 4956 αὐτῷ
1305 4887 1689 4955 καταγγέλλων
1722 4887 1981 4943 διδασκα-

387 4969 546 5034 λίαν;
589 4969 844 5036 Ἑξέπεσε
899 4972 955 5026 δὲ
1000 4976 1334 5046 πανταχόθεν
1369 4976 1533 5032 αὑτοῦ
1561 4980 1589 5031 ὁ
1631 4980 1786 5048 λόγος
1816 4999 1828 5010 ο
1859 4979 1982 5033 οὔτε

387 5062 503 5132 γὰρ
525 5061 875 5118 διδασκαλίαν
903 5065 931 5117 ὁ
962 5066 1154 5138 Σωτὴρ
1189 5067 1280 5122 τὸν
1306 5068 1464 5138 λόγον
1484 5072 1820 5142 ἀπεφήνατο,
1846 5071 1983 5125 ἀλλὰ

385 5153 459 5206 δι’
526 5154 904 5228 εὐνουχισμόν.
971 5159 1088 5214 Κάν
1125 5177 1184 5213 τε
1214 5159 1568 5217 διδασκαλίαν
1603 5163 1770 5228 εἴποι,
1797 5164 1981 5218 οὐκέτι

389 5244 724 5312 σταθήσεται
771 5248 868 5301 τοῦ
906 5249 1067 5322 Μάνη
1109 5249 1286 5320 λόγος.
1333 5253 1474 5325 Φησὶ
1513 5253 1570 5307 δὲ
1613 5256 1650 5308 ό⁴
1678 5254 1842 5319 αὐτὸς
1864 5256 1985 5310 Μά-

388 5352 492 5406 νης
514 5337 703 5409 ’-Ἦδη
729 5341 749 5370 ⁸
782 5341 909 5403 τοὺς
949 5342 1269 5413 ἡμετέρους.
1317 5344 1430 5414 (56)
1475 5344 1593 5407 Kal:
1613 5343 1724 5416 γὰρ
1767 5346 1838 5400 τὰ
1873 5347 1986 5416 ἐμὰ

387 5431 664 5497 πρόϐατα
712 5433 986 5501 γινώσκει
1003 5452 1100 5505 με,
1156 5437 1255 5493 καὶ
1299 5437 1572 5507 γινώσκω
1604 5437 1676 5492 τὰ
1694 5439 1807 5509 ἐμὰ
1838 5440 1986 5508 πρό-

2092 4810 2271 4864 neque
2299 4811 2363 4850 ex
2396 4802 2596 4849 natura
2616 4797 2893 4866 capacitas
2929 4796 3020 4848 illa
3054 4795 3286 4866 petenda
3315 4795 3509 4861 fuerit;
3535 4796 3670 4849 alio-

2091 4888 2183 4957 qui
2217 4887 2348 4958 quid
2385 4887 2735 4957 praedicanda
2776 4887 3027 4942 doctrina
3071 4904 3170 4943 sua
3203 4887 3530 4958 proliceret?
3567 4885 3676 4941 Ve-

2092 4995 2213 5034 rum
2247 4979 2381 5032 nihil
2410 4979 2636 5034 omnino
2655 4979 2824 5043 ‘dicit,
2852 4978 3296 5049 quandoquidem
3330 4995 3440 5033 non
3473 4979 3546 5034 ad
3572 4979 3674 5034 do-

2091 5070 2458 5136 ctrinam,sed
2489 5071 2844 5142 adspadones
2875 5070 3180 5127 Salvatoris
3210 5071 3301 5126 ille
3331 5085 3515 5127 sermo
3550 5086 3674 5140 per—

2091 5162 2248 5218 tinet.
2297 5165 2376 5218 Ac
2407 5166 2626 5221 tametsi
2657 5165 2725 5220 de
2763 5165 3013 5220 doctrina
3063 5165 3401 5234 loqueretur,
3441 5178 3548 5217 non
3593 5170 3689 5215 ιιι--

2093 5271 2220 5312 men
2266 5262 2415 5312 stare
2460 5255 2982 5327 posset-Manichaei
3021 5257 3182 5311 ratio.
3215 5256 3431 5311 Atenim
3494 5253 3636 5308 Mani

2091 5349 2317 5404 chaeus:
2352 5349 2624 5414 Noverat,
2657 5351 2870 5421 inquit,
2919 5357 3160 5406 nostros.
3198 5347 3329 5404 Ores
3362 5349 3500 5402 enim
3543 5362 3672 5400 mea:

2093 5451 2411 5512 cognoscunt
2443 5457 2545 5508 me,
2589 5451 2640 5496 et
2664 5458 2918 5513 cognosco
2947 5457 3062 5496 oves
3103 5456 3245 5495 meas
3268 5440 3310 5494 ⁵.
3338 5439 3444 5494 Sed
3472 5438 3674 5511 ubique

469 5606 649 5671 |‘For.
674 5615 847 5680 ἄνοια.
928 5620 947 5650 ²
972 5617 1033 5672 C.
1063 5617 1198 5688 ᾔδει.
1261 5619 1296 5656 ³ι
1323 5618 1514 5674 Matth.
1553 5636 1666 5685 xu,
1705 5621 1793 5674 II.
1871 5623 1892 5652 ⁸
1927 5621 1977 5678 ib

2085 5683 2088 5685 λ
2136 5619 2346 5680 'Joan.
2371 5640 2427 5688 x,
2459 5624 2552 5679 M.

471 5796 592 5872 (36)
632 5801 786 5871 Φησὶ
811 5801 880 5857 δὲ
910 5802 1094 5871 αὐτὸς
1116 5803 1344 5873 Μάνης*
1363 5800 1519 5872 ’Ἧδη
1545 5801 1670 5861 For.
1699 5802 1847 5877 ᾔδειν
1870 5804 1977 5868 τοὺς

2081 5805 2321 5878 ιετέραυς
2341 5844 2369 5874 ,
2391 5813 2448 5863 ιιι
2472 5803 2757 5881 sequentia
2796 5802 3176 5879 persuadeak.
