4076 6392
416 395 521 452 H9

1824 399 1878 452 S.
1924 398 2263 454 EPlPHANlI

3571 397 3686 454 120

417 513 618 565 malum
645 509 856 572 habuit,
885 509 1010 578 quis
1041 509 1374 564 immobilem
1407 511 1552 564 illam
1584 511 1712 564 mali
1741 521 1991 564 naturam

2106 515 2366 585 Ξτρεπτον
2418 513 2580 584 φύσιν
2629 513 2828 576 κακίας
2865 511 3140 584 τραπῆναι
3175 512 3267 564 ἐπὶ
3294 511 3361 566 τά
3394 512 3467 584 μὴ
3510 523 3682 585 προσ-

418 611 573 656 tanto
603 601 888 655 intervallo
917 601 1168 664 mutavit,
1205 608 1265 654 ut
1295 616 1355 655 se
1389 601 1455 654 ad
1503 603 1680 656 aliena
1713 613 1991 658 converte-

418 695 538 748 ret?
567 693 625 748 Si
657 694 708 747 id
735 709 804 748 eo
837 692 1040 748 factum
1064 701 1170 756 est,
1203 694 1346 762 quod
1373 693 1537 765 672
1580 695 1822 749 nondum
1855 711 1993 763 pran-

416 789 542 840 data
567 787 821 840 virtutem
853 793 1020 846 esset.
1045 799 1222 856 neque
1252 787 1864 858 bonumexpugnasset,
1899 798 1993 843 aut

416 880 536 947 ejus
569 889 900 933 armaturam
928 887 1273 948 occupasset,
1309 895 1415 950 qua
1457 896 1517 936 se
1547 881 1900 936 conﬁrmaret
1929 897 1992 936 ac

417 976 698 1038 pasceret,
739 976 902 1037 atque
935 969 1006 1021 ita
1051 975 1129 1022 tot
1159 969 1265 1024 illis
1307 971 1524 1026 smculis
1574 973 1752 1026 omnis
1797 986 1992 1040 espers

416 1061 686 1122 alimenti,
721 1071 824 1114 nec
855 1073 988 1114 vero
1033 1061 1183 1115 illius
1212 1061 1462 1133 indigens
1501 1064 1836 1132 permansit;
1869 1063 1993 1132 quis

416 1165 536 1205 eam
569 1163 839 1214 naturam,
871 1167 992 1222 quae
1018 1151 1334 1206 alimentum
1361 1155 1628 1209 hactenus
1650 1155 1872 1208 minime
1901 1155 1995 1208 de-

418 1245 714 1310 siderabat,
766 1246 834 1300 ad
885 1247 1017 1300 illud
1074 1249 1472 1318 capessendum
1528 1248 1766 1317 impulit,
1831 1247 1994 1317 idque

418 1336 597 1404 ipsum
638 1336 1048 1407 requirendum,
1093 1339 1238 1410 quod
1269 1355 1374 1392 non
1406 1346 1564 1393 antea
1611 1339 1906 1408 ﬂagitabat.
1939 1339 1993 1392 id

417 1429 734 1484 desiderare
760 1430 1020 1501 denique,
1046 1433 1190 1501 quod
1225 1447 1570 1501 nequaquam
1595 1439 1754 1485 antea
1788 1431 1997 1485 deside-

419 1524 669 1576 raverat?
705 1521 1041 1582 Naturamne
1091 1525 1362 1579 mutavit?
1394 1524 1497 1579 Ubi
1544 1525 1709 1593 igitur
1753 1525 1842 1577 illa
1890 1533 1993 1587 est,

418 1628 581 1682 quam
618 1615 846 1678 asseris,
876 1615 1232 1670 immutabilis
1269 1616 1397 1670 mali
1433 1615 1717 1669 conditio?
1760 1613 1914 1680 Quod
1948 1614 1994 1669 si

421 1707 714 1774 pristinum
748 1707 898 1760 illum
934 1723 1125 1763 rursus
1154 1709 1220 1762 ad
1252 1717 1452 1762 statum
1507 1707 1730 1770 redeat,
1780 1717 1839 1760 ut
1887 1717 1997 1774 quo

421 1808 674 1852 vescatur
715 1799 912 1854 habeat
955 1800 1112 1861 nihil,
1165 1814 1404 1869 quonam
1453 1807 1614 1869 pacto
1661 1799 1836 1852 malus
1881 1798 1993 1860 ille,

2093 608 2330 677 ήκοντα;
2367 603 2427 658 El
2461 606 2569 678 γὰρ
2599 605 2750 659 οὔπω
2775 598 2843 676 ἦν
2874 601 3165 675 ἁρπάξασα
3191 599 3440 674 δύναμιν,
3471 603 3565 657 καὶ
3588 613 3682 658 κα-

2092 699 2546 770 ταπολεμήσασα,
2607 698 2740 768 μηδὲ
2774 695 3015 750 λαϐοῦσα
3055 696 3356 749 πανοπλίαν
3399 697 3479 759 εἰς
3510 689 3681 764 αὐτῆς

2093 791 2325 861 δύναμιν
2362 791 2456 843 καὶ
2477 791 2557 852 είς
2583 789 2803 858 ἐδωδήν,
2839 786 3030 858 ἔμελλε
3053 788 3068 817 ¹
3093 787 3148 839 δὲ
3177 788 3233 838 ὲν
3257 785 3468 848 πολλοῖς
3493 785 3680 838 αἰῶσιν

2094 881 2348 952 ἄτροφος,
2382 880 2516 950 μηδὲ
2539 880 2745 950 τροφῆς
2773 876 3114 947 ὲπιδεομένη³
3145 877 3229 939 τίς
3250 875 3442 947 ἔτρεψε
3467 875 3564 944 τήν
3586 890 3683 926 πο-

2093 990 2152 1024 τε
2187 974 2260 1044 μὴ
2293 972 2648 1042 ἐπιδεομένην
2672 971 2878 1042 τροφῆς
2905 973 2984 1034 είς
3012 969 3220 1039 τροφὴν
3253 970 3430 1040 ήκειν,
3455 968 3546 1020 καὶ
3569 968 3682 1022 ἐπι-

2096 1065 2298 1133 ζητεῖν,
2360 1063 2496 1134 ὅπερ
2547 1061 2678 1113 ποτὲ
2729 1062 2828 1113 οὐκ
2885 1058 3161 1128 ἐπεζήτει,
3215 1059 3308 1112 καὶ
3374 1057 3680 1111 ἐπιδέεσθαι

2094 1155 2232 1223 ὅπερ
2255 1152 2384 1206 ποτὲ
2413 1153 2512 1205 οὐκ
2537 1152 2805 1213 ὲπεδέετο,
2841 1151 2954 1204 ἀλλ’
2985 1153 3034 1204 εί
3059 1151 3166 1222 ἄρα
3201 1153 3409 1222 ἐτράπη
3440 1149 3537 1221 τὴν
3575 1149 3677 1218 φύ-

2097 1261 2216 1308 σιν;
2263 1244 2372 1297 Καὶ
2407 1243 2526 1307 πῶς
2574 1245 2606 1314 ή
2639 1242 2789 1313 παρὰ
2827 1241 2911 1296 σοὶ
2951 1243 3180 1314 ἅτρεψία
3217 1243 3345 1314 περὶ
3373 1241 3468 1296 τοῦ
3507 1239 3678 1295 κακοῦ

2100 1334 2527 1406 συσταθήσεται;
2562 1331 2625 1388 Et
2654 1336 2711 1388 δὲ
2743 1335 2838 1388 καὶ
2870 1335 3031 1389 πάλιν
3062 1338 3143 1398 εἰς
3173 1333 3306 1387 ἰδίαν
3347 1332 3679 1387 κατάστασιν

2098 1428 2260 1492 ἔλθοι,
2291 1429 2488 1500 μηκέτι
2523 1429 2772 1499 εὐπορῶν
2799 1429 2828 1481 ὃ
2855 1430 3038 1498 φάγοι,
3073 1428 3188 1491 πῶς
3220 1430 3247 1480 6
3280 1426 3440 1480 πάλιν
3471 1427 3527 1479 ὲν
3554 1442 3681 1479 συν-

2095 1519 2257 1590 ηθείᾳ
2308 1520 2548 1588 γεγονὼς
2582 1522 2806 1592 κακὸςῆ
2837 1522 3072 1592 πονηρὸς
3103 1521 3194 1573 τοῦ
3230 1517 3558 1590 βιϐρώσκειν
3585 1517 3681 1570 καὶ

2098 1611 2263 1682 ἐδωδῇ
2305 1611 2559 1682 χρῆσθαι,
2599 1611 2821 1666 δύναται
2872 1613 3166 1682 ὑπομένειν
3213 1612 3294 1674 είς
3335 1609 3428 1662 τὸν
3465 1610 3681 1662 ἐπιόντα

2100 1705 2290 1774 χρόνον
2337 1706 2462 1759 ἄνευ
2502 1705 2703 1774 ὲδωδῆς
2740 1703 3036 1770 διατελῶν;
3081 1705 3144 1757 El
3188 1703 3296 1774 γὰρ
3333 1705 3390 1755 ἐν
3426 1701 3683 1773 συνηθείᾳ

2105 1793 2407 1864 βρωμάτων
2436 1795 2509 1865 μὴ
2539 1793 2778 1863 γεγονὼς
2807 1795 2905 1847 οὐκ
2932 1793 3171 1864 ἠδυνήθη
3202 1791 3521 1861 ὑποστῆναι,
3546 1788 3684 1844 ἀλλὰ

421 1898 773 1959 posteaquam
799 1891 944 1944 vesci
972 1893 1342 1955 consueverit,
1371 1890 1631 1959 deinceps
1656 1869 1993 1944 vitam'tole—

2106 1887 2308 1954 ἐτράπη
2339 1887 2420 1948 εἰς
2449 1885 2648 1955 ἐδωδὴν
2675 1885 2948 1956 ἔρχεσθαι,
2976 1886 3069 1938 καὶ
3095 1885 3333 1955 συλήσας
3360 1884 3459 1953 τὴν
3481 1882 3682 1952 ψυχὴν»

421 1996 544 2035 rare
564 1982 683 2037 sine
710 1979 836 2037 cibo
867 1983 1100 2051 poterit?
1129 1982 1344 2036 Etenim
1377 1983 1422 2036 si
1446 1997 1555 2051 quo
1581 1989 1826 2050 tempore
1851 1993 1991 2034 non-

419 2071 549 2124 dum
594 2071 736 2125 cibis
779 2079 1120 2137 assueverat,
1168 2073 1444 2127 sustinere
1482 2071 1840 2126 nihilominus
1881 2085 1990 2124 non

419 2162 615 2230 potuit,
655 2163 748 2216 sed
788 2162 855 2216 ad
888 2164 1240 2233 quaarendum
1275 2163 1531 2232 pabulum
1579 2171 1664 2217 est
1701 2163 1991 2232 impulsus,

421 2267 486 2305 ae
525 2251 743 2306 demum
778 2255 1057 2323 praedatus
1097 2254 1334 2308 animam
1370 2270 1433 2307 ca
1479 2269 1578 2322 pro
1622 2251 1746 2308 cibo
1787 2254 1994 2309 abusus

420 2353 552 2397 est:
592 2345 681 2398 ubi
725 2345 972 2400 ciborum
1024 2346 1411 2401 consuetudini
1461 2345 1772 2410 indulserit,
1823 2345 1994 2399 multo

2101 1974 2297 2047 βρῶμα
2356 1977 2530 2047 ἐαυτῷ
2576 1980 3022 2049 περιεποιήσατο,
3080 1976 3278 2047 μᾶλλον
3324 1977 3381 2029 ὲν
3423 1973 3682 2045 συνηθείᾳ

2103 2069 2387 2138 βρώματος
2408 2069 2646 2138 γεγονὼς
2681 2070 2908 2141 ἄσχετος
2933 2071 3085 2123 ἔσται
3115 2068 3212 2140 τὴν
3251 2068 3432 2136 φύσιν,
3464 2067 3557 2119 καὶ
3589 2066 3678 2119 οὓς

2099 2161 2188 2213 δὲν
2225 2159 2290 2214 ἂν
2339 2161 2526 2216 τοῦτον
2569 2162 2925 2233 παραπείσειε
2964 2161 3142 2232 λίχνον
3177 2159 3438 2228 γεγονότα
3487 2156 3582 2211 καὶ
3625 2160 3685 2210 ὲν

2103 2252 2268 2324 πείρᾳ
2297 2254 2498 2323 ἐδωδῆς
2537 2254 2666 2308 ἄνευ
2696 2255 2902 2308 τούτων
2925 2254 3210 2317 διατελεῖν,
3239 2252 3314 2316 ὼς
3346 2253 3372 2304 ό
3409 2250 3499 2313 σὸς
3527 2249 3686 2318 λόγος

2101 2343 2405 2406 ἀσύστατος
2439 2345 2700 2416 ὑπάρχων
2722 2344 2882 2398 τοῦτο
2917 2344 3184 2415 βούλεται.

423 2441 604 2495 minus
649 2441 905 2496 cohibere
952 2457 1072 2496 sese
1115 2449 1332 2510 poterit,
1381 2455 1480 2494 nec
1525 2441 1632 2494 ulla
1682 2440 1896 2495 ratione
1941 2440 1989 2492 ei
2051 2439 2374 2509 persuaderi
2421 2441 2640 2508 poterit,
2676 2448 2733 2493 ut
2770 2451 3122 2510 posteaquam
3190 2441 3412 2511 ligurire
3454 2454 3519 2492 ac
3577 2431 3682 2490 cibi

420 2532 746 2586 suavitatem
771 2533 1006 2602 experiri
1034 2533 1280 2602 cmperit,
1303 2531 1373 2587 ab
1400 2533 1494 2587 illo
1522 2547 1643 2587 sese
1673 2532 1984 2586 contineat:
2060 2532 2204 2602 quod
2253 2542 2434 2585 tamen
2503 2547 2641 2584 vana
2688 2541 2780 2585 tua
2829 2533 3166 2602 minimeque
3213 2535 3498 2588 cohaerens
3545 2526 3689 2581 ratio

422 2626 781 2694 comprobare
810 2627 1024 2680 nititur.

492 2717 604 2771 LX.
635 2715 834 2772 Verum
858 2719 961 2774 hoc
989 2720 1110 2774 loco
1137 2719 1505 2790 praetermisso
1530 2719 1597 2773 ad
1626 2719 1731 2773 alia
1752 2718 1998 2786 ejusdem

422 2809 663 2865 hominis
687 2809 879 2866 deliria
909 2810 1214 2866 orationem
1254 2809 1560 2865 conferam.
1595 2809 1881 2879 Principes
1923 2811 2002 2863 ait

425 2910 698 2969 postremo
729 2901 820 2956 illo
849 2911 1094 2974 tempore
1137 2904 1372 2972 pr0priis
1419 2902 1644 2959 sedibus
1686 2904 1999 2958 restitutum

426 2991 517 3054 iri,
563 3005 626 3045 ac
655 2989 868 3046 Patrem
895 3000 1137 3047 suasmet
1167 2993 1340 3063 ipsius
1385 2999 1570 3063 partes
1617 3009 1740 3049 esse
1771 3008 2002 3064 recupe-

425 3087 697 3135 raturum.
723 3081 860 3147 Quis
879 3090 966 3136 est
987 3082 1075 3136 ille
1097 3090 1207 3135 tam
1227 3098 1438 3152 aequus,
1465 3091 1522 3138 ut
1546 3082 1842 3154 unicuique
1861 3083 2000 3154 parti

426 3174 696 3227 terminos
725 3187 857 3228 suos
890 3175 1034 3228 velut
1071 3174 1401 3244 decempeda
1446 3175 1738 3230 metiatur?
1763 3175 1997 3242 Quinam
2028 3191 2073 3251 ο

426 3279 557 3318 vero
575 3264 788 3334 parebit
819 3265 932 3326 ille,
959 3266 1052 3334 qui
1073 3265 1289 3320 veritati
1320 3281 1384 3320 ac
1417 3267 1562 3321 bono
1584 3279 1790 3322 morem
1815 3279 2002 3336 gerere

429 3355 589 3409 initio
622 3356 889 3412 noluerit?
910 3357 1043 3412 Siid
1080 3359 1409 3414 necessitate
1449 3360 1650 3414 bonum
1680 3368 2000 3415 exorturum

427 3443 656 3510 dixeris,
685 3454 745 3499 ut
774 3445 1014 3514 injustus
1038 3447 1127 3500 ille
1150 3447 1265 3502 suis
1290 3449 1454 3503 rebus
1475 3458 1766 3505 contentus
1789 3451 1881 3513 sit,
1903 3465 2004 3505 nec

431 3536 486 3591 in
512 3538 638 3591 boni
673 3541 1076 3606 possessionem
1118 3541 1342 3605 involet,
1371 3556 1470 3594 cur
1516 3555 1624 3595 non
1665 3540 1844 3596 facere
1872 3542 2003 3596 illud

434 3628 589 3682 initio
635 3630 842 3697 potuit,
897 3631 1212 3700 priusquam
1271 3647 1384 3686 sua:
1423 3632 1528 3686 sibi
1583 3641 1766 3701 partes
1819 3645 2006 3688 essent

427 3719 666 3787 ενοι)ιεῖ
695 3720 776 3772 An
804 3734 935 3772 vero
958 3719 1124 3774 simul
1161 3735 1284 3776 esse
1311 3720 1420 3774 duo
1453 3721 1531 3776 illi
1563 3731 1842 3792 poterunt.
1877 3738 2004 3777 cum

432 3822 588 3862 suam
620 3808 858 3876 quisque
882 3814 1092 3876 partem
1113 3809 1393 3863 obtineat?
1415 3810 1528 3881 Age
1553 3825 1681 3864 vero
1713 3812 1758 3866 si
1781 3810 2007 3864 omnino

435 3911 545 3950 sua!
561 3896 932 3966 Omnipotenti
969 3908 1152 3967 partes
1177 3900 1453 3955 attributa!
1479 3901 1610 3967 sint,
1645 3900 1782 3955 adeo
1821 3910 1880 3954 ut
1902 3916 2009 3955 ca:-

433 3997 564 4041 terae
591 3988 725 4040 nihil
759 3987 828 4041 ad
867 3987 1044 4056 ipsum
1087 3989 1418 4058 pertineant,
1437 3989 1794 4060 Omnipotens
1824 3990 2008 4060 appel-

435 4077 536 4130 lari
573 4076 822 4142 desinet,
871 4078 1083 4134 desinet
1119 4081 1363 4134 omnium
1415 4097 1538 4136 esse
1581 4081 1758 4148 Deus,
1796 4082 2010 4137 desinet

435 4169 613 4223 malus
647 4169 793 4224 bono
833 4184 958 4225 esse
986 4171 1290 4240 subjectus,
1331 4188 1455 4226 cum
1501 4177 1878 4248 unusquisque
1909 4189 2010 4229 sua

437 4275 497 4314 se
531 4259 906 4317 dominatione
935 4263 1234 4319 contineat.
1279 4264 1449 4334 Cujus
1496 4281 1663 4335 porro
1703 4267 1882 4322 malus
1919 4267 2011 4322 ille

436 4352 695 4410 dominus
730 4356 857 4419 erit,
880 4356 929 4411 si
958 4371 1140 4426 neque
1181 4356 1420 4413 mundus
1467 4359 1706 4427 amplius
1745 4360 2008 4428 supersit,

441 4459 539 4498 nec
567 4445 854 4510 animalia,
894 4447 978 4501 vel
1024 4447 1276 4503 homines
1319 4449 1446 4516 ulli,
1478 4449 1571 4518 qui
1617 4451 1766 4504 illius
1814 4451 2011 4504 ditioni

437 4536 754 4606 subjacent?
799 4537 1067 4594 Praeterea
1103 4555 1226 4593 cum
1274 4541 1414 4595 idem
1468 4541 1560 4596 ille
1588 4543 1815 4596 materia
1849 4544 2012 4598 simul
2045 4533 2088 4588 Ι)

437 4639 600 4698 atque
642 4631 926 4698 corruptio
968 4631 1060 4693 sit,
1093 4647 1278 4685 nonne
1325 4647 1435 4702 pne
1479 4633 1694 4688 caeteris
1733 4635 2011 4705 corrumpi

438 4721 555 4790 ipse
595 4722 821 4776 debuit?
859 4722 996 4776 Nam
1026 4725 1074 4779 si
1113 4740 1180 4778 ex
1214 4725 1309 4778 illo
1342 4733 1587 4794 tempore
1619 4727 1820 4780 malum
1849 4727 2012 4798 673

436 4814 826 4883 etsicorruptio
843 4813 982 4870 foret
1020 4825 1327 4887 caeteraque
1350 4828 1749 4888 corrumperet,
1771 4820 2012 4888 seipsum

407 4905 662 4960 .minime
703 4908 1028 4977 corrumpit,
1063 4923 1173 4962 non
1216 4918 1300 4964 est
1343 4911 1488 4979 quod
1535 4911 1878 4980 corruptinni
1917 4911 2015 4965 ob-

439 5001 664 5054 noxium
713 4999 845 5053 illud
874 5015 999 5055 esse
1030 4999 1394 5068 suspicemur,
1427 5016 1551 5054 cum
1582 4999 1655 5054 ita
1697 5008 2016 5069 corrumpat

440 5103 657 5155 caetera,
693 5092 1219 5162 ipsum'immortale
1245 5092 1336 5156 sit,
1369 5108 1468 5146 nec
1498 5092 1774 5161 exstingui
1818 5092 2012 5160 possit.

442 5185 519 5238 Ex
548 5199 657 5254 quo
685 5194 740 5239 et
773 5183 907 5238 illud
957 5184 1229 5254 sequitur,
1262 5197 1387 5236 cum
1435 5183 1608 5239 solida
1643 5190 2016 5253 perpetuaque

442 5277 749 5331 substantia
777 5285 1012 5339 constet,
1043 5293 1106 5329 ac
1131 5285 1328 5345 praeter
1347 5291 1468 5332 sese
1495 5286 1782 5330 consumat
1806 5277 2010 5338 omnia,

443 5369 577 5424 nihil
605 5369 675 5422 ab
707 5370 801 5422 illo
831 5370 1080 5422 relictqu
1114 5370 1203 5429 iri,
1236 5369 1328 5422 sed
1361 5383 1486 5421 cum
1525 5377 1849 5422 caaterorum
1879 5383 2014 5420 eon-

444 5460 683 5530 sumptio
722 5460 814 5523 sit,
863 5460 972 5516 illis
1003 5461 1136 5529 ipsis
1162 5461 1444 5515 interitum
1478 5460 1794 5513 allaturum.
1817 5457 2016 5525 Quam-

443 5555 634 5606 obrem
659 5553 738 5605 sic
768 5551 913 5607 illius
943 5552 1254 5607 substantia
1285 5552 1646 5623 permanebit,
1675 5551 1811 5605 nihil
1840 5559 2005 5606 uteo-

442 5657 567 5698 rem
598 5657 717 5711 qua:
752 5651 879 5697 sunt
909 5643 1146 5698 residere
1178 5643 1448 5713 patiatur,
1487 5643 1579 5698 sed
1619 5642 1731 5697 sola
1764 5656 2014 5712 persevc-

513 5795 530 5827 ⁸
561 5793 624 5851 F.
663 5795 846 5863 ἔμενε.

2172 2714 2246 2767 Ξ¹.
2305 2712 2466 2765 Ἀλλὰ
2525 2713 2935 2784 παρελεύσομαι
2985 2711 3173 2766 τοῦτον
3221 2713 3312 2765 τὸν
3365 2713 3550 2766 τόπον·
3600 2715 3687 2784 ἐφ’

2102 2805 2268 2874 ἕτερα
2292 2804 2349 2857 δὲ
2374 2803 2535 2857 πάλιν
2565 2804 2662 2876 τῆς
2691 2802 2856 2858 αὑτοῦ
2887 2803 3156 2875 ληρωδίας
3185 2804 3569 2874 ἐπεκτείνομαι
3590 2805 3690 2877 τὴν

2103 2893 2372 2964 διήγησιν.
2419 2895 2588 2948 Πάλιν
2622 2894 2732 2966 γὰρ
2767 2895 2988 2963 φάσκει,
3016 2895 3098 2948 ὅτι
3130 2896 3179 2948 ol
3203 2895 3460 2965 ἄρχοντες
3488 2897 3547 2948 ὲν
3576 2899 3687 2960 τοῖς

2108 2986 2258 3048 ἰδίοις
2292 2985 2482 3056 μέρεσι
2507 2987 2627 3040 τότε
2658 2988 2890 3048 ἔσονται,
2922 2987 3016 3040 καὶ
3037 2989 3065 3040 ό
3094 2987 3284 3058 Πατὴρ
3321 2988 3388 3042 τὰ
3416 2987 3522 3040 ἴδια
3555 2990 3690 3041 ἁπο-

2107 3076 2336 3146 λήψεται
2363 3076 2523 3147 μέρη.
2550 3077 2644 3140 Τίς
2673 3079 2781 3148 ἄρα
2798 3079 2826 3130 ό
2847 3078 3096 3148 ἐπιεικὴς
3127 3072 3303 3142 οὗτος,
3321 3078 3406 3132 ἵνα
3435 3079 3528 3131 τὸν
3555 3080 3680 3150 ὅρον

2105 3167 2314 3236 διχόθεν
2345 3167 2575 3220 ἑκάστου
2625 3167 2824 3240 μέρους
2861 3170 3260 3240 γεωμετρήσης
3310 3167 3434 3232 Πῶς
3479 3169 3535 3222 δὲ
3571 3185 3689 3221 πει-

2106 3259 2360 3329 σθήσεται
2401 3260 2430 3310 ό
2467 3259 2723 3329 ἀπαρχῆς
2765 3262 2834 3330 τῇ
2872 3258 3103 3331 ἀληθείᾳ
3140 3261 3235 3313 καὶ
3275 3257 3354 3330 τῷ
3385 3258 3574 3328 ἀγαθῷ
3611 3259 3687 3329 μὴ

2104 3351 2456 3422 πειθόμενος;
2483 3353 2544 3404 Εἰ
2573 3351 2627 3404 δὲ
2660 3352 2776 3422 μετ’
2803 3351 3050 3423 ἀνάγκης
3080 3351 3468 3424 παραπείσειεν
3493 3355 3522 3404 ό
3549 3353 3678 3419 ἁγα-

2105 3445 2196 3508 θὸς
2230 3445 2320 3498 τὸν
2359 3447 2676 3516 παράνομον
2709 3443 2856 3508 ἰδίοις
2893 3447 3146 3514 στοιχεῖν,
3179 3445 3274 3498 καὶ
3307 3444 3381 3514 μὴ
3419 3442 3686 3512 ἐπεμϐαί-

2105 3554 2215 3590 νειν
2245 3539 2310 3607 τῇ
2339 3536 2433 3589 τοῦ
2465 3537 2670 3604 ἀγαθοῦ
2708 3535 2903 3607 μερίδι,
2945 3536 3032 3590 διὰ
3058 3537 3111 3588 τί
3139 3535 3212 3606 μὴ
3247 3535 3499 3606 ἀπαρχῆς
3531 3533 3690 3586 τοῦτο

2105 3630 2342 3699 ἠδυνήθη
2373 3632 2614 3701 ποιῆσαι,
2648 3631 2776 3701 πρὶν
2812 3629 2845 3700 ἢ
2876 3629 3013 3693 ὅλως
3049 3631 3144 3682 ἀπ’
3178 3629 3352 3698 αὑτῆς
3393 3628 3690 3699 συληθῆναι

2106 3722 2176 3774 τὰ
2219 3723 2391 3794 μέρη;
2423 3722 2547 3786 Πῶς
2572 3721 2628 3775 δὲ
2660 3722 2874 3776 ἔσονται
2911 3723 2959 3774 oi
2997 3721 3091 3774 δύο
3123 3720 3431 3781 ὲπιτοαυτὸ,
3465 3720 3568 3774 ἀνὰ
3593 3718 3689 3790 μέ-

2112 3832 2201 3884 ρος
2224 3814 2451 3877 ἕκαστος
2479 3815 2847 3889 κεκτημένος;
2881 3815 2942 3868 El
2973 3815 3080 3886 γὰρ
3111 3815 3245 3876 ὅλως
3275 3813 3412 3884 μέρη
3437 3811 3569 3882 ἔχει,
3595 3811 3690 3864 καὶ

2107 3906 2176 3959 τὰ
2223 3906 2385 3975 ἕτερα
2423 3906 2563 3976 μέρη
2595 3907 2696 3960 οὑκ
2749 3904 2937 3968 αὑτοῦ,
2980 3905 3164 3959 οὑκὲτι
3201 3903 3604 3972 Παντοκράτωρ
3659 3903 3688 3956 ό

2114 4001 2511 4070 Παντοκράτωρ
2537 3997 2888 4070 κληθήσεται,
2921 3998 3102 4049 οὐκέτι
3127 3995 3260 4058 Θεὸς
3277 3995 3386 4048 τῶν
3413 3996 3684 4055 ἁπάντων,

2109 4087 2289 4140 οὑκέτι
2317 4088 2625 4158 ὑποχείριος
2653 4090 2681 4140 ό
2715 4088 2882 4150 κακὸς
2918 4085 3014 4139 τοῦ
3047 4085 3248 4154 ἀγαθοῦ
3285 4087 3526 4156 γένηται,
3553 4082 3687 4137 ἀλλὰ

2110 4180 2338 4242 ἕκαστος
2385 4181 2565 4233 αὐτῶν
2597 4179 2708 4250 ἔχει
2748 4180 2848 4250 τὴν
2890 4179 3024 4232 ἰδίαν
3061 4178 3394 4231 δεσποτείαν.
3436 4177 3592 4239 Τίνος
3629 4175 3688 4230 δὲ

2111 4269 2218 4340 ἄρα
2251 4272 2280 4322 ό
2307 4269 2541 4341 πονηρὸς
2574 4270 2840 4340 δεσπότης
2869 4269 3040 4333 ἔσται,
3075 4269 3270 4340 μηκέτι
3298 4267 3448 4332 ὄντος
3474 4267 3570 4320 τοῦ
3601 4267 3690 4320 κό-

2114 4378 2271 4430 σμου,
2316 4361 2452 4432 μήτε
2492 4360 2599 4414 τῶν
2635 4363 2724 4414 ὑπ’
2752 4360 2919 4414 αὑτοῦ
2963 4360 3118 4424 ζώων
3161 4378 3222 4414 τε
3261 4361 3356 4415 καὶ
3387 4360 3688 4432 ἀνθρώπων

2115 4454 2555 4523 κυριευομένων;
2587 4454 2649 4509 Εἰ
2690 4453 2747 4507 δὲ
2781 4455 2922 4518 ὅλως
2965 4454 3134 4517 κακός
3175 4455 3292 4506 ἐστι
3330 4454 3424 4506 καὶ
3462 4453 3558 4522 ὕλη
3595 4452 3690 4504 καὶ

2117 4545 2312 4617 φθορὰ,
2343 4545 2463 4608 πῶς
2493 4545 2694 4616 μᾶλλον
2719 4545 2820 4600 οὑκ
2847 4545 3057 4616 ἐφθάρη
3082 4563 3095 4610 ;
3126 4546 3188 4598 Et
3211 4545 3316 4616 γὰρ
3339 4545 3525 4598 ἔκτοτε
3549 4546 3582 4614 ὴ
3601 4537 3691 4596 οὖα

2117 4656 2184 4691 σα
2213 4637 2380 4691 κακία
2409 4637 2582 4708 φθορά
2623 4637 2858 4708 ὑπῆρχε,
2893 4638 2989 4690 καὶ
3031 4636 3239 4708 φθείρει
3287 4637 3385 4708 μὲν
3427 4637 3496 4690 τὰ
3532 4635 3686 4695 ἄλλα,

2115 4731 2250 4802 αὕτη
2281 4731 2338 4783 δὲ
2369 4731 2566 4804 ἑαυτὴν
2595 4731 2655 4783 οὑ
2686 4729 2919 4801 φθείρει,
2945 4730 3128 4782 οὑκέτι
3151 4728 3479 4799 φθειρομένη
3511 4727 3689 4796 ὑπάρ-

2116 4841 2220 4894 χει,
2255 4825 2290 4894 ή
2334 4822 2469 4876 ἄλλα
2508 4824 2604 4894 μὲν
2639 4822 2957 4895 φθείρουσα,
2995 4821 3134 4893 αὓτη
3174 4821 3408 4892 μένουσα
3445 4820 3688 4881 άένναος.

2116 4916 2211 4967 καὶ
2247 4913 2320 4984 μὴ
2347 4912 2738 4986 ἀφανιζομένη.
2780 4912 2962 4982 Αὑτῆς
3001 4912 3058 4965 δὲ
3098 4910 3366 4981 μενούσης
3405 4910 3464 4962 ὲν
3498 4908 3691 4978 στερεᾷ

2117 5005 2430 5070 ὑποστάσει,
2471 5005 2795 5077 φθειρούσης
2827 5005 2883 5057 δὲ
2913 5005 2981 5060 τὰ
3013 5004 3168 5067 ἄλλα,
3199 5003 3293 5056 καὶ
3329 5002 3425 5070 οὐχ
3469 4999 3688 5070 ἑαυτὴν,

2115 5097 2266 5150 οὐδὲν
2299 5097 2414 5166 ἔχει,
2446 5098 2626 5160 ἐᾶσαι,
2657 5096 2792 5152 ἀλλὰ
2821 5096 3038 5159 πάντως
3069 5097 3102 5166 ἡ
3139 5094 3314 5165 φθορὰ
3352 5092 3461 5146 τῶν
3490 5091 3693 5162 ἐτέρων

2115 5193 2185 5246 τὰ
2214 5193 2376 5262 ἕτερα
2406 5193 2636 5265 φθείρει.
2693 5191 3058 5262 Ἐπιμένουσα
3088 5189 3145 5241 δὲ
3192 5190 3226 5259 ή
3260 5187 3428 5257 αὑτῆς
3457 5185 3691 5239 ὑπόστα-

2119 5300 2221 5348 σις,
2247 5283 2342 5336 καὶ
2380 5283 2560 5341 οὐκέτι
2585 5283 2736 5336 ἐάσει
2766 5283 2820 5334 τὶ
2843 5281 2952 5334 τῶν
2982 5282 3171 5343 ὄντων,
3207 5279 3340 5332 ἀλλὰ
3374 5277 3514 5346 αὕτη
3555 5276 3693 5347 μόνη

2121 5377 2290 5444 μενεῖ·
2319 5373 2389 5426 τὰ
2417 5373 2474 5428 δὲ
2504 5373 2834 5445 φθειρόμενα
2871 5373 2938 5426 δι’
2967 5371 3136 5441 αὐτῆς
3173 5369 3509 5438 ἀφανίζεται.
3538 5368 3601 5419 Et
3636 5366 3691 5420 δὲ

2117 5467 2210 5518 καὶ
2232 5466 2394 5534 ἑαυτῇ
2417 5467 2532 5518 ἐστι
2563 5466 2725 5535 κακὴ,
2759 5465 2854 5518 καί
2882 5466 3046 5534 ἑαυτῇ
3075 5463 3268 5533 φθορά,
3301 5460 3483 5513 οὐκέτι
3503 5461 3537 5530 ή
3563 5457 3694 5510 ὑπὸ·

2121 5574 2307 5620 στασις
2337 5557 2507 5628 αὐτῆς
2537 5555 2888 5628 σταθήσεται.
2925 5555 3000 5608 υὺ
3048 5554 3206 5624 μόνον
3249 5554 3306 5606 ἐν
3332 5550 3412 5620 τῷ
3449 5547 3700 5620 μέλλοντι

2118 5648 2345 5718 εἴποιμι,
2388 5646 2524 5702 ἀλλὰ
2560 5649 2653 5701 καὶ
2691 5646 2876 5701 ἔκτοτε
2919 5643 3277 5714 ἀφανισθεῖσα
3321 5641 3386 5697 ἂν
3426 5640 3684 5711 ὑπῆρχεὶ,
