4076 6392
424 449 525 507 ιιι

1073 449 1443 509 Αυιτειιδυε
1477 451 1821 511 ΗᾸΞΒΕδΕδ
1859 456 1990 514 LIB.

2135 452 2296 514 ΤΟΜ.
2340 458 2479 514 ll.——
2518 457 2790 512 ΗᾸΞΙῖΕΒ.
2833 456 3014 514 LX“.

3578 457 3680 514 {92

422 571 527 639 ήδη
551 567 608 620 δὲ
635 566 693 619 ἐν
720 566 886 636 ἑαυτῇ
915 565 1113 635 ἑαυτὴν
1155 565 1426 638 φθείρασά
1466 586 1527 622 τε
1567 571 1663 624 καὶ
1695 572 2010 642 ἀφανισθεῖ-

2112 589 2245 630 rans
2298 573 2555 628 universa
2617 571 2945 643 proﬂigabit.
2988 569 3123 624 Nam
3176 572 3222 626 si
3263 586 3416 626 suam
3453 587 3508 625 in
3559 587 3683 628 sese

423 678 516 713 σα.
565 658 724 711 Ἀλλά
753 657 924 710 ταῦτα
957 657 1136 711 πάντα
1169 660 1287 712 ἐστὶ
1329 660 1400 713 τὰ
1430 661 1746 733 διηγήματα
1778 665 1880 735 τῆς
1911 665 2007 719 τοῦ

420 753 657 820 άφρονος
701 748 1108 818 ματαιολογίας,
1165 749 1202 803 ἃ.
1235 754 1668 822 κατανοήσαντες
1706 756 1756 808 οἱ
1801 758 2012 810 συνετοὶ

419 841 528 892 υἱοὶ
545 840 644 908 τῆς
657 840 816 908 ἁγίας
843 840 936 892 τοῦ
952 839 1087 893 Θεοῦ
1115 840 1435 910 Ἐκκλησίας
1459 844 1692 908 πίστεώς
1707 863 1765 899 τε
1784 847 1877 899 τοῦ
1897 849 2011 900 Κυ-

422 929 564 999 ρίου,
589 930 900 1000 διακρίνατε
932 930 1024 982 τὸν
1054 929 1322 1002 ἀγύρτην,
1352 933 1446 984 καὶ
1473 936 1882 1003 καταγελάσαιτε
1909 938 2012 1008 τῆς

421 1020 590 1072 αὐτοῦ
639 1021 928 1091 ληρωδίας.
977 1021 1425 1077 Ἐπανελεύσεται
1461 1024 1518 1076 δὲ
1558 1026 1638 1089 εἰς
1684 1027 1783 1090 τὰς
1827 1028 2011 1092 κακῶς

418 1112 598 1182 ἑαυτῷ
625 1114 1050 1184 ὲπινενοημένας
1079 1115 1404 1185 προφάσεις,
1439 1117 1534 1170 καὶ
1571 1118 1678 1170 ἀπὸ
1713 1118 1825 1172 τῶν
1853 1119 2012 1173 θείων

421 1206 658 1278 Γραφῶν
686 1206 993 1276 ὁμοιώσεις,
1023 1209 1116 1260 καὶ
1135 1208 1234 1278 οὐχ
1260 1207 1433 1270 οὕτως
1462 1210 1711 1279 ἐχούσας,
1749 1211 1884 1264 ἀλλὰ
1916 1211 2011 1264 οὖ-

2107 665 2372 720 malitiam
2393 671 2645 719 exerceat
2683 678 2850 732 seque
2876 664 2990 732 ipsa
3017 671 3351 733 corrumpat,
3375 677 3484 717 non
3504 671 3683 735 potest

2109 763 2371 811 constans
2387 755 2508 823 ejus
2537 769 2661 809 esse
2683 754 3006 824 stabilisque
3033 753 3358 809 substantia.
3383 753 3461 808 Ac
3482 753 3680 809 nedum

2109 848 2313 902 futuris
2338 856 2526 917 postea
2558 847 2917 916 temporibus,
2947 846 3040 901 sed
3058 863 3126 901 ne
3147 849 3437 916 praateritis
3463 847 3684 917 quidem

2110 941 2292 995 facere
2317 940 2511 1010 potuit,
2544 940 2677 1010 quin
2713 955 2773 995 se
2802 948 2996 1009 suapte
3025 940 3195 1009 ipsius
3224 940 3463 1010 pernicie
3490 941 3686 995 exitio-

2059 1096 2062 1099 .
2107 1049 2214 1103 que
2245 1033 2559 1087 conﬁceret.
2603 1031 2882 1100 Ejusmodi
2925 1038 3053 1086 sunt
3092 1032 3414 1100 ineptissimi
3449 1032 3686 1087 hominis

2108 1139 2265 1196 nugae
2295 1139 2360 1178 ac
2394 1123 2613 1177 fabula}.
2647 1123 2857 1188 Quibus
2886 1123 3287 1177 animadversis
3315 1138 3415 1178 vos
3447 1123 3687 1193 pruden-

2103 1227 2207 1278 tes,
2241 1226 2445 1270 sanct.e
2467 1215 2560 1269 Dei
2593 1214 2848 1270 Ecclesiae
2881 1229 2944 1267 ac
2974 1214 3268 1270 Dominicae
3297 1214 3420 1268 ﬁdei
3455 1214 3682 1281 alumni,

418 1308 530 1362 τως
559 1301 650 1352 ὑπ’
675 1300 840 1354 αὐτοῦ
879 1302 1062 1365 κακῶς
1091 1302 1405 1371 νοουμένας.
1430 1303 1566 1374 Φέρε
1592 1300 1685 1357 οὖν
1719 1305 2008 1376 ὲκθὼμεθα

2112 1306 2283 1375 qualis
2318 1309 2584 1374 impostor
2615 1306 2707 1360 ille
2737 1305 2808 1360 sit
2835 1320 2959 1358 cum
2993 1305 3200 1372 judicio
3242 1312 3424 1359 vestro
3448 1319 3675 1374 perpen-

418 1391 562 1444 αὐτὰ
616 1390 679 1462 δὴ
735 1392 875 1444 κατὰ
913 1392 1077 1456 λέξιν,
1115 1394 1183 1458 ἃς
1217 1395 1574 1448 ὑτιοκλέπτων
1616 1399 1679 1449 ἐκ
1707 1396 1818 1448 τῶν
1850 1397 2009 1454 θείων

2110 1395 2248 1460 lite,
2290 1396 2520 1465 ejusque
2569 1395 2780 1450 somnia
2812 1395 3073 1450 deridete.
3114 1393 3219 1450 Sed
3260 1395 3327 1449 ad
3362 1402 3684 1463 argumenta

418 1482 672 1552 Γραφῶν,
700 1483 776 1546 ὠς
805 1483 960 1553 ἔφην,
1001 1486 1142 1538 κατὰ
1170 1487 1260 1538 τὸν
1285 1486 1410 1538 νοῦν
1435 1484 1598 1540 αὑτοῦ
1627 1486 1921 1556 διηγεῖταιο
1951 1489 1999 1540 εί

2112 1483 2348 1552 quaedam
2365 1484 2792 1552 occasionesque
2811 1499 3090 1552 perperam
3109 1501 3172 1538 ex
3195 1483 3492 1554 Scripturis
3513 1485 3688 1539 sacris

417 1575 521 1626 καὶ
574 1575 807 1644 μάλιστα
851 1576 1112 1639 πολλάκις
1154 1577 1254 1640 τὰς
1308 1576 1478 1640 αὑτὰς
1519 1577 1998 1648 διαλαμϐάνοντες,

419 1667 698 1736 ἀκρότατα
727 1667 980 1737 διηλέγξσ
989 1686 1108 1736 μεν.

2105 1577 2177 1631 ob
2219 1576 2534 1630 nonnullam
2595 1575 3007 1630 similitudinem
3058 1591 3350 1644 expressas
3399 1576 3684 1644 confugit;

2108 1683 2230 1738 quia:
2259 1681 2383 1722 Cum
2419 1667 2563 1720 aliud
2609 1667 2712 1722 sibi
2744 1670 2934 1729 velint,
2972 1668 3113 1722 male
3142 1669 3210 1722 ab
3243 1683 3308 1722 eo
3347 1668 3687 1721 contrarium

421 1763 480 1816 in
515 1777 734 1816 sensum
769 1761 1079 1814 trahuntur.
1116 1760 1256 1830 Ergo
1294 1762 1409 1816 hate
1441 1761 1558 1831 ipsa
1606 1761 1792 1816 furtim
1828 1762 1897 1816 ab
1933 1773 1999 1816 eo
2039 1760 2212 1814 sacris
2235 1775 2265 1814 e
2307 1758 2530 1812 Litteris
2561 1760 2885 1821 interversa,
2919 1768 2973 1814 et
3034 1759 3099 1813 ad
3137 1760 3310 1828 ipsius
3361 1758 3688 1815 sententiam

419 1851 834 1904 accommodata
866 1849 1058 1904 iisdem
1100 1849 1280 1903 verbis
1309 1850 1366 1904 in
1413 1850 1652 1915 medium
1691 1848 2006 1906 ail'eramus.
2045 1847 2370 1918 Quanquam
2398 1862 2500 1903 nos
2525 1863 2588 1903 ex
2617 1848 2684 1902 iis
2737 1849 2939 1918 smpius
2973 1848 3318 1919 disputantes
3380 1853 3684 1906 accuratis-

418 1947 562 1997 sime
588 1942 912 2000 refellimus.

495 2032 614 2086 ΞΑ’.
640 2033 862 2104 Πρῶτον
899 2037 999 2105 μὲν
1025 2029 1117 2089 οὖν
1139 2035 1221 2088 ὅτι
1252 2034 1426 2106 εὑρὼν
1451 2035 1509 2088 ὲν
1537 2037 1658 2098 ταῖς
1678 2035 1850 2098 θείαις
1869 2036 2012 2107 Γρα-

2180 2029 2318 2084 LXI.
2355 2029 2411 2084 In
2437 2029 2629 2100 primis
2660 2031 2827 2098 igitur
2854 2046 2978 2086 cum
3013 2032 3217 2088 divinis
3242 2033 3295 2086 in
3333 2033 3554 2090 Litteris
3594 2035 3692 2091 Pa-

419 2128 552 2191 φαῖς
597 2126 723 2195 περὶ
760 2126 1116 2197 Παρακλήτου
1151 2125 1437 2196 ὀνόματος,
1478 2127 1573 2178 καὶ
1599 2126 1874 2197 ἀγνοήσας
1906 2126 2008 2196 τὴν

420 2217 519 2270 τοῦ
551 2218 701 2286 ἁγίου
737 2218 1095 2289 Παρακλήτου
1128 2219 1377 2289 δύναμιν,
1403 2218 1592 2271 ἑαυτὸν
1619 2219 2003 2289 ὑπεισήνεγκε,

420 2309 651 2378 νομίσας
693 2307 831 2387 sive:
885 2310 1062 2363 τοῦτο.
1096 2311 1211 2363 Καὶ
1244 2312 1440 2378 φάσκει
1488 2311 1586 2379 μὲν
1624 2309 1776 2380 αὐτῴ
1803 2309 1872 2362 τὰ
1904 2309 2009 2361 ὑπὸ

417 2401 516 2453 τοῦ
561 2403 715 2469 ἁγίου
759 2402 975 2455 Παύλου
1023 2402 1288 2472 etp-qiaéva
1343 2402 1893 2473 παρακεχωρηκέναι,
1933 2401 2008 2464 ὡς

419 2493 516 2545 τοῦ
567 2493 726 2560 ἁγίου
779 2494 1101 2547 Ἀποστόλου
1141 2495 1430 2564 φήσαντος·
1492 2495 1626 2546 Ἀπὸ
1659 2493 1883 2562 μέρους
1926 2509 2009 2561 τι·

347 2613 361 2620 -
416 2583 755 2654 νώσκομεν,
792 2586 891 2638 καὶ
915 2585 1034 2640 ἀπὸ
1065 2585 1280 2653 μέρους
1308 2587 1780 2654 προφητεύομεν.
1823 2584 2010 2640 Ὅταν

415 2677 567 2744 ἔλθῃ
599 2677 662 2728 τὸ
687 2677 943 2740 τέλειον,
961 2677 1025 2729 τὸ
1059 2677 1179 2730 ἀπὸ
1212 2677 1429 2746 μέρους
1471 2675 2006 2746 καταργηθήσεται.

417 2768 592 2822 Τοῦτο
640 2769 698 2824 δὲ
746 2771 877 2842 περὶ
926 2770 1286 2841 Παρακλήτου
1333 2770 1442 2822 οὐδ’
1479 2770 1615 2832 ὅλως
1667 2769 1940 2823 ἐκτίθεται
1981 2771 2011 2823 ὁ

417 2861 575 2930 ἅγιος
625 2861 963 2924 Ἀπόστολος,
1005 2863 1034 2925 ᾧ
1077 2860 1437 2926 καταξιωθεὶς
1493 2859 1660 2914 αὑτοῦ
1716 2860 1808 2914 τοῦ
1853 2861 2008 2929 ἁγίου

420 2955 738 3023 Πνεῦματος
771 2953 908 3023 μετὰ
935 2954 1044 3006 τῶν
1077 2954 1278 3024 ὁμοίων
1308 2953 1471 3006 αὑτοῦ
1497 2953 1830 3006 ἀποστόλων·
1875 2953 2012 3007 ἀλλὰ

417 3047 550 3116 περὶ
581 3046 689 3098 τῶν
721 3045 815 3099 δύο
841 3046 1062 3114 κόσμων
1101 3047 1360 3117 διηγεῖτο,
1405 3048 1534 3117 περὶ
1577 3045 1672 3100 τοῦ
1717 3045 2012 3109 ἐνεστῶτος

419 3141 516 3192 καὶ
547 3137 852 3209 μέλλοντος,
890 3139 964 3203 ὡς
992 3138 1151 3208 ἔφην,
1187 3142 1302 3203 τοῖς
1338 3139 1685 3210 βουλομένοις
1721 3140 1849 3209 περὶ
1884 3151 2003 3192 καις

425 3230 536 3300 ρῶν
564 3231 1023 3300 καταλαμϐάνειν.
1070 3231 1200 3284 ’Ὅτι
1232 3231 1428 3300 μηδὲν
1467 3231 1624 3300 ὑμᾶς
1653 3230 1918 3299 πτυρέτω
1943 3231 2015 3284 ἐν

416 3321 600 3389 λόγῳ,
629 3321 698 3373 ἐν
724 3319 1043 3388 ἐπιστολῇ,
1065 3321 1146 3386 ὠς
1172 3320 1262 3373 ὅτι
1297 3322 1336 3389 ἡ
1357 3320 1547 3390 ἡμέρα
1582 3320 1872 3388 ἐνέστηκε
1905 3321 2012 3374 τοῦ

419 3385 668 3478 Κυρίου.
723 3411 866 3464 Ἐὰν
1068 3385 1155 3480 μὴ
1193 3385 1600 3480 ἀποκαλυφθῇ
1655 3414 1688 3464 ὁ
1733 3385 1865 3477 υίὸς
1899 3411 2010 3478 τῆς
2041 3385 2082 3441 C

419 3503 697 3572 ἀνομίας,
745 3507 778 3556 ὀ
822 3502 1131 3572 ἅνθρωπος
1167 3503 1280 3570 τῆς
1314 3502 1570 3569 ἀδικίας,
1614 3505 1710 3556 καὶ
1756 3502 1826 3556 τὰ
1866 3503 2010 3572 ἑξῆς.

421 3596 535 3648 Καὶ
565 3595 728 3650 πάλιν
756 3595 1120 3650 συνελθόντων
1140 3595 1251 3648 τῶν
1277 3594 1533 3666 μαθητῶν
1559 3595 1694 3666 πρὸς
1723 3596 1814 3647 τὸν
1842 3595 2018 3664 Σωτῆ-

425 3705 517 3760 ρα,
565 3686 794 3760 ἠρώτων
847 3688 1010 3742 αὐτὸν
1054 3689 1184 3760 περὶ
1215 3690 1314 3759 τῆς
1341 3687 1669 3752 συντελείας,
1708 3688 1804 3741 καὶ
1831 3686 2014 3756 ἔλεγεν

419 3781 630 3843 αὐτοῖς’
692 3783 816 3849 Οὺχ
850 3779 1017 3847 ὑμῶν
1061 3779 1385 3849 ἐπιγνῶναι
1440 3781 1701 3849 χρόνους
1747 3781 1847 3834 καὶ
1897 3797 2017 3834 και-

417 3871 591 3938 ροὺς,
621 3869 730 3936 οὓς
767 3874 799 3923 ὀ
822 3869 1026 3938 Πατὴρ
1057 3871 1224 3924 ἔθετο
1249 3871 1319 3923 ἐν
1339 3869 1414 3938 τῇ
1445 3871 1565 3935 ἰδίᾳ
1597 3869 1871 3934 ἑξουσίᾳσ
1904 3869 2014 3922 ἀλ-

422 3964 506 4016 λὰ
527 3949 805 4030 λήψεσθε
830 3961 1087 4029 δύναμιν
1116 3961 1479 4026 ἐπελθόντος
1504 3960 1612 4013 τοῦ
1639 3960 1812 4029 ἁγίου
1829 3960 2016 4012 lived—

420 4071 612 4122 ματος
643 4053 736 4121 ἐφ’
770 4052 943 4122 ὑμᾶς.
976 4053 1087 4105 Καὶ
1124 4051 1286 4105 πάλιν
1329 4050 1533 4118 ἔλεγεν·
1584 4051 1728 4106 Ἀπὸ
1770 4051 2016 4118 Ἰεροσο-

423 4147 633 4213 λύμων
656 4145 743 4214 μὴ
771 4141 1103 4212 χωρίζεσθε,
1127 4142 1595 4212 ἀπεκδεχόμενοι
1633 4141 1748 4211 τὴν
1768 4142 2016 4212 ἐπαγγε-

423 4241 570 4292 λίαν
618 4239 725 4294 τοῦ
780 4241 1144 4308 Πνεύματος,
1192 4237 1275 4306 ἣν
1308 4239 1629 4305 ἠκούσατε,
1672 4239 1916 4292 τουτέστι
1954 4239 2017 4292 τὸ

428 4333 654 4403 Πνεῦμα
694 4333 758 4385 τὸ
791 4331 1164 4403 Παράκλητον,
1204 4331 1232 4384 ὃ
1253 4331 1378 4402 ἔφη·
1421 4331 1564 4384 Ἐὰν
1599 4331 1715 4400 ἐγὼ
1751 4331 2012 4395 ἀπέλθω,

427 4424 659 4490 ἐκεῖνος
687 4425 1022 4486 ἐλεύσεται,
1043 4423 1144 4476 καὶ
1182 4423 1506 4492 ἀναγγελεῖ
1530 4423 1674 4492 ὑμῖν
1696 4425 1770 4477 τὰ
1795 4422 2011 4476 πάντα.

2109 2124 2299 2178 racleti
2342 2139 2538 2179 nomen
2585 2125 2904 2185 invenisset,
2944 2139 3008 2179 ac
3053 2125 3158 2177 vim
3206 2126 3353 2180 illius
3389 2127 3685 2195 ignoraret,

2110 2225 2286 2272 semet
2315 2218 2491 2286 ipsqu
2524 2233 2624 2287 pro
2658 2233 2787 2272 vero
2817 2217 3024 2287 Spiritu
3052 2221 3359 2288 supposuit.
3398 2219 3583 2290 Itaque
3621 2219 3689 2276 ad

2111 2326 2233 2365 sese
2275 2311 2548 2381 pertinere
2595 2312 2684 2365 illa
2728 2312 2909 2374 docet,
2952 2327 3074 2380 quas
3108 2313 3176 2365 ab
3223 2314 3469 2378 postolo
3522 2313 3690 2367 Paulo

2109 2402 2413 2457 dicuntur:
2449 2402 2534 2456 Ea:
2579 2413 2728 2471 parte
2761 2405 3145 2472 cognoscimus,
3188 2413 3238 2457 et
3277 2417 3341 2458 ea:
3378 2415 3530 2471 parte
3570 2422 3694 2474 pro-

2109 2497 2403 2563 phetamus.
2437 2494 2572 2550 Cum
2612 2496 2805 2549 venerit
2839 2495 2977 2565 quod
3013 2497 3301 2564 perfectum
3331 2507 3428 2562 est,
3469 2515 3693 2552 evacua-

2111 2571 2254 2638 bitu’r
2295 2587 2432 2654 quod
2457 2602 2522 2640 ex
2555 2597 2710 2652 parte
2735 2597 2814 2640 est
2855 2587 2894 2640 ί.
2940 2586 3100 2655 Atqui
3133 2587 3200 2642 de
3235 2587 3518 2643 Paracleto
3542 2591 3693 2645 nullo

2113 2676 2273 2730 modo
2317 2677 2432 2732 haec
2470 2678 2840 2748 pronuntiavit
2873 2679 3208 2747 Apostolus,
3242 2680 3336 2749 qui
3373 2695 3495 2734 cum
3530 2681 3694 2735 soda-

2112 2768 2258 2823 libus
2283 2770 2400 2825 suis
2433 2771 2698 2840 apostolis
2723 2769 2986 2840 Spiritum
3020 2780 3271 2827 sanctum
3302 2773 3552 2843 accipere
3579 2785 3693 2830 me-

2113 2862 2261 2929 ruit;
2298 2863 2396 2917 sed
2425 2864 2492 2918 de
2526 2864 2736 2934 duplici
2775 2865 2982 2919 mundo
3008 2880 3320 2920 sermonem
3353 2866 3690 2933 instituerat,

2112 2955 2366 3023 praesenti
2396 2955 2652 3011 videlicet
2671 2971 2734 3010 ac
2764 2957 2972 3021 futuro,
3006 2963 3229 3027 propter
3258 2957 3572 3021 nonnullos,
3596 2958 3692 3028 qui

2113 3048 2180 3103 de
2229 3049 2574 3117 temporibus
2634 3049 2779 3106 scire
2829 3057 2994 3121 atque
3048 3050 3327 3120 inquirere
3378 3051 3691 3120 eupiehant.

2117 3141 2290 3206 Nihil,
2325 3141 2527 3211 inquit,
2567 3152 2761 3196 terreat
2800 3157 2890 3197 vos
2937 3143 2993 3196 in
3027 3157 3284 3206 sermone,
3315 3151 3407 3194 aut
3446 3143 3692 3210 epistola,

2113 3234 2268 3304 qusi
2297 3235 2456 3287 instet
2483 3233 2595 3286 dies
2626 3232 2862 3287 Domini.
2898 3231 3024 3286 Nisi
3044 3233 3185 3286 enim
3228 3233 3490 3286 revelatus
3531 3233 3694 3302 fuerit

2115 3325 2259 3394 ﬁdius
2282 3325 2599 3391 iniquitatis,
2627 3324 2782 3379 homo
2821 3324 3102 3394 injustitiw
3134 3325 3174 3388 ’,
3203 3334 3310 3378 etc.
3353 3323 3496 3390 Quin
3527 3325 3694 3379 etiam

2116 3416 2572 3471 convenientibus
2615 3416 2956 3470 Salvatorem
2987 3416 3273 3485 apostolis.
3303 3429 3367 3468 ac
3397 3413 3464 3468 de
3503 3413 3694 3468 mundi

2115 3521 2317 3563 occasu
2343 3507 2777 3569 sciscitantibus,
2801 3507 2877 3560 ita
2897 3507 3014 3577 ipse
3039 3505 3353 3576 respondit:
3379 3504 3545 3576 675
3571 3504 3693 3558 Non

2114 3609 2191 3653 est
2222 3607 2449 3654 vestrum
2488 3616 2642 3654 nosse
2676 3610 2916 3670 tempora
2945 3601 3022 3654 vel
3075 3609 3362 3663 momenta,
3393 3615 3509 3669 quw
3533 3597 3695 3652 Pater

2114 3694 2288 3761 posuit
2318 3693 2371 3746 in
2407 3709 2506 3746 sua
2538 3703 2838 3762 potestate;
2892 3694 2981 3747 sed
3016 3694 3280 3759 accipietis
3312 3693 3556 3744 rirtutem
3609 3706 3696 3743 su-

2115 3787 2454 3853 per-venientis
2478 3783 2710 3852 Spiritus
2745 3786 2915 3837 sancti
2938 3786 2993 3838 in
3032 3801 3118 3839 vos
3135 3785 3174 3836 ⁸.
3209 3784 3359 3846 Item,
3384 3782 3695 3852 Hierosoly-

2115 3876 2238 3936 mis,
2273 3876 2470 3945 inquit,
2513 3891 2575 3928 ne
2597 3875 2868 3939 discedite,
2901 3884 3261 3944 exspectantes
3285 3873 3695 3943 promissionem

2115 3970 2356 4037 spiritus,
2391 3985 2549 4038 quam
2589 3966 2817 4021 audistis
2852 3967 2895 4032 ‘,
2931 3968 3035 4021 hoc
3061 3975 3144 4022 est
3170 3966 3510 4020 Paracletum
3535 3965 3689 4018 illum

2119 4060 2404 4130 Spiritum,
2441 4061 2508 4114 de
2537 4077 2649 4131 quo
2670 4060 2881 4114 dixerat
2911 4078 2923 4113 :
2963 4058 3024 4112 Si
3057 4076 3150 4128 ego
3179 4058 3356 4112 abiero
3384 4057 3474 4110 ille
3504 4057 3690 4121 veniet,

2115 4160 2166 4204 et
2204 4151 2538 4205 annuntiabit
2580 4149 2722 4205 vobis
2755 4150 2936 4204 omnia
2979 4148 3023 4204 ⁵.
3061 4149 3194 4214 Quae
3239 4147 3458 4217 quidem
3499 4145 3690 4210 verba,

2117 4240 2467 4294 Annuntiabit
2515 4240 2657 4294 vobis
2692 4241 2905 4304 omnia,
2961 4238 3026 4291 ad
3058 4239 3282 4292 caeleste
3328 4236 3530 4291 donum
3561 4233 3695 4288 illud

2116 4329 2265 4400 quod
2293 4337 2452 4385 erant
2472 4329 2743 4399 adepturi,
2767 4345 2864 4399 par
2891 4337 2976 4383 est
3003 4327 3215 4392 referri,
3255 4325 3402 4396 quod
3433 4325 3693 4379 nimirum

2119 4422 2464 4478 habitaturus
2497 4423 2550 4475 in
2589 4421 2725 4490 ipsis
2759 4427 2907 4474 esset
2936 4418 3178 4489 Spiritus
3205 4426 3455 4481 sanctus,
3486 4432 3595 4486 quo
3624 4415 3696 4472 iis

425 4518 504 4570 Τὸ
525 4518 602 4579 δὲ,
650 4515 1002 4584 Ἀναγτελεῖ
1035 4514 1178 4580 ὑμῖν
1223 4515 1294 4569 τὰ
1326 4515 1542 4579 πάντα,
1587 4514 1652 4567 δι’
1679 4515 1745 4586 ἣν
1794 4513 2013 4584 ἔμελλον

2119 4524 2304 4584 aperte
2337 4513 2593 4567 universa
2623 4511 2949 4574 declararet,
2993 4525 3116 4579 quae
3141 4509 3363 4579 quidem
3408 4522 3606 4578 capere
3640 4507 3695 4560 in

428 4607 822 4674 καταξιοῦσθαι
852 4608 1081 4679 δωρεὰν,
1121 4608 1392 4678 ἐνοικήσει
1438 4610 1495 4661 ἐν
1527 4608 1712 4670 αὐτοῖς
1756 4606 1818 4660 τὸ
1862 4607 2013 4674 διγιον

2120 4608 2222 4661 hac
2251 4607 2359 4661 vita
2390 4610 2662 4675 poterant.
2688 4602 3052 4669 Quamobrem
3081 4617 3204 4657 cum
3233 4599 3298 4654 ad
3323 4615 3444 4654 eum
3473 4598 3694 4653 modum

432 4701 677 4772 Πνεῦμα,
729 4702 876 4762 ὃπως
924 4701 994 4754 τὰ
1049 4703 1227 4756 πάντα
1279 4701 1460 4763 αὐτοῖς
1519 4698 1705 4767 σαφῶς
1751 4699 2013 4767 διηγήση-

2122 4699 2388 4753 Paracleti
2421 4697 2658 4767 Spiritus
2675 4703 2862 4751 essent
2889 4696 2945 4749 in
2973 4695 3076 4749 hac
3098 4696 3207 4748 vita
3239 4701 3519 4762 compotes
3543 4691 3694 4753 iacti,

429 4811 542 4855 ται,
597 4793 698 4845 ὅσα
746 4792 1007 4861 ἠδύναντο
1054 4793 1112 4846 ἐν
1176 4790 1254 4861 τῷ
1309 4790 1468 4843 αἰῶνι
1507 4788 1682 4858 τούτῳ
1739 4788 2012 4860 χωρῆσαι.

431 4880 545 4934 Καὶ
572 4873 676 4933 ὧδε
721 4880 818 4950 μὲν
868 4881 925 4932 ὲν
979 4878 1058 4950 τῷ
1113 4878 1272 4933 αἰῶνι
1304 4879 1477 4948 τούτῳ
1533 4879 1904 4950 χωρήσαντες,
1953 4878 2016 4931 τὸ

433 4973 656 5044 Πνεῦμα
692 4974 753 5026 τὸ
784 4974 1143 5045 Παράκλητον
1193 4974 1627 5044 προεφήτευσανο
1667 4973 1743 5036 ὡς
1776 4972 2014 5042 ’Ἄγαϐος

434 5068 808 5138 προεφήτευσε
846 5067 974 5138 περὶ
999 5065 1159 5137 λιμοῦ
1190 5066 1468 5136 ἐσομένου·
1504 5067 1598 5119 καὶ
1627 5067 1709 5119 ὅτι
1738 5065 2013 5137 προφῆται

433 5159 544 5212 ἀπὸ
578 5159 964 5231 Ἰεροσολύμων
985 5161 1318 5230 κατέϐησανο
1352 5160 1447 5214 καὶ
1467 5159 1549 5212 ὅτι
1583 5155 1724 5230 ἦσαν
1745 5159 2015 5228 τέσσαρες

433 5247 732 5320 θυγατέρες
753 5249 831 5320 τῷ
857 5251 1110 5320 Φιλίππῳ
1131 5249 1590 5322 προφητεύουσαι.
1623 5249 1792 5302 Ὅταν
1812 5249 1868 5301 δὲ
1889 5263 2019 5318 προ-

436 5341 779 5411 φητεύουσιν,
809 5342 916 5394 ἀπὸ
949 5342 1150 5412 μέρους
1184 5340 1611 5412 προφητεύουσι,
1641 5340 1734 5393 καὶ
1770 5340 1879 5392 ἀπὸ
1916 5339 2016 5409 μέ-

435 5449 565 5504 ρους
605 5431 952 5500 γινώσκουσι.
994 5434 1068 5486 Τὸ
1121 5434 1178 5487 δὲ
1219 5433 1421 5487 τέλειον
1464 5433 1523 5484 ὲν
1565 5435 1680 5494 τοῖς
1732 5432 2016 5502 μέλλουσιν

435 5521 628 5574 αἰῶσιν
681 5522 992 5587 ἐλπίζοντες
1034 5523 1409 5594 προσδοκῶσιν
1437 5524 1597 5584 ,ὅταν
1666 5523 1727 5575 τὸ
1776 5523 2014 5594 φθαρτὸν

436 5615 515 5675 εἰς
550 5613 860 5686 ἀφθαρσίαν
891 5615 1226 5687 μταϐληθῇ,
1257 5616 1350 5669 καὶ
1382 5615 1441 5668 τὸ
1475 5614 1664 5687 θνητὸν
1709 5616 1788 5678 εἰς
1811 5614 2011 5669 ἀθανα-

513 5791 530 5821 ¹
560 5790 576 5844 l
602 5788 729 5846 Cor.
752 5808 872 5850 xm.
905 5793 958 5850 9.
1061 5795 1081 5824 ³
1108 5791 1150 5845 ll
1187 5792 1382 5847 Thess.
1420 5807 1480 5858 ιι,
1509 5791 1563 5849 2,
1589 5792 1641 5845 5.

438 5860 536 5919 23.
609 5863 628 5893 ⁷
657 5863 787 5920 ibid.
827 5863 918 5918 Ἦ.
988 5863 1010 5894 ⁸
1033 5862 1155 5917 Act.
1193 5880 1307 5928 ut,
1347 5864 1400 5918 9.
1479 5865 1499 5894 ’
1532 5861 1550 5915 Ι
1580 5861 1704 5918 Cor.
1738 5878 1859 5927 xm,
1891 5864 1945 5935 ξ).

2122 4789 2399 4842 vaticinati
2441 4795 2589 4842 sunt.
2633 4785 3102 4852 Quemadmodum
3152 4784 3369 4854 Agabus
3409 4795 3692 4838 venturam

2118 4880 2316 4934 famem
2345 4879 2596 4949 praedixit
2618 4881 2664 4932 ⁸.
2706 4875 2948 4946 Itemque
2979 4875 3259 4947 propheta:
3297 4872 3698 4944 Hierosolymis

2119 4971 2457 5027 advenerunt
2484 4972 2530 5026 ⁷.
2567 4970 2660 5026 Sic
2698 4977 2753 5024 et
2783 4968 3037 5039 Philippo
3088 4975 3328 5038 quatuor
3374 4980 3532 5021 erant
3571 4966 3697 5020 lilia

2120 5061 2476 5131 prOphetissaa
2507 5062 2550 5115 ⁸.
2592 5061 2860 5114 Caeterum
2881 5058 3100 5128 quoties
3125 5060 3314 5110 omnes
3349 5055 3424 5109 illi
3456 5055 3692 5124 prophe-

2120 5162 2258 5216 tant,
2289 5168 2356 5208 ex
2385 5161 2540 5223 parte
2563 5152 2912 5222 pr0plietant,
2936 5159 2991 5204 et
3019 5165 3088 5203 ex
3112 5159 3263 5217 parte
3282 5155 3621 5217 cognoscunt
3641 5148 3688 5202 ⁹.

2119 5244 2276 5310 Quod
2309 5260 2440 5299 vero
2469 5244 2767 5314 perfectum
2800 5251 2884 5296 est
2914 5240 3099 5294 futuro
3128 5239 3184 5293 in
3213 5239 3416 5293 sarculo
3441 5238 3693 5292 tribuen-

2119 5337 2247 5392 dum
2281 5353 2377 5407 spe
2400 5345 2455 5392 et
2506 5335 2914 5404 exspectatione
2942 5331 3282 5402 praecipiunt,
3315 5329 3532 5401 quando
3568 5345 3693 5385 cor-

2121 5428 2378 5498 ruptibile
2413 5429 2469 5481 in
2501 5425 2994 5494 incorruptionem,
3020 5421 3252 5476 mortale
3281 5420 3338 5474 in
3366 5419 3690 5474 immortali-

2116 5529 2282 5574 tatem
2312 5525 2706 5574 commutatum
2738 5515 2982 5576 fuerit”,
3005 5529 3127 5567 cum
3158 5519 3213 5567 et
3247 5511 3384 5566 facie
3405 5511 3472 5566 ad
3496 5511 3690 5566 faciem

2122 5612 2454 5668 intuebimur
2472 5611 2536 5666 “.
2562 5609 2717 5665 Nunc
2739 5607 2882 5663 enim
2906 5620 2995 5660 res
3039 5610 3239 5659 nostrae
3267 5618 3364 5674 per
3399 5601 3691 5672 aenigmata

1722 5793 1742 5824 ³
1774 5791 1895 5846 Act.
1923 5806 1960 5851 ι.
1987 5791 2013 5846 7

2199 5797 2222 5823 ⁸
2247 5791 2376 5846 ibid.
2414 5791 2468 5846 4.
2545 5789 2565 5819 ³
2598 5785 2755 5841 Joan.
2798 5802 2908 5852 xw,
2939 5786 3010 5849 8;
3064 5781 3194 5840 ibid.
3234 5782 3316 5840 14.
3392 5783 3552 5837 'Act.
3588 5789 3688 5846 ιι,

2083 5863 2126 5893 ³³
2153 5862 2172 5914 l
2198 5863 2324 5918 Cor.
2361 5880 2444 5927 vv,
2469 5861 2556 5916 55.
2637 5861 2675 5891 ¹¹
2717 5859 2884 5914 lCor.
2919 5871 3037 5924 xm,
3071 5859 3154 5914 I2.
