4076 6392
365 385 469 440 123

1752 387 1809 444 S.
1855 387 2194 445 EPIPHANII

3529 392 3636 451 {9.5

349 517 406 561 et
463 507 749 561 involucra
787 509 1172 579 transiguntur
1219 513 1256 560 ¹.
1293 509 1410 563 Illic
1445 526 1507 562 ea
1541 521 1934 578 praeparantur,

2057 508 2186 561 :lav‘
2241 512 2367 561 ὅταν
2421 525 2542 562 τοτε
2597 509 2885 580 πρόσωπον
2930 509 3065 580 πρὸς
3107 511 3421 581 πρόσωπον.
3466 512 3632 583 "Apri

349 618 472 672 qua:
528 601 616 655 hic
649 602 844 656 oculus
886 618 994 656 non
1029 603 1164 655 vidit
1196 603 1237 656 '.
1288 602 1407 656 Illic
1446 601 1714 672 perfectio
1744 603 1940 671 retegi-

351 701 462 757 tur,
486 710 609 763 qttte
639 694 726 749 hic
752 695 903 750 auris
929 709 1275 765 nequaquam
1300 696 1476 750 audiit
1499 696 1538 749 ³.
1568 695 1686 749 [llic
1733 693 1938 748 donum

351 784 546 854 ingens
577 787 789 840 sanctis
829 787 1111 849 tribuitur,
1151 786 1295 856 quod
1331 787 1420 840 hic
1471 787 1524 840 in
1561 801 1659 840 cor
1704 785 1941 839 hominis

354 893 460 932 non
493 879 743 933 ascendit
773 879 814 933 ‘.
871 878 947 932 Ex
971 879 1174 949 quibus
1198 879 1596 935 animadvertis
1631 879 1940 933 uberiorem

354 969 506 1022 illam
539 971 1018 1041 capiosioremque
1047 971 1333 1025 scientiam
1357 971 1656 1026 Manichzno
1687 985 1940 1026 reserva-

352 1069 467 1114 taut
509 1076 616 1114 non
660 1061 851 1117 fuisse.
887 1061 1176 1128 Quomodo
1220 1064 1365 1119 enim
1403 1063 1507 1118 ista
1553 1071 1846 1132 cognoscet
1895 1063 1942 1117 is

353 1154 446 1223 qui
481 1153 550 1206 ab
574 1167 638 1207 eo
663 1153 807 1222 quod
841 1153 944 1208 sibi
975 1163 1338 1223 proposuerat
1367 1154 1610 1209 excidit?
1639 1154 1772 1208 Nam
1799 1153 1942 1208 Mar-

355 1245 555 1299 cellum
587 1245 1236 1315 circumvenireprimunt
1263 1255 1348 1301 est
1369 1262 1682 1316 aggressus.
1713 1245 1849 1300 Tum
1875 1247 1941 1300 ad

359 1335 694 1390 Archelaum
720 1335 890 1398 venit,
918 1346 977 1390 ut
1002 1353 1125 1390 etim
1164 1341 1434 1401 vinceret,
1463 1338 1609 1406 quod
1642 1345 1822 1392 tamen
1857 1355 1942 1393 as-

360 1426 518 1495 sequi
543 1443 654 1481 non
681 1428 882 1496 potuit.
916 1427 1133 1484 Fiet-ine
1163 1429 1330 1500 igitur
1356 1437 1556 1498 potest,
1587 1440 1642 1482 ut
1663 1430 1754 1500 qui
1790 1431 1937 1499 quod

357 1518 496 1573 adeo
542 1533 734 1574 recens
763 1528 849 1574 est
885 1521 1172 1590 ignorarit,
1211 1521 1420 1590 majora
1471 1522 1563 1575 illa
1607 1522 1946 1591 cognoscat?

356 1613 468 1668 Cur
497 1627 607 1667 non
641 1629 772 1667 vero
821 1613 1118 1668 Persarum
1160 1617 1304 1684 regis
1336 1630 1531 1669 manus
1568 1614 1776 1684 eﬂ'ugit,
1818 1630 1943 1668 cum

356 1703 425 1756 ab
445 1717 511 1758 eo
527 1703 958 1772 comprehensus
979 1718 1043 1756 ac
1067 1707 1244 1772 poenis
1267 1704 1496 1758 allectus
1522 1703 1645 1758 est?
1672 1704 1741 1757 Ut
1757 1713 1945 1772 aperte

2045 601 2155 671 γὰρ
2191 601 2260 653 δι’
2298 601 2621 670 αἰνίγματος
2659 600 2728 654 τὰ
2767 602 3255 673 πράγματαοσὲκεῑ
3277 602 3335 655 δὲ
3357 603 3626 672 έτοιμάζε·

2041 710 2132 745 ται
2168 691 2204 745 ἃ
2230 695 2257 744 ό
2279 692 2557 762 ὀφθαλμὸς
2585 687 2687 746 ὦδε
2717 693 2816 747 οὐκ
2841 689 3000 747 εἶδεν.
3021 695 3169 748 Ἐκεῖ
3191 694 3635 752 ἀποκαλύπτεται

2043 789 2076 855 ἡ
2093 784 2388 855 τελειότης,
2408 784 2443 839 ἃ.
2465 780 2557 847 οῦς
2581 785 2815 838 ἐνταῦθα
2838 786 2939 837 ούκ
2978 786 3230 856 ἤκουσεν.
3251 787 3401 839 Ἐκεῖ
3418 787 3478 840 τὸ
3496 788 3636 857 μέγα

2044 879 2293 947 χάρισμα
2320 880 2433 940 τοῖς
2452 876 2650 945 ἁγίοις,
2677 877 2704 930 ὃ
2739 877 2832 930 ἐπὶ
2853 877 3081 948 καρδίαν
3112 876 3400 948 ἀνθρώπου
3425 877 3522 931 οὐκ
3545 879 3636 930 ἀν-

2047 969 2146 1039 έϐη
2175 968 2431 1024 ἐνταῦθα.
2459 969 2568 1021 Καὶ
2588 970 2742 1040 ὁρᾷς,
2773 970 2854 1022 ὅτι
2883 969 3005 1039 ούχὶ
3030 969 3107 1039 τῷ
3133 969 3293 1041 Μάνῃ
3320 969 3636 1040 ὲταμιεύετο

2048 1059 2110 1111 τὸ
2133 1058 2329 1112 εἰδέναι
2361 1060 2428 1111 τὰ
2457 1060 2705 1129 περιττά.
2748 1059 2872 1122 Πῶς
2898 1059 3006 1130 γὰρ
3031 1059 3144 1130 ᾔδει
3172 1061 3364 1130 Μάνης
3389 1059 3482 1113 τοῦ
3515 1076 3638 1114 σκο-

2051 1151 2153 1204 ποῦ
2204 1151 2300 1204 τοῦ
2350 1150 2480 1204 ίδίου
2517 1149 2798 1216 ὲκπεσὼν;
2848 1149 3205 1204 Ἐπεϐάλλετο
3263 1151 3372 1222 γὰρ
3413 1151 3498 1204 ἵνα
3543 1151 3636 1206 τὸν

2050 1242 2366 1314 Μάρκελλον
2389 1242 2740 1314 χειρώσηται.
2774 1243 3012 1314 Ἢρχετο
3038 1243 3173 1314 πρὸς
3198 1243 3288 1296 τὸν
3323 1243 3632 1315 Ἀρχέλαον,

2051 1336 2139 1389 ἵνα
2167 1335 2328 1388 αὑτὸν
2361 1337 2591 1406 ήττήσῃ,
2615 1335 2710 1388 καὶ
2730 1337 2790 1388 ού
2817 1336 3122 1406 δεδύνηται.
3155 1336 3281 1398 Πῶς
3307 1333 3635 1406 οὗν,ἁγνοῶν

2049 1425 2110 1478 τὸ
2164 1426 2497 1496 πρόσφατον,
2526 1425 2751 1479 δύναται
2792 1426 2990 1479 εἰδέναι
3033 1427 3162 1497 περὶ
3204 1425 3310 1480 τῶν
3341 1427 3632 1495 μειζόνωνς

2052 1519 2175 1582 Πῶς
2201 1520 2258 1573 δὲ
2293 1521 2390 1572 οὐκ
2411 1519 2568 1572 ἔλαθε
2593 1519 2694 1583 τὰς
2727 1522 2915 1590 χεῖρας
2943 1519 3036 1572 τοῦ
3069 1518 3334 1589 βασιλέως
3361 1519 3468 1572 τῶν
3496 1522 3635 1590 Περ-

2055 1612 2200 1677 σῶν;
2255 1612 2332 1676 ὡς
2384 1613 2473 1665 ὅτε
2504 1613 2664 1675 ἁλοὺς
2689 1611 2856 1665 ἔδωκε
2881 1611 3057 1682 δίκην,
3086 1611 3200 1664 ἀλλ’
3237 1612 3324 1664 ἶνα
3350 1615 3635 1684 καταφανῇ

2052 1707 2163 1768 τοῖς
2201 1704 2416 1757 σύνεσιν
2456 1704 2816 1774 κεκτημένοις
2855 1705 2998 1758 κατὰ
3043 1707 3222 1759 πάντα
3261 1703 3584 1775 ψευδόμενος

356 1803 572 1850 constet
601 1797 670 1850 iis
699 1799 793 1864 qui
823 1795 1131 1865 prudentiae
1161 1796 1367 1868 aliquid
1402 1797 1659 1858 habeant,
1696 1796 1848 1848 illum
1878 1795 1932 1849 in
1966 1798 2228 1851 omnibus
2253 1813 2377 1852 esse
2409 1799 2721 1851 mentitum.

433 1886 589 1941 LXII.
625 1885 730 1941 Sed
759 1886 1035 1956 quoddam
1073 1887 1452 1941 testimonium
1486 1897 1660 1958 urget,
1688 1896 1748 1940 ut
1777 1904 1938 1942 suum

2117 1891 2236 1943 UB'.
2279 1890 2450 1944 Πάλιν
2469 1889 2525 1943 δὲ
2551 1889 2798 1960 βούλεται
2822 1890 3010 1959 φέρειν
3041 1889 3371 1962 μαρτυρίαν,
3405 1891 3494 1944 ἵνα
3524 1908 3635 1944 πα-

357 1979 490 2036 illttd
511 1995 606 2048 par
625 1980 1020 2048 principiorum
1053 1980 1302 2041 allirmrt,
1326 1997 1496 2050 eaque
1530 1997 1561 2035 a
1620 1997 1680 2036 se
1709 1981 1943 2036 invicem

356 2070 564 2126 frustra
605 2069 848 2124 dirimat.
894 2069 1041 2140 Ergo
1080 2071 1183 2124 hac
1209 2071 1508 2125 Salvatoris
1540 2087 1672 2126 voce
1708 2072 1941 2126 nititur:

359 2161 484 2216 Non
526 2172 695 2231 potest
729 2162 888 2215 urbor
921 2161 1057 2215 bona
1097 2163 1305 2231 fructus
1341 2162 1512 2216 malos
1562 2163 1754 2232 facere,
1785 2179 1947 2232 neque

358 2254 518 2307 arbor
561 2254 705 2306 mala
747 2253 952 2322 fructus
1001 2254 1162 2307 bonos
1212 2254 1404 2320 facere.
1461 2254 1541 2307 Ea:
1579 2256 1755 2323 fructu
1807 2257 1948 2310 enim

360 2343 519 2396 arbor
587 2344 919 2412 cognatcitur
988 2345 1031 2400 '.
1099 2342 1234 2399 Vide
1295 2345 1536 2400 hominis
1612 2347 1944 2410 levitatem,

361 2433 528 2504 675
569 2435 663 2502 qui
699 2434 832 2486 nihil
866 2435 917 2488 in
957 2433 1261 2505 Scripturis
1298 2447 1582 2505 penetrare
1617 2438 1780 2491 altius
1814 2453 1947 2507 pos-

361 2535 452 2580 ειι.
495 2526 705 2579 Etenim
733 2527 778 2580 si
826 2527 1232 2598 prittcipia'illa
1279 2529 1508 2585 arbores
1557 2531 1688 2593 sint,
1748 2532 1950 2585 habent

362 2619 531 2687 igitur
555 2628 609 2673 et
637 2618 936 2688 agricolam
974 2635 1157 2681 suum,
1190 2628 1394 2674 etcum
1434 2622 1632 2690 plantat
1665 2622 1798 2686 sint,
1830 2638 1950 2677 ont-

361 2713 493 2764 nino
543 2727 570 2762 ιι
614 2712 871 2780 quopiam
922 2712 1182 2780 plantatte
1231 2719 1378 2766 sunt.
1437 2712 1713 2782 Quidquid
1768 2723 1948 2768 autem

365 2803 669 2874 plantatum
719 2811 825 2866 est,
868 2803 1196 2871 principium
1255 2804 1467 2866 habet,
1525 2804 1862 2876 proindeque
1897 2816 1952 2860 et

367 2893 530 2948 tinem
586 2893 828 2948 habebit.
881 2892 1069 2964 Itaque
1122 2897 1287 2948 arbor
1334 2896 1475 2949 mala
1533 2911 1640 2952 non
1689 2905 1952 2968 perpetuo

376 2987 612 3049 exstitit,
673 2987 768 3042 sed
825 2997 908 3042 est
960 2988 1257 3056 aliquando
1309 2989 1544 3043 consita.
1603 2990 1777 3044 Arbor
1824 3006 1952 3045 vero

368 3077 508 3132 bona
535 3093 642 3131 non
677 3077 743 3132 ad
779 3094 941 3133 omne
972 3079 1239 3135 bonitatis
1290 3095 1562 3150 supremae
1590 3097 1764 3151 genus
1793 3081 1952 3136 debet

367 3168 580 3224 referri.
633 3169 745 3224 Illic
787 3171 937 3225 enim
985 3183 1156 3244 certa,
1205 3173 1538 3242 minimeque
1586 3175 1838 3238 mendax,
1898 3182 1952 3228 et

2054 1984 2303 2055 ραστήσῃ
2339 1983 2436 2053 τὴν
2465 1983 2594 2053 παρ’
2630 1981 2778 2053 αὐτῷ
2819 1980 3120 2051 λεγομένην
3143 1981 3331 2043 δυάδα,
3364 1981 3458 2034 καὶ
3489 1980 3640 2056 διέλῃ

2052 2074 2329 2143 ἀναμέσον
2356 2073 2463 2126 τῶν
2486 2072 2580 2126 δύο
2604 2073 2787 2143 ἀρχῶν
2815 2072 3007 2136 κενῶς,
3033 2075 3088 2125 tv
3113 2072 3190 2143 τῷ
3216 2075 3389 2126 εἰπεῖν
3410 2074 3498 2127 τὸν
3527 2074 3638 2126 Σω-

2053 2163 2216 2235 τῆραο
2257 2166 2338 2218 Οὐ
2368 2165 2618 2218 δύναται
2651 2163 2904 2231 δένδρον
2954 2164 3179 2230 ἀγαθὸν
3215 2165 3483 2232 καρποὺς
3530 2182 3634 2218 κα-

2054 2257 2201 2322 κοὺς
2229 2255 2494 2322 ποιῆσαι,
2521 2255 2662 2310 οὐδὲ
2677 2256 2928 2323 δένδρον
2947 2257 3186 2323 σαπρόν
3210 2256 3480 2323 καρποὺς
3503 2257 3638 2325 ἀγα-

2056 2350 2198 2415 θοὺς
2228 2349 2496 2418 ποιῆσαι.
2562 2353 2664 2403 Ἐκ
2708 2351 2821 2418 γὰρ
2862 2349 2968 2402 τοῦ
3009 2348 3242 2416 καρποῦ
3290 2348 3356 2401 τὸ
3388 2347 3640 2416 δένδρον

2057 2441 2431 2511 γινώσκεται.
2494 2442 2604 2494 Καὶ
2652 2441 2753 2512 ὅρα
2811 2458 2898 2510 μοι
2949 2440 3046 2510 τὴν
3095 2439 3334 2510 ἐλαφρὰν
3377 2439 3636 2504 διάνοιαν,

2055 2533 2150 2585 καὶ
2191 2532 2354 2602 μηδὲν
2387 2534 2444 2585 tv
2477 2531 2627 2601 βάθει
2659 2532 2726 2583 τὰ
2771 2531 2869 2601 τῆς
2905 2532 3053 2593 θείας
3092 2531 3314 2602 Γραφῆς
3347 2527 3637 2585 κατανοοῦ-

2057 2641 2177 2678 σαν.
2224 2625 2286 2677 Et
2345 2625 2440 2694 μὲν
2489 2625 2597 2694 γάρ
2648 2623 2838 2694 δένδρα
2890 2625 3048 2682 είσὶν,
3095 2624 3200 2696 ἄρα
3250 2622 3344 2676 καὶ
3397 2620 3641 2694 γεωργὸν

2057 2716 2258 2787 έχουσι.
2289 2718 2382 2769 καὶ
2420 2716 2563 2784 φυτὰ
2591 2716 2945 2786 τυγχάνοντα,
2990 2716 3079 2769 καὶ
3113 2717 3329 2778 πάντως
3364 2716 3466 2768 ὑπό
3495 2714 3640 2778 τινός

2057 2810 2163 2860 είσι
2224 2807 2645 2878 πεφυτευμένα·
2703 2809 2811 2861 πᾶν
2861 2807 2918 2860 δὲ
2967 2808 3028 2860 τὸ
3083 2807 3488 2877 πεφυτευμένον
3540 2807 3642 2860 οὐκ

2057 2897 2205 2952 ἐστιν
2243 2899 2498 2970 ἄναρχον,
2527 2899 2664 2953 ἀλλὰ
2691 2900 2866 2971 ἀρχὴν
2901 2897 3043 2968 ἔχει·
3073 2897 3245 2969 ἀρχὴν
3296 2897 3352 2950 δὲ
3384 2898 3505 2967 ἕχον
3540 2897 3634 2949 καὶ

2058 2989 2207 3053 τέλος
2231 2989 2437 3058 ὑφέξει.
2465 2990 2656 3042 Τοίνυν
2692 2989 2752 3041 τὸ
2793 2989 3001 3058 σαπρὸν
3046 2987 3259 3057 δένδρον
3304 2987 3402 3040 ούκ
3431 2983 3498 3056 ἦν
3532 2987 3638 3052 ἀεὶ,

2058 3083 2193 3136 ἀλλά
2222 3081 2575 3151 πεφύτευται.
2611 3082 2719 3134 Καὶ
2773 3080 2833 3132 τὸ
2864 3078 3066 3147 ἀγαθὸν
3115 3079 3327 3149 δένδρον
3376 3077 3532 3130 τοῦτο
3577 3078 3640 3130 οὑ

2060 3177 2189 3248 περὶ
2221 3177 2400 3245 πάσης
2428 3175 2528 3244 τῆς
2570 3173 2772 3228 ἀνωθεν
2801 3171 3133 3240 ἀγαθότητος
3165 3171 3454 3241 διηγεῖται.
3493 3171 3640 3222 Ἑκεί

370 3260 734 3314 immutabilis
786 3261 1006 3315 bonitas
1053 3271 1158 3324 est,
1209 3271 1396 3330 utpote
1433 3277 1554 3331 quae
1581 3264 1650 3316 sit
1684 3261 1773 3315 Dei
1805 3262 1951 3331 cogi—

2059 3269 2168 3340 γὰρ
2197 3268 2461 3336 άᾷιευστος
2509 3266 2783 3336 ἀγαθότης
2817 3263 3117 3336 μεταϐολὴν
3169 3263 3242 3334 μὴ
3293 3262 3511 3332 ἔχουσα,
3546 3261 3641 3315 καὶ

375 3353 508 3405 tatio
540 3352 902 3420 inexplicabili
938 3352 1174 3421 quodam
1211 3352 1416 3406 honore
1458 3352 1701 3422 praedita.
1753 3351 1948 3406 Utrum

383 3459 511 3498 vero
573 3444 639 3496 ad
705 3443 1012 3512 plantarum
1073 3444 1486 3513 productionem
1560 3443 1955 3498 accommodati

373 3535 572 3605 possit,
608 3535 899 3588 videndum
948 3552 1011 3589 ac
1062 3535 1456 3605 disputandum
1505 3535 1664 3589 nobis
1703 3542 1809 3589 est.
1855 3534 1947 3588 Et-

373 3628 519 3680 enim
551 3626 597 3678 si
629 3625 697 3680 de
728 3623 947 3678 diabolo
994 3640 1174 3679 sermo
1211 3626 1302 3686 sit,
1346 3639 1489 3692 saepe
1531 3625 1681 3677 illum
1713 3625 1958 3678 ostendi-

375 3734 498 3772 mus
526 3717 729 3770 malum
764 3721 833 3771 ab
862 3717 1076 3785 origine
1102 3733 1210 3771 non
1244 3715 1414 3771 fuisse
1443 3735 1457 3770 :
1485 3715 1619 3769 nihil
1644 3721 1788 3770 enim
1815 3715 1959 3772 Deus

379 3810 584 3862 malum
632 3808 896 3870 condidit,
942 3809 1110 3879 idqtte
1142 3809 1279 3863 adeo
1313 3808 1679 3878 prudentibus
1715 3815 1800 3862 est
1850 3824 1960 3861 ma-

375 3904 664 3960 nifestum.
702 3905 780 3958 Ac
817 3905 943 3958 licet
970 3905 1024 3958 itt
1056 3903 1247 3958 eodem
1290 3913 1616 3974 argumento
1649 3918 1954 3967 versemur,

375 4012 486 4052 non
510 3998 861 4068 gravabimur
884 4008 1066 4050 tamen
1089 3997 1372 4050 veritatem
1399 3997 1560 4050 etiam
1587 3996 1639 4049 in
1672 3995 1959 4065 praesentia

385 4089 765 4156 comprobare.
803 4087 970 4158 Igitur
998 4088 1176 4142 malus
1207 4087 1363 4142 initio
1397 4087 1647 4141 diabolus
1679 4102 1788 4140 non
1820 4085 1919 4140 fuit
1941 4125 1957 4150 ,

382 4178 478 4233 sed
509 4179 684 4232 evasit
709 4191 913 4248 postea.
942 4177 1123 4244 Quare
1158 4181 1338 4232 locum
1368 4178 1457 4233 hic
1485 4195 1592 4231 non
1628 4179 1791 4232 habet
1813 4178 1960 4248 quod

374 4268 442 4323 de
489 4269 683 4322 arbore
733 4269 1074 4338 proponitur.
1130 4267 1263 4321 Nam
1319 4277 1374 4323 et
1425 4267 1656 4322 Saulum
1711 4268 1960 4324 videmus

2057 3363 2115 3414 tv
2143 3362 2276 3430 τιμῇ
2325 3358 2674 3426 ἀνεκλαλήτῳ
2704 3357 2801 3410 τοῦ
2845 3356 2998 3419 ὄντος
3039 3355 3194 3424 ἁγίου
3243 3353 3376 3407 Θεοῦ
3420 3355 3482 3406 τὸ
3529 3353 3644 3406 δια-

2056 3454 2252 3524 νόημα.
2296 3453 2389 3514 Εἰς
2433 3451 2489 3503 δὲ
2518 3450 2615 3519 τὴν
2649 3449 2776 3519 περὶ
2809 3447 2990 3517 φυτῶν
3020 3446 3302 3518 ἐνέργειαν
3351 3445 3550 3514 ἴδωμεν
3585 3446 3636 3496 εί

2056 3545 2226 3606 οὕτως
2258 3543 2391 3612 ἔχει,
2438 3541 2533 3594 καὶ
2567 3540 2821 3609 λάϐωμεν
2872 3539 3072 3606 λέγειν.
3124 3539 3183 3590 Εἰ
3223 3539 3320 3608 μὲν
3368 3537 3476 3608 γὰρ
3509 3538 3640 3606 περὶ

2055 3635 2150 3688 τοῦ
2184 3633 2430 3687 διαϐόλου
2465 3633 2611 3685 ἐστὶν
2639 3633 2668 3683 ό
2700 3629 2876 3698 λόγος,
2911 3629 3010 3699 ἤδη
3045 3627 3306 3691 πολλάκις
3337 3627 3639 3697 ἐδείξαμεν,

2056 3728 2138 3780 ὄτι
2168 3726 2230 3779 ού
2271 3724 2507 3794 πονηρὸς
2553 3722 2846 3792 γεγένηται
2865 3737 2878 3750 ⁸
2910 3720 3060 3773 οὐδὲν
3087 3720 3197 3790 γάρ
3231 3720 3428 3788 φαῦλον
3457 3722 3484 3773 ὁ
3511 3719 3642 3782 Θεὸς

2057 3817 2300 3889 ἐποίησε,
2335 3815 2430 3869 καὶ
2460 3814 2617 3866 τοῦτο
2649 3815 2761 3876 τοῖς
2794 3815 3034 3875 συνετοίς
3077 3813 3190 3865 ἐστι
3228 3811 3550 3883 κατάδηλον.
3579 3811 3641 3864 Ei

2057 3910 2166 3980 γὰρ
2191 3909 2330 3962 κατὰ
2361 3909 2470 3960 τῶν
2507 3905 2686 3959 αὐτῶν
2728 3905 3025 3975 φερόμεθα,
3069 3904 3222 3957 οὐδὲν
3252 3904 3482 3973 λυπήσει
3510 3906 3644 3957 ἀπο-

2058 3999 2226 4065 δεῖξαι
2269 4000 2361 4053 καὶ
2417 3999 2475 4051 ὲν
2518 3997 2594 4066 τῷ
2645 3995 2872 4067 παρόντι
2925 3995 3014 4048 τὸν
3060 3996 3188 4065 περὶ
3235 3996 3334 4064 τῆς
3384 3994 3643 4060 ἀληθείας

2059 4093 2236 4161 λόγον.
2277 4092 2365 4144 Ἐν
2397 4093 2463 4160 τῇ
2495 4090 2635 4158 ἀρχῇ
2669 4087 2849 4140 τοίνυν
2885 4085 3089 4156 φαῦλος
3115 4087 3215 4139 οὐκ
3242 4082 3332 4156 ἦν,
3367 4085 3546 4154 ἀπέϐη
3582 4084 3641 4137 δὲ

2062 4182 2281 4252 φαῦλος.
2327 4181 2455 4235 Ἰδοὺ
2495 4180 2556 4231 οὑ
2599 4177 2998 4248 συσταθήσεται
3044 4179 3102 4229 ὲν
3149 4177 3228 4246 τῷ
3262 4177 3416 4248 μέρει
3465 4175 3643 4246 τούτῳ

2061 4276 2089 4328 ὁ
2117 4275 2246 4344 περὶ
2275 4271 2369 4326 τοῦ
2421 4271 2589 4340 φυτοῦ
2623 4269 2800 4338 λόγος.
2840 4268 3086 4340 Ὁρῶμεν
3144 4268 3253 4339 γὰρ
3287 4268 3381 4320 καὶ
3437 4266 3641 4320 Σαῦλον

378 4370 780 4431 persecutorem
813 4360 1004 4422 fuisse,
1045 4361 1406 4430 cumdemque
1433 4377 1530 4430 pro
1557 4376 1622 4414 eo
1650 4361 1793 4431 quod
1824 4361 1951 4417 inse

2061 4364 2294 4436 διώκτην
2323 4364 2632 4434 γενόμενον,
2679 4361 2903 4432 ὕστερον
2931 4362 2989 4414 δὲ
3018 4361 3347 4431 διωκόμενον
3381 4359 3522 4430 ὑπὲρ
3547 4358 3640 4413 τοῦ

375 4461 535 4504 cutus
565 4450 742 4504 fuerat
770 4453 990 4504 nomine
1011 4451 1032 4482 ⁸
1068 4453 1501 4518 persecutiOueut
1533 4468 1656 4506 esse
1713 4468 1959 4521 passum.

377 4545 583 4600 Contra
633 4560 762 4598 vero
815 4543 1009 4598 Judam
1059 4561 1184 4598 cum
1231 4545 1516 4599 duodecim
1566 4547 1826 4614 apostolis
1852 4548 1963 4602 ele—

385 4647 535 4691 ctum
625 4637 924 4692 descivisse
985 4638 1363 4706 postmodum,
1418 4645 1471 4692 et
1530 4639 1598 4692 ad
1653 4639 1958 4708 improbam

375 4724 670 4784 factionem
703 4738 1050 4801 aggregatum
1076 4730 1280 4795 ".Quin
1309 4739 1363 4784 et
1397 4729 1586 4786 liahab
1624 4733 1962 4786 nteretricem

379 4823 657 4876 cernimus
697 4822 767 4876 ab
811 4821 1113 4876 Israelitico
1160 4837 1356 4892 genere
1417 4823 1683 4877 hactenus
1729 4824 1962 4878 alienant

381 4922 508 4982 post
550 4913 934 4982 paenitentiam
974 4921 1255 4982 receptum
1292 4913 1360 4968 ad
1395 4912 1488 4968 Dei
1530 4913 1963 4968 misericordiam

379 5005 639 5060 habuisse
672 5006 716 5060 ⁸.
781 5003 1046 5060 Videmus
1091 5015 1145 5059 et
1189 5007 1460 5060 latronem
1508 5007 1561 5060 in
1609 5005 1851 5060 facinore
1871 5007 1966 5061 de-

378 5096 708 5165 prehensum
739 5105 792 5149 et
823 5096 879 5149 in
950 5111 1168 5150 crucem
1204 5097 1475 5150 sublatum
1507 5106 1630 5167 post
1658 5098 1964 5153 confessio-

381 5201 505 5242 nem
559 5203 666 5242 una
704 5203 828 5241 cum
869 5187 1097 5242 Domino
1135 5189 1189 5241 itt
1225 5189 1538 5258 paradisum
1590 5177 1960 5258 ingressum’.

379 5277 665 5334 Nicolaum
715 5289 978 5350 prieterea
1030 5281 1278 5336 videmus
1319 5283 1497 5336 virum
1544 5282 1747 5335 bonum
1777 5290 1832 5335 et
1861 5283 1966 5337 ele-

381 5374 624 5438 ciunt",
674 5376 1001 5429 sceleratum
1049 5381 1236 5445 postea
1254 5373 1426 5429 fuisse
1453 5382 1617 5442 atque
1673 5376 1816 5429 inter
1851 5375 1962 5428 hae-

386 5480 581 5520 reseon
611 5474 865 5520 auctores
893 5469 1220 5537 ascriptum.
1275 5467 1418 5532 Quid
1446 5466 1536 5519 hic
1569 5475 1797 5521 catteros
1825 5480 1967 5520 cont-

386 5558 722 5612 mctnorem?
761 5556 1037 5625 Quidnam
1093 5574 1260 5628 porro
1309 5557 1506 5612 malam
1542 5559 1684 5612 hanc
1711 5557 1964 5612 arborem

460 5739 478 5771 ¹
511 5739 530 5794 Ι
561 5739 687 5797 Cor.
714 5741 949 5802 xm,12.
1024 5745 1044 5775 ²
1076 5741 1093 5795 l
1121 5742 1248 5797 Cor.
1283 5759 1345 5806 tt,
1380 5743 1434 5797 9.
1512 5743 1532 5774 '
1574 5741 1705 5796 ibid.
1783 5745 1804 5773 ⁵
1841 5741 1951 5796 ibid

2057 5741 2074 5773 '
2119 5739 2307 5794 Matth.
2345 5755 2443 5804 vit,
2491 5740 2580 5806 18,
2612 5740 2704 5796 20.
2773 5741 2803 5798 ,⁸
2858 5739 2980 5792 Act.
3039 5753 3112 5803 ix,
3154 5736 3177 5789 ι
3216 5749 3339 5805 sqq.

1326 5817 1344 5846 ’
1376 5813 1509 5869 Lttc.
1549 5829 1703 5878 χχιιι,
1738 5812 1807 5867 40
1833 5828 1953 5883 sqq.
2020 5811 2064 5844 “
2099 5817 2219 5866 Act.
2249 5825 2324 5877 vt,
2351 5811 2406 5866 5.

393 5825 532 5878 ιιιι,
580 5810 633 5868 3.
738 5813 760 5844 "
787 5811 952 5869 Josuc
983 5813 1090 5877 ιι,Ι
1129 5831 1247 5885 sqq.

2063 4458 2326 4529 ὀνόματος
2359 4451 2419 4510 οῦ
2453 4456 2584 4508 ποτὲ
2623 4454 2865 4508 ἐδίωκεν.
2902 4454 3147 4526 Ὀρῶμεν
3185 4454 3277 4506 τὸν
3312 4452 3510 4506 Ἰούδαν
3550 4454 3646 4505 ἐκ-

2064 4548 2385 4619 λελεγμένον
2425 4548 2521 4602 σὺν
2550 4551 2662 4610 τοῖς
2693 4547 2899 4600 δώδεκα
2926 4546 3260 4609 ἀποστόλοις,
3295 4547 3390 4598 καὶ
3420 4543 3646 4613 ὕστερον

2067 4641 2366 4702 ἀποϐάντα,
2404 4642 2498 4692 καὶ
2530 4641 2587 4692 ὲν
2624 4638 2803 4710 μερίδι
2834 4639 3046 4707 πονηρᾷ
3087 4637 3444 4707 τεταγμένον.
3477 4634 3648 4705 Ὁρῶ-

2070 4750 2168 4802 μεν
2203 4731 2373 4784 Ῥαὰϐ
2410 4731 2510 4799 τὴν
2563 4730 2767 4800 πόρνην
2800 4727 3085 4798 ἀλλοτρίαν
3135 4722 3300 4779 οὖσαν
3331 4723 3424 4778 τοῦ
3458 4725 3646 4792 γένους

2079 4824 2327 4895 Ἰσραὴλ,
2375 4823 2599 4892 ὕστερον
2647 4821 2704 4874 δὲ
2781 4821 3194 4891 μετανοήσασαν
3237 4819 3328 4871 καὶ
3379 4816 3648 4870 λαϐοῦσαν

2067 4916 2199 4970 Θεοῦ
2239 4917 2329 4968 τὸν
2364 4913 2533 4967 ἔλεον.
2582 4912 2830 4985 Ὀρῶμεν
2875 4912 2968 4965 τὸν
3015 4911 3220 4984 λῃστὴν
3268 4911 3362 4962 ἐπὶ
3411 4926 3648 4980 κακουρ-

2065 5009 2190 5077 γίας
2227 5007 2455 5070 ἁλόντα,
2503 5007 2597 5058 καὶ
2643 5003 3020 5078 κρεμασθέντα
3071 5003 3164 5056 ἐπὶ
3205 5000 3298 5055 τοῦ
3335 5001 3510 5066 ξύλου,
3555 5001 3650 5053 καὶ

2068 5099 2622 5169 ὲξομολογησάμενον,
2654 5099 2747 5151 καὶ
2776 5097 2894 5167 ἅμα
2928 5096 3007 5166 τῷ
3048 5094 3238 5166 Κυρίῳ
3272 5096 3329 5147 ἐν
3360 5092 3438 5163 τῷ
3473 5110 3649 5164 παρα-

2067 5193 2229 5262 δείσῳ
2275 5190 2674 5261 εἰσεληλυθότα.
2711 5189 2958 5260 Ὀρῶμεν
3013 5187 3279 5240 Νικόλαον
3328 5184 3491 5238 καλὸν
3525 5183 3651 5235 ὅντα

2070 5284 2165 5336 καὶ
2193 5281 2601 5353 ἐκλελεγμένον,
2633 5279 2859 5350 ὕστερον
2887 5279 2943 5331 δὲ
2973 5277 3254 5331 ἀποϐάντα
3294 5273 3526 5344 πονηρὸν
3555 5272 3650 5326 καὶ

2071 5375 2130 5427 tv
2164 5377 2273 5438 τοῖς
2308 5373 2686 5444 αἱρεσιάρχαις
2714 5369 3001 5440 ταχθέντα.
3029 5369 3139 5422 Καὶ
3170 5366 3222 5418 τί
3260 5382 3348 5436 μοι
3375 5365 3442 5417 τὰ
3468 5362 3648 5434 πλήθη

2073 5465 2278 5534 λέγειν;
2320 5466 2361 5517 Τ
2368 5465 2382 5516 ί
2411 5461 2504 5518 οὖν
2537 5467 2650 5516 ἐστι
2682 5463 2743 5515 τὸ
2784 5463 2947 5531 φυτὸν
2980 5460 3139 5514 τοῦτο
3169 5460 3228 5512 τὸ
3264 5458 3518 5529 πονηρὸν,
3555 5455 3647 5525 ἀφ’

2072 5553 2132 5612 οὗ
2183 5557 2384 5624 ἀγαθὸν
2431 5557 2493 5609 ού
2527 5555 2770 5625 γίνεται;
2818 5553 2977 5607 Ἀλλὰ
3029 5552 3190 5606 πάλιν
3240 5550 3466 5623 πράξεις
3512 5549 3651 5602 εἰσὶν

3439 5730 3459 5762 ’
3509 5727 3643 5786 Luc.
