4076 6392
402 379 516 438 125

1078 377 1449 436 ADVERSUS
1487 377 1834 434 HERESES
1872 378 1998 433 LIB.

2149 379 2312 436 ΤΟΜ.
2355 379 2780 437 11.-·11ᾹΞΙὶΕ5.
2822 379 3007 436 LXVI.

3575 381 3679 439 I28

405 495 732 580 ἀνθρώπων.
761 494 837 549 Ob
882 494 1105 548 δύναται
1141 496 1252 567 γὰρ
1297 497 1362 548 ὲκ
1415 496 1672 566 πορνείας
1721 495 1996 567 ἀγαθότης

2111 513 2220 552 esse
2250 497 2518 563 dicemus,
2565 512 2596 550 e
2626 511 2734 567 qua
2779 497 2982 550 bonum
3025 496 3160 552 oriri
3199 497 3471 568 nequeat?
3511 496 3680 556 Plane

405 584 582 641 εἶναι·
615 587 676 640 ού
707 585 930 640 δύναται
983 586 1048 639 ὲκ
1081 585 1274 655 φθόνου
1326 586 1594 657 πονηρίας
1634 585 1950 658 δικαιοσύνη
1977 629 1990 648 ,

401 679 466 732 οὐ
497 674 722 728 δύναται
751 675 818 727 ὲκ
858 673 1104 746 μοιχείας
1140 675 1360 738 ἔπαινος
1398 675 1674 743 γενέσθαι.
1713 675 1857 729 Αὐτὸ
1886 676 1996 746 γὰρ

404 767 468 819 τὸ
501 767 600 835 τῆς
644 763 919 836 ἁμαρτίας
957 764 1172 835 δένδρον
1201 766 1261 818 οὑ
1291 764 1519 819 δύναται
1568 765 1634 818 δι’
1662 765 1996 837 ἀγαθότητος

403 857 697 927 γενέσθαι·
737 858 1016 911 τουτέστιν
1043 858 1106 910 ού
1147 860 1293 910 ποιεῖ
1323 857 1540 929 δένδρον
1583 858 1817 929 πονηρὸν
1859 873 1996 928 καρ-

409 954 549 1015 ποὺς
585 952 855 1020 ἀγαθούς·
889 953 1012 1005 οὐδὲ
1055 951 1262 1020 ἀγαθοῦ
1295 951 1513 1023 δένδρου
1547 955 1797 1024 καρποὺς
1832 969 1998 1022 πονη-

411 1049 541 1118 ροὺς
577 1047 851 1116 γενέσθαι.
879 1041 1004 1100 Οἷον
1035 1047 1095 1099 τὸ
1126 1046 1328 1114 ἀγαθὸν
1355 1047 1572 1117 δένδρον
1600 1047 1662 1100 τὸ
1697 1047 1771 1116 μὴ
1808 1045 1995 1100 ποιοῦν

411 1141 657 1208 καρποὺς
708 1139 994 1208 πονηροὺς,
1027 1137 1297 1207 ξενοδοχία
1343 1137 1625 1206 γινομένη,
1661 1138 1760 1191 κάν
1807 1154 1866 1188 τε
1897 1137 1998 1190 ὅσα

413 1229 595 1300 ἀποϐῇ
629 1231 737 1282 ἀπὸ
768 1231 864 1300 τῆς
908 1229 1246 1298 ξενοδοχίας,
1295 1229 1394 1298 οὐχ
1448 1228 1633 1281 ἕνεκεν
1669 1227 1998 1296 φαυλότητος

415 1321 533 1388 ἔχει
580 1320 680 1388 τὴν
731 1317 984 1388 δύναμιν.
1027 1317 1430 1387 Ἐλεημοσύνη,
1478 1317 1668 1384 ἁγνεία
1716 1317 1802 1369 διὰ
1843 1316 1996 1379 Θεὸν,

415 1410 717 1481 ἐγκράτεια
766 1409 855 1462 διὰ
903 1408 996 1462 τὸν
1051 1409 1350 1480 Δεσπότην,
1405 1407 1718 1478 δικαιοσύνη
1773 1407 1860 1461 διά
1908 1407 2000 1461 τὸν

415 1501 600 1572 νόμον.

487 1677 606 1734 EB’.
647 1680 834 1734 Ταῦτα
875 1679 945 1733 τὰ
976 1678 1070 1733 δύο
1101 1679 1293 1752 δένδρα
1342 1680 1472 1752 περὶ
1523 1679 1877 1750 δικαιοσύνης
1905 1679 2001 1733 καὶ

2096 589 2164 643 de
2197 587 2476 642 hominum
2495 587 2804 642 actionibus
2829 587 3179 657 interpretari
3197 585 3683 660 debemus.Nequo

2095 681 2242 735 enim
2269 696 2300 734 e
2327 690 2520 749 stupro
2564 680 2802 734 derivari
2840 678 3058 732 bonitas
3098 689 3316 749 potest,
3386 693 3564 749 neque
3613 695 3681 734 ex

2096 771 2356 840 nequitiae
2401 772 2570 824 livore
2601 769 2854 840 justitia,
2907 785 3083 838 neque
3120 786 3188 824 ex
3235 769 3510 824 adulterio
3540 771 3680 826 laus.

2101 861 2385 931 Siquidem
2425 861 2590 915 arbor
2635 861 2728 914 illa
2776 861 2987 930 peccati
3037 876 3066 914 a
3111 861 3353 915 bonitate
3401 859 3679 930 proﬁcisci

2097 969 2206 1008 non
2238 959 2441 1023 potest,
2479 953 2582 1006 hoc
2602 961 2708 1016 est,
2734 953 2898 1005 arbor
2933 952 3075 1005 mala
3111 952 3286 1007 bonos
3331 952 3544 1008 fructus
3572 967 3680 1006 non

2098 1044 2248 1103 facit.
2275 1058 2451 1113 neque
2486 1043 2627 1097 bona
2653 1059 2716 1096 ex
2749 1043 2944 1098 arbore
2969 1043 3096 1097 mali
3127 1042 3336 1099 fructus
3362 1045 3616 1098 oriuntur
3634 1043 3676 1096 ⁸.

2098 1135 2343 1205 Exempli
2375 1134 2546 1205 gratia
2575 1135 2738 1188 arbor
2772 1135 2862 1188 illa
2895 1135 3057 1198 bona,
3089 1150 3212 1204 quze
3255 1135 3428 1191 malos
3470 1136 3683 1190 fructus

2097 1229 2259 1284 edere
2297 1242 2406 1281 non
2454 1233 2654 1296 potest,
2695 1227 2767 1281 sit
2816 1227 3046 1297 benigna
3089 1227 3367 1296 hospitum
3409 1227 3672 1297 exceptio.

2105 1320 2384 1391 Quidquid
2415 1320 2562 1374 enim
2599 1318 2670 1373 ab
2713 1334 2775 1374 ea
2820 1320 3222 1388 proﬁciscatur,
3255 1319 3423 1389 676
3452 1317 3532 1371 vis
3563 1320 3683 1385 ejus

2099 1414 2170 1466 ab
2202 1412 2550 1480 improbitate
2594 1426 2704 1465 non
2749 1413 2948 1464 oritur.
2999 1409 3264 1464 Similiter
3311 1413 3682 1480 eleemosyna,

2100 1505 2427 1558 castimonia
2473 1519 2593 1573 qua:
2639 1515 2859 1574 propter
2894 1502 3062 1558 Deum
3097 1505 3314 1569 colitur,
3344 1503 3680 1556 continentia

2101 1605 2325 1668 propter
2373 1595 2684 1658 Dominum,
2741 1596 2956 1666 iustitia
2991 1596 3128 1664 legis
3177 1595 3351 1664 gratia
3401 1603 3680 1663 suscepta.

2170 1687 2331 1742 LXII.
2373 1686 2747 1753 Quamobrem
2798 1687 2972 1741 ambae
3007 1686 3112 1740 illa:
3146 1687 3374 1741 arbores
3414 1686 3481 1740 de
3516 1687 3683 1755 justi-

417 1773 550 1844 περὶ
583 1772 858 1842 ἁμαρτίας
886 1770 1072 1825 τοῦτον
1120 1771 1233 1841 ἔχει
1283 1769 1374 1824 τὸν
1407 1771 1626 1842 τρόπον.
1661 1772 1794 1843 Περὶ
1841 1770 1897 1824 δὲ
1925 1765 2002 1827 ὧν

2111 1781 2180 1834 tia
2211 1787 2265 1834 et
2294 1786 2522 1848 peccato
2551 1778 2784 1848 intelligi
2817 1777 3108 1832 commode
3150 1785 3403 1847 possunt.
3449 1777 3517 1829 At
3561 1778 3687 1832 bar-

416 1857 572 1925 οὗτος
606 1865 635 1916 6
663 1862 938 1934 βάρϐαρος
975 1861 1170 1932 Μάνης
1209 1861 1520 1922 διανοεῖται,
1549 1862 1678 1933 περὶ
1711 1861 1846 1914 Θεοῦ
1882 1862 2004 1932 βού-

2111 1872 2276 1926 barus
2311 1870 2401 1923 ille
2431 1868 2763 1924 Manichaeus
2802 1883 3085 1937 perperam
3119 1868 3186 1922 de
3219 1867 3329 1923 Deo
3368 1882 3433 1921 ac
3469 1867 3687 1922 diabolo

416 1951 572 2004 λεται
616 1950 816 2018 λέγειν,
866 1951 962 2003 καὶ
995 1950 1124 2020 περὶ
1165 1949 1259 2002 τοῦ
1297 1949 1570 2008 διαϐόλου.
1601 1951 1711 2003 Καὶ
1754 1951 1836 2003 δτι
1873 1952 2005 2022 περὶ

418 2039 557 2094 Θεοῦ
589 2041 767 2104 οὐδεὶς
793 2039 1014 2093 δύναται
1060 2039 1326 2111 τολμῆσαι
1369 2041 1465 2094 καὶ
1495 2041 1690 2104 εἰπεῖν,
1719 2042 1803 2094 ὅτι
1834 2040 2006 2095 κακὸν

419 2133 640 2202 ποιήσει
679 2133 832 2195 ποτὲ,
867 2132 941 2203 μὴ
970 2131 1203 2202 γένοιτο,
1235 2132 1331 2186 καὶ
1362 2130 1489 2184 οῦτε
1520 2133 1648 2203 περὶ
1676 2130 1772 2185 τοῦ
1819 2132 2004 2186 διαϐόο

418 2225 534 2288 λου,
563 2225 645 2276 ὅτι
675 2222 879 2291 ἀγαθὸν
919 2222 1244 2295 ἐργάζεται,
1291 2222 1451 2276 τοῦτο
1497 2223 1676 2293 δῆλον.
1713 2222 1877 2276 Ἀλλὰ
1919 2222 2007 2276 διὰ

418 2314 559 2367 Θεοῦ
589 2317 765 2368 πάντα
793 2314 1004 2383 γίνεται
1033 2314 1102 2366 τὰ
1138 2313 1340 2382 ἀγαθὰ,
1373 2315 1470 2367 καὶ
1509 2313 1710 2383 φαῦλον
1747 2313 1808 2378 ἐξ
1839 2314 2004 2367 αὑτοῦ

418 2407 576 2460 οὐδὲν
631 2406 952 2469 κέκτισται,
1010 2405 1130 2458 οὐδὲ
1177 2404 1406 2472 γίνεται.
1452 2403 1516 2458 Εἰ
1557 2403 1615 2456 δὲ
1654 2407 1718 2457 ὲκ
1759 2404 2005 2458 διαϐόλου

417 2498 726 2568 ἐνεργεῖται
767 2497 980 2568 πονηρά
1011 2513 1154 2561 τινα,
1197 2495 1304 2549 ἰδοὺ
1336 2496 1650 2566 εὑρήκαμεν
1683 2496 1777 2548 καὶ
1808 2497 1874 2548 δι’
1907 2499 2007 2550 αύ-

419 2587 520 2641 τοῦ
565 2588 828 2656 στέφανον
863 2587 1196 2658 πλεκόμενον
1241 2586 1454 2654 ἁγίοις,
1497 2586 1591 2639 καὶ
1641 2585 1895 2657 βραϐεῖον
1928 2587 2006 2640 δι-

417 2680 646 2750 δόμενον
693 2682 807 2742 τοῖς
859 2678 1187 2750 νενικηκόσι.
1228 2679 1338 2730 Καὶ
1377 2677 1626 2731 διέπεσεν
1654 2682 1682 2732 6
1710 2678 1874 2732 αὑτοῦ
1918 2679 2006 2732 λό-

421 2787 540 2838 γος.
568 2771 642 2822 Τὸ
666 2771 775 2841 γάρ
804 2769 1008 2840 σαπρὸν
1040 2769 1254 2840 δένδρον
1283 2769 1376 2822 καὶ
1407 2769 1611 2838 ἀγαθὸν
1637 2770 1852 2842 δένδρον
1879 2772 2010 2842 περὶ

422 2858 645 2928 ἀγαθῶν
674 2860 851 2930 ἔργων
883 2860 1139 2930 τυγχάνει
1191 2860 1284 2912 καὶ
1327 2860 1455 2930 περὶ
1489 2859 1735 2929 φαύλωνο
1786 2863 1878 2914 καὶ
1909 2863 2009 2914 οὑκ

421 2952 543 3005 ἐστι
591 2953 720 3024 περὶ
755 2950 997 3016 Παλαιάς
1046 2952 1322 3022 ΔιαΘήκης
1377 2952 1472 3004 καὶ
1528 2955 1772 3026 Καινῆς,
1825 2953 2010 3018 καθὼς

424 3043 675 3114 Ιϐούλεται
707 3045 736 3096 6
762 3043 857 3096 τοῦ
888 3044 1047 3114 Μάνη
1079 3043 1254 3112 λόγοςο

498 3133 577 3184 ΞΓ
580 3139 613 3185 ’.
658 3133 778 3185 Ἔτι
815 3133 873 3186 δὲ
917 3135 946 3186 ὁ
992 3133 1152 3197 αὐτὸς
1203 3133 1522 3206 βουλόμενος
1570 3136 1848 3206 παριστᾷν
1909 3135 2007 3198 τὰς

2110 1970 2339 2016 conatur
2367 1961 2636 2029 accipere.
2668 1958 2872 2014 Verum
2907 1958 3181 2013 neminem
3211 1973 3276 2012 eo
3301 1957 3542 2011 audacia:
3572 1972 3689 2026 pro-

2110 2050 2263 2121 gredi
2313 2065 2471 2120 posse
2505 2049 2856 2119 perspicuum
2895 2057 3002 2111 est,
3033 2055 3094 2102 ut
3133 2053 3230 2101 aut
3265 2045 3431 2100 Deum
3478 2054 3690 2102 asserat

2111 2140 2313 2194 malum
2359 2138 2656 2208 aliquando
2698 2137 2995 2200 facturum,
3029 2143 3123 2188 aut
3148 2135 3428 2191 diabolum
3461 2134 3687 2190 bonum.

2111 2230 2256 2297 Quin
2283 2231 2394 2284 imo
2421 2230 2564 2284 bona
2611 2232 2798 2283 omnia
2848 2227 2993 2283 Deus
3035 2227 3218 2291 eﬂicit,
3263 2242 3441 2297 neque
3483 2227 3687 2282 malum

2113 2321 2410 2390 quidquam
2459 2321 2528 2374 ab
2558 2335 2624 2374 eo
2663 2319 2991 2389 productum
3037 2329 3143 2381 est,
3183 2326 3278 2373 aut
3310 2334 3440 2372 vero
3485 2315 3689 2387 produ-

2113 2414 2276 2468 citur.
2330 2411 2485 2478 Quod
2536 2412 2582 2467 si
2640 2412 2894 2466 diabolus
2944 2411 3209 2465 nonnulla
3258 2410 3401 2465 mala
3447 2409 3689 2478 molitur,

2113 2503 2369 2557 nimirum
2405 2502 2507 2557 hac
2538 2504 2682 2557 illius
2707 2517 2869 2571 opera
2913 2503 3119 2556 sanctis
3148 2500 3460 2555 hominibus
3487 2515 3691 2554 corona

2114 2596 2371 2658 nectitur,
2409 2610 2472 2648 ac
2511 2596 2791 2664 praimium
2833 2593 3133 2648 victoribus
3163 2593 3452 2647 tribuitur.
3488 2592 3692 2662 Sicque

2115 2694 2228 2741 tota
2277 2686 2424 2740 illius
2449 2687 2589 2740 ratio
2631 2685 2859 2738 corruit.
2911 2683 3050 2738 Mala
3079 2685 3224 2737 enim
3269 2684 3434 2738 arbor
3466 2692 3520 2738 et
3548 2683 3692 2738 bona

2114 2777 2182 2833 de
2227 2778 2384 2832 bonis
2425 2792 2487 2831 ac
2532 2777 2688 2830 malis
2730 2776 2991 2846 operibus
3043 2777 3422 2844 explicantur;
3471 2789 3572 2829 nec
3619 2775 3689 2828 ad

2120 2867 2284 2924 Vetus
2334 2868 2655 2937 Novumque
2677 2866 3087 2922 Testamentum
3119 2868 3413 2936 pertinent,
3463 2874 3520 2920 ut
3546 2863 3690 2922 falso

2114 2961 2445 3016 Manichacus
2475 2959 2774 3015 existimat.

2186 3132 2371 3189 LXIII.
2414 3132 2519 3187 Sed
2564 3132 2732 3186 instat
2762 3129 2904 3184 idem
2933 3129 3046 3191 ille,
3087 3135 3141 3180 et
3173 3134 3231 3180 ut
3255 3139 3413 3179 suum
3449 3121 3516 3175 de
3550 3121 3690 3175 duo-

425 3227 558 3296 περὶ
588 3225 695 3279 τῶν
735 3225 829 3278 δύο
867 3225 1051 3297 ἀρχῶν
1082 3205 1420 3298 προφάσεις,
1457 3205 2009 3299 οηρώμενοςὲπιτη-

2116 3226 2220 3280 btis
2250 3223 2539 3294 principiis
2583 3223 2778 3292 dogma
2826 3219 3093 3281 stabiliat,
3148 3215 3444 3271 nonnullas
3476 3228 3506 3267 e
3541 3212 3688 3266 Scri-

421 3316 638 3370 δεύεται
673 3317 772 3380 τὰς
811 3318 962 3388 αὐτῷ
1001 3317 1262 3381 δοκούσας
1304 3318 1500 3382 λέξεις,
1542 3318 1714 3381 οὕτως
1747 3317 2007 3387 ἐχούσας·

427 3409 574 3471 Ὅτι,
615 3410 768 3479 φησι,
816 3412 928 3472 τοῖς
966 3409 1240 3473 Ἰουδαίοις
1269 3410 1480 3478 ἔλεγεν·
1526 3409 1712 3477 ἠλεῖς
1743 3409 1859 3462 υἱοὶ
1907 3407 2012 3461 τοῦ

423 3503 710 3556 διαϐόλου
749 3502 910 3557 ἐστέ.
943 3503 1199 3568 Ἐκεῖνος
1237 3503 1730 3570 ἀνθρωποκτόνος
1771 3498 1881 3571 ἦν·
1923 3499 2013 3553 ὅτι

425 3601 463 3648 ό
494 3596 690 3664 πατὴρ
717 3594 905 3649 αὑτοῦ
934 3596 1210 3663 ψεύστης
1238 3592 1336 3666 ἦν.
1380 3594 1639 3648 Βούλεται
1678 3593 1734 3646 δὲ
1775 3593 2014 3664 βλασφη-

430 3689 576 3757 μεῖν,
613 3687 708 3738 καὶ
747 3686 928 3754 λέγειν
965 3686 1057 3738 τὸν
1089 3685 1319 3756 ποιητὴν
1355 3684 1584 3757 ούρανοῦ
1632 3684 1727 3737 καὶ
1756 3683 1860 3753 γῆς
1909 3699 2015 3735 πα-

426 3780 566 3850 τέρα
613 3775 754 3830 εἶναι
791 3776 884 3830 τοῦ
919 3777 1188 3842 διαϐόλου,
1224 3775 1489 3847 μηδαμῶς
1533 3775 1830 3846 δυνάμενον
1877 3774 2014 3836 ὅλως

427 3873 527 3924 ἐπὶ
567 3870 723 3923 τοῦτο
749 3871 810 3922 τὸ
849 3870 1008 3940 ῥητὸν
1055 3867 1343 3937 φαίνεσθαι
1369 3868 1410 3920 ί.
1462 3868 1526 3919 El
1573 3865 1683 3936 γὰρ
1735 3864 1872 3928 ὅλως
1916 3863 2012 3916 τοῦ

424 3962 677 4018 διαϐόλου
713 3961 817 4013 υἱοί
852 3963 978 4023 εισι,
1009 3960 1255 4013 διέπεσεν
1283 3960 1312 4012 6
1345 3957 1464 4011 κατ’
1495 3956 1657 4012 αὐτὸν
1697 3956 1877 4024 λόγος,
1921 3955 2014 4008 καὶ

427 4052 612 4122 ἑαυτῷ
639 4052 999 4122 ἀντιμὰχεται
1051 4051 1080 4102 ὁ
1114 4051 1306 4120 Μάνης
1332 4048 1563 4116 ἀγνοῶν.
1603 4045 2014 4119 Ἀςρωρίσοησαν

431 4145 545 4214 γὰρ
579 4143 762 4196 λοιπὸν
798 4144 856 4196 αἱ
901 4141 1082 4195 αὐτῶν
1107 4140 1278 4211 ψυχαὶ
1312 4143 1376 4193 ὲκ
1418 4139 1667 4193 διαϐόλου
1710 4136 2014 4208 γεγενημέ-

433 4253 556 4299 ναι,
601 4235 696 4287 καὶ
747 4233 935 4285 ούκέτι
980 4232 1120 4284 εἰσὶν
1169 4231 1278 4283 ἀπὸ
1328 4230 1427 4300 τῆς
1477 4229 1683 4284 ἀνωθεν
1731 4227 2016 4298 δυνάμεως

431 4326 578 4380 κατά
603 4327 694 4378 τὸν
722 4324 886 4377 αὐτοῦ
933 4321 1124 4394 μῦθον,
1153 4322 1187 4394 ἢ
1214 4323 1312 4375 οὐκ
1340 4321 1455 4374 ἔστι
1488 4321 1652 4392 μέρος
1680 4318 1775 4373 τοῦ
1815 4319 2012 4388 φωτὸς,

428 4423 468 4493 ἢ
495 4418 794 4482 πανοπλίας
821 4417 916 4470 τοῦ
948 4415 1134 4480 αὑτοῦ,
1170 4416 1204 4486 ἢ
1251 4415 1344 4468 τοῦ
1379 4413 1570 4468 στύλου
1617 4413 1709 4466 τοῦ
1753 4412 1946 4481 φωτὸς.
1980 4409 2013 4479 ἦ

2111 3319 2289 3389 pturis
2339 3331 2504 3371 voces
2535 3330 2633 3385 pro
2688 3329 2789 3368 sua
2833 3313 3058 3366 libidine
3103 3315 3319 3379 captat,
3374 3321 3497 3376 qua-
3560 3311 3692 3359 sunt

2111 3409 2410 3478 ejusmodi.
2442 3407 2672 3472 Iudaeis,
2708 3405 2908 3476 inquit,
2939 3403 3202 3458 Dominus
3237 3400 3416 3456 dixit:
3451 3397 3554 3453 Vos
3585 3397 3689 3466 lilii

2112 3502 2312 3556 diaboli
2335 3501 2484 3555 estis.
2509 3499 2611 3553 Ille
2636 3495 2900 3552 homicida
2946 3495 3070 3564 fuit,
3105 3494 3353 3564 quoniam
3400 3499 3548 3559 pater
3575 3504 3692 3558 ejus

2112 3590 2338 3646 mendas
2380 3599 2494 3643 erat
2518 3591 2560 3643 δ.
2603 3586 2778 3658 Cujus
2813 3602 2877 3640 ex
2907 3583 3199 3640 occasione
3232 3580 3338 3636 loci
3369 3579 3534 3634 homo
3558 3591 3694 3632 con-

2113 3683 2403 3737 tumeliose
2462 3681 2516 3734 in
2569 3679 2738 3734 Deum
2789 3678 2998 3747 garrire
3042 3690 3152 3729 non
3191 3673 3426 3736 dubitat,
3467 3679 3522 3725 et
3567 3668 3693 3724 cmli

2112 3783 2383 3844 terraeque
2441 3773 2779 3827 conditorem
2835 3777 3041 3838 patrem
3078 3781 3201 3822 esse
3251 3762 3453 3819 diaboli
3491 3761 3694 3824 dicere,

2112 3885 2237 3924 cum
2265 3867 2398 3922 nihil
2423 3864 2694 3936 ejusmodi
2742 3865 2898 3918 locus
2934 3861 3024 3915 ille
3064 3858 3377 3923 contineat;
3409 3853 3609 3910 etenim
3645 3852 3692 3907 si

2113 3957 2314 4014 diaboli
2348 3956 2443 4011 lilii
2482 3953 2716 4008 habendi
2751 3951 2828 4004 illi
2859 3955 3012 4009 sunt,
3056 3947 3256 4002 falsum
3288 3951 3373 3998 est
3401 3938 3549 4011 quod
3585 3938 3695 3993 alio

2113 4049 2235 4103 loco
2273 4044 2552 4108 defendit,
2613 4037 2677 4096 ac
2724 4040 2829 4095 sibi
2873 4039 2990 4108 ipse
3041 4032 3363 4104 imprudens
3403 4034 3690 4100 repugnat.

2117 4139 2376 4210 Sequitur
2438 4136 2584 4191 enim
2649 4138 2929 4202 separatas
2984 4127 3243 4195 deinceps
3291 4131 3347 4178 et
3399 4137 3428 4175 a
3477 4118 3695 4174 diabolo

2115 4232 2415 4305 productas
2465 4229 2686 4281 illorum
2737 4223 2951 4276 animas
2999 4219 3192 4278 fuisse,
3245 4212 3578 4280 minimeque
3624 4209 3695 4262 ab

2116 4300 2327 4380 cwlesti
2354 4323 2556 4376 virtute
2603 4315 2900 4388 profectas,
2930 4319 2990 4365 ut
3019 4311 3167 4364 illius
3199 4305 3379 4360 fabula
3413 4300 3692 4356 narrabat.

2120 4433 2224 4472 nec
2269 4416 2380 4484 jam
2413 4428 2541 4484 pars
2565 4410 2670 4464 erit
2707 4407 2817 4462 ulla
2864 4404 3026 4466 lucis,
3067 4409 3162 4455 aut
3200 4399 3348 4452 illius
3382 4400 3691 4453 armaturae,

434 4483 644 4584 μητρὸς
669 4511 769 4580 τῆς
794 4510 956 4580 ζωῆς.
979 4510 1042 4562 Εἰ
1070 4509 1128 4561 δὲ
1159 4483 1293 4572 ὅλως
1319 4508 1473 4560 αὐτοὶ
1495 4507 1590 4560 τοῦ
1612 4505 1882 4567 διαϐόλου,
1909 4503 2009 4574 ἄρα

2123 4517 2218 4563 aut
2256 4483 2526 4562 columnae
2552 4500 2796 4562 luminis,
2826 4503 2920 4550 aut
2943 4493 3135 4548 matris
3167 4493 3310 4543 vitae.
3341 4486 3453 4540 Imo
3489 4500 3618 4537 vero
3647 4483 3694 4535 si

430 4603 530 4655 καὶ
561 4605 591 4655 ό
629 4600 879 4671 Ἀϐραὰμ
923 4601 952 4652 6
983 4598 1188 4651 τούτων
1216 4598 1418 4668 πατὴρ,
1450 4590 1512 4650 οὗ
1545 4596 1766 4666 σπέρμα
1811 4593 2018 4662 τυγχά-

432 4711 618 4748 νουσιν
677 4693 832 4745 αὑτοὶ
869 4693 920 4744 οἱ
963 4691 1229 4755 Ἰουδαῖοι,
1282 4691 1377 4743 καὶ
1420 4689 1583 4751 αὐτὸς
1629 4687 1723 4740 τοῦ
1769 4686 2016 4740 διαϐόλου

432 4791 575 4853 ἐστὶ,
603 4787 744 4841 κατά
781 4787 873 4840 τὸν
918 4784 1014 4838 τοῦ
1049 4785 1207 4854 Μάνη
1255 4783 1434 4850 λόγον.
1467 4780 1590 4842 Πῶς
1635 4775 1728 4832 οῦν
1773 4779 1802 4830 6
1827 4776 2017 4848 Πατὴρ

432 4879 700 4944 λεκτικῶς
721 4881 742 4910 ²
769 4878 918 4948 λέγει
953 4877 1156 4941 αὐτοῖς’
1189 4874 1372 4944 Ὑμεῖς
1403 4874 1514 4926 οὐκ
1547 4871 1688 4923 ἐστὲ
1709 4868 1888 4924 τέκνα
1912 4868 2018 4922 τοῦ

449 4968 889 5040 Ἀϐραὰμ,ωῶ
917 4968 1024 5022 τοῦ
1048 4965 1271 5033 πατρὸς
1296 4963 1461 5033 ὑμῶν
1486 4963 1593 5015 τοῦ
1627 4960 1925 5014 διαϐόλου.
1959 4961 2026 5014 El

433 5064 547 5132 γὰρ
568 5060 673 5132 ἦτε
695 5061 875 5115 τέκνα
899 5060 1003 5114 τοῦ
1020 5059 1280 5126 Ἀϐραὰμ,
1307 5058 1378 5109 τὰ
1392 5055 1535 5124 ἔργα
1550 5051 1735 5107 αὑτοῦ
1751 5050 2018 5106 ἐποιεῖτε.

449 5157 650 5226 ’Υμεῖς
683 5156 795 5226 τὰρ
826 5150 1044 5221 ζητεῖτέ
1071 5169 1148 5220 με
1174 5147 1543 5210 ἀποκτεῖναι,
1580 5145 1912 5213 ἄνθρωπον.
1952 5141 2022 5208 ὃς

433 5247 556 5317 τὴν
610 5247 903 5312 ἀλήθειαν
955 5241 1269 5306 λελάληκα
1313 5237 1474 5307 ὑμῖν.
1540 5235 1720 5288 Τοῦτο
1764 5232 2021 5302 Ἀϐραὰμ

433 5342 553 5395 οὐκ
601 5336 874 5405 ἐποίησε.
911 5335 1021 5388 Καὶ
1051 5333 1218 5403 ὁρᾷς,
1246 5330 1327 5381 ὃτι
1379 5324 1816 5396 καταχρηστικός
1868 5323 2017 5374 ἐστιν

434 5433 468 5487 6
493 5429 678 5496 λόγος’
712 5427 894 5482 αὐτῶν
926 5425 1037 5495 γάρ
1079 5425 1248 5476 ὅντων
1285 5420 1414 5474 υἱῶν
1470 5418 1562 5472 τοῦ
1604 5415 1881 5488 Ἀϐραὰμ,
1923 5416 2018 5468 καὶ

435 5523 534 5580 τοῦ
571 5521 778 5594 Κυρίου
811 5517 1298 5589 ἀπαλλοτριοῦντος
1327 5511 1526 5574 αὐτοὺς
1553 5510 1640 5563 διά
1681 5507 1792 5562 τῶν
1820 5507 2018 5579 ἔργων,

559 5728 577 5762 ι
635 5725 698 5784 F.
758 5724 1036 5797 φέρεσθαι.

445 5796 544 5858 '59.
575 5797 666 5854 40.

1173 5725 1192 5756 ³
1232 5721 1358 5778 Cor.
1414 5713 1606 5788 Σωτὴρ
1689 5715 2038 5786 ἐλεγκτικῶς.

2115 4599 2318 4656 diaboli
2367 4596 2461 4650 lilii
2500 4601 2650 4652 sunt.
2687 4589 3036 4644 Abrahamus
3067 4585 3234 4639 etiam
3273 4581 3488 4634 illorum
3520 4585 3694 4645 pater,

2117 4707 2148 4746 a
2182 4705 2289 4760 quo
2318 4686 2491 4741 Judaai
2528 4682 2807 4754 propagati
2859 4684 3009 4739 sunt,
3055 4673 3255 4730 diaboli
3292 4671 3434 4724 lilius
3463 4668 3586 4729 erit,
3629 4681 3693 4719 ex

2118 4781 2208 4836 illa
2248 4775 2530 4832 Manichaei
2586 4769 2879 4826 sententia.
2925 4763 3083 4833 Quod
3117 4765 3162 4816 si
3212 4763 3284 4814 ita
3318 4766 3424 4823 est,
3459 4769 3696 4826 quanam

2117 4869 2330 4922 ratione
2403 4863 2654 4918 Salvator
2707 4861 2822 4929 ipse
2871 4857 2956 4911 bis
3005 4855 3125 4909 illos
3179 4849 3362 4903 verbis
3418 4845 3692 4916 appellat:

2132 4959 2235 5013 Vos
2277 4973 2380 5010 non
2413 4955 2540 5009 estis
2573 4952 2674 5022 ﬁlii
2704 4948 2999 5009 Abraham,
3046 4943 3136 4998 sed
3188 4941 3356 5010 patris
3389 4937 3546 4992 vestri
3575 4934 3687 4988 dia‘

2123 5049 2250 5104 boli.
2275 5048 2335 5104 Si
2363 5048 2503 5101 enim
2532 5044 2716 5099 essetis
2757 5041 2856 5111 ﬁlii
2901 5037 3194 5098 Abraham,
3231 5033 3378 5086 illius
3409 5046 3565 5099 opera
3603 5027 3694 5093 fa-

2119 5143 2323 5197 ceretis.
2371 5137 2473 5192 Vos
2506 5137 2645 5191 enim
2689 5133 2926 5204 quaeritis
2963 5145 3042 5183 me
3062 5125 3373 5194 interﬁcere.
3411 5121 3693 5182 hominem,

2117 5234 2208 5304 qui
2231 5233 2500 5286 veritatem
2529 5227 2735 5281 locutus
2789 5240 2905 5278 sum
2940 5221 3106 5276 vobis.
3152 5217 3268 5272 Hoc
3293 5213 3559 5269 Abraham
3590 5227 3695 5264 non

2123 5325 2246 5394 fecit
2265 5325 2307 5378 ⁵.
2340 5321 2502 5393 677
2535 5318 2698 5373 Vides
2737 5316 2901 5386 igitur
2931 5329 3026 5385 per
3046 5308 3406 5366 catachresim
3453 5318 3693 5374 usurpa-

2132 5424 2252 5468 tum
2297 5413 2346 5466 id
2373 5412 2564 5472 fuisse,
2602 5417 2662 5463 ut
2691 5405 2988 5462 Abraliami
3028 5402 3243 5474 quidem
3277 5406 3462 5454 essent
3497 5403 3696 5451 natura

2127 5507 2247 5573 lilii,
2279 5513 2333 5561 et
2379 5503 2447 5558 ab
2481 5503 2668 5558 eodem
2712 5498 3086 5561 nihilominus,
3138 5491 3352 5547 Domini
3405 5485 3692 5551 sententia,

3483 5691 3505 5724 ⁸
3543 5685 3681 5743 ibid.

2171 5713 2190 5744 ³
2232 5709 2422 5768 Matth.
2475 5723 2573 5772 vn,
2641 5705 2721 5760 l8.
2853 5702 2874 5735 ⁸
2907 5699 3066 5758 Joan.
3117 5713 3234 5763 vni,
3283 5693 3372 5750 Η.
