4076 6392
376 473 480 535 4ζῖ

1792 461 1852 524 5.
1891 463 2226 521 EPlPllANll

3536 450 3636 507 128

378 609 492 649 non
533 592 742 662 origine
789 589 1234 661 productionem,
1277 589 1372 644 sed
1415 587 1676 658 operibus
1739 583 1951 651 abludi-

2064 583 2174 652 ιὺχὶ
2221 581 2309 634 διὰ
2339 579 2431 634 τοῦ
2477 575 2858 648 πλάσματοςῆ
2897 573 2987 628 διὰ
3023 573 3124 644 τῆς
3173 569 3630 662 ποιήσεως-’ἢδη

379 691 597 741 cantur.
635 685 710 739 De
739 697 844 754 qua
882 699 940 738 re
971 698 1070 736 nos
1102 693 1257 735 antea
1285 681 1705 750 disputavimus.
1745 675 1959 730 Fierine

385 780 570 848 itaque
599 787 796 847 potest,
831 781 904 830 uti
937 791 1064 845 pars
1096 777 1280 843 aliqua
1309 775 1376 828 ab
1404 774 1596 828 eodem
1629 780 1754 826 satu
1783 771 1959 824 aliena

384 865 547 918 modo
601 866 670 919 sit
704 879 769 918 ac
795 864 994 918 diaboli
1031 865 1267 933 propria,
1303 863 1467 916 modo
1497 861 1608 916 Deo
1637 859 1960 915 tribuenda?

384 955 489 1010 Sed
531 957 787 1009 nimirum
833 955 1138 1011 incessendi
1189 971 1251 1008 ac
1301 953 1734 1024 reprehendendi
1791 967 1957 1008 causa

381 1051 486 1106 ista
509 1049 790 1102 dicuntur.
827 1048 961 1102 Nam
990 1049 1078 1102 cui
1118 1063 1177 1103 se
1217 1049 1450 1118 quisque
1499 1047 1752 1115 subjicit,
1799 1047 1960 1114 hujus

381 1153 436 1196 et
472 1142 688 1194 actione
711 1149 764 1194 et
788 1140 1079 1210 disciplina
1110 1140 1253 1195 filius
1279 1149 1384 1202 est,
1416 1147 1472 1194 ut
1498 1155 1564 1194 cx
1598 1138 1748 1192 Pauli
1779 1138 1961 1192 verbis

383 1242 612 1303 apparet
640 1252 651 1286 :
687 1232 828 1285 Nam
861 1234 980 1286 licet
1011 1233 1206 1286 multos
1245 1245 1588 1300 tri-receptores
1611 1231 1872 1293 habeatis,
1905 1239 1960 1283 at

382 1339 486 1376 non
531 1323 721 1376 multos
751 1331 950 1390 patres.
984 1321 1126 1374 Nam
1153 1325 1206 1375 in
1237 1322 1450 1376 Christo
1487 1321 1616 1375 Jesu
1645 1329 1736 1390 per
1780 1321 1962 1375 Evan-

379 1413 574 1483 gelium
604 1429 693 1482 ego
727 1431 810 1466 vos
843 1415 1006 1483 'genui
1033 1413 1070 1466 ί.
1107 1411 1206 1467 Ubi
1242 1413 1306 1466 ad
1339 1413 1666 1477 doctrinam,
1703 1420 1760 1464 ut
1787 1410 1958 1474 vides,

382 1506 485 1559 ista
528 1505 811 1559 transfert.
881 1503 943 1557 Et
1000 1504 1218 1574 quidem
1273 1504 1319 1557 si
1376 1502 1746 1556 Abraltarnum
1793 1501 1962 1556 Mani-

384 1595 570 1648 chacus
619 1595 956 1658 admitteret,
1010 1595 1155 1648 hunc
1199 1595 1375 1664 ipsum
1401 1592 1468 1646 ad
1505 1595 1677 1646 lucem
1714 1601 1964 1662 spectare

382 1687 730 1752 diceremus,
775 1688 978 1742 liberos
1028 1703 1159 1742 vero
1215 1687 1284 1740 ab
1345 1701 1412 1740 eo
1471 1688 1765 1755 productos
1809 1686 1963 1740 alteri

383 1780 770 1834 tribueremus.
820 1776 1306 1832 Verumeuimvero
1342 1779 1416 1830 ita
1475 1791 1597 1831 sese
1642 1791 1732 1832 res
1763 1777 1964 1832 habet:

385 1871 747 1924 imitabantur
793 1867 1123 1924 homicidam
1169 1867 1346 1931 ludar,
1397 1869 1760 1938 proditionem
1787 1869 1964 1938 imita-

384 1961 615 2026 bantur,
648 1963 876 2030 ejusque
903 1961 1232 2014 calumniam
1264 1971 1325 2014 ac
1349 1959 1676 2014 delationem
1708 1960 1965 2015 secundis

384 2052 612 2105 auribus
654 2059 1012 2120 acceperant;
1041 2051 1205 2120 hujus
1239 2052 1293 2105 in
1320 2050 1490 2104 divini
1517 2052 1758 2107 numinis
1797 2054 1967 2106 abne-

384 2141 602 2209 gatione
653 2141 746 2192 ﬁlii
799 2142 1149 2194 exstiterunt.
1221 2140 1314 2194 ille
1351 2141 1499 2194 enim
1551 2141 1782 2194 mendax
1821 2151 1961 2207 erat,

383 2247 508 2283 cum
548 2241 601 2285 et
645 2231 852 2286 loculos
885 2231 1128 2296 haberet,
1162 2243 1217 2286 et
1251 2231 1456 2286 furtum
1489 2233 1874 2296 committeret,
1909 2243 1964 2288 et

385 2321 660 2374 Christum
715 2321 789 2374 ita
839 2323 1102 2374 salutaret
1151 2341 1163 2375 :
1207 2322 1333 2384 Ave,
1402 2320 1625 2376 Rabbi‘.
1677 2323 1849 2389 Quam
1894 2326 1964 2377 ob

384 2423 606 2462 mulsam
631 2411 733 2462 hac
761 2409 972 2463 Domini
1005 2425 1138 2464 voce
1165 2411 1585 2479 reprehenditur
1616 2432 1628 2466 :
1663 2415 1862 2477 Amice,
1893 2413 1960 2466 ad

382 2501 508 2572 quid
536 2499 756 2554 venisti'
777 2501 799 2552 Τ
822 2499 993 2555 ludas
1021 2517 1147 2555 vero
1191 2501 1420 2556 Cainum
1449 2502 1692 2556 imitatus
1726 2511 1830 2566 est,
1871 2502 1963 2572 qui

381 2599 438 2642 et
466 2589 742 2657 parricida
769 2589 914 2654 -fuit,
949 2599 1003 2643 et
1054 2605 1240 2644 coram
1287 2589 1519 2643 Domino
1565 2591 1825 2644 mentitus
1855 2600 1960 2647 est.

383 2679 530 2734 Num
585 2689 793 2744 custos,
845 2680 1044 2750 inquit,
1093 2682 1282 2749 fratris
1319 2681 1419 2733 mei
1454 2683 1619 2736 sum?
1668 2683 1840 2735 nescio
1875 2684 1964 2734 ubi

382 2773 524 2826 sit‘.
587 2771 846 2842 Ejusdem
902 2781 956 2828 et
1013 2773 1258 2828 Adamus
1303 2773 1606 2828 imitatione
1649 2774 1790 2829 filius
1837 2776 1960 2840 fuit,

381 2863 513 2916 dum
567 2863 886 2918 mendacem
938 2864 1086 2917 illam
1141 2878 1328 2918 vocem
1381 2866 1653 2934 sequitur,
1701 2879 1826 2935 qua:
1865 2881 1963 2935 per

383 2961 688 3022 serpentem
731 2954 804 3006 ita
845 2954 1170 3024 loquebatur
1203 2971 1215 3008 :
1251 2951 1418 3007 Erilis
1446 2955 1584 3008 sicut
1617 2955 1698 3009 dii
1736 2957 1956 3011 scientes

381 3045 575 3098 bonum
622 3056 672 3099 et
708 3045 972 3098 malum“.
1029 3047 1202 3115 Atque
1251 3046 1354 3100 hoc
1393 3047 1568 3114 ipsum
1601 3057 1706 3111 est,
1735 3049 1960 3116 quodin

384 3136 680 3206 Evangelia
707 3153 738 3190 a
763 3137 1049 3192 Salvatore
1102 3138 1306 3192 dicitur
1345 3135 1478 3192 :Vos
1523 3139 1649 3192 estis
1699 3139 1802 3208 ﬁlii
1841 3140 1963 3194 dia-

383 3227 490 3282 boli
521 3229 562 3281 θ.
635 3227 728 3282 Sic
777 3230 926 3284 enim
981 3229 1274 3300 loquitur:
1309 3229 1500 3286 Nonne
1548 3233 1823 3288 duodecim
1873 3249 1961 3290 vos

379 3321 557 3388 elegi?
600 3329 649 3374 et
683 3337 817 3376 unus
851 3335 917 3375 ea:
961 3321 1103 3376 vobis
1143 3331 1220 3376 est
1253 3323 1562 3380 diabolus".
1595 3327 1864 3391 Quoniam
1899 3328 1964 3380 ab

383 3411 538 3464 initio
565 3413 796 3464 mendax
829 3425 906 3466 est
936 3421 985 3466 et
1029 3413 1316 3480 homicida,
1349 3416 1472 3485 quia
1502 3428 1652 3484 pater
1685 3417 1800 3486 ejus
1823 3433 1968 3471 men-

381 3501 492 3556 dax
521 3513 636 3556 erat
663 3503 706 3558 ⁸.
736 3502 856 3569 Qua
899 3505 1110 3558 ratione
1151 3503 1432 3560 Manicltaai
1462 3507 1690 3575 quaestio
1715 3503 1968 3563 dissolvi-

386 3600 509 3656 tur;
567 3607 676 3646 non
723 3593 870 3646 enim
919 3591 1124 3645 diaboli
1163 3594 1382 3660 proprie
1425 3593 1521 3648 filii
1563 3603 1723 3647 erant
1773 3593 1964 3649 Judaei.

389 3683 541 3737 Absit
591 3691 650 3736 at
698 3684 749 3736 id
789 3699 914 3737 esse
959 3683 1267 3748 credamus.
1316 3683 1526 3755 Quippe
1569 3701 1690 3740 cum
1731 3683 1968 3739 Samari-

385 3783 514 3827 tana
559 3775 758 3828 mulier
779 3775 1012 3843 ,Ghristo
1059 3774 1292 3833 Domino
1337 3775 1568 3832 dixisset
1601 3797 1613 3832 :
1647 3779 1752 3832 Hic
1785 3781 1840 3834 in
1863 3782 1967 3835 isto

389 3873 566 3917 monte
590 3863 948 3918 adorarerunt
977 3869 1154 3934 patres
1188 3867 1388 3930 nostri;
1428 3885 1518 3922 vos
1568 3878 1743 3922 autem
1789 3870 1967 3926 dicitis

390 3955 776 4028 Hierosolymis
812 3975 923 4013 esse
966 3959 1161 4023 locum,
1198 3959 1287 4012 ubi
1321 3970 1524 4029 oportet
1550 3961 1811 4025 adorare;
1843 3973 1966 4034 post

386 4051 556 4103 multa
619 4049 868 4105 Salvator
928 4052 1032 4106 ista
1083 4053 1350 4120 subjecit:
1386 4055 1518 4120 Quae
1557 4057 1754 4111 scimus
1795 4057 1969 4127 loqui-

389 4155 526 4202 mur,
573 4143 698 4208 quia
743 4141 889 4195 salus
927 4159 990 4195 ex
1025 4139 1231 4198 Iudicis
1265 4153 1342 4198 est
1371 4147 1415 4202 °.
1469 4145 1568 4200 Cui
1614 4157 1668 4202 et
1717 4149 1952 4218 Aposto-

387 4231 473 4286 lus
496 4233 768 4286 couscntit
800 4233 881 4287 his
912 4235 1091 4289 verbis
1123 4254 1134 4288 :
1180 4236 1442 4301 Quoniam
1465 4253 1530 4291 ea:
1546 4237 1692 4292 Juda
1717 4247 1864 4292 ortus
1885 4247 1962 4293 est

387 4321 648 4376 Dominus
677 4325 742 4376 ιο.
785 4322 892 4378 Sed
923 4325 1080 4394 plura
1130 4325 1198 4380 ad
1237 4341 1358 4380 eam
1401 4343 1514 4382 rem
1548 4329 1812 4398 disputari
1835 4345 1966 4400 pos-

386 4420 540 4476 sunt,
574 4411 775 4480 quibus
800 4413 934 4468 falsa
962 4414 1113 4469 illius
1151 4417 1336 4484 opinio
1365 4416 1664 4471 refellatur.

641 4499 820 4557 LXIV.
841 4505 907 4556 At
926 4506 1070 4558 enim
1097 4507 1468 4574 evangelicum
1498 4508 1630 4562 illud
1649 4509 1857 4564 dictum
1885 4525 1966 4564 ar-

2059 673 2114 726 δὲ
2157 673 2248 725 καὶ
2298 673 2410 726 ἄνω
2447 667 2830 741 διηγησάμεθα
2861 666 2988 737 περὶ
3025 665 3238 717 τούτου.
3283 660 3406 725 Πῶς
3437 655 3529 715 οὖν
3573 659 3634 714 τὺ

2065 768 2229 838 μέρος
2269 765 2364 818 τοῦ
2413 763 2576 817 αὐτοῦ
2627 763 2942 832 σπέρματος
2975 760 3128 812 ἔσται
3165 756 3294 810 ποτὲ
3341 756 3438 826 μὲν
3477 754 3632 808 ἁλλό-

2055 877 2204 931 τριον
2231 859 2324 912 καὶ
2354 857 2448 911 τοῦ
2483 855 2755 918 διαϐόλου,
2813 855 2944 907 ποτε
2971 853 3028 905 δὲ
3066 851 3230 922 μέρος
3271 848 3439 914 Θεοῦ;
3478 847 3637 901 Ἀλλὰ

2058 947 2215 1000 τοῦτο
2267 946 2686 1016 ὲγκληματικῶς
2733 945 3020 1013 διηγεῖται.
3047 935 3118 1012 ᾯ
3169 939 3279 1010 γάρ
3315 955 3399 1001 τις
3447 937 3635 992 ἑαυτὸν

2060 1036 2376 1100 ὑποτάσσει,
2437 1035 2626 1087 τούτου
2685 1033 2868 1095 δοῦλος
2898 1034 2940 1062 ί·
2985 1031 3286 1098 τυγχάνει,
3341 1027 3482 1082 κατὰ
3538 1028 3636 1096 τὴν

2059 1128 2340 1200 ὲνέργειάν
2391 1144 2450 1179 τε
2512 1126 2608 1180 καὶ
2673 1121 3043 1182 διδασκαλίαν,
3091 1123 3166 1183 ὼς
3219 1121 3311 1172 καὶ
3351 1121 3380 1171 ὁ
3427 1117 3636 1179 nam;

2061 1238 2223 1292 φησι·
2255 1223 2324 1274 Ei
2368 1221 2478 1290 γὰρ
2525 1219 2622 1271 καὶ
2673 1214 2944 1280 πολλοὺς
2989 1212 3399 1276 διδασκάλους
3447 1210 3633 1278 ἔχετε,

2061 1312 2196 1366 ἀλλ’
2235 1313 2307 1364 οὐ
2349 1309 2621 1374 πολλοὺς
2661 1306 2941 1372 πατέρας.
2979 1305 3084 1356 Ἑν
3113 1302 3223 1372 τὰρ
3267 1298 3497 1369 Χριστῷ
3538 1301 3638 1364 ’1η-

2061 1403 2318 1463 σοῦςδιὰ
2362 1403 2470 1456 τοῦ
2523 1401 2894 1468 Εὑαγγελιου
2947 1397 3061 1466 ἐγὼ
3111 1395 3266 1465 ὑμᾶς
3315 1395 3636 1464 ἐγέννησα.

2061 1497 2174 1548 Kal.
2199 1497 2350 1566 ὁρᾷς.
2375 1496 2457 1547 ὅτι
2505 1493 2604 1563 τὴν
2637 1491 2986 1545 διδασκαλίαν
3032 1488 3210 1554 λέγει;
3243 1486 3354 1540 Καὶ
3384 1488 3432 1538 εἰ
3483 1485 3581 1555 μὲν
3609 1486 3640 1538 ὁ

2062 1587 2255 1657 Μάνης
2299 1585 2510 1655 ἐδέχετο
2556 1585 2648 1637 τὸν
2683 1583 2962 1654 Ἀϐραὰμ,
2997 1581 3254 1650 ἐλέγομεν
3303 1579 3369 1631 ἂν
3401 1577 3490 1630 τὸν
3541 1577 3639 1646 μὲν

2071 1677 2326 1749 ,Ἀϐραὰμ
2373 1675 2466 1728 τοῦ
2513 1675 2649 1728 θεοῦ
2683 1674 2779 1727 τοῦ
2835 1673 3048 1742 φωτὸς,
3095 1672 3224 1734 τοὺς
3265 1670 3322 1722 δὲ
3356 1671 3446 1721 ὑπ’
3477 1667 3637 1722 αὐτοῦ

2063 1769 2498 1838 γεγεννημένους
2525 1767 2687 1820 ἄλλου
2707 1783 2720 1796 ο
2751 1768 2783 1836 ἡ
2819 1765 2876 1818 δὲ
2909 1763 3163 1826 ὑπόθεσις
3193 1762 3378 1814 τοῦτον
3409 1761 3519 1831 ἔχει
3549 1759 3639 1812 τὸν

2065 1861 2294 1932 τρόπον·
2341 1859 2639 1930 ἐμιμοῦντο
2677 1857 2768 1910 τὸν
2829 1855 3016 1926 φονέα,
3057 1854 3355 1924 ἐμιμοῦντο
3398 1854 3496 1923 τὴν
3536 1859 3640 1904 πα-

1996 1933 2037 1987 Β
2070 1954 2284 2025 ράδοσιν
2329 1952 2424 2004 τοῦ
2461 1950 2660 2013 Ἰούδα,
2707 1949 3062 2016 κατεδέξαντο
3109 1947 3206 2017 τὴν
3253 1946 3504 2014 διαϐολὴν
3545 1943 3638 1998 τοῦ

2067 2045 2356 2116 προδότου·
2396 2045 2501 2097 υἱοὶ
2547 2043 2800 2112 γεγόνασι
2848 2043 2946 2113 τῆς
2980 2041 3142 2094 αὑτοῦ
3197 2039 3636 2112 ὲπαρνησιθεῒας.

2063 2137 2234 2198 Αὐτὸς
2253 2135 2512 2206 οψεύστης
2562 2135 2794 2202 ἐγένετο,
2823 2134 2882 2186 τὸ
2919 2133 3308 2201 γλωσσόκομον
3373 2130 3639 2200 κατέχων,

2064 2229 2159 2280 καὶ
2197 2227 2466 2288 κλέπτων,
2503 2227 2596 2278 καὶ
2623 2226 2796 2292 λέγων
2824 2223 2971 2293 αὐτῷ
2991 2237 3004 2250 ·
3037 2223 3232 2290 Χαῖρε,
3273 2221 3490 2274 Ῥαϐϐί.
3535 2220 3643 2272 Kal.

2063 2319 2414 2388 ἐλεγχόμενος
2467 2317 2562 2369 καὶ
2620 2315 2832 2370 ἀκούων
2855 2331 2866 2346 ’
2909 2314 3169 2382 Ἑταῖρε,
3219 2313 3311 2382 ἐφ’
3345 2306 3392 2378 ᾧ
3430 2311 3602 2380 πάρει
3625 2354 3640 2377 ,

2061 2409 2214 2474 οὗτος
2245 2413 2272 2464 ὁ
2309 2411 2507 2472 Ἰούδας
2537 2411 2850 2480 ἐμιμήσατο
2887 2409 2978 2461 τὸν
3013 2408 3173 2468 Κὰῖν,
3220 2405 3406 2476 ἐπειδὴ
3437 2404 3645 2475 ἀνθρω-

2064 2505 2323 2566 ποκτόνος
2366 2503 2605 2570 ἐγένετο,
2641 2501 2970 2570 ψευδόμενος
3017 2499 3252 2552 ἐναντίον
3293 2497 3385 2550 τοῦ
3416 2497 3641 2567 Κυρίου,

2063 2597 2157 2650 καὶ
2199 2596 2408 2662 λέγων⁹
2459 2592 2554 2660 Μὴ
2607 2591 2811 2661 φύλαξ
2857 2591 2974 2660 εἰμὶ
3025 2589 3134 2644 τοῦ
3183 2589 3644 2665 ἀδελφοῦηῠμους

2061 2689 2172 2740 οὐκ
2202 2683 2336 2740 οῖδα
2382 2684 2500 2738 ποῦ
2537 2683 2694 2736 ἐστι.
2723 2683 2834 2734 Καὶ
2869 2681 3031 2744 αὐτὸς
3063 2680 3204 2732 κατὰ
3255 2679 3486 2750 μίμησιν
3531 2677 3648 2740 υἱὸς

2062 2779 2374 2849 γεγένηται,
2409 2777 2504 2829 καὶ
2535 2773 2960 2844 καταθεωρήσας
2987 2773 3088 2842 τῆς
3121 2775 3177 2826 ὲν
3205 2771 3283 2842 τῷ
3317 2771 3441 2839 ὄφει
3483 2769 3647 2840 λαλη-

2064 2871 2233 2940 σὰσης
2285 2867 2617 2938 ψευδηγὸρου
2675 2866 2859 2935 φωνῆς
2907 2865 3008 2934 τῆς
3050 2863 3350 2934 λεγούσης⁶
3393 2863 3648 2916 Ἔσεσθε

2060 2962 2140 3026 ὡς
2169 2960 2308 3024 θεοὶ,
2343 2959 2740 3029 γινώσκοντες
2783 2955 2974 3010 καλὸν
3007 2955 3106 3009 και
3164 2954 3432 3021 πονηρόν
3450 2969 3462 2982 ·
3493 2969 3649 3007 τουτ-

2062 3051 2177 3104 έστι
2205 3050 2267 3103 τὸ
2305 3051 2363 3102 ὲν
2406 3049 2484 3119 τῷ
2515 3048 2830 3118 Εὐαγγελίῳ
2872 3046 3024 3119 παρὰ
3061 3045 3157 3099 τοῦ
3195 3047 3446 3115 Σωτῆρος
3491 3048 3648 3116 εἰρη-

2067 3145 2249 3215 μένον⁹
2294 3143 2476 3211 Ὑμεῖς
2509 3143 2625 3198 υἱοί
2655 3143 2794 3196 ἐστε
2821 3141 2928 3196 τοῦ
2957 3141 3262 3195 διαϐόλου.
3289 3141 3453 3208 Λέγει
3483 3142 3592 3210 γάρ
3629 3158 3644 3172 ·

2071 3236 2217 3304 Οὐχὶ
2269 3233 2498 3288 δώδεκα
2552 3233 2709 3302 ὑμᾶς
2749 3231 3160 3301 ἐξελεξάμην;
3211 3225 3300 3297 εἷς
3353 3231 3422 3294 ἐξ
3478 3229 3648 3299 ὑμῶν
3742 3265 3752 3274 .

2066 3329 2197 3381 ἐστι
2231 3325 2527 3390 διάϐολος.
2569 3324 2804 3392 Ἐπειδὴ
2854 3321 3133 3392 ἁπαρχῆς
3179 3325 3454 3392 ψεύστης
3491 3323 3645 3386 ἐστὶ,

2067 3421 2166 3474 καὶ
2198 3420 2690 3487 ἀνθρωποκτόνος
2711 3431 2727 3446 '
2762 3417 2852 3470 ὅτι
2881 3417 2913 3470 ό
2942 3416 3137 3483 πατὴρ
3175 3415 3359 3469 αὐτοῦ
3377 3415 3650 3482 ψεύστης

2065 3509 2162 3582 ἦν.
2197 3511 2306 3565 Ka't
2339 3510 2554 3564 λέλυται
2584 3511 2618 3580 ἡ
2647 3507 2839 3562 τούτου
2875 3507 3123 3580 ζήτησις.
3155 3507 3232 3562 Οὐ
3265 3507 3372 3578 γὰρ
3411 3505 3507 3559 τοῦ
3537 3505 3649 3558 δια-

2067 3603 2222 3655 ϐόλου
2273 3597 2413 3670 ἦσαν
2459 3600 2625 3653 τέκνα
2675 3600 2724 3650 οἱ
2765 3598 3032 3651 Ἰουδαῖοι·
3067 3597 3142 3670 μὴ
3199 3596 3438 3664 γένοιτοι
3483 3595 3647 3662 Λέγει

2067 3695 2176 3765 γὰρ
2223 3695 2256 3765 ἡ
2309 3695 2642 3763 Σαμαρεῖτις
2689 3691 2828 3762 πρὸς
2870 3690 2964 3743 τὸν
3013 3691 3262 3760 Σωτῆρα,
3296 3689 3377 3741 ὅτι
3405 3683 3545 3741 Ὧδε
3579 3689 3650 3740 ἐν

2067 3782 2145 3848 τῷ
2179 3782 2298 3850 ὄρει
2330 3783 2518 3847 τούτῳ
2560 3781 3034 3848 προσεκύνησαν
3066 3781 3120 3830 oi
3158 3777 3414 3845 πατέρες
3447 3775 3648 3846 ἡμῶν*

2066 3874 2166 3928 καὶ
2195 3873 2363 3942 ὑμεῖς
2402 3871 2470 3925 δὲ
2500 3872 2735 3941 λέγετε,
2781 3871 2872 3924 ὅτι
2903 3871 2973 3924 ἐν
3005 3871 3440 3938 Ἰεροσολύμοις
3477 3868 3649 3921 ἐστὶν

2067 3970 2099 4020 ὁ
2127 3967 2326 4031 τόπος,
2363 3965 2514 4018 ὅπου
2547 3965 2642 4018 δεῖ
2673 3965 3062 4031 προσκυνεῖν.
3109 3959 3242 4015 Εἶτα
3293 3961 3430 4032 μετὰ
3477 3961 3648 4015 πολλὰ

2067 4059 2095 4110 ὁ
2125 4056 2314 4126 Σωτὴρ
2357 4057 2494 4126 αὐτῇ
2544 4054 2671 4126 ἔφη,
2713 4051 2810 4108 ὅτι
2831 4057 2891 4110 Ἀ
2921 4054 3170 4123 οἴδαμεν
3201 4053 3530 4122 λαλοῦμεν,
3558 4052 3648 4106 ὅτι

2067 4149 2104 4215 ἠ
2138 4147 2400 4214 σωτηρία
2437 4147 2506 4200 ἐκ
2551 4146 2670 4200 τῶν
2705 4147 3001 4200 Ἰουδαίων
3051 4145 3209 4200 ἐστί.
3259 4146 3371 4198 Καὶ
3417 4145 3578 4198 πάλιν
3619 4147 3648 4198 6

2079 4238 2422 4300 Ἀπόστολος·
2461 4236 2677 4306 Δῆλον,
2705 4237 2797 4290 ὅτι
2835 4237 2904 4300 ἐξ
2953 4235 3140 4290 Ἰούδα
3173 4233 3582 4290 ἀνατέταλκεν
3615 4237 3647 4286 ό

2065 4331 2299 4396 Κύριος.
2347 4329 2455 4382 Καὶ
2509 4327 2678 4381 πολλὰ
2726 4325 2840 4379 ἐστι
2893 4326 3021 4396 περὶ
3071 4324 3265 4377 τούτου
3304 4323 3504 4392 λέγειν,
3553 4323 3646 4375 καὶ

2066 4421 2306 4490 ἐλέγχειν
2337 4421 2434 4491 τὴν
2465 4420 2674 4488 πλάνην
2704 4419 2920 4472 τούτου.

2135 4511 2246 4566 ΞΝ.
2275 4513 2442 4565 Πάλιν
2471 4513 2528 4566 δὲ
2561 4511 2990 4582 ἐπιλαμϐάνεται
3022 4510 3122 4580 τῆς
3166 4509 3365 4575 λέξεως
3411 4509 3644 4580 ταύτης,

387 4594 543 4661 ripit:
565 4593 630 4648 Et
650 4596 805 4648 luxin
828 4597 1048 4650 tenebris
1073 4597 1230 4660 lucet,
1253 4607 1304 4650 et
1331 4598 1550 4653 tenebra:
1573 4613 1687 4654 eam
1704 4615 1807 4654 non
1823 4619 1963 4655 com-

2068 4607 2150 4659 ὅτι
2185 4605 2256 4659 Τὸ
2294 4605 2418 4673 φῶς
2463 4605 2533 4658 ἐν
2575 4603 2651 4672 τῇ
2697 4604 2912 4669 σκοτίᾳ
2949 4603 3176 4671 φαίνει,
3213 4601 3312 4654 καὶ
3357 4601 3396 4666 ἡ
3435 4601 3650 4654 σκοτία

386 4686 771 4755 prehenderunt
797 4689 863 4740 “.
888 4686 1153 4743 Tenebrae
1193 4690 1359 4753 enim,
1405 4691 1601 4758 inquit,
1635 4691 1810 4745 lucem
1845 4709 1966 4761 per-

389 4787 592 4834 secuta
632 4786 781 4840 sunt,
817 4779 958 4849 quod
997 4780 1122 4833 mali
1153 4781 1428 4850 principes
1465 4781 1803 4837 divinitatem
1837 4793 1966 4838 sunt

391 4869 670 4924 hostiliter
728 4871 988 4924 insecuti.
1036 4869 1202 4940 Atqui
1239 4873 1284 4926 si
1327 4873 1416 4925 lux
1459 4887 1490 4925 a
1537 4875 1779 4930 tenebris
1821 4875 1966 4930 bello

391 4963 634 5030 appetita
663 4961 986 5016 invadentes
1005 4961 1166 5031 fugit.
1199 4963 1456 5018 fortiores
1481 4973 1644 5019 erunt
1669 4967 1788 5021 luce
1813 4975 1964 5022 tene-

391 5052 524 5116 brae,
557 5067 682 5106 cum
709 5053 779 5106 ab
805 5053 890 5106 bis
924 5053 1016 5105 illa
1044 5061 1301 5124 tanquam
1345 5058 1738 5115 valentioribus
1783 5060 1964 5130 fugata

392 5154 540 5198 stare
565 5155 757 5198 coritra
781 5151 833 5198 et
872 5157 1138 5214 apparere
1167 5163 1274 5199 non
1303 5147 1520 5202 audeat.
1555 5149 1754 5204 Verum
1807 5153 1966 5221 longe

391 5249 454 5288 se
478 5235 633 5288 aliter
663 5249 752 5288 res
786 5235 969 5290 habet.
998 5239 1184 5306 Neque
1216 5241 1359 5292 enim
1399 5241 1487 5293 lux
1525 5243 1775 5298 tenebras
1805 5243 1962 5316 fugit,

392 5325 488 5380 sed
527 5326 662 5379 lucet
697 5329 752 5380 in
785 5327 1028 5392 tenebris,
1077 5339 1126 5383 et
1169 5331 1389 5384 tenebrte
1429 5349 1545 5386 eam
1583 5351 1682 5388 non
1728 5349 1966 5406 compre-

393 5415 702 5472 henderunt.
730 5418 888 5484 Quod
924 5423 970 5475 si
1011 5422 1086 5476 ita
1149 5433 1253 5486 est,
1297 5425 1457 5488 longe
1489 5428 1592 5480 hoc
1620 5443 1648 5479 a
1683 5421 1966 5484 Manichrei

393 5510 668 5566 sententia
718 5510 972 5577 dissidet,
1017 5515 1108 5584 qui
1154 5530 1262 5568 non
1297 5516 1459 5570 [nodo
1489 5513 1966 5588 comprehendisse

469 5738 534 5792 ‘l
576 5739 701 5795 Cor.
742 5757 814 5806 Iv,
851 5744 936 5797 15.
1085 5745 1105 5774 ⁸
1145 5743 1330 5797 Matth.
1379 5761 1525 5804 nrt.
1563 5746 1648 5800 49.

395 5808 515 5880 4-3.“
596 5811 616 5840 "
669 5809 825 5867 Joan.
879 5827 968 5878 vn,
1008 5813 1094 5869 70.
1208 5816 1227 5846 ⁸
1260 5812 1416 5870 Juan.
1477 5833 1610 5880 vni,
1662 5818 1747 5871 Η.

399 5882 445 5916 ⁸³
473 5877 535 5934 F.
575 5881 708 5945 υἱός.

1763 5748 1780 5778 ³
1818 5749 1946 5802 ibid.
1986 5749 2076 5802 50.

1863 5824 1881 5851 ν
1941 5819 2097 5873 Joan.
2161 5835 2251 5884 Vt,
2317 5823 2405 5872 2'2.

2071 4697 2218 4752 αὐτὸ
2255 4699 2326 4751 οὐ
2360 4697 2707 4751 κατέλαϐεν.
2736 4697 2890 4756 Ὅτι,
2942 4694 3125 4764 φησιν,
3167 4693 3356 4747 ἐδίωκε
3387 4693 3448 4746 τὸ
3500 4694 3646 4761 φῶς,

2071 4791 2145 4854 ὡς
2198 4790 2306 4843 τῶν
2345 4789 2597 4860 πονηρῶν
2665 4788 2938 4858 ἀρχόντων
2979 4786 3282 4840 διωκόντων
3349 4789 3443 4841 καὶ
3487 4787 3647 4840 πολε-

2075 4882 2316 4954 μούντων
2360 4881 2456 4953 τὴν
2489 4881 2736 4950 θεότητα.
2773 4881 2836 4932 Ei
2883 4881 2940 4932 δὲ
2985 4878 3388 4949 πολεμούμενον
3428 4879 3488 4932 τὸ
3535 4880 3649 4948 φῶς

2071 4973 2326 5028 διώκεται
2361 4972 2466 5024 ὑπὸ
2511 4970 2604 5023 τοῦ
2659 4969 2912 5031 σκότους,
2959 4967 3068 5040 ἄρα
3121 4967 3487 5038 δυνατώτερόν
3533 4969 3647 5022 ἐστι

2070 5065 2166 5120 τοῦ
2219 5063 2396 5133 φωτὸς
2444 5063 2504 5114 τὸ
2557 5062 2780 5124 σκότος·
2847 5058 3034 5128 ἐπειδὴ
3091 5057 3476 5128 ἀποδιδράσκει
3541 5059 3648 5112 ἀπὸ

2072 5155 2360 5226 προσώπου
2395 5153 2486 5206 τοῦ
2533 5153 2788 5215 σκότους,
2830 5151 2922 5204 καὶ
2973 5152 3069 5220 οὐχ
3123 5151 3414 5219 ὑφίσταται
3459 5151 3646 5220 στῆναι

2075 5247 2444 5316 ἰνδαλλόμενον
2487 5245 2574 5296 διὰ
2603 5245 2662 5296 τὸ
2707 5241 3075 5311 δυνατώτερον
3117 5243 3326 5305 σκότος.
3377 5241 3514 5295 Ἀλλ’
3549 5243 3645 5312 οὐχ

2071 5339 2242 5402 οὕτως
2275 5337 2408 5406 ἔχει.
2455 5337 2590 5389 Οὐδὲ
2623 5335 2730 5407 γὰρ
2761 5335 2822 5387 τὸ
2853 5333 2968 5400 φῶς
3017 5333 3207 5402 φεύγει
3257 5333 3646 5404 ἁπέμπροσθεν

2070 5431 2161 5484 τοῦ
2209 5429 2459 5492 σκότους,
2495 5427 2655 5481 ἀλλὰ
2688 5425 2754 5480 τὸ
2786 5424 2913 5496 φῶς
2952 5427 3022 5479 ἐν
3054 5423 3130 5493 τῇ
3169 5427 3383 5491 σκοτίᾳ
3417 5425 3647 5493 φαίνει,

2071 5521 2170 5575 καὶ
2205 5525 2241 5590 ή
2292 5519 2508 5574 σκοτία
2545 5519 2689 5572 αὐτὸ
2731 5521 2804 5572 οὐ
2858 5519 3208 5572 κατέλαϐεν.
3255 5517 3318 5569 Et
3363 5515 3418 5570 δὲ
3459 5515 3648 5569 σκοτία

2191 5749 2210 5781 ⁸
2242 5749 2376 5803 Gen.
2437 5765 2507 5813 ιν,
2551 5748 2602 5798 9.
2715 5747 2736 5778 ⁸
2767 5744 2900 5798 Gen.
2961 5760 3040 5806 ιιι,
3087 5743 3136 5796 5.

3267 5743 3287 5772 ⁸
3313 5740 3470 5794 Joan.
3525 5751 3642 5794 vna,

2541 5817 2582 5848 ιο
2643 5813 2806 5871 Hebr.
2861 5831 2971 5877 vn,
3037 5815 3120 5868 Η.
3238 5811 3452 5866 “Juau.
3494 5825 3548 5872 ι,
3587 5807 3620 5862 5

3238 5811 3452 5866 “Juau.
3494 5825 3548 5872 ι,
3587 5806 3644 5862 5.
