4076 6392
442 271 549 325 £29

1119 270 1489 326 ADVERSL‘S
1529 271 1872 326 ΙΙίΕΙὶΕΒΕΞ
1913 271 2038 326 LIB.
2081 270 2144 328 ll.
2186 271 2351 326 ΤΟΜ.
2395 271 2820 328 ll.—llA§RES.
2864 275 3046 330 LXVI.

3619 285 3719 340 {'30

437 391 499 443 οὐ
539 387 804 442 κατέλαϐε
839 388 902 442 τὸ
943 389 1088 458 φῶς.
1138 392 1272 444 πολὺ
1321 391 1482 446 τοῦτο
1531 393 1834 447 διαλλάττει
1884 412 2009 466 παρέ

2140 395 2396 449 tenebras
2441 403 2650 455 narrat.
2685 397 2779 450 sed
2816 405 2870 450 et
2894 397 3033 452 lucis
3069 406 3401 453 armaturam
3446 402 3714 468 rapuisse.

437 484 532 534 τὸν
574 481 700 535 νοῦν
726 481 816 535 τοῦ
854 483 1035 553 Μάνη,
1077 481 1170 535 τοῦ
1206 484 1476 552 λέγοντος,
1507 485 1588 536 ὃτι
1616 486 1676 537 οὺ
1710 485 1869 555 μόνον
1902 503 2032 538 κατ-

437 573 684 642 είληφεν,
735 572 870 625 ἀλλὰ
919 575 1013 627 καὶ⁸
1076 576 1382 628 πανοπλίαν
1442 576 1573 647 παρ’
1619 576 1784 630 αὑτοῦ
1840 578 2031 647 ἀφήρ-

437 679 607 717 πασε.
654 664 778 726 Πῶς
820 666 1001 718 τοίνυν
1037 667 1166 734 παρ’
1198 666 1347 736 αὐτῷ
1381 667 1884 738 καταγγελλὸμενον
1927 671 2026 740 ἡρ-

436 755 676 808 πακέναι
695 755 998 808 πανοπλίαν
1014 756 1120 809 οὐδ’
1138 757 1276 820 ὅλως
1295 758 1560 810 κατέλαϐε
1575 758 1636 810 τὸ
1659 759 1772 827 φῶς
1793 777 1806 824 ;
1830 759 1952 822 Πῶς
1971 760 2029 812 δὲ

435 847 556 914 φῶς
583 847 912 917 διωκόμενον
934 847 1386 919 αὐτοπροαιρὲσει
1411 850 1590 918 φαίνει
1617 853 1673 902 ὲν
1702 850 1778 921 τῷ
1809 852 2024 917 σκότει;

445 939 587 991 Ἀλλ’
617 937 802 1008 ἐπειδὴ
845 940 1226 1008 ὲσκοτισμέναι
1263 937 1405 1011 ἦσαν
1443 943 1500 995 αἱ
1539 942 1765 996 διάνοιαι
1796 943 1905 996 τῶν
1934 946 2026 997 ἀν-

431 1029 670 1101 θρώπων
701 1029 790 1084 διὰ
816 1029 915 1102 τὴν
957 1031 1184 1086 Θόλωσιν
1225 1035 1324 1105 τῆς
1358 1035 1666 1105 ἁμαρτίας,
1706 1037 2024 1090 ἀπέστειλεν

431 1121 461 1172 ὀ
494 1120 630 1184 Θεὸς
683 1120 898 1192 πρῶτον
940 1121 1032 1175 τὸν
1084 1122 1266 1192 νόμον,
1314 1123 1566 1192 φωτίζων
1612 1126 1688 1190 ὡς
1737 1129 1794 1182 ἐν
1843 1127 2022 1199 λύχνῳ

431 1211 861 1282 παραφαίνοντιο
897 1213 974 1276 ὥς
1012 1231 1177 1285 φησιν
1230 1217 1436 1287 Πέτρος
1487 1219 1544 1270 ἐν
1590 1221 1655 1290 τῇ
1694 1221 2016 1292 Ἐπιστολῇ·

431 1306 847 1375 Προσέχοντες
902 1305 985 1372 τῷ
1039 1308 1383 1376 προφητικῷ
1439 1312 1621 1381 λόγῳ,
1673 1314 1754 1379 ὡς
1814 1317 2021 1384 λύχνῳ

429 1399 707 1465 φαίνοντι
747 1399 818 1452 ἐν
849 1398 1136 1468 αὐχμηρῷ
1164 1401 1344 1466 τόπῳ,
1389 1402 1502 1468 ἕως
1534 1406 1853 1473 φωσφόρος
1883 1409 2022 1461 ἀνα-

429 1490 634 1556 τείλῃ,
687 1489 784 1542 καὶ
832 1491 1020 1557 mrem
1075 1494 1429 1564 καταυτυάσῃ
1465 1495 1536 1547 ἐν
1581 1495 1711 1560 ταῖς
1749 1497 2019 1565 καρδίαις

428 1579 617 1646 ὑμῶν.
655 1579 893 1633 Ἐκεῖθεν
941 1582 1050 1653 γὰρ
1086 1583 1146 1636 τὸ
1180 1583 1296 1652 φῶς
1334 1587 1392 1637 ἐν
1424 1583 1502 1655 τῷ
1530 1586 1712 1639 σκότει
1755 1588 1954 1656 φαίνει,
1979 1583 2017 1642 ’ὁ

428 1671 595 1741 νόμος
622 1672 795 1736 δοθεὶς
837 1675 897 1726 ἐν
939 1676 1080 1745 χειρὶ
1125 1676 1344 1744 μεσίτου
1375 1676 1463 1730 διὰ
1501 1678 1596 1731 τοῦ
1627 1679 1822 1732 πιστοῦ
1855 1679 2016 1751 θεράο

2139 485 2425 552 Quomodo
2471 487 2640 557 igitur
2681 504 2806 557 quae
2839 497 3178 542 armaturam
3221 490 3469 559 rapuisse
3525 491 3719 560 pradi-

2138 584 2356 637 cantur,
2413 577 2592 630 lucem
2653 578 3116 646 comprehendere
3165 581 3316 634 nullo
3345 581 3505 634 modo
3528 591 3717 651 potue-

2136 661 2308 714 runt?
2337 661 2587 728 Quonam
2611 665 2809 718 deinde
2831 674 2989 735 pacto
3017 665 3200 737 fugata
3229 669 3320 722 lux
3350 685 3449 723 sua
3484 671 3535 723 in
3567 680 3718 726 teneo

2135 753 2250 806 bris
2303 762 2497 824 sponte
2547 757 2907 825 resplendet?
2945 758 3090 828 Ergo
3137 760 3214 813 ita
3258 777 3323 814 ex
3361 762 3438 815 rei
3489 763 3717 819 veritate

2135 852 2309 898 totum
2357 847 2489 900 illud
2527 848 2906 918 accipiendum
2932 857 3038 904 est.
3070 851 3206 905 Cum
3240 855 3452 921 peccati
3482 855 3718 924 caligine

2133 932 2424 989 obcaecalze
2447 945 2658 992 mentes
2683 938 2968 992 hominum
2988 939 3188 1003 forent,
3213 942 3485 1012 principio
3516 944 3598 998 lex
3631 951 3717 1008 est

2129 1036 2160 1077 ι
2180 1021 2290 1078 Deo
2308 1025 2498 1089 missa,
2513 1043 2640 1096 qua,
2658 1030 2802 1082 velut
2823 1031 3037 1084 sublata
3063 1031 3308 1092 lucerna,
3329 1035 3710 1094 collustturet:

2130 1115 2277 1183 quod
2319 1117 2374 1170 in
2422 1116 2668 1186 Epistola
2714 1137 2812 1174 sua
2852 1119 3052 1177 Petrus
3102 1123 3311 1178 indicat
3359 1125 3444 1178 bis
3480 1127 3708 1183 verbis:

2129 1207 2466 1264 Attendenles
2513 1212 2818 1280 prophetico
2865 1217 3119 1278 sermoni,
3174 1225 3427 1285 tanquam
3484 1218 3712 1274 lnccrntz

2131 1299 2323 1352 lucenti
2351 1301 2406 1353 in
2441 1302 2732 1372 caliginoso
2758 1303 2892 1368 loco,
2936 1305 3099 1358 donec
3137 1304 3353 1375 Lucifer
3388 1309 3622 1370 oriatur,
3658 1319 3711 1364 et

2127 1390 2240 1444 dies
2265 1391 2536 1446 illucescat
2577 1396 2630 1446 in
2669 1395 2915 1448 cordibus
2963 1399 3146 1452 vestris
3175 1399 3213 1449 ¹.
3265 1400 3422 1456 lllinc
3451 1417 3583 1468 ergo
3616 1404 3708 1462 lux

2129 1482 2183 1537 in
2217 1485 2458 1540 tenebris
2503 1487 2682 1542 lucet:
2711 1489 2968 1542 nimirum
3015 1491 3118 1555 lex,
3166 1508 3288 1562 qua:
3318 1494 3706 1564 periulerpre-

2126 1581 2234 1628 tem
2274 1590 2338 1629 ac
2377 1587 2740 1645 sequestrem,
2789 1580 2892 1634 hoc
2937 1590 3023 1636 est
3073 1582 3284 1638 ﬁdelem
3347 1583 3442 1638 Dei
3483 1601 3704 1644 senum

2127 1665 2389 1738 Moysem,
2425 1677 2509 1725 est
2551 1673 2890 1742 prwscripta.
2940 1675 3016 1727 Ac
3065 1677 3442 1746 superioribus
3486 1680 3706 1748 quidem

428 1777 625 1825 ποντος
656 1763 751 1815 τοῦ
787 1763 924 1818 Θεοῦ
971 1766 1272 1830 Μωῦσέως.
1303 1767 1402 1820 Διὰ
1453 1767 1630 1834 τοῦτο,
1678 1770 1864 1842 ἐπειδὴ
1911 1772 2009 1826 ἀπὶ

2122 1755 2465 1822 temporibus
2525 1759 2620 1812 lux
2674 1761 2851 1829 primo
2905 1764 3152 1831 quaedam
3205 1765 3260 1819 in
3306 1775 3517 1822 natura:
3562 1770 3703 1837 lego,

423 1851 538 1905 τῶν
587 1855 853 1909 ἀνέκαθεν
917 1857 1131 1928 πρῶτον
1179 1854 1247 1931 ἦν
1297 1859 1359 1912 τὸ
1402 1859 1517 1929 φῶς
1571 1864 1780 1930 φαῖνον,
1829 1861 2017 1935 ὥσπερ

425 1947 665 2018 σπινθὴρ
700 1949 758 2000 ὲν
787 1949 862 2020 τῷ
895 1950 1046 2021 νόμῳ
1093 1951 1173 2020 τῷ
1221 1951 1364 2006 κατὰ
1413 1953 1593 2022 φύσιν,
1621 1954 1650 2006 ὃ
1683 1954 2017 2026 Θεασάμενος

435 2035 609 2106 Ἐνὼχ
669 2038 1004 2109 εὖηρέστησε
1058 2040 1134 2111 τῷ
1183 2042 1404 2115 Κυρίῳ·
1459 2044 1527 2096 δι’
1572 2037 1634 2097 οὗ
1681 2045 2016 2118 καθοδηγού-

425 2145 589 2195 μενος
620 2130 650 2181 ὁ
689 2129 855 2183 Ἅϐελ
908 2131 1246 2202 εὐηρέστησε
1295 2133 1375 2204 τῷ
1419 2135 1638 2206 Κυρίῳ·
1671 2135 1738 2188 δι’
1779 2132 1840 2191 οὗ
1887 2129 2015 2208 εὗρε

418 2219 548 2273 Νῶε
577 2221 736 2292 χάριν
779 2221 1012 2276 ἐνώπιον
1045 2220 1140 2277 τοῦ
1179 2225 1315 2278 Θεοῦ
1347 2229 1689 2300 κατανοήσας
1727 2229 1826 2299 τὴν
1861 2229 1978 2282 ὀδόν
1999 2246 2014 2260 ’

415 2313 486 2365 δι’
516 2308 576 2367 οὗ
617 2314 861 2384 Ἀϐραὰμ
893 2315 1221 2370 ἐπίστευσε
1270 2316 1350 2383 τῷ
1399 2317 1541 2386 Θεῷ,
1577 2320 1673 2373 καὶ
1724 2320 2012 2391 ἐλογίσθη

415 2403 582 2468 αὑτῷ
613 2407 701 2470 είς
733 2405 1147 2474 δικαιοσύνην.
1180 2403 1317 2462 Εἶτα
1357 2411 1625 2482 παρελθὸν
1655 2414 1715 2466 τὸ
1757 2414 1873 2482 φῶς
1906 2415 2014 2468 ἀπὸ

418 2496 864 2566 σπινθηροειδοῦς
892 2498 1097 2569 τρόπου
1145 2499 1441 2570 προσέθετο
1468 2503 1782 2575 φαιδρότητι
1816 2505 2011 2576 λύχνου

416 2589 681 2656 φανέντος
711 2592 766 2642 ἐν
795 2597 1066 2666 αὐχμηρῷ
1103 2595 1288 2665 τόπῳ·
1324 2597 1572 2648 τουτέστι
1599 2597 1661 2649 τὸ
1703 2598 1817 2664 φῶς
1856 2600 1914 2651 ἐν
1945 2600 2010 2669 τῇ

417 2681 612 2752 σκοτίᾳ
645 2684 854 2750 φαίνει,
889 2686 922 2756 ἡ
953 2687 1141 2756 ἐντολὴ
1189 2687 1284 2741 τοῦ
1323 2687 1482 2753 Θεοῦ,
1529 2690 1623 2742 καὶ
1655 2691 1687 2760 ἡ
1725 2690 1867 2744 κατὰ
1913 2691 2011 2762 τὴν

415 2773 732 2845 ἀγαθότητα
781 2777 1018 2841 διάνοια,
1067 2779 1382 2848 φωτίζουσα
1434 2781 1493 2833 ὲν
1527 2781 1725 2853 καρδία
1777 2781 2008 2846 πιστῶν,

416 2865 696 2935 ἁναμὲσον
727 2867 828 2938 τῆς
855 2869 1232 2942 τεθολωμένης
1277 2871 1514 2936 διανοίας
1544 2873 1652 2925 τῶν
1683 2875 1740 2926 ἐν
1769 2877 1881 2938 τοῖς
1913 2876 2006 2928 ἀν-

416 2955 658 3026 Θρώποις
698 2959 1000 3027 γεγονότων
1031 2961 1251 3028 φαύλων
1280 2964 1373 3016 καὶ
1411 2963 1599 3016 κακῶν
1639 2964 2006 3034 πραγμάτων,

414 3048 858 3122 είδωλολατρείας
901 3069 959 3104 τε
977 3055 1093 3106 -καὶ
1136 3055 1576 3126 ὲπαρνησιθεῖας,
1609 3055 1783 3124 φόνων
1811 3074 1869 3109 τε
1914 3058 2006 3110 καὶ

418 3141 700 3210 μοιχείας,
745 3143 839 3195 καὶ
882 3144 993 3198 τῶν
1039 3145 1234 3200 ἄλλων.
1268 3147 1390 3200 Ὅτι
1435 3147 1490 3201 δὲ
1537 3144 1700 3220 ἦλθεν
1745 3152 1773 3202 ὁ
1830 3150 2002 3220 μέγας

414 3231 663 3302 φωστὴρ,
707 3233 774 3286 τὸ
826 3232 954 3302 φῶς
996 3234 1063 3288 τὸ
1115 3237 1429 3305 ἀληθινὸν,
1461 3237 1492 3291 ὃ
1539 3240 1766 3307 φωτίζει
1806 3241 2003 3294 πάντα

413 3324 734 3390 ἄνθρωπον
797 3325 1128 3394 ἐρχόμενον
1171 3331 1260 3394 εις
1313 3329 1420 3381 τὸν
1475 3333 1727 3400 κόσμον.
1778 3333 1874 3384 Ἑν
1923 3331 2003 3396 τῷ

413 3415 624 3480 κόσμῳ
655 3411 752 3483 ἦν.
802 3418 899 3470 καὶ
933 3421 966 3471 ό
1000 3421 1228 3489 κόσμος
1277 3421 1352 3474 δι’
1383 3423 1568 3477 αὐτοῦ
1607 3423 1862 3492 ἐγένετο,
1903 3425 2001 3476 καὶ

413 3508 448 3558 ό
483 3507 709 3574 κόσμος
734 3509 923 3621 uim):
961 3513 1071 3565 οὐκ
1102 3512 1276 3581 ἔγνω.
1319 3513 1372 3564 Ὁ
1403 3517 1490 3580 εὶς
1521 3515 1594 3568 τὰ
1633 3515 1752 3568 ἴδια
1786 3516 2000 3577 ἐλθὼν,

413 3597 514 3621 μμ,
564 3601 611 3621 Α.
657 3599 791 3621 ,ρῳ
848 3602 1024 3621 se.”
1106 3605 1118 3621 .
1197 3619 1204 3621 Α
1296 3603 1348 3621 ,.
1402 3608 1432 3621 ..
1554 3607 1616 3621 οη.
1774 3606 1824 3621 ι..
1874 3607 1932 3621 υ.

412 3597 515 3649 καὶ
557 3599 794 3669 οὶ-ιὸιοι
837 3597 1027 3655 aindas
1056 3605 1128 3656 οὺ
1161 3603 1521 3672 παρέλαϐον.
1554 3607 1718 3659 Ὅσοι
1763 3606 1832 3658 δὲ
1865 3607 2004 3660 ἕλα-

413 3690 526 3741 6ον
552 3692 760 3755 αὐτὸν,
787 3692 1016 3746 ἔδωκεν
1061 3696 1268 3761 αὐτοῖς
1300 3697 1592 3760 ἐξουσίαν
1626 3701 1808 3752 τέκνα
1853 3698 2003 3753 Θεοῦ

414 3782 716 3850 γενέσθαι.
763 3784 870 3838 Καὶ
901 3788 1032 3857 ὁρᾷς
1077 3787 1233 3840 τοῦτο
1261 3789 1322 3840 τὸ
1370 3790 1484 3857 φῶς
1531 3792 1588 3842 ἐν
1634 3791 1764 3861 ποία
1814 3792 2002 3862 σκοτίᾳ

412 3874 619 3942 φαίνει,
660 3876 753 3929 καὶ
790 3879 918 3930 ποία
953 3880 1167 3933 σκοτία
1197 3881 1327 3934 αὐτὸ
1356 3883 1428 3935 οὺ
1478 3882 1846 3946 acati-laden;
1883 3886 2001 3938 ὐτι

411 3967 480 4018 τὸ
529 3967 732 4035 ἀγαθὸν
783 3971 870 4023 ἀεὶ
918 3971 1070 4043 παρὰ
1122 3972 1258 4024 Θεοῦ
1315 3974 1668 4044 πεμπόμενον
1699 3978 1764 4046 τῇ
1796 3976 2002 4048 διανοίᾳ

423 4061 524 4113 τῶν
553 4063 874 4134 ἀνθρώπων,
922 4068 1016 4118 καὶ
1045 4067 1280 4135 φωτίζον
1326 4069 1383 4120 ὲν
1415 4067 1493 4139 τῷ
1527 4069 1738 4140 κόσμῳ,
1769 4070 1873 4122 ὑπὸ
1902 4070 2002 4141 τῆς

412 4154 690 4224 ἁμαρτίας
717 4158 814 4227 οὐχ
843 4158 1092 4229 ἥττηται.

487 4246 606 4300 EE’.
647 4249 720 4301 Τὸ
766 4251 951 4320 ὅμοιον
990 4252 1046 4304 δὲ
1082 4252 1247 4310 πάλιν
1291 4253 1718 4326 ἐπιλαμϐάνεται
1762 4257 1790 4308 ὁ
1836 4255 2000 4321 αὐτὸς

409 4339 609 4411 Μάνης
639 4341 746 4393 ἀπὸ
774 4342 866 4394 τοῦ
895 4344 986 4396 τὸν
1010 4344 1237 4416 Σωτῆρα
1261 4346 1557 4415 εἰρηκέναι·
1595 4347 1800 4414 Ὁμοία
1830 4346 2000 4399 ἐστὶν

2119 1847 2375 1903 scintillae
2437 1850 2651 1917 instar,
2703 1854 3003 1909 all‘ulserat.
3063 1855 3234 1922 Quam
3305 1861 3705 1929 contemplatus

2119 1936 2302 1992 Enoch
2349 1941 2550 2011 placuit
2579 1942 2721 2009 Deo;
2768 1961 2866 2015 per
2897 1962 3058 2016 quam
3094 1947 3360 2005 deductus
3409 1952 3542 2005 Abel
3577 1969 3704 2022 per-

2117 2027 2248 2085 inde
2298 2047 2358 2087 se
2411 2032 2642 2090 Domino
2682 2038 2966 2106 probavit;
3006 2055 3103 2109 per
3137 2056 3300 2110 quam
3351 2043 3437 2098 via
3485 2045 3701 2114 cognita

2114 2118 2229 2176 Noe
2263 2123 2406 2192 apud
2455 2123 2622 2180 Deum
2663 2131 2941 2198 gratiosus
2977 2133 3227 2187 exstitit:
3257 2149 3354 2203 per
3390 2151 3554 2203 quam
3589 2153 3702 2189 cre-

2114 2212 2254 2268 didit
2317 2216 2587 2271 Abraham
2639 2220 2746 2274 Deo
2798 2233 2848 2275 et
2901 2232 3200 2290 reputatum
3241 2236 3318 2279 est
3358 2233 3408 2280 ei
3443 2226 3512 2280 ad
3541 2227 3706 2297 justi-

2115 2304 2245 2357 tiam
2278 2307 2318 2358 ³.
2352 2305 2557 2364 Deinde
2588 2311 2657 2364 ab
2686 2311 2786 2365 hac
2809 2315 2960 2372 tenui
2995 2317 3228 2370 scintilla
3260 2318 3519 2386 paulatim
3547 2320 3699 2372 exci-

2111 2402 2225 2450 tata
2286 2397 2377 2451 lux
2434 2399 2503 2453 ad
2560 2403 2798 2457 lucernae
2839 2404 2894 2457 in
2939 2405 3241 2476 caliginoso
3291 2408 3413 2462 loco
3467 2408 3700 2465 lucentis

2112 2490 2461 2560 splendorem
2505 2495 2769 2548 excrevit.
2823 2495 3009 2566 anue
3047 2498 3165 2567 ipsa
3210 2500 3303 2553 lux
3342 2509 3448 2564 est,
3491 2517 3614 2570 quae
3631 2501 3697 2556 in

2112 2583 2354 2640 tenebris
2400 2586 2546 2640 lucet
2574 2587 2595 2620 ³
2622 2630 2638 2654 ,
2686 2587 2789 2642 hoc
2827 2597 2911 2643 est
2955 2590 3272 2644 mandatum
3305 2589 3422 2656 Dei,
3455 2603 3508 2650 et
3531 2592 3698 2648 animi

2112 2686 2541 2732 consentaneum
2575 2694 2700 2733 cum
2735 2680 2978 2736 bonitate
3017 2683 3333 2749 consilium,
3373 2686 3522 2755 quod
3569 2686 3698 2740 inli-

2112 2769 2314 2823 delium
2370 2773 2683 2842 pectoribus
2729 2773 2783 2828 in
2830 2775 3010 2830 medio
3064 2776 3381 2846 caliginosae
3428 2778 3695 2840 malorum

2111 2860 2522 2932 scelerumque,
2575 2880 2698 2934 quae
2747 2866 2800 2918 in
2843 2865 3084 2920 humano
3131 2883 3329 2937 genere
3377 2875 3692 2931 versantur,

2112 2954 2465 3024 cogitationis
2517 2957 2693 3011 iilusit
2739 2976 2752 3010 :
2801 2959 3115 3028 cujusmodi
3169 2969 3300 3014 sunt
3346 2961 3693 3023 idololatria,

2114 3045 2205 3099 Dei
2255 3045 2568 3116 abnegatio,
2608 3048 2808 3112 caedes,
2862 3048 3148 3112 adulteria,
3172 3055 3225 3102 et
3267 3048 3320 3102 id
3356 3064 3528 3119 genus
3558 3051 3687 3104 alia.

2111 3135 2239 3190 Post
2287 3137 2402 3192 haec
2446 3139 2629 3194 omnia
2665 3155 2922 3210 magnum
2967 3139 3100 3194 illud
3144 3139 3413 3197 luminare
3469 3140 3693 3209 prodiit,

2106 3245 2226 3281 vera
2269 3231 2381 3290 lux,
2425 3231 2656 3295 scilicet,
2690 3246 2806 3299 qua:
2861 3230 3128 3283 illuminat
3185 3229 3446 3286 hominem
3489 3231 3695 3286 uenien-

2106 3332 2206 3374 tem
2257 3323 2311 3374 in
2358 3322 2633 3374 mundum.
2671 3323 2736 3375 In
2787 3322 2980 3375 mundo
3027 3334 3164 3384 erat,
3207 3335 3258 3378 et
3316 3323 3542 3378 mundus
3601 3340 3699 3392 per

2104 3415 2279 3481 ipsum
2327 3415 2501 3483 {actus
2548 3425 2658 3476 est,
2709 3425 2758 3468 et
2801 3415 3027 3468 mundus
3079 3433 3198 3469 eum
3255 3433 3357 3470 non
3414 3420 3692 3486 cognorit:

2103 3508 2158 3560 in
2202 3509 2418 3576 propria
2480 3510 2657 3574 venit,
2714 3518 2764 3563 et
2829 3508 3000 3579 679
3065 3511 3150 3562 sui
3211 3526 3328 3563 eum
3392 3527 3497 3564 non
3554 3526 3696 3566 rece-

2103 3609 2310 3668 perunt.
2358 3599 2627 3669 Quotquot
2663 3611 2836 3655 autem
2880 3611 3182 3668 receperunt
3228 3602 3404 3665 illum,
3447 3601 3587 3661 dedit
3616 3604 3692 3656 eis

2101 3701 2414 3760 potestatem
2444 3693 2586 3761 ﬁlios
2621 3692 2715 3746 Dei
2741 3695 2858 3762 ﬁeri
2884 3693 2924 3744 ⁸.
2959 3691 3196 3747 Videsne
3222 3693 3423 3762 quibus
3457 3695 3511 3748 in
3544 3702 3695 3748 tene-

2104 3785 2217 3838 bris
2243 3785 2334 3838 lux
2361 3783 2463 3837 ista
2497 3785 2877 3853 resplendeat?
2925 3794 3019 3838 aut
3065 3799 3314 3854 quamam
3360 3785 3512 3840 illam
3547 3794 3691 3839 tene-

2103 3891 2211 3944 bra:
2265 3907 2368 3943 non
2428 3891 2972 3959 comprehenderunt?
3018 3891 3287 3946 Nimirum
3327 3893 3472 3961 quod
3517 3909 3544 3945 ιι
3583 3893 3690 3946 Deo

2101 3980 2304 4034 bonum
2344 3982 2619 4036 mentibus
2648 3982 2902 4036 humanis
2943 3983 3277 4047 iunuittitur,
3309 3990 3362 4037 et
3389 3983 3442 4037 in
3483 3984 3696 4038 mundo

2101 4073 2270 4138 lucet,
2306 4090 2334 4128 a
2376 4083 2602 4143 peccato
2631 4075 2852 4128 minime
2879 4083 3192 4144 superatur.

2174 4251 2330 4306 LXV.
2364 4251 2469 4306 Sed
2501 4253 2568 4308 ad
2609 4253 2754 4306 illam
2801 4249 3100 4306 Salvator-is
3136 4266 3323 4306 vocem
3355 4251 3690 4310 Manielmus

2102 4347 2462 4410 adhaerescit,
2517 4359 2642 4399 cum
2688 4345 2780 4398 ille
2826 4345 3054 4399 dixit':
3110 4344 3296 4399 Simile
3345 4355 3423 4400 est
3471 4362 3688 4415 regnum

408 4431 454 4498 ἠ
483 4432 775 4494 βασιλεία
801 4433 921 4487 τῶν
954 4436 1229 4503 οὐρανῶν
1260 4437 1548 4506 ἀνθρώπῳ
1574 4437 1994 4506 οἰκοδεσπότῃ,

2113 4439 2350 4492 cwlorum
2371 4435 2571 4488 homini
2600 4435 2987 4504 patrifamilias
3011 4437 3101 4505 qui
3127 4437 3408 4490 seminavit
3449 4437 3502 4490 in
3556 4453 3691 4506 agre

408 4523 485 4588 ες
508 4524 751 4592 ἔσπειρε
787 4526 898 4579 τὸν
923 4527 1108 4596 ἀγρὸν
1143 4529 1331 4582 αὑτοῦ
1363 4531 1557 4584 καλὸν
1590 4531 1847 4599 σπέρμα.
1890 4530 1998 4583 Καὶ

405 4615 830 4668 καθευδόντων
875 4615 994 4669 τῶν
1030 4619 1377 4687 ἀνθρώπων,
1429 4620 1646 4687 ἐχθρὸς
1691 4618 2002 4686 ἄνθρωπος

405 4705 564 4776 ἦλθε
585 4750 598 4772 ,
630 4708 730 4762 καὶ
773 4708 1018 4778 ἔσπειρε
1061 4708 1295 4770 ᾰζάνια.
1346 4708 1494 4766 Εἶτα
1525 4711 1814 4782 λέγουσιν
1840 4710 2000 4775 αὐτῷ

406 4802 468 4852 ol
510 4798 717 4854 δοῦλοι
761 4800 980 4854 αὑτοῦ·
1035 4801 1184 4870 Οὐχὶ
1221 4803 1414 4855 καλὸν
1445 4802 1685 4871 σπέρμα
1716 4803 2000 4868 ἔσπειρας

403 4895 482 4947 ἐν
513 4892 594 4958 τῷ
621 4891 818 4962 (inedi;
863 4893 926 4946 Ὀ
964 4891 1033 4946 δὲ
1059 4893 1196 4962 ἔφη·
1226 4895 1358 4947 Ναί.
1388 4894 1580 4947 Πόθεν
1616 4889 1730 4949 οὖν
1756 4894 1826 4947 τὰ
1856 4893 1997 4954 ζέζίί-

403 5005 511 5040 νια
528 5000 548 5048 ;
585 4985 636 5036 Ὀ
667 4984 734 5037 δὲ
761 4985 1240 5053 ἀποκρινάμενος
1268 4982 1458 5039 εἶπεν·
1500 4985 1746 5054 Ἐχθρὸς
1775 4985 2000 5053 ἅνθρω-

403 5095 516 5144 πος
565 5077 741 5131 τοῦτο
778 5079 1090 5146 ἐποίησεν.
1143 5082 1206 5132 Οἱ
1241 5079 1310 5132 δὲ
1357 5079 1568 5133 δοῦλοι
1613 5081 1762 5146 πρὸς
1813 5079 2000 5131 αὐτὸν

402 5172 615 5226 εἷπον·
673 5171 879 5238 Θέλεις
923 5168 1038 5226 οὖν
1073 5172 1445 5239 ἀπελθόντες
1483 5169 1892 5240 ἐκριζώσωμεν
1929 5170 2002 5224 τὰ

402 5263 672 5330 (lilii-ta,-
731 5264 794 5317 Ὀ
841 5263 910 5317 δὲ
952 5263 1103 5332 πρὸς
1152 5263 1374 5330 αὐτοὺς
1427 5264 1577 5333 ἔφη’
1622 5263 1741 5315 Οὔ·
1785 5260 2000 5332 μήπως

399 5353 782 5424 ἐκριζοῦντες
810 5356 883 5410 τὰ
913 5355 1127 5419 ζιζάνια
1152 5354 1506 5426 ἐκριζώσητε
1535 5356 1634 5410 καὶ
1667 5355 1774 5408 τὸν
1800 5354 1993 5411 σῖτον.

418 5451 578 5503 Ἀλλ’
603 5449 785 5518 ἄφετε
813 5449 924 5518 ἕως
967 5451 1180 5520 καιροῦ
1227 5451 1334 5505 τοῦ
1382 5449 1690 5518 θερισμοῦ,
1734 5449 1831 5502 καὶ
1881 5447 1995 5517 ἐρῶ

401 5539 534 5604 τοῖς
565 5539 901 5607 θερισταῖς’
956 5539 1304 5602 Συλλέξατε
1337 5538 1412 5593 τὰ
1455 5535 1702 5602 ᾅζιὶνια,
1743 5538 1844 5591 καὶ
1888 5536 1994 5604 δή·

481 5717 504 5749 ⁸
542 5714 585 5769 ll
604 5714 754 5772 Petr.
785 5734 824 5776 ι.
857 5720 942 5774 19.
1021 5720 1040 5750 ’
1069 5717 1227 5774 Rom.
1257 5734 1334 5784 tv,
1370 5718 1424 5772 ὅ.
1507 5717 1527 5748 ⁸
1551 5715 1713 5771 Joan.
1759 5732 1797 5783 I,
1827 5715 1880 5771 5.

2096 4547 2191 4588 suo
2231 4530 2424 4581 bonum
2473 4543 2668 4582 semen.
2721 4526 2853 4582 Cum
2898 4538 3073 4580 autem
3103 4527 3392 4580 dormirent
3429 4528 3686 4590 homines.

2095 4621 2344 4675 inimicus
2380 4618 2534 4671 homo
2565 4619 2734 4678 venit.
2766 4627 2816 4671 et
2853 4619 3129 4672 seminavit
3161 4620 3399 4672 zizania.
3443 4618 3576 4672 Tum
3610 4622 3692 4673 sic

2094 4715 2143 4767 ei
2171 4712 2307 4765 servi
2348 4711 2510 4763 locuti
2549 4719 2670 4763 sunt
2703 4725 2721 4762 :
2756 4707 2948 4763 Nonne
2983 4715 3174 4763 bonum
3208 4727 3384 4764 semen
3412 4712 3692 4764 seminasti

2095 4805 2152 4857 in
2193 4805 2364 4873 agro?
2396 4800 2507 4869 Ego
2544 4817 2664 4853 vero
2703 4801 2978 4862 seminavi,
3020 4802 3309 4868 respondit.
3348 4801 3494 4856 Unde
3523 4803 3690 4871 igitur

2097 4896 2308 4948 zizania
2335 4896 2359 4948 Ξ)
2383 4892 2660 4956 Inimicus,
2691 4895 2884 4969 inquit,
2908 4893 3062 4947 homo
3084 4894 3179 4948 hoc
3211 4895 3356 4963 fecit.
3381 4892 3482 4948 Cui
3512 4895 3689 4947 servi:

2117 4989 2226 5054 Vis,
2268 4989 2533 5058 inquiunt,
2571 5003 2775 5051 eamus,
2801 4999 2851 5040 et
2873 4988 3223 5056 exstirpemus
3270 4987 3480 5039 zizania
3504 4987 3529 5038 Ρ
3556 4985 3682 5051 Qni-

2104 5080 2198 5135 bus
2241 5080 2332 5134 ille
2372 5079 2508 5133 dixit
2531 5096 2550 5134 :
2584 5079 2706 5134 Non
2733 5095 2753 5132 :
2795 5095 2857 5133 ne
2891 5079 3028 5148 forte
3087 5081 3438 5148 cxstirpantes
3472 5079 3688 5132 zizania

2102 5189 2211 5225 una
2257 5181 2305 5225 et
2352 5173 2588 5224 triticum
2644 5171 2969 5238 exstirpetis.
3029 5169 3132 5224 Sed
3191 5172 3347 5224 sinite
3385 5185 3546 5239 usque
3616 5167 3686 5221 ad

2106 5271 2304 5331 tempus
2377 5263 2604 5328 messis,
2666 5273 2716 5316 et
2778 5262 2954 5316 dicam
3015 5261 3332 5316 messoribus
3372 5280 3390 5315 :
3441 5260 3689 5330 Colligite

2109 5354 2346 5414 zizania,
2383 5361 2434 5407 et
2465 5353 2622 5424 ligate
2656 5370 2719 5407 ea
2762 5355 2815 5406 in
2853 5355 3177 5422 fasciculos;
3229 5355 3460 5406 triticum
3508 5363 3685 5406 autem

2105 5445 2368 5500 recondita
2391 5447 2443 5500 in
2472 5447 2684 5512 horreo,
2718 5457 2765 5500 et
2793 5457 3091 5516 pra'parate
3122 5448 3336 5501 zizania
3374 5447 3443 5500 ad
3469 5445 3682 5502 combu-

2102 5537 2323 5591 rendum
2371 5538 2480 5608 igni
2525 5537 2966 5609 inexstinguibili.
3031 5538 3327 5612 Discipulis
3359 5555 3489 5596 vero
3531 5534 3683 5598 dom)

1959 5716 1979 5746 ‘
2016 5714 2125 5771 ibid
2157 5714 2311 5771 9-l‘2.
2389 5715 2619 5775 'Mattb.
2664 5734 2785 5787 Mli,
2815 5718 2885 5774 Ἡ
2915 5736 3037 5791 sqq.
