4076 6392
354 326 450 381 131

1779 328 1838 383 S.
1880 325 2214 382 EPIPHANll

3518 333 3622 389 152

351 446 427 502 ita
467 445 834 516 rogantibus:
879 444 979 500 Dic
1025 445 1173 500 nobis
1217 445 1530 516 parabolam
1577 445 1926 508 zizaniorum,

2039 462 2190 499 σατε
2227 445 2457 515 δεσμός
2481 466 2492 477 ·
2527 449 2631 503 τόν
2657 448 2724 502 δὲ
2751 449 2928 503 σῖτον
2955 450 3254 505 ἀπόθεσθε
3279 451 3352 504 ἐν
3380 449 3452 519 τῇ
3475 451 3622 507 ἀπο-

354 536 641 606 explicavit
698 536 804 601 ille,
865 553 934 591 ne
993 537 1157 591 ullam
1214 537 1498 607 impostori
1558 537 1935 607 Oppugnandae

353 628 602 682 veritatis
633 628 978 682 occasionem
1021 627 1376 696 relinqueret.
1425 627 1612 693 Quare
1653 628 1936 697 perspicue

353 715 620 771 Dominus
644 718 716 770 ita
747 717 1040 787 respondet
1073 735 1086 771 :
1135 717 1240 782 Qui
1275 717 1486 782 bonum,
1516 718 1724 786 inquit,
1761 734 1935 771 semen

349 811 653 873 seminavit,
698 808 840 863 Deus
863 817 940 862 est
964 823 982 871 ,°
1019 824 1144 878 ager
1171 817 1250 862 est
1279 807 1544 872 mundus;
1572 810 1784 864 zizania
1806 809 1934 862 mali

348 900 586 955 homines
619 909 774 962 sunt;
804 900 1050 952 inimicus
1073 899 1226 953 homo
1249 909 1326 953 est
1356 900 1634 965 diabolus;
1655 917 1932 966 messores,

348 991 556 1062 angeli;
599 990 781 1044 messis
825 990 974 1056 ipsa,
1005 991 1392 1044 consummatio
1441 991 1661 1056 surculi;
1697 991 1930 1044 triticum

349 1101 531 1152 porro,
567 1084 665 1136 uiri
703 1082 845 1135 boni.
886 1080 1023 1133 Cum
1072 1081 1236 1150 igitur
1274 1078 1538 1136 Dominus
1571 1081 1776 1152 angelis
1816 1083 1933 1138 suis

349 1176 687 1248 praeceperit,
719 1175 773 1227 hi
817 1175 1077 1228 collectos
1109 1175 1162 1227 in
1199 1189 1366 1226 unum
1403 1183 1719 1243 peccatores
1751 1189 1814 1228 ac
1847 1189 1930 1228 re-

349 1285 458 1339 gno
490 1270 751 1321 cwlorum
781 1267 1034 1321 exclusos
1064 1265 1498 1320 concremandos
1533 1265 1764 1320 tradent.
1800 1265 1934 1317 Aui-

352 1361 708 1422 madvertite,
753 1375 972 1428 quasso,
1018 1364 1287 1427 quotquot
1323 1357 1457 1412 estis
1504 1359 1750 1412 veritatis
1795 1358 1928 1421 lilii,

351 1469 692 1525 quaecunque
730 1468 902 1507 novus
967 1451 1056 1505 ille
1101 1449 1306 1505 Jannes
1366 1465 1430 1504 ac
1462 1449 1714 1505 Jambre‘
1751 1450 1932 1504 dicere

352 1547 681 1617 aggreditur,
713 1553 903 1598 contra
947 1559 1005 1599 se
1045 1544 1222 1614 ipsum
1266 1541 1529 1612 proferre.
1564 1541 1776 1595 Etenim
1807 1556 1930 1594 cum

349 1638 442 1692 ille
470 1637 734 1690 mundum
761 1635 830 1688 ad
862 1633 1028 1688 Deum
1069 1641 1319 1703 spectare
1354 1641 1546 1703 neget,
1580 1643 1770 1687 contra
1807 1631 1929 1686 Sal-

347 1740 508 1783 vator
536 1729 640 1785 hoc
667 1729 787 1783 loco
824 1735 880 1782 et
907 1743 1098 1798 agrum
1141 1742 1265 1783 esse
1301 1727 1562 1781 mundum
1600 1727 1927 1796 interpreta-

2037 536 2217 606 θήκῃ,
2251 537 2349 591 καὶ
2367 538 2720 608 ἑτοιμάσατε
2754 544 2826 598 τὰ
2860 541 3076 604 ζιζάνια
3101 546 3190 610 εις
3222 544 3290 597 τὸ
3321 544 3620 615 κατακαῆ-

2036 643 2135 680 ναι
2166 629 2306 697 πυρὶ
2336 630 2634 694 ἀσϐέστῳ.
2678 633 2800 688 Τῶν
2832 634 2886 687 δὲ
2917 633 3174 703 μαθητῶν
3204 636 3369 688 αὐτοῦ
3399 637 3492 689 ἐπὶ
3524 637 3621 707 τῆς

2035 720 2213 782 οἰκίας
2245 719 2509 789 λεγόντων
2535 739 2549 752 ·
2595 723 2743 776 Εἰπὲ
2772 724 2917 794 ἡμῖν
2961 723 3077 792 τὴν
3116 725 3622 793 παραϐολὴν.τῶν

2036 809 2318 876 ᾇζανίων,
2343 813 2370 865 6
2387 812 2440 865 δὲ
2461 812 2695 877 ἐπιλύει,
2731 816 2824 868 καὶ
2844 817 2906 868 οὗ
2930 815 3106 886 κρίνει
3129 815 3168 877 ³,
3193 816 3279 868 ἵνα
3313 817 3387 886 μὴ
3411 834 3621 887 συγχω-

2039 904 2176 974 ρήσῃ
2217 902 2294 974 τῷ
2327 903 2601 958 ἀπατεῶνι
2632 905 2772 960 κατά
2803 907 2902 977 τῆς
2947 906 3208 976 ἀληθείας
3241 907 3412 979 λαϐὴν
3451 908 3616 978 ἔχειν.

2049 991 2425 1064 Ἀποκρίνεται
2453 992 2544 1049 οὖν
2570 995 2754 1064 σαφῶς
2779 997 2807 1049 6
2838 995 3064 1067 Κύριος,
3100 998 3196 1049 καὶ
3228 996 3409 1065 λέγει·
3456 999 3519 1050 '0
3550 999 3617 1050 τὸ

2036 1084 2229 1137 καλὸν
2255 1085 2494 1155 σπέρμα
2522 1089 2776 1155 σπείρας
2798 1087 2968 1141 ἐστὶν
2995 1091 3027 1141 ό
3059 1088 3203 1153 Θεός
3221 1105 3234 1117 ·
3271 1092 3303 1141 o'
3325 1087 3394 1141 δὲ
3438 1088 3614 1158 ἀγρός

2033 1175 2206 1228 ἐστιν
2233 1179 2266 1230 ό
2295 1179 2557 1248 κόσμος·
2589 1180 2660 1232 τὰ
2693 1178 2909 1238 ζὶζάνιά
2949 1181 3107 1232 εισιν
3148 1182 3202 1233 οἰ
3234 1181 3482 1247 πονηροὶ
3515 1179 3618 1232 ἅν-

2033 1271 2251 1334 θρωποι
2271 1284 2286 1298 ⁸
2325 1273 2358 1324 ό
2386 1271 2601 1340 ἐχθρὸς
2621 1272 2938 1340 ἄνθρωπός
2969 1273 3143 1326 ἐστιν
3170 1279 3202 1326 ό
3224 1273 3534 1340 διάϐολος’
3561 1277 3615 1327 ol

2033 1360 2300 1426 θερισταί
2333 1364 2497 1415 εἰσιν
2540 1365 2594 1415 ol
2637 1363 2898 1431 ἄγγελοι·
2949 1367 2982 1416 ό
3035 1364 3313 1432 θερισμός
3365 1365 3533 1416 ἐστιν
3575 1365 3614 1432 ἡ

2032 1451 2352 1505 συντέλεια
2397 1453 2503 1506 τοῦ
2552 1453 2768 1520 αἰῶνος
2793 1473 2806 1484 ·
2857 1459 2889 1508 ό
2927 1455 3097 1520 σῖτός
3138 1456 3310 1509 ἐστιν
3355 1459 3408 1508 ol
3439 1457 3611 1508 καλοί

2031 1539 2347 1611 ἅνθρωποι.
2403 1545 2530 1597 Ὅτε
2577 1545 2942 1615 παραγγέλλει
2981 1547 3008 1598 6
3041 1545 3243 1617 Κύριος
3279 1547 3406 1609 τοὺς
3450 1547 3615 1615 ἀγγέο

2032 1633 2152 1696 λους
2208 1635 2372 1688 αὑτοῦ
2399 1674 2413 1698 ,
2451 1635 2546 1688 καὶ
2599 1636 2895 1704 συνάγουσι
2936 1636 3064 1698 τοὺς
3099 1636 3457 1707 ἁμαρτωλοὺς
3507 1637 3614 1690 ἀπὸ

2031 1728 2128 1796 τῆς
2171 1727 2335 1780 αὑτοῦ
2387 1727 2698 1797 βασιλείας,
2731 1729 2825 1781 καὶ
2873 1729 3262 1800 παραδιδόασιν
3294 1729 3490 1791 αὐτοὺς
3531 1729 3612 1792 εἰς

346 1829 460 1884 tur,
514 1828 568 1875 et
618 1817 1066 1889 patremfamilias
1096 1817 1323 1888 agrique
1361 1815 1644 1870 dominum
1707 1816 1922 1870 Patrem

2028 1819 2089 1871 τὸ
2122 1821 2337 1890 καῆναι.
2364 1821 2472 1874 Καὶ
2496 1821 2772 1893 Θεωρεῖτε,
2805 1823 2910 1874 υἱοὶ
2942 1823 3039 1891 τῆς
3066 1821 3342 1892 ἀληθείας,
3368 1821 3449 1874 ὅτι
3473 1821 3610 1873 αύτά

348 1928 510 1968 suum
544 1911 798 1982 appellat,
826 1908 922 1979 qui
948 1908 1152 1964 bonum
1187 1907 1322 1962 illud
1365 1921 1554 1964 semen
1582 1907 1924 1976 prosemina-

353 2007 514 2061 verit.

2030 1910 2066 1964 ἃ
2099 1909 2345 1980 βούλεται
2374 1912 2576 1981 λέγειν,
2621 1914 2742 1967 καθ’
2777 1913 2972 1967 ἑαυτοῦ
3014 1913 3396 1984 προϐάλλεται.
3442 1907 3610 1976 Οὗτος

2028 2003 2057 2054 6
2085 2004 2487 2069 ἀνακαινισθεὶς
2505 2009 2636 2078 ἡμῖν
2661 2007 2783 2060 ἀντί⁵
2811 2007 2918 2060 τῶν
2941 2007 3069 2078 σιτερί¹
3105 2006 3312 2075 Ἰαννῆν
3333 2008 3427 2059 καὶ
3468 2007 3610 2075 Ἰαμ-

344 2097 504 2169 ϐρῆν.
541 2095 712 2157 Αὐτὸς
747 2077 846 2166 μὲν
883 2094 992 2165 γὰρ
1050 2093 1294 2162 ἀρνεῖται
1339 2089 1430 2144 τὸν
1460 2091 1665 2162 κόσμον
1727 2091 1821 2144 τοῦ
1851 2091 1985 2146 Θεοῦ
2021 2088 2192 2148 εἶναι·
2241 2090 2344 2150 ὦδε
2391 2098 2449 2151 δὲ
2496 2100 2524 2151 6
2573 2099 2764 2170 Σωτὴρ
2806 2099 2898 2152 τὸν
2941 2077 3146 2167 κόσμον
3189 2097 3291 2169 ἔφη
3343 2095 3480 2151 εἶναι
3522 2098 3609 2150 τὸν

345 2187 542 2258 ἀγρόν·
580 2183 670 2237 τὸν
701 2183 758 2236 δὲ
795 2181 1180 2250 οἰκοδεσπότην
1211 2180 1306 2232 καὶ
1361 2177 1548 2250 κύριον
1595 2179 1691 2231 τοῦ
1736 2179 1939 2250 ἀγροῦ,
1974 2184 2222 2238 τουτέστι
2253 2185 2349 2240 τὸν
2409 2185 2577 2240 αὐτοῦ
2614 2187 2866 2258 Πατέρα,
2911 2187 3005 2240 καὶ
3045 2188 3234 2241 ἑαυτὸν
3272 2190 3608 2252 ὲσπαρκέναι

344 2279 407 2332 τὸ
438 2277 598 2330 καλὸν
631 2273 795 2328 αὑτοῦ
830 2273 1072 2342 σπέρμα.

415 2370 600 2438 Neque
652 2381 779 2421 vero
813 2373 906 2418 aut
949 2378 980 2417 a
1026 2361 1352 2431 corporibus
1401 2360 1653 2424 animas,
1715 2367 1808 2413 aut
1859 2361 1928 2414 ah

343 2465 631 2517 animabus
660 2471 890 2526 corpora
930 2453 1242 2524 separavit,
1280 2452 1375 2507 sed
1427 2453 1710 2506 inimicum
1751 2453 1928 2506 homi-

345 2569 469 2608 nem
497 2550 706 2606 zizania
741 2547 1056 2601 consevisse
1099 2551 1325 2608 narrat,
1358 2543 1462 2597 hoc
1490 2550 1575 2597 est
1604 2542 1927 2613 depravatos

344 2645 597 2701 homines
617 2661 632 2704 ;
656 2655 757 2695 nec
785 2639 1031 2692 homines
1055 2637 1222 2708 680
1249 2639 1397 2705 ipsos
1431 2635 1662 2690 seorsim
1693 2635 1760 2690 de
1799 2650 1925 2689 cor-

345 2738 570 2808 poribus
631 2731 876 2800 accepit,
925 2733 1020 2784 sed
1068 2730 1242 2782 malos
1287 2727 1537 2782 homines
1588 2728 1922 2795 conjunctim

345 2829 598 2899 appellat.
631 2825 708 2878 lta
744 2825 946 2878 bonum
1002 2836 1187 2876 semen
1224 2835 1254 2875 e
1284 2820 1566 2874 contrario
1607 2819 1924 2889 paterfami-

345 2927 448 2977 lias
481 2923 533 2976 in
572 2934 704 2990 agro
731 2933 832 2973 suo
853 2917 1117 2978 seminat,
1149 2915 1322 2968 bonos
1351 2913 1603 2969 videlicet
1635 2914 1881 2968 homines
1906 2953 1922 2978 ,

345 3029 456 3068 non
497 3012 688 3065 horum
733 3007 998 3061 duntaxat
1024 3005 1272 3070 animas,
1306 3005 1398 3060 sed
1432 3005 1636 3068 bonos,
1678 3005 1922 3074 inquam,

2102 2361 2210 2413 Kal.
2257 2359 2379 2412 οὕτε
2410 2359 2572 2412 διεῖλε
2615 2359 2792 2430 ψυχὰς
2837 2359 2945 2413 ἀπὸ
2984 2360 3271 2430 σωμάτων,
3306 2361 3338 2432 ἢ
3381 2362 3608 2435 σώματι

2032 2452 2140 2506 ἀπὸ
2185 2451 2392 2522 ψυχῶν,
2443 2450 2578 2504 ἀλλὰ
2629 2451 2718 2504 τὸν
2771 2451 2869 2521 μὲν
2922 2451 3113 2524 ἐχθρὸν
3161 2452 3447 2524 ἄνθρωπον
3504 2457 3607 2530 ἔφη

2032 2546 2365 2618 έσπαρκέναι
2399 2543 2466 2598 τὰ
2501 2541 2746 2609 ζιζάνια,
2792 2544 2827 2597 ὅ.
2867 2545 3004 2597 εἰσιν
3036 2547 3083 2597 οἱ
3129 2548 3354 2617 πονηροί
3401 2549 3610 2620 ἄνθρω-

2032 2655 2154 2691 ποι·
2195 2635 2510 2708 ἀνθρώπους
2534 2635 2590 2688 δὲ
2622 2637 2683 2689 οὺ
2709 2636 2857 2703 λέγει
2886 2635 3107 2706 σώματα
3132 2638 3252 2689 κατ’
3288 2637 3443 2702 ἰδίαν,
3476 2641 3607 2695 ἀλλὰ

2030 2727 2166 2799 ὁμοῦ
2212 2725 2332 2782 εἷπε
2373 2729 2644 2800 πονηροὺς
2683 2727 3020 2801 ἀνθρώπους.
3058 2728 3228 2782 Πάλιν
3261 2729 3318 2782 δὲ
3346 2731 3608 2796 ὡσαύτως

2030 2822 2092 2875 τὸ
2129 2821 2331 2890 ἀγαθὸν
2373 2821 2594 2891 σπέρμα
2641 2820 2668 2872 6
2715 2820 3100 2890 οἰκοδεσπότης
3147 2819 3401 2894 ἔσπειρεν
3444 2825 3500 2876 ὲν
3531 2825 3609 2894 τῷ

2036 2913 2149 2984 ἰδίῳ
2187 2912 2362 2984 ἀγρῷ,
2394 2914 2520 2970 τοὺς
2547 2911 2786 2982 ἀγαθούς
2827 2929 2959 2982 φησι
2989 2911 3326 2982 ἀνθρώπους.
3363 2915 3473 2968 Καὶ
3512 2916 3608 2969 οὐκ

2032 3002 2152 3058 εἷπε
2196 3004 2294 3068 τὰς
2329 3003 2534 3058 τούτων
2579 3005 2788 3074 ψυχὰς,
2826 3003 2941 3056 ἀλλ’
2986 3004 3222 3072 ἀγαθοὺς
3263 3006 3360 3059 σὺν
3395 3005 3606 3077 σώματι

344 3119 573 3176 corpore
618 3102 908 3172 animaque
935 3106 1275 3155 constantes.
1320 3097 1590 3163 Quocirca
1628 3106 1738 3152 tam
1780 3098 1922 3154 Deus

2028 3100 2121 3152 ml.
2143 3097 2310 3168 ψυχῇ.
2340 3099 2482 3169 Ἀρα
2509 3096 2638 3164 γοῦν
2662 3095 2750 3148 διὰ
2777 3096 2874 3166 τῆς
2895 3094 3241 3161 διδασκαλίας
3261 3099 3290 3150 6
3307 3097 3440 3161 Θεδς
3462 3099 3610 3152 σπεί-

345 3199 544 3252 bonum
594 3195 648 3248 in
681 3191 996 3246 hominibus
1039 3189 1287 3243 doctrina
1329 3203 1449 3253 sua,
1481 3203 1644 3258 quam
1675 3187 1926 3245 diabolus

347 3290 488 3343 mala
519 3287 714 3342 iisdem
739 3286 792 3339 in
824 3281 1135 3339 hominibus
1157 3282 1505 3351 improbitate
1535 3297 1632 3336 sua
1663 3285 1921 3338 conserit.

343 3383 738 3450 Quameunque
777 3392 905 3432 vero
940 3391 1040 3431 nos
1085 3375 1140 3428 in
1173 3382 1383 3444 partem
1429 3382 1746 3437 vertamus,
1776 3374 1925 3428 radi-

343 3491 460 3530 rem
503 3471 790 3545 pravitatis
837 3469 1042 3523 nullam
1090 3467 1465 3536 reperiemus,
1499 3465 1597 3521 sed
1639 3481 1702 3520 ea
1746 3466 1923 3519 solum

343 3580 509 3633 opera
533 3577 654 3633 quae
690 3577 721 3614 a
757 3560 916 3615 nobis
949 3567 1350 3629 perpetrantur.
1393 3557 1472 3611 Ac
1493 3573 1561 3612 ne
1586 3557 1923 3611 zizaniorum

343 3655 564 3725 quidem
590 3661 742 3708 satus
777 3652 923 3706 illius
952 3664 1118 3705 causa
1148 3649 1398 3704 diabolus
1439 3657 1542 3711 est,
1572 3650 1753 3704 statim
1779 3649 1924 3702 enim

344 3747 479 3803 illud
506 3746 762 3802 additur:
796 3745 931 3800 Cum
975 3743 1264 3798 dormirent
1312 3742 1569 3795 homines.
1608 3739 1727 3796 Non
1755 3740 1922 3806 dixit,

342 3841 479 3895 Cum
513 3839 774 3894 dormiret
813 3836 1228 3906 paterfamilias.
1264 3833 1396 3888 Dum
1429 3833 1573 3888 enim
1597 3832 1924 3886 intermissis

344 3930 506 3984 bonis
556 3930 814 4000 Operihus
873 3928 1209 3990 dormimus,
1267 3929 1395 3978 dum
1451 3923 1634 3978 ofﬁcia
1696 3923 1923 3992 justitite

343 4023 692 4093 negligimus.
733 4023 862 4077 dum
890 4021 957 4076 ad
995 4018 1342 4089 exsequenda
1379 4017 1470 4072 Dei
1494 4017 1745 4070 mandata
1772 4016 1920 4085 vigili

343 4124 769 4184 experrectoque
823 4113 1007 4168 animo
1054 4127 1163 4166 non
1216 4126 1429 4171 sumus.
1483 4118 1615 4162 tunc
1661 4109 1717 4162 in
1762 4109 1922 4164 nobis

343 4213 568 4275 peccata
597 4205 1066 4275 proseminantur.
1088 4201 1330 4256 Videsne
1359 4210 1616 4270 praeterea
1650 4209 1708 4253 ut
1737 4201 1791 4253 in
1818 4200 1921 4253 hac

342 4298 602 4370 parabola
658 4311 934 4352 messores
992 4295 1060 4350 ad
1108 4293 1568 4349 concremandum
1625 4291 1920 4347 fasciculos

341 4387 708 4457 componant?
742 4386 871 4448 Dic,
923 4385 1084 4440 sodes
1106 4425 1121 4450 ,
1155 4400 1188 4438 ο
1223 4382 1554 4437 Manichaee:
1590 4380 1922 4436 Vinciuntur

2033 3209 2113 3264 ρει
2141 3191 2201 3245 τὸ
2227 3189 2428 3258 ἀγαθὸν
2460 3191 2517 3242 ὲν
2549 3191 2662 3252 τοῖς
2696 3186 3026 3258 ἀνθρώποις,
3059 3188 3152 3240 καὶ
3182 3187 3272 3241 διὰ
3311 3189 3414 3259 τῆς
3444 3207 3608 3245 κακο.

2031 3283 2300 3354 μηχανίας
2329 3284 2358 3335 6
2399 3280 2645 3344 διάϐολος
2676 3280 3002 3350 ὑποσπείρει
3032 3279 3099 3332 τὰ
3129 3279 3342 3351 πονηρὰ
3382 3281 3517 3352 ἔργα
3549 3283 3607 3334 ἐν

2025 3381 2137 3442 τοῖς
2162 3376 2491 3450 ἀνθρώποις.
2531 3376 2723 3429 Ἔνθεν
2753 3377 2808 3429 δὲ
2843 3377 2934 3429 καὶ
2971 3375 3123 3430 ἔνθεν
3163 3377 3224 3429 οὐ
3260 3377 3417 3447 ῥίζαν
3443 3380 3608 3449 εὑρή-

2028 3487 2193 3541 σομεν
2220 3469 2439 3532 κακίας,
2466 3468 2581 3522 ἀλλ’
2612 3467 2748 3540 ἔργα
2777 3467 2842 3520 δι’
2873 3467 3028 3538 ἡμῶν
3055 3467 3469 3539 ἐπιτελούμενα.
3497 3471 3607 3524 Καὶ

2025 3562 2146 3615 οὐδὲ
2191 3562 2328 3624 ὅλως
2371 3564 2400 3614 6
2447 3559 2692 3622 διάϐολος
2729 3558 2900 3621 αἴτιός
2943 3559 3060 3612 ἐστι
3099 3559 3208 3611 τῶν
3245 3560 3606 3631 ἐσπαρμένων

2029 3652 2306 3717 ζιζανίων.
2344 3651 2522 3714 Εὐθὺς
2550 3651 2658 3721 γὰρ
2685 3648 2882 3720 φράζει
2909 3649 3082 3718 λέγων
3103 3667 3114 3679 ·
3153 3642 3256 3704 Ἐν
3286 3650 3366 3716 τῷ
3389 3653 3606 3708 καθεύο

2025 3746 2154 3799 δειν
2185 3745 2328 3811 τοὺς
2356 3742 2726 3811 ἀνθρώπους.
2775 3741 2884 3795 Καὶ
2911 3741 3012 3794 οὐκ
3055 3736 3228 3795 εἶπεν·
3249 3743 3336 3796 Ἐν
3363 3742 3439 3814 τῷ
3477 3744 3606 3797 καθ-

2025 3837 2198 3891 εύδειν
2244 3837 2337 3890 τὸν
2367 3835 2775 3902 οἰκοδεσπότην.
2829 3833 2997 3886 Ὅταν
3029 3832 3139 3906 γὰρ
3196 3834 3357 3904 ἡμεῖς
3383 3835 3605 3888 ἀποκοι-

2027 3929 2290 4000 μηοῶμεν
2319 3926 2427 3980 ἀπὸ
2461 3925 2682 3994 ἀγαθῶν
2713 3923 2889 3994 ἔργων
2909 3962 2926 3987 ,
2957 3925 3084 3977 ὅταν
3114 3923 3478 3994 ἀμελήσωμεν
3505 3925 3602 3995 τῆς

2021 4020 2385 4090 δικαιοσύνης,
2426 4019 2554 4071 ὅταν
2603 4019 2696 4071 τὸν
2745 4016 2868 4070 νοῦν
2907 4016 2982 4087 μὴ
3025 4018 3325 4089 έγρήγορον
3366 4017 3604 4087 ποιήσω-

2025 4129 2124 4183 μεν
2157 4112 2294 4183 πρὸς
2319 4111 2417 4183 τὴν
2442 4110 2537 4163 τοῦ
2572 4109 2708 4164 Θεοῦ
2739 4110 2980 4180 ἐντολὴν,
3007 4110 3128 4162 τότε
3173 4109 3508 4180 σπειρόμεθα
3534 4110 3602 4161 τὰ

2023 4203 2414 4275 ἁμαρτήματα.
2457 4201 2638 4274 Ὁρᾷς,
2669 4201 2750 4253 ὃτι
2777 4201 2826 4253 οἰ
2856 4199 3102 4270 θερισταὶ
3128 4200 3470 4268 ἑτοιμάζουσι
3501 4200 3601 4262 τὰς

2019 4289 2223 4359 δεσμάς
2254 4290 2333 4351 εἰς
2365 4288 2427 4342 τδ
2453 4288 2565 4359 πῦρ
2597 4288 2659 4340 τὸ
2703 4287 2957 4352 αἰώνιον;
2989 4287 3130 4356 Λέγε
3172 4305 3296 4358 μοι,
3337 4283 3382 4342 ὦ
3415 4289 3596 4359 Μάνη·

2019 4381 2212 4451 Ψυχὰς
2240 4382 2357 4434 ἐκεῖ
2380 4379 2757 4451 δεσμεύουσιν,
2789 4380 2822 4449 ἢ
2858 4378 3086 4450 σώματα
3128 4381 3223 4433 σὺν
3253 4380 3398 4452 ψυχῇ
3417 4381 3602 4433 καίου-

341 4481 454 4536 illic
481 4480 710 4544 animai,
755 4493 824 4532 an
855 4495 980 4532 cum
1021 4478 1201 4530 anima
1233 4491 1464 4545 corpora
1493 4476 1914 4538 comburuntur,

2028 4488 2128 4532 σιν,
2162 4470 2194 4540 ἢ
2225 4469 2438 4532 καὶτὰς
2467 4469 2678 4540 ψυχάςς
2713 4469 2906 4522 Οὐκέτι
2936 4470 3046 4541 γὰρ
3075 4469 3397 4541 σταθήσεται
3427 4473 3455 4524 6
3477 4473 3602 4543 περὶ

341 4589 410 4628 an
443 4574 573 4629 solae
596 4573 861 4627 duntaxat
887 4570 1123 4625 anima}?
1151 4568 1270 4624 Non
1301 4569 1444 4624 enim
1469 4569 1667 4638 poterit
1708 4576 1797 4621 tua
1827 4568 1915 4622 illa

341 4668 411 4721 de
455 4667 762 4720 animorum
793 4664 1116 4734 purgatione
1169 4670 1316 4716 stare
1369 4663 1657 4722 sententia,
1689 4675 1813 4714 cum
1849 4659 1916 4713 ad

341 4756 667 4827 supplicium
697 4769 761 4809 ac
785 4753 1054 4823 judicium
1093 4753 1394 4808 tradentur.
1428 4752 1535 4806 Sed
1569 4751 1636 4806 de
1667 4750 1750 4805 his
1783 4750 1915 4804 hac-

341 4857 536 4911 tenus;
569 4855 696 4905 sunt
730 4847 872 4902 enim
919 4846 1166 4901 veritatis
1201 4844 1366 4899 verba
1405 4842 1744 4914 sapientibus
1769 4841 1914 4896 haud

337 4943 506 4998 obseu
517 4956 594 4994 ra.

411 5032 595 5088 LXVI.
637 5030 798 5085 Aliud
833 5043 1052 5100 quoque
1083 5026 1459 5083 testimonium
1493 5024 1700 5096 profert
1739 5024 1913 5080 sacris

337 5143 368 5182 e
401 5125 624 5179 Litteris
661 5123 1072 5192 depromptum,
1099 5119 1258 5188 cujus
1293 5133 1514 5172 sensum
1549 5132 1672 5170 cum
1703 5119 1913 5186 ignoret

341 5216 589 5286 penitus,
627 5213 884 5269 salutaris
923 5209 1186 5265 doctrinae
1218 5210 1323 5261 vim
1378 5207 1555 5260 aliena
1587 5206 1916 5274 interpreta-

339 5306 488 5359 tione
529 5305 847 5373 detorquet;
883 5315 949 5356 eo
988 5299 1155 5369 igitur
1186 5296 1331 5368 quod
1377 5311 1409 5348 a
1439 5294 1666 5348 Domino
1706 5293 1912 5348 dictum

335 5405 422 5453 est
450 5397 729 5451 abutitur:
764 5391 913 5448 Venit
964 5394 1198 5460 princeps
1243 5388 1425 5442 mundi
1469 5387 1625 5451 huius
1659 5394 1708 5439 et
1736 5387 1792 5439 in
1835 5402 1914 5438 me

339 5503 496 5542 suum
519 5487 652 5540 nihil
681 5486 878 5540 invenit
909 5485 953 5536 ².
991 5481 1130 5536 Tum
1164 5479 1294 5534 illud
1334 5477 1578 5548 Apostoli
1603 5495 1616 5530 :
1642 5475 1782 5530 Deus
1817 5475 1915 5527 hu-

334 5578 427 5651 ius
460 5577 640 5633 statuti
683 5576 962 5631 exctecavit
992 5572 1333 5644 cogitationes
1364 5567 1682 5638 inﬁdelium,
1723 5577 1781 5619 ut
1809 5582 1912 5619 non

2024 4561 2366 4634 καθαρισμοῦ
2395 4578 2488 4614 σου
2530 4560 2640 4614 τῶν
2674 4560 2861 4631 ψυχῶν
2892 4561 3048 4629 λόγος
3076 4601 3090 4624 ,
3120 4561 3280 4614 ὁπότε
3320 4563 3398 4624 εἰς
3431 4579 3601 4633 τιμω-

2025 4653 2146 4724 ρίαν
2167 4655 2261 4707 xui.
2286 4653 2467 4726 κρίσιν
2497 4653 2982 4724 παραδοθήσονται.
3037 4653 3195 4706 Ἀλλά
3222 4654 3447 4724 ἀρκέσει
3470 4653 3599 4724 περὶ

2023 4745 2225 4798 τούτων
2263 4747 2367 4808 ἓως
2391 4745 2499 4798 τῶν
2543 4745 2811 4799 ἐνταῦθα·
2841 4748 2953 4808 τοῖς
2996 4745 3105 4816 γὰρ
3145 4750 3382 4809 συνετοῖς
3413 4747 3599 4812 φαίνε-

2020 4853 2112 4889 ται
2142 4835 2211 4888 τὰ
2236 4837 2374 4906 ῥητὰ
2397 4836 2494 4906 τῆς
2533 4835 2806 4905 ἀληθείας.

2089 5015 2226 5082 Ξςν.
2262 5012 2726 5084 Ἐπιλαμὸἀνεται
2758 5013 2920 5066 πάλιν
2955 5013 3143 5084 ἑτέρου
3175 5013 3360 5086 ῥητοῦ,
3387 5016 3466 5078 εἰς
3501 5015 3599 5084 μέ-

2021 5125 2114 5161 σον
2152 5108 2354 5178 φέρων,
2388 5107 2483 5159 καὶ
2516 5106 2590 5178 μὴ
2614 5106 2749 5160 νοῶν
2775 5105 2844 5159 τὰ
2869 5108 2928 5159 ὲν
2954 5106 3103 5176 αὐτῷ
3133 5107 3448 5175 ὲγκείμενα,
3478 5107 3598 5161 ἐτέ-

2021 5217 2127 5270 ρως
2153 5197 2564 5269 παρερμηνεύει
2592 5197 2692 5265 τῆς
2723 5195 3100 5267 σωτηριώδους
3126 5196 3474 5260 διδασκαλίας
3497 5198 3598 5268 τὴν

2015 5290 2267 5359 δύναμιν,
2295 5288 2384 5342 διὰ
2415 5288 2476 5340 τὸ
2517 5287 2801 5358 εἰρηκέναι
2835 5287 2927 5340 τὸν
2973 5286 3226 5358 Σωτῆρα,
3273 5289 3353 5341 ὅτι
3386 5289 3598 5356 Ἔρχε-

2015 5398 2110 5435 ται
2159 5384 2191 5434 ὁ
2239 5379 2444 5449 ἄρχων
2489 5379 2594 5432 τοῦ
2638 5379 2875 5448 κόσμου
2939 5378 3177 5442 τούτου,
3229 5377 3327 5430 καὶ
3369 5378 3440 5430 ἐν
3467 5379 3596 5447 ἐμοὶ

2014 5471 2194 5526 οὐδὲν
2240 5469 2360 5523 τῶν
2402 5468 2591 5523 αὐτοῦ
2640 5469 2938 5536 εὑρίσκει·
2989 5467 3084 5520 καὶ
3130 5467 3296 5521 πάλιν
3329 5468 3480 5539 παρὰ
3519 5469 3600 5540 τῷ

2025 5562 2357 5634 Ἀποστόλῳ,
2386 5562 2470 5615 ὅτι
2522 5562 2587 5614 'O
2628 5560 2774 5629 Θεὸς
2800 5560 2906 5615 τοῦ
2945 5559 3162 5626 αἰῶνος
3215 5561 3430 5615 τούτου
3467 5561 3599 5614 £7.40-

446 5731 532 5786 ‘li
557 5731 697 5785 Tim.
734 5744 819 5798 in,
842 5729 895 5784 8.
971 5733 992 5762 ²
1024 5727 1184 5783 Joan.
1219 5743 1330 5792 xw,
1363 5725 1451 5781 '50.
1516 5724 1536 5755 ³
1572 5720 1634 5776 F.
1665 5721 1760 5775 xui.
1785 5721 2044 5793 εὐκρινεῖ.
