4076 6392
391 355 509 414 133
1076 353 1454 408 ADVERSUS
1486 348 1832 405 IIIEl'tESES
1873 348 2001 402 LIB.
2045 346 2107 404 ll.
2147 346 2309 402 T031.
2349 347 2500 402 ll.—
2528 347 2800 402 ΗᾹΞΒΕΞ.
2841 345 3029 404 LXVI.
3564 348 3668 404 154

389 477 606 544 saluae
653 471 724 525 τὰ
763 472 1035 540 νοήματα
1085 471 1205 526 τῶν
1238 473 1533 534 ἀπίστων,
1576 472 1724 539 apale
1772 469 1839 522 τὸ
1896 467 1984 536 μὴ

2094 469 2421 522 intuerentur
2479 468 2648 535 lucem
2706 467 2983 536 Evangelii
3042 466 3231 536 gloriw
3279 467 3320 521 ³.
3373 466 3666 524 Videamus

391 562 774 633 καταυγάσαι
819 564 928 617 τὸν
971 563 1282 632 φωτισμὸν
1319 562 1427 616 τοῦ
1459 560 1829 629 Εὐαγγελίου
1872 557 1983 626 τῆς

2094 561 2274 630 igitur,
2310 575 2440 614 num
2473 561 2728 632 princeps
2765 561 2856 615 ille
2889 559 3114 623 mundi,
3156 559 3225 616 de
3265 577 3376 630 quo
3403 559 3666 618 Dominus

390 651 604 719 δόξης.
663 651 890 722 Ἴδωμεν
933 652 1133 715 τοίνυν,
1191 654 1240 704 εἰ
1281 653 1518 722 ἄρχοντα
1559 651 1574 681 ¹
1628 648 1722 700 τοῦ
1775 649 1982 716 κόσμου

2094 651 2346 720 loquitur,
2371 650 2424 704 in
2452 650 2636 704 intima
2659 649 3012 705 detrudetur?
3041 648 3101 704 Si
3119 652 3279 715 enim,
3302 653 3496 719 inquit,
3517 654 3664 706 exat-

388 743 587 797 τούτου
627 744 754 813 περὶ
794 739 855 796 οὗ
887 745 916 796 ό
961 743 1166 813 Κύριος
1201 741 1383 810 λέγει,
1434 740 1764 811 βληθήσεται
1812 740 1980 792 κάτω.

407 837 554 890 Ἐὰν
582 835 650 888 δὲ
665 835 781 905 ἐγὼ
804 833 1043 902 eamea,
1085 832 1316 898 πάντας
1355 832 1598 886 ἑλκύσω
1631 833 1780 898 πρὸς
1800 830 1981 898 ἐμαυ-

391 930 529 980 τόνο
560 926 681 980 τίνα
720 925 868 993 λέγει
906 924 1142 995 ἄρχοντα
1182 924 1277 977 τοῦ
1307 924 1514 993 κόσμου
1543 921 1766 984 manu;
1799 921 1908 972 Kal
1935 921 1984 972 εξ

399 1019 500 1088 μὲν
531 1019 618 1071 τὸν
645 1017 888 1070 διάϐολον
917 1017 1086 1085 λέγει,
1117 1014 1232 1078 πῶς
1261 1017 1289 1067 ὁ
1334 1015 1586 1083 Ἰωάννης
1613 1015 1670 1065 ὲν
1699 1012 1776 1082 τῷ
1807 1012 1986 1079 Εὐαγ-

393 1110 562 1179 γελίῳ
584 1109 711 1180 περὶ
733 1107 826 1161 τοῦ
852 1108 1103 1177 Σωτῆρος
1125 1106 1295 1174 λέγει,
1318 1106 1399 1158 ὅτι
1422 1107 1511 1170 είς
1536 1104 1607 1157 τὰ
1630 1104 1750 1156 ιδια
1771 1099 1984 1172 ἦιιθεη

409 1202 656 1274 Ὀρῶμεν
683 1202 792 1274 γὰρ
821 1203 918 1263 τὰς
948 1200 1042 1254 δύο
1070 1199 1244 1264 λέξεις
1274 1197 1479 1261 ταύτας
1509 1196 1820 1259 ἀντιθέτους
1850 1196 1986 1266 πρὸς

397 1295 655 1365 ἀλλήλας.
689 1294 748 1345 '0
789 1291 1109 1354 Ἀπόστολος
1138 1292 1247 1362 γάρ
1274 1307 1466 1360 φησιν’
1493 1289 1678 1354 Ὀλος
1699 1290 1730 1340 ὁ
1758 1287 1987 1355 κόσμος

396 1386 469 1438 ὲν
509 1383 589 1449 τῷ
627 1381 870 1451 πονηρῷ
918 1382 1122 1436 κεῖται·
1173 1382 1294 1445 καὶ,
1350 1382 1452 1435 Ἐν
1492 1379 1572 1444 τῷ
1610 1382 1817 1448 κόσμῳ
1848 1374 1927 1448 ἦν
1954 1380 1986 1430 ὁ

398 1477 623 1545 Σωτήρ.
661 1475 788 1539 Πῶς
836 1476 946 1546 ἄρα
985 1475 1035 1526 oi
1083 1474 1386 1544 ἀμφότεροι
1425 1469 1876 1543 χωρηθήσονται;
1918 1470 1987 1521 Ei

395 1571 534 1632 ὅλως
555 1573 587 1623 ὁ
621 1570 850 1638 κόσμος
885 1567 954 1621 ἐν
978 1567 1059 1632 τῷ
1083 1565 1324 1635 πονηρῷ
1347 1565 1554 1629 κεῖται,
1588 1563 1690 1616 ποῦ
1721 1563 1884 1624 τόπος
1911 1559 1988 1631 τῷ

399 1663 613 1732 Σωτῆρι
640 1664 699 1714 ὲν
731 1660 810 1731 τῷ
832 1661 1022 1731 κόσμῳ
1049 1661 1218 1722 ἐστὶν,
1239 1654 1381 1711 εἶναι
1403 1658 1567 1710 αὑτὸν
1591 1659 1648 1709 ὲν
1667 1655 1747 1726 τῷ
1769 1655 1984 1724 κόσμῳ;

398 1754 510 1806 Καὶ
537 1756 585 1806 εί
632 1752 739 1804 ἴδια
766 1751 1023 1820 τυγχάνει
1053 1750 1148 1803 τοῦ
1177 1749 1312 1802 Υἱοῦ
1351 1747 1444 1801 τοῦ
1480 1746 1616 1800 Θεοῦ
1665 1748 1732 1800 τὰ
1774 1745 1867 1798 τοῦ
1898 1757 1988 1798 κο-

2087 750 2230 795 tatus
2287 743 2455 810 fuero,
2509 758 2685 796 omnes
2726 743 2936 794 traham
2999 743 3068 794 ad
3124 729 3379 812 meipsum
3406 744 3448 798 ⁸.
3495 745 3666 810 Quem

2086 833 2252 902 igitur
2279 833 2468 886 mundi
2500 833 2798 902 principem
2835 834 3110 903 appellat?
3138 833 3194 888 Si
3223 834 3495 888 diabolum
3525 854 3536 887 :
3570 850 3670 888 cur

2084 924 2319 980 Joannes
2344 926 2397 979 in
2427 925 2718 995 Evangelio
2749 927 2817 980 de
2845 924 3128 981 Salvatore
3155 929 3287 981 dicit
3315 944 3327 978 :
3363 927 3427 981 In
3454 928 3670 996 propria

2086 1018 2225 1070 venit
2255 1016 2318 1068 l‘?
2347 1015 2608 1071 Videmus
2633 1017 2778 1071 enim
2803 1018 2940 1072 duas
2971 1019 3090 1073 illas
3118 1020 3261 1072 inter
3287 1035 3345 1072 se
3372 1021 3670 1074 sententias

2085 1123 2207 1162 esse
2251 1109 2578 1169 contrarias,
2633 1123 2754 1161 eum
2809 1116 2865 1162 et
2910 1108 3208 1178 Apostolus
3265 1111 3438 1165 dicit:
3507 1111 3670 1166 Totus

2088 1197 2315 1252 annulus
2349 1201 2403 1252 in
2442 1199 2674 1267 maligno
2725 1200 2928 1267 positus
2971 1210 3048 1254 est
3077 1203 3098 1230 ⁶
3127 1219 3140 1255 :
3172 1211 3222 1254 el
3246 1202 3373 1255 alibi
3405 1203 3669 1271 scriptum

2089 1290 2162 1343 sit
2198 1309 2211 1344 :
2251 1289 2316 1343 In
2370 1293 2565 1342 mundo
2589 1289 2837 1344 Salvator
2878 1301 3014 1345 erat.
3051 1291 3266 1348 Fierine
3296 1302 3477 1362 potest
3510 1295 3672 1349 ambo

2088 1387 2146 1432 ut
2171 1381 2280 1433 illic
2311 1380 2476 1434 simul
2512 1380 2828 1434 resideant?
2856 1381 2994 1434 Nam
3019 1384 3065 1438 si
3095 1383 3323 1438 mundus
3354 1387 3406 1438 in
3436 1388 3672 1457 maligna

2089 1479 2228 1522 totus
2267 1481 2343 1523 est
2365 1471 2590 1539 positus,
2619 1472 2744 1539 quis
2775 1473 2832 1526 in
2855 1489 2922 1526 eo
2953 1472 3222 1528 Salvatori
3257 1475 3408 1530 locus
3437 1478 3579 1540 erit,
3610 1486 3670 1530 ut

2085 1561 2245 1631 681
2282 1562 2336 1614 in
2382 1562 2588 1615 mundo
2633 1577 2756 1616 esse
2785 1563 3041 1618 dicatur?
3087 1563 3325 1620 Rursum
3376 1568 3420 1622 si
3454 1583 3575 1637 quia:
3613 1569 3668 1623 in

2089 1652 2294 1706 mundo
2332 1659 2461 1706 sunt
2488 1652 2555 1706 ad
2595 1650 2719 1705 Filii
2764 1651 2854 1708 Dei
2885 1656 3156 1722 peculium
3199 1658 3505 1725 pertinent,
3545 1660 3669 1728 quis

2090 1743 2180 1797 ille
2219 1744 2473 1814 princeps
2499 1743 2590 1799 Dei
2623 1747 2787 1800 rebus
2813 1747 3164 1801 dominatur?
3193 1748 3348 1815 Quod
3377 1751 3422 1804 si
3455 1755 3670 1821 propria

402 1861 562 1915 σμου,
598 1847 752 1907 ποῖος
794 1844 977 1915 ἅρχων
1008 1843 1251 1914 κυριεύει
1283 1842 1392 1895 τῶν
1420 1840 1513 1894 τοῦ
1539 1839 1675 1894 Θεοῦ
1710 1839 1855 1892 ἰδίων
1880 1855 1894 1902 ;
1923 1839 1984 1890 Εἰ

2094 1833 2210 1888 Filii
2237 1835 2328 1890 Dei
2378 1837 2468 1889 illa
2508 1837 2624 1907 ipsa
2664 1853 2773 1892 non
2815 1848 2966 1901 sunt,
2999 1842 3249 1909 quisnam
3297 1816 3484 1897 mundi
3518 1816 3672 1913 prin-

399 1937 458 1990 δὲ
487 1938 586 1990 οὐκ
619 1936 767 1989 ἔστιν
795 1935 902 1987 ῐδια
927 1935 1018 1987 τοῦ
1045 1935 1176 1988 Υἱοῦ
1207 1933 1300 1988 τοῦ
1325 1933 1460 1987 Θεοῦ
1485 1933 1554 1986 τὰ
1577 1934 1634 1984 ὲν
1657 1931 1735 2002 τῷ
1767 1931 1984 2000 κόσμῳ,

400 2030 554 2092 ποῖος
591 2029 775 2099 ἄρχων
817 2027 912 2081 τοῦ
957 2027 1163 2096 κόσμου
1219 2025 1514 2097 συνεχώρει
1560 2023 1670 2077 ἴδια
1710 2019 1848 2076 εἶναι
1893 2019 1986 2074 τοῦ

398 2120 655 2192 Σωτῆρος
685 2119 755 2174 τὰ
777 2121 835 2172 ὲν
861 2118 939 2190 τῷ
970 2119 1196 2188 κόσμῳ;
1223 2117 1336 2170 Kal.
1364 2119 1414 2168 εἰ
1443 2114 1538 2168 τοῦ
1567 2114 1698 2168 Υἱοῦ
1729 2112 1824 2166 τοῦ
1853 2111 1986 2164 Θεοῦ

400 2211 659 2280 τυγχάνει
692 2213 721 2263 ό
754 2210 978 2278 κόσμος,
1011 2209 1130 2271 πῶς
1157 2208 1451 2278 συνεχώρει
1490 2207 1711 2277 ἄρχοντι
1736 2205 1828 2258 τὸν
1861 2203 1990 2255 ἴδιον

401 2301 609 2370 κόσμον
637 2301 891 2369 κατέχειν
918 2317 932 2366 ;
964 2299 1086 2351 Εἰσὶ
1113 2297 1170 2350 δὲ
1213 2298 1414 2360 πάντες
1457 2298 1505 2350 οἱ
1543 2296 1690 2362 λόγοι
1729 2294 1830 2363 τῆς
1857 2293 1991 2363 ἀλη-

403 2393 594 2455 θείας²
644 2392 867 2462 Γραφῆς
899 2392 955 2443 ἐν
985 2389 1147 2460 σοφίᾳ.
1188 2388 1505 2459 εἰρημένοι,
1554 2384 1734 2442 καθὼς
1768 2384 1930 2446 αὐτὸς
1961 2385 1990 2436 ό

403 2485 611 2556 Κύριος
648 2483 816 2551 λέγει’
845 2478 1074 2537 τΗλθεν
1118 2480 1391 2546 Ἰωάννης
1419 2479 1490 2530 ἐν
1525 2476 1642 2542 ὁδῷ
1682 2475 1990 2528 δικαιοσύ-

400 2591 519 2639 νης
547 2573 636 2643 μὴ
669 2573 910 2638 ἐσθίων,
941 2571 1096 2641 μήτε
1143 2571 1356 2634 πίνων,
1398 2569 1495 2623 καὶ
1538 2568 1826 2637 λέγουσιν
1862 2569 1992 2618 Δαι-

397 2667 618 2735 μόνιον
643 2668 790 2734 ἔχει.
821 2663 1040 2720 Ἦλθεν
1066 2666 1098 2716 ό
1128 2663 1261 2728 Υἱὸς
1309 2661 1415 2716 τοῦ
1438 2659 1754 2726 ἀνθρώπου
1773 2658 1992 2711 ἐσθίων

404 2757 508 2810 καί
540 2758 752 2819 πίνων,
781 2753 878 2808 καὶ
904 2754 1220 2822 λέγουσιν·
1266 2749 1420 2804 Ἰδοὺ
1459 2747 1772 2814 ἄνθρωπος
1802 2743 1992 2813 φάγος

405 2849 508 2902 και
558 2848 899 2913 οἰνοπότης,
935 2846 1114 2913 φίλος
1147 2837 1424 2896 τελωνῶν
1454 2839 1552 2892 καὶ
1587 2834 1951 2905 ἁμαρτωλῶν
1975 2850 1988 2863 ·

405 2939 508 2991 καὶ
557 2937 872 3003 ἐδικαιώθη
916 2937 954 3002 ἡ
991 2933 1179 3002 σοφία
1215 2931 1334 2986 ἀπὸ
1366 2930 1485 2983 τῶν
1531 2928 1759 2982 τέκνων
1782 2923 1989 2992 αὐτῆς.

407 3030 535 3093 Πῶς
556 3030 612 3082 δὲ
633 3031 672 3098 ἡ
695 3029 882 3096 σοφία
900 3025 1211 3094 ἐδικαιώθη
1239 3024 1356 3079 ἀπὸ
1376 3022 1495 3076 τῶν
1514 3021 1742 3076 τέκνων
1765 3019 1990 3087 αὑτῆς;

406 3120 546 3173 ἀλλὰ
571 3117 680 3172 τῶν
705 3118 991 3170 συνιόντων
1018 3114 1088 3167 τὰ
1115 3114 1215 3183 τῆς
1250 3114 1439 3182 σοφίας
1470 3113 1712 3184 ῥήματα,
1747 3111 1822 3174 ώς
1846 3109 1993 3178 λέγει

407 3213 507 3266 καὶ
561 3214 619 3265 ὲν
660 3210 740 3281 τῷ
783 3211 1037 3280 προφήτῃ
1060 3223 1074 3235 '
1131 3211 1228 3272 Τίς
1280 3205 1537 3269 συνετὸς
1578 3203 1678 3257 καὶ
1731 3202 1993 3268 συνήσει

407 3305 600 3360 ταῦτα
623 3321 636 3334 ·
667 3304 756 3357 ὅτι
794 3301 1014 3356 εὐθεῖαι
1060 3301 1120 3352 ai
1166 3297 1294 3352 ὁδοὶ
1340 3298 1584 3365 Κυρίου,
1623 3295 1778 3349 καὶὸ
1815 3295 1996 3363 λόγος

407 3397 634 3466 σοφίας
656 3415 670 3428 ο
703 3393 800 3448 καὶ
823 3392 1114 3465 γνώσεται
1142 3391 1352 3454 causa;
1378 3388 1641 3454 Ἀσεϐεῖς
1660 3385 1728 3440 δὲ
1748 3384 1999 3452 ἀσθενή-

408 3503 638 3542 συυσιν
669 3487 739 3539 ἐν
779 3483 1008 3550 αὑταῖς.

482 3578 600 3630 ΞΖ’.
642 3575 939 3644 Ἦσθένησε
969 3574 1079 3644 γὰρ
1101 3572 1197 3625 καὶ
1226 3569 1494 3641 ἠσέϐησεν
1513 3569 1588 3632 ὼς
1607 3568 1824 3638 ἀληθῶς
1857 3567 1996 3638 μετὰ

408 3670 519 3722 τῶν
547 3666 756 3722 ἀσεϐῶν
799 3668 856 3719 ὲν
887 3669 1001 3729 τοῖς
1047 3664 1213 3727 θείοις
1256 3663 1352 3716 καὶ
1397 3660 1746 3731 ἐπουρανίοις
1794 3660 1992 3728 λόγοις.

423 3760 484 3810 Ὀ
509 3758 701 3828 Σωτὴρ
740 3755 849 3827 γὰρ
895 3755 1047 3823 ἔλεγε
1090 3752 1197 3823 πρὸ
1231 3749 1459 3823 μικροῦ*
1521 3748 1846 3816 Ἐθεώρουν
1890 3747 1998 3800 τὸν

410 3843 692 3898 Σατανᾶν
720 3844 800 3908 ὡς
829 3840 1151 3910 ἀστραπὴν
1180 3841 1448 3892 πεσόντα
1480 3838 1549 3891 ἐκ
1577 3836 1684 3891 τοῦ
1713 3836 1992 3904 ο-ὺρανοῦο

411 3939 509 3990 καί
537 3931 642 3989 ὧδε
666 3935 827 3988 πάλιν
845 3951 859 3965 ·
899 3935 961 3988 '0
994 3932 1196 4002 ἄρχων
1214 3931 1321 3985 τοῦ
1345 3930 1577 3998 κόσμου
1596 3930 1816 3982 τούτου
1836 3928 1996 3993 βλη-

409 4029 663 4095 θήσεται
700 4026 874 4080 κὰτω.
917 4026 1029 4080 Kal.
1056 4027 1105 4077 ει
1139 4023 1268 4094 περὶ
1301 4019 1395 4074 τοῦ
1439 4021 1657 4074 Σατανᾶ
1685 4015 1753 4089 ἦν
1783 4020 1811 4070 ὁ
1843 4017 1999 4085 λόγος

407 4119 509 4172 τοῦ
538 4119 638 4190 ἤδη
687 4118 1037 4180 πεπτωκότος
1056 4158 1071 4181 ,
1110 4114 1194 4179 τίς
1219 4111 1286 4185 ἦν
1318 4113 1480 4184 χρεία
1511 4111 1672 4165 πάλιν
1706 4110 1998 4181 βάλλεσθαι

411 4210 602 4274 κάτως
662 4207 824 4261 Ἀλλὰ
872 4208 1091 4270 πάντως
1136 4207 1283 4276 ἐρεῖς
1326 4207 1406 4266 εἰς
1438 4204 1537 4273 τὴν
1584 4202 1839 4255 ἄϐυσσον.
1888 4197 1997 4252 [Ιοῦ

409 4298 509 4357 οὖν
539 4300 764 4370 ἔμελλεν
795 4297 1060 4368 ὑψοῦσθαι
1084 4300 1112 4350 ὁ
1145 4296 1380 4367 Κύριος;
1414 4295 1476 4346 Ei
1510 4294 1607 4363 μὲν
1631 4291 1742 4362 γὰρ
1770 4291 1878 4345 ἀπὸ
1900 4289 2000 4358 τῆς

410 4395 655 4450 ἀϐύσσου
683 4392 905 4462 ἔμελλεν
941 4389 1204 4460 ὑψοῦσθαι
1227 4429 1241 4452 ,
1265 4391 1327 4440 τὸ
1349 4388 1532 4456 ὅμοιον
1554 4384 1632 4454 τῷ
1664 4384 1834 4455 ὁμοίῳ
1857 4398 2000 4452 παρ-

409 4486 798 4555 εκτεινόμενον
845 4483 916 4536 τὰ
963 4481 1222 4553 ίσόρροπα
1258 4479 1356 4547 τῆς
1398 4478 1650 4548 φράσεως
1693 4475 2000 4544 ἀπεργάζε-

2090 1940 2219 1996 ceps
2242 1941 2304 1980 ea
2327 1942 2450 1996 qua:
2475 1929 2529 1981 iu
2557 1930 2762 1983 mundo
2783 1943 2933 1993 sunt,
2977 1935 3194 2001 propria
3226 1931 3527 1989 Salvatoris
3549 1951 3673 1991 esse

2091 2019 2362 2086 patiatur?
2405 2017 2607 2073 Contra
2661 2037 2810 2084 vero,
2848 2023 2894 2076 si
2933 2023 3168 2076 mundus
3214 2024 3281 2077 ad
3329 2023 3526 2079 Filium
3577 2026 3672 2081 Dei

2091 2110 2358 2178 pertinet,
2393 2127 2493 2166 cur
2517 2112 2586 2165 ab
2621 2113 2714 2166 illo
2739 2114 2990 2184 principe
3019 2116 3281 2169 mundum
3316 2133 3474 2171 suum
3507 2134 3670 2173 usur-

2092 2203 2208 2272 pari
2240 2204 2526 2272 permisit?
2568 2203 2858 2260 Enimvero
2890 2222 3165 2275 expressae.
3196 2223 3385 2264 omnes
3425 2211 3477 2264 in
3519 2211 3669 2264 Scri-

2090 2303 2248 2363 ptura
2272 2295 2521 2351 veritatis
2539 2312 2699 2352 voces
2732 2313 2943 2353 summa
2977 2315 3100 2352 cum
3135 2301 3398 2368 sapientia
3427 2317 3674 2371 pronun-

2091 2386 2237 2439 tiata:
2292 2395 2453 2450 sunt,
2505 2402 2614 2456 quo
2673 2388 2805 2442 illud
2871 2389 3085 2444 Domini
3169 2393 3456 2460 pertinet:
3527 2393 3672 2448 Venit

2090 2477 2324 2532 Joannes
2358 2481 2589 2547 justitiaz
2627 2482 2765 2534 viam
2801 2491 2978 2536 tenens
3004 2471 3025 2547 ,’
3054 2499 3156 2536 non
3211 2485 3535 2540 manducans
3584 2504 3674 2541 ne-

2091 2587 2188 2639 que
2235 2571 2437 2635 bibens,
2507 2585 2556 2626 et
2613 2573 2845 2627 dicunt:
2901 2574 3236 2628 Da'monium
3291 2576 3464 2631 habet.
3529 2577 3675 2633 Venit

2099 2659 2270 2715 Filius
2295 2663 2522 2718 hominis
2554 2666 2878 2718 manducans
2908 2675 2956 2719 et
2987 2665 3185 2729 bibens,
3209 2677 3258 2721 et
3280 2667 3458 2721 dicunt
3490 2685 3508 2722 :
3539 2668 3677 2724 Ecce

2097 2755 2252 2809 homo
2295 2772 2480 2817 vorax,
2517 2765 2566 2810 et
2600 2758 2703 2810 uini
2744 2769 2975 2826 potator,
3016 2760 3218 2812 amicus
3274 2760 3675 2827 publicanorum

2092 2854 2142 2898 et
2189 2855 2557 2914 peccatorum;
2599 2856 2650 2900 et
2691 2849 2993 2916 justiﬁcata
3042 2859 3118 2902 est
3169 2851 3430 2917 sapientia
3465 2870 3496 2904 a
3541 2853 3675 2920 [iliis

2097 2940 2215 2992 suis
2243 2939 2286 2990 ".
2312 2938 2599 3004 Quomodo
2624 2940 2755 2992 illud
2796 2941 3202 3006 intelligendum
3231 2950 3334 3006 est,
3365 2945 3678 3010 sapientiam

2096 3050 2126 3082 a
2167 3031 2299 3099 [iliis
2340 3047 2458 3084 esse
2477 3031 2854 3099 justi/iculum,
2903 3032 3004 3083 nisi
3039 3031 3107 3085 ab
3146 3031 3233 3086 his
3267 3035 3363 3102 qui
3401 3037 3679 3104 sapientia

2097 3135 2260 3173 voces
2297 3119 2640 3188 intelligunt?
2683 3117 2836 3173 Unde
2867 3127 2921 3172 et
2961 3121 3101 3189 apud
3133 3124 3448 3192 prophetam
3485 3126 3619 3180 dicit
3660 3145 3674 3180 :

2099 3209 2232 3276 Quis
2263 3211 2495 3277 sapiens,
2533 3221 2583 3262 et
2636 3210 2891 3277 intelliget
2914 3210 3056 3265 haec:
3085 3217 3334 3280 quoniam
3383 3227 3538 3270 recta:
3584 3218 3680 3271 vita

2097 3299 2338 3363 Domini,
2400 3309 2449 3352 et
2505 3316 2674 3353 sermo
2738 3302 3057 3367 sapitntiae:
3108 3314 3158 3355 et
3211 3320 3480 3374 cognoscet
3531 3308 3680 3364 hac?

2096 3389 2258 3458 Impii
2286 3407 2404 3444 vero
2441 3393 2860 3461 inﬁrmabuntur
2885 3391 2941 3448 in
2974 3397 3080 3450 illis
3107 3397 3150 3452 ³.

2168 3567 2376 3623 LXVII.
2419 3566 2586 3622 Plane
2615 3569 2760 3622 enim
2792 3585 2915 3623 cum
2946 3570 3126 3641 impiis
3148 3573 3202 3626 in
3226 3573 3427 3629 divinis
3454 3590 3518 3630 ac
3557 3591 3676 3632 ca:-

2099 3661 2329 3715 lestibus
2373 3661 2614 3715 oraculis
2660 3660 2956 3714 imbecillis
2995 3671 3160 3731 atque
3202 3665 3402 3734 impius
3436 3667 3680 3722 redditus

2096 3769 2218 3807 esse
2245 3763 2600 3806 memoratur.
2637 3750 2770 3804 Nam
2811 3751 3064 3807 Salvator
3092 3755 3254 3824 paulo
3279 3767 3407 3811 ante
3425 3757 3635 3814 dixerat
3661 3779 3674 3814 :

2113 3845 2360 3898 Videbam
2391 3843 2652 3898 Satanam
2683 3847 2838 3916 quasi
2864 3845 3046 3916 fulgur
3077 3845 3142 3900 de
3169 3848 3297 3902 calo
3327 3849 3599 3904 cadentem
3633 3853 3675 3906 ’.

2100 3935 2212 3989 lloc
2270 3950 2400 3989 vero
2453 3937 2615 3990 loco:
2681 3935 2934 4004 Princeps
2994 3940 3178 3990 mundi
3233 3939 3390 4007 hujus
3437 3941 3680 4009 ejicietur

2099 4027 2246 4095 [oras
2291 4027 2355 4079 ¹⁰.
2405 4025 2561 4092 Quod
2593 4027 2640 4083 si
2683 4028 2750 4082 de
2787 4029 2987 4080 Satana
3022 4029 3134 4097 jam
3166 4030 3316 4099 lapso
3345 4031 3678 4101 loqueretur,

2097 4118 2225 4186 quid
2262 4117 2412 4172 illum
2438 4120 2612 4172 denuo
2634 4119 2961 4188 prtecipitari
2993 4121 3220 4175 attinet?
3260 4121 3401 4192 Ergo
3433 4125 3488 4177 in
3512 4123 3678 4195 abys-

2100 4225 2218 4264 sum
2267 4209 2633 4277 dejiciendum
2681 4210 2852 4264 fuisse
2879 4209 3104 4266 dixeris.
3147 4211 3412 4268 Caeterum
3456 4217 3678 4272 ubinam

2099 4300 2424 4354 exaltaudus
2457 4310 2575 4354 erat
2609 4299 2911 4354 Dominus?
2940 4300 2994 4354 Si
3035 4320 3099 4357 ex
3135 4304 3331 4374 abysso
3358 4307 3412 4359 in
3443 4307 3682 4363 sublime

2102 4393 2204 4445 fuit
2227 4392 2580 4454 attollendus.
2606 4393 2804 4449 similis
2829 4395 2982 4450 locus
3003 4411 3125 4449 cum
3144 4398 3308 4451 simili
3330 4408 3682 4468 comparatus

2100 4483 2346 4538 eamdem
2378 4485 2664 4539 sententiae
2691 4486 2796 4536 vim
2825 4485 3009 4540 elﬁcit.
3044 4484 3398 4551 Quandonam
3429 4492 3572 4544 enim
3594 4500 3680 4544 est

414 4593 534 4629 ται.
578 4575 716 4628 Πότε
738 4573 796 4626 δὲ
835 4573 894 4624 ἐν
928 4573 994 4642 τῇ
1033 4573 1104 4640 γῇ
1139 4568 1361 4639 aeson;
1397 4568 1591 4635 Ἔλεγε
1616 4565 1726 4637 γὰρ
1750 4563 1991 4636 περὶτοῦ

2100 4574 2370 4628 exaltatus
2417 4575 2472 4628 in
2515 4577 2700 4630 terra?
2755 4575 2938 4640 Quare
2985 4591 3052 4631 ae
3095 4579 3276 4632 erucis
3325 4582 3678 4642 exaltatione,

418 4664 715 4735 ὑψώματος
753 4663 849 4717 τοῦ
893 4660 1160 4732 σταυροῦ,
1207 4661 1302 4714 καὶ
1343 4661 1472 4732 περὶ
1514 4658 1608 4712 τοῦ
1644 4660 1724 4722 εἰς
1765 4657 1992 4728 οὐρανὸν

409 4759 644 4818 ἀνιέναι,
671 4757 759 4808 ἵνα
789 4755 995 4818 πάντας
1023 4751 1294 4823 ἁνελκύσῃ
1325 4752 1462 4822 πρὸς
1487 4749 1697 4803 ἑαυτόν.
1740 4749 1851 4801 Καὶ
1889 4749 1992 4801 τίνι

410 4849 558 4917 λόγῳ
580 4848 690 4901 ἄνω
714 4846 996 4915 τυγχάνων
1020 4845 1080 4897 οὐ
1105 4842 1481 4904 καθείλκυσεν,
1513 4840 1626 4894 ἀλλ’
1654 4840 1747 4892 ἐπὶ
1771 4840 1870 4909 τῆς
1890 4839 1994 4909 γῆς

409 4938 704 5010 ἑλήλυθενς
731 4937 880 4990 Ἔδει
915 4936 1024 5007 γὰρ
1066 4934 1229 4988 αὐτὸν
1257 4933 1454 4999 ἐλθεῖν,
1487 4932 1582 4984 καὶ
1611 4931 1672 4983 τὸ
1709 4927 1848 4994 εἶδος
1887 4929 1994 4982 τῶν

407 5030 715 5102 ἀνθρώπων
753 5031 833 5091 εἰς
867 5026 1058 5080 ἑαυτὸν
1092 5022 1448 5090 ἀναδέξασθαι
1485 5022 1574 5076 ἵνα
1615 5021 1825 5093 πρῶτον
1865 5017 1996 5072 αὐτὸ

407 5124 474 5175 τὸ
496 5122 689 5183 σκεῦος
724 5121 787 5173 τὸ
825 5119 1006 5187 ἅγιον,
1035 5117 1063 5170 ὃ
1090 5115 1199 5170 ἀπὸ
1224 5113 1443 5185 Μαρίας
1473 5112 1719 5182 εἴληφεν,
1751 5110 1996 5164 ἀναπλά-

413 5231 516 5276 σας
552 5211 729 5283 ἑαυτῷ
776 5211 930 5278 ἅγιον
967 5209 1127 5279 σῶμα
1150 5246 1166 5271 ,
1204 5206 1336 5269 Θεὸς
1377 5203 1584 5260 ἄνωθεν
1618 5203 1790 5271 Λόγος
1823 5199 1995 5253 ἐλθὼν

411 5309 478 5358 ἐκ
500 5303 718 5358 κόλπων
753 5299 1041 5371 πατρῴων,
1061 5299 1152 5353 ἵνα
1173 5300 1232 5350 ὲν
1255 5296 1334 5367 τῷ
1361 5296 1476 5366 ἰδίῳ
1513 5293 1725 5366 σώματι
1755 5292 1993 5365 [ὑψῶσαι

412 5401 472 5450 ὲν
506 5394 679 5465 αὑτῷι
702 5393 936 5463 ὑψωθεὶς
969 5391 1096 5455 τοὺς
1126 5389 1344 5461 ὁμοίους
1376 5386 1579 5456 ἐλκύσῃ
1615 5385 1750 5458 πρὸς
1779 5385 1990 5438 ἔαυτόν.

411 5489 510 5553 Τίς
550 5489 608 5542 δέ
643 5490 789 5541 ἐστιν
825 5487 854 5539 ὁ
881 5485 1065 5558 ἄρχων
1096 5481 1190 5536 τοῦ
1226 5481 1431 5552 κόσμου
1463 5478 1650 5532 τούτου
1677 5493 1691 5542 ;
1734 5476 1894 5530 Ἀλλὰ
1922 5477 1997 5540 ώς

492 5672 508 5703 ¹
547 5671 668 5725 Cor.
701 5669 886 5741 ᾅρχον,
922 5668 1003 5741 vel
1024 5664 1292 5741 ⁸τὶινρρχ.
1411 5664 1431 5694 ³
1456 5659 1531 5741 1³..
1545 5659 1726 5741 {557595-

1803 5658 1892 5711 ³11
1926 5659 2051 5715 Cor.
2079 5677 2151 5722 Iv,
2177 5661 2230 5714 Δ.

414 5744 584 5810 1,19.
660 5730 957 5806 «155nm,
980 5739 1068 5792 42.
1147 5736 1168 5767 ⁸
1194 5730 1386 5788 Malm.
1410 5732 1600 5798 ΧΙ,18,
1630 5731 1714 5784 19.
1790 5730 1810 5764 ’
1839 5730 1964 5786 Ose.
2001 5746 2110 5794 xxv,
2138 5734 2222 5785 10.

2099 4665 2272 4734 deque
2305 4680 2402 4719 sua
2460 4667 2512 4719 in
2553 4668 2755 4723 ccelum
2790 4670 3187 4724 conscensione
3232 4670 3576 4739 loquebatur,
3620 4682 3679 4727 ut

2101 4757 2169 4810 ad
2224 4773 2283 4812 se
2335 4758 2514 4827 ipsum
2567 4773 2758 4814 omnes
2809 4762 3126 4816 attraheret.
3174 4760 3432 4826 Quaenam
3483 4763 3680 4819 deinde

2100 4848 2241 4901 ratio
2275 4855 2393 4909 est,
2422 4864 2524 4904 cur
2555 4865 2663 4904 non
2699 4851 2753 4904 in
2793 4854 2932 4906 coelo
2977 4867 3200 4906 inanens
3241 4853 3365 4907 inde
3393 4856 3685 4922 pertraxit,-

2101 4939 2194 4991 sed
2224 4937 2292 4991 ad
2323 4946 2527 4992 terram
2555 4955 2729 5008 usque
2758 4939 3073 4994 descendit?
3095 4939 3392 5009 Oportebat
3418 4945 3676 4996 nimirum

2103 5030 2288 5084 venire
2315 5029 2516 5098 ipsum,
2549 5038 2712 5100 atque
2752 5031 2990 5088 hominis
3021 5032 3246 5102 ﬁguram
3283 5034 3584 5103 suscipere,
3621 5045 3680 5086 ut

2100 5121 2152 5174 in
2176 5123 2370 5191 primis
2397 5137 2491 5178 vas
2514 5123 2645 5177 illud
2683 5132 2958 5188 sanctum,
2985 5135 3130 5193 quod
3159 5125 3227 5180 de
3260 5124 3431 5189 Maria
3456 5125 3683 5197 Virgine

2098 5214 2366 5282 sumpsit,
2414 5224 2663 5268 sanctum
2699 5215 2952 5270 videlicet
2995 5217 3100 5271 sibi
3143 5232 3343 5286 corpus
3381 5219 3678 5288 eﬂingeus,

2097 5319 2162 5357 ac
2209 5302 2354 5358 Deus
2385 5304 2622 5360 Verbqu
2658 5322 2688 5360 e
2720 5307 2894 5371 coelo,
2940 5307 3116 5376 deque
3147 5318 3374 5378 paterno
3421 5310 3546 5364 sinu
3585 5309 3680 5362 do-

2101 5394 2402 5459 scendens,
2444 5411 2604 5450 suum
2663 5397 2791 5452 illud
2843 5413 3042 5467 corpus
3072 5400 3380 5463 attolleret,
3423 5409 3537 5454 tum
3582 5401 3678 5454 ubi

2104 5490 2250 5535 esset
2283 5481 2399 5552 ipse
2432 5483 2702 5550 sublatus,
2737 5485 2821 5540 sui
2853 5485 2920 5539 ad
2960 5500 3081 5541 sese
3107 5486 3314 5542 similes
3358 5487 3676 5542 attraheret.

2343 5663 2360 5692 ⁵
2393 5661 2552 5718 Joan.
2583 5681 2681 5728 xu,
2712 5665 2805 5720 3‘2.
2910 5665 2928 5697 '
2961 5662 3121 5719 Joau.
3153 5683 3190 5728 I,
3227 5666 3312 5722 11.
3423 5674 3450 5697 ⁸
3479 5664 3675 5722 tJoan.

2910 5665 2928 5697 '
2961 5662 3121 5719 Joau.
3153 5683 3190 5733 I,
3227 5666 3312 5722 Η.

2303 5737 2343 5764 ¹⁵
2371 5733 2499 5788 Luc.
2530 5752 2585 5796 οι.
2620 5739 2704 5788 is.
