4076 6392
400 296 508 352 153
559 302 561 304 ’

1811 297 1868 350 5.
1913 293 2256 350 EPIPHANII

3569 298 3670 350 156

401 407 508 464 Sed
539 409 794 480 quisnam
825 413 912 462 est
939 407 1106 478 hujus
1159 409 1249 463 ille
1283 409 1470 464 mundi
1522 410 1778 480 princeps
1813 411 1866 462 "l
1921 409 1976 464 In

2099 410 2252 478 ιέγει,
2295 409 2422 478 Πᾶς
2455 415 2488 466 o'
2536 415 2766 483 κόσμος
2811 412 2880 466 ἐν
2913 410 2994 477 τῷ
3031 409 3271 480 πονηρῷ
3318 409 3504 464 κεῖται
3527 451 3541 475 ,
3571 411 3673 464 οὑκ

403 501 594 573 primis
635 513 759 554 cum
797 500 914 554 ait:
956 497 1118 554 Talus
1151 499 1378 554 mundus
1417 501 1471 553 in
1516 499 1748 570 maligno
1775 501 1982 570 positus

398 603 476 648 est
505 595 548 652 ¹.
581 607 690 648 non
723 593 922 648 omium
947 633 963 660 ,
992 609 1100 648 non
1134 603 1360 656 terram,
1401 609 1508 648 non
1537 594 1708 648 solem
1733 637 1746 656 ,
1779 603 1873 648 aut
1901 595 1986 648 lu-

399 703 528 743 nam
560 687 850 758 intelligit,
893 703 1001 742 non
1044 688 1244 756 stirpes
1271 725 1285 749 ,
1317 687 1484 760 682
1521 705 1699 754 mare,
1733 697 1984 752 montes,

399 794 618 847 aerem,
660 779 874 844 nubes,
918 787 1148 842 ventos,
1201 777 1421 842 sidera,
1467 779 1749 844 volucres,
1802 796 1986 836 rerum

403 873 642 942 denique
691 871 1036 936 conditarum
1071 872 1315 938 nullam;
1372 871 1466 926 sed
1511 873 1987 934 hominummun-

399 961 504 1016 dus
539 961 797 1032 superbia
829 961 1030 1016 mentis
1061 971 1167 1026 est,
1199 971 1252 1016 et
1289 963 1466 1018 fastus
1491 963 1754 1028 audaciae,
1785 973 1840 1019 et
1861 965 1988 1020 elati

399 1051 568 1106 animi
601 1053 656 1106 in
691 1051 1008 1107 hominibus
1039 1053 1373 1124 arrogantia.
1407 1054 1578 1124 Igitur
1619 1055 1806 1112 mundi
1840 1058 1991 1127 prin-

397 1164 530 1219 ceps
557 1149 646 1202 ille
686 1149 945 1202 deorsum
1000 1149 1257 1220 superbia
1291 1147 1390 1204 sua
1429 1149 1648 1206 cecidit.
1698 1148 1797 1204 Vos
1830 1152 1990 1216 enim,

2088 501 2314 574 οὐρανὸν
2340 501 2534 572 λέγων,
2559 505 2621 557 οὑ
2647 503 2744 578 τὴν
2775 505 2899 576 γῆν,
2925 505 3024 576 οὑχ
3048 503 3218 576 ἥλιον,
3249 504 3308 556 οὑ
3335 503 3587 574 σελήνην,
3610 503 3671 556 οὑ

2087 595 2250 664 φυτὰ,
2285 595 2346 648 οὑ
2400 595 2699 660 θάλασσαν,
2735 599 2834 650 οὑκ
2869 599 2968 670 ὅρη
2990 642 3002 666 ,
3039 599 3138 651 οὑκ
3185 598 3357 668 ἀέρα,
3398 597 3459 650 οὑ
3500 595 3670 666 νέφη,

2085 685 2185 738 οὑκ
2212 685 2433 757 ἄνεμον,
2461 687 2561 740 οὑκ
2594 687 2788 755 ἄστρα,
2820 690 2880 742 οὑ
2904 688 3104 759 πτηνὰ,
3129 688 3280 740 οὐδέν
3314 705 3367 740 τι
3393 687 3501 739 τῶν
3534 688 3674 740 ἐκτι-

2090 777 2322 847 σμένων,
2361 779 2436 850 μὴ
2467 779 2698 847 γένοιτοί
2748 781 2887 832 Ἀλλ’
2917 781 2945 833 6
2973 780 3174 850 κόσμος
3205 779 3314 833 τῶν
3347 777 3668 851 ἀνθρώπων,

2087 869 2122 940 ἡ
2163 870 2512 940 ὑπερηφανία
2547 871 2645 942 τῆς
2679 873 2908 936 ἐννοίας,
2943 873 3004 926 τὸ
3035 871 3235 944 θράσος
3281 871 3373 926 τοῦ
3404 871 3606 942 τύφου,
3638 873 3672 942 ἡ

2089 961 2378 1026 ἀλαζονεία.
2420 963 2521 1034 τῆς
2567 963 2675 1016 τῶν
2725 964 3029 1035 ἀνθρώπων
3080 965 3411 1036 ὲπάρσεως,
3457 957 3614 1026 οὗτος
3647 964 3676 1014 6

2089 1054 2273 1124 ἄρχων
2302 1053 2397 1108 τοῦ
2428 1056 2635 1126 κόσμου
2658 1055 2848 1109 τούτου
2874 1056 3100 1123 ἐξέπεσε
3126 1055 3277 1110 κάτω
3301 1053 3670 1128 ὑπερηφανίᾳ.

2103 1147 2288 1216 Ὑμεῖς
2316 1147 2426 1218 γὰρ
2445 1187 2460 1210 ,
2492 1150 2626 1222 φησὶ
2646 1189 2659 1213 ,
2697 1149 2887 1214 δόξαν
2919 1150 3080 1217 παρὰ
3115 1148 3406 1214 ἀλλήλων
3447 1145 3675 1215 λαμϐά-

402 1241 609 1312 inquit,
639 1242 870 1312 gloriam
906 1243 971 1295 ab
1012 1243 1234 1298 invicem
1269 1243 1460 1311 capitis
1496 1243 1538 1296 ³.
1581 1243 1693 1314 Ego
1733 1261 1850 1298 vero
1890 1261 1992 1298 non

2099 1257 2243 1294 νετε·
2275 1241 2390 1312 ἐγὼ
2419 1241 2487 1294 δὲ
2526 1244 2598 1296 οὐ
2643 1241 2790 1312 ζητῶ
2829 1241 2944 1310 τὴν
2981 1239 3246 1312 ἐμαυτοῦ
3299 1239 3506 1302 δόξαν.
3553 1236 3676 1298 Πῶς

401 1353 581 1406 ιιαωνο
626 1337 853 1406 gloriam
904 1353 1075 1398 meam
1101 1337 1144 1390 ⁴.
1199 1339 1396 1398 Annon
1447 1339 1704 1408 superbia
1747 1338 1995 1392 excidit?

2099 1336 2201 1408 γὰρ
2235 1336 2334 1390 οὑκ
2382 1335 2576 1388 ἔπεσεν
2613 1337 2646 1406 ή
2676 1335 3059 1406 ὑπερηφανία;
3097 1334 3214 1396 πῶς
3259 1334 3360 1386 οὑκ
3395 1327 3676 1402 ἐθραὺσθη

413 1428 533 1490 Non
573 1431 827 1502 princeps
858 1431 1046 1486 mundi
1077 1431 1396 1486 confractus
1426 1440 1546 1494 εει,
1583 1447 1708 1487 cum
1737 1441 1791 1486 et
1823 1431 1996 1486 IIero-

2099 1433 2121 1485 δ
2159 1433 2344 1504 ἄρχων
2372 1431 2465 1484 τοῦ
2497 1432 2726 1502 κόσμου,
2768 1430 3012 1502 Ἡρώδου
3046 1429 3142 1500 μὲν
3171 1428 3530 1498 φυλάττοντος
3585 1424 3680 1478 καὶ

403 1521 502 1577 des
535 1529 876 1576 mortuorum
927 1538 994 1576 ac
1021 1523 1270 1578 vivorum
1303 1521 1550 1591 judicem
1593 1521 1996 1592 Dominumque

2099 1523 2375 1596 κρίνοντος
2405 1523 2497 1576 τὸν
2529 1522 2721 1594 κριτὴν
2751 1520 2969 1586 ζώντων
3023 1521 3118 1574 καί¹
3159 1518 3368 1590 νεκρῶν
3427 1519 3520 1570 καὶ
3569 1517 3680 1568 Κύ-

399 1615 706 1670 custodiret
773 1631 838 1670 ac
879 1614 1087 1686 judicio
1135 1615 1461 1688 subjiceret,
1504 1631 1626 1672 cum
1681 1617 1996 1684 praesideret

2100 1631 2233 1686 ριον,
2280 1614 2515 1668 Πιλάτου
2562 1614 2618 1666 δὲ
2655 1612 3131 1685 προκαθεζομένου
3159 1651 3171 1674 ,
3207 1609 3482 1681 ὑπηρέτου
3515 1608 3678 1680 ῥαπί-

401 1708 634 1772 Pilatus,
665 1724 790 1764 cum
819 1708 1038 1764 satelles
1065 1707 1262 1762 malam
1305 1707 1564 1774 caederet,
1598 1705 1769 1764 Judas
1798 1709 1996 1779 prode-

2099 1707 2283 1772 ζοντος
2331 1706 2428 1778 τὴν
2463 1707 2686 1775 σιαγόνα
2711 1745 2726 1768 ,
2784 1704 2954 1758 ’ἰούδα
2999 1703 3381 1774 παραδιδόντος
3405 1743 3420 1766 ,
3459 1700 3682 1766 Καῖάφα

401 1807 509 1862 ret,
552 1798 791 1868 Caiphas
834 1799 1146 1868 judicarct,
1185 1795 1362 1852 Judaei
1405 1797 1582 1866 sputis
1615 1767 1992 1867 asperéerent,

2099 1799 2446 1863 δικάζοντος,
2515 1798 2783 1852 Ἰουδαίων
2829 1796 3272 1859 καταπτυόντων,
3333 1791 3681 1864 στρατιωτῶν

403 1891 608 1948 milites
647 1891 884 1961 denique
913 1897 1080 1960 caput
1111 1890 1232 1960 ejus
1267 1889 1516 1958 colaphis
1550 1889 1869 1954 tunderem,
1901 1889 1992 1962 qui

399 1983 524 2044 solo
567 1992 706 2036 nutu
753 1983 956 2036 caelum
997 1989 1312 2052 terramque
1355 1989 1724 2052 contorquere
1771 1981 1997 2054 posset?

404 2073 530 2128 Haec
561 2073 728 2144 igitur
759 2074 1048 2146 superbia,
1083 2073 1200 2128 hate
1225 2074 1456 2128 audacia
1480 2114 1492 2137 ,
1522 2075 1636 2128 haec
1667 2073 1876 2138 mundo
1899 2075 1996 2128 ad-

399 2165 682 2222 dictorum
715 2167 998 2226 hominum
1027 2167 1232 2237 gloria,
1266 2165 1456 2222 mundi
1486 2167 1576 2220 ille
1605 2167 1861 2238 princeps
1889 2175 1995 2231 est,

2096 1891 2496 1960 κολαφιζόντων
2527 1892 2768 1964 κεφαλὴν
2804 1891 2897 1944 τοῦ
2931 1890 3229 1960 δυναμένου
3277 1886 3504 1957 νεύματι
3538 1885 3682 1954 εἰλῆ-

2097 2003 2190 2040 σαι
2222 1986 2450 2056 οὐρανὸν
2485 1987 2578 2039 καὶ⁵
2620 1985 2766 2056 γῆν;
2813 1984 2963 2056 Αὕτη
2999 1985 3032 2053 ἡ
3073 1981 3419 2054 ὑπερηφανία
3440 2019 3455 2046 ,
3493 1979 3588 2034 καὶ
3621 1976 3683 2030 ἰδ

2097 2079 2319 2151 Θράσος,
2351 2081 2446 2132 καὶ
2477 2081 2510 2152 ὴ
2535 2078 2662 2144 δόξα
2695 2079 2802 2132 τῶν
2825 2077 2923 2132 ἀνθ
2933 2076 3130 2150 ρώπων
3161 2075 3253 2130 τοῦ
3279 2075 3508 2146 κόσμου,
3531 2067 3681 2134 οὗτος

2096 2165 2163 2239 ἦν
2195 2171 2225 2222 ὁ
2263 2172 2445 2242 ἄρχων
2473 2169 2568 2222 τοῦ
2596 2169 2823 2240 κόσμου,
2847 2173 2875 2222 6
2899 2167 3082 2226 πεσὼν
3111 2166 3308 2240 χαμαί.
3341 2167 3550 2228 Πάντες
3575 2163 3683 2234 γὰρ

295 2359 304 2367 '
401 2349 610 2406 mundo
630 2348 902 2404 bonorum
928 2359 982 2404 et
1008 2349 1336 2420 dignitatum
1355 2349 1618 2420 gradibus
1642 2351 1996 2416 antecellunt,

397 2259 498 2330 qui
545 2257 601 2312 in
653 2267 858 2316 terram
907 2259 1200 2330 prolapsus
1249 2265 1354 2314 εει.
1386 2257 1604 2312 Etenim
1653 2260 1746 2330 qui
1791 2261 1846 2314 in
1892 2259 1996 2314 hoc

2099 2264 2144 2316 oi
2181 2261 2291 2316 τῶν
2333 2261 2660 2332 ἀξιωμάτων
2698 2263 2756 2314 ὲν
2795 2261 2874 2334 τῷ
2909 2261 3099 2332 κόσμῳ
3137 2259 3312 2330 τούτῳ
3346 2260 3403 2313 ὲν
3439 2259 3680 2328 ὑπεροχῇ

2099 2355 2457 2424 τυγχάνοντες
2485 2355 2585 2428 τὴν
2619 2355 2794 2426 ἀρχὴν
2819 2353 3006 2424 ἔχουσι
3032 2353 3119 2406 διὰ
3149 2353 3258 2406 τῶν
3285 2353 3680 2426 φρυαγμάτων,

401 2443 478 2496 ita
501 2442 870 2512 principatum
905 2441 1177 2509 obtinent,
1202 2452 1260 2498 ut
1285 2444 1633 2514 arrogantia,
1678 2443 1996 2510 insolentia,

2099 2447 2186 2500 διὰ
2212 2446 2308 2500 τοῦ
2345 2447 2600 2520 θράσους,
2644 2447 2740 2500 καὶ
2777 2446 2994 2509 κὺδους,
3043 2446 3139 2500 καὶ
3179 2445 3580 2518 ὑπερηφανίας,
3609 2436 3684 2496 ὧν

401 2537 574 2606 gloria
611 2536 980 2608 superbiaque
1019 2551 1144 2594 sese
1171 2536 1406 2592 nimium
1433 2537 1684 2604 elTerant,
1717 2553 1840 2608 quae
1876 2539 1996 2608 qui-

2099 2539 2248 2592 οὑδὲν
2277 2540 2335 2592 ἐν
2366 2541 2443 2610 τῷ
2469 2541 2682 2610 Σωτῆρι
2707 2537 2958 2610 εὓρηται.
2999 2539 3186 2592 Λίνον
3212 2539 3322 2608 γὰρ
3347 2538 3686 2604 τυφόμενον

399 2629 527 2684 dem
573 2643 604 2682 a
646 2627 932 2684 Salvatore
978 2636 1171 2684 nostro
1223 2629 1524 2686 abfuerunt
1559 2630 1766 2686 omnia.
1807 2630 1996 2686 Linum

2099 2635 2170 2686 οὑ
2221 2633 2460 2698 σϐέσει,
2511 2632 2610 2694 καὶ
2643 2631 2918 2701 κάλαμον
2949 2630 3394 2700 τεθραυσμέι-οον
3424 2631 3496 2684 οὐ
3549 2645 3688 2682 κατ⁸

399 2721 542 2782 enim
571 2719 839 2790 fumigans
870 2737 975 2774 non
995 2722 1314 2792 exstinguat,
1337 2732 1387 2776 et
1417 2722 1686 2778 calamum
1709 2724 1999 2786 contritum
2097 2727 2279 2792 εάξει.

403 2829 508 2872 non
533 2813 826 2882 confringet
851 2813 896 2866 ⁵.

473 2905 704 2961 LXVIII.
739 2905 868 2968 Sed,
895 2914 954 2960 ut
973 2905 1224 2960 omittam
1253 2913 1470 2972 caetera,
1495 2923 1618 2978 quas
1642 2907 1712 2964 ad
1743 2909 1886 2966 idem
1911 2923 1996 2964 ar-

2169 2911 2296 2964 EH’.
2339 2911 2449 2964 Καὶ
2475 2910 2646 2968 πολλά
2671 2911 2761 2981 μοί
2785 2912 2902 2966 ἐστι
2935 2927 2996 2962 πε
3009 2911 3061 2984 ρὶ
3092 2911 3248 2964 τοῦτο
3277 2910 3475 2978 λέγειν.
3516 2909 3682 2964 Πάλιν

401 3007 742 3080 (amentum
767 2999 947 3056 aﬂ'erri
983 3001 1122 3056 bene
1161 3001 1328 3054 multa
1375 3009 1631 3071 possunt,
1668 3000 1996 3058 Manichaeus

2100 3005 2157 3058 δέ
2187 3020 2350 3074 φησιν
2393 3005 2422 3058 ὁ
2475 3004 2637 3067 αὑτὸς
2671 3004 2884 3076 Μάνης,
2935 3005 3016 3058 ὅτι
3081 3004 3142 3058 '0
3191 3005 3356 3070 Θεὸς,
3393 3003 3546 3072 φησι,
3575 3003 3682 3056 τοῦ

405 3093 510 3146 hoc
537 3093 762 3163 insuper
791 3093 1004 3162 objicit,
1041 3093 1188 3163 quod
1217 3093 1480 3162 scriptum
1505 3106 1622 3150 est:
1667 3093 1810 3150 Deus
1839 3096 1996 3165 hujus

2103 3095 2317 3162 αἰῶνος
2356 3098 2574 3150 τούτου
2618 3097 2933 3166 ἐτύφλωσε
2973 3097 3047 3150 τὰ
3087 3096 3358 3167 νοήματα
3395 3096 3514 3150 τῶν
3547 3097 3687 3156 ἀπί-

401 3183 589 3238 sazculi
617 3185 898 3244 excwcavit
935 3195 1132 3244 mentes
1163 3185 1480 3253 inﬁdelium,
1517 3195 1704 3242 utnon
1733 3187 1996 3242 intueren-

2103 3201 2288 3248 στων,
2315 3184 2422 3238 τοῦ
2451 3184 2538 3254 μὴ
2571 3183 2947 3255 καταυπτίσαι
2978 3188 3066 3252 εἰς
3103 3187 3210 3240 τὸν
3246 3187 3554 3256 φωτισμὸν
3580 3185 3690 3240 τοῦ

404 3285 493 3330 tur
521 3275 794 3348 Evangelii
839 3278 1006 3340 lucem
1031 3279 1073 3333 ⁸.
1137 3278 1304 3347 Atqui
1335 3279 1382 3334 si
1425 3277 1569 3334 Deus
1615 3281 1804 3338 mundi
1841 3281 1996 3351 hujus

2099 3281 2488 3350 Εὑαγγελίου.
2525 3280 2590 3333 Εἰ
2628 3279 2707 3332 Evt
2743 3281 2773 3332 6
2823 3278 2956 3342 Θεὸς
2995 3278 3088 3332 τοῦ
3135 3278 3342 3348 κόσμου
3375 3277 3588 3338 τούτου,
3637 3277 3691 3329 τί

405 3367 674 3426 Dominus
703 3381 810 3437 est,
847 3371 975 3442 quid
1006 3369 1257 3430 Salvator
1289 3371 1480 3442 pedem
1516 3373 1570 3426 in
1605 3373 1844 3428 alienam
1875 3389 1996 3444 pos-

2103 3373 2210 3442 ἄρα
2237 3371 2407 3426 ἐλθὼν
2443 3373 2472 3426 6
2514 3373 2705 3445 Σωτὴρ
2741 3372 2916 3426 ἐποίει
2945 3371 3028 3434 είς
3065 3371 3136 3424 τὰ
3161 3370 3451 3440 dno-cpta;
3497 3369 3608 3424 Καὶ
3642 3372 3690 3422 εί

405 3462 707 3517 sessionem
757 3463 1062 3518 immittens
1093 3462 1369 3518 faciebat?
1418 3461 1474 3516 Si
1512 3479 1632 3518 eam
1668 3466 1841 3535 ipsam
1871 3481 1996 3519 con-

2107 3465 2207 3536 μὲν
2249 3463 2360 3517 τῶν
2401 3465 2697 3536 ἀλλοτρίων
2741 3465 2945 3533 ἐφίετο,
2983 3465 3084 3517 οὑκ
3123 3463 3240 3517 ἔστι
3269 3463 3427 3516 τοῦτο
3460 3461 3688 3531 ἀγαθοῦ,

403 3556 709 3626 cupiverat,
743 3554 967 3610 minime
993 3555 1048 3609 id
1081 3556 1226 3610 bono
1269 3556 1536 3626 justeque
1561 3560 1842 3613 convenit.
1905 3557 2005 3613 Sin

405 3647 616 3704 idcirco
648 3646 820 3712 venit,
867 3655 924 3698 ut
963 3661 1073 3701 non
1104 3646 1348 3716 propria,
1395 3647 1494 3702 sed
1523 3649 1704 3702 aliena
1735 3657 2001 3716 servaret,

402 3740 515 3812 fiam
543 3741 646 3795 hoc
666 3739 971 3796 adulatoris
997 3741 1234 3809 alicujus
1255 3741 1536 3811 proprium
1562 3751 1668 3806 est,
1697 3743 1792 3812 qui
1824 3744 2006 3797 alieno

406 3833 643 3903 principi
667 3833 920 3888 subditos
955 3832 1024 3887 ad
1056 3849 1142 3890 res
1177 3849 1348 3888 novas
1381 3834 1674 3890 ambitiose
1703 3850 2006 3905 provocare

405 3926 646 3982 studeat.
689 3927 848 3994 Quod
875 3928 922 3982 si
951 3941 1140 3981 eorum
1171 3942 1294 3998 qua:
1319 3927 1388 3983 ad
1425 3929 1610 3983 saeculi
1643 3929 1805 3998 hujus
1834 3929 2003 3985 Deum

407 4019 713 4090 pertinent,
761 4019 1158 4075 servandorum
1205 4021 1379 4090 gratia
1413 4022 1584 4084 venit,
1639 4021 1777 4078 bene
1815 4023 2006 4093 utique

403 4114 474 4168 de
517 4113 608 4166 illo
639 4113 865 4168 meritus
895 4121 998 4177 est,
1043 4113 1202 4182 cujus
1233 4113 1398 4170 rebus
1443 4115 1730 4170 servandis
1781 4131 2004 4186 operam

403 4205 738 4260 adhibuerit.
769 4205 846 4258 Ac
881 4206 928 4259 si
959 4205 1122 4274 hujus
1153 4205 1244 4260 ille
1277 4207 1468 4261 saeculi
1501 4205 1644 4262 Deus
1670 4223 1800 4262 suos
1825 4223 1854 4262 a
1885 4207 2007 4263 Sal-

405 4305 594 4352 vatore
623 4297 758 4367 eripi
805 4297 993 4351 libenti
1038 4298 1222 4352 animo
1266 4299 1494 4368 patitur,
1551 4299 1796 4368 profecto
1825 4301 2004 4357 bonus

401 4401 509 4454 εει,
551 4391 646 4460 qui
688 4393 732 4444 si
763 4405 985 4445 servare
1031 4392 1214 4446 minus
1265 4391 1381 4460 ipse
1425 4394 1623 4461 possit,
1670 4393 1739 4447 de
1773 4409 2001 4448 suorum

2103 3557 2228 3612 οὔτε
2261 3559 2472 3612 δικαίου
2497 3575 2510 3588 ·
2541 3562 2591 3612 εί
2623 3559 2682 3612 δὲ
2707 3559 2894 3612 ἕνεκεν
2927 3557 3022 3610 τοῦ
3055 3557 3228 3611 σῶσαι
3251 3552 3416 3628 ἦλθεν
3439 3557 3540 3614 οὐκ
3561 3556 3688 3620 ῐδια,

2105 3651 2222 3704 ἀλλ’
2273 3651 2554 3724 ἀλλότρια,
2607 3651 2768 3704 τοῦτο
2817 3651 2914 3704 καὶ
2974 3651 3206 3714 κόλακος
3243 3651 3503 3721 τυγχάνει
3547 3649 3690 3710 τινὸς

2107 3743 2431 3815 βουλομένου
2485 3744 2880 3815 προσεπαίρειν
2929 3745 3058 3806 τοὺς
3095 3743 3191 3796 τοῦ
3241 3743 3431 3805 πέλας.
3485 3744 3592 3798 Καὶ
3643 3746 3690 3795 εἰ

2104 3835 2242 3896 ὅλως
2269 3835 2338 3887 τὰ
2362 3833 2458 3886 τοῦ
2477 3833 2613 3886 Θεοῦ
2641 3833 2736 3886 τοῦ
2759 3834 2955 3896 αἰῶνος
2984 3833 3175 3892 τούτου
3201 3830 3334 3905 ἦλθε
3361 3833 3552 3898 σῶσαι,
3583 3835 3690 3904 ἄρα

2107 3927 2258 3998 αὑτῷ
2279 3927 2358 3998 τῷ
2381 3927 2501 3998 Θεῷ
2523 3927 2618 3980 τοῦ
2643 3928 2848 3998 κόσμου
2871 3928 2972 3998 τὴν
3000 3927 3162 3998 χάριν
3187 3928 3558 3990 κατατίθεται,
3586 3929 3691 3982 [δια

2105 4019 2271 4072 αὑτοῦ
2305 4020 2473 4092 σκεύη
2515 4019 2858 4092 πειρώμενος
2891 4019 3105 4084 σώζειν.
3162 4021 3272 4074 Καὶ
3311 4024 3358 4074 εἰ
3392 4021 3528 4084 ὅλως
3561 4037 3692 4090 συγ-

2107 4111 2456 4164 κατατίθεται
2527 4113 2556 4164 ὁ
2609 4112 2742 4175 Θεὸς
2795 4111 2891 4164 τοῦ
2948 4113 3142 4175 αἰῶνος
3200 4112 3390 4166 τούτου
3439 4115 3531 4174 ἐπὶ
3581 4115 3692 4175 τοῖς

2105 4205 2269 4258 αὑτοῦ
2329 4204 2418 4257 διὰ
2473 4205 2568 4258 τοῦ
2621 4204 2876 4276 Σωτῆρος
2925 4203 3274 4276 σωζομένοις,
3328 4207 3435 4278 ἄρα
3487 4206 3691 4274 ἁγαθός

2107 4299 2276 4361 ἐστιν,
2310 4298 2356 4348 εί
2389 4295 2484 4350 καὶ
2517 4297 2590 4368 μὴ
2625 4295 2849 4350 δύναται
2880 4294 3093 4360 σώζειν,
3126 4296 3334 4367 χαίρων
3365 4297 3458 4349 ἐπὶ
3487 4300 3552 4368 τῇ
3581 4297 3689 4350 τῶν

2111 4389 2254 4442 ἰδίων
2293 4389 2560 4459 σωτηρίᾳ.
2603 4389 2712 4440 Καὶ
2759 4387 2912 4440 ἔσται
2955 4387 3140 4456 λοιπδν
3176 4388 3276 4458 μία
3311 4389 3562 4441 κοινωνία
3591 4390 3692 4460 τῆς

401 4489 588 4538 tamen
617 4485 796 4539 salute
820 4484 1070 4554 gaudeat.
1097 4486 1275 4554 Atque
1298 4486 1374 4540 ita
1405 4501 1700 4542 commune
1725 4487 1996 4557 quoddam

2105 4482 2464 4553 ἁγαθότητος,
2515 4483 2597 4534 ὃτι
2645 4483 2674 4534 6
2722 4481 2820 4550 μὲν
2864 4479 3162 4551 δυνάμενος
3213 4479 3394 4543 σώζει,
3443 4482 3472 4532 6
3517 4480 3573 4532 δὲ
3615 4481 3688 4550 μὴ

399 4577 509 4630 erit
553 4573 818 4648 Initatis
848 4575 1274 4642 commercium,
1313 4577 1460 4647 quod
1497 4587 1550 4633 et
1583 4580 1816 4634 salutem
1847 4579 2004 4634 aﬂ'ert

403 4669 456 4724 is
479 4669 572 4740 qui
605 4676 815 4739 potest,
863 4676 920 4723 et
951 4669 1046 4738 qui
1089 4683 1180 4724 res
1214 4685 1344 4724 suas
1390 4683 1612 4724 servare
1653 4686 1763 4724 non
1793 4681 1997 4741 potest,

400 4761 611 4818 servari
636 4769 818 4816 tamen
849 4759 918 4814 ab
957 4760 1130 4815 alter-0
1167 4761 1538 4832 883-689
1580 4761 1811 4817 libenter
1833 4763 2002 4828 videt,

401 4869 544 4926 quas
578 4855 742 4907 etiam
779 4853 834 4906 in
867 4853 1022 4906 lucro
1057 4863 1337 4918 numerat,
1379 4871 1503 4909 cum
1533 4855 1602 4908 ab
1640 4870 1706 4910 eo
1735 4855 1829 4925 qui
1867 4871 2004 4924 prte-

399 4945 553 5001 clare
599 4961 823 5000 servare
875 4953 1090 5015 potest,
1129 4947 1312 5001 salvas
1345 4955 1399 5001 et
1435 4947 1736 5002 incolumes
1773 4963 2002 5018 accepe-

404 5041 496 5093 rit.
548 5037 818 5094 Practerea
863 5039 911 5092 si
961 5038 1138 5093 eidem
1181 5039 1258 5092 illi
1293 5039 1386 5109 qui
1427 5055 1648 5095 servare
1699 5055 1788 5096 res
1821 5041 1998 5110 ipsius

399 5132 609 5200 cupiat,
645 5145 990 5202 nequaquam
1023 5131 1370 5196 adversatur,
1406 5132 1629 5188 habebit
1660 5135 1710 5187 ei
1745 5133 1838 5203 qui
1876 5149 1994 5189 ser-

401 5234 493 5280 vat
522 5227 781 5298 gratiam;
823 5225 1162 5298 proindeque
1196 5228 1242 5282 is
1267 5229 1504 5298 primum
1539 5228 1689 5281 illum
1725 5227 1988 5292 servabit,

401 5317 470 5370 ad
498 5333 660 5386 quem
703 5315 796 5388 qtii
834 5327 1122 5373 servantur
1153 5319 1410 5382 attinent,
1435 5325 1493 5371 ut
1523 5319 1578 5371 in
1602 5333 1666 5373 eo
1705 5317 1990 5373 liberanda

403 5411 663 5466 bonitatis
697 5427 812 5466 suae
847 5413 1124 5482 specimen
1161 5411 1419 5482 praebeat.
1481 5410 1601 5465 Non
1633 5412 1801 5474 enim,
1835 5419 1986 5482 puto,

403 5501 554 5558 solos
587 5503 801 5572 eripere
843 5513 1040 5559 tenues
1071 5503 1238 5569 volet,
1271 5501 1548 5572 praacipuo
1587 5501 1682 5556 illo
1712 5501 1925 5564 relicto,
1963 5513 1994 5554 a

479 5681 683 5738 'Joan.
745 5699 842 5748 χιιι,
895 5684 982 5740 5i.

406 5751 432 5788 τ
453 5749 637 5809 lICor.
669 5770 741 5822 tv,
773 5755 827 5808 4.

1059 5685 1080 5717 ‘
1117 5679 1276 5743 Joan.
1320 5701 1372 5751 ν,
1429 5686 1515 5741 I9.
1593 5685 1613 5718 ³
1677 5685 1805 5742 ibid.
1851 5685 1941 5740 Li.
2017 5686 2038 5718 ⁸
2072 5683 2230 5742 Joan.
2311 5699 2429 5748 vru,
2482 5681 2570 5738 50.

2103 4574 2400 4644 δυνάμενος
2453 4573 2521 4626 τὰ
2581 4573 2687 4626 ἴδια
2744 4573 2956 4638 σώζειν,
3008 4573 3189 4644 χαίρει
3223 4574 3316 4626 ἐπὶ
3363 4578 3475 4636 τοῖς
3525 4573 3690 4636 σωζο-

2109 4665 2320 4736 μένοις,
2371 4664 2564 4738 κέρδος
2611 4664 2681 4718 τὰ
2729 4663 2834 4716 ἴδια
2882 4663 3183 4735 ἡγούμενος
3238 4663 3392 4733 παρὰ
3445 4663 3537 4720 τοῦ
3589 4681 3688 4718 κα-

2107 4754 2216 4818 λῶς
2274 4753 2542 4819 σώζοντος
2614 4753 2900 4824 σωζόμενα
2946 4753 3104 4824 ἔχων.
3161 4755 3272 4806 Καὶ
3311 4755 3361 4806 εί
3407 4754 3546 4817 ὅλως
3589 4755 3690 4808 οὑκ

2105 4849 2444 4903 ἐναντιοῦται
2475 4849 2553 4918 τῷ
2577 4847 2885 4918 βουλομένῳ
2921 4847 2990 4900 τὰ
3028 4847 3132 4901 ἴδια
3167 4846 3379 4912 σώζειν,
3413 4848 3506 4901 καὶ
3531 4849 3689 4918 χάριν

2103 4942 2449 5012 ὁμολογήσει.
2509 4943 2572 4994 Ei
2626 4943 2683 4995 δὲ
2738 4941 2898 5014 χάριν
2949 4940 3202 5012 ὁμολογεῖ
3261 4941 3477 5012 πρῶτον
3525 4941 3688 4993 αὑτὸν

2101 5034 2300 5100 σώζει,
2347 5029 2410 5086 οὗ
2462 5035 2513 5086 οἱ
2552 5033 2871 5103 σωζόμενοι,
2925 5033 3011 5086 ἵνα
3061 5032 3206 5103 δείξῃ
3243 5033 3330 5084 ἐπ’
3377 5032 3542 5084 αὑτὸν
3591 5049 3690 5085 σω-

2101 5125 2328 5195 ζόμενον
2355 5123 2454 5194 τὴν
2482 5123 2648 5176 αὑτοῦ
2685 5123 3016 5192 ἁγαθότητα.
3059 5123 3170 5176 Καὶ
3201 5123 3264 5176 οὑ
3297 5122 3424 5185 τοὺς
3458 5123 3690 5192 μικροὺς

2101 5217 2300 5288 μᾶλλον
2339 5217 2589 5288 βούλεται
2622 5217 2838 5280 σώζειν,
2871 5216 2966 5268 καὶ
2999 5216 3094 5285 ὲᾷν
3126 5215 3216 5268 τὸν
3259 5216 3580 5284 ἀναγκαῖον,
3630 5213 3691 5277 ἐξ

2096 5301 2360 5382 οὗπερ-οἱ
2400 5308 2694 5378 σωζόμενοι
2737 5307 3050 5376 γεγόνασιν.
3095 5305 3168 5357 Ἢ
3205 5305 3380 5367 ἄλλως
3418 5303 3602 5364 πάλιν,
3640 5303 3690 5354 εί

2100 5403 2199 5475 μὲν
2233 5403 2480 5474 βούλεται
2530 5402 2696 5454 αὑτὸν
2744 5399 2818 5471 μὴ
2864 5397 3081 5464 σώζειν,
3131 5399 3259 5461 τοὺς
3295 5397 3351 5450 δὲ
3394 5397 3486 5450 ὑπ’
3521 5394 3689 5449 αὑτοῦ

2105 5493 2290 5562 σώζει,
2328 5496 2436 5568 ἄρα
2465 5495 2526 5547 οὑ
2552 5493 2758 5546 τέλειον
2787 5489 3183 5564 ἀπεργάζεται,
3221 5489 3340 5543 οὑδὲ
3371 5487 3594 5543 δύναται
3627 5485 3692 5538 τὸ

2685 5681 2706 5713 ³
2755 5679 2862 5735 lsa.
2915 5693 3050 5744 χιιι,
3101 5677 3166 5746 '5;
3201 5674 3386 5730 Matth.
3441 5688 3544 5742 xu,
3593 5673 3686 5731 20.
