  <div class='ocr_page' id='page_1' title='image "/cluster/home/n/w/nwhite01/storage/ocr_20150623/42/nnc1.0046978682/092.png"; bbox 0 0 4076 6392; ppageno 0'>
   <div class='ocr_carea' id='block_1_1' title="bbox 357 334 459 389">
    <p class='ocr_par' dir='ltr' id='par_1_1' title="bbox 357 334 459 389">
     <span class='ocr_line' id='line_1_1' title="bbox 357 334 459 389; baseline 0 -1"><span class='ocrx_word' id='word_1_1' title='bbox 357 334 459 389; x_wconf 70' lang='grc'><strong>15⁸2</strong></span> 
     </span>
    </p>
   </div>
   <div class='ocr_carea' id='block_1_2' title="bbox 1070 326 1945 390">
    <p class='ocr_par' dir='ltr' id='par_1_2' title="bbox 1070 331 1945 390">
     <span class='ocr_line' id='line_1_2' title="bbox 1070 331 1945 390; baseline -0.003 -2"><span class='ocrx_word' id='word_1_2' title='bbox 1070 331 1442 389; x_wconf 81' lang='lat' dir='ltr'><strong>ADVERSUS</strong></span> <span class='ocrx_word' id='word_1_3' title='bbox 1479 332 1824 390; x_wconf 61' lang='lat' dir='ltr'><strong>HERESES</strong></span> <span class='ocrx_word' id='word_1_4' title='bbox 1862 331 1945 386; x_wconf 88' lang='lat' dir='ltr'>LII</span> 
     </span>
    </p>
   </div>
   <div class='ocr_carea' id='block_1_3' title="bbox 2048 326 3032 390">
    <p class='ocr_par' dir='ltr' id='par_1_3' title="bbox 2048 326 3032 387">
     <span class='ocr_line' id='line_1_3' title="bbox 2048 326 3032 387; baseline -0.004 -3"><span class='ocrx_word' id='word_1_5' title='bbox 2048 333 2085 385; x_wconf 91' lang='grc' dir='ltr'>Ι.</span> <span class='ocrx_word' id='word_1_6' title='bbox 2127 330 2288 387; x_wconf 76' lang='grc' dir='ltr'><strong>ΤΟΜ.</strong></span> <span class='ocrx_word' id='word_1_7' title='bbox 2331 330 2394 383; x_wconf 67' lang='grc' dir='ltr'><strong>ιι.</strong></span> <span class='ocrx_word' id='word_1_8' title='bbox 2434 359 2500 368; x_wconf 93' lang='grc'><strong>--</strong></span> <span class='ocrx_word' id='word_1_9' title='bbox 2541 326 2812 382; x_wconf 67' lang='grc' dir='ltr'><strong>ΗᾹζΒΕὸ.</strong></span> <span class='ocrx_word' id='word_1_10' title='bbox 2848 327 3032 381; x_wconf 73' lang='lat' dir='ltr'><strong>LXVI.</strong></span> 
     </span>
    </p>
   </div>
   <div class='ocr_carea' id='block_1_4' title="bbox 3492 323 3594 381">
    <p class='ocr_par' dir='ltr' id='par_1_4' title="bbox 3492 323 3594 381">
     <span class='ocr_line' id='line_1_4' title="bbox 3492 323 3594 381; baseline 0.01 -1"><span class='ocrx_word' id='word_1_11' title='bbox 3492 323 3594 381; x_wconf 67' lang='lat'><strong>158</strong></span> 
     </span>
    </p>
   </div>
   <div class='ocr_carea' id='block_1_5' title="bbox 352 438 1945 518">
    <p class='ocr_par' dir='ltr' id='par_1_5' title="bbox 352 443 1925 518">
     <span class='ocr_line' id='line_1_5' title="bbox 352 443 1925 518; baseline -0.003 -16"><span class='ocrx_word' id='word_1_12' title='bbox 352 448 560 517; x_wconf 77' lang='grc' dir='ltr'>ἀγαθὸν</span> <span class='ocrx_word' id='word_1_13' title='bbox 592 448 923 518; x_wconf 82' lang='grc' dir='ltr'>ἐργάσασθαι</span> <span class='ocrx_word' id='word_1_14' title='bbox 957 449 1013 500; x_wconf 84' lang='grc' dir='ltr'><strong>ἐν</strong></span> <span class='ocrx_word' id='word_1_15' title='bbox 1059 448 1355 518; x_wconf 84' lang='grc' dir='ltr'><strong>τελειότητι</strong></span> <span class='ocrx_word' id='word_1_16' title='bbox 1380 464 1391 475; x_wconf 70' lang='grc' dir='ltr'><strong>ο</strong></span> <span class='ocrx_word' id='word_1_17' title='bbox 1423 451 1470 501; x_wconf 84' lang='grc' dir='ltr'><strong>εί</strong></span> <span class='ocrx_word' id='word_1_18' title='bbox 1501 449 1557 502; x_wconf 77' lang='grc' dir='ltr'>δὲ</span> <span class='ocrx_word' id='word_1_19' title='bbox 1584 448 1672 501; x_wconf 82' lang='grc' dir='ltr'>διὰ</span> <span class='ocrx_word' id='word_1_20' title='bbox 1699 449 1759 500; x_wconf 66' lang='grc' dir='ltr'><strong>τὸ</strong></span> <span class='ocrx_word' id='word_1_21' title='bbox 1789 443 1925 500; x_wconf 72' lang='grc' dir='ltr'>εἶναι</span> 
     </span>
    </p>
   </div>
   <div class='ocr_carea' id='block_1_6' title="bbox 2048 438 3595 518">
    <p class='ocr_par' dir='ltr' id='par_1_6' title="bbox 2048 438 3595 514">
     <span class='ocr_line' id='line_1_6' title="bbox 2048 438 3595 514; baseline 0 -18"><span class='ocrx_word' id='word_1_22' title='bbox 2048 460 2137 514; x_wconf 68' lang='lat' dir='ltr'><strong>luo</strong></span> <span class='ocrx_word' id='word_1_23' title='bbox 2161 447 2210 498; x_wconf 92' lang='lat' dir='ltr'><strong>hi</strong></span> <span class='ocrx_word' id='word_1_24' title='bbox 2246 445 2338 513; x_wconf 88' lang='lat' dir='ltr'><strong>qui</strong></span> <span class='ocrx_word' id='word_1_25' title='bbox 2372 450 2661 498; x_wconf 78' lang='lat' dir='ltr'><strong>servantur</strong></span> <span class='ocrx_word' id='word_1_26' title='bbox 2678 442 2959 512; x_wconf 85' lang='lat' dir='ltr'><strong>propagati</strong></span> <span class='ocrx_word' id='word_1_27' title='bbox 2990 448 3135 494; x_wconf 92' lang='lat' dir='ltr'><strong>sunt.</strong></span> <span class='ocrx_word' id='word_1_28' title='bbox 3167 438 3371 495; x_wconf 85' lang='lat' dir='ltr'><strong>Deinde</strong></span> <span class='ocrx_word' id='word_1_29' title='bbox 3397 442 3443 497; x_wconf 91' lang='lat' dir='ltr'><strong>si</strong></span> <span class='ocrx_word' id='word_1_30' title='bbox 3469 457 3595 496; x_wconf 89' lang='lat' dir='ltr'><strong>cum</strong></span> 
     </span>
    </p>
   </div>
   <div class='ocr_carea' id='block_1_7' title="bbox 352 536 1926 609">
    <p class='ocr_par' dir='ltr' id='par_1_7' title="bbox 352 536 1926 609">
     <span class='ocr_line' id='line_1_7' title="bbox 352 536 1926 609; baseline -0.003 -17"><span class='ocrx_word' id='word_1_31' title='bbox 352 540 522 593; x_wconf 79' lang='grc' dir='ltr'>αὑτὸν</span> <span class='ocrx_word' id='word_1_32' title='bbox 550 540 763 608; x_wconf 80' lang='grc' dir='ltr'>φύσεως</span> <span class='ocrx_word' id='word_1_33' title='bbox 811 540 885 608; x_wconf 81' lang='grc' dir='ltr'>μὴ</span> <span class='ocrx_word' id='word_1_34' title='bbox 930 537 1261 609; x_wconf 78' lang='grc' dir='ltr'><strong>σωζομένης,</strong></span> <span class='ocrx_word' id='word_1_35' title='bbox 1309 538 1471 591; x_wconf 83' lang='grc' dir='ltr'>αὐτὸν</span> <span class='ocrx_word' id='word_1_36' title='bbox 1515 539 1613 609; x_wconf 81' lang='grc' dir='ltr'><strong>μὲν</strong></span> <span class='ocrx_word' id='word_1_37' title='bbox 1654 536 1926 600; x_wconf 83' lang='grc' dir='ltr'><strong>ἀδυνάτως</strong></span> 
     </span>
    </p>
   </div>
   <div class='ocr_carea' id='block_1_8' title="bbox 353 625 1928 700">
    <p class='ocr_par' dir='ltr' id='par_1_8' title="bbox 353 625 1928 700">
     <span class='ocr_line' id='line_1_8' title="bbox 353 625 1928 700; baseline -0.002 -18"><span class='ocrx_word' id='word_1_38' title='bbox 353 631 469 700; x_wconf 80' lang='grc' dir='ltr'>ἔχει</span> <span class='ocrx_word' id='word_1_39' title='bbox 506 628 718 693; x_wconf 74' lang='grc' dir='ltr'>σώζειν,</span> <span class='ocrx_word' id='word_1_40' title='bbox 744 631 872 692; x_wconf 81' lang='grc' dir='ltr'>τοὺς</span> <span class='ocrx_word' id='word_1_41' title='bbox 900 629 956 681; x_wconf 82' lang='grc' dir='ltr'>δὲ</span> <span class='ocrx_word' id='word_1_42' title='bbox 983 629 1073 682; x_wconf 84' lang='grc' dir='ltr'>ὑπ’</span> <span class='ocrx_word' id='word_1_43' title='bbox 1101 628 1264 681; x_wconf 76' lang='grc' dir='ltr'>αὐτοῦ</span> <span class='ocrx_word' id='word_1_44' title='bbox 1299 628 1695 698; x_wconf 78' lang='grc' dir='ltr'>γεγενημένους</span> <span class='ocrx_word' id='word_1_45' title='bbox 1740 625 1928 691; x_wconf 76' lang='grc' dir='ltr'>σώζει,</span> 
     </span>
    </p>
   </div>
   <div class='ocr_carea' id='block_1_9' title="bbox 354 719 1929 790">
    <p class='ocr_par' dir='ltr' id='par_1_9' title="bbox 354 719 1929 790">
     <span class='ocr_line' id='line_1_9' title="bbox 354 719 1929 790; baseline -0.003 -17"><span class='ocrx_word' id='word_1_46' title='bbox 354 721 540 790; x_wconf 80' lang='grc' dir='ltr'>πολλῷ</span> <span class='ocrx_word' id='word_1_47' title='bbox 591 720 788 790; x_wconf 74' lang='grc' dir='ltr'>μᾶλλον</span> <span class='ocrx_word' id='word_1_48' title='bbox 819 721 870 772; x_wconf 87' lang='grc' dir='ltr'>οἱ</span> <span class='ocrx_word' id='word_1_49' title='bbox 914 720 972 785; x_wconf 83' lang='grc' dir='ltr'><strong>ἐξ</strong></span> <span class='ocrx_word' id='word_1_50' title='bbox 1003 720 1164 772; x_wconf 81' lang='grc' dir='ltr'>αὑτοῦ</span> <span class='ocrx_word' id='word_1_51' title='bbox 1208 720 1562 789; x_wconf 77' lang='grc' dir='ltr'>γεγενημένοι</span> <span class='ocrx_word' id='word_1_52' title='bbox 1617 719 1929 789; x_wconf 84' lang='grc' dir='ltr'>σαθρότεροι</span> 
     </span>
    </p>
   </div>
   <div class='ocr_carea' id='block_1_10' title="bbox 354 794 1933 881">
    <p class='ocr_par' dir='ltr' id='par_1_10' title="bbox 354 809 1933 881">
     <span class='ocr_line' id='line_1_10' title="bbox 354 809 1933 881; baseline -0.002 -17"><span class='ocrx_word' id='word_1_53' title='bbox 354 811 524 864; x_wconf 77' lang='grc' dir='ltr'>αὑτοῦ</span> <span class='ocrx_word' id='word_1_54' title='bbox 555 813 857 881; x_wconf 84' lang='grc' dir='ltr'>ὑπάρχουσι</span> <span class='ocrx_word' id='word_1_55' title='bbox 882 852 896 871; x_wconf 84' lang='grc'><strong>.</strong></span> <span class='ocrx_word' id='word_1_56' title='bbox 931 811 1024 864; x_wconf 84' lang='grc' dir='ltr'>καὶ</span> <span class='ocrx_word' id='word_1_57' title='bbox 1069 811 1343 873; x_wconf 84' lang='grc' dir='ltr'><strong>ἀδυνάτως</strong></span> <span class='ocrx_word' id='word_1_58' title='bbox 1379 809 1559 880; x_wconf 78' lang='grc' dir='ltr'>ἔχουσι</span> <span class='ocrx_word' id='word_1_59' title='bbox 1593 810 1724 880; x_wconf 82' lang='grc' dir='ltr'>πρὸς</span> <span class='ocrx_word' id='word_1_60' title='bbox 1762 827 1933 879; x_wconf 85' lang='grc' dir='ltr'>σωτη-</span> 
     </span>
    </p>
   </div>
   <div class='ocr_carea' id='block_1_11' title="bbox 356 900 1929 972">
    <p class='ocr_par' dir='ltr' id='par_1_11' title="bbox 356 900 1929 972">
     <span class='ocr_line' id='line_1_11' title="bbox 356 900 1929 972; baseline -0.001 -18"><span class='ocrx_word' id='word_1_61' title='bbox 356 903 502 972; x_wconf 82' lang='grc' dir='ltr'>ρίαν.</span> <span class='ocrx_word' id='word_1_62' title='bbox 528 903 637 954; x_wconf 72' lang='grc' dir='ltr'><strong>Καὶ</strong></span> <span class='ocrx_word' id='word_1_63' title='bbox 658 901 833 964; x_wconf 82' lang='grc' dir='ltr'>ἄλλως</span> <span class='ocrx_word' id='word_1_64' title='bbox 851 902 928 966; x_wconf 85' lang='grc' dir='ltr'><strong>δέ,</strong></span> <span class='ocrx_word' id='word_1_65' title='bbox 955 903 1002 954; x_wconf 85' lang='grc' dir='ltr'><strong>εί</strong></span> <span class='ocrx_word' id='word_1_66' title='bbox 1033 902 1156 972; x_wconf 84' lang='grc' dir='ltr'>μὲν,</span> <span class='ocrx_word' id='word_1_67' title='bbox 1186 902 1293 954; x_wconf 79' lang='grc' dir='ltr'>ἴδιά</span> <span class='ocrx_word' id='word_1_68' title='bbox 1313 919 1432 954; x_wconf 90' lang='grc' dir='ltr'>τινα</span> <span class='ocrx_word' id='word_1_69' title='bbox 1459 901 1532 971; x_wconf 78' lang='grc' dir='ltr'>μὴ</span> <span class='ocrx_word' id='word_1_70' title='bbox 1556 901 1690 971; x_wconf 76' lang='grc' dir='ltr'>ἔχων</span> <span class='ocrx_word' id='word_1_71' title='bbox 1717 900 1929 963; x_wconf 76' lang='grc' dir='ltr'>σώζειν,</span> 
     </span>
    </p>
   </div>
   <div class='ocr_carea' id='block_1_12' title="bbox 356 988 1928 1064">
    <p class='ocr_par' dir='ltr' id='par_1_12' title="bbox 356 988 1928 1064">
     <span class='ocr_line' id='line_1_12' title="bbox 356 988 1928 1064; baseline -0.001 -20"><span class='ocrx_word' id='word_1_72' title='bbox 356 996 434 1054; x_wconf 69' lang='grc' dir='ltr'>εἰς</span> <span class='ocrx_word' id='word_1_73' title='bbox 479 993 539 1045; x_wconf 79' lang='grc' dir='ltr'><strong>τά</strong></span> <span class='ocrx_word' id='word_1_74' title='bbox 579 992 833 1061; x_wconf 83' lang='grc' dir='ltr'>ἀλλότρια</span> <span class='ocrx_word' id='word_1_75' title='bbox 868 988 1029 1063; x_wconf 82' lang='grc' dir='ltr'>ἦλθεν</span> <span class='ocrx_word' id='word_1_76' title='bbox 1064 992 1372 1057; x_wconf 74' lang='grc' dir='ltr'>ἐπιδείξεως</span> <span class='ocrx_word' id='word_1_77' title='bbox 1407 993 1587 1064; x_wconf 86' lang='grc' dir='ltr'>χάριν,</span> <span class='ocrx_word' id='word_1_78' title='bbox 1627 993 1727 1062; x_wconf 86' lang='grc' dir='ltr'>τὴν</span> <span class='ocrx_word' id='word_1_79' title='bbox 1769 992 1928 1044; x_wconf 75' lang='grc' dir='ltr'>αὑτοῦ</span> 
     </span>
    </p>
   </div>
   <div class='ocr_carea' id='block_1_13' title="bbox 355 1086 1931 1160">
    <p class='ocr_par' dir='ltr' id='par_1_13' title="bbox 355 1086 1931 1160">
     <span class='ocr_line' id='line_1_13' title="bbox 355 1086 1931 1160; baseline 0 -20"><span class='ocrx_word' id='word_1_80' title='bbox 355 1086 612 1157; x_wconf 72' lang='grc' dir='ltr'>βοήθειαν</span> <span class='ocrx_word' id='word_1_81' title='bbox 636 1087 832 1152; x_wconf 78' lang='grc' dir='ltr'>δεῖξαι,</span> <span class='ocrx_word' id='word_1_82' title='bbox 863 1087 1029 1158; x_wconf 86' lang='grc' dir='ltr'>πολλὴ</span> <span class='ocrx_word' id='word_1_83' title='bbox 1053 1091 1087 1159; x_wconf 85' lang='grc' dir='ltr'>ὴ</span> <span class='ocrx_word' id='word_1_84' title='bbox 1119 1089 1342 1160; x_wconf 82' lang='grc' dir='ltr'>ἀπορία,</span> <span class='ocrx_word' id='word_1_85' title='bbox 1365 1091 1399 1160; x_wconf 82' lang='grc' dir='ltr'>ἡ</span> <span class='ocrx_word' id='word_1_86' title='bbox 1431 1089 1505 1160; x_wconf 82' lang='grc' dir='ltr'>μὴ</span> <span class='ocrx_word' id='word_1_87' title='bbox 1528 1089 1798 1160; x_wconf 81' lang='grc' dir='ltr'>δυναμένη</span> <span class='ocrx_word' id='word_1_88' title='bbox 1827 1089 1931 1140; x_wconf 82' lang='grc' dir='ltr'>ἴδια</span> 
     </span>
    </p>
   </div>
   <div class='ocr_carea' id='block_1_14' title="bbox 356 1178 1934 1253">
    <p class='ocr_par' dir='ltr' id='par_1_14' title="bbox 356 1178 1934 1253">
     <span class='ocr_line' id='line_1_14' title="bbox 356 1178 1934 1253; baseline 0.003 -23"><span class='ocrx_word' id='word_1_89' title='bbox 356 1178 578 1245; x_wconf 77' lang='grc' dir='ltr'>σώζειν,</span> <span class='ocrx_word' id='word_1_90' title='bbox 615 1181 710 1232; x_wconf 74' lang='grc' dir='ltr'>καὶ</span> <span class='ocrx_word' id='word_1_91' title='bbox 737 1183 817 1244; x_wconf 82' lang='grc' dir='ltr'><strong>είς</strong></span> <span class='ocrx_word' id='word_1_92' title='bbox 861 1179 932 1234; x_wconf 83' lang='grc' dir='ltr'>τὰ</span> <span class='ocrx_word' id='word_1_93' title='bbox 960 1181 1219 1252; x_wconf 85' lang='grc' dir='ltr'>ἀλλότρια</span> <span class='ocrx_word' id='word_1_94' title='bbox 1250 1181 1626 1253; x_wconf 79' lang='grc' dir='ltr'>ἐπιδημοῦσα,</span> <span class='ocrx_word' id='word_1_95' title='bbox 1660 1184 1808 1246; x_wconf 85' lang='grc' dir='ltr'>ὅπως</span> <span class='ocrx_word' id='word_1_96' title='bbox 1849 1185 1934 1235; x_wconf 82' lang='grc' dir='ltr'>ὲν-</span> 
     </span>
    </p>
   </div>
   <div class='ocr_carea' id='block_1_15' title="bbox 357 1271 1933 1344">
    <p class='ocr_par' dir='ltr' id='par_1_15' title="bbox 357 1271 1933 1344">
     <span class='ocr_line' id='line_1_15' title="bbox 357 1271 1933 1344; baseline -0.001 -20"><span class='ocrx_word' id='word_1_97' title='bbox 357 1271 600 1341; x_wconf 78' lang='grc' dir='ltr'>δείξηται</span> <span class='ocrx_word' id='word_1_98' title='bbox 648 1271 708 1325; x_wconf 87' lang='grc' dir='ltr'><strong>τὸ</strong></span> <span class='ocrx_word' id='word_1_99' title='bbox 751 1272 930 1343; x_wconf 76' lang='grc' dir='ltr'>ἔργον,</span> <span class='ocrx_word' id='word_1_100' title='bbox 969 1273 998 1324; x_wconf 84' lang='grc' dir='ltr'><strong>ὂ</strong></span> <span class='ocrx_word' id='word_1_101' title='bbox 1041 1275 1098 1325; x_wconf 87' lang='grc' dir='ltr'><strong>ἐν</strong></span> <span class='ocrx_word' id='word_1_102' title='bbox 1138 1277 1250 1338; x_wconf 86' lang='grc' dir='ltr'>τοῖς</span> <span class='ocrx_word' id='word_1_103' title='bbox 1282 1274 1433 1337; x_wconf 79' lang='grc' dir='ltr'>ἰδίοις</span> <span class='ocrx_word' id='word_1_104' title='bbox 1463 1274 1739 1338; x_wconf 80' lang='grc' dir='ltr'>ἀδυνάτως</span> <span class='ocrx_word' id='word_1_105' title='bbox 1777 1275 1933 1344; x_wconf 79' lang='grc' dir='ltr'>ἔσχεν</span> 
     </span>
    </p>
   </div>
   <div class='ocr_carea' id='block_1_16' title="bbox 359 1362 1935 1441">
    <p class='ocr_par' dir='ltr' id='par_1_16' title="bbox 359 1362 1935 1441">
     <span class='ocr_line' id='line_1_16' title="bbox 359 1362 1935 1441; baseline 0.001 -27"><span class='ocrx_word' id='word_1_106' title='bbox 359 1362 753 1428; x_wconf 80' lang='grc' dir='ltr'>ἐπιδείξασθαι.</span> <span class='ocrx_word' id='word_1_107' title='bbox 782 1363 892 1415; x_wconf 79' lang='grc' dir='ltr'>Καὶ</span> <span class='ocrx_word' id='word_1_108' title='bbox 921 1362 1023 1434; x_wconf 75' lang='grc' dir='ltr'><strong>ἤδη</strong></span> <span class='ocrx_word' id='word_1_109' title='bbox 1050 1364 1296 1441; x_wconf 83' lang='grc' dir='ltr'>διέπεσεν</span> <span class='ocrx_word' id='word_1_110' title='bbox 1328 1365 1357 1416; x_wconf 97' lang='lat'><strong>6</strong></span> <span class='ocrx_word' id='word_1_111' title='bbox 1389 1364 1517 1434; x_wconf 78' lang='grc' dir='ltr'>περὶ</span> <span class='ocrx_word' id='word_1_112' title='bbox 1554 1362 1646 1415; x_wconf 81' lang='grc' dir='ltr'>τοῦ</span> <span class='ocrx_word' id='word_1_113' title='bbox 1684 1363 1935 1433; x_wconf 82' lang='grc' dir='ltr'>Σωτῆρος</span> 
     </span>
    </p>
   </div>
   <div class='ocr_carea' id='block_1_17' title="bbox 359 1452 1928 1525">
    <p class='ocr_par' dir='ltr' id='par_1_17' title="bbox 359 1452 1928 1525">
     <span class='ocr_line' id='line_1_17' title="bbox 359 1452 1928 1525; baseline 0.001 -19"><span class='ocrx_word' id='word_1_114' title='bbox 359 1456 460 1507; x_wconf 82' lang='grc' dir='ltr'><strong>καί</strong></span> <span class='ocrx_word' id='word_1_115' title='bbox 500 1452 594 1506; x_wconf 78' lang='grc' dir='ltr'>τοῦ</span> <span class='ocrx_word' id='word_1_116' title='bbox 623 1454 884 1524; x_wconf 81' lang='grc' dir='ltr'>ἄρχοντος</span> <span class='ocrx_word' id='word_1_117' title='bbox 921 1455 1015 1508; x_wconf 84' lang='grc' dir='ltr'>τοῦ</span> <span class='ocrx_word' id='word_1_118' title='bbox 1058 1455 1252 1518; x_wconf 78' lang='grc' dir='ltr'>αἰῶνος</span> <span class='ocrx_word' id='word_1_119' title='bbox 1285 1455 1474 1508; x_wconf 87' lang='grc' dir='ltr'>τούτου</span> <span class='ocrx_word' id='word_1_120' title='bbox 1513 1455 1618 1507; x_wconf 85' lang='grc' dir='ltr'><strong>ὑπὸ</strong></span> <span class='ocrx_word' id='word_1_121' title='bbox 1645 1454 1740 1507; x_wconf 80' lang='grc' dir='ltr'>τοῦ</span> <span class='ocrx_word' id='word_1_122' title='bbox 1770 1455 1928 1525; x_wconf 83' lang='grc' dir='ltr'>Μάνη</span> 
     </span>
    </p>
   </div>
   <div class='ocr_carea' id='block_1_18' title="bbox 361 1545 1936 1616">
    <p class='ocr_par' dir='ltr' id='par_1_18' title="bbox 361 1545 1936 1616">
     <span class='ocr_line' id='line_1_18' title="bbox 361 1545 1936 1616; baseline 0.001 -20"><span class='ocrx_word' id='word_1_123' title='bbox 361 1545 652 1615; x_wconf 81' lang='grc' dir='ltr'>εἰρημένος</span> <span class='ocrx_word' id='word_1_124' title='bbox 675 1545 850 1613; x_wconf 87' lang='grc' dir='ltr'>λόγος.</span> <span class='ocrx_word' id='word_1_125' title='bbox 883 1547 992 1599; x_wconf 80' lang='grc' dir='ltr'>Καὶ</span> <span class='ocrx_word' id='word_1_126' title='bbox 1013 1545 1127 1598; x_wconf 77' lang='grc' dir='ltr'>ἐστι</span> <span class='ocrx_word' id='word_1_127' title='bbox 1155 1546 1232 1616; x_wconf 85' lang='grc' dir='ltr'>τῷ</span> <span class='ocrx_word' id='word_1_128' title='bbox 1259 1545 1373 1599; x_wconf 83' lang='grc' dir='ltr'>δντι</span> <span class='ocrx_word' id='word_1_129' title='bbox 1401 1548 1429 1599; x_wconf 91' lang='lat'><strong>6</strong></span> <span class='ocrx_word' id='word_1_130' title='bbox 1455 1547 1586 1609; x_wconf 89' lang='grc' dir='ltr'>Θεὸς</span> <span class='ocrx_word' id='word_1_131' title='bbox 1618 1545 1710 1599; x_wconf 72' lang='grc' dir='ltr'>τοῦ</span> <span class='ocrx_word' id='word_1_132' title='bbox 1744 1546 1936 1609; x_wconf 70' lang='grc' dir='ltr'>αἰῶνος</span> 
     </span>
    </p>
   </div>
   <div class='ocr_carea' id='block_1_19' title="bbox 361 1637 1936 1710">
    <p class='ocr_par' dir='ltr' id='par_1_19' title="bbox 361 1637 1936 1710">
     <span class='ocr_line' id='line_1_19' title="bbox 361 1637 1936 1710; baseline 0.005 -20"><span class='ocrx_word' id='word_1_133' title='bbox 361 1639 555 1690; x_wconf 83' lang='grc' dir='ltr'>τούτου</span> <span class='ocrx_word' id='word_1_134' title='bbox 583 1638 643 1689; x_wconf 84' lang='grc' dir='ltr'><strong>οὐ</strong></span> <span class='ocrx_word' id='word_1_135' title='bbox 669 1638 800 1700; x_wconf 86' lang='grc' dir='ltr'>Θεὸς</span> <span class='ocrx_word' id='word_1_136' title='bbox 825 1638 1272 1710; x_wconf 78' lang='grc' dir='ltr'>παρηλλαγμένος</span> <span class='ocrx_word' id='word_1_137' title='bbox 1298 1639 1449 1709; x_wconf 87' lang='grc' dir='ltr'><strong>παρά</strong></span> <span class='ocrx_word' id='word_1_138' title='bbox 1470 1639 1558 1692; x_wconf 89' lang='grc' dir='ltr'><strong>τὸν</strong></span> <span class='ocrx_word' id='word_1_139' title='bbox 1579 1638 1708 1692; x_wconf 77' lang='grc' dir='ltr'>ὄντα</span> <span class='ocrx_word' id='word_1_140' title='bbox 1741 1637 1936 1699; x_wconf 71' lang='grc' dir='ltr'>ἄλλως,</span> 
     </span>
    </p>
   </div>
   <div class='ocr_carea' id='block_1_20' title="bbox 2033 532 3600 600">
    <p class='ocr_par' dir='ltr' id='par_1_20' title="bbox 2033 532 3600 600">
     <span class='ocr_line' id='line_1_20' title="bbox 2033 532 3600 600; baseline 0.002 -14"><span class='ocrx_word' id='word_1_141' title='bbox 2033 535 2170 588; x_wconf 87' lang='lat' dir='ltr'><strong>alios</strong></span> <span class='ocrx_word' id='word_1_142' title='bbox 2213 533 2424 598; x_wconf 89' lang='lat' dir='ltr'><strong>liberet,</strong></span> <span class='ocrx_word' id='word_1_143' title='bbox 2469 532 2698 587; x_wconf 87' lang='lat' dir='ltr'><strong>liberare</strong></span> <span class='ocrx_word' id='word_1_144' title='bbox 2729 532 3084 586; x_wconf 86' lang='lat' dir='ltr'><strong>nihilominus</strong></span> <span class='ocrx_word' id='word_1_145' title='bbox 3117 532 3249 586; x_wconf 88' lang='lat' dir='ltr'><strong>nolit</strong></span> <span class='ocrx_word' id='word_1_146' title='bbox 3291 532 3463 600; x_wconf 91' lang='lat' dir='ltr'><strong>illum,</strong></span> <span class='ocrx_word' id='word_1_147' title='bbox 3496 536 3600 589; x_wconf 87' lang='lat' dir='ltr'><strong>im-</strong></span> 
     </span>
    </p>
   </div>
   <div class='ocr_carea' id='block_1_21' title="bbox 2031 619 3604 695">
    <p class='ocr_par' dir='ltr' id='par_1_21' title="bbox 2031 619 3604 695">
     <span class='ocr_line' id='line_1_21' title="bbox 2031 619 3604 695; baseline 0.001 -15"><span class='ocrx_word' id='word_1_148' title='bbox 2031 619 2330 695; x_wconf 82' lang='lat' dir='ltr'><strong>perfectum</strong></span> <span class='ocrx_word' id='word_1_149' title='bbox 2365 625 2622 695; x_wconf 81' lang='lat' dir='ltr'><strong>quiddam</strong></span> <span class='ocrx_word' id='word_1_150' title='bbox 2658 634 2759 686; x_wconf 87' lang='lat' dir='ltr'><strong>est,</strong></span> <span class='ocrx_word' id='word_1_151' title='bbox 2792 625 2937 694; x_wconf 91' lang='lat' dir='ltr'><strong>quod</strong></span> <span class='ocrx_word' id='word_1_152' title='bbox 2971 626 3216 691; x_wconf 85' lang='lat' dir='ltr'><strong>molitur,</strong></span> <span class='ocrx_word' id='word_1_153' title='bbox 3249 641 3349 681; x_wconf 91' lang='lat' dir='ltr'><strong>nec</strong></span> <span class='ocrx_word' id='word_1_154' title='bbox 3383 627 3604 682; x_wconf 88' lang='lat' dir='ltr'><strong>absolu-</strong></span> 
     </span>
    </p>
   </div>
   <div class='ocr_carea' id='block_1_22' title="bbox 2032 715 3600 787">
    <p class='ocr_par' dir='ltr' id='par_1_22' title="bbox 2032 715 3600 787">
     <span class='ocr_line' id='line_1_22' title="bbox 2032 715 3600 787; baseline 0 -17"><span class='ocrx_word' id='word_1_155' title='bbox 2032 725 2146 771; x_wconf 89' lang='lat' dir='ltr'><strong>tum</strong></span> <span class='ocrx_word' id='word_1_156' title='bbox 2186 718 2385 771; x_wconf 86' lang='lat' dir='ltr'><strong>bonum</strong></span> <span class='ocrx_word' id='word_1_157' title='bbox 2418 724 2677 787; x_wconf 74' lang='lat' dir='ltr'><strong>praestare</strong></span> <span class='ocrx_word' id='word_1_158' title='bbox 2717 731 2877 785; x_wconf 83' lang='lat' dir='ltr'><strong>posse</strong></span> <span class='ocrx_word' id='word_1_159' title='bbox 2924 717 3152 771; x_wconf 87' lang='lat' dir='ltr'><strong>videtur.</strong></span> <span class='ocrx_word' id='word_1_160' title='bbox 3209 715 3327 770; x_wconf 87' lang='lat' dir='ltr'><strong>Jam</strong></span> <span class='ocrx_word' id='word_1_161' title='bbox 3367 733 3496 772; x_wconf 80' lang='lat' dir='ltr'><strong>vero</strong></span> <span class='ocrx_word' id='word_1_162' title='bbox 3531 720 3600 782; x_wconf 88' lang='lat' dir='ltr'><strong>si,</strong></span> 
     </span>
    </p>
   </div>
   <div class='ocr_carea' id='block_1_23' title="bbox 2034 809 3600 879">
    <p class='ocr_par' dir='ltr' id='par_1_23' title="bbox 2034 809 3600 879">
     <span class='ocr_line' id='line_1_23' title="bbox 2034 809 3600 879; baseline 0.001 -17"><span class='ocrx_word' id='word_1_163' title='bbox 2034 811 2176 879; x_wconf 90' lang='lat' dir='ltr'><strong>quod</strong></span> <span class='ocrx_word' id='word_1_164' title='bbox 2218 809 2487 878; x_wconf 84' lang='lat' dir='ltr'><strong>ejusmodi</strong></span> <span class='ocrx_word' id='word_1_165' title='bbox 2517 816 2724 862; x_wconf 76' lang='lat' dir='ltr'><strong>natura:</strong></span> <span class='ocrx_word' id='word_1_166' title='bbox 2751 825 2858 862; x_wconf 88' lang='lat' dir='ltr'><strong>non</strong></span> <span class='ocrx_word' id='word_1_167' title='bbox 2891 809 2982 866; x_wconf 87' lang='lat' dir='ltr'><strong>sit.</strong></span> <span class='ocrx_word' id='word_1_168' title='bbox 3013 825 3135 877; x_wconf 66' lang='lat' dir='ltr'><strong>quae</strong></span> <span class='ocrx_word' id='word_1_169' title='bbox 3166 812 3372 864; x_wconf 84' lang='lat' dir='ltr'><strong>servari</strong></span> <span class='ocrx_word' id='word_1_170' title='bbox 3408 812 3600 879; x_wconf 88' lang='lat' dir='ltr'><strong>possit,</strong></span> 
     </span>
    </p>
   </div>
   <div class='ocr_carea' id='block_1_24' title="bbox 2034 897 3602 971">
    <p class='ocr_par' dir='ltr' id='par_1_24' title="bbox 2034 897 3602 971">
     <span class='ocr_line' id='line_1_24' title="bbox 2034 897 3602 971; baseline 0 -15"><span class='ocrx_word' id='word_1_171' title='bbox 2034 903 2262 957; x_wconf 91' lang='lat' dir='ltr'><strong>salutem</strong></span> <span class='ocrx_word' id='word_1_172' title='bbox 2309 899 2435 952; x_wconf 88' lang='lat' dir='ltr'><strong>huic</strong></span> <span class='ocrx_word' id='word_1_173' title='bbox 2468 897 2660 953; x_wconf 69' lang='lat' dir='ltr'><strong>all‘erre</strong></span> <span class='ocrx_word' id='word_1_174' title='bbox 2703 908 2954 967; x_wconf 85' lang='lat' dir='ltr'><strong>nequeat,</strong></span> <span class='ocrx_word' id='word_1_175' title='bbox 3004 915 3167 968; x_wconf 85' lang='lat' dir='ltr'><strong>quam</strong></span> <span class='ocrx_word' id='word_1_176' title='bbox 3216 900 3284 953; x_wconf 84' lang='lat' dir='ltr'><strong>ab</strong></span> <span class='ocrx_word' id='word_1_177' title='bbox 3315 915 3379 955; x_wconf 92' lang='lat' dir='ltr'><strong>eo</strong></span> <span class='ocrx_word' id='word_1_178' title='bbox 3407 902 3602 971; x_wconf 85' lang='lat' dir='ltr'><strong>genitis</strong></span> 
     </span>
    </p>
   </div>
   <div class='ocr_carea' id='block_1_25' title="bbox 2034 988 3707 1067">
    <p class='ocr_par' dir='ltr' id='par_1_25' title="bbox 2034 988 3707 1067">
     <span class='ocr_line' id='line_1_25' title="bbox 2034 988 3707 1067; baseline 0.001 -22"><span class='ocrx_word' id='word_1_179' title='bbox 2034 991 2358 1062; x_wconf 81' lang='lat' dir='ltr'><strong>impertitur,</strong></span> <span class='ocrx_word' id='word_1_180' title='bbox 2392 1005 2523 1044; x_wconf 87' lang='lat' dir='ltr'><strong>sane</strong></span> <span class='ocrx_word' id='word_1_181' title='bbox 2553 989 2643 1058; x_wconf 89' lang='lat' dir='ltr'><strong>qui</strong></span> <span class='ocrx_word' id='word_1_182' title='bbox 2676 988 2742 1041; x_wconf 89' lang='lat' dir='ltr'><strong>ab</strong></span> <span class='ocrx_word' id='word_1_183' title='bbox 2771 989 2863 1044; x_wconf 86' lang='lat' dir='ltr'><strong>illo</strong></span> <span class='ocrx_word' id='word_1_184' title='bbox 2892 992 2996 1043; x_wconf 92' lang='lat' dir='ltr'><strong>orti</strong></span> <span class='ocrx_word' id='word_1_185' title='bbox 3024 1000 3151 1045; x_wconf 90' lang='lat' dir='ltr'><strong>sunt</strong></span> <span class='ocrx_word' id='word_1_186' title='bbox 3181 991 3339 1062; x_wconf 88' lang='lat' dir='ltr'><strong>longe</strong></span> <span class='ocrx_word' id='word_1_187' title='bbox 3365 992 3602 1048; x_wconf 89' lang='lat' dir='ltr'><strong>deterio-</strong></span> <span class='ocrx_word' id='word_1_188' title='bbox 3701 1063 3707 1067; x_wconf 22' lang='lat'><em>.</em></span> 
     </span>
    </p>
   </div>
   <div class='ocr_carea' id='block_1_26' title="bbox 2034 1083 3607 1157">
    <p class='ocr_par' dir='ltr' id='par_1_26' title="bbox 2034 1083 3607 1157">
     <span class='ocr_line' id='line_1_26' title="bbox 2034 1083 3607 1157; baseline 0.001 -20"><span class='ocrx_word' id='word_1_189' title='bbox 2034 1100 2121 1139; x_wconf 85' lang='lat' dir='ltr'><strong>res</strong></span> <span class='ocrx_word' id='word_1_190' title='bbox 2154 1099 2277 1139; x_wconf 90' lang='lat' dir='ltr'><strong>esse</strong></span> <span class='ocrx_word' id='word_1_191' title='bbox 2309 1083 2527 1145; x_wconf 90' lang='lat' dir='ltr'><strong>debent,</strong></span> <span class='ocrx_word' id='word_1_192' title='bbox 2561 1091 2618 1135; x_wconf 92' lang='lat' dir='ltr'><strong>ut</strong></span> <span class='ocrx_word' id='word_1_193' title='bbox 2645 1098 2712 1134; x_wconf 91' lang='lat' dir='ltr'><strong>ne</strong></span> <span class='ocrx_word' id='word_1_194' title='bbox 2744 1083 2972 1136; x_wconf 88' lang='lat' dir='ltr'><strong>salutem</strong></span> <span class='ocrx_word' id='word_1_195' title='bbox 3002 1083 3219 1150; x_wconf 89' lang='lat' dir='ltr'><strong>quidem</strong></span> <span class='ocrx_word' id='word_1_196' title='bbox 3251 1085 3476 1154; x_wconf 79' lang='lat' dir='ltr'><strong>adipisci</strong></span> <span class='ocrx_word' id='word_1_197' title='bbox 3501 1085 3607 1157; x_wconf 85' lang='lat' dir='ltr'><strong>ipsi</strong></span> 
     </span>
    </p>
   </div>
   <div class='ocr_carea' id='block_1_27' title="bbox 2035 1157 3608 1247">
    <p class='ocr_par' dir='ltr' id='par_1_27' title="bbox 2035 1157 3608 1247">
     <span class='ocr_line' id='line_1_27' title="bbox 2035 1157 3608 1247; baseline 0.002 -17"><span class='ocrx_word' id='word_1_198' title='bbox 2035 1176 2264 1246; x_wconf 86' lang='lat' dir='ltr'><strong>possint.</strong></span> <span class='ocrx_word' id='word_1_199' title='bbox 2291 1175 2371 1229; x_wconf 82' lang='lat' dir='ltr'><strong>Ad</strong></span> <span class='ocrx_word' id='word_1_200' title='bbox 2399 1175 2512 1228; x_wconf 83' lang='lat' dir='ltr'><strong>haec</strong></span> <span class='ocrx_word' id='word_1_201' title='bbox 2533 1189 2602 1239; x_wconf 74' lang='grc' dir='ltr'><strong>ει,</strong></span> <span class='ocrx_word' id='word_1_202' title='bbox 2629 1157 2754 1229; x_wconf 74' lang='lat' dir='ltr'><strong>cuni</strong></span> <span class='ocrx_word' id='word_1_203' title='bbox 2782 1175 2985 1230; x_wconf 88' lang='lat' dir='ltr'><strong>nullam</strong></span> <span class='ocrx_word' id='word_1_204' title='bbox 3004 1176 3268 1244; x_wconf 84' lang='lat' dir='ltr'><strong>privatam</strong></span> <span class='ocrx_word' id='word_1_205' title='bbox 3300 1179 3608 1247; x_wconf 89' lang='lat' dir='ltr'><strong>possessio-</strong></span> 
     </span>
    </p>
   </div>
   <div class='ocr_carea' id='block_1_28' title="bbox 2034 1267 3606 1338">
    <p class='ocr_par' dir='ltr' id='par_1_28' title="bbox 2034 1267 3606 1338">
     <span class='ocr_line' id='line_1_28' title="bbox 2034 1267 3606 1338; baseline 0.002 -16"><span class='ocrx_word' id='word_1_206' title='bbox 2034 1285 2157 1324; x_wconf 88' lang='lat' dir='ltr'><strong>nem</strong></span> <span class='ocrx_word' id='word_1_207' title='bbox 2186 1268 2401 1333; x_wconf 86' lang='lat' dir='ltr'><strong>habeat,</strong></span> <span class='ocrx_word' id='word_1_208' title='bbox 2430 1283 2592 1336; x_wconf 87' lang='lat' dir='ltr'><strong>quam</strong></span> <span class='ocrx_word' id='word_1_209' title='bbox 2623 1267 2882 1330; x_wconf 82' lang='lat' dir='ltr'><strong>vindicet,</strong></span> <span class='ocrx_word' id='word_1_210' title='bbox 2913 1267 2980 1320; x_wconf 90' lang='lat' dir='ltr'><strong>ad</strong></span> <span class='ocrx_word' id='word_1_211' title='bbox 3005 1267 3233 1322; x_wconf 89' lang='lat' dir='ltr'><strong>alienam</strong></span> <span class='ocrx_word' id='word_1_212' title='bbox 3261 1275 3517 1338; x_wconf 87' lang='lat' dir='ltr'><strong>accessit,</strong></span> <span class='ocrx_word' id='word_1_213' title='bbox 3545 1280 3606 1324; x_wconf 92' lang='lat' dir='ltr'><strong>ut</strong></span> 
     </span>
    </p>
   </div>
   <div class='ocr_carea' id='block_1_29' title="bbox 2035 1360 3606 1432">
    <p class='ocr_par' dir='ltr' id='par_1_29' title="bbox 2035 1360 3606 1432">
     <span class='ocr_line' id='line_1_29' title="bbox 2035 1360 3606 1432; baseline 0.001 -18"><span class='ocrx_word' id='word_1_214' title='bbox 2035 1360 2274 1430; x_wconf 89' lang='lat' dir='ltr'><strong>seipsum</strong></span> <span class='ocrx_word' id='word_1_215' title='bbox 2325 1367 2378 1413; x_wconf 93' lang='lat' dir='ltr'><strong>et</strong></span> <span class='ocrx_word' id='word_1_216' title='bbox 2406 1374 2560 1428; x_wconf 91' lang='lat' dir='ltr'><strong>opem</strong></span> <span class='ocrx_word' id='word_1_217' title='bbox 2584 1366 2881 1413; x_wconf 85' lang='lat' dir='ltr'><strong>ostentaret</strong></span> <span class='ocrx_word' id='word_1_218' title='bbox 2902 1373 3078 1423; x_wconf 87' lang='lat' dir='ltr'><strong>suam,</strong></span> <span class='ocrx_word' id='word_1_219' title='bbox 3104 1360 3422 1429; x_wconf 82' lang='lat' dir='ltr'><strong>perplexum</strong></span> <span class='ocrx_word' id='word_1_220' title='bbox 3447 1363 3606 1432; x_wconf 89' lang='lat' dir='ltr'><strong>quid-</strong></span> 
     </span>
    </p>
   </div>
   <div class='ocr_carea' id='block_1_30' title="bbox 2035 1449 3606 1522">
    <p class='ocr_par' dir='ltr' id='par_1_30' title="bbox 2035 1449 3606 1522">
     <span class='ocr_line' id='line_1_30' title="bbox 2035 1449 3606 1522; baseline 0.004 -16"><span class='ocrx_word' id='word_1_221' title='bbox 2035 1453 2160 1506; x_wconf 90' lang='lat' dir='ltr'><strong>dam</strong></span> <span class='ocrx_word' id='word_1_222' title='bbox 2186 1461 2240 1507; x_wconf 91' lang='lat' dir='ltr'><strong>et</strong></span> <span class='ocrx_word' id='word_1_223' title='bbox 2272 1452 2606 1521; x_wconf 87' lang='lat' dir='ltr'><strong>implicatum</strong></span> <span class='ocrx_word' id='word_1_224' title='bbox 2630 1449 2881 1516; x_wconf 82' lang='lat' dir='ltr'><strong>efficitur,</strong></span> <span class='ocrx_word' id='word_1_225' title='bbox 2919 1461 2979 1504; x_wconf 89' lang='lat' dir='ltr'><strong>ut</strong></span> <span class='ocrx_word' id='word_1_226' title='bbox 3002 1467 3123 1522; x_wconf 81' lang='lat' dir='ltr'><strong>quae</strong></span> <span class='ocrx_word' id='word_1_227' title='bbox 3154 1453 3323 1510; x_wconf 89' lang='lat' dir='ltr'><strong>virtus</strong></span> <span class='ocrx_word' id='word_1_228' title='bbox 3354 1470 3443 1510; x_wconf 89' lang='lat' dir='ltr'><strong>res</strong></span> <span class='ocrx_word' id='word_1_229' title='bbox 3475 1471 3606 1512; x_wconf 89' lang='lat' dir='ltr'><strong>suas</strong></span> 
     </span>
    </p>
   </div>
   <div class='ocr_carea' id='block_1_31' title="bbox 2036 1543 3606 1615">
    <p class='ocr_par' dir='ltr' id='par_1_31' title="bbox 2036 1543 3606 1615">
     <span class='ocr_line' id='line_1_31' title="bbox 2036 1543 3606 1615; baseline 0.003 -15"><span class='ocrx_word' id='word_1_230' title='bbox 2036 1561 2254 1600; x_wconf 88' lang='lat' dir='ltr'><strong>servare</strong></span> <span class='ocrx_word' id='word_1_231' title='bbox 2287 1552 2541 1615; x_wconf 88' lang='lat' dir='ltr'><strong>nequeat,</strong></span> <span class='ocrx_word' id='word_1_232' title='bbox 2576 1543 2642 1597; x_wconf 86' lang='lat' dir='ltr'><strong>ad</strong></span> <span class='ocrx_word' id='word_1_233' title='bbox 2674 1543 2878 1598; x_wconf 83' lang='lat' dir='ltr'><strong>alienas</strong></span> <span class='ocrx_word' id='word_1_234' title='bbox 2908 1559 2965 1598; x_wconf 89' lang='lat' dir='ltr'><strong>se</strong></span> <span class='ocrx_word' id='word_1_235' title='bbox 2994 1545 3262 1611; x_wconf 81' lang='lat' dir='ltr'><strong>conferat,</strong></span> <span class='ocrx_word' id='word_1_236' title='bbox 3298 1559 3355 1601; x_wconf 91' lang='lat' dir='ltr'><strong>ut</strong></span> <span class='ocrx_word' id='word_1_237' title='bbox 3386 1549 3517 1604; x_wconf 92' lang='lat' dir='ltr'><strong>illud</strong></span> <span class='ocrx_word' id='word_1_238' title='bbox 3550 1551 3606 1604; x_wconf 91' lang='lat' dir='ltr'><strong>in</strong></span> 
     </span>
    </p>
   </div>
   <div class='ocr_carea' id='block_1_32' title="bbox 2036 1632 3605 1706">
    <p class='ocr_par' dir='ltr' id='par_1_32' title="bbox 2036 1632 3605 1706">
     <span class='ocr_line' id='line_1_32' title="bbox 2036 1632 3605 1706; baseline 0.002 -17"><span class='ocrx_word' id='word_1_239' title='bbox 2036 1636 2105 1690; x_wconf 91' lang='lat' dir='ltr'><strong>iis</strong></span> <span class='ocrx_word' id='word_1_240' title='bbox 2136 1641 2374 1705; x_wconf 63' lang='lat' dir='ltr'><strong>praestet.</strong></span> <span class='ocrx_word' id='word_1_241' title='bbox 2416 1634 2560 1702; x_wconf 91' lang='lat' dir='ltr'><strong>quod</strong></span> <span class='ocrx_word' id='word_1_242' title='bbox 2608 1633 2662 1685; x_wconf 92' lang='lat' dir='ltr'><strong>in</strong></span> <span class='ocrx_word' id='word_1_243' title='bbox 2699 1632 2934 1702; x_wconf 84' lang='lat' dir='ltr'><strong>propriis</strong></span> <span class='ocrx_word' id='word_1_244' title='bbox 2975 1649 3230 1689; x_wconf 86' lang='lat' dir='ltr'><strong>exercere</strong></span> <span class='ocrx_word' id='word_1_245' title='bbox 3265 1651 3372 1690; x_wconf 92' lang='lat' dir='ltr'><strong>non</strong></span> <span class='ocrx_word' id='word_1_246' title='bbox 3405 1639 3605 1706; x_wconf 90' lang='lat' dir='ltr'><strong>potuit.</strong></span> 
     </span>
    </p>
   </div>
   <div class='ocr_carea' id='block_1_33' title="bbox 359 1725 1945 1799">
    <p class='ocr_par' dir='ltr' id='par_1_33' title="bbox 359 1728 1938 1799">
     <span class='ocr_line' id='line_1_33' title="bbox 359 1728 1938 1799; baseline 0.001 -19"><span class='ocrx_word' id='word_1_247' title='bbox 359 1728 487 1780; x_wconf 81' lang='grc' dir='ltr'>οὐδὲ</span> <span class='ocrx_word' id='word_1_248' title='bbox 521 1728 883 1792; x_wconf 84' lang='grc' dir='ltr'>ἑνυπόστατος</span> <span class='ocrx_word' id='word_1_249' title='bbox 913 1729 1044 1792; x_wconf 86' lang='grc' dir='ltr'>Θεὸς</span> <span class='ocrx_word' id='word_1_250' title='bbox 1086 1729 1262 1792; x_wconf 82' lang='grc' dir='ltr'>ἄλλος,</span> <span class='ocrx_word' id='word_1_251' title='bbox 1304 1728 1377 1799; x_wconf 86' lang='grc' dir='ltr'>μὴ</span> <span class='ocrx_word' id='word_1_252' title='bbox 1404 1729 1647 1798; x_wconf 81' lang='grc' dir='ltr'>γένοιτοί</span> <span class='ocrx_word' id='word_1_253' title='bbox 1677 1728 1807 1792; x_wconf 85' lang='grc' dir='ltr'>Θεὸς</span> <span class='ocrx_word' id='word_1_254' title='bbox 1829 1730 1938 1798; x_wconf 88' lang='grc' dir='ltr'>γὰρ</span> 
     </span>
    </p>
   </div>
   <div class='ocr_carea' id='block_1_34' title="bbox 2048 1725 3611 1799">
    <p class='ocr_par' dir='ltr' id='par_1_34' title="bbox 2048 1725 3611 1796">
     <span class='ocr_line' id='line_1_34' title="bbox 2048 1725 3611 1796; baseline 0.004 -16"><span class='ocrx_word' id='word_1_255' title='bbox 2048 1725 2153 1780; x_wconf 86' lang='lat' dir='ltr'><strong>Hoc</strong></span> <span class='ocrx_word' id='word_1_256' title='bbox 2197 1726 2363 1796; x_wconf 79' lang='lat' dir='ltr'><strong>igitur</strong></span> <span class='ocrx_word' id='word_1_257' title='bbox 2409 1725 2580 1778; x_wconf 89' lang='lat' dir='ltr'><strong>modo.</strong></span> <span class='ocrx_word' id='word_1_258' title='bbox 2617 1725 2727 1778; x_wconf 90' lang='lat' dir='ltr'><strong>ruit</strong></span> <span class='ocrx_word' id='word_1_259' title='bbox 2775 1725 2952 1780; x_wconf 87' lang='lat' dir='ltr'><strong>omnis</strong></span> <span class='ocrx_word' id='word_1_260' title='bbox 2991 1726 3081 1780; x_wconf 90' lang='lat' dir='ltr'><strong>illa</strong></span> <span class='ocrx_word' id='word_1_261' title='bbox 3130 1725 3198 1782; x_wconf 92' lang='lat' dir='ltr'><strong>de</strong></span> <span class='ocrx_word' id='word_1_262' title='bbox 3240 1725 3522 1786; x_wconf 89' lang='lat' dir='ltr'><strong>Salvatore</strong></span> <span class='ocrx_word' id='word_1_263' title='bbox 3544 1745 3611 1787; x_wconf 87' lang='lat' dir='ltr'><strong>ac</strong></span> 
     </span>
    </p>
   </div>
   <div class='ocr_carea' id='block_1_35' title="bbox 360 1798 1945 1892">
    <p class='ocr_par' dir='ltr' id='par_1_35' title="bbox 360 1798 1937 1892">
     <span class='ocr_line' id='line_1_35' title="bbox 360 1798 1937 1892; baseline 0 -19"><span class='ocrx_word' id='word_1_264' title='bbox 360 1823 392 1874; x_wconf 83' lang='lat'><strong>6</strong></span> <span class='ocrx_word' id='word_1_265' title='bbox 424 1820 645 1874; x_wconf 86' lang='grc' dir='ltr'>πάντων</span> <span class='ocrx_word' id='word_1_266' title='bbox 675 1823 972 1892; x_wconf 84' lang='grc' dir='ltr'>Δεσπότης,</span> <span class='ocrx_word' id='word_1_267' title='bbox 1001 1822 1030 1873; x_wconf 88' lang='grc' dir='ltr'><strong>ὁ</strong></span> <span class='ocrx_word' id='word_1_268' title='bbox 1068 1824 1160 1875; x_wconf 87' lang='grc' dir='ltr'><strong>τὸν</strong></span> <span class='ocrx_word' id='word_1_269' title='bbox 1190 1798 1392 1892; x_wconf 79' lang='grc' dir='ltr'>κόσμον</span> <span class='ocrx_word' id='word_1_270' title='bbox 1427 1823 1679 1892; x_wconf 85' lang='grc' dir='ltr'>ποιήσας,</span> <span class='ocrx_word' id='word_1_271' title='bbox 1715 1816 1795 1884; x_wconf 77' lang='grc' dir='ltr'>εἷς</span> <span class='ocrx_word' id='word_1_272' title='bbox 1821 1823 1937 1874; x_wconf 84' lang='grc' dir='ltr'>ἐστι</span> 
     </span>
    </p>
   </div>
   <div class='ocr_carea' id='block_1_36' title="bbox 2048 1798 3611 1892">
    <p class='ocr_par' dir='ltr' id='par_1_36' title="bbox 2048 1815 3611 1888">
     <span class='ocr_line' id='line_1_36' title="bbox 2048 1815 3611 1888; baseline 0.003 -13"><span class='ocrx_word' id='word_1_273' title='bbox 2048 1821 2224 1875; x_wconf 86' lang='lat' dir='ltr'><strong>saeculi</strong></span> <span class='ocrx_word' id='word_1_274' title='bbox 2273 1819 2436 1888; x_wconf 88' lang='lat' dir='ltr'><strong>hujus</strong></span> <span class='ocrx_word' id='word_1_275' title='bbox 2479 1817 2721 1887; x_wconf 88' lang='lat' dir='ltr'><strong>principe</strong></span> <span class='ocrx_word' id='word_1_276' title='bbox 2772 1815 3054 1872; x_wconf 67' lang='lat' dir='ltr'><strong>Manicbaai</strong></span> <span class='ocrx_word' id='word_1_277' title='bbox 3101 1821 3385 1874; x_wconf 88' lang='lat' dir='ltr'><strong>sententia.</strong></span> <span class='ocrx_word' id='word_1_278' title='bbox 3437 1821 3515 1875; x_wconf 86' lang='lat' dir='ltr'><strong>Ac</strong></span> <span class='ocrx_word' id='word_1_279' title='bbox 3562 1839 3611 1879; x_wconf 85' lang='lat' dir='ltr'><strong>st</strong></span> 
     </span>
    </p>
   </div>
   <div class='ocr_carea' id='block_1_37' title="bbox 361 1909 1945 1984">
    <p class='ocr_par' dir='ltr' id='par_1_37' title="bbox 361 1911 1934 1982">
     <span class='ocr_line' id='line_1_37' title="bbox 361 1911 1934 1982; baseline 0.002 -18"><span class='ocrx_word' id='word_1_280' title='bbox 361 1911 518 1975; x_wconf 85' lang='grc' dir='ltr'>Θεὸς,</span> <span class='ocrx_word' id='word_1_281' title='bbox 551 1915 580 1966; x_wconf 90' lang='lat'><strong>6</strong></span> <span class='ocrx_word' id='word_1_282' title='bbox 603 1913 808 1981; x_wconf 82' lang='grc' dir='ltr'>Πατὴρ</span> <span class='ocrx_word' id='word_1_283' title='bbox 833 1913 940 1966; x_wconf 86' lang='grc' dir='ltr'>τοῦ</span> <span class='ocrx_word' id='word_1_284' title='bbox 972 1914 1193 1981; x_wconf 80' lang='grc' dir='ltr'>Κυρίου</span> <span class='ocrx_word' id='word_1_285' title='bbox 1222 1912 1388 1982; x_wconf 68' lang='grc' dir='ltr'><strong>ἡμῶν</strong></span> <span class='ocrx_word' id='word_1_286' title='bbox 1423 1913 1624 1981; x_wconf 87' lang='grc' dir='ltr'>Ἰησοῦ</span> <span class='ocrx_word' id='word_1_287' title='bbox 1655 1913 1934 1982; x_wconf 82' lang='grc' dir='ltr'>Χριστοῦ,</span> 
     </span>
    </p>
   </div>
   <div class='ocr_carea' id='block_1_38' title="bbox 2048 1909 3612 1984">
    <p class='ocr_par' dir='ltr' id='par_1_38' title="bbox 2048 1909 3612 1984">
     <span class='ocr_line' id='line_1_38' title="bbox 2048 1909 3612 1984; baseline 0.003 -17"><span class='ocrx_word' id='word_1_288' title='bbox 2048 1913 2188 1984; x_wconf 86' lang='lat' dir='ltr'><strong>quod</strong></span> <span class='ocrx_word' id='word_1_289' title='bbox 2245 1928 2331 1966; x_wconf 89' lang='lat' dir='ltr'><strong>res</strong></span> <span class='ocrx_word' id='word_1_290' title='bbox 2376 1918 2459 1965; x_wconf 90' lang='lat' dir='ltr'><strong>est</strong></span> <span class='ocrx_word' id='word_1_291' title='bbox 2507 1909 2661 1965; x_wconf 81' lang='lat' dir='ltr'><strong>fateri</strong></span> <span class='ocrx_word' id='word_1_292' title='bbox 2692 1911 2964 1973; x_wconf 90' lang='lat' dir='ltr'><strong>volumus,</strong></span> <span class='ocrx_word' id='word_1_293' title='bbox 3013 1911 3173 1966; x_wconf 91' lang='lat' dir='ltr'><strong>istius</strong></span> <span class='ocrx_word' id='word_1_294' title='bbox 3223 1914 3406 1978; x_wconf 73' lang='lat' dir='ltr'><strong>szequli</strong></span> <span class='ocrx_word' id='word_1_295' title='bbox 3467 1912 3612 1972; x_wconf 85' lang='lat' dir='ltr'><strong>Deus</strong></span> 
     </span>
    </p>
   </div>
   <div class='ocr_carea' id='block_1_39' title="bbox 361 1999 1945 2069">
    <p class='ocr_par' dir='ltr' id='par_1_39' title="bbox 361 2004 1048 2057">
     <span class='ocr_line' id='line_1_39' title="bbox 361 2004 1048 2057; baseline 0.001 -1"><span class='ocrx_word' id='word_1_296' title='bbox 361 2004 460 2056; x_wconf 82' lang='grc' dir='ltr'>καὶ</span> <span class='ocrx_word' id='word_1_297' title='bbox 481 2004 735 2057; x_wconf 78' lang='grc' dir='ltr'>οὐδέποτε</span> <span class='ocrx_word' id='word_1_298' title='bbox 763 2004 1048 2057; x_wconf 83' lang='grc' dir='ltr'>διαλείπει.</span> 
     </span>
    </p>
   </div>
   <div class='ocr_carea' id='block_1_40' title="bbox 2048 1999 3611 2069">
    <p class='ocr_par' dir='ltr' id='par_1_40' title="bbox 2048 1999 3611 2069">
     <span class='ocr_line' id='line_1_40' title="bbox 2048 1999 3611 2069; baseline 0.004 -11"><span class='ocrx_word' id='word_1_299' title='bbox 2048 2021 2153 2059; x_wconf 92' lang='lat' dir='ltr'><strong>non</strong></span> <span class='ocrx_word' id='word_1_300' title='bbox 2188 2004 2328 2057; x_wconf 88' lang='lat' dir='ltr'><strong>alius</strong></span> <span class='ocrx_word' id='word_1_301' title='bbox 2369 2010 2474 2069; x_wconf 85' lang='lat' dir='ltr'><strong>est,</strong></span> <span class='ocrx_word' id='word_1_302' title='bbox 2525 2017 2554 2055; x_wconf 91' lang='lat' dir='ltr'><strong>a</strong></span> <span class='ocrx_word' id='word_1_303' title='bbox 2594 2017 2724 2055; x_wconf 86' lang='lat' dir='ltr'><strong>vero</strong></span> <span class='ocrx_word' id='word_1_304' title='bbox 2755 1999 2862 2055; x_wconf 89' lang='lat' dir='ltr'><strong>Deo</strong></span> <span class='ocrx_word' id='word_1_305' title='bbox 2891 2001 3160 2065; x_wconf 89' lang='lat' dir='ltr'><strong>diversus,</strong></span> <span class='ocrx_word' id='word_1_306' title='bbox 3211 2019 3311 2060; x_wconf 89' lang='lat' dir='ltr'><strong>nec</strong></span> <span class='ocrx_word' id='word_1_307' title='bbox 3342 2007 3450 2061; x_wconf 86' lang='lat' dir='ltr'><strong>ulla</strong></span> <span class='ocrx_word' id='word_1_308' title='bbox 3479 2011 3611 2065; x_wconf 91' lang='lat' dir='ltr'><strong>sub-</strong></span> 
     </span>
    </p>
   </div>
   <div class='ocr_carea' id='block_1_41' title="bbox 363 2096 3616 2172">
    <p class='ocr_par' dir='ltr' id='par_1_41' title="bbox 363 2096 3616 2172">
     <span class='ocr_line' id='line_1_41' title="bbox 363 2096 3616 2172; baseline 0.002 -20"><span class='ocrx_word' id='word_1_309' title='bbox 363 2099 569 2153; x_wconf 85' lang='lat' dir='ltr'><strong>stantia</strong></span> <span class='ocrx_word' id='word_1_310' title='bbox 591 2102 852 2170; x_wconf 75' lang='lat' dir='ltr'><strong>praeditus</strong></span> <span class='ocrx_word' id='word_1_311' title='bbox 907 2102 1069 2156; x_wconf 88' lang='lat' dir='ltr'><strong>alius.</strong></span> <span class='ocrx_word' id='word_1_312' title='bbox 1124 2099 1400 2172; x_wconf 87' lang='lat' dir='ltr'><strong>Siquidem</strong></span> <span class='ocrx_word' id='word_1_313' title='bbox 1435 2100 1694 2157; x_wconf 90' lang='lat' dir='ltr'><strong>Dominus</strong></span> <span class='ocrx_word' id='word_1_314' title='bbox 1755 2103 1998 2156; x_wconf 88' lang='lat' dir='ltr'><strong>omnium</strong></span> <span class='ocrx_word' id='word_1_315' title='bbox 2033 2100 2207 2165; x_wconf 90' lang='lat' dir='ltr'><strong>Deus,</strong></span> <span class='ocrx_word' id='word_1_316' title='bbox 2262 2114 2324 2153; x_wconf 91' lang='lat' dir='ltr'><strong>ac</strong></span> <span class='ocrx_word' id='word_1_317' title='bbox 2372 2098 2559 2152; x_wconf 91' lang='lat' dir='ltr'><strong>mundi</strong></span> <span class='ocrx_word' id='word_1_318' title='bbox 2607 2097 2856 2152; x_wconf 88' lang='lat' dir='ltr'><strong>conditor</strong></span> <span class='ocrx_word' id='word_1_319' title='bbox 2899 2096 3041 2154; x_wconf 80' lang='lat' dir='ltr'><strong>Deus</strong></span> <span class='ocrx_word' id='word_1_320' title='bbox 3090 2116 3234 2156; x_wconf 90' lang='lat' dir='ltr'><strong>unus</strong></span> <span class='ocrx_word' id='word_1_321' title='bbox 3291 2112 3405 2168; x_wconf 90' lang='lat' dir='ltr'><strong>est,</strong></span> <span class='ocrx_word' id='word_1_322' title='bbox 3449 2104 3616 2160; x_wconf 83' lang='lat' dir='ltr'><strong>Pater</strong></span> 
     </span>
    </p>
   </div>
   <div class='ocr_carea' id='block_1_42' title="bbox 369 2193 1285 2260">
    <p class='ocr_par' dir='ltr' id='par_1_42' title="bbox 369 2193 1285 2260">
     <span class='ocr_line' id='line_1_42' title="bbox 369 2193 1285 2260; baseline 0.002 -13"><span class='ocrx_word' id='word_1_323' title='bbox 369 2193 584 2248; x_wconf 81' lang='lat' dir='ltr'><strong>Domini</strong></span> <span class='ocrx_word' id='word_1_324' title='bbox 632 2194 801 2248; x_wconf 78' lang='lat' dir='ltr'><strong>nostri</strong></span> <span class='ocrx_word' id='word_1_325' title='bbox 845 2193 974 2248; x_wconf 83' lang='lat' dir='ltr'><strong>Jesu</strong></span> <span class='ocrx_word' id='word_1_326' title='bbox 1026 2193 1285 2260; x_wconf 76' lang='lat' dir='ltr'><strong>Christi‘,</strong></span> 
     </span>
    </p>
   </div>
   <div class='ocr_carea' id='block_1_43' title="bbox 434 2281 1943 2359">
    <p class='ocr_par' dir='ltr' id='par_1_43' title="bbox 434 2281 1943 2359">
     <span class='ocr_line' id='line_1_43' title="bbox 434 2281 1943 2359; baseline 0.002 -22"><span class='ocrx_word' id='word_1_327' title='bbox 434 2285 554 2338; x_wconf 64' lang='grc' dir='ltr'>ΞΘ.</span> <span class='ocrx_word' id='word_1_328' title='bbox 597 2287 733 2357; x_wconf 76' lang='grc' dir='ltr'>Περὶ</span> <span class='ocrx_word' id='word_1_329' title='bbox 767 2281 827 2340; x_wconf 79' lang='grc' dir='ltr'><strong>οὗ</strong></span> <span class='ocrx_word' id='word_1_330' title='bbox 852 2287 909 2338; x_wconf 90' lang='grc' dir='ltr'>δὲ</span> <span class='ocrx_word' id='word_1_331' title='bbox 952 2289 980 2339; x_wconf 91' lang='lat'><strong>6</strong></span> <span class='ocrx_word' id='word_1_332' title='bbox 1035 2287 1353 2351; x_wconf 81' lang='grc' dir='ltr'>Ἀπύστολος</span> <span class='ocrx_word' id='word_1_333' title='bbox 1389 2288 1566 2356; x_wconf 86' lang='grc' dir='ltr'>λέγει,</span> <span class='ocrx_word' id='word_1_334' title='bbox 1599 2288 1657 2340; x_wconf 86' lang='grc' dir='ltr'>ὃν</span> <span class='ocrx_word' id='word_1_335' title='bbox 1690 2289 1943 2359; x_wconf 82' lang='grc' dir='ltr'>ᾑρέτισαν</span> 
     </span>
    </p>
   </div>
   <div class='ocr_carea' id='block_1_44' title="bbox 361 2373 1945 2449">
    <p class='ocr_par' dir='ltr' id='par_1_44' title="bbox 361 2373 1945 2449">
     <span class='ocr_line' id='line_1_44' title="bbox 361 2373 1945 2449; baseline 0.001 -18"><span class='ocrx_word' id='word_1_336' title='bbox 361 2379 460 2431; x_wconf 85' lang='grc' dir='ltr'><strong>τὸν</strong></span> <span class='ocrx_word' id='word_1_337' title='bbox 491 2379 622 2430; x_wconf 85' lang='grc' dir='ltr'>Θεὸν</span> <span class='ocrx_word' id='word_1_338' title='bbox 652 2379 858 2430; x_wconf 78' lang='grc' dir='ltr'>ἑαυτῶν</span> <span class='ocrx_word' id='word_1_339' title='bbox 891 2373 1030 2432; x_wconf 78' lang='grc' dir='ltr'>εἶναι</span> <span class='ocrx_word' id='word_1_340' title='bbox 1055 2380 1104 2431; x_wconf 82' lang='grc' dir='ltr'><strong>οἱ</strong></span> <span class='ocrx_word' id='word_1_341' title='bbox 1138 2378 1374 2442; x_wconf 85' lang='grc' dir='ltr'>ἄπιστοι,</span> <span class='ocrx_word' id='word_1_342' title='bbox 1408 2380 1468 2432; x_wconf 83' lang='grc' dir='ltr'><strong>οὐ</strong></span> <span class='ocrx_word' id='word_1_343' title='bbox 1503 2379 1660 2449; x_wconf 88' lang='grc' dir='ltr'>μόνον</span> <span class='ocrx_word' id='word_1_344' title='bbox 1683 2379 1824 2447; x_wconf 82' lang='grc' dir='ltr'>λέγω</span> <span class='ocrx_word' id='word_1_345' title='bbox 1848 2380 1945 2433; x_wconf 70' lang='grc' dir='ltr'><strong>ἕνα</strong></span> 
     </span>
    </p>
   </div>
   <div class='ocr_carea' id='block_1_45' title="bbox 364 2466 1945 2542">
    <p class='ocr_par' dir='ltr' id='par_1_45' title="bbox 364 2466 1945 2542">
     <span class='ocr_line' id='line_1_45' title="bbox 364 2466 1945 2542; baseline 0.001 -21"><span class='ocrx_word' id='word_1_346' title='bbox 364 2470 501 2522; x_wconf 83' lang='grc' dir='ltr'>Θεὸν</span> <span class='ocrx_word' id='word_1_347' title='bbox 530 2466 668 2524; x_wconf 81' lang='grc' dir='ltr'>εἶναι</span> <span class='ocrx_word' id='word_1_348' title='bbox 701 2469 796 2524; x_wconf 80' lang='grc' dir='ltr'>τοῦ</span> <span class='ocrx_word' id='word_1_349' title='bbox 832 2469 1028 2533; x_wconf 75' lang='grc' dir='ltr'>αἰῶνος</span> <span class='ocrx_word' id='word_1_350' title='bbox 1061 2471 1272 2536; x_wconf 88' lang='grc' dir='ltr'>τούτου,</span> <span class='ocrx_word' id='word_1_351' title='bbox 1309 2471 1382 2542; x_wconf 83' lang='grc' dir='ltr'>μὴ</span> <span class='ocrx_word' id='word_1_352' title='bbox 1414 2471 1650 2540; x_wconf 74' lang='grc' dir='ltr'>γένοιτοῐ</span> <span class='ocrx_word' id='word_1_353' title='bbox 1689 2471 1825 2526; x_wconf 88' lang='grc' dir='ltr'><strong>ἀλλά</strong></span> <span class='ocrx_word' id='word_1_354' title='bbox 1853 2473 1945 2526; x_wconf 79' lang='grc' dir='ltr'>καὶ</span> 
     </span>
    </p>
   </div>
   <div class='ocr_carea' id='block_1_46' title="bbox 365 2555 1950 2628">
    <p class='ocr_par' dir='ltr' id='par_1_46' title="bbox 365 2555 1950 2628">
     <span class='ocr_line' id='line_1_46' title="bbox 365 2555 1950 2628; baseline 0.003 -16"><span class='ocrx_word' id='word_1_355' title='bbox 365 2562 619 2625; x_wconf 78' lang='grc' dir='ltr'>πολλοὺς,</span> <span class='ocrx_word' id='word_1_356' title='bbox 657 2555 738 2624; x_wconf 77' lang='grc' dir='ltr'>οἷς</span> <span class='ocrx_word' id='word_1_357' title='bbox 778 2563 1004 2624; x_wconf 80' lang='grc' dir='ltr'>ἑαυτοὺς</span> <span class='ocrx_word' id='word_1_358' title='bbox 1042 2562 1313 2627; x_wconf 74' lang='grc' dir='ltr'>ὑπέταξαν</span> <span class='ocrx_word' id='word_1_359' title='bbox 1351 2566 1400 2616; x_wconf 80' lang='grc' dir='ltr'>οἱ</span> <span class='ocrx_word' id='word_1_360' title='bbox 1437 2565 1676 2628; x_wconf 80' lang='grc' dir='ltr'>ἄπιστοι,</span> <span class='ocrx_word' id='word_1_361' title='bbox 1712 2565 1804 2617; x_wconf 76' lang='grc' dir='ltr'><strong>καὶ</strong></span> <span class='ocrx_word' id='word_1_362' title='bbox 1833 2566 1950 2617; x_wconf 86' lang='grc' dir='ltr'>ἐτυ-</span> 
     </span>
    </p>
   </div>
   <div class='ocr_carea' id='block_1_47' title="bbox 367 2651 1940 2726">
    <p class='ocr_par' dir='ltr' id='par_1_47' title="bbox 367 2651 1940 2726">
     <span class='ocr_line' id='line_1_47' title="bbox 367 2651 1940 2726; baseline 0.002 -23"><span class='ocrx_word' id='word_1_363' title='bbox 367 2651 664 2724; x_wconf 84' lang='grc' dir='ltr'>φλώθησαν</span> <span class='ocrx_word' id='word_1_364' title='bbox 694 2653 792 2723; x_wconf 82' lang='grc' dir='ltr'><strong>τὴν</strong></span> <span class='ocrx_word' id='word_1_365' title='bbox 814 2653 1050 2707; x_wconf 87' lang='grc' dir='ltr'>διάνοιαν</span> <span class='ocrx_word' id='word_1_366' title='bbox 1070 2669 1083 2681; x_wconf 89' lang='grc'><strong>·</strong></span> <span class='ocrx_word' id='word_1_367' title='bbox 1109 2653 1184 2716; x_wconf 85' lang='grc' dir='ltr'>ὡς</span> <span class='ocrx_word' id='word_1_368' title='bbox 1217 2655 1310 2707; x_wconf 78' lang='grc' dir='ltr'><strong>καὶ</strong></span> <span class='ocrx_word' id='word_1_369' title='bbox 1337 2656 1394 2707; x_wconf 86' lang='grc' dir='ltr'><strong>ἐν</strong></span> <span class='ocrx_word' id='word_1_370' title='bbox 1425 2654 1570 2726; x_wconf 81' lang='grc' dir='ltr'>ἄλλῳ</span> <span class='ocrx_word' id='word_1_371' title='bbox 1599 2655 1751 2726; x_wconf 86' lang='grc' dir='ltr'>τόπῳ</span> <span class='ocrx_word' id='word_1_372' title='bbox 1777 2654 1940 2723; x_wconf 79' lang='grc' dir='ltr'>λέγει·</span> 
     </span>
    </p>
   </div>
   <div class='ocr_carea' id='block_1_48' title="bbox 367 2738 1948 2816">
    <p class='ocr_par' dir='ltr' id='par_1_48' title="bbox 367 2738 1948 2816">
     <span class='ocr_line' id='line_1_48' title="bbox 367 2738 1948 2816; baseline 0.001 -18"><span class='ocrx_word' id='word_1_373' title='bbox 367 2738 486 2798; x_wconf 75' lang='grc' dir='ltr'><em>Ὧν</em></span> <span class='ocrx_word' id='word_1_374' title='bbox 512 2748 546 2797; x_wconf 83' lang='grc' dir='ltr'><em>ὀ</em></span> <span class='ocrx_word' id='word_1_375' title='bbox 590 2745 732 2808; x_wconf 79' lang='grc' dir='ltr'>Θεὸς</span> <span class='ocrx_word' id='word_1_376' title='bbox 765 2747 802 2812; x_wconf 77' lang='grc' dir='ltr'>ἡ</span> <span class='ocrx_word' id='word_1_377' title='bbox 843 2745 1059 2808; x_wconf 78' lang='grc' dir='ltr'>κοιλία,</span> <span class='ocrx_word' id='word_1_378' title='bbox 1087 2744 1188 2798; x_wconf 72' lang='grc' dir='ltr'><strong>καὶ</strong></span> <span class='ocrx_word' id='word_1_379' title='bbox 1220 2746 1258 2811; x_wconf 72' lang='grc' dir='ltr'><strong><em>ἡ</em></strong></span> <span class='ocrx_word' id='word_1_380' title='bbox 1287 2744 1436 2808; x_wconf 79' lang='grc' dir='ltr'>δόξα</span> <span class='ocrx_word' id='word_1_381' title='bbox 1468 2746 1537 2798; x_wconf 83' lang='grc' dir='ltr'>ἐν</span> <span class='ocrx_word' id='word_1_382' title='bbox 1575 2744 1650 2814; x_wconf 80' lang='grc' dir='ltr'>τῇ</span> <span class='ocrx_word' id='word_1_383' title='bbox 1685 2747 1948 2816; x_wconf 75' lang='grc' dir='ltr'>αἰσχύνῃ</span> 
     </span>
    </p>
   </div>
   <div class='ocr_carea' id='block_1_49' title="bbox 365 2834 1948 2906">
    <p class='ocr_par' dir='ltr' id='par_1_49' title="bbox 365 2834 1948 2906">
     <span class='ocr_line' id='line_1_49' title="bbox 365 2834 1948 2906; baseline 0.002 -19"><span class='ocrx_word' id='word_1_384' title='bbox 365 2835 594 2889; x_wconf 75' lang='grc' dir='ltr'>αὐτῶνο</span> <span class='ocrx_word' id='word_1_385' title='bbox 619 2837 714 2889; x_wconf 70' lang='grc' dir='ltr'>καὶ</span> <span class='ocrx_word' id='word_1_386' title='bbox 734 2838 764 2888; x_wconf 89' lang='lat'><strong>6</strong></span> <span class='ocrx_word' id='word_1_387' title='bbox 794 2835 998 2906; x_wconf 83' lang='grc' dir='ltr'>Κύριος</span> <span class='ocrx_word' id='word_1_388' title='bbox 1024 2837 1081 2888; x_wconf 85' lang='grc' dir='ltr'><strong>ἐν</strong></span> <span class='ocrx_word' id='word_1_389' title='bbox 1108 2834 1187 2906; x_wconf 82' lang='grc' dir='ltr'>τῷ</span> <span class='ocrx_word' id='word_1_390' title='bbox 1207 2835 1538 2906; x_wconf 85' lang='grc' dir='ltr'>Εὐαγγελίῳ·</span> <span class='ocrx_word' id='word_1_391' title='bbox 1577 2838 1657 2888; x_wconf 87' lang='grc' dir='ltr'><strong>οὺ</strong></span> <span class='ocrx_word' id='word_1_392' title='bbox 1684 2835 1948 2890; x_wconf 81' lang='grc' dir='ltr'>δύνασθε</span> 
     </span>
    </p>
   </div>
   <div class='ocr_carea' id='block_1_50' title="bbox 367 2923 1945 2997">
    <p class='ocr_par' dir='ltr' id='par_1_50' title="bbox 367 2923 1945 2997">
     <span class='ocr_line' id='line_1_50' title="bbox 367 2923 1945 2997; baseline -0.001 -17"><span class='ocrx_word' id='word_1_393' title='bbox 367 2928 517 2982; x_wconf 78' lang='grc' dir='ltr'>δυσὶ</span> <span class='ocrx_word' id='word_1_394' title='bbox 555 2928 776 2994; x_wconf 75' lang='grc' dir='ltr'>κυρίοις</span> <span class='ocrx_word' id='word_1_395' title='bbox 815 2926 1164 2990; x_wconf 80' lang='grc' dir='ltr'>δουλεύείν,</span> <span class='ocrx_word' id='word_1_396' title='bbox 1201 2935 1384 2997; x_wconf 80' lang='grc' dir='ltr'>φησιν.</span> <span class='ocrx_word' id='word_1_397' title='bbox 1417 2923 1549 2978; x_wconf 80' lang='grc' dir='ltr'>Εἶτα</span> <span class='ocrx_word' id='word_1_398' title='bbox 1587 2925 1725 2997; x_wconf 86' lang='grc' dir='ltr'><strong>μετά</strong></span> <span class='ocrx_word' id='word_1_399' title='bbox 1758 2925 1945 2990; x_wconf 85' lang='grc' dir='ltr'>πολλὰ,</span> 
     </span>
    </p>
   </div>
   <div class='ocr_carea' id='block_1_51' title="bbox 371 3014 1948 3087">
    <p class='ocr_par' dir='ltr' id='par_1_51' title="bbox 371 3014 1948 3087">
     <span class='ocr_line' id='line_1_51' title="bbox 371 3014 1948 3087; baseline -0.002 -16"><span class='ocrx_word' id='word_1_400' title='bbox 371 3016 465 3071; x_wconf 80' lang='grc' dir='ltr'><strong>ἴνα</strong></span> <span class='ocrx_word' id='word_1_401' title='bbox 492 3015 640 3087; x_wconf 81' lang='grc' dir='ltr'>δείξῃ</span> <span class='ocrx_word' id='word_1_402' title='bbox 685 3017 826 3080; x_wconf 83' lang='grc' dir='ltr'>τίνες</span> <span class='ocrx_word' id='word_1_403' title='bbox 860 3017 1000 3070; x_wconf 82' lang='grc' dir='ltr'>εἰσὶν</span> <span class='ocrx_word' id='word_1_404' title='bbox 1049 3019 1098 3069; x_wconf 78' lang='grc' dir='ltr'>οἱ</span> <span class='ocrx_word' id='word_1_405' title='bbox 1133 3016 1226 3069; x_wconf 89' lang='grc' dir='ltr'><strong>δύο</strong></span> <span class='ocrx_word' id='word_1_406' title='bbox 1269 3014 1467 3087; x_wconf 85' lang='grc' dir='ltr'>κύριοι,</span> <span class='ocrx_word' id='word_1_407' title='bbox 1504 3016 1687 3086; x_wconf 61' lang='grc' dir='ltr'>φησίν</span> <span class='ocrx_word' id='word_1_408' title='bbox 1730 3017 1813 3069; x_wconf 85' lang='grc' dir='ltr'><strong>Οὐ</strong></span> <span class='ocrx_word' id='word_1_409' title='bbox 1846 3014 1948 3068; x_wconf 86' lang='grc' dir='ltr'>δύ-</span> 
     </span>
    </p>
   </div>
   <div class='ocr_carea' id='block_1_52' title="bbox 369 3100 1948 3178">
    <p class='ocr_par' dir='ltr' id='par_1_52' title="bbox 369 3100 1948 3178">
     <span class='ocr_line' id='line_1_52' title="bbox 369 3100 1948 3178; baseline -0.001 -16"><span class='ocrx_word' id='word_1_410' title='bbox 369 3111 567 3162; x_wconf 74' lang='grc' dir='ltr'>νασθε</span> <span class='ocrx_word' id='word_1_411' title='bbox 606 3109 728 3173; x_wconf 86' lang='grc' dir='ltr'>Θεῷ</span> <span class='ocrx_word' id='word_1_412' title='bbox 773 3108 1085 3162; x_wconf 79' lang='grc' dir='ltr'>δουλεύειν</span> <span class='ocrx_word' id='word_1_413' title='bbox 1118 3109 1214 3162; x_wconf 82' lang='grc' dir='ltr'>καί</span> <span class='ocrx_word' id='word_1_414' title='bbox 1246 3106 1568 3177; x_wconf 77' lang='grc' dir='ltr'>μαμμωνᾷ.</span> <span class='ocrx_word' id='word_1_415' title='bbox 1614 3107 1754 3178; x_wconf 83' lang='grc' dir='ltr'>Ἀρα</span> <span class='ocrx_word' id='word_1_416' title='bbox 1793 3100 1885 3159; x_wconf 82' lang='grc' dir='ltr'><strong>οὖν</strong></span> <span class='ocrx_word' id='word_1_417' title='bbox 1920 3108 1948 3160; x_wconf 94' lang='lat'><strong>6</strong></span> 
     </span>
    </p>
   </div>
   <div class='ocr_carea' id='block_1_53' title="bbox 369 3193 1948 3267">
    <p class='ocr_par' dir='ltr' id='par_1_53' title="bbox 369 3193 1948 3267">
     <span class='ocr_line' id='line_1_53' title="bbox 369 3193 1948 3267; baseline -0.003 -17"><span class='ocrx_word' id='word_1_418' title='bbox 369 3199 508 3260; x_wconf 86' lang='grc' dir='ltr'>Θεὸς</span> <span class='ocrx_word' id='word_1_419' title='bbox 532 3197 684 3261; x_wconf 85' lang='grc' dir='ltr'>Θεὸς,</span> <span class='ocrx_word' id='word_1_420' title='bbox 716 3198 812 3249; x_wconf 77' lang='grc' dir='ltr'>καὶ</span> <span class='ocrx_word' id='word_1_421' title='bbox 852 3197 1158 3267; x_wconf 82' lang='grc' dir='ltr'>μαμμωνᾶς</span> <span class='ocrx_word' id='word_1_422' title='bbox 1186 3196 1317 3258; x_wconf 85' lang='grc' dir='ltr'>Θεὸς</span> <span class='ocrx_word' id='word_1_423' title='bbox 1339 3196 1431 3248; x_wconf 84' lang='grc' dir='ltr'><strong>τοῦ</strong></span> <span class='ocrx_word' id='word_1_424' title='bbox 1461 3195 1684 3265; x_wconf 84' lang='grc' dir='ltr'>κόσμου.</span> <span class='ocrx_word' id='word_1_425' title='bbox 1713 3194 1812 3247; x_wconf 85' lang='grc' dir='ltr'>Διά</span> <span class='ocrx_word' id='word_1_426' title='bbox 1840 3193 1948 3264; x_wconf 86' lang='grc' dir='ltr'>γὰρ</span> 
     </span>
    </p>
   </div>
   <div class='ocr_carea' id='block_1_54' title="bbox 367 3284 1948 3359">
    <p class='ocr_par' dir='ltr' id='par_1_54' title="bbox 367 3284 1948 3359">
     <span class='ocr_line' id='line_1_54' title="bbox 367 3284 1948 3359; baseline -0.005 -15"><span class='ocrx_word' id='word_1_427' title='bbox 367 3289 470 3345; x_wconf 73' lang='grc' dir='ltr'>τοῦ</span> <span class='ocrx_word' id='word_1_428' title='bbox 531 3289 812 3359; x_wconf 80' lang='grc' dir='ltr'>μαμμωνᾶ</span> <span class='ocrx_word' id='word_1_429' title='bbox 857 3287 950 3340; x_wconf 78' lang='grc' dir='ltr'><strong>καὶ</strong></span> <span class='ocrx_word' id='word_1_430' title='bbox 985 3287 1086 3356; x_wconf 81' lang='grc' dir='ltr'>τῆς</span> <span class='ocrx_word' id='word_1_431' title='bbox 1130 3287 1335 3349; x_wconf 82' lang='grc' dir='ltr'>κοιλίας</span> <span class='ocrx_word' id='word_1_432' title='bbox 1377 3287 1484 3340; x_wconf 81' lang='grc' dir='ltr'>τῶν</span> <span class='ocrx_word' id='word_1_433' title='bbox 1535 3286 1628 3338; x_wconf 85' lang='grc' dir='ltr'><strong>δύο</strong></span> <span class='ocrx_word' id='word_1_434' title='bbox 1675 3284 1877 3337; x_wconf 78' lang='grc' dir='ltr'>τούτων</span> <span class='ocrx_word' id='word_1_435' title='bbox 1915 3287 1948 3354; x_wconf 79' lang='grc' dir='ltr'>ἡ</span> 
     </span>
    </p>
   </div>
   <div class='ocr_carea' id='block_1_55' title="bbox 370 3374 1949 3450">
    <p class='ocr_par' dir='ltr' id='par_1_55' title="bbox 370 3374 1949 3450">
     <span class='ocr_line' id='line_1_55' title="bbox 370 3374 1949 3450; baseline -0.006 -14"><span class='ocrx_word' id='word_1_436' title='bbox 370 3383 604 3450; x_wconf 79' lang='grc' dir='ltr'>πλείστη</span> <span class='ocrx_word' id='word_1_437' title='bbox 657 3380 818 3448; x_wconf 78' lang='grc' dir='ltr'>φύσις</span> <span class='ocrx_word' id='word_1_438' title='bbox 857 3380 963 3432; x_wconf 88' lang='grc' dir='ltr'>τῶν</span> <span class='ocrx_word' id='word_1_439' title='bbox 1013 3377 1316 3450; x_wconf 85' lang='grc' dir='ltr'>ἀνθρώπων</span> <span class='ocrx_word' id='word_1_440' title='bbox 1359 3376 1659 3445; x_wconf 77' lang='grc' dir='ltr'>τυφλώττει</span> <span class='ocrx_word' id='word_1_441' title='bbox 1701 3374 1949 3438; x_wconf 79' lang='grc' dir='ltr'>δελεαζο-</span> 
     </span>
    </p>
   </div>
   <div class='ocr_carea' id='block_1_56' title="bbox 369 3467 1950 3546">
    <p class='ocr_par' dir='ltr' id='par_1_56' title="bbox 369 3467 1950 3546">
     <span class='ocr_line' id='line_1_56' title="bbox 369 3467 1950 3546; baseline -0.004 -19"><span class='ocrx_word' id='word_1_442' title='bbox 369 3476 540 3546; x_wconf 79' lang='grc' dir='ltr'>μένη,</span> <span class='ocrx_word' id='word_1_443' title='bbox 575 3474 674 3542; x_wconf 82' lang='grc' dir='ltr'><strong>οὐχ</strong></span> <span class='ocrx_word' id='word_1_444' title='bbox 700 3473 803 3524; x_wconf 81' lang='grc' dir='ltr'><strong>ὑπὸ</strong></span> <span class='ocrx_word' id='word_1_445' title='bbox 832 3470 964 3524; x_wconf 87' lang='grc' dir='ltr'>Θεοῦ</span> <span class='ocrx_word' id='word_1_446' title='bbox 992 3470 1230 3524; x_wconf 77' lang='grc' dir='ltr'>λαϐοῦσα</span> <span class='ocrx_word' id='word_1_447' title='bbox 1259 3471 1360 3542; x_wconf 81' lang='grc' dir='ltr'>τὴν</span> <span class='ocrx_word' id='word_1_448' title='bbox 1385 3471 1678 3541; x_wconf 82' lang='grc' dir='ltr'>πρόφασιν,</span> <span class='ocrx_word' id='word_1_449' title='bbox 1705 3468 1840 3522; x_wconf 78' lang='grc' dir='ltr'>ἀλλὰ</span> <span class='ocrx_word' id='word_1_450' title='bbox 1864 3467 1950 3520; x_wconf 81' lang='grc' dir='ltr'><strong>διὰ</strong></span> 
     </span>
    </p>
   </div>
   <div class='ocr_carea' id='block_1_57' title="bbox 369 3559 1952 3634">
    <p class='ocr_par' dir='ltr' id='par_1_57' title="bbox 369 3559 1952 3634">
     <span class='ocr_line' id='line_1_57' title="bbox 369 3559 1952 3634; baseline -0.011 -7"><span class='ocrx_word' id='word_1_451' title='bbox 369 3565 478 3634; x_wconf 78' lang='grc' dir='ltr'><strong>τῆς</strong></span> <span class='ocrx_word' id='word_1_452' title='bbox 503 3563 639 3625; x_wconf 74' lang='grc' dir='ltr'>ἰδίας</span> <span class='ocrx_word' id='word_1_453' title='bbox 675 3560 1105 3632; x_wconf 75' lang='grc' dir='ltr'>κακομηχανίας,</span> <span class='ocrx_word' id='word_1_454' title='bbox 1135 3560 1207 3623; x_wconf 84' lang='grc' dir='ltr'>ὡς</span> <span class='ocrx_word' id='word_1_455' title='bbox 1237 3561 1464 3623; x_wconf 75' lang='grc' dir='ltr'>ἕκαστος</span> <span class='ocrx_word' id='word_1_456' title='bbox 1497 3559 1820 3631; x_wconf 80' lang='grc' dir='ltr'>ὀρεγόμενος</span> <span class='ocrx_word' id='word_1_457' title='bbox 1858 3559 1952 3611; x_wconf 72' lang='grc' dir='ltr'>ἐπὶ</span> 
     </span>
    </p>
   </div>
   <div class='ocr_carea' id='block_1_58' title="bbox 367 3653 1946 3728">
    <p class='ocr_par' dir='ltr' id='par_1_58' title="bbox 367 3653 1946 3728">
     <span class='ocr_line' id='line_1_58' title="bbox 367 3653 1946 3728; baseline -0.004 -18"><span class='ocrx_word' id='word_1_458' title='bbox 367 3661 445 3728; x_wconf 74' lang='grc' dir='ltr'>τῇ</span> <span class='ocrx_word' id='word_1_459' title='bbox 471 3655 698 3726; x_wconf 80' lang='grc' dir='ltr'>ἀπιστίᾳ</span> <span class='ocrx_word' id='word_1_460' title='bbox 722 3655 912 3707; x_wconf 87' lang='grc' dir='ltr'>ἐαυτὸν</span> <span class='ocrx_word' id='word_1_461' title='bbox 961 3653 1326 3724; x_wconf 84' lang='grc' dir='ltr'>παραδίδωσιν</span> <span class='ocrx_word' id='word_1_462' title='bbox 1367 3653 1675 3723; x_wconf 87' lang='grc' dir='ltr'>ὑποχείριον</span> <span class='ocrx_word' id='word_1_463' title='bbox 1709 3653 1946 3705; x_wconf 88' lang='grc' dir='ltr'>πάντων.</span> 
     </span>
    </p>
   </div>
   <div class='ocr_carea' id='block_1_59' title="bbox 371 3742 1952 3814">
    <p class='ocr_par' dir='ltr' id='par_1_59' title="bbox 371 3742 1952 3814">
     <span class='ocr_line' id='line_1_59' title="bbox 371 3742 1952 3814; baseline -0.003 -13"><span class='ocrx_word' id='word_1_464' title='bbox 371 3748 543 3802; x_wconf 84' lang='grc' dir='ltr'>Ὅθεν</span> <span class='ocrx_word' id='word_1_465' title='bbox 567 3749 659 3800; x_wconf 77' lang='grc' dir='ltr'><strong>καὶ</strong></span> <span class='ocrx_word' id='word_1_466' title='bbox 677 3750 704 3800; x_wconf 91' lang='lat'><strong>6</strong></span> <span class='ocrx_word' id='word_1_467' title='bbox 734 3746 1051 3809; x_wconf 85' lang='grc' dir='ltr'>Ἀπόστολος</span> <span class='ocrx_word' id='word_1_468' title='bbox 1068 3745 1214 3814; x_wconf 83' lang='grc' dir='ltr'>λέγει</span> <span class='ocrx_word' id='word_1_469' title='bbox 1231 3761 1244 3774; x_wconf 89' lang='grc'><strong>·</strong></span> <span class='ocrx_word' id='word_1_470' title='bbox 1287 3745 1366 3798; x_wconf 88' lang='grc' dir='ltr'>Ῥί</span> <span class='ocrx_word' id='word_1_471' title='bbox 1369 3742 1432 3805; x_wconf 84' lang='grc' dir='ltr'>ζα</span> <span class='ocrx_word' id='word_1_472' title='bbox 1455 3744 1696 3797; x_wconf 80' lang='grc' dir='ltr'>πάντων</span> <span class='ocrx_word' id='word_1_473' title='bbox 1717 3742 1835 3797; x_wconf 78' lang='grc' dir='ltr'><strong>τῶν</strong></span> <span class='ocrx_word' id='word_1_474' title='bbox 1852 3760 1952 3797; x_wconf 86' lang='grc' dir='ltr'><strong>κα-</strong></span> 
     </span>
    </p>
   </div>
   <div class='ocr_carea' id='block_1_60' title="bbox 263 3836 1945 3918">
    <p class='ocr_par' dir='ltr' id='par_1_60' title="bbox 263 3836 1945 3918">
     <span class='ocr_line' id='line_1_60' title="bbox 263 3836 1945 3918; baseline -0.005 -21"><span class='ocrx_word' id='word_1_475' title='bbox 263 3852 269 3855; x_wconf 80' lang='grc'><em>”</em></span> <span class='ocrx_word' id='word_1_476' title='bbox 367 3840 734 3918; x_wconf 18' lang='grc' dir='ltr'><strong>κῶν-ἐστινὴ</strong></span> <span class='ocrx_word' id='word_1_477' title='bbox 757 3839 1130 3909; x_wconf 71' lang='grc' dir='ltr'>φιλαργυρία.</span> <span class='ocrx_word' id='word_1_478' title='bbox 1151 3836 1358 3891; x_wconf 65' lang='grc' dir='ltr'>Καιδιά</span> <span class='ocrx_word' id='word_1_479' title='bbox 1383 3836 1535 3889; x_wconf 79' lang='grc' dir='ltr'>τοῦτι</span> <span class='ocrx_word' id='word_1_480' title='bbox 1560 3838 1827 3906; x_wconf 78' lang='grc' dir='ltr'>ἐπαρᾶται</span> <span class='ocrx_word' id='word_1_481' title='bbox 1848 3853 1945 3888; x_wconf 77' lang='grc' dir='ltr'>κα-</span> 
     </span>
    </p>
   </div>
   <div class='ocr_carea' id='block_1_61' title="bbox 367 3926 1950 4005">
    <p class='ocr_par' dir='ltr' id='par_1_61' title="bbox 367 3926 1950 4005">
     <span class='ocr_line' id='line_1_61' title="bbox 367 3926 1950 4005; baseline -0.003 -20"><span class='ocrx_word' id='word_1_482' title='bbox 367 3937 448 4005; x_wconf 81' lang='grc' dir='ltr'><strong>κῇ</strong></span> <span class='ocrx_word' id='word_1_483' title='bbox 479 3930 1026 4004; x_wconf 76' lang='grc' dir='ltr'>προλήψειθεοποιίας</span> <span class='ocrx_word' id='word_1_484' title='bbox 1049 3929 1242 3996; x_wconf 88' lang='grc' dir='ltr'>λέγων·</span> <span class='ocrx_word' id='word_1_485' title='bbox 1267 3927 1630 3996; x_wconf 79' lang='grc' dir='ltr'>Τὰβρώματα</span> <span class='ocrx_word' id='word_1_486' title='bbox 1643 3926 1712 3994; x_wconf 78' lang='grc' dir='ltr'>τῇ</span> <span class='ocrx_word' id='word_1_487' title='bbox 1733 3927 1950 3992; x_wconf 82' lang='grc' dir='ltr'>κοιλίᾳ,</span> 
     </span>
    </p>
   </div>
   <div class='ocr_carea' id='block_1_62' title="bbox 369 4018 1956 4091">
    <p class='ocr_par' dir='ltr' id='par_1_62' title="bbox 369 4018 1956 4091">
     <span class='ocr_line' id='line_1_62' title="bbox 369 4018 1956 4091; baseline -0.003 -14"><span class='ocrx_word' id='word_1_488' title='bbox 369 4024 482 4078; x_wconf 80' lang='grc' dir='ltr'><strong>καὶ</strong></span> <span class='ocrx_word' id='word_1_489' title='bbox 501 4025 540 4091; x_wconf 79' lang='grc' dir='ltr'><strong><em>ἡ</em></strong></span> <span class='ocrx_word' id='word_1_490' title='bbox 563 4025 762 4077; x_wconf 78' lang='grc' dir='ltr'>κοιλία</span> <span class='ocrx_word' id='word_1_491' title='bbox 778 4021 901 4087; x_wconf 81' lang='grc' dir='ltr'>τοῖς</span> <span class='ocrx_word' id='word_1_492' title='bbox 915 4019 1252 4090; x_wconf 79' lang='grc' dir='ltr'>βρώμασιν.</span> <span class='ocrx_word' id='word_1_493' title='bbox 1282 4021 1346 4072; x_wconf 87' lang='lat'><strong>&#39;0</strong></span> <span class='ocrx_word' id='word_1_494' title='bbox 1369 4018 1437 4072; x_wconf 84' lang='grc' dir='ltr'>δὲ</span> <span class='ocrx_word' id='word_1_495' title='bbox 1453 4018 1596 4083; x_wconf 87' lang='grc' dir='ltr'>Θεὸς</span> <span class='ocrx_word' id='word_1_496' title='bbox 1612 4019 1707 4072; x_wconf 81' lang='grc' dir='ltr'>καί</span> <span class='ocrx_word' id='word_1_497' title='bbox 1729 4019 1956 4086; x_wconf 78' lang='grc' dir='ltr'>ταύτην</span> 
     </span>
    </p>
   </div>
   <div class='ocr_carea' id='block_1_63' title="bbox 367 4111 1953 4183">
    <p class='ocr_par' dir='ltr' id='par_1_63' title="bbox 367 4111 1953 4183">
     <span class='ocr_line' id='line_1_63' title="bbox 367 4111 1953 4183; baseline -0.004 -13"><span class='ocrx_word' id='word_1_498' title='bbox 367 4117 477 4171; x_wconf 77' lang='grc' dir='ltr'>καί</span> <span class='ocrx_word' id='word_1_499' title='bbox 502 4114 690 4169; x_wconf 82' lang='grc' dir='ltr'>ταῦτα</span> <span class='ocrx_word' id='word_1_500' title='bbox 715 4113 1075 4183; x_wconf 76' lang='grc' dir='ltr'>καταργήσει</span> <span class='ocrx_word' id='word_1_501' title='bbox 1094 4131 1108 4144; x_wconf 79' lang='grc' dir='ltr'><strong><em>ο</em></strong></span> <span class='ocrx_word' id='word_1_502' title='bbox 1131 4112 1481 4183; x_wconf 76' lang='grc' dir='ltr'>ἐπαρώμενος</span> <span class='ocrx_word' id='word_1_503' title='bbox 1504 4112 1738 4182; x_wconf 87' lang='grc' dir='ltr'>γαστρὸς</span> <span class='ocrx_word' id='word_1_504' title='bbox 1766 4111 1953 4165; x_wconf 83' lang='grc' dir='ltr'>ἐπιθυ-</span> 
     </span>
    </p>
   </div>
   <div class='ocr_carea' id='block_1_64' title="bbox 371 4204 1956 4279">
    <p class='ocr_par' dir='ltr' id='par_1_64' title="bbox 371 4204 1956 4279">
     <span class='ocr_line' id='line_1_64' title="bbox 371 4204 1956 4279; baseline -0.003 -18"><span class='ocrx_word' id='word_1_505' title='bbox 371 4209 552 4279; x_wconf 83' lang='grc' dir='ltr'>μίαις.</span> <span class='ocrx_word' id='word_1_506' title='bbox 591 4208 651 4260; x_wconf 81' lang='grc' dir='ltr'><strong><em>Ὀ</em></strong></span> <span class='ocrx_word' id='word_1_507' title='bbox 678 4207 817 4272; x_wconf 81' lang='grc' dir='ltr'>Θεὸς</span> <span class='ocrx_word' id='word_1_508' title='bbox 845 4207 1024 4260; x_wconf 86' lang='grc' dir='ltr'>τοίνυν</span> <span class='ocrx_word' id='word_1_509' title='bbox 1050 4205 1158 4259; x_wconf 85' lang='grc' dir='ltr'>τοῦ</span> <span class='ocrx_word' id='word_1_510' title='bbox 1179 4204 1392 4269; x_wconf 73' lang='grc' dir='ltr'>αἰῶνος</span> <span class='ocrx_word' id='word_1_511' title='bbox 1408 4205 1623 4258; x_wconf 85' lang='grc' dir='ltr'>τούτου</span> <span class='ocrx_word' id='word_1_512' title='bbox 1656 4205 1956 4272; x_wconf 68' lang='grc' dir='ltr'>ἐτύφλωσε</span> 
     </span>
    </p>
   </div>
   <div class='ocr_carea' id='block_1_65' title="bbox 367 4294 1957 4369">
    <p class='ocr_par' dir='ltr' id='par_1_65' title="bbox 367 4294 1957 4369">
     <span class='ocr_line' id='line_1_65' title="bbox 367 4294 1957 4369; baseline -0.006 -13"><span class='ocrx_word' id='word_1_513' title='bbox 367 4303 454 4356; x_wconf 83' lang='grc' dir='ltr'>τὰ</span> <span class='ocrx_word' id='word_1_514' title='bbox 475 4299 743 4369; x_wconf 73' lang='grc' dir='ltr'>νοήματα</span> <span class='ocrx_word' id='word_1_515' title='bbox 764 4297 880 4352; x_wconf 80' lang='grc' dir='ltr'><strong>τῶν</strong></span> <span class='ocrx_word' id='word_1_516' title='bbox 900 4299 1188 4352; x_wconf 68' lang='grc' dir='ltr'><strong>ἀπίστιιινινο⁸</strong></span> <span class='ocrx_word' id='word_1_517' title='bbox 1211 4296 1287 4359; x_wconf 89' lang='grc' dir='ltr'><strong>ώς</strong></span> <span class='ocrx_word' id='word_1_518' title='bbox 1317 4296 1410 4348; x_wconf 77' lang='grc' dir='ltr'><strong>καὶ</strong></span> <span class='ocrx_word' id='word_1_519' title='bbox 1452 4297 1508 4349; x_wconf 85' lang='grc' dir='ltr'><strong>ἐν</strong></span> <span class='ocrx_word' id='word_1_520' title='bbox 1537 4294 1614 4365; x_wconf 84' lang='grc' dir='ltr'>τῷ</span> <span class='ocrx_word' id='word_1_521' title='bbox 1641 4295 1957 4365; x_wconf 83' lang='grc' dir='ltr'>Εὑαγγελίῳ</span> 
     </span>
    </p>
   </div>
   <div class='ocr_carea' id='block_1_66' title="bbox 367 4386 1953 4461">
    <p class='ocr_par' dir='ltr' id='par_1_66' title="bbox 367 4386 1953 4461">
     <span class='ocr_line' id='line_1_66' title="bbox 367 4386 1953 4461; baseline -0.005 -15"><span class='ocrx_word' id='word_1_522' title='bbox 367 4391 690 4461; x_wconf 83' lang='grc' dir='ltr'>εὑρίσκεται</span> <span class='ocrx_word' id='word_1_523' title='bbox 713 4393 740 4443; x_wconf 90' lang='lat'><strong>6</strong></span> <span class='ocrx_word' id='word_1_524' title='bbox 762 4389 1120 4460; x_wconf 85' lang='grc' dir='ltr'>γραμματεὺς</span> <span class='ocrx_word' id='word_1_525' title='bbox 1137 4387 1350 4458; x_wconf 84' lang='grc' dir='ltr'>πρῶτος</span> <span class='ocrx_word' id='word_1_526' title='bbox 1365 4387 1460 4439; x_wconf 60' lang='grc' dir='ltr'><strong>καὶ¹</strong></span> <span class='ocrx_word' id='word_1_527' title='bbox 1485 4386 1732 4457; x_wconf 87' lang='grc' dir='ltr'>δεύτερος</span> <span class='ocrx_word' id='word_1_528' title='bbox 1753 4387 1923 4455; x_wconf 84' lang='grc' dir='ltr'>λέγων</span> <span class='ocrx_word' id='word_1_529' title='bbox 1939 4405 1953 4418; x_wconf 88' lang='grc'>·</span> 
     </span>
    </p>
   </div>
   <div class='ocr_carea' id='block_1_67' title="bbox 1343 2195 2209 2266">
    <p class='ocr_par' dir='ltr' id='par_1_67' title="bbox 1343 2195 2209 2266">
     <span class='ocr_line' id='line_1_67' title="bbox 1343 2195 2209 2266; baseline -0.002 -16"><span class='ocrx_word' id='word_1_530' title='bbox 1343 2197 1438 2265; x_wconf 87' lang='lat' dir='ltr'><strong>qui</strong></span> <span class='ocrx_word' id='word_1_531' title='bbox 1493 2211 1772 2266; x_wconf 87' lang='lat' dir='ltr'><strong>nunquam</strong></span> <span class='ocrx_word' id='word_1_532' title='bbox 1823 2210 1946 2251; x_wconf 90' lang='lat' dir='ltr'><strong>esse</strong></span> <span class='ocrx_word' id='word_1_533' title='bbox 1979 2195 2209 2251; x_wconf 87' lang='lat' dir='ltr'><strong>desinet.</strong></span> 
     </span>
    </p>
   </div>
   <div class='ocr_carea' id='block_1_68' title="bbox 2116 2283 3617 2360">
    <p class='ocr_par' dir='ltr' id='par_1_68' title="bbox 2116 2283 3617 2360">
     <span class='ocr_line' id='line_1_68' title="bbox 2116 2283 3617 2360; baseline 0.008 -22"><span class='ocrx_word' id='word_1_534' title='bbox 2116 2283 2299 2339; x_wconf 78' lang='lat' dir='ltr'><strong>LXIX.</strong></span> <span class='ocrx_word' id='word_1_535' title='bbox 2334 2283 2506 2350; x_wconf 88' lang='lat' dir='ltr'><strong>Quem</strong></span> <span class='ocrx_word' id='word_1_536' title='bbox 2536 2299 2664 2339; x_wconf 88' lang='lat' dir='ltr'><strong>vero</strong></span> <span class='ocrx_word' id='word_1_537' title='bbox 2688 2297 3080 2340; x_wconf 87' lang='lat' dir='ltr'><strong>commemorat</strong></span> <span class='ocrx_word' id='word_1_538' title='bbox 3106 2287 3420 2360; x_wconf 80' lang='lat' dir='ltr'><strong>Apostolus,</strong></span> <span class='ocrx_word' id='word_1_539' title='bbox 3445 2294 3617 2350; x_wconf 85' lang='lat' dir='ltr'><strong>ultro-</strong></span> 
     </span>
    </p>
   </div>
   <div class='ocr_carea' id='block_1_69' title="bbox 2047 2377 3617 2460">
    <p class='ocr_par' dir='ltr' id='par_1_69' title="bbox 2047 2377 3617 2460">
     <span class='ocr_line' id='line_1_69' title="bbox 2047 2377 3617 2460; baseline 0.006 -29"><span class='ocrx_word' id='word_1_540' title='bbox 2047 2395 2152 2449; x_wconf 87' lang='lat' dir='ltr'><strong>que</strong></span> <span class='ocrx_word' id='word_1_541' title='bbox 2197 2378 2265 2432; x_wconf 90' lang='lat' dir='ltr'><strong>ab</strong></span> <span class='ocrx_word' id='word_1_542' title='bbox 2335 2377 2642 2432; x_wconf 81' lang='lat' dir='ltr'><strong>inﬁdelibus</strong></span> <span class='ocrx_word' id='word_1_543' title='bbox 2684 2377 2995 2448; x_wconf 89' lang='lat' dir='ltr'><strong>adoptatum</strong></span> <span class='ocrx_word' id='word_1_544' title='bbox 3037 2381 3386 2460; x_wconf 80' lang='lat' dir='ltr'><strong>ascitumque</strong></span> <span class='ocrx_word' id='word_1_545' title='bbox 3407 2395 3617 2456; x_wconf 84' lang='lat' dir='ltr'><strong>narrat,</strong></span> 
     </span>
    </p>
   </div>
   <div class='ocr_carea' id='block_1_70' title="bbox 2048 2470 3618 2542">
    <p class='ocr_par' dir='ltr' id='par_1_70' title="bbox 2048 2470 3618 2542">
     <span class='ocr_line' id='line_1_70' title="bbox 2048 2470 3618 2542; baseline 0.005 -18"><span class='ocrx_word' id='word_1_546' title='bbox 2048 2487 2156 2525; x_wconf 92' lang='lat' dir='ltr'><strong>non</strong></span> <span class='ocrx_word' id='word_1_547' title='bbox 2193 2485 2358 2524; x_wconf 87' lang='lat' dir='ltr'><strong>unum</strong></span> <span class='ocrx_word' id='word_1_548' title='bbox 2388 2470 2537 2523; x_wconf 90' lang='lat' dir='ltr'><strong>illum</strong></span> <span class='ocrx_word' id='word_1_549' title='bbox 2598 2470 2881 2539; x_wconf 85' lang='lat' dir='ltr'><strong>solumque</strong></span> <span class='ocrx_word' id='word_1_550' title='bbox 2911 2472 3092 2525; x_wconf 57' lang='lat' dir='ltr'><strong>saeculi</strong></span> <span class='ocrx_word' id='word_1_551' title='bbox 3118 2472 3278 2542; x_wconf 87' lang='lat' dir='ltr'><strong>hujus</strong></span> <span class='ocrx_word' id='word_1_552' title='bbox 3305 2490 3426 2530; x_wconf 89' lang='lat' dir='ltr'><strong>esse</strong></span> <span class='ocrx_word' id='word_1_553' title='bbox 3447 2476 3618 2532; x_wconf 90' lang='lat' dir='ltr'><strong>Deum</strong></span> 
     </span>
    </p>
   </div>
   <div class='ocr_carea' id='block_1_71' title="bbox 2048 2562 3619 2636">
    <p class='ocr_par' dir='ltr' id='par_1_71' title="bbox 2048 2562 3619 2636">
     <span class='ocr_line' id='line_1_71' title="bbox 2048 2562 3619 2636; baseline 0.006 -20"><span class='ocrx_word' id='word_1_554' title='bbox 2048 2564 2192 2628; x_wconf 92' lang='lat' dir='ltr'><strong>dico,</strong></span> <span class='ocrx_word' id='word_1_555' title='bbox 2227 2563 2322 2617; x_wconf 86' lang='lat' dir='ltr'><strong>sed</strong></span> <span class='ocrx_word' id='word_1_556' title='bbox 2351 2563 2556 2631; x_wconf 91' lang='lat' dir='ltr'><strong>plures,</strong></span> <span class='ocrx_word' id='word_1_557' title='bbox 2590 2562 2788 2632; x_wconf 87' lang='lat' dir='ltr'><strong>quibus</strong></span> <span class='ocrx_word' id='word_1_558' title='bbox 2823 2577 2883 2617; x_wconf 90' lang='lat' dir='ltr'><strong>se</strong></span> <span class='ocrx_word' id='word_1_559' title='bbox 2909 2562 3150 2619; x_wconf 86' lang='lat' dir='ltr'><strong>inﬁdeles</strong></span> <span class='ocrx_word' id='word_1_560' title='bbox 3183 2567 3534 2636; x_wconf 89' lang='lat' dir='ltr'><strong>subjecerint,</strong></span> <span class='ocrx_word' id='word_1_561' title='bbox 3564 2577 3619 2626; x_wconf 84' lang='lat' dir='ltr'><strong>et</strong></span> 
     </span>
    </p>
   </div>
   <div class='ocr_carea' id='block_1_72' title="bbox 2049 2653 3619 2719">
    <p class='ocr_par' dir='ltr' id='par_1_72' title="bbox 2049 2653 3619 2719">
     <span class='ocr_line' id='line_1_72' title="bbox 2049 2653 3619 2719; baseline 0.006 -11"><span class='ocrx_word' id='word_1_562' title='bbox 2049 2655 2246 2710; x_wconf 91' lang='lat' dir='ltr'><strong>animis</strong></span> <span class='ocrx_word' id='word_1_563' title='bbox 2305 2655 2565 2709; x_wconf 72' lang='lat' dir='ltr'><strong>obcaecati</strong></span> <span class='ocrx_word' id='word_1_564' title='bbox 2614 2654 2743 2709; x_wconf 90' lang='lat' dir='ltr'><strong>sint.</strong></span> <span class='ocrx_word' id='word_1_565' title='bbox 2809 2653 3276 2719; x_wconf 82' lang='lat' dir='ltr'><strong>Quemadmodum</strong></span> <span class='ocrx_word' id='word_1_566' title='bbox 3331 2661 3440 2715; x_wconf 90' lang='lat' dir='ltr'><strong>alio</strong></span> <span class='ocrx_word' id='word_1_567' title='bbox 3498 2663 3619 2719; x_wconf 88' lang='lat' dir='ltr'><strong>loco</strong></span> 
     </span>
    </p>
   </div>
   <div class='ocr_carea' id='block_1_73' title="bbox 2051 2745 3621 2823">
    <p class='ocr_par' dir='ltr' id='par_1_73' title="bbox 2051 2745 3621 2823">
     <span class='ocr_line' id='line_1_73' title="bbox 2051 2745 3621 2823; baseline 0.006 -24"><span class='ocrx_word' id='word_1_568' title='bbox 2051 2746 2222 2800; x_wconf 91' lang='lat' dir='ltr'><strong>dicit:</strong></span> <span class='ocrx_word' id='word_1_569' title='bbox 2265 2745 2504 2810; x_wconf 83' lang='lat' dir='ltr'><strong>Quorum</strong></span> <span class='ocrx_word' id='word_1_570' title='bbox 2552 2746 2692 2799; x_wconf 90' lang='lat' dir='ltr'><strong>Deus</strong></span> <span class='ocrx_word' id='word_1_571' title='bbox 2724 2756 2898 2799; x_wconf 81' lang='lat' dir='ltr'><strong>venter</strong></span> <span class='ocrx_word' id='word_1_572' title='bbox 2933 2756 3032 2811; x_wconf 85' lang='lat' dir='ltr'><strong>est,</strong></span> <span class='ocrx_word' id='word_1_573' title='bbox 3067 2758 3117 2801; x_wconf 88' lang='lat' dir='ltr'><strong>et</strong></span> <span class='ocrx_word' id='word_1_574' title='bbox 3151 2749 3322 2818; x_wconf 85' lang='lat' dir='ltr'><strong>glaria</strong></span> <span class='ocrx_word' id='word_1_575' title='bbox 3351 2753 3405 2806; x_wconf 88' lang='lat' dir='ltr'><strong>in</strong></span> <span class='ocrx_word' id='word_1_576' title='bbox 3433 2755 3621 2823; x_wconf 80' lang='lat' dir='ltr'><strong>confu-</strong></span> 
     </span>
    </p>
   </div>
   <div class='ocr_carea' id='block_1_74' title="bbox 2050 2840 3620 2911">
    <p class='ocr_par' dir='ltr' id='par_1_74' title="bbox 2050 2840 3620 2911">
     <span class='ocr_line' id='line_1_74' title="bbox 2050 2840 3620 2911; baseline 0.006 -17"><span class='ocrx_word' id='word_1_577' title='bbox 2050 2842 2193 2894; x_wconf 84' lang='lat' dir='ltr'><strong>sione</strong></span> <span class='ocrx_word' id='word_1_578' title='bbox 2222 2841 2510 2909; x_wconf 77' lang='lat' dir='ltr'><strong>ipsorum‘.</strong></span> <span class='ocrx_word' id='word_1_579' title='bbox 2568 2840 2704 2895; x_wconf 89' lang='lat' dir='ltr'><strong>Item</strong></span> <span class='ocrx_word' id='word_1_580' title='bbox 2740 2842 2795 2894; x_wconf 91' lang='lat' dir='ltr'><strong>in</strong></span> <span class='ocrx_word' id='word_1_581' title='bbox 2828 2840 3120 2911; x_wconf 87' lang='lat' dir='ltr'><strong>Evangelio</strong></span> <span class='ocrx_word' id='word_1_582' title='bbox 3150 2846 3411 2902; x_wconf 87' lang='lat' dir='ltr'><strong>Dominus</strong></span> <span class='ocrx_word' id='word_1_583' title='bbox 3438 2865 3450 2901; x_wconf 92' lang='lat'><strong>:</strong></span> <span class='ocrx_word' id='word_1_584' title='bbox 3495 2848 3620 2904; x_wconf 81' lang='lat' dir='ltr'><strong>Non</strong></span> 
     </span>
    </p>
   </div>
   <div class='ocr_carea' id='block_1_75' title="bbox 2048 2929 3598 2999">
    <p class='ocr_par' dir='ltr' id='par_1_75' title="bbox 2048 2929 3598 2999">
     <span class='ocr_line' id='line_1_75' title="bbox 2048 2929 3598 2999; baseline 0.005 -16"><span class='ocrx_word' id='word_1_585' title='bbox 2048 2932 2260 2999; x_wconf 78' lang='lat' dir='ltr'><strong>potestis</strong></span> <span class='ocrx_word' id='word_1_586' title='bbox 2281 2930 2481 2984; x_wconf 86' lang='lat' dir='ltr'><strong>duobus</strong></span> <span class='ocrx_word' id='word_1_587' title='bbox 2503 2929 2731 2984; x_wconf 83' lang='lat' dir='ltr'><strong>dominis</strong></span> <span class='ocrx_word' id='word_1_588' title='bbox 2754 2932 2995 2985; x_wconf 77' lang='lat' dir='ltr'><strong>servire&#39;.</strong></span> <span class='ocrx_word' id='word_1_589' title='bbox 3016 2930 3219 2989; x_wconf 85' lang='lat' dir='ltr'><strong>Deinde</strong></span> <span class='ocrx_word' id='word_1_590' title='bbox 3244 2935 3431 2990; x_wconf 89' lang='lat' dir='ltr'><strong>multis</strong></span> <span class='ocrx_word' id='word_1_591' title='bbox 3451 2937 3598 2992; x_wconf 88' lang='lat' dir='ltr'><strong>inter</strong></span> 
     </span>
    </p>
   </div>
   <div class='ocr_carea' id='block_1_76' title="bbox 2045 3020 3615 3090">
    <p class='ocr_par' dir='ltr' id='par_1_76' title="bbox 2045 3020 3615 3090">
     <span class='ocr_line' id='line_1_76' title="bbox 2045 3020 3615 3090; baseline 0.005 -16"><span class='ocrx_word' id='word_1_592' title='bbox 2045 3022 2226 3089; x_wconf 82' lang='lat' dir='ltr'><strong>jectis,</strong></span> <span class='ocrx_word' id='word_1_593' title='bbox 2259 3029 2315 3076; x_wconf 93' lang='lat' dir='ltr'><strong>ut</strong></span> <span class='ocrx_word' id='word_1_594' title='bbox 2347 3021 2564 3090; x_wconf 90' lang='lat' dir='ltr'><strong>quinam</strong></span> <span class='ocrx_word' id='word_1_595' title='bbox 2593 3020 2700 3075; x_wconf 88' lang='lat' dir='ltr'><strong>duo</strong></span> <span class='ocrx_word' id='word_1_596' title='bbox 2724 3021 2799 3075; x_wconf 86' lang='lat' dir='ltr'><strong>illi</strong></span> <span class='ocrx_word' id='word_1_597' title='bbox 2821 3022 3024 3076; x_wconf 89' lang='lat' dir='ltr'><strong>domini</strong></span> <span class='ocrx_word' id='word_1_598' title='bbox 3048 3032 3232 3078; x_wconf 88' lang='lat' dir='ltr'><strong>essent</strong></span> <span class='ocrx_word' id='word_1_599' title='bbox 3260 3026 3572 3082; x_wconf 88' lang='lat' dir='ltr'><strong>ostenderet</strong></span> <span class='ocrx_word' id='word_1_600' title='bbox 3602 3049 3615 3082; x_wconf 88' lang='lat'>:</span> 
     </span>
    </p>
   </div>
   <div class='ocr_carea' id='block_1_77' title="bbox 2051 3111 3619 3181">
    <p class='ocr_par' dir='ltr' id='par_1_77' title="bbox 2051 3111 3619 3181">
     <span class='ocr_line' id='line_1_77' title="bbox 2051 3111 3619 3181; baseline 0.008 -18"><span class='ocrx_word' id='word_1_601' title='bbox 2051 3111 2175 3165; x_wconf 85' lang='lat' dir='ltr'><strong>Non</strong></span> <span class='ocrx_word' id='word_1_602' title='bbox 2237 3113 2475 3179; x_wconf 79' lang='lat' dir='ltr'><strong>potestis,</strong></span> <span class='ocrx_word' id='word_1_603' title='bbox 2518 3113 2715 3181; x_wconf 88' lang='lat' dir='ltr'><strong>inquit,</strong></span> <span class='ocrx_word' id='word_1_604' title='bbox 2763 3114 2956 3167; x_wconf 81' lang='lat' dir='ltr'><strong>servire</strong></span> <span class='ocrx_word' id='word_1_605' title='bbox 2995 3113 3100 3168; x_wconf 89' lang='lat' dir='ltr'><strong>Deo</strong></span> <span class='ocrx_word' id='word_1_606' title='bbox 3145 3126 3196 3168; x_wconf 92' lang='lat' dir='ltr'><strong>et</strong></span> <span class='ocrx_word' id='word_1_607' title='bbox 3250 3120 3619 3178; x_wconf 71' lang='lat' dir='ltr'><strong>mammona&quot;.</strong></span> 
     </span>
    </p>
   </div>
   <div class='ocr_carea' id='block_1_78' title="bbox 2051 3201 3620 3271">
    <p class='ocr_par' dir='ltr' id='par_1_78' title="bbox 2051 3201 3620 3271">
     <span class='ocr_line' id='line_1_78' title="bbox 2051 3201 3620 3271; baseline 0.008 -17"><span class='ocrx_word' id='word_1_608' title='bbox 2051 3201 2413 3268; x_wconf 81' lang='lat' dir='ltr'><strong>Quamobrem</strong></span> <span class='ocrx_word' id='word_1_609' title='bbox 2452 3210 2506 3256; x_wconf 89' lang='lat' dir='ltr'><strong>et</strong></span> <span class='ocrx_word' id='word_1_610' title='bbox 2534 3201 2678 3257; x_wconf 91' lang='lat' dir='ltr'><strong>Deus</strong></span> <span class='ocrx_word' id='word_1_611' title='bbox 2709 3217 2833 3258; x_wconf 86' lang='lat' dir='ltr'><strong>vere</strong></span> <span class='ocrx_word' id='word_1_612' title='bbox 2865 3202 3008 3259; x_wconf 86' lang='lat' dir='ltr'><strong>Deus</strong></span> <span class='ocrx_word' id='word_1_613' title='bbox 3045 3213 3147 3271; x_wconf 91' lang='lat' dir='ltr'><strong>est,</strong></span> <span class='ocrx_word' id='word_1_614' title='bbox 3190 3213 3244 3261; x_wconf 89' lang='lat' dir='ltr'><strong>et</strong></span> <span class='ocrx_word' id='word_1_615' title='bbox 3282 3223 3620 3266; x_wconf 84' lang='lat' dir='ltr'><strong>mammonas</strong></span> 
     </span>
    </p>
   </div>
   <div class='ocr_carea' id='block_1_79' title="bbox 2052 3293 3620 3364">
    <p class='ocr_par' dir='ltr' id='par_1_79' title="bbox 2052 3293 3620 3364">
     <span class='ocr_line' id='line_1_79' title="bbox 2052 3293 3620 3364; baseline 0.006 -17"><span class='ocrx_word' id='word_1_616' title='bbox 2052 3295 2215 3364; x_wconf 86' lang='lat' dir='ltr'><strong>hujus</strong></span> <span class='ocrx_word' id='word_1_617' title='bbox 2249 3293 2438 3349; x_wconf 89' lang='lat' dir='ltr'><strong>mundi</strong></span> <span class='ocrx_word' id='word_1_618' title='bbox 2471 3293 2632 3350; x_wconf 90' lang='lat' dir='ltr'><strong>Deus.</strong></span> <span class='ocrx_word' id='word_1_619' title='bbox 2687 3293 2822 3349; x_wconf 84' lang='lat' dir='ltr'><strong>Nam</strong></span> <span class='ocrx_word' id='word_1_620' title='bbox 2853 3295 3162 3362; x_wconf 82' lang='lat' dir='ltr'><strong>amborum,</strong></span> <span class='ocrx_word' id='word_1_621' title='bbox 3195 3297 3299 3353; x_wconf 90' lang='lat' dir='ltr'><strong>hoc</strong></span> <span class='ocrx_word' id='word_1_622' title='bbox 3329 3308 3413 3354; x_wconf 90' lang='lat' dir='ltr'><strong>est</strong></span> <span class='ocrx_word' id='word_1_623' title='bbox 3445 3317 3620 3356; x_wconf 87' lang='lat' dir='ltr'><strong>mam-</strong></span> 
     </span>
    </p>
   </div>
   <div class='ocr_carea' id='block_1_80' title="bbox 2053 3387 3618 3462">
    <p class='ocr_par' dir='ltr' id='par_1_80' title="bbox 2053 3387 3618 3462">
     <span class='ocr_line' id='line_1_80' title="bbox 2053 3387 3618 3462; baseline 0.005 -22"><span class='ocrx_word' id='word_1_624' title='bbox 2053 3403 2227 3442; x_wconf 70' lang='lat' dir='ltr'><strong>mona:</strong></span> <span class='ocrx_word' id='word_1_625' title='bbox 2274 3403 2338 3442; x_wconf 89' lang='lat' dir='ltr'><strong>ac</strong></span> <span class='ocrx_word' id='word_1_626' title='bbox 2384 3387 2613 3453; x_wconf 80' lang='lat' dir='ltr'><strong>ventris,</strong></span> <span class='ocrx_word' id='word_1_627' title='bbox 2645 3387 2899 3442; x_wconf 87' lang='lat' dir='ltr'><strong>illecebra</strong></span> <span class='ocrx_word' id='word_1_628' title='bbox 2942 3388 3167 3458; x_wconf 88' lang='lat' dir='ltr'><strong>pellecta</strong></span> <span class='ocrx_word' id='word_1_629' title='bbox 3214 3393 3446 3446; x_wconf 72' lang='lat' dir='ltr'><strong>maxima</strong></span> <span class='ocrx_word' id='word_1_630' title='bbox 3490 3408 3618 3462; x_wconf 89' lang='lat' dir='ltr'><strong>pars</strong></span> 
     </span>
    </p>
   </div>
   <div class='ocr_carea' id='block_1_81' title="bbox 2052 3478 3620 3550">
    <p class='ocr_par' dir='ltr' id='par_1_81' title="bbox 2052 3478 3620 3550">
     <span class='ocr_line' id='line_1_81' title="bbox 2052 3478 3620 3550; baseline 0.004 -18"><span class='ocrx_word' id='word_1_631' title='bbox 2052 3479 2360 3532; x_wconf 78' lang='lat' dir='ltr'><strong>mortalium</strong></span> <span class='ocrx_word' id='word_1_632' title='bbox 2393 3486 2728 3544; x_wconf 67' lang='lat' dir='ltr'><strong>exmecatur;</strong></span> <span class='ocrx_word' id='word_1_633' title='bbox 2785 3478 2944 3546; x_wconf 91' lang='lat' dir='ltr'><strong>cujus</strong></span> <span class='ocrx_word' id='word_1_634' title='bbox 2974 3479 3192 3548; x_wconf 84' lang='lat' dir='ltr'><strong>quidem</strong></span> <span class='ocrx_word' id='word_1_635' title='bbox 3228 3482 3442 3550; x_wconf 86' lang='lat' dir='ltr'><strong>culpam</strong></span> <span class='ocrx_word' id='word_1_636' title='bbox 3478 3482 3620 3540; x_wconf 88' lang='lat' dir='ltr'><strong>Deus</strong></span> 
     </span>
    </p>
   </div>
   <div class='ocr_carea' id='block_1_82' title="bbox 2052 3567 3618 3642">
    <p class='ocr_par' dir='ltr' id='par_1_82' title="bbox 2052 3567 3618 3642">
     <span class='ocr_line' id='line_1_82' title="bbox 2052 3567 3618 3642; baseline 0.008 -22"><span class='ocrx_word' id='word_1_637' title='bbox 2052 3567 2276 3621; x_wconf 91' lang='lat' dir='ltr'><strong>minime</strong></span> <span class='ocrx_word' id='word_1_638' title='bbox 2317 3569 2572 3630; x_wconf 85' lang='lat' dir='ltr'><strong>sustinet,</strong></span> <span class='ocrx_word' id='word_1_639' title='bbox 2613 3567 2707 3623; x_wconf 89' lang='lat' dir='ltr'><strong>sed</strong></span> <span class='ocrx_word' id='word_1_640' title='bbox 2750 3570 2958 3637; x_wconf 83' lang='lat' dir='ltr'><strong>privata</strong></span> <span class='ocrx_word' id='word_1_641' title='bbox 3005 3570 3222 3624; x_wconf 90' lang='lat' dir='ltr'><strong>illorum</strong></span> <span class='ocrx_word' id='word_1_642' title='bbox 3277 3572 3618 3642; x_wconf 82' lang='lat' dir='ltr'><strong>improbitas,</strong></span> 
     </span>
    </p>
   </div>
   <div class='ocr_carea' id='block_1_83' title="bbox 2052 3658 3618 3731">
    <p class='ocr_par' dir='ltr' id='par_1_83' title="bbox 2052 3658 3618 3731">
     <span class='ocr_line' id='line_1_83' title="bbox 2052 3658 3618 3731; baseline 0.007 -22"><span class='ocrx_word' id='word_1_643' title='bbox 2052 3672 2152 3726; x_wconf 90' lang='lat' dir='ltr'><strong>pro</strong></span> <span class='ocrx_word' id='word_1_644' title='bbox 2175 3672 2240 3711; x_wconf 89' lang='lat' dir='ltr'><strong>eo</strong></span> <span class='ocrx_word' id='word_1_645' title='bbox 2272 3672 2336 3711; x_wconf 89' lang='lat' dir='ltr'><strong>ac</strong></span> <span class='ocrx_word' id='word_1_646' title='bbox 2363 3659 2595 3727; x_wconf 91' lang='lat' dir='ltr'><strong>quisque</strong></span> <span class='ocrx_word' id='word_1_647' title='bbox 2625 3658 2921 3728; x_wconf 90' lang='lat' dir='ltr'><strong>cupiditate</strong></span> <span class='ocrx_word' id='word_1_648' title='bbox 2966 3659 3164 3714; x_wconf 90' lang='lat' dir='ltr'><strong>ductus</strong></span> <span class='ocrx_word' id='word_1_649' title='bbox 3193 3676 3290 3731; x_wconf 91' lang='lat' dir='ltr'><strong>per</strong></span> <span class='ocrx_word' id='word_1_650' title='bbox 3327 3664 3618 3721; x_wconf 77' lang='lat' dir='ltr'><strong>inﬁdelita-</strong></span> 
     </span>
    </p>
   </div>
   <div class='ocr_carea' id='block_1_84' title="bbox 2055 3748 3622 3822">
    <p class='ocr_par' dir='ltr' id='par_1_84' title="bbox 2055 3748 3622 3822">
     <span class='ocr_line' id='line_1_84' title="bbox 2055 3748 3622 3822; baseline 0.006 -22"><span class='ocrx_word' id='word_1_651' title='bbox 2055 3756 2160 3802; x_wconf 89' lang='lat' dir='ltr'><strong>tem</strong></span> <span class='ocrx_word' id='word_1_652' title='bbox 2186 3748 2491 3817; x_wconf 89' lang='lat' dir='ltr'><strong>subjectum</strong></span> <span class='ocrx_word' id='word_1_653' title='bbox 2525 3749 2692 3820; x_wconf 73' lang='lat'><strong>690</strong></span> <span class='ocrx_word' id='word_1_654' title='bbox 2717 3765 2777 3805; x_wconf 91' lang='lat' dir='ltr'><strong>se</strong></span> <span class='ocrx_word' id='word_1_655' title='bbox 2805 3750 3060 3806; x_wconf 90' lang='lat' dir='ltr'><strong>omnibus</strong></span> <span class='ocrx_word' id='word_1_656' title='bbox 3085 3752 3488 3822; x_wconf 79' lang='lat' dir='ltr'><strong>obnoxiumque</strong></span> <span class='ocrx_word' id='word_1_657' title='bbox 3513 3764 3622 3810; x_wconf 84' lang='lat' dir='ltr'><strong>tra-</strong></span> 
     </span>
    </p>
   </div>
   <div class='ocr_carea' id='block_1_85' title="bbox 2054 3838 3622 3914">
    <p class='ocr_par' dir='ltr' id='par_1_85' title="bbox 2054 3838 3622 3914">
     <span class='ocr_line' id='line_1_85' title="bbox 2054 3838 3622 3914; baseline 0.009 -26"><span class='ocrx_word' id='word_1_658' title='bbox 2054 3838 2276 3892; x_wconf 87' lang='lat' dir='ltr'><strong>diderit.</strong></span> <span class='ocrx_word' id='word_1_659' title='bbox 2310 3838 2449 3893; x_wconf 89' lang='lat' dir='ltr'><strong>Hinc</strong></span> <span class='ocrx_word' id='word_1_660' title='bbox 2472 3841 2606 3914; x_wconf 88' lang='lat' dir='ltr'><strong>illud</strong></span> <span class='ocrx_word' id='word_1_661' title='bbox 2623 3842 2868 3910; x_wconf 89' lang='lat' dir='ltr'><strong>Apostoli</strong></span> <span class='ocrx_word' id='word_1_662' title='bbox 2895 3841 3098 3896; x_wconf 86' lang='lat' dir='ltr'><strong>dictum</strong></span> <span class='ocrx_word' id='word_1_663' title='bbox 3121 3862 3133 3896; x_wconf 95' lang='lat'>:</span> <span class='ocrx_word' id='word_1_664' title='bbox 3163 3843 3339 3898; x_wconf 70' lang='lat' dir='ltr'><strong>Radix</strong></span> <span class='ocrx_word' id='word_1_665' title='bbox 3361 3847 3622 3902; x_wconf 80' lang='lat' dir='ltr'><strong>mutarunt</strong></span> 
     </span>
    </p>
   </div>
   <div class='ocr_carea' id='block_1_86' title="bbox 2055 3931 3622 4004">
    <p class='ocr_par' dir='ltr' id='par_1_86' title="bbox 2055 3931 3622 4004">
     <span class='ocr_line' id='line_1_86' title="bbox 2055 3931 3622 4004; baseline 0.008 -22"><span class='ocrx_word' id='word_1_666' title='bbox 2055 3931 2288 3984; x_wconf 86' lang='lat' dir='ltr'><strong>omnium</strong></span> <span class='ocrx_word' id='word_1_667' title='bbox 2327 3941 2406 3985; x_wconf 90' lang='lat' dir='ltr'><strong>est</strong></span> <span class='ocrx_word' id='word_1_668' title='bbox 2433 3933 2662 3986; x_wconf 83' lang='lat' dir='ltr'><strong>avaritia</strong></span> <span class='ocrx_word' id='word_1_669' title='bbox 2680 3934 2722 3988; x_wconf 81' lang='grc'>⁵.</span> <span class='ocrx_word' id='word_1_670' title='bbox 2770 3931 2910 3987; x_wconf 83' lang='lat' dir='ltr'><strong>Hinc</strong></span> <span class='ocrx_word' id='word_1_671' title='bbox 2943 3945 3323 4004; x_wconf 67' lang='lat' dir='ltr'><strong>praesumptam</strong></span> <span class='ocrx_word' id='word_1_672' title='bbox 3365 3938 3510 3991; x_wconf 87' lang='lat' dir='ltr'><strong>illam</strong></span> <span class='ocrx_word' id='word_1_673' title='bbox 3557 3954 3622 3994; x_wconf 88' lang='lat' dir='ltr'><strong>ac</strong></span> 
     </span>
    </p>
   </div>
   <div class='ocr_carea' id='block_1_87' title="bbox 2053 4023 3626 4095">
    <p class='ocr_par' dir='ltr' id='par_1_87' title="bbox 2053 4023 3626 4095">
     <span class='ocr_line' id='line_1_87' title="bbox 2053 4023 3626 4095; baseline 0.006 -19"><span class='ocrx_word' id='word_1_674' title='bbox 2053 4023 2401 4092; x_wconf 88' lang='lat' dir='ltr'><strong>depravatam</strong></span> <span class='ocrx_word' id='word_1_675' title='bbox 2431 4024 2688 4078; x_wconf 79' lang='lat' dir='ltr'><strong>falsorum</strong></span> <span class='ocrx_word' id='word_1_676' title='bbox 2720 4023 2945 4080; x_wconf 90' lang='lat' dir='ltr'><strong>deorum</strong></span> <span class='ocrx_word' id='word_1_677' title='bbox 2974 4027 3283 4095; x_wconf 83' lang='lat' dir='ltr'><strong>opinionem</strong></span> <span class='ocrx_word' id='word_1_678' title='bbox 3308 4040 3626 4086; x_wconf 70' lang='lat' dir='ltr'><strong>exsecratur</strong></span> 
     </span>
    </p>
   </div>
   <div class='ocr_carea' id='block_1_88' title="bbox 2055 4114 3621 4177">
    <p class='ocr_par' dir='ltr' id='par_1_88' title="bbox 2055 4114 3621 4177">
     <span class='ocr_line' id='line_1_88' title="bbox 2055 4114 3621 4177; baseline 0.006 -11"><span class='ocrx_word' id='word_1_679' title='bbox 2055 4114 2141 4168; x_wconf 92' lang='lat' dir='ltr'><strong>his</strong></span> <span class='ocrx_word' id='word_1_680' title='bbox 2167 4115 2383 4169; x_wconf 85' lang='lat' dir='ltr'><strong>verbis:</strong></span> <span class='ocrx_word' id='word_1_681' title='bbox 2421 4114 2561 4170; x_wconf 84' lang='lat' dir='ltr'><strong>Esca</strong></span> <span class='ocrx_word' id='word_1_682' title='bbox 2591 4119 2754 4170; x_wconf 85' lang='lat' dir='ltr'><strong>ventri</strong></span> <span class='ocrx_word' id='word_1_683' title='bbox 2795 4129 2845 4170; x_wconf 85' lang='lat' dir='ltr'><strong>et</strong></span> <span class='ocrx_word' id='word_1_684' title='bbox 2883 4127 3058 4171; x_wconf 83' lang='lat' dir='ltr'><strong>venter</strong></span> <span class='ocrx_word' id='word_1_685' title='bbox 3079 4121 3234 4173; x_wconf 80' lang='lat' dir='ltr'><strong>escis.</strong></span> <span class='ocrx_word' id='word_1_686' title='bbox 3268 4120 3410 4175; x_wconf 83' lang='lat' dir='ltr'><strong>Deus</strong></span> <span class='ocrx_word' id='word_1_687' title='bbox 3446 4132 3621 4177; x_wconf 84' lang='lat' dir='ltr'><strong>autem</strong></span> 
     </span>
    </p>
   </div>
   <div class='ocr_carea' id='block_1_89' title="bbox 2053 4205 3624 4274">
    <p class='ocr_par' dir='ltr' id='par_1_89' title="bbox 2053 4205 3624 4274">
     <span class='ocr_line' id='line_1_89' title="bbox 2053 4205 3624 4274; baseline 0.006 -16"><span class='ocrx_word' id='word_1_688' title='bbox 2053 4205 2260 4258; x_wconf 83' lang='lat' dir='ltr'><strong>ethunc</strong></span> <span class='ocrx_word' id='word_1_689' title='bbox 2292 4217 2342 4259; x_wconf 90' lang='lat' dir='ltr'><strong>et</strong></span> <span class='ocrx_word' id='word_1_690' title='bbox 2370 4207 2496 4260; x_wconf 82' lang='lat' dir='ltr'><strong>illas</strong></span> <span class='ocrx_word' id='word_1_691' title='bbox 2523 4207 2806 4262; x_wconf 67' lang='lat' dir='ltr'><strong>destruet“.</strong></span> <span class='ocrx_word' id='word_1_692' title='bbox 2853 4207 3062 4274; x_wconf 84' lang='lat' dir='ltr'><strong>Quibus</strong></span> <span class='ocrx_word' id='word_1_693' title='bbox 3091 4211 3272 4265; x_wconf 78' lang='lat' dir='ltr'><strong>verbis</strong></span> <span class='ocrx_word' id='word_1_694' title='bbox 3305 4214 3508 4268; x_wconf 89' lang='lat' dir='ltr'><strong>ventris</strong></span> <span class='ocrx_word' id='word_1_695' title='bbox 3533 4229 3624 4268; x_wconf 87' lang='lat' dir='ltr'><strong>cu-</strong></span> 
     </span>
    </p>
   </div>
   <div class='ocr_carea' id='block_1_90' title="bbox 2056 4297 3624 4373">
    <p class='ocr_par' dir='ltr' id='par_1_90' title="bbox 2056 4297 3624 4373">
     <span class='ocr_line' id='line_1_90' title="bbox 2056 4297 3624 4373; baseline 0.007 -25"><span class='ocrx_word' id='word_1_696' title='bbox 2056 4297 2312 4366; x_wconf 73' lang='lat' dir='ltr'><strong>piditates</strong></span> <span class='ocrx_word' id='word_1_697' title='bbox 2335 4299 2423 4352; x_wconf 87' lang='lat' dir='ltr'><strong>ille</strong></span> <span class='ocrx_word' id='word_1_698' title='bbox 2444 4299 2744 4354; x_wconf 88' lang='lat' dir='ltr'><strong>detestatus</strong></span> <span class='ocrx_word' id='word_1_699' title='bbox 2765 4311 2866 4354; x_wconf 90' lang='lat' dir='ltr'><strong>est.</strong></span> <span class='ocrx_word' id='word_1_700' title='bbox 2895 4301 3035 4355; x_wconf 86' lang='lat' dir='ltr'><strong>Deus</strong></span> <span class='ocrx_word' id='word_1_701' title='bbox 3061 4301 3242 4372; x_wconf 87' lang='lat' dir='ltr'><strong>itaque</strong></span> <span class='ocrx_word' id='word_1_702' title='bbox 3262 4304 3441 4356; x_wconf 77' lang='lat' dir='ltr'><strong>smculi</strong></span> <span class='ocrx_word' id='word_1_703' title='bbox 3467 4304 3624 4373; x_wconf 80' lang='lat' dir='ltr'><strong>hujus</strong></span> 
     </span>
    </p>
   </div>
   <div class='ocr_carea' id='block_1_91' title="bbox 2055 4390 3623 4468">
    <p class='ocr_par' dir='ltr' id='par_1_91' title="bbox 2055 4390 3623 4468">
     <span class='ocr_line' id='line_1_91' title="bbox 2055 4390 3623 4468; baseline 0.004 -26"><span class='ocrx_word' id='word_1_704' title='bbox 2055 4390 2335 4442; x_wconf 65' lang='lat' dir='ltr'><strong>excaecauit</strong></span> <span class='ocrx_word' id='word_1_705' title='bbox 2379 4401 2572 4444; x_wconf 81' lang='lat' dir='ltr'><strong>mentes</strong></span> <span class='ocrx_word' id='word_1_706' title='bbox 2613 4391 2906 4458; x_wconf 80' lang='lat' dir='ltr'><strong>inﬁdelium</strong></span> <span class='ocrx_word' id='word_1_707' title='bbox 2925 4393 2966 4446; x_wconf 82' lang='grc'>⁷.</span> <span class='ocrx_word' id='word_1_708' title='bbox 3027 4392 3147 4458; x_wconf 85' lang='lat' dir='ltr'><strong>Quo</strong></span> <span class='ocrx_word' id='word_1_709' title='bbox 3195 4395 3325 4448; x_wconf 92' lang='lat' dir='ltr'><strong>illud</strong></span> <span class='ocrx_word' id='word_1_710' title='bbox 3367 4396 3623 4468; x_wconf 86' lang='lat' dir='ltr'><strong>pertinet,</strong></span> 
     </span>
    </p>
   </div>
   <div class='ocr_carea' id='block_1_92' title="bbox 374 4474 1945 4561">
    <p class='ocr_par' dir='ltr' id='par_1_92' title="bbox 374 4477 1945 4561">
     <span class='ocr_line' id='line_1_92' title="bbox 374 4477 1945 4561; baseline -0.005 -23"><span class='ocrx_word' id='word_1_711' title='bbox 374 4484 452 4538; x_wconf 82' lang='grc' dir='ltr'>Τί</span> <span class='ocrx_word' id='word_1_712' title='bbox 489 4483 766 4561; x_wconf 60' lang='grc' dir='ltr'>φοιήσας</span> <span class='ocrx_word' id='word_1_713' title='bbox 811 4481 963 4550; x_wconf 76' lang='grc' dir='ltr'><strong>ζωὴν</strong></span> <span class='ocrx_word' id='word_1_714' title='bbox 1000 4479 1239 4534; x_wconf 72' lang='grc' dir='ltr'>αἰώνιον</span> <span class='ocrx_word' id='word_1_715' title='bbox 1275 4477 1742 4548; x_wconf 56' lang='lat' dir='ltr'><strong>euripos-omium;</strong></span> <span class='ocrx_word' id='word_1_716' title='bbox 1789 4482 1847 4532; x_wconf 86' lang='grc' dir='ltr'>Ὀ</span> <span class='ocrx_word' id='word_1_717' title='bbox 1896 4478 1945 4530; x_wconf 80' lang='grc' dir='ltr'>δὲ</span> 
     </span>
    </p>
   </div>
   <div class='ocr_carea' id='block_1_93' title="bbox 2048 4474 3625 4561">
    <p class='ocr_par' dir='ltr' id='par_1_93' title="bbox 2058 4474 3625 4552">
     <span class='ocr_line' id='line_1_93' title="bbox 2058 4474 3625 4552; baseline 0.008 -24"><span class='ocrx_word' id='word_1_718' title='bbox 2058 4479 2201 4548; x_wconf 84' lang='lat' dir='ltr'><strong>quod</strong></span> <span class='ocrx_word' id='word_1_719' title='bbox 2228 4480 2279 4532; x_wconf 89' lang='lat' dir='ltr'><strong>in</strong></span> <span class='ocrx_word' id='word_1_720' title='bbox 2307 4479 2594 4549; x_wconf 79' lang='lat' dir='ltr'><strong>Evangelio</strong></span> <span class='ocrx_word' id='word_1_721' title='bbox 2619 4483 2866 4552; x_wconf 78' lang='lat' dir='ltr'><strong>legimus,</strong></span> <span class='ocrx_word' id='word_1_722' title='bbox 2885 4485 3118 4552; x_wconf 88' lang='lat' dir='ltr'><strong>primum</strong></span> <span class='ocrx_word' id='word_1_723' title='bbox 3141 4485 3297 4539; x_wconf 91' lang='lat' dir='ltr'><strong>illum.</strong></span> <span class='ocrx_word' id='word_1_724' title='bbox 3316 4493 3370 4540; x_wconf 92' lang='lat' dir='ltr'><strong>et</strong></span> <span class='ocrx_word' id='word_1_725' title='bbox 3391 4474 3625 4540; x_wconf 80' lang='lat' dir='ltr'><strong>alterum</strong></span> 
     </span>
    </p>
   </div>
   <div class='ocr_carea' id='block_1_94' title="bbox 369 4569 1950 4645">
    <p class='ocr_par' dir='ltr' id='par_1_94' title="bbox 369 4569 1950 4645">
     <span class='ocr_line' id='line_1_94' title="bbox 369 4569 1950 4645; baseline -0.005 -16"><span class='ocrx_word' id='word_1_726' title='bbox 369 4578 486 4645; x_wconf 73' lang='grc' dir='ltr'><strong>ἔφη</strong></span> <span class='ocrx_word' id='word_1_727' title='bbox 508 4595 522 4607; x_wconf 91' lang='grc'><strong>·</strong></span> <span class='ocrx_word' id='word_1_728' title='bbox 569 4576 709 4643; x_wconf 81' lang='grc' dir='ltr'>Τίμα</span> <span class='ocrx_word' id='word_1_729' title='bbox 743 4575 851 4627; x_wconf 79' lang='grc' dir='ltr'>τὸν</span> <span class='ocrx_word' id='word_1_730' title='bbox 883 4574 1108 4641; x_wconf 80' lang='grc' dir='ltr'>πατέρα</span> <span class='ocrx_word' id='word_1_731' title='bbox 1152 4572 1251 4626; x_wconf 76' lang='grc' dir='ltr'>καί</span> <span class='ocrx_word' id='word_1_732' title='bbox 1288 4571 1404 4638; x_wconf 80' lang='grc' dir='ltr'>τὴν</span> <span class='ocrx_word' id='word_1_733' title='bbox 1436 4570 1664 4640; x_wconf 85' lang='grc' dir='ltr'>μητέρα</span> <span class='ocrx_word' id='word_1_734' title='bbox 1706 4569 1855 4624; x_wconf 81' lang='grc' dir='ltr'>κατὰ</span> <span class='ocrx_word' id='word_1_735' title='bbox 1886 4569 1950 4621; x_wconf 82' lang='grc' dir='ltr'><strong>τὸ</strong></span> 
     </span>
    </p>
   </div>
   <div class='ocr_carea' id='block_1_95' title="bbox 368 4653 1952 4739">
    <p class='ocr_par' dir='ltr' id='par_1_95' title="bbox 368 4653 1952 4739">
     <span class='ocr_line' id='line_1_95' title="bbox 368 4653 1952 4739; baseline -0.006 -18"><span class='ocrx_word' id='word_1_736' title='bbox 368 4653 804 4739; x_wconf 50' lang='grc' dir='ltr'><strong>ΔᾖἫῪραμιιέ-νον.</strong></span> <span class='ocrx_word' id='word_1_737' title='bbox 841 4665 915 4718; x_wconf 77' lang='grc' dir='ltr'><strong>Οὐ</strong></span> <span class='ocrx_word' id='word_1_738' title='bbox 961 4666 1069 4735; x_wconf 83' lang='grc' dir='ltr'><strong>γάρ</strong></span> <span class='ocrx_word' id='word_1_739' title='bbox 1127 4659 1193 4734; x_wconf 79' lang='grc' dir='ltr'>ἦν</span> <span class='ocrx_word' id='word_1_740' title='bbox 1232 4663 1488 4733; x_wconf 86' lang='grc' dir='ltr'>ἀλλότρια</span> <span class='ocrx_word' id='word_1_741' title='bbox 1515 4661 1583 4714; x_wconf 87' lang='grc' dir='ltr'><strong>τά</strong></span> <span class='ocrx_word' id='word_1_742' title='bbox 1621 4660 1715 4713; x_wconf 81' lang='grc' dir='ltr'>τοῦ</span> <span class='ocrx_word' id='word_1_743' title='bbox 1765 4661 1952 4730; x_wconf 87' lang='grc' dir='ltr'>νόμου.</span> 
     </span>
    </p>
   </div>
   <div class='ocr_carea' id='block_1_96' title="bbox 383 4747 1956 4827">
    <p class='ocr_par' dir='ltr' id='par_1_96' title="bbox 383 4747 1956 4827">
     <span class='ocr_line' id='line_1_96' title="bbox 383 4747 1956 4827; baseline -0.008 -14"><span class='ocrx_word' id='word_1_744' title='bbox 383 4759 666 4822; x_wconf 78' lang='grc' dir='ltr'>Ὡσαύτως</span> <span class='ocrx_word' id='word_1_745' title='bbox 691 4759 719 4810; x_wconf 92' lang='lat'><strong>6</strong></span> <span class='ocrx_word' id='word_1_746' title='bbox 743 4757 942 4827; x_wconf 84' lang='grc' dir='ltr'>Κύριος</span> <span class='ocrx_word' id='word_1_747' title='bbox 971 4756 1210 4809; x_wconf 85' lang='grc' dir='ltr'>διδάσκει</span> <span class='ocrx_word' id='word_1_748' title='bbox 1240 4753 1386 4823; x_wconf 82' lang='grc' dir='ltr'><strong>ζωῆς</strong></span> <span class='ocrx_word' id='word_1_749' title='bbox 1429 4752 1786 4822; x_wconf 86' lang='grc' dir='ltr'>κληρονομίας</span> <span class='ocrx_word' id='word_1_750' title='bbox 1818 4747 1956 4803; x_wconf 78' lang='grc' dir='ltr'>εἶναι</span> 
     </span>
    </p>
   </div>
   <div class='ocr_carea' id='block_1_97' title="bbox 366 4840 1957 4922">
    <p class='ocr_par' dir='ltr' id='par_1_97' title="bbox 366 4840 1957 4922">
     <span class='ocr_line' id='line_1_97' title="bbox 366 4840 1957 4922; baseline -0.007 -17"><span class='ocrx_word' id='word_1_751' title='bbox 366 4851 483 4922; x_wconf 80' lang='grc' dir='ltr'><strong>τὴν</strong></span> <span class='ocrx_word' id='word_1_752' title='bbox 534 4848 938 4918; x_wconf 80' lang='grc' dir='ltr'>παραφυλακὴν</span> <span class='ocrx_word' id='word_1_753' title='bbox 981 4845 1075 4898; x_wconf 81' lang='grc' dir='ltr'>τοῦ</span> <span class='ocrx_word' id='word_1_754' title='bbox 1121 4847 1308 4916; x_wconf 87' lang='grc' dir='ltr'>νόμου.</span> <span class='ocrx_word' id='word_1_755' title='bbox 1361 4840 1493 4898; x_wconf 80' lang='grc' dir='ltr'>Εἶτά</span> <span class='ocrx_word' id='word_1_756' title='bbox 1550 4859 1711 4914; x_wconf 77' lang='grc' dir='ltr'>φησί’</span> <span class='ocrx_word' id='word_1_757' title='bbox 1767 4841 1957 4895; x_wconf 85' lang='grc' dir='ltr'>Ταῦτα</span> 
     </span>
    </p>
   </div>
   <div class='ocr_carea' id='block_1_98' title="bbox 367 4933 1955 5006">
    <p class='ocr_par' dir='ltr' id='par_1_98' title="bbox 367 4933 1955 5006">
     <span class='ocr_line' id='line_1_98' title="bbox 367 4933 1955 5006; baseline -0.009 -8"><span class='ocrx_word' id='word_1_758' title='bbox 367 4943 584 4999; x_wconf 73' lang='grc' dir='ltr'>πάντα</span> <span class='ocrx_word' id='word_1_759' title='bbox 628 4941 889 5006; x_wconf 80' lang='grc' dir='ltr'>ἐποίησα</span> <span class='ocrx_word' id='word_1_760' title='bbox 935 4940 1003 4991; x_wconf 86' lang='grc' dir='ltr'><em>ἐκ</em></span> <span class='ocrx_word' id='word_1_761' title='bbox 1045 4939 1326 5005; x_wconf 77' lang='grc' dir='ltr'>νεότητός</span> <span class='ocrx_word' id='word_1_762' title='bbox 1367 4954 1511 5006; x_wconf 84' lang='grc' dir='ltr'>μου.</span> <span class='ocrx_word' id='word_1_763' title='bbox 1569 4937 1677 4987; x_wconf 75' lang='grc' dir='ltr'>Καὶ</span> <span class='ocrx_word' id='word_1_764' title='bbox 1717 4933 1955 4996; x_wconf 87' lang='grc' dir='ltr'>ἀκούσας</span> 
     </span>
    </p>
   </div>
   <div class='ocr_carea' id='block_1_99' title="bbox 367 5025 1956 5108">
    <p class='ocr_par' dir='ltr' id='par_1_99' title="bbox 367 5025 1956 5108">
     <span class='ocr_line' id='line_1_99' title="bbox 367 5025 1956 5108; baseline -0.009 -18"><span class='ocrx_word' id='word_1_765' title='bbox 367 5037 578 5108; x_wconf 77' lang='grc' dir='ltr'>ἐχάρη,</span> <span class='ocrx_word' id='word_1_766' title='bbox 603 5035 690 5086; x_wconf 81' lang='grc' dir='ltr'><strong>ἴνα</strong></span> <span class='ocrx_word' id='word_1_767' title='bbox 713 5033 862 5103; x_wconf 80' lang='grc' dir='ltr'>δείξῃ</span> <span class='ocrx_word' id='word_1_768' title='bbox 880 5031 977 5093; x_wconf 87' lang='grc' dir='ltr'><strong>τάς</strong></span> <span class='ocrx_word' id='word_1_769' title='bbox 1003 5029 1219 5092; x_wconf 84' lang='grc' dir='ltr'>ἐντολὰς</span> <span class='ocrx_word' id='word_1_770' title='bbox 1245 5028 1338 5081; x_wconf 81' lang='grc' dir='ltr'>τοῦ</span> <span class='ocrx_word' id='word_1_771' title='bbox 1366 5028 1530 5098; x_wconf 84' lang='grc' dir='ltr'>νόμου</span> <span class='ocrx_word' id='word_1_772' title='bbox 1555 5027 1653 5079; x_wconf 79' lang='grc' dir='ltr'><strong>οὐκ</strong></span> <span class='ocrx_word' id='word_1_773' title='bbox 1677 5025 1956 5095; x_wconf 75' lang='grc' dir='ltr'>ἀλλοτρίας</span> 
     </span>
    </p>
   </div>
   <div class='ocr_carea' id='block_1_100' title="bbox 369 5118 1954 5198">
    <p class='ocr_par' dir='ltr' id='par_1_100' title="bbox 369 5118 1954 5198">
     <span class='ocr_line' id='line_1_100' title="bbox 369 5118 1954 5198; baseline -0.006 -19"><span class='ocrx_word' id='word_1_774' title='bbox 369 5129 482 5198; x_wconf 81' lang='grc' dir='ltr'>τῆς</span> <span class='ocrx_word' id='word_1_775' title='bbox 510 5125 676 5179; x_wconf 79' lang='grc' dir='ltr'>αὑτοῦ</span> <span class='ocrx_word' id='word_1_776' title='bbox 703 5124 952 5194; x_wconf 85' lang='grc' dir='ltr'>Θεότητος</span> <span class='ocrx_word' id='word_1_777' title='bbox 977 5121 1344 5192; x_wconf 84' lang='grc' dir='ltr'>ὑπαρχούσας.</span> <span class='ocrx_word' id='word_1_778' title='bbox 1381 5120 1480 5172; x_wconf 89' lang='grc' dir='ltr'>Διά</span> <span class='ocrx_word' id='word_1_779' title='bbox 1508 5119 1615 5190; x_wconf 85' lang='grc' dir='ltr'>γὰρ</span> <span class='ocrx_word' id='word_1_780' title='bbox 1644 5118 1736 5171; x_wconf 83' lang='grc' dir='ltr'>τοῦ</span> <span class='ocrx_word' id='word_1_781' title='bbox 1761 5121 1954 5180; x_wconf 77' lang='grc' dir='ltr'>εἰπεῖν,</span> 
     </span>
    </p>
   </div>
   <div class='ocr_carea' id='block_1_101' title="bbox 368 5211 1957 5292">
    <p class='ocr_par' dir='ltr' id='par_1_101' title="bbox 368 5211 1957 5292">
     <span class='ocr_line' id='line_1_101' title="bbox 368 5211 1957 5292; baseline -0.01 -14"><span class='ocrx_word' id='word_1_782' title='bbox 368 5227 463 5278; x_wconf 77' lang='grc' dir='ltr'><strong>ὅτι</strong></span> <span class='ocrx_word' id='word_1_783' title='bbox 496 5224 693 5292; x_wconf 81' lang='grc' dir='ltr'>ἐχάρη,</span> <span class='ocrx_word' id='word_1_784' title='bbox 740 5219 1134 5288; x_wconf 80' lang='grc' dir='ltr'>συγκατάθεσιν</span> <span class='ocrx_word' id='word_1_785' title='bbox 1164 5217 1455 5286; x_wconf 81' lang='grc' dir='ltr'>ἐποιήσατο</span> <span class='ocrx_word' id='word_1_786' title='bbox 1491 5215 1734 5276; x_wconf 55' lang='lat' dir='ltr'><strong>Halani;</strong></span> <span class='ocrx_word' id='word_1_787' title='bbox 1767 5211 1957 5282; x_wconf 80' lang='grc' dir='ltr'>Διαθή-</span> 
     </span>
    </p>
   </div>
   <div class='ocr_carea' id='block_1_102' title="bbox 370 5305 1958 5387">
    <p class='ocr_par' dir='ltr' id='par_1_102' title="bbox 370 5305 1958 5387">
     <span class='ocr_line' id='line_1_102' title="bbox 370 5305 1958 5387; baseline -0.008 -17"><span class='ocrx_word' id='word_1_788' title='bbox 370 5335 484 5387; x_wconf 87' lang='grc' dir='ltr'><strong>κης</strong></span> <span class='ocrx_word' id='word_1_789' title='bbox 514 5315 653 5386; x_wconf 89' lang='grc' dir='ltr'>πρὸς</span> <span class='ocrx_word' id='word_1_790' title='bbox 685 5313 829 5366; x_wconf 85' lang='grc' dir='ltr'>Νέαν</span> <span class='ocrx_word' id='word_1_791' title='bbox 863 5310 1156 5382; x_wconf 81' lang='grc' dir='ltr'>Διαθήκην.</span> <span class='ocrx_word' id='word_1_792' title='bbox 1190 5307 1349 5360; x_wconf 83' lang='grc' dir='ltr'>Ἀλλά</span> <span class='ocrx_word' id='word_1_793' title='bbox 1382 5321 1544 5375; x_wconf 84' lang='grc' dir='ltr'>φησι·</span> <span class='ocrx_word' id='word_1_794' title='bbox 1589 5306 1648 5357; x_wconf 87' lang='grc' dir='ltr'>Τί</span> <span class='ocrx_word' id='word_1_795' title='bbox 1676 5305 1762 5357; x_wconf 79' lang='grc' dir='ltr'>ἔτι</span> <span class='ocrx_word' id='word_1_796' title='bbox 1792 5307 1958 5358; x_wconf 78' lang='grc' dir='ltr'>ὑστεο</span> 
     </span>
    </p>
   </div>
   <div class='ocr_carea' id='block_1_103' title="bbox 363 5397 1954 5480">
    <p class='ocr_par' dir='ltr' id='par_1_103' title="bbox 363 5397 1954 5480">
     <span class='ocr_line' id='line_1_103' title="bbox 363 5397 1954 5480; baseline -0.008 -19"><span class='ocrx_word' id='word_1_797' title='bbox 363 5408 494 5480; x_wconf 84' lang='grc' dir='ltr'><strong>ρῶ;</strong></span> <span class='ocrx_word' id='word_1_798' title='bbox 525 5408 638 5461; x_wconf 79' lang='grc' dir='ltr'><strong>Καὶ</strong></span> <span class='ocrx_word' id='word_1_799' title='bbox 682 5405 814 5474; x_wconf 72' lang='grc' dir='ltr'>φησὶ</span> <span class='ocrx_word' id='word_1_800' title='bbox 849 5403 985 5474; x_wconf 87' lang='grc' dir='ltr'>πρὸς</span> <span class='ocrx_word' id='word_1_801' title='bbox 1012 5401 1203 5454; x_wconf 86' lang='grc' dir='ltr'>αὐτόν·</span> <span class='ocrx_word' id='word_1_802' title='bbox 1247 5401 1315 5451; x_wconf 79' lang='lat' dir='ltr'><strong>El</strong></span> <span class='ocrx_word' id='word_1_803' title='bbox 1356 5397 1547 5462; x_wconf 83' lang='grc' dir='ltr'>θέλεις</span> <span class='ocrx_word' id='word_1_804' title='bbox 1587 5398 1815 5460; x_wconf 83' lang='grc' dir='ltr'>τέλειος</span> <span class='ocrx_word' id='word_1_805' title='bbox 1861 5413 1954 5464; x_wconf 73' lang='grc' dir='ltr'>γε-</span> 
     </span>
    </p>
   </div>
   <div class='ocr_carea' id='block_1_104' title="bbox 370 5485 1956 5563">
    <p class='ocr_par' dir='ltr' id='par_1_104' title="bbox 370 5485 1956 5563">
     <span class='ocr_line' id='line_1_104' title="bbox 370 5485 1956 5563; baseline -0.011 -9"><span class='ocrx_word' id='word_1_806' title='bbox 370 5500 624 5562; x_wconf 77' lang='grc' dir='ltr'>νέσθαι,</span> <span class='ocrx_word' id='word_1_807' title='bbox 671 5496 958 5563; x_wconf 78' lang='grc' dir='ltr'>πώλησον</span> <span class='ocrx_word' id='word_1_808' title='bbox 1002 5493 1073 5546; x_wconf 84' lang='grc' dir='ltr'>τὰ</span> <span class='ocrx_word' id='word_1_809' title='bbox 1123 5486 1471 5557; x_wconf 80' lang='grc' dir='ltr'>ὑπάρχοντά</span> <span class='ocrx_word' id='word_1_810' title='bbox 1517 5504 1644 5549; x_wconf 85' lang='grc' dir='ltr'>σοι,</span> <span class='ocrx_word' id='word_1_811' title='bbox 1701 5485 1798 5538; x_wconf 80' lang='grc' dir='ltr'>καί</span> <span class='ocrx_word' id='word_1_812' title='bbox 1852 5485 1956 5552; x_wconf 80' lang='grc' dir='ltr'><strong>δὸς</strong></span> 
     </span>
    </p>
   </div>
   <div class='ocr_carea' id='block_1_105' title="bbox 477 5652 1201 5722">
    <p class='ocr_par' dir='ltr' id='par_1_105' title="bbox 477 5652 1201 5722">
     <span class='ocr_line' id='line_1_105' title="bbox 477 5652 1201 5722; baseline -0.007 -12"><span class='ocrx_word' id='word_1_813' title='bbox 477 5661 526 5710; x_wconf 76' lang='grc'><strong>⁸1</strong></span> <span class='ocrx_word' id='word_1_814' title='bbox 570 5661 695 5712; x_wconf 82' lang='lat' dir='ltr'><strong>Cor.</strong></span> <span class='ocrx_word' id='word_1_815' title='bbox 737 5674 773 5719; x_wconf 85' lang='lat' dir='ltr'><strong>t,</strong></span> <span class='ocrx_word' id='word_1_816' title='bbox 815 5657 868 5708; x_wconf 77' lang='lat'><strong>&#39;5.</strong></span> <span class='ocrx_word' id='word_1_817' title='bbox 945 5656 963 5684; x_wconf 77' lang='lat'><strong>’</strong></span> <span class='ocrx_word' id='word_1_818' title='bbox 989 5652 1201 5722; x_wconf 84' lang='lat' dir='ltr'><strong>Philipp</strong></span> 
     </span>
    </p>
   </div>
   <div class='ocr_carea' id='block_1_106' title="bbox 377 5719 1636 5796">
    <p class='ocr_par' dir='ltr' id='par_1_106' title="bbox 377 5719 1636 5796">
     <span class='ocr_line' id='line_1_106' title="bbox 377 5719 1636 5796; baseline -0.013 -9"><span class='ocrx_word' id='word_1_819' title='bbox 377 5745 459 5796; x_wconf 71' lang='lat' dir='ltr'><strong>Iv,</strong></span> <span class='ocrx_word' id='word_1_820' title='bbox 490 5731 549 5785; x_wconf 74' lang='grc' dir='ltr'><strong>ιι.</strong></span> <span class='ocrx_word' id='word_1_821' title='bbox 624 5731 645 5760; x_wconf 76' lang='grc'><strong>³</strong></span> <span class='ocrx_word' id='word_1_822' title='bbox 687 5726 873 5785; x_wconf 79' lang='lat' dir='ltr'><strong>Matth.</strong></span> <span class='ocrx_word' id='word_1_823' title='bbox 912 5739 1023 5786; x_wconf 79' lang='lat' dir='ltr'><strong>xix,</strong></span> <span class='ocrx_word' id='word_1_824' title='bbox 1059 5719 1248 5777; x_wconf 62' lang='grc'><strong>16219.</strong></span> <span class='ocrx_word' id='word_1_825' title='bbox 1322 5721 1343 5751; x_wconf 76' lang='grc'><strong>⁸</strong></span> <span class='ocrx_word' id='word_1_826' title='bbox 1376 5719 1510 5773; x_wconf 86' lang='lat' dir='ltr'><strong>ibtd.</strong></span> <span class='ocrx_word' id='word_1_827' title='bbox 1546 5719 1636 5772; x_wconf 69' lang='lat'><strong>‘20.</strong></span> 
     </span>
    </p>
   </div>
   <div class='ocr_carea' id='block_1_107' title="bbox 755 5811 1415 5878">
    <p class='ocr_par' dir='ltr' id='par_1_107' title="bbox 755 5811 1415 5878">
     <span class='ocr_line' id='line_1_107' title="bbox 755 5811 1415 5878; baseline -0.009 0"><span class='ocrx_word' id='word_1_828' title='bbox 755 5820 1027 5878; x_wconf 71' lang='lat' dir='ltr'><strong>PATROL.</strong></span> <span class='ocrx_word' id='word_1_829' title='bbox 1057 5816 1174 5876; x_wconf 84' lang='lat' dir='ltr'><strong>Gn.</strong></span> <span class='ocrx_word' id='word_1_830' title='bbox 1225 5811 1415 5874; x_wconf 86' lang='lat' dir='ltr'><strong>XLII.</strong></span> 
     </span>
    </p>
   </div>
   <div class='ocr_carea' id='block_1_108' title="bbox 1209 5647 1997 5712">
    <p class='ocr_par' dir='ltr' id='par_1_108' title="bbox 1209 5647 1997 5712">
     <span class='ocr_line' id='line_1_108' title="bbox 1209 5647 1997 5712; baseline -0.004 -8"><span class='ocrx_word' id='word_1_831' title='bbox 1209 5666 1331 5712; x_wconf 88' lang='lat' dir='ltr'><strong>.lll,</strong></span> <span class='ocrx_word' id='word_1_832' title='bbox 1358 5651 1444 5703; x_wconf 80' lang='grc'><strong>19.</strong></span> <span class='ocrx_word' id='word_1_833' title='bbox 1519 5651 1538 5680; x_wconf 83' lang='grc'>³</span> <span class='ocrx_word' id='word_1_834' title='bbox 1575 5648 1764 5702; x_wconf 81' lang='lat' dir='ltr'><strong>Matth.</strong></span> <span class='ocrx_word' id='word_1_835' title='bbox 1798 5665 1871 5712; x_wconf 83' lang='lat' dir='ltr'><strong>vt,</strong></span> <span class='ocrx_word' id='word_1_836' title='bbox 1907 5647 1997 5702; x_wconf 65' lang='lat' dir='ltr'><strong>Eii.</strong></span> 
     </span>
    </p>
   </div>
   <div class='ocr_carea' id='block_1_109' title="bbox 2060 4562 3622 4662">
    <p class='ocr_par' dir='ltr' id='par_1_109' title="bbox 2060 4562 3622 4662">
     <span class='ocr_line' id='line_1_109' title="bbox 2060 4562 3622 4662; baseline 0.006 -40"><span class='ocrx_word' id='word_1_837' title='bbox 2060 4572 2268 4625; x_wconf 77' lang='lat' dir='ltr'><strong>dixisse</strong></span> <span class='ocrx_word' id='word_1_838' title='bbox 2300 4573 2534 4626; x_wconf 88' lang='lat' dir='ltr'><strong>scribam</strong></span> <span class='ocrx_word' id='word_1_839' title='bbox 2560 4592 2572 4626; x_wconf 87' lang='lat'><strong>:</strong></span> <span class='ocrx_word' id='word_1_840' title='bbox 2609 4573 2748 4637; x_wconf 84' lang='lat' dir='ltr'><strong>Quid</strong></span> <span class='ocrx_word' id='word_1_841' title='bbox 2770 4575 3012 4641; x_wconf 79' lang='lat' dir='ltr'><strong>faciendo</strong></span> <span class='ocrx_word' id='word_1_842' title='bbox 3042 4578 3203 4630; x_wconf 79' lang='lat' dir='ltr'><strong>vitam</strong></span> <span class='ocrx_word' id='word_1_843' title='bbox 3231 4562 3622 4662; x_wconf 39' lang='lat' dir='ltr'><strong>wternaﬁono</strong></span> 
     </span>
    </p>
   </div>
   <div class='ocr_carea' id='block_1_110' title="bbox 2056 4660 3626 4738">
    <p class='ocr_par' dir='ltr' id='par_1_110' title="bbox 2056 4660 3626 4738">
     <span class='ocr_line' id='line_1_110' title="bbox 2056 4660 3626 4738; baseline 0.002 -23"><span class='ocrx_word' id='word_1_844' title='bbox 2056 4665 2292 4730; x_wconf 80' lang='lat' dir='ltr'><strong>sequar?</strong></span> <span class='ocrx_word' id='word_1_845' title='bbox 2344 4661 2582 4725; x_wconf 86' lang='lat' dir='ltr'><strong>Honora,</strong></span> <span class='ocrx_word' id='word_1_846' title='bbox 2631 4663 2826 4731; x_wconf 86' lang='lat' dir='ltr'><strong>inquit,</strong></span> <span class='ocrx_word' id='word_1_847' title='bbox 2869 4673 3072 4732; x_wconf 81' lang='lat' dir='ltr'><strong>patrem</strong></span> <span class='ocrx_word' id='word_1_848' title='bbox 3110 4675 3158 4717; x_wconf 90' lang='lat' dir='ltr'><strong>et</strong></span> <span class='ocrx_word' id='word_1_849' title='bbox 3207 4674 3449 4728; x_wconf 87' lang='lat' dir='ltr'><strong>matrem,</strong></span> <span class='ocrx_word' id='word_1_850' title='bbox 3485 4660 3626 4738; x_wconf 55' lang='lat' dir='ltr'><strong>sicut</strong></span> 
     </span>
    </p>
   </div>
   <div class='ocr_carea' id='block_1_111' title="bbox 2056 4752 3646 4828">
    <p class='ocr_par' dir='ltr' id='par_1_111' title="bbox 2056 4752 3646 4828">
     <span class='ocr_line' id='line_1_111' title="bbox 2056 4752 3646 4828; baseline 0.004 -23"><span class='ocrx_word' id='word_1_851' title='bbox 2056 4753 2308 4821; x_wconf 84' lang='lat' dir='ltr'><strong>scriptum</strong></span> <span class='ocrx_word' id='word_1_852' title='bbox 2349 4754 2483 4807; x_wconf 63' lang='lat' dir='ltr'><strong>est“.</strong></span> <span class='ocrx_word' id='word_1_853' title='bbox 2544 4752 2662 4807; x_wconf 89' lang='lat' dir='ltr'><strong>Non</strong></span> <span class='ocrx_word' id='word_1_854' title='bbox 2702 4754 2845 4808; x_wconf 89' lang='lat' dir='ltr'><strong>enim</strong></span> <span class='ocrx_word' id='word_1_855' title='bbox 2879 4755 3052 4808; x_wconf 88' lang='lat' dir='ltr'><strong>aliena</strong></span> <span class='ocrx_word' id='word_1_856' title='bbox 3097 4755 3230 4824; x_wconf 77' lang='lat' dir='ltr'><strong>legis</strong></span> <span class='ocrx_word' id='word_1_857' title='bbox 3267 4763 3425 4810; x_wconf 88' lang='lat' dir='ltr'><strong>erant</strong></span> <span class='ocrx_word' id='word_1_858' title='bbox 3457 4757 3526 4810; x_wconf 89' lang='lat' dir='ltr'><strong>ab</strong></span> <span class='ocrx_word' id='word_1_859' title='bbox 3559 4759 3646 4828; x_wconf 52' lang='lat' dir='ltr'><strong>ed?</strong></span> 
     </span>
    </p>
   </div>
   <div class='ocr_carea' id='block_1_112' title="bbox 2058 4843 3626 4914">
    <p class='ocr_par' dir='ltr' id='par_1_112' title="bbox 2058 4843 3626 4914">
     <span class='ocr_line' id='line_1_112' title="bbox 2058 4843 3626 4914; baseline 0.004 -17"><span class='ocrx_word' id='word_1_860' title='bbox 2058 4845 2340 4909; x_wconf 87' lang='lat' dir='ltr'><strong>mandata;</strong></span> <span class='ocrx_word' id='word_1_861' title='bbox 2390 4844 2722 4914; x_wconf 90' lang='lat' dir='ltr'><strong>perindeque</strong></span> <span class='ocrx_word' id='word_1_862' title='bbox 2763 4843 3023 4899; x_wconf 87' lang='lat' dir='ltr'><strong>Dominus</strong></span> <span class='ocrx_word' id='word_1_863' title='bbox 3055 4846 3200 4900; x_wconf 91' lang='lat' dir='ltr'><strong>illius</strong></span> <span class='ocrx_word' id='word_1_864' title='bbox 3243 4846 3626 4904; x_wconf 86' lang='lat' dir='ltr'><strong>observatione</strong></span> 
     </span>
    </p>
   </div>
   <div class='ocr_carea' id='block_1_113' title="bbox 2059 4936 3626 5007">
    <p class='ocr_par' dir='ltr' id='par_1_113' title="bbox 2059 4936 3626 5007">
     <span class='ocr_line' id='line_1_113' title="bbox 2059 4936 3626 5007; baseline 0.004 -21"><span class='ocrx_word' id='word_1_865' title='bbox 2059 4936 2177 4990; x_wconf 68' lang='lat' dir='ltr'><strong>vita}</strong></span> <span class='ocrx_word' id='word_1_866' title='bbox 2201 4937 2440 4990; x_wconf 81' lang='lat' dir='ltr'><strong>caelestis</strong></span> <span class='ocrx_word' id='word_1_867' title='bbox 2465 4936 2832 4990; x_wconf 81' lang='lat' dir='ltr'><strong>haereditatem</strong></span> <span class='ocrx_word' id='word_1_868' title='bbox 2865 4936 3094 4991; x_wconf 90' lang='lat' dir='ltr'><strong>obtineri</strong></span> <span class='ocrx_word' id='word_1_869' title='bbox 3130 4939 3332 4991; x_wconf 91' lang='lat' dir='ltr'><strong>docuit.</strong></span> <span class='ocrx_word' id='word_1_870' title='bbox 3383 4938 3626 5007; x_wconf 83' lang='lat' dir='ltr'><strong>Subjecit</strong></span> 
     </span>
    </p>
   </div>
   <div class='ocr_carea' id='block_1_114' title="bbox 2056 5027 3628 5097">
    <p class='ocr_par' dir='ltr' id='par_1_114' title="bbox 2056 5027 3628 5097">
     <span class='ocr_line' id='line_1_114' title="bbox 2056 5027 3628 5097; baseline 0.003 -17"><span class='ocrx_word' id='word_1_871' title='bbox 2056 5027 2122 5081; x_wconf 89' lang='lat' dir='ltr'><strong>ad</strong></span> <span class='ocrx_word' id='word_1_872' title='bbox 2162 5028 2276 5081; x_wconf 66' lang='lat' dir='ltr'><strong>haec</strong></span> <span class='ocrx_word' id='word_1_873' title='bbox 2299 5028 2520 5097; x_wconf 85' lang='lat' dir='ltr'><strong>juvenis</strong></span> <span class='ocrx_word' id='word_1_874' title='bbox 2551 5027 2713 5080; x_wconf 82' lang='lat' dir='ltr'><strong>:llwc</strong></span> <span class='ocrx_word' id='word_1_875' title='bbox 2746 5028 2923 5081; x_wconf 86' lang='lat' dir='ltr'><strong>omnia</strong></span> <span class='ocrx_word' id='word_1_876' title='bbox 2954 5030 3151 5082; x_wconf 84' lang='lat' dir='ltr'><strong>servavi</strong></span> <span class='ocrx_word' id='word_1_877' title='bbox 3179 5032 3243 5081; x_wconf 85' lang='lat' dir='ltr'><strong>ab</strong></span> <span class='ocrx_word' id='word_1_878' title='bbox 3272 5030 3628 5084; x_wconf 83' lang='lat' dir='ltr'><strong>adolescentia</strong></span> 
     </span>
    </p>
   </div>
   <div class='ocr_carea' id='block_1_115' title="bbox 2056 5117 3624 5190">
    <p class='ocr_par' dir='ltr' id='par_1_115' title="bbox 2056 5117 3624 5190">
     <span class='ocr_line' id='line_1_115' title="bbox 2056 5117 3624 5190; baseline 0.003 -18"><span class='ocrx_word' id='word_1_879' title='bbox 2056 5119 2223 5174; x_wconf 83' lang='lat' dir='ltr'><strong>mea’.</strong></span> <span class='ocrx_word' id='word_1_880' title='bbox 2262 5117 2380 5185; x_wconf 87' lang='lat' dir='ltr'><strong>Quo</strong></span> <span class='ocrx_word' id='word_1_881' title='bbox 2408 5119 2594 5172; x_wconf 84' lang='lat' dir='ltr'><strong>audito</strong></span> <span class='ocrx_word' id='word_1_882' title='bbox 2621 5119 2868 5174; x_wconf 87' lang='lat' dir='ltr'><strong>Christus</strong></span> <span class='ocrx_word' id='word_1_883' title='bbox 2899 5119 3120 5190; x_wconf 78' lang='lat' dir='ltr'><strong>gavisus</strong></span> <span class='ocrx_word' id='word_1_884' title='bbox 3149 5128 3256 5186; x_wconf 89' lang='lat' dir='ltr'><strong>est,</strong></span> <span class='ocrx_word' id='word_1_885' title='bbox 3291 5129 3349 5174; x_wconf 93' lang='lat' dir='ltr'><strong>ut</strong></span> <span class='ocrx_word' id='word_1_886' title='bbox 3371 5121 3624 5176; x_wconf 87' lang='lat' dir='ltr'><strong>ostende-</strong></span> 
     </span>
    </p>
   </div>
   <div class='ocr_carea' id='block_1_116' title="bbox 2057 5211 3624 5282">
    <p class='ocr_par' dir='ltr' id='par_1_116' title="bbox 2057 5211 3624 5282">
     <span class='ocr_line' id='line_1_116' title="bbox 2057 5211 3624 5282; baseline 0 -17"><span class='ocrx_word' id='word_1_887' title='bbox 2057 5222 2138 5266; x_wconf 87' lang='lat' dir='ltr'><strong>ret</strong></span> <span class='ocrx_word' id='word_1_888' title='bbox 2171 5228 2200 5264; x_wconf 92' lang='lat' dir='ltr'><strong>a</strong></span> <span class='ocrx_word' id='word_1_889' title='bbox 2227 5211 2511 5266; x_wconf 89' lang='lat' dir='ltr'><strong>divinitate</strong></span> <span class='ocrx_word' id='word_1_890' title='bbox 2548 5220 2649 5266; x_wconf 72' lang='lat' dir='ltr'><strong>Sua</strong></span> <span class='ocrx_word' id='word_1_891' title='bbox 2695 5226 3033 5280; x_wconf 84' lang='lat' dir='ltr'><strong>nequaquam</strong></span> <span class='ocrx_word' id='word_1_892' title='bbox 3068 5221 3331 5282; x_wconf 72' lang='lat' dir='ltr'><strong>praacepta</strong></span> <span class='ocrx_word' id='word_1_893' title='bbox 3368 5213 3499 5281; x_wconf 81' lang='lat' dir='ltr'><strong>legis</strong></span> <span class='ocrx_word' id='word_1_894' title='bbox 3529 5214 3624 5265; x_wconf 88' lang='lat' dir='ltr'><strong>ab-</strong></span> 
     </span>
    </p>
   </div>
   <div class='ocr_carea' id='block_1_117' title="bbox 2059 5302 3624 5374">
    <p class='ocr_par' dir='ltr' id='par_1_117' title="bbox 2059 5302 3624 5374">
     <span class='ocr_line' id='line_1_117' title="bbox 2059 5302 3624 5374; baseline 0 -19"><span class='ocrx_word' id='word_1_895' title='bbox 2059 5305 2298 5359; x_wconf 87' lang='lat' dir='ltr'><strong>horrere.</strong></span> <span class='ocrx_word' id='word_1_896' title='bbox 2351 5302 2487 5358; x_wconf 89' lang='lat' dir='ltr'><strong>Cum</strong></span> <span class='ocrx_word' id='word_1_897' title='bbox 2531 5305 2673 5358; x_wconf 89' lang='lat' dir='ltr'><strong>enim</strong></span> <span class='ocrx_word' id='word_1_898' title='bbox 2724 5303 2943 5374; x_wconf 81' lang='lat' dir='ltr'><strong>gavisus</strong></span> <span class='ocrx_word' id='word_1_899' title='bbox 2988 5319 3109 5359; x_wconf 89' lang='lat' dir='ltr'><strong>esse</strong></span> <span class='ocrx_word' id='word_1_900' title='bbox 3152 5305 3370 5369; x_wconf 86' lang='lat' dir='ltr'><strong>dicitur,</strong></span> <span class='ocrx_word' id='word_1_901' title='bbox 3411 5302 3624 5357; x_wconf 84' lang='lat' dir='ltr'><strong>Veteris</strong></span> 
     </span>
    </p>
   </div>
   <div class='ocr_carea' id='block_1_118' title="bbox 2057 5395 3628 5452">
    <p class='ocr_par' dir='ltr' id='par_1_118' title="bbox 2057 5395 3628 5452">
     <span class='ocr_line' id='line_1_118' title="bbox 2057 5395 3628 5452; baseline -0.001 -3"><span class='ocrx_word' id='word_1_902' title='bbox 2057 5395 2389 5450; x_wconf 82' lang='lat' dir='ltr'><strong>Tcstamenti</strong></span> <span class='ocrx_word' id='word_1_903' title='bbox 2419 5412 2542 5451; x_wconf 91' lang='lat' dir='ltr'><strong>cum</strong></span> <span class='ocrx_word' id='word_1_904' title='bbox 2568 5395 2716 5450; x_wconf 88' lang='lat' dir='ltr'><strong>Novo</strong></span> <span class='ocrx_word' id='word_1_905' title='bbox 2743 5397 3163 5452; x_wconf 84' lang='lat' dir='ltr'><strong>eonsensionem</strong></span> <span class='ocrx_word' id='word_1_906' title='bbox 3191 5412 3254 5451; x_wconf 88' lang='lat' dir='ltr'><strong>ac</strong></span> <span class='ocrx_word' id='word_1_907' title='bbox 3278 5396 3628 5450; x_wconf 86' lang='lat' dir='ltr'><strong>concordiam</strong></span> 
     </span>
    </p>
   </div>
   <div class='ocr_carea' id='block_1_119' title="bbox 2059 5487 3630 5554">
    <p class='ocr_par' dir='ltr' id='par_1_119' title="bbox 2059 5487 3630 5554">
     <span class='ocr_line' id='line_1_119' title="bbox 2059 5487 3630 5554; baseline 0.003 -17"><span class='ocrx_word' id='word_1_908' title='bbox 2059 5488 2308 5540; x_wconf 77' lang='lat' dir='ltr'><strong>astruxit.</strong></span> <span class='ocrx_word' id='word_1_909' title='bbox 2336 5487 2570 5542; x_wconf 89' lang='lat' dir='ltr'><strong>Instante</strong></span> <span class='ocrx_word' id='word_1_910' title='bbox 2597 5501 2722 5541; x_wconf 86' lang='lat' dir='ltr'><strong>vero</strong></span> <span class='ocrx_word' id='word_1_911' title='bbox 2755 5487 3101 5542; x_wconf 84' lang='lat' dir='ltr'><strong>adolescente</strong></span> <span class='ocrx_word' id='word_1_912' title='bbox 3157 5495 3231 5554; x_wconf 90' lang='lat' dir='ltr'><strong>et,</strong></span> <span class='ocrx_word' id='word_1_913' title='bbox 3293 5487 3433 5554; x_wconf 81' lang='lat' dir='ltr'><strong>Quid</strong></span> <span class='ocrx_word' id='word_1_914' title='bbox 3456 5489 3630 5544; x_wconf 67' lang='lat' dir='ltr'><strong>adhuc</strong></span> 
     </span>
    </p>
   </div>
   <div class='ocr_carea' id='block_1_120' title="bbox 2085 5647 3625 5715">
    <p class='ocr_par' dir='ltr' id='par_1_120' title="bbox 2085 5647 3625 5715">
     <span class='ocr_line' id='line_1_120' title="bbox 2085 5647 3625 5715; baseline 0.005 -14"><span class='ocrx_word' id='word_1_915' title='bbox 2085 5650 2104 5681; x_wconf 65' lang='grc' dir='ltr'>δ</span> <span class='ocrx_word' id='word_1_916' title='bbox 2145 5649 2274 5704; x_wconf 90' lang='lat' dir='ltr'><strong>ibid.</strong></span> <span class='ocrx_word' id='word_1_917' title='bbox 2316 5649 2374 5703; x_wconf 81' lang='grc'><strong>⁸1</strong></span> <span class='ocrx_word' id='word_1_918' title='bbox 2407 5648 2545 5706; x_wconf 90' lang='lat' dir='ltr'><strong>Tim.</strong></span> <span class='ocrx_word' id='word_1_919' title='bbox 2579 5667 2653 5715; x_wconf 80' lang='lat' dir='ltr'><strong>vi,</strong></span> <span class='ocrx_word' id='word_1_920' title='bbox 2681 5650 2768 5705; x_wconf 74' lang='grc'><strong>10.</strong></span> <span class='ocrx_word' id='word_1_921' title='bbox 2843 5650 2863 5680; x_wconf 75' lang='grc'>⁸</span> <span class='ocrx_word' id='word_1_922' title='bbox 2893 5650 2908 5703; x_wconf 94' lang='grc' dir='ltr'><strong>Ι</strong></span> <span class='ocrx_word' id='word_1_923' title='bbox 2938 5649 3055 5705; x_wconf 90' lang='lat' dir='ltr'><strong>Cor.</strong></span> <span class='ocrx_word' id='word_1_924' title='bbox 3099 5669 3172 5714; x_wconf 81' lang='lat' dir='ltr'><strong>VI,</strong></span> <span class='ocrx_word' id='word_1_925' title='bbox 3213 5651 3280 5706; x_wconf 77' lang='grc'><strong>15</strong></span> <span class='ocrx_word' id='word_1_926' title='bbox 3378 5653 3396 5683; x_wconf 90' lang='grc'><strong>⁷</strong></span> <span class='ocrx_word' id='word_1_927' title='bbox 3422 5651 3462 5706; x_wconf 80' lang='grc' dir='ltr'><strong>ιι</strong></span> <span class='ocrx_word' id='word_1_928' title='bbox 3490 5647 3625 5708; x_wconf 85' lang='lat' dir='ltr'><strong>Cor.</strong></span> 
     </span>
    </p>
   </div>
   <div class='ocr_carea' id='block_1_121' title="bbox 3230 5790 3271 5872">
    <p class='ocr_par' dir='ltr' id='par_1_121' title="bbox 3230 5790 3271 5872">
     <span class='ocr_line' id='line_1_121' title="bbox 3230 5790 3271 5872; baseline 0 -2"><span class='ocrx_word' id='word_1_929' title='bbox 3230 5790 3271 5872; x_wconf 74' lang='lat'>5</span> 
     </span>
    </p>
   </div>
   <div class='ocr_carea' id='block_1_122' title="bbox 2911 5918 2956 5948">
    <p class='ocr_par' dir='ltr' id='par_1_122' title="bbox 2911 5918 2956 5948">
     <span class='ocr_line' id='line_1_122' title="bbox 2911 5918 2956 5948; baseline 0 -16"><span class='ocrx_word' id='word_1_930' title='bbox 2911 5918 2956 5948; x_wconf 50' lang='grc' dir='ltr'>δι</span> 
     </span>
    </p>
   </div>
  </div>
