4076 6392
389 340 492 404 £99

1744 339 1816 395 'S.
1859 336 2202 395 EPIPHANII

3542 332 3646 404 t-‘to

386 466 515 522 mihi
553 463 738 519 deest?
779 461 1176 535 interrogante,
1215 450 1488 517 Dominus
1531 464 1842 534 respondit:
1905 462 1958 518 Si

2066 460 2340 530 πτωχοῖς,
2369 461 2467 516 καὶ
2491 451 2638 516 λάϐε
2656 453 2777 531 ξτόν
2794 460 3058 532 σταυρόν
3089 475 3208 518 σου
3229 479 3242 494 ·
3274 464 3369 519 καί
3397 465 3646 523 ἀκολού-

385 560 462 615 υίε
488 557 748 628 perfectus
769 572 902 621 esse,
925 555 1084 612 vende
1102 571 1219 625 qua:
1245 554 1426 620 habes,
1449 564 1497 610 et
1527 554 1597 610 da
1623 556 1962 626 pauperibus,

383 663 432 706 et
465 666 612 706 sume
651 665 858 704 crucem
901 657 1082 713 tuam,
1139 657 1188 702 et
1233 664 1442 718 sequere
1483 664 1600 711 me;
1647 657 1697 702 et
1754 648 1965 704 habebis

384 743 691 796 thesaurum
733 741 786 795 in
819 739 972 796 ctelo.
1025 740 1095 793 At
1125 739 1215 794 ille
1249 740 1420 794 tristis
1460 739 1628 803 abiit;
1672 749 1787 794 erat
1823 743 1962 795 enim

382 834 674 889 admodum
705 832 846 888 dives
871 832 909 887 '.
956 830 1071 886 Sub
1104 832 1219 887 hzec
1250 833 1546 888 Dominus:
1589 833 1827 888 Facilius
1863 844 1961 896 est,

382 927 582 998 inquit,
631 926 892 978 camelum
938 939 1034 994 per
1080 923 1317 992 foramen
1363 923 1757 996 acus-ingredi,
1806 941 1964 995 quant

379 1020 595 1074 divitem
624 1018 678 1070 in
712 1033 926 1086 regnum
957 1017 1206 1070 calorum
1226 1017 1266 1070 '.

452 1111 576 1166 Ideo
615 1110 760 1164 enim
794 1108 1006 1179 ingredi
1049 1122 1347 1180 nequeunt,
1385 1109 1530 1180 quod
1570 1124 1600 1163 a
1641 1109 1744 1164 deo
1779 1112 1962 1172 saaculi

380 1205 548 1274 hujus
580 1202 840 1257 obcaecati
872 1201 1097 1264 fuerint,
1123 1209 1176 1255 et
1202 1217 1567 1255 mammonam
1599 1217 1698 1272 pro
1731 1201 1836 1256 Deo
1869 1203 1964 1256 ha-

380 1298 510 1352 bere
541 1295 898 1359 instituerint,
943 1309 1006 1348 ac
1040 1309 1099 1349 se
1127 1292 1363 1364 denique
1395 1294 1578 1348 saeculi
1613 1295 1713 1349 deo
1744 1303 1962 1363 sponte,

379 1389 487 1443 hoc
519 1398 604 1444 est
636 1388 898 1454 avaritiae,
927 1386 1282 1455 subiecerint.
1327 1384 1408 1439 Ad
1438 1386 1581 1456 quod
1617 1387 1744 1441 illud
1783 1385 1966 1440 Salva-

381 1481 519 1536 toris
553 1488 798 1552 spectat:
863 1478 1126 1534 Attendite
1163 1497 1193 1531 a
1250 1478 1505 1547 fermento
1542 1477 1960 1544 Pltarisazorum,

380 1571 520 1632 quod
543 1581 620 1626 est
647 1570 990 1642 hypocrisis”.
1061 1569 1181 1623 Alio
1226 1585 1352 1624 vero
1383 1570 1522 1633 loco,
1562 1571 1699 1639 quod
1729 1579 1807 1624 est
1838 1587 1964 1625 ava-

382 1665 530 1718 ritia.
551 1663 720 1733 Cujus
750 1673 807 1717 ut
837 1662 1073 1717 fructum
1105 1677 1351 1732 opusque
1379 1661 1733 1732 significaret,
1772 1662 1960 1728 Duces,

382 1757 594 1826 inquit,
644 1755 772 1809 ι·ωοί
814 1764 958 1808 sunt.
1006 1751 1189 1808 Caecus
1237 1764 1410 1806 autent
1453 1769 1644 1807 caecum
1690 1754 1736 1808 si
1776 1753 1958 1818 ducat,

2067 559 2154 610 θει
2177 572 2309 625 μοι·
2360 556 2456 610 καί
2497 555 2656 620 ἕξεις
2692 555 3003 624 θησαυρὸν
3049 557 3117 608 ἐν
3153 557 3413 624 οὐρανῷ.
3464 559 3526 611 ’0
3575 559 3643 612 δὲ

2066 645 2302 714 ἀπῆλθε
2332 647 2742 716 λυπούμενοςο
2779 643 2860 715 ἦν
2897 646 3007 716 γὰρ
3047 648 3344 713 πλούσιος
3385 649 3637 717 σφόδρα.

2065 735 2198 791 Εἶτα
2229 739 2258 790 ὁ
2296 738 2500 809 Κύριος
2549 737 2649 807 ἔφη
2675 751 2687 764 ·
2721 737 3150 806 Εὐκοπώτερον
3190 737 3320 791 ἐστι
3369 737 3642 807 κάμηλον

2065 829 2163 884 διὰ
2200 829 2525 900 τρυμαλιᾶς
2539 828 2797 899 ῥαφίδος
2824 829 3121 884 εἰσελθεῖν
3137 870 3150 896 ,
3177 830 3216 899 ἣ
3249 831 3550 884 πλούσιον
3573 830 3643 884 ἐν

2067 921 2140 990 τῇ
2159 923 2447 991 ,βασιλείᾳ
2472 922 2590 976 τῶν
2611 922 2900 992 οὐρανῶν.

2136 1099 2210 1152 Οὐ
2258 1098 2478 1151 δύναται
2517 1096 2627 1169 γὰρ
2658 1097 2950 1163 εἰσελθεῖν,
2979 1098 3058 1152 ὃτι
3102 1095 3488 1168 ὲτυφλώθησαν
3536 1098 3640 1151 ὑπὸ

2063 1190 2156 1243 τοῦ
2220 1190 2342 1243 θεοῦ
2394 1190 2486 1243 τοῦ
2531 1191 2744 1256 αἰῶνος,
2793 1190 3131 1262 ἡγησάμενοι
3185 1191 3278 1243 τὸν
3329 1193 3639 1262 μαμμωνᾶν

2065 1283 2271 1338 ἑαυτῶν
2303 1283 2462 1345 Θεὸν,
2505 1285 2598 1337 καὶ
2640 1285 2865 1346 ἑαυτοὺς
2900 1284 3243 1355 ὑποχειρίους
3281 1283 3639 1353 πεποιηκότες

2063 1374 2142 1443 τῷ
2181 1373 2288 1443 θεῷ
2313 1371 2407 1426 τοῦ
2433 1372 2630 1436 αἰῶνος
2659 1373 2870 1434 τούτου,
2902 1372 3147 1424 τουτέστι
3178 1374 3242 1442 τῇ
3271 1371 3600 1442 φιλαργυρίᾳ
3619 1388 3636 1402 ο

2063 1467 2139 1531 ὼς
2172 1467 2351 1535 λέγει·
2401 1467 2736 1535 Προσέχετε
2785 1466 2900 1520 ἀπὸ
2943 1465 3053 1534 τῆς
3093 1464 3275 1534 (omne
3317 1465 3428 1535 τῆς
3461 1468 3636 1532 Φαρι-

2063 1560 2282 1622 σαίων,
2313 1557 2444 1626 ἣτις
2477 1559 2646 1612 ἐστὶν
2675 1559 2995 1627 ὑπόκρισις
3014 1577 3026 1589 ·
3055 1560 3148 1612 καὶ
3183 1560 3239 1612 ὲν
3277 1559 3419 1629 ἄλλῳ
3451 1558 3600 1629 τύπῳ
3620 1574 3635 1589 ο

2063 1651 2197 1720 ἥτις
2244 1651 2373 1704 ἐστὶ
2418 1651 2794 1721 φιλαργυρία.
2840 1652 2950 1704 Καὶ
2992 1652 3078 1705 ἵνα
3131 1650 3278 1724 δείξῃ
3327 1651 3532 1722 ταύτης
3579 1652 3638 1704 τὸ

2062 1743 2409 1816 ἀποτέλεσμα
2443 1745 2536 1796 καὶ
2574 1743 2633 1796 τὸ
2669 1743 2849 1814 ἔργον,
2879 1743 3056 1811 λέγει·
3109 1743 3347 1814 Ὀδηγιοί
3377 1746 3494 1796 εὶσι
3540 1761 3638 1798 τυ-

383 1846 628 1903 amboin
670 1845 874 1914 foveam
907 1842 1092 1898 cadent
1112 1843 1152 1896 ⁸.
1205 1841 1358 1910 Quod
1406 1843 1656 1898 videlicet
1699 1859 1798 1899 sua
1839 1845 1958 1901 illos

2063 1836 2226 1903 φλοί.
2264 1836 2497 1904 Τυφλύς
2530 1834 2598 1889 δὲ
2632 1835 2866 1904 τυφλὸν
2899 1835 3165 1903 ὁδηγῶν,
3203 1836 3520 1905 ἀμφότεροι
3552 1838 3643 1901 είς

381 1939 674 1996 excascarit
704 1938 953 2003 avaritia,
984 1938 1078 2007 qui
1107 1943 1192 1992 est
1227 1935 1390 2006 hujus
1425 1937 1608 1991 saeculi
1647 1939 1782 1993 deus
1805 1980 1820 2001 ,
1864 1953 1961 1993 ne-

382 2048 491 2106 que
521 2033 591 2088 ob
623 2047 744 2088 eam
781 2031 1080 2086 caecitatem
1115 2028 1169 2082 in
1215 2044 1407 2084 eorum
1440 2021 1698 2084 cordibus
1733 2044 1963 2100 evange-

384 2122 526 2178 licus
551 2121 642 2176 ille
669 2120 925 2192 splendor
950 2119 1205 2173 illuxerit.
1233 2119 1410 2188 Atque
1433 2118 1547 2172 haec
1574 2119 1690 2189 ipsa
1719 2121 1964 2189 pecunia:

387 2213 663 2283 cupiditas
720 2228 828 2266 non
861 2210 1021 2264 modo
1043 2208 1237 2264 Judam
1267 2211 1582 2276 excaacavit,
1608 2210 1702 2266 sed
1731 2220 1785 2265 et
1811 2211 1960 2265 Ana-

385 2307 491 2362 niae
520 2320 708 2360 necem
739 2304 942 2367 attulit,
973 2312 1026 2358 et
1057 2303 1343 2372 plerosque
1370 2303 1508 2358 alios
1540 2304 1822 2359 exstinxit.
1862 2303 1961 2358 Hic

385 2406 492 2461 est,
525 2397 768 2466 inquam,
803 2396 967 2464 hujus
995 2397 1181 2449 saeculi
1223 2395 1562 2462 deus,quem
1598 2410 1696 2465 pro
1730 2394 1837 2449 Deo
1855 2396 1960 2452 sibi

385 2490 708 2558 adaptantes
733 2488 1002 2551 homines,
1027 2502 1148 2541 eum
1173 2485 1221 2540 ei
1247 2485 1569 2540 honorando
1592 2487 1958 2551 studuissent,

383 2583 677 2638 Dominum
711 2589 1192 2650 contempserunt:
1227 2579 1375 2650 quod
1406 2579 1492 2634 his
1524 2580 1639 2649 ipse
1670 2579 1848 2634 verbis
1879 2580 1962 2632 in-

383 2671 561 2725 dicat:
593 2667 775 2723 'Uuum
805 2668 1162 2736 amplectetur,
1200 2669 1424 2722 alterum
1449 2677 1762 2722 contemnet.
1795 2669 1956 2740 69]

388 2763 509 2818 Non
557 2763 773 2832 potestis
817 2760 924 2815 Deo
973 2762 1165 2816 seruire
1202 2770 1250 2814 et
1298 2762 1672 2816 mammonaz'.
1724 2759 1962 2816 Videsne

383 2866 548 2924 quam
606 2853 810 2907 diserte
862 2851 1256 2920 perspicueque
1314 2865 1402 2905 res
1461 2859 1575 2906 tota
1619 2851 1963 2907 declaretur?

382 2945 516 3000 Nam
535 2945 722 3000 nullus
745 2944 882 2998 alter
904 2944 1044 2998 Deus
1067 2950 1168 3009 est,
1194 2959 1294 2998 nec
1321 2945 1375 2997 in
1397 2946 1560 3008 cmlo,
1589 2958 1687 2999 nec
1711 2945 1765 2999 in
1789 2953 1957 3012 terra,

382 3047 484 3089 nec
524 3033 650 3088 ullis
681 3031 802 3087 aliis
849 3033 906 3086 in
939 3031 1096 3096 locis,
1148 3041 1344 3101 praeter
1383 3050 1550 3088 unum
1599 3034 1839 3099 Patrem,
1893 3052 1959 3091 ex

384 3141 493 3192 quo
541 3125 762 3189 omnia;
817 3132 870 3178 et
914 3139 1081 3179 unum
1133 3125 1420 3180 Dominum
1474 3135 1726 3183 nostrum
1771 3126 1958 3183 Jesum

2056 1925 2330 1990 βόθυνον
2353 1925 2776 1996 ἐμπεσοῦνται.
2819 1925 3035 1998 Ἐπειδὴ
3069 1925 3181 1999 γὰρ
3209 1926 3515 1996 ἐτύφλωσεν
3543 1927 3640 1979 αὑ-

2061 2017 2188 2080 τοὺς
2228 2017 2260 2087 ἡ
2296 2016 2652 2089 φιλαργυρία,
2699 2019 2727 2071 ὁ
2759 2016 2880 2082 θεὸς
2910 2016 3018 2088 τοῦ]
3051 2017 3246 2082 αἰῶνος
3286 2017 3496 2082 τούτου,
3545 2017 3637 2071 καὶ

2063 2107 2123 2160 οὐ
2166 2107 2515 2178 κατηύγασεν
2553 2110 2581 2160 ὁ
2614 2109 2890 2178 φωτισμὸς
2919 2109 3013 2162 τοῦ
3055 2109 3386 2177 Εὐαγγελίου
3415 2111 3472 2163 ὲν
3519 2112 3639 2172 ταῖς

2063 2200 2311 2271 καρδίαις
2344 2200 2522 2254 αὐτῶν
2543 2241 2556 2265 ,
2593 2201 2680 2254 διὰ
2710 2201 2770 2255 τὸ
2813 2202 3185 2271 τετυφλῶσθαι
3215 2203 3342 2274 περὶ
3385 2202 3482 2274 τὴν
3516 2204 3638 2272 φιλ-

2062 2291 2348 2362 αργυρίαν.
2394 2291 2541 2363 Αὕτη
2583 2292 2692 2363 γὰρ
2721 2293 2811 2346 τὸν
2864 2293 3062 2346 Ἰοῶαν
3101 2292 3439 2362 ἐτύφλωσεν*
3498 2292 3636 2364 αῦτη

2063 2381 2157 2433 καὶ
2205 2381 2332 2444 τοὺς
2365 2383 2493 2452 περὶ
2544 2383 2790 2436 Ἀνανίαν
2836 2383 3188 2438 ἀπέκτεινεν·
3233 2383 3370 2456 αὕτη
3413 2385 3639 2448 πολλοὺς

2063 2472 2364 2544 ἠφάνησεν.
2410 2467 2578 2537 Οὗτός
2620 2478 2766 2529 ἐστιν
2803 2478 2830 2529 ὁ
2874 2475 2995 2539 θεὸς
3031 2475 3124 2529 τοῦ
3172 2476 3390 2546 αἰῶνος,
3411 2477 3636 2530 τούτουσ

2061 2566 2120 2620 ὃν
2163 2568 2524 2638 αἰρησάμενοι
2569 2567 2700 2622 Θεὸν
2747 2570 2795 2621 oi
2847 2567 3121 2641 ἄνθρωποι
3171 2569 3498 2623 ἐπελάϐοντο
3542 2570 3640 2642 τῆς

2061 2660 2197 2732 πρὸς
2232 2660 2394 2714 αὑτὸν
2424 2661 2610 2732 τιμῆς,
2639 2663 2733 2715 καὶ
2762 2661 3172 2732 κατεφρόνησαν
3195 2661 3289 2714 τοῦ
3314 2662 3540 2733 Κυρίου,
3564 2663 3640 2725 ὡς

2060 2749 2241 2818 λέγει’
2290 2750 2399 2805 Τοῦ
2441 2753 2556 2819 μὲν
2586 2751 2725 2818 ἐνὸς
2772 2752 3111 2818 ἀνθέξεται,
3162 2753 3267 2807 τοῦ
3315 2754 3384 2807 δὲ
3433 2753 3640 2822 ἑτέρου

2061 2844 2522 2912 καταφρονήσει.
2569 2846 2650 2898 Οὐ
2693 2844 2961 2898 δύνασθε
2993 2844 3114 2910 Θεῷ
3153 2845 3494 2912 δουλεύειν,
3541 2847 3640 2901 καί

2054 2933 2367 3004 μαμμωνᾷ.
2405 2935 2516 2988 Καὶ
2554 2936 2685 3007 ὁρᾷς
2725 2935 2902 3007 ῥητῶς
2941 2939 3034 2991 καὶ
3075 2939 3261 3008 σαφῶς
3311 2940 3370 2992 τὸ
3407 2941 3639 3010 πρᾶγμα

2061 3026 2525 3098 ὲρμηνευόμενονς
2591 3027 2777 3090 Οὐδεὶς
2829 3027 2936 3098 γὰρ
2983 3027 3060 3081 ἔνι
3107 3028 3294 3100 ἔτερος
3343 3029 3493 3094 Θεὸς,
3538 3033 3640 3085 οὐκ

2061 3121 2118 3174 ὲν
2146 3120 2379 3192 οὐρανῷ,
2409 3120 2507 3173 οὐκ
2535 3121 2593 3173 ἐν
2621 3122 2684 3191 τῇ
2719 3122 2812 3191 γῇ,
2839 3122 2938 3173 οὐκ
2975 3122 3034 3174 ὲν
3061 3123 3196 3174 πᾶσι
3236 3123 3475 3194 χωρίοις,
3503 3124 3639 3177 ἀλλὰ

381 3215 685 3279 Christum,
713 3230 808 3283 per
834 3229 994 3284 quem
1021 3216 1234 3280 omnia;
1259 3223 1314 3270 et
1343 3233 1510 3271 unum
1534 3216 1799 3288 Spiritum
1828 3234 1956 3274 san-

2061 3208 2138 3276 είς
2169 3213 2378 3285 Πατὴρ,
2410 3212 2468 3277 ἐξ
2497 3207 2556 3266 οὗ
2585 3212 2653 3265 τὰ
2684 3213 2889 3276 πάντα,
2935 3213 3026 3266 καὶ
3068 3208 3148 3277 εἷς
3181 3215 3384 3287 Κύριος
3431 3217 3637 3287 Ἰησοῦς

381 3315 553 3373 etum,
584 3306 639 3361 in
670 3320 781 3376 quo
811 3305 994 3359 omnia
1023 3322 1037 3372 ;
1079 3321 1200 3376 quae
1225 3315 1310 3362 est
1329 3311 1659 3379 sempiterna
1693 3307 1957 3379 Trinitas,

381 3408 436 3456 et
470 3415 576 3455 una
613 3399 893 3471 divinitas,
915 3398 1002 3452 cui
1026 3413 1123 3453 nec
1149 3399 1408 3456 accedere
1441 3401 1720 3472 quidpiam
1754 3410 1956 3472 potest,

382 3507 485 3549 nec
505 3490 790 3548 decedere.

326 3731 328 3736 _
453 3667 618 3723 LXX.
657 3665 762 3722 Sed
795 3666 906 3738 jam
939 3666 1006 3723 ad
1046 3667 1150 3720 alia
1184 3675 1549 3733 transeamus,
1594 3680 1756 3739 atque
1794 3670 1958 3740 hujus

383 3761 592 3824 bestiae,
621 3768 676 3815 et
703 3759 936 3826 inimici,
957 3766 1119 3830 atque
1143 3761 1472 3816 insecutoris
1496 3762 1720 3832 laqueos
1751 3763 1957 3819 discer-

384 3867 597 3923 pamus,
628 3865 660 3907 ο
684 3850 994 3908 charissimi
1023 3854 1035 3905 l
1081 3851 1217 3906 adeo
1251 3860 1310 3907 ut
1347 3867 1468 3922 quae
1493 3854 1562 3909 ab
1591 3855 1683 3909 illo
1710 3854 1958 3910 aﬂectata

381 3941 677 3997 verborum
723 3938 962 3994 novitate
995 3939 1272 4009 disputata
1302 3950 1432 3995 sunt
1461 3942 1527 3996 ad
1558 3943 1803 3998 veritatis
1837 3959 1956 3999 ser-

383 4047 600 4088 monem
612 4031 1032 4096 transferamus,
1049 4032 1103 4086 in
1121 4047 1308 4088 eorum
1327 4033 1579 4103 gratiam,
1603 4033 1696 4103 qui
1710 4035 1957 4090 veritatis

382 4127 783 4196 cognoscendae
803 4125 1076 4182 desiderio
1097 4134 1371 4188 tenentur,
1402 4134 1563 4194 atque
1583 4125 1652 4179 ab
1670 4125 1832 4195 impia
1847 4126 1959 4180 ha:-

381 4231 579 4273 reseon
609 4217 852 4272 omnium
896 4217 1141 4272 doctrina
1187 4217 1428 4272 animum
1466 4225 1709 4272 avertere
1745 4217 1954 4272 volunt.

381 4308 563 4381 Pergit
587 4308 754 4380 igitur
782 4310 956 4380 legem
981 4325 1044 4363 ac
1069 4310 1361 4379 prophetas
1391 4309 1764 4378 perstringens
1795 4310 1959 4363 homo

379 4410 490 4454 tam
520 4400 789 4466 veritatis,
815 4415 977 4472 quam
1013 4399 1259 4469 Spiritus
1292 4400 1491 4463 sancti,
1530 4399 1625 4469 qui
1655 4399 1709 4452 in
1743 4399 1863 4470 lege
1893 4414 1957 4453 ac

380 4491 660 4562 prophetis
707 4493 920 4546 locutus
968 4500 1074 4554 est,
1127 4492 1415 4556 inimicus;
1479 4499 1645 4562 atque
1693 4491 1955 4547 adversus

2063 3304 2316 3375 Χριστὸς,
2348 3303 2415 3357 δι’
2442 3297 2502 3357 οὗ
2531 3303 2600 3358 τὰ
2630 3304 2839 3370 πάντα,
2875 3305 2968 3358 καὶ
3005 3305 3063 3359 ἒν
3094 3307 3317 3378 Πνεῦμα
3347 3308 3408 3362 τὸ
3460 3309 3636 3376 ἆγιον,

2062 3397 2118 3449 ὲν
2142 3389 2184 3464 ᾧ
2211 3395 2280 3449 τὰ
2312 3397 2509 3450 πάντα·
2540 3397 2627 3449 ἀεὶ
2653 3392 2788 3450 οὖσα
2824 3398 2857 3467 ἡ
2883 3397 3071 3469 Τριὰς,
3109 3398 3208 3469 μία
3241 3401 3273 3470 ἡ
3305 3401 3513 3471 θεότης,
3544 3403 3640 3455 καὶ

2065 3486 2332 3558 μηδέποτε
2382 3486 2700 3558 προσθήκην
2739 3486 3123 3559 λαμϐάνουσα,
3179 3490 3303 3544 οὔτε
3351 3493 3638 3564 ἀφαίρεσιν

2061 3579 2402 3651 ἐνδεχομένη.

2132 3673 2208 3725 0'.
2243 3674 2438 3742 Ἴωμεν
2461 3672 2516 3726 δὲ
2543 3675 2628 3743 ἐφ’
2656 3673 2819 3746 ἕτερα
2853 3675 3035 3742 πάλιν,
3081 3676 3173 3730 καὶ
3199 3675 3266 3730 τὰ
3290 3677 3480 3731 δίκτυα
3509 3679 3636 3732 τού-

2061 3779 2153 3816 του
2181 3761 2273 3815 τοῦ
2306 3762 2471 3833 θηρὸς
2513 3764 2606 3817 καὶ
2634 3764 2828 3835 ἐχθροῦ
2873 3767 2966 3819 καὶ
2999 3767 3282 3839 ὲκδικητοῦ
3326 3768 3638 3822 διασπασώ-

2065 3854 2222 3925 μεθα,
2249 3853 2542 3924 ἀγαπητοὶ,
2571 3856 2662 3910 ἐπὶ
2694 3856 2791 3929 τὴν
2817 3858 3017 3930 φράσιν
3051 3860 3150 3930 τῆς
3175 3860 3430 3930 ἀληθείας
3451 3862 3516 3915 τὰ
3544 3863 3638 3915 ὑπ’

2061 3946 2226 4000 αὑτοῦ
2264 3946 2714 4018 ξενολεκτούμενα
2754 3949 3010 4022 φέροντες
3043 3955 3154 4016 τοῖς
3189 3953 3532 4025 βουλομένοις
3567 3958 3638 4009 τὰ

2059 4037 2159 4108 τῆς
2192 4039 2447 4110 ἀληθείας
2469 4040 2825 4111 καταμαθεῖν,
2853 4043 2946 4096 καὶ
2973 4044 3374 4114 ἀποτρέπεσθαι
3401 4046 3491 4100 τὸν
3513 4047 3636 4100 νοῦν

2060 4131 2168 4183 ἀπὸ
2214 4131 2700 4194 κακοδιδασκαλίας
2734 4131 2914 4204 πάσης
2949 4134 3234 4205 αἱρέσεως.
3303 4137 3637 4207 Ἐπιλαμόἁ-

2059 4241 2208 4277 νεται
2227 4223 2335 4294 γὰρ
2358 4224 2450 4277 τοῦ
2480 4225 2644 4295 νόμου
2674 4226 2834 4279 πάλιν
2857 4227 2950 4280 καὶ
2972 4227 3078 4280 τῶν
3104 4229 3417 4301 προφητῶν,
3445 4231 3638 4302 ἐχθρὸς

2059 4313 2133 4366 ὢν
2165 4316 2262 4386 τῆς
2307 4314 2566 4385 ἀληθείας
2607 4317 2701 4369 καὶ
2742 4317 2834 4370 τοῦ
2868 4319 3024 4386 ἁγίου
3073 4320 3387 4391 Πνεύματος
3407 4364 3420 4386 ,
3451 4324 3545 4376 τοῦ
3579 4325 3636 4377 ἐν

2059 4407 2208 4478 νόμῳ
2238 4408 2332 4461 καὶ
2364 4408 2422 4460 ἐν
2449 4409 2759 4479 προφήταις
2791 4409 3166 4482 λελαληκότος.
3203 4413 3312 4467 Καί
3337 4431 3503 4484 φησι,
3536 4433 3635 4485 χα-

2059 4500 2227 4564 λάσας
2252 4499 2521 4568 γλῶσσαν,
2547 4500 2624 4564 ὡς
2647 4504 2741 4555 καὶ
2768 4503 2878 4565 ἀεὶ,
2910 4504 3049 4556 κατὰ
3072 4504 3165 4558 τοῦ
3194 4505 3328 4558 Θεοῦ
3357 4507 3446 4560 τοῦ
3475 4510 3635 4580 ποιή-

379 4585 625 4639 omnium
657 4583 994 4639 conditorem
1022 4585 1212 4650 Deum,
1238 4586 1332 4655 qui
1363 4586 1416 4639 in
1445 4586 1562 4656 lege
1583 4602 1648 4641 ac
1676 4587 1955 4656 prophetis

2062 4609 2252 4654 σαντος
2291 4591 2361 4645 τὰ
2407 4593 2616 4658 πάντα,
2659 4593 2992 4666 λαλήσαντός
3035 4613 3093 4648 τε
3145 4600 3203 4650 ὲν
3253 4600 3400 4670 νόμῳ
3443 4602 3534 4655 καὶ
3577 4569 3636 4657 έν

377 4677 596 4735 l’ocutus
626 4687 729 4741 est,
759 4676 1118 4745 eumdemque
1145 4677 1356 4732 Domini
1390 4680 1566 4734 nostri
1589 4678 1717 4734 Jesu
1753 4679 1956 4737 Christi

377 4769 621 4834 Patrem,
666 4785 732 4824 ea:
759 4787 861 4841 quo
888 4771 1058 4824 omnis
1091 4772 1381 4838 paternitas
1406 4773 1460 4826 in
1499 4772 1626 4826 ctelo
1656 4783 1704 4826 et
1731 4774 1786 4826 in
1813 4783 1958 4828 terra

379 4863 687 4916 nominatur
703 4863 745 4926 °,
775 4862 958 4916 laxata
988 4861 1262 4918 eil‘renata:
1282 4863 1479 4934 lingua:
1506 4865 1807 4934 petulantia
1837 4881 1954 4921 om-

377 4955 465 5010 nis
499 4954 650 5009 illum
675 4954 990 5024 cupiditatis
1017 4963 1316 5018 auctorem,
1344 4971 1408 5010 ac
1433 4955 1684 5019 cmdium,
1719 4957 1956 5027 reliquo-

377 5059 611 5115 rumque
644 5043 951 5100 facinorum
984 5046 1266 5102 exstitisse
1295 5046 1487 5112 docet;
1535 5048 1736 5118 quippe
1777 5051 1870 5119 qui
1899 5058 1954 5104 et

377 5146 558 5192 vestes
581 5135 852 5207 Egyptiis
885 5137 1099 5208 eripere
1127 5138 1414 5208 jusserit’,
1442 5147 1498 5194 et
1529 5155 1653 5194 cum
1685 5143 1950 5196 sacrificia

379 5227 599 5283 sibimet
614 5228 835 5294 oﬂ'erre,
861 5238 973 5283 tum
991 5246 1330 5301 quaecunque
1354 5232 1459 5285 alia
1484 5232 1616 5302 legis
1634 5235 1953 5303 prtescripto

379 5321 730 5374 mandantur.
783 5321 929 5388 Quin
959 5331 1014 5378 et
1049 5323 1378 5378 homicidam
1415 5325 1742 5392 interﬁcere,
1778 5341 1955 5395 neque

381 5411 553 5480 priori
591 5413 741 5467 caede
789 5423 1078 5472 contentos
1111 5418 1358 5481 alteram,
1403 5417 1560 5487 quasi
1600 5418 1666 5471 ad
1716 5420 1954 5488 priorem

379 5503 803 5570 vindicandam,
856 5518 1192 5580 perpetrare.
1249 5508 1389 5563 Tum
1433 5527 1564 5565 vero
1619 5512 1956 5581 cupiditates

2059 4684 2399 4755 προφήταις,
2445 4684 2659 4754 Πατρὸς
2691 4685 2843 4750 ὄντος
2885 4686 2980 4741 τοῦ
3014 4689 3218 4760 Κυρίου
3263 4691 3416 4761 ὑμῶν
3462 4693 3634 4763 Ἰησοῦ

2058 4775 2294 4845 Χριστοῦ
2314 4816 2330 4841 ,
2362 4775 2430 4840 ἐξ
2470 4773 2541 4831 οὗ
2573 4776 2742 4832 πᾶσα
2783 4781 2999 4848 πατριὰ
3039 4783 3108 4835 ἐν
3135 4783 3371 4850 οὐρανῷ
3409 4786 3507 4840 καὶ
3537 4788 3638 4841 ἐπὶ

2058 4869 2172 4939 γῆς
2195 4868 2555 4938 ὀνομάζεται·
2583 4870 2676 4923 καί
2699 4889 2864 4942 φησιν
2882 4889 2894 4903 ’
2928 4873 3019 4937 ἘΞ
3046 4874 3210 4928 αὐτοῦ
3234 4877 3518 4948 ἐπιθυμία,
3545 4880 3637 4934 καὶ

2057 4962 2116 5026 ἐξ
2155 4961 2320 5015 αὑτοῦ
2368 4963 2535 5030 φόνοι,
2584 4963 2678 5016 καὶ
2713 4963 2781 5017 τὰ
2820 4963 2955 5018 ἄλλα
2988 4965 3184 5019 πάντα.
3236 4969 3638 5039 Παρεκελεύετο

2058 5054 2167 5124 γὰρ
2215 5054 2308 5106 καὶ
2350 5053 2537 5123 ἱμάτια
2568 5053 2887 5124 ἀφαρπάξαι
2920 5055 3027 5108 τῶν
3073 5057 3415 5126 Αἰγυπτίων,
3449 5062 3637 5127 θυσίας

2058 5146 2115 5198 δὲ
2142 5143 2289 5214 αὐτῷ
2317 5145 2752 5216 προσφέρεσθαι,
2785 5148 2876 5199 καὶ
2899 5147 2967 5200 τὰ
3000 5148 3136 5202 ἄλλα
3164 5152 3336 5205 πάντα
3369 5154 3468 5206 ὅσα
3493 5173 3630 5226 παρέ

2061 5238 2170 5308 ἐχει
2221 5239 2398 5308 νόμος.
2437 5238 2683 5291 Φονεύειν
2732 5240 2789 5293 δὲ
2825 5239 2916 5292 τὸν
2954 5243 3266 5308 φονεύοντα,
3313 5245 3388 5309 ὡς
3441 5247 3637 5317 μηκέτι

2061 5331 2346 5401 ἀρκεῖσθαι
2377 5329 2456 5400 τῷ
2489 5330 2687 5403 πρώτῳ
2725 5332 2892 5402 φόνῳ,
2918 5333 3051 5387 ἀλλὰ
3080 5337 3174 5388 καὶ
3197 5336 3449 5407 δεύτερον
3476 5339 3640 5408 ἐργά-

2063 5421 2270 5486 ζεσθαι,
2309 5421 2469 5492 δῆθεν
2498 5423 2838 5486 ἐκδικοῦντος
2866 5427 3030 5479 αὐτοῦ
3069 5428 3158 5480 τὸν
3198 5430 3412 5498 πρῶτον
3457 5433 3635 5499 φόνον,

2063 5513 2348 5584 ἐμϐάλλειν
2375 5530 2433 5565 τε
2461 5513 2758 5584 ἐπιθυμίας
2783 5519 2863 5578 εἰς
2902 5515 3000 5579 τὰς
3025 5516 3260 5582 διανοίας
3295 5519 3402 5572 τῶν
3429 5518 3639 5590 ἀνθρώ-

452 5704 476 5791 ξ
511 5701 714 5791 Matth.
747 5721 856 5791 x135,
895 5705 1096 5772 2|,2‘2.
1175 5707 1343 5763 ’ibid.
1386 5708 1474 5763 2i.
1555 5709 1574 5740 ³
1601 5707 1729 5762 Luc.
1767 5711 1932 5775 xu,l.
1989 5709 2032 5786 _‘
2066 5711 2256 5766 Matth.
2291 5727 2378 5778 xv,
2423 5713 2506 5768 i4.
2571 5712 2609 5759 ε’
2643 5711 2836 5770 Matth.
2882 5716 3068 5781 vr,*24.
3149 5719 3391 5791 ‘Ephes.
3424 5737 3503 5781 ut.
3549 5721 3632 5777 15.

385 5773 609 5832 'Exod.
666 5790 742 5839 st,
796 5775 852 5828 2.
