  <div class='ocr_page' id='page_1' title='image "/cluster/home/n/w/nwhite01/storage/ocr_20150623/42/nnc1.0046978682/094.png"; bbox 0 0 4076 6392; ppageno 0'>
   <div class='ocr_carea' id='block_1_1' title="bbox 1117 347 1951 431">
    <p class='ocr_par' dir='ltr' id='par_1_1' title="bbox 1117 347 1951 430">
     <span class='ocr_line' id='line_1_1' title="bbox 1117 347 1951 430; baseline -0.002 -6"><span class='ocrx_word' id='word_1_1' title='bbox 1117 361 1487 430; x_wconf 78' lang='lat' dir='ltr'><strong>ADVERSUS</strong></span> <span class='ocrx_word' id='word_1_2' title='bbox 1527 353 1871 428; x_wconf 47' lang='lat' dir='ltr'><strong>Bineses</strong></span> <span class='ocrx_word' id='word_1_3' title='bbox 1904 347 1951 422; x_wconf 21' lang='lat' dir='ltr'><strong>L1</strong></span> 
     </span>
    </p>
   </div>
   <div class='ocr_carea' id='block_1_2' title="bbox 2054 347 3079 431">
    <p class='ocr_par' dir='ltr' id='par_1_2' title="bbox 2076 348 3079 431">
     <span class='ocr_line' id='line_1_2' title="bbox 2076 348 3079 431; baseline 0.01 -11"><span class='ocrx_word' id='word_1_4' title='bbox 2076 359 2140 422; x_wconf 75' lang='grc' dir='ltr'><strong>ιι.</strong></span> <span class='ocrx_word' id='word_1_5' title='bbox 2184 348 2346 424; x_wconf 62' lang='grc' dir='ltr'>τὸν.</span> <span class='ocrx_word' id='word_1_6' title='bbox 2391 350 2544 422; x_wconf 74' lang='grc' dir='ltr'>ιι...</span> <span class='ocrx_word' id='word_1_7' title='bbox 2581 365 2857 425; x_wconf 59' lang='lat' dir='ltr'><strong>amnes.</strong></span> <span class='ocrx_word' id='word_1_8' title='bbox 2895 367 3079 431; x_wconf 79' lang='lat' dir='ltr'><strong>LXVI.</strong></span> 
     </span>
    </p>
   </div>
   <div class='ocr_carea' id='block_1_3' title="bbox 3541 364 3646 435">
    <p class='ocr_par' dir='ltr' id='par_1_3' title="bbox 3541 364 3646 435">
     <span class='ocr_line' id='line_1_3' title="bbox 3541 364 3646 435; baseline 0.029 -3"><span class='ocrx_word' id='word_1_9' title='bbox 3541 364 3646 435; x_wconf 68' lang='lat' dir='ltr'><strong>at!</strong></span> 
     </span>
    </p>
   </div>
   <div class='ocr_carea' id='block_1_4' title="bbox 371 484 1951 562">
    <p class='ocr_par' dir='ltr' id='par_1_4' title="bbox 371 484 1951 562">
     <span class='ocr_line' id='line_1_4' title="bbox 371 484 1951 562; baseline 0.003 -23"><span class='ocrx_word' id='word_1_10' title='bbox 371 499 515 547; x_wconf 79' lang='grc' dir='ltr'>πων,</span> <span class='ocrx_word' id='word_1_11' title='bbox 537 484 630 538; x_wconf 64' lang='grc' dir='ltr'><strong>καὶ⁵</strong></span> <span class='ocrx_word' id='word_1_12' title='bbox 652 484 1006 557; x_wconf 85' lang='grc' dir='ltr'>διηγούμενος</span> <span class='ocrx_word' id='word_1_13' title='bbox 1025 494 1301 558; x_wconf 84' lang='grc' dir='ltr'>γυναικῶν</span> <span class='ocrx_word' id='word_1_14' title='bbox 1319 495 1335 525; x_wconf 79' lang='grc'>⁸</span> <span class='ocrx_word' id='word_1_15' title='bbox 1369 494 1462 548; x_wconf 80' lang='grc' dir='ltr'>καὶ</span> <span class='ocrx_word' id='word_1_16' title='bbox 1491 493 1598 548; x_wconf 86' lang='grc' dir='ltr'>τῶν</span> <span class='ocrx_word' id='word_1_17' title='bbox 1618 492 1792 547; x_wconf 78' lang='grc' dir='ltr'>ἄλλων</span> <span class='ocrx_word' id='word_1_18' title='bbox 1821 507 1951 562; x_wconf 88' lang='grc' dir='ltr'>πρα-</span> 
     </span>
    </p>
   </div>
   <div class='ocr_carea' id='block_1_5' title="bbox 2054 484 3643 562">
    <p class='ocr_par' dir='ltr' id='par_1_5' title="bbox 2067 487 3643 558">
     <span class='ocr_line' id='line_1_5' title="bbox 2067 487 3643 558; baseline 0.006 -17"><span class='ocrx_word' id='word_1_19' title='bbox 2067 487 2348 543; x_wconf 89' lang='lat' dir='ltr'><strong>hominum</strong></span> <span class='ocrx_word' id='word_1_20' title='bbox 2377 489 2575 544; x_wconf 90' lang='lat' dir='ltr'><strong>animis</strong></span> <span class='ocrx_word' id='word_1_21' title='bbox 2606 488 2807 558; x_wconf 88' lang='lat' dir='ltr'><strong>injicit,</strong></span> <span class='ocrx_word' id='word_1_22' title='bbox 2844 503 2908 545; x_wconf 87' lang='lat' dir='ltr'><strong>ac</strong></span> <span class='ocrx_word' id='word_1_23' title='bbox 2943 489 3011 545; x_wconf 90' lang='lat' dir='ltr'><strong>de</strong></span> <span class='ocrx_word' id='word_1_24' title='bbox 3051 491 3378 547; x_wconf 86' lang='lat' dir='ltr'><strong>mulieribus</strong></span> <span class='ocrx_word' id='word_1_25' title='bbox 3403 495 3643 550; x_wconf 83' lang='lat' dir='ltr'><strong>caeteris-</strong></span> 
     </span>
    </p>
   </div>
   <div class='ocr_carea' id='block_1_6' title="bbox 366 568 1963 654">
    <p class='ocr_par' dir='ltr' id='par_1_6' title="bbox 366 568 1963 654">
     <span class='ocr_line' id='line_1_6' title="bbox 366 568 1963 654; baseline 0.001 -23"><span class='ocrx_word' id='word_1_26' title='bbox 366 578 619 648; x_wconf 84' lang='grc' dir='ltr'>γμάτων.</span> <span class='ocrx_word' id='word_1_27' title='bbox 636 577 950 648; x_wconf 82' lang='grc' dir='ltr'>Ἐχεθύμως</span> <span class='ocrx_word' id='word_1_28' title='bbox 973 568 1052 644; x_wconf 79' lang='grc' dir='ltr'><strong>δέ,</strong></span> <span class='ocrx_word' id='word_1_29' title='bbox 1079 585 1266 653; x_wconf 78' lang='grc' dir='ltr'>φησὶν,</span> <span class='ocrx_word' id='word_1_30' title='bbox 1283 583 1440 653; x_wconf 80' lang='grc' dir='ltr'><strong>ὀλίγα</strong></span> <span class='ocrx_word' id='word_1_31' title='bbox 1458 583 1584 654; x_wconf 77' lang='grc' dir='ltr'><strong>περῖ⁹</strong></span> <span class='ocrx_word' id='word_1_32' title='bbox 1608 582 1702 636; x_wconf 84' lang='grc' dir='ltr'>τοῦ</span> <span class='ocrx_word' id='word_1_33' title='bbox 1724 579 1963 653; x_wconf 82' lang='grc' dir='ltr'><strong>Χριστοῦ</strong></span> 
     </span>
    </p>
   </div>
   <div class='ocr_carea' id='block_1_7' title="bbox 366 671 1964 748">
    <p class='ocr_par' dir='ltr' id='par_1_7' title="bbox 366 671 1964 748">
     <span class='ocr_line' id='line_1_7' title="bbox 366 671 1964 748; baseline 0.004 -26"><span class='ocrx_word' id='word_1_34' title='bbox 366 671 800 742; x_wconf 80' lang='grc' dir='ltr'><strong>προεφήτευσεν,</strong></span> <span class='ocrx_word' id='word_1_35' title='bbox 843 672 928 724; x_wconf 81' lang='grc' dir='ltr'><strong>ἵνα</strong></span> <span class='ocrx_word' id='word_1_36' title='bbox 971 671 1060 727; x_wconf 80' lang='grc' dir='ltr'><strong>διὰ</strong></span> <span class='ocrx_word' id='word_1_37' title='bbox 1100 676 1209 730; x_wconf 83' lang='grc' dir='ltr'><strong>τῶν</strong></span> <span class='ocrx_word' id='word_1_38' title='bbox 1243 675 1440 746; x_wconf 78' lang='grc' dir='ltr'><strong>ὀλίγων</strong></span> <span class='ocrx_word' id='word_1_39' title='bbox 1470 677 1832 748; x_wconf 70' lang='grc' dir='ltr'>πιστοποιήσῃ</span> <span class='ocrx_word' id='word_1_40' title='bbox 1871 692 1964 728; x_wconf 90' lang='grc' dir='ltr'>πι-</span> 
     </span>
    </p>
   </div>
   <div class='ocr_carea' id='block_1_8' title="bbox 363 757 1962 838">
    <p class='ocr_par' dir='ltr' id='par_1_8' title="bbox 363 757 1962 838">
     <span class='ocr_line' id='line_1_8' title="bbox 363 757 1962 838; baseline 0.004 -24"><span class='ocrx_word' id='word_1_41' title='bbox 363 759 755 832; x_wconf 81' lang='grc' dir='ltr'>θανολογήσας.</span> <span class='ocrx_word' id='word_1_42' title='bbox 781 761 892 816; x_wconf 79' lang='grc' dir='ltr'><strong>Καὶ</strong></span> <span class='ocrx_word' id='word_1_43' title='bbox 918 763 1093 818; x_wconf 81' lang='grc' dir='ltr'>ταῦτα</span> <span class='ocrx_word' id='word_1_44' title='bbox 1117 757 1187 837; x_wconf 78' lang='grc' dir='ltr'>ἦν</span> <span class='ocrx_word' id='word_1_45' title='bbox 1212 766 1282 819; x_wconf 80' lang='grc' dir='ltr'><strong>τὰ</strong></span> <span class='ocrx_word' id='word_1_46' title='bbox 1315 768 1541 838; x_wconf 78' lang='grc' dir='ltr'>ῥήματα</span> <span class='ocrx_word' id='word_1_47' title='bbox 1564 766 1658 820; x_wconf 79' lang='grc' dir='ltr'>τοῦ</span> <span class='ocrx_word' id='word_1_48' title='bbox 1683 764 1962 838; x_wconf 76' lang='grc' dir='ltr'><strong>τολμηροῦ</strong></span> 
     </span>
    </p>
   </div>
   <div class='ocr_carea' id='block_1_9' title="bbox 363 852 1964 930">
    <p class='ocr_par' dir='ltr' id='par_1_9' title="bbox 363 852 1964 930">
     <span class='ocr_line' id='line_1_9' title="bbox 363 852 1964 930; baseline 0.002 -24"><span class='ocrx_word' id='word_1_49' title='bbox 363 853 566 923; x_wconf 78' lang='grc' dir='ltr'>Μάνη,</span> <span class='ocrx_word' id='word_1_50' title='bbox 619 852 657 908; x_wconf 74' lang='grc' dir='ltr'>ἃ</span> <span class='ocrx_word' id='word_1_51' title='bbox 711 852 856 906; x_wconf 75' lang='grc' dir='ltr'>κατὰ</span> <span class='ocrx_word' id='word_1_52' title='bbox 896 853 990 908; x_wconf 77' lang='grc' dir='ltr'>τοῦ</span> <span class='ocrx_word' id='word_1_53' title='bbox 1044 856 1174 909; x_wconf 86' lang='grc' dir='ltr'>ίδίου</span> <span class='ocrx_word' id='word_1_54' title='bbox 1220 857 1491 912; x_wconf 83' lang='grc' dir='ltr'>Δεσπότου</span> <span class='ocrx_word' id='word_1_55' title='bbox 1538 858 1964 930; x_wconf 83' lang='grc' dir='ltr'>ἀθυρογλὼττως</span> 
     </span>
    </p>
   </div>
   <div class='ocr_carea' id='block_1_10' title="bbox 363 944 1962 1022">
    <p class='ocr_par' dir='ltr' id='par_1_10' title="bbox 363 944 1962 1022">
     <span class='ocr_line' id='line_1_10' title="bbox 363 944 1962 1022; baseline 0.003 -25"><span class='ocrx_word' id='word_1_56' title='bbox 363 944 688 1015; x_wconf 79' lang='grc' dir='ltr'><strong>φθέγγεται.</strong></span> <span class='ocrx_word' id='word_1_57' title='bbox 721 944 1079 1018; x_wconf 84' lang='grc' dir='ltr'>Κατανοήσας</span> <span class='ocrx_word' id='word_1_58' title='bbox 1107 948 1167 1001; x_wconf 82' lang='grc' dir='ltr'>δέ</span> <span class='ocrx_word' id='word_1_59' title='bbox 1205 961 1290 1013; x_wconf 84' lang='grc' dir='ltr'><strong>τις</strong></span> <span class='ocrx_word' id='word_1_60' title='bbox 1326 949 1426 1003; x_wconf 85' lang='grc' dir='ltr'>ίδοι</span> <span class='ocrx_word' id='word_1_61' title='bbox 1471 951 1635 1022; x_wconf 80' lang='grc' dir='ltr'>μηδὲν</span> <span class='ocrx_word' id='word_1_62' title='bbox 1678 951 1864 1022; x_wconf 72' lang='grc' dir='ltr'>ἕτερον</span> <span class='ocrx_word' id='word_1_63' title='bbox 1903 952 1962 1002; x_wconf 91' lang='grc' dir='ltr'><strong>ἐν</strong></span> 
     </span>
    </p>
   </div>
   <div class='ocr_carea' id='block_1_11' title="bbox 360 1037 1962 1114">
    <p class='ocr_par' dir='ltr' id='par_1_11' title="bbox 360 1037 1962 1114">
     <span class='ocr_line' id='line_1_11' title="bbox 360 1037 1962 1114; baseline 0.004 -25"><span class='ocrx_word' id='word_1_64' title='bbox 360 1037 542 1108; x_wconf 84' lang='grc' dir='ltr'>τούτῳ</span> <span class='ocrx_word' id='word_1_65' title='bbox 572 1038 899 1108; x_wconf 81' lang='grc' dir='ltr'>φαινόμενον</span> <span class='ocrx_word' id='word_1_66' title='bbox 927 1039 1042 1092; x_wconf 81' lang='grc' dir='ltr'>ἀλλ’</span> <span class='ocrx_word' id='word_1_67' title='bbox 1066 1040 1098 1110; x_wconf 86' lang='grc' dir='ltr'>ἦ</span> <span class='ocrx_word' id='word_1_68' title='bbox 1123 1042 1510 1113; x_wconf 86' lang='grc' dir='ltr'>φρενίτιῶντος</span> <span class='ocrx_word' id='word_1_69' title='bbox 1537 1042 1690 1114; x_wconf 71' lang='grc' dir='ltr'>ἔργα.</span> <span class='ocrx_word' id='word_1_70' title='bbox 1738 1043 1827 1105; x_wconf 80' lang='grc' dir='ltr'>Ὠς</span> <span class='ocrx_word' id='word_1_71' title='bbox 1852 1042 1962 1113; x_wconf 86' lang='grc' dir='ltr'>γὰρ</span> 
     </span>
    </p>
   </div>
   <div class='ocr_carea' id='block_1_12' title="bbox 358 1127 1956 1202">
    <p class='ocr_par' dir='ltr' id='par_1_12' title="bbox 358 1127 1956 1202">
     <span class='ocr_line' id='line_1_12' title="bbox 358 1127 1956 1202; baseline 0.003 -21"><span class='ocrx_word' id='word_1_72' title='bbox 358 1128 390 1181; x_wconf 86' lang='grc' dir='ltr'><strong>ὁ</strong></span> <span class='ocrx_word' id='word_1_73' title='bbox 417 1128 521 1198; x_wconf 85' lang='grc' dir='ltr'>τὴν</span> <span class='ocrx_word' id='word_1_74' title='bbox 535 1129 776 1198; x_wconf 81' lang='grc' dir='ltr'>φρενῖτιν</span> <span class='ocrx_word' id='word_1_75' title='bbox 798 1127 956 1198; x_wconf 79' lang='grc' dir='ltr'>ἔχων,</span> <span class='ocrx_word' id='word_1_76' title='bbox 986 1129 1259 1202; x_wconf 82' lang='grc' dir='ltr'>μάχαιραν</span> <span class='ocrx_word' id='word_1_77' title='bbox 1290 1130 1414 1184; x_wconf 81' lang='grc' dir='ltr'>καθ’</span> <span class='ocrx_word' id='word_1_78' title='bbox 1435 1133 1631 1186; x_wconf 81' lang='grc' dir='ltr'>ἐαυτοῦ</span> <span class='ocrx_word' id='word_1_79' title='bbox 1659 1131 1956 1196; x_wconf 62' lang='grc' dir='ltr'>ὁπλίζεται;</span> 
     </span>
    </p>
   </div>
   <div class='ocr_carea' id='block_1_13' title="bbox 358 1217 1955 1296">
    <p class='ocr_par' dir='ltr' id='par_1_13' title="bbox 358 1217 1955 1296">
     <span class='ocr_line' id='line_1_13' title="bbox 358 1217 1955 1296; baseline 0.003 -24"><span class='ocrx_word' id='word_1_80' title='bbox 358 1220 462 1273; x_wconf 78' lang='grc' dir='ltr'>καὶ</span> <span class='ocrx_word' id='word_1_81' title='bbox 508 1220 599 1273; x_wconf 82' lang='grc' dir='ltr'>διὰ</span> <span class='ocrx_word' id='word_1_82' title='bbox 639 1220 739 1292; x_wconf 83' lang='grc' dir='ltr'><strong>τήν</strong></span> <span class='ocrx_word' id='word_1_83' title='bbox 767 1221 1064 1292; x_wconf 76' lang='grc' dir='ltr'>ἐπιληψίαν</span> <span class='ocrx_word' id='word_1_84' title='bbox 1100 1222 1199 1286; x_wconf 84' lang='grc' dir='ltr'>τὰς</span> <span class='ocrx_word' id='word_1_85' title='bbox 1237 1224 1430 1278; x_wconf 88' lang='grc' dir='ltr'>ἐαυτοῦ</span> <span class='ocrx_word' id='word_1_86' title='bbox 1476 1217 1955 1296; x_wconf 54' lang='grc' dir='ltr'>σάρκαςλτέμνων,</span> 
     </span>
    </p>
   </div>
   <div class='ocr_carea' id='block_1_14' title="bbox 358 1312 1958 1385">
    <p class='ocr_par' dir='ltr' id='par_1_14' title="bbox 358 1312 1958 1385">
     <span class='ocr_line' id='line_1_14' title="bbox 358 1312 1958 1385; baseline 0.003 -20"><span class='ocrx_word' id='word_1_87' title='bbox 358 1312 579 1383; x_wconf 74' lang='grc' dir='ltr'>νομίζει</span> <span class='ocrx_word' id='word_1_88' title='bbox 618 1312 846 1384; x_wconf 82' lang='grc' dir='ltr'>ἐχθροὺς</span> <span class='ocrx_word' id='word_1_89' title='bbox 869 1314 1208 1385; x_wconf 84' lang='grc' dir='ltr'>ἀμύνασθαι,</span> <span class='ocrx_word' id='word_1_90' title='bbox 1234 1317 1327 1370; x_wconf 72' lang='grc' dir='ltr'><strong>καὶ</strong></span> <span class='ocrx_word' id='word_1_91' title='bbox 1349 1317 1450 1371; x_wconf 81' lang='grc' dir='ltr'>οὐκ</span> <span class='ocrx_word' id='word_1_92' title='bbox 1479 1313 1619 1371; x_wconf 85' lang='grc' dir='ltr'>οἶδεν</span> <span class='ocrx_word' id='word_1_93' title='bbox 1647 1333 1661 1346; x_wconf 74' lang='grc'><strong><em>⁸</em></strong></span> <span class='ocrx_word' id='word_1_94' title='bbox 1697 1316 1838 1370; x_wconf 76' lang='grc' dir='ltr'>οὕτω</span> <span class='ocrx_word' id='word_1_95' title='bbox 1867 1319 1958 1370; x_wconf 82' lang='grc' dir='ltr'><strong>καὶ</strong></span> 
     </span>
    </p>
   </div>
   <div class='ocr_carea' id='block_1_15' title="bbox 357 1396 1956 1481">
    <p class='ocr_par' dir='ltr' id='par_1_15' title="bbox 357 1396 1956 1481">
     <span class='ocr_line' id='line_1_15' title="bbox 357 1396 1956 1481; baseline 0.003 -24"><span class='ocrx_word' id='word_1_96' title='bbox 357 1396 518 1468; x_wconf 80' lang='grc' dir='ltr'>οὗτος</span> <span class='ocrx_word' id='word_1_97' title='bbox 546 1405 667 1459; x_wconf 84' lang='grc' dir='ltr'>καθ’</span> <span class='ocrx_word' id='word_1_98' title='bbox 689 1407 883 1460; x_wconf 84' lang='grc' dir='ltr'>ἐαυτοῦ</span> <span class='ocrx_word' id='word_1_99' title='bbox 907 1407 1262 1475; x_wconf 78' lang='grc' dir='ltr'>διοπλίζεται,</span> <span class='ocrx_word' id='word_1_100' title='bbox 1291 1412 1367 1481; x_wconf 86' lang='grc' dir='ltr'>μὴ</span> <span class='ocrx_word' id='word_1_101' title='bbox 1389 1411 1523 1465; x_wconf 81' lang='grc' dir='ltr'>νοῶν</span> <span class='ocrx_word' id='word_1_102' title='bbox 1543 1409 1642 1472; x_wconf 77' lang='grc' dir='ltr'><strong>τὰς</strong></span> <span class='ocrx_word' id='word_1_103' title='bbox 1673 1408 1865 1474; x_wconf 75' lang='grc' dir='ltr'>λέξεις,</span> <span class='ocrx_word' id='word_1_104' title='bbox 1891 1408 1956 1474; x_wconf 70' lang='grc' dir='ltr'>ἃς</span> 
     </span>
    </p>
   </div>
   <div class='ocr_carea' id='block_1_16' title="bbox 359 1498 1952 1576">
    <p class='ocr_par' dir='ltr' id='par_1_16' title="bbox 359 1498 1952 1576">
     <span class='ocr_line' id='line_1_16' title="bbox 359 1498 1952 1576; baseline 0.004 -25"><span class='ocrx_word' id='word_1_105' title='bbox 359 1498 488 1552; x_wconf 85' lang='grc' dir='ltr'>καθ’</span> <span class='ocrx_word' id='word_1_106' title='bbox 522 1498 715 1552; x_wconf 76' lang='grc' dir='ltr'>ἑαυτοῦ</span> <span class='ocrx_word' id='word_1_107' title='bbox 744 1499 1050 1567; x_wconf 78' lang='grc' dir='ltr'><strong>ἐφέλκεται.</strong></span> <span class='ocrx_word' id='word_1_108' title='bbox 1087 1504 1149 1556; x_wconf 82' lang='lat' dir='ltr'><strong>El</strong></span> <span class='ocrx_word' id='word_1_109' title='bbox 1180 1503 1291 1576; x_wconf 85' lang='grc' dir='ltr'><strong>γὰρ</strong></span> <span class='ocrx_word' id='word_1_110' title='bbox 1320 1503 1381 1568; x_wconf 82' lang='grc' dir='ltr'>ἐξ</span> <span class='ocrx_word' id='word_1_111' title='bbox 1412 1503 1577 1557; x_wconf 77' lang='grc' dir='ltr'>αὑτοῦ</span> <span class='ocrx_word' id='word_1_112' title='bbox 1608 1505 1641 1575; x_wconf 88' lang='grc' dir='ltr'><strong>ή</strong></span> <span class='ocrx_word' id='word_1_113' title='bbox 1669 1503 1952 1575; x_wconf 85' lang='grc' dir='ltr'>ἐπιθυμία,</span> 
     </span>
    </p>
   </div>
   <div class='ocr_carea' id='block_1_17' title="bbox 358 1587 1955 1662">
    <p class='ocr_par' dir='ltr' id='par_1_17' title="bbox 358 1587 1955 1662">
     <span class='ocr_line' id='line_1_17' title="bbox 358 1587 1955 1662; baseline 0.004 -21"><span class='ocrx_word' id='word_1_114' title='bbox 358 1587 463 1643; x_wconf 79' lang='grc' dir='ltr'>καὶ</span> <span class='ocrx_word' id='word_1_115' title='bbox 513 1589 810 1660; x_wconf 75' lang='grc' dir='ltr'><strong>ἐπιθυμίας</strong></span> <span class='ocrx_word' id='word_1_116' title='bbox 860 1593 1108 1662; x_wconf 78' lang='grc' dir='ltr'><strong>ἐνεργεῖ,</strong></span> <span class='ocrx_word' id='word_1_117' title='bbox 1157 1593 1275 1656; x_wconf 73' lang='grc' dir='ltr'><strong>πῶς</strong></span> <span class='ocrx_word' id='word_1_118' title='bbox 1323 1594 1435 1647; x_wconf 80' lang='grc' dir='ltr'>ἂνω</span> <span class='ocrx_word' id='word_1_119' title='bbox 1482 1595 1576 1648; x_wconf 74' lang='grc' dir='ltr'>καὶ</span> <span class='ocrx_word' id='word_1_120' title='bbox 1626 1594 1776 1648; x_wconf 82' lang='grc' dir='ltr'>κάτω</span> <span class='ocrx_word' id='word_1_121' title='bbox 1812 1595 1955 1648; x_wconf 77' lang='grc' dir='ltr'><strong>κατᾶ</strong></span> 
     </span>
    </p>
   </div>
   <div class='ocr_carea' id='block_1_18' title="bbox 358 1677 1954 1756">
    <p class='ocr_par' dir='ltr' id='par_1_18' title="bbox 358 1677 1954 1756">
     <span class='ocr_line' id='line_1_18' title="bbox 358 1677 1954 1756; baseline 0.005 -25"><span class='ocrx_word' id='word_1_122' title='bbox 358 1677 659 1750; x_wconf 74' lang='grc' dir='ltr'><strong>ἐπιθυμίας</strong></span> <span class='ocrx_word' id='word_1_123' title='bbox 692 1681 892 1752; x_wconf 71' lang='grc' dir='ltr'>γράφει</span> <span class='ocrx_word' id='word_1_124' title='bbox 922 1684 950 1736; x_wconf 85' lang='grc' dir='ltr'>ὀ</span> <span class='ocrx_word' id='word_1_125' title='bbox 985 1683 1082 1754; x_wconf 85' lang='grc' dir='ltr'>τὴν</span> <span class='ocrx_word' id='word_1_126' title='bbox 1115 1683 1412 1755; x_wconf 78' lang='grc' dir='ltr'>ἐπιθυμίαν</span> <span class='ocrx_word' id='word_1_127' title='bbox 1445 1679 1762 1756; x_wconf 77' lang='grc' dir='ltr'>ἐμϐάλλων;</span> <span class='ocrx_word' id='word_1_128' title='bbox 1799 1689 1828 1740; x_wconf 84' lang='grc' dir='ltr'><strong>ὁ</strong></span> <span class='ocrx_word' id='word_1_129' title='bbox 1869 1685 1954 1739; x_wconf 77' lang='grc' dir='ltr'>λέ-</span> 
     </span>
    </p>
   </div>
   <div class='ocr_carea' id='block_1_19' title="bbox 357 1769 1952 1846">
    <p class='ocr_par' dir='ltr' id='par_1_19' title="bbox 357 1769 1952 1846">
     <span class='ocr_line' id='line_1_19' title="bbox 357 1769 1952 1846; baseline 0.006 -26"><span class='ocrx_word' id='word_1_130' title='bbox 357 1783 513 1837; x_wconf 80' lang='grc' dir='ltr'>γων-</span> <span class='ocrx_word' id='word_1_131' title='bbox 543 1769 638 1837; x_wconf 76' lang='grc' dir='ltr'><strong>Μὴ</strong></span> <span class='ocrx_word' id='word_1_132' title='bbox 673 1770 1059 1840; x_wconf 82' lang='grc' dir='ltr'><strong>ἐπιθυμήσῃς</strong></span> <span class='ocrx_word' id='word_1_133' title='bbox 1090 1773 1162 1828; x_wconf 84' lang='grc' dir='ltr'>τὰ</span> <span class='ocrx_word' id='word_1_134' title='bbox 1191 1774 1304 1828; x_wconf 86' lang='grc' dir='ltr'>τοῦ</span> <span class='ocrx_word' id='word_1_135' title='bbox 1352 1778 1641 1843; x_wconf 77' lang='grc' dir='ltr'><strong>πλησίον,</strong></span> <span class='ocrx_word' id='word_1_136' title='bbox 1662 1775 1818 1846; x_wconf 84' lang='grc' dir='ltr'>μηδὲ</span> <span class='ocrx_word' id='word_1_137' title='bbox 1845 1777 1952 1830; x_wconf 82' lang='grc' dir='ltr'>τὸν</span> 
     </span>
    </p>
   </div>
   <div class='ocr_carea' id='block_1_20' title="bbox 2065 573 3646 655">
    <p class='ocr_par' dir='ltr' id='par_1_20' title="bbox 2065 573 3646 655">
     <span class='ocr_line' id='line_1_20' title="bbox 2065 573 3646 655; baseline 0.003 -20"><span class='ocrx_word' id='word_1_138' title='bbox 2065 596 2171 652; x_wconf 92' lang='lat' dir='ltr'><strong>que</strong></span> <span class='ocrx_word' id='word_1_139' title='bbox 2196 581 2316 652; x_wconf 84' lang='lat' dir='ltr'><strong>ejus</strong></span> <span class='ocrx_word' id='word_1_140' title='bbox 2348 581 2566 653; x_wconf 78' lang='lat' dir='ltr'><strong>generis</strong></span> <span class='ocrx_word' id='word_1_141' title='bbox 2593 580 2860 652; x_wconf 74' lang='lat' dir='ltr'><strong>disputat.</strong></span> <span class='ocrx_word' id='word_1_142' title='bbox 2914 573 3126 638; x_wconf 68' lang='lat' dir='ltr'><strong>Callicle</strong></span> <span class='ocrx_word' id='word_1_143' title='bbox 3153 599 3303 650; x_wconf 89' lang='lat' dir='ltr'><strong>vero,</strong></span> <span class='ocrx_word' id='word_1_144' title='bbox 3340 583 3537 655; x_wconf 78' lang='lat' dir='ltr'><strong>inquit,</strong></span> <span class='ocrx_word' id='word_1_145' title='bbox 3578 585 3646 640; x_wconf 86' lang='lat' dir='ltr'><strong>de</strong></span> 
     </span>
    </p>
   </div>
   <div class='ocr_carea' id='block_1_21' title="bbox 2063 672 3643 748">
    <p class='ocr_par' dir='ltr' id='par_1_21' title="bbox 2063 672 3643 748">
     <span class='ocr_line' id='line_1_21' title="bbox 2063 672 3643 748; baseline 0.002 -20"><span class='ocrx_word' id='word_1_146' title='bbox 2063 672 2282 728; x_wconf 76' lang='lat' dir='ltr'><strong>Christo</strong></span> <span class='ocrx_word' id='word_1_147' title='bbox 2311 687 2484 743; x_wconf 88' lang='lat' dir='ltr'><strong>pauca</strong></span> <span class='ocrx_word' id='word_1_148' title='bbox 2521 673 2794 744; x_wconf 67' lang='lat' dir='ltr'><strong>praediXit,</strong></span> <span class='ocrx_word' id='word_1_149' title='bbox 2828 676 2905 728; x_wconf 91' lang='lat' dir='ltr'><strong>uti</strong></span> <span class='ocrx_word' id='word_1_150' title='bbox 2935 675 3128 746; x_wconf 86' lang='lat' dir='ltr'><strong>paucis</strong></span> <span class='ocrx_word' id='word_1_151' title='bbox 3155 677 3262 733; x_wconf 88' lang='lat' dir='ltr'><strong>illis</strong></span> <span class='ocrx_word' id='word_1_152' title='bbox 3287 679 3517 748; x_wconf 67' lang='lat' dir='ltr'><strong>quaesito</strong></span> <span class='ocrx_word' id='word_1_153' title='bbox 3541 672 3643 734; x_wconf 83' lang='lat' dir='ltr'><strong>sibi</strong></span> 
     </span>
    </p>
   </div>
   <div class='ocr_carea' id='block_1_22' title="bbox 2064 763 3644 824">
    <p class='ocr_par' dir='ltr' id='par_1_22' title="bbox 2064 763 3644 824">
     <span class='ocr_line' id='line_1_22' title="bbox 2064 763 3644 824; baseline 0.004 -7"><span class='ocrx_word' id='word_1_154' title='bbox 2064 763 2254 819; x_wconf 83' lang='lat' dir='ltr'><strong>col‘ore</strong></span> <span class='ocrx_word' id='word_1_155' title='bbox 2292 763 2457 820; x_wconf 80' lang='lat' dir='ltr'><strong>ﬁdem</strong></span> <span class='ocrx_word' id='word_1_156' title='bbox 2506 764 2730 819; x_wconf 86' lang='lat' dir='ltr'><strong>faceret.</strong></span> <span class='ocrx_word' id='word_1_157' title='bbox 2785 763 2880 820; x_wconf 65' lang='lat' dir='ltr'><strong>Hae</strong></span> <span class='ocrx_word' id='word_1_158' title='bbox 2923 775 3052 822; x_wconf 88' lang='lat' dir='ltr'><strong>sunt</strong></span> <span class='ocrx_word' id='word_1_159' title='bbox 3087 768 3364 823; x_wconf 79' lang='lat' dir='ltr'><strong>temerarii</strong></span> <span class='ocrx_word' id='word_1_160' title='bbox 3409 768 3644 824; x_wconf 83' lang='lat' dir='ltr'><strong>hominis</strong></span> 
     </span>
    </p>
   </div>
   <div class='ocr_carea' id='block_1_23' title="bbox 2061 853 3640 926">
    <p class='ocr_par' dir='ltr' id='par_1_23' title="bbox 2061 853 3640 926">
     <span class='ocr_line' id='line_1_23' title="bbox 2061 853 3640 926; baseline 0.004 -21"><span class='ocrx_word' id='word_1_161' title='bbox 2061 866 2246 918; x_wconf 83' lang='lat' dir='ltr'><strong>voces,</strong></span> <span class='ocrx_word' id='word_1_162' title='bbox 2293 868 2432 924; x_wconf 86' lang='lat' dir='ltr'><strong>quas</strong></span> <span class='ocrx_word' id='word_1_163' title='bbox 2463 853 2518 908; x_wconf 92' lang='lat' dir='ltr'><strong>in</strong></span> <span class='ocrx_word' id='word_1_164' title='bbox 2552 853 2840 909; x_wconf 90' lang='lat' dir='ltr'><strong>Dominum</strong></span> <span class='ocrx_word' id='word_1_165' title='bbox 2879 869 3040 911; x_wconf 90' lang='lat' dir='ltr'><strong>suum</strong></span> <span class='ocrx_word' id='word_1_166' title='bbox 3075 857 3390 926; x_wconf 80' lang='lat' dir='ltr'><strong>procaciter</strong></span> <span class='ocrx_word' id='word_1_167' title='bbox 3431 857 3640 913; x_wconf 76' lang='lat' dir='ltr'><strong>ell‘udit.</strong></span> 
     </span>
    </p>
   </div>
   <div class='ocr_carea' id='block_1_24' title="bbox 2061 941 3644 1016">
    <p class='ocr_par' dir='ltr' id='par_1_24' title="bbox 2061 941 3644 1016">
     <span class='ocr_line' id='line_1_24' title="bbox 2061 941 3644 1016; baseline 0.005 -20"><span class='ocrx_word' id='word_1_168' title='bbox 2061 941 2208 1010; x_wconf 84' lang='lat' dir='ltr'><strong>Quas</strong></span> <span class='ocrx_word' id='word_1_169' title='bbox 2248 943 2293 1000; x_wconf 89' lang='lat' dir='ltr'><strong>si</strong></span> <span class='ocrx_word' id='word_1_170' title='bbox 2336 945 2460 1015; x_wconf 87' lang='lat' dir='ltr'><strong>quis</strong></span> <span class='ocrx_word' id='word_1_171' title='bbox 2501 945 2824 1016; x_wconf 83' lang='lat' dir='ltr'><strong>diligentius</strong></span> <span class='ocrx_word' id='word_1_172' title='bbox 2855 948 3243 1016; x_wconf 87' lang='lat' dir='ltr'><strong>considerarit,</strong></span> <span class='ocrx_word' id='word_1_173' title='bbox 3285 950 3420 1004; x_wconf 92' lang='lat' dir='ltr'><strong>nihil</strong></span> <span class='ocrx_word' id='word_1_174' title='bbox 3454 952 3510 1004; x_wconf 90' lang='lat' dir='ltr'><strong>in</strong></span> <span class='ocrx_word' id='word_1_175' title='bbox 3558 951 3644 1005; x_wconf 88' lang='lat' dir='ltr'><strong>his</strong></span> 
     </span>
    </p>
   </div>
   <div class='ocr_carea' id='block_1_25' title="bbox 2061 1034 3644 1112">
    <p class='ocr_par' dir='ltr' id='par_1_25' title="bbox 2061 1034 3644 1112">
     <span class='ocr_line' id='line_1_25' title="bbox 2061 1034 3644 1112; baseline 0.006 -24"><span class='ocrx_word' id='word_1_176' title='bbox 2061 1034 2207 1090; x_wconf 86' lang='lat' dir='ltr'><strong>aliud</strong></span> <span class='ocrx_word' id='word_1_177' title='bbox 2231 1038 2592 1107; x_wconf 63' lang='lat' dir='ltr'><strong>prasterquam</strong></span> <span class='ocrx_word' id='word_1_178' title='bbox 2615 1037 2918 1107; x_wconf 76' lang='lat' dir='ltr'><strong>phrenetici</strong></span> <span class='ocrx_word' id='word_1_179' title='bbox 2946 1040 3186 1096; x_wconf 91' lang='lat' dir='ltr'><strong>hominis</strong></span> <span class='ocrx_word' id='word_1_180' title='bbox 3211 1039 3355 1095; x_wconf 77' lang='lat' dir='ltr'><strong>facta</strong></span> <span class='ocrx_word' id='word_1_181' title='bbox 3379 1057 3644 1112; x_wconf 84' lang='lat' dir='ltr'><strong>apparere</strong></span> 
     </span>
    </p>
   </div>
   <div class='ocr_carea' id='block_1_26' title="bbox 2059 1127 3638 1204">
    <p class='ocr_par' dir='ltr' id='par_1_26' title="bbox 2059 1127 3638 1204">
     <span class='ocr_line' id='line_1_26' title="bbox 2059 1127 3638 1204; baseline 0.004 -23"><span class='ocrx_word' id='word_1_182' title='bbox 2059 1137 2372 1198; x_wconf 80' lang='lat' dir='ltr'><strong>COgnoscet.</strong></span> <span class='ocrx_word' id='word_1_183' title='bbox 2403 1127 2475 1183; x_wconf 90' lang='lat' dir='ltr'><strong>Ut</strong></span> <span class='ocrx_word' id='word_1_184' title='bbox 2501 1130 2648 1184; x_wconf 89' lang='lat' dir='ltr'><strong>enim</strong></span> <span class='ocrx_word' id='word_1_185' title='bbox 2674 1129 2980 1200; x_wconf 82' lang='lat' dir='ltr'><strong>phrenitide</strong></span> <span class='ocrx_word' id='word_1_186' title='bbox 3012 1131 3292 1196; x_wconf 89' lang='lat' dir='ltr'><strong>laborans,</strong></span> <span class='ocrx_word' id='word_1_187' title='bbox 3326 1135 3371 1187; x_wconf 88' lang='lat' dir='ltr'><strong>si</strong></span> <span class='ocrx_word' id='word_1_188' title='bbox 3404 1134 3638 1204; x_wconf 80' lang='lat' dir='ltr'><strong>gladium</strong></span> 
     </span>
    </p>
   </div>
   <div class='ocr_carea' id='block_1_27' title="bbox 2058 1217 3642 1294">
    <p class='ocr_par' dir='ltr' id='par_1_27' title="bbox 2058 1217 3642 1294">
     <span class='ocr_line' id='line_1_27' title="bbox 2058 1217 3642 1294; baseline 0.004 -24"><span class='ocrx_word' id='word_1_189' title='bbox 2058 1227 2252 1274; x_wconf 89' lang='lat' dir='ltr'><strong>nactus</strong></span> <span class='ocrx_word' id='word_1_190' title='bbox 2303 1217 2494 1285; x_wconf 77' lang='lat' dir='ltr'><strong>fuerit,</strong></span> <span class='ocrx_word' id='word_1_191' title='bbox 2544 1227 2733 1274; x_wconf 87' lang='lat' dir='ltr'><strong>contra</strong></span> <span class='ocrx_word' id='word_1_192' title='bbox 2790 1220 3031 1290; x_wconf 87' lang='lat' dir='ltr'><strong>seipsum</strong></span> <span class='ocrx_word' id='word_1_193' title='bbox 3089 1225 3366 1290; x_wconf 80' lang='lat' dir='ltr'><strong>armatur,</strong></span> <span class='ocrx_word' id='word_1_194' title='bbox 3419 1238 3484 1278; x_wconf 87' lang='lat' dir='ltr'><strong>ac</strong></span> <span class='ocrx_word' id='word_1_195' title='bbox 3531 1237 3642 1294; x_wconf 65' lang='lat' dir='ltr'><strong>prae</strong></span> 
     </span>
    </p>
   </div>
   <div class='ocr_carea' id='block_1_28' title="bbox 2059 1309 3641 1380">
    <p class='ocr_par' dir='ltr' id='par_1_28' title="bbox 2059 1309 3641 1380">
     <span class='ocr_line' id='line_1_28' title="bbox 2059 1309 3641 1380; baseline 0.003 -19"><span class='ocrx_word' id='word_1_196' title='bbox 2059 1309 2296 1363; x_wconf 84' lang='lat' dir='ltr'><strong>amentia</strong></span> <span class='ocrx_word' id='word_1_197' title='bbox 2334 1323 2464 1366; x_wconf 84' lang='lat' dir='ltr'><strong>suas</strong></span> <span class='ocrx_word' id='word_1_198' title='bbox 2501 1311 2616 1380; x_wconf 91' lang='lat' dir='ltr'><strong>ipse</strong></span> <span class='ocrx_word' id='word_1_199' title='bbox 2648 1324 2846 1366; x_wconf 89' lang='lat' dir='ltr'><strong>carnes</strong></span> <span class='ocrx_word' id='word_1_200' title='bbox 2893 1312 3192 1369; x_wconf 89' lang='lat' dir='ltr'><strong>concidens</strong></span> <span class='ocrx_word' id='word_1_201' title='bbox 3225 1313 3416 1368; x_wconf 86' lang='lat' dir='ltr'><strong>ulcisci</strong></span> <span class='ocrx_word' id='word_1_202' title='bbox 3453 1327 3512 1369; x_wconf 90' lang='lat' dir='ltr'><strong>se</strong></span> <span class='ocrx_word' id='word_1_203' title='bbox 3545 1314 3641 1367; x_wconf 83' lang='lat' dir='ltr'><strong>ho-</strong></span> 
     </span>
    </p>
   </div>
   <div class='ocr_carea' id='block_1_29' title="bbox 2057 1401 3642 1476">
    <p class='ocr_par' dir='ltr' id='par_1_29' title="bbox 2057 1401 3642 1476">
     <span class='ocr_line' id='line_1_29' title="bbox 2057 1401 3642 1476; baseline 0.004 -19"><span class='ocrx_word' id='word_1_204' title='bbox 2057 1407 2169 1457; x_wconf 82' lang='lat' dir='ltr'><strong>stes</strong></span> <span class='ocrx_word' id='word_1_205' title='bbox 2200 1402 2496 1467; x_wconf 79' lang='lat' dir='ltr'><strong>existimat,</strong></span> <span class='ocrx_word' id='word_1_206' title='bbox 2528 1409 2583 1457; x_wconf 89' lang='lat' dir='ltr'><strong>et</strong></span> <span class='ocrx_word' id='word_1_207' title='bbox 2611 1403 2741 1476; x_wconf 91' lang='lat' dir='ltr'><strong>quid</strong></span> <span class='ocrx_word' id='word_1_208' title='bbox 2773 1401 2895 1472; x_wconf 80' lang='lat' dir='ltr'><strong>agat</strong></span> <span class='ocrx_word' id='word_1_209' title='bbox 2924 1405 3138 1475; x_wconf 84' lang='lat' dir='ltr'><strong>ignorat</strong></span> <span class='ocrx_word' id='word_1_210' title='bbox 3185 1424 3199 1461; x_wconf 89' lang='lat'><strong>:</strong></span> <span class='ocrx_word' id='word_1_211' title='bbox 3228 1408 3308 1462; x_wconf 88' lang='lat' dir='ltr'><strong>sic</strong></span> <span class='ocrx_word' id='word_1_212' title='bbox 3339 1406 3437 1461; x_wconf 88' lang='lat' dir='ltr'><strong>iste</strong></span> <span class='ocrx_word' id='word_1_213' title='bbox 3468 1407 3523 1461; x_wconf 91' lang='lat' dir='ltr'><strong>in</strong></span> <span class='ocrx_word' id='word_1_214' title='bbox 3551 1415 3642 1464; x_wconf 80' lang='lat' dir='ltr'><strong>se-</strong></span> 
     </span>
    </p>
   </div>
   <div class='ocr_carea' id='block_1_30' title="bbox 2054 1495 3638 1567">
    <p class='ocr_par' dir='ltr' id='par_1_30' title="bbox 2054 1495 3638 1567">
     <span class='ocr_line' id='line_1_30' title="bbox 2054 1495 3638 1567; baseline 0.004 -19"><span class='ocrx_word' id='word_1_215' title='bbox 2054 1495 2232 1564; x_wconf 90' lang='lat' dir='ltr'><strong>ipsum</strong></span> <span class='ocrx_word' id='word_1_216' title='bbox 2263 1499 2415 1548; x_wconf 84' lang='lat' dir='ltr'><strong>arma</strong></span> <span class='ocrx_word' id='word_1_217' title='bbox 2441 1497 2730 1559; x_wconf 86' lang='lat' dir='ltr'><strong>convertit,</strong></span> <span class='ocrx_word' id='word_1_218' title='bbox 2755 1495 2884 1550; x_wconf 92' lang='lat' dir='ltr'><strong>dum</strong></span> <span class='ocrx_word' id='word_1_219' title='bbox 2913 1510 3079 1552; x_wconf 90' lang='lat' dir='ltr'><strong>voces</strong></span> <span class='ocrx_word' id='word_1_220' title='bbox 3103 1496 3246 1563; x_wconf 88' lang='lat' dir='ltr'><strong>illas,</strong></span> <span class='ocrx_word' id='word_1_221' title='bbox 3278 1511 3416 1567; x_wconf 88' lang='lat' dir='ltr'><strong>quas</strong></span> <span class='ocrx_word' id='word_1_222' title='bbox 3440 1503 3638 1554; x_wconf 76' lang='lat' dir='ltr'><strong>contra</strong></span> 
     </span>
    </p>
   </div>
   <div class='ocr_carea' id='block_1_31' title="bbox 2054 1587 3635 1660">
    <p class='ocr_par' dir='ltr' id='par_1_31' title="bbox 2054 1587 3635 1660">
     <span class='ocr_line' id='line_1_31' title="bbox 2054 1587 3635 1660; baseline 0.001 -18"><span class='ocrx_word' id='word_1_223' title='bbox 2054 1601 2115 1642; x_wconf 83' lang='lat' dir='ltr'><strong>se</strong></span> <span class='ocrx_word' id='word_1_224' title='bbox 2163 1587 2394 1658; x_wconf 79' lang='lat' dir='ltr'><strong>profert,</strong></span> <span class='ocrx_word' id='word_1_225' title='bbox 2452 1603 2561 1642; x_wconf 89' lang='lat' dir='ltr'><strong>non</strong></span> <span class='ocrx_word' id='word_1_226' title='bbox 2616 1588 2892 1658; x_wconf 79' lang='lat' dir='ltr'><strong>intelligit.</strong></span> <span class='ocrx_word' id='word_1_227' title='bbox 2960 1587 3174 1644; x_wconf 90' lang='lat' dir='ltr'><strong>Etenim</strong></span> <span class='ocrx_word' id='word_1_228' title='bbox 3229 1589 3274 1644; x_wconf 89' lang='lat' dir='ltr'><strong>si</strong></span> <span class='ocrx_word' id='word_1_229' title='bbox 3323 1590 3635 1660; x_wconf 81' lang='lat' dir='ltr'><strong>cupiditatis</strong></span> 
     </span>
    </p>
   </div>
   <div class='ocr_carea' id='block_1_32' title="bbox 2054 1675 3637 1751">
    <p class='ocr_par' dir='ltr' id='par_1_32' title="bbox 2054 1675 3637 1751">
     <span class='ocr_line' id='line_1_32' title="bbox 2054 1675 3637 1751; baseline 0.003 -18"><span class='ocrx_word' id='word_1_230' title='bbox 2054 1686 2248 1734; x_wconf 80' lang='lat' dir='ltr'><strong>auctor</strong></span> <span class='ocrx_word' id='word_1_231' title='bbox 2295 1679 2384 1735; x_wconf 89' lang='lat' dir='ltr'><strong>ille</strong></span> <span class='ocrx_word' id='word_1_232' title='bbox 2423 1675 2639 1735; x_wconf 72' lang='lat' dir='ltr'><strong>Veteris</strong></span> <span class='ocrx_word' id='word_1_233' title='bbox 2687 1679 3026 1736; x_wconf 84' lang='lat' dir='ltr'><strong>Testamenti</strong></span> <span class='ocrx_word' id='word_1_234' title='bbox 3073 1680 3214 1737; x_wconf 83' lang='lat' dir='ltr'><strong>Deus</strong></span> <span class='ocrx_word' id='word_1_235' title='bbox 3257 1689 3362 1746; x_wconf 87' lang='lat' dir='ltr'><strong>est,</strong></span> <span class='ocrx_word' id='word_1_236' title='bbox 3410 1691 3474 1736; x_wconf 86' lang='lat' dir='ltr'><strong>a&#39;c</strong></span> <span class='ocrx_word' id='word_1_237' title='bbox 3515 1689 3637 1751; x_wconf 64' lang='lat' dir='ltr'><strong>quae</strong></span> 
     </span>
    </p>
   </div>
   <div class='ocr_carea' id='block_1_33' title="bbox 2055 1772 3636 1843">
    <p class='ocr_par' dir='ltr' id='par_1_33' title="bbox 2055 1772 3636 1843">
     <span class='ocr_line' id='line_1_33' title="bbox 2055 1772 3636 1843; baseline 0 -17"><span class='ocrx_word' id='word_1_238' title='bbox 2055 1777 2184 1826; x_wconf 90' lang='lat' dir='ltr'><strong>sunt</strong></span> <span class='ocrx_word' id='word_1_239' title='bbox 2206 1772 2525 1842; x_wconf 64' lang='lat' dir='ltr'><strong>cupiditatis</strong></span> <span class='ocrx_word' id='word_1_240' title='bbox 2552 1773 2768 1842; x_wconf 88' lang='lat' dir='ltr'><strong>propria</strong></span> <span class='ocrx_word' id='word_1_241' title='bbox 2798 1773 3042 1836; x_wconf 90' lang='lat' dir='ltr'><strong>molitur,</strong></span> <span class='ocrx_word' id='word_1_242' title='bbox 3071 1789 3168 1829; x_wconf 89' lang='lat' dir='ltr'><strong>cur</strong></span> <span class='ocrx_word' id='word_1_243' title='bbox 3194 1772 3398 1843; x_wconf 85' lang='lat' dir='ltr'><strong>ubique</strong></span> <span class='ocrx_word' id='word_1_244' title='bbox 3423 1773 3636 1842; x_wconf 87' lang='lat' dir='ltr'><strong>cupidi-</strong></span> 
     </span>
    </p>
   </div>
   <div class='ocr_carea' id='block_1_34' title="bbox 356 1845 1951 1940">
    <p class='ocr_par' dir='ltr' id='par_1_34' title="bbox 356 1845 1951 1940">
     <span class='ocr_line' id='line_1_34' title="bbox 356 1845 1951 1940; baseline 0.007 -25"><span class='ocrx_word' id='word_1_245' title='bbox 356 1861 525 1926; x_wconf 77' lang='grc' dir='ltr'>βοῦν</span> <span class='ocrx_word' id='word_1_246' title='bbox 553 1863 761 1930; x_wconf 83' lang='grc' dir='ltr'>αὐτοῦ,</span> <span class='ocrx_word' id='word_1_247' title='bbox 795 1865 952 1933; x_wconf 80' lang='grc' dir='ltr'>μηδὲ</span> <span class='ocrx_word' id='word_1_248' title='bbox 980 1865 1049 1920; x_wconf 84' lang='grc' dir='ltr'>τὸ</span> <span class='ocrx_word' id='word_1_249' title='bbox 1078 1853 1396 1939; x_wconf 73' lang='grc' dir='ltr'><strong>ὑποζύγιον</strong></span> <span class='ocrx_word' id='word_1_250' title='bbox 1425 1870 1634 1936; x_wconf 62' lang='grc' dir='ltr'>αὐτοῦ,</span> <span class='ocrx_word' id='word_1_251' title='bbox 1664 1845 1820 1940; x_wconf 82' lang='grc' dir='ltr'>μηδὲ</span> <span class='ocrx_word' id='word_1_252' title='bbox 1841 1872 1951 1940; x_wconf 68' lang='grc' dir='ltr'>τὴν</span> 
     </span>
    </p>
   </div>
   <div class='ocr_carea' id='block_1_35' title="bbox 2054 1845 3634 1940">
    <p class='ocr_par' dir='ltr' id='par_1_35' title="bbox 2057 1860 3634 1933">
     <span class='ocr_line' id='line_1_35' title="bbox 2057 1860 3634 1933; baseline 0.003 -21"><span class='ocrx_word' id='word_1_253' title='bbox 2057 1865 2220 1913; x_wconf 90' lang='lat' dir='ltr'><strong>tatem</strong></span> <span class='ocrx_word' id='word_1_254' title='bbox 2244 1860 2572 1927; x_wconf 86' lang='lat' dir='ltr'><strong>proscribit?</strong></span> <span class='ocrx_word' id='word_1_255' title='bbox 2597 1861 2688 1930; x_wconf 90' lang='lat' dir='ltr'><strong>qui</strong></span> <span class='ocrx_word' id='word_1_256' title='bbox 2713 1861 2931 1931; x_wconf 90' lang='lat' dir='ltr'><strong>quidem</strong></span> <span class='ocrx_word' id='word_1_257' title='bbox 2964 1861 3112 1916; x_wconf 85' lang='lat' dir='ltr'><strong>istud</strong></span> <span class='ocrx_word' id='word_1_258' title='bbox 3138 1863 3487 1933; x_wconf 67' lang='lat' dir='ltr'><strong>praeceperit:</strong></span> <span class='ocrx_word' id='word_1_259' title='bbox 3511 1861 3634 1917; x_wconf 90' lang='lat' dir='ltr'><strong>Non</strong></span> 
     </span>
    </p>
   </div>
   <div class='ocr_carea' id='block_1_36' title="bbox 359 1953 1956 2036">
    <p class='ocr_par' dir='ltr' id='par_1_36' title="bbox 359 1953 1956 2036">
     <span class='ocr_line' id='line_1_36' title="bbox 359 1953 1956 2036; baseline 0.009 -31"><span class='ocrx_word' id='word_1_260' title='bbox 359 1953 700 2022; x_wconf 69' lang='grc' dir='ltr'>παιδίσκην</span> <span class='ocrx_word' id='word_1_261' title='bbox 732 1957 921 2011; x_wconf 81' lang='grc' dir='ltr'>αὐτοῦ</span> <span class='ocrx_word' id='word_1_262' title='bbox 941 1998 957 2021; x_wconf 94' lang='grc'><strong>,</strong></span> <span class='ocrx_word' id='word_1_263' title='bbox 987 1958 1144 2028; x_wconf 83' lang='grc' dir='ltr'>μηδὲ</span> <span class='ocrx_word' id='word_1_264' title='bbox 1188 1961 1293 2015; x_wconf 84' lang='grc' dir='ltr'>τὸν</span> <span class='ocrx_word' id='word_1_265' title='bbox 1329 1962 1518 2032; x_wconf 66' lang='grc' dir='ltr'>ἁγιρὸν</span> <span class='ocrx_word' id='word_1_266' title='bbox 1548 1965 1769 2031; x_wconf 82' lang='grc' dir='ltr'>αὐτοῦ,</span> <span class='ocrx_word' id='word_1_267' title='bbox 1796 1965 1956 2036; x_wconf 79' lang='grc' dir='ltr'>μηδὲ</span> 
     </span>
    </p>
   </div>
   <div class='ocr_carea' id='block_1_37' title="bbox 358 2043 1956 2124">
    <p class='ocr_par' dir='ltr' id='par_1_37' title="bbox 358 2043 1956 2124">
     <span class='ocr_line' id='line_1_37' title="bbox 358 2043 1956 2124; baseline 0.01 -29"><span class='ocrx_word' id='word_1_268' title='bbox 358 2043 481 2112; x_wconf 75' lang='grc' dir='ltr'>τὴν</span> <span class='ocrx_word' id='word_1_269' title='bbox 507 2046 765 2114; x_wconf 72' lang='grc' dir='ltr'>γυναῖκα</span> <span class='ocrx_word' id='word_1_270' title='bbox 800 2048 1012 2112; x_wconf 84' lang='grc' dir='ltr'>αὐτοῦ,</span> <span class='ocrx_word' id='word_1_271' title='bbox 1050 2050 1208 2119; x_wconf 86' lang='grc' dir='ltr'>μηδὲ</span> <span class='ocrx_word' id='word_1_272' title='bbox 1245 2051 1365 2106; x_wconf 84' lang='grc' dir='ltr'>ὅσα</span> <span class='ocrx_word' id='word_1_273' title='bbox 1397 2050 1531 2107; x_wconf 78' lang='grc' dir='ltr'>ἐστὶ</span> <span class='ocrx_word' id='word_1_274' title='bbox 1562 2054 1643 2120; x_wconf 84' lang='grc' dir='ltr'>τῷ</span> <span class='ocrx_word' id='word_1_275' title='bbox 1686 2057 1956 2124; x_wconf 75' lang='grc' dir='ltr'>πλησίον</span> 
     </span>
    </p>
   </div>
   <div class='ocr_carea' id='block_1_38' title="bbox 358 2138 1954 2218">
    <p class='ocr_par' dir='ltr' id='par_1_38' title="bbox 358 2138 1954 2218">
     <span class='ocr_line' id='line_1_38' title="bbox 358 2138 1954 2218; baseline 0.007 -28"><span class='ocrx_word' id='word_1_276' title='bbox 358 2151 513 2191; x_wconf 89' lang='grc' dir='ltr'>σου·</span> <span class='ocrx_word' id='word_1_277' title='bbox 544 2138 593 2191; x_wconf 82' lang='grc' dir='ltr'><strong>εί</strong></span> <span class='ocrx_word' id='word_1_278' title='bbox 621 2139 839 2210; x_wconf 84' lang='grc' dir='ltr'>ἀναιρεῖ</span> <span class='ocrx_word' id='word_1_279' title='bbox 866 2139 965 2211; x_wconf 83' lang='grc' dir='ltr'><strong>τήν</strong></span> <span class='ocrx_word' id='word_1_280' title='bbox 1001 2141 1297 2213; x_wconf 75' lang='grc' dir='ltr'>ἐπιθυμίαν</span> <span class='ocrx_word' id='word_1_281' title='bbox 1319 2185 1332 2210; x_wconf 93' lang='grc'><strong>,</strong></span> <span class='ocrx_word' id='word_1_282' title='bbox 1364 2145 1464 2199; x_wconf 80' lang='grc' dir='ltr'>οὐκ</span> <span class='ocrx_word' id='word_1_283' title='bbox 1503 2147 1666 2211; x_wconf 85' lang='grc' dir='ltr'>αὐτὸς</span> <span class='ocrx_word' id='word_1_284' title='bbox 1703 2147 1803 2218; x_wconf 83' lang='grc' dir='ltr'>τῆς</span> <span class='ocrx_word' id='word_1_285' title='bbox 1835 2148 1954 2201; x_wconf 89' lang='grc' dir='ltr'>ἐπι-</span> 
     </span>
    </p>
   </div>
   <div class='ocr_carea' id='block_1_39' title="bbox 359 2227 1546 2302">
    <p class='ocr_par' dir='ltr' id='par_1_39' title="bbox 359 2227 1546 2302">
     <span class='ocr_line' id='line_1_39' title="bbox 359 2227 1546 2302; baseline 0.008 -21"><span class='ocrx_word' id='word_1_286' title='bbox 359 2228 566 2300; x_wconf 86' lang='grc' dir='ltr'>θυμίας</span> <span class='ocrx_word' id='word_1_287' title='bbox 591 2231 709 2283; x_wconf 81' lang='grc' dir='ltr'>ἐστὶ</span> <span class='ocrx_word' id='word_1_288' title='bbox 742 2231 999 2302; x_wconf 86' lang='grc' dir='ltr'>χορηγός.</span> <span class='ocrx_word' id='word_1_289' title='bbox 1539 2227 1546 2232; x_wconf 66' lang='grc'><em>’</em></span> 
     </span>
    </p>
   </div>
   <div class='ocr_carea' id='block_1_40' title="bbox 433 2403 1950 2480">
    <p class='ocr_par' dir='ltr' id='par_1_40' title="bbox 433 2403 1950 2480">
     <span class='ocr_line' id='line_1_40' title="bbox 433 2403 1950 2480; baseline 0.009 -25"><span class='ocrx_word' id='word_1_290' title='bbox 433 2404 558 2456; x_wconf 85' lang='grc' dir='ltr'><strong>ΟΑ’.</strong></span> <span class='ocrx_word' id='word_1_291' title='bbox 588 2403 714 2468; x_wconf 86' lang='grc' dir='ltr'><strong>Πῶς</strong></span> <span class='ocrx_word' id='word_1_292' title='bbox 752 2403 868 2472; x_wconf 77' lang='grc' dir='ltr'>οὖν,</span> <span class='ocrx_word' id='word_1_293' title='bbox 910 2406 1110 2479; x_wconf 64' lang='grc' dir='ltr'>φησιν,</span> <span class='ocrx_word' id='word_1_294' title='bbox 1155 2410 1458 2465; x_wconf 84' lang='grc' dir='ltr'>ἐνετείλατο</span> <span class='ocrx_word' id='word_1_295' title='bbox 1497 2412 1787 2468; x_wconf 80' lang='grc' dir='ltr'>σκυλεῦσαι</span> <span class='ocrx_word' id='word_1_296' title='bbox 1827 2417 1950 2480; x_wconf 74' lang='grc' dir='ltr'>τοὺς</span> 
     </span>
    </p>
   </div>
   <div class='ocr_carea' id='block_1_41' title="bbox 357 2495 1947 2576">
    <p class='ocr_par' dir='ltr' id='par_1_41' title="bbox 357 2495 1947 2576">
     <span class='ocr_line' id='line_1_41' title="bbox 357 2495 1947 2576; baseline 0.009 -29"><span class='ocrx_word' id='word_1_297' title='bbox 357 2495 716 2562; x_wconf 73' lang='grc' dir='ltr'>Αἰγυπτίους,</span> <span class='ocrx_word' id='word_1_298' title='bbox 751 2498 809 2550; x_wconf 84' lang='grc' dir='ltr'><strong>ἐν</strong></span> <span class='ocrx_word' id='word_1_299' title='bbox 839 2498 915 2569; x_wconf 83' lang='grc' dir='ltr'>τῷ</span> <span class='ocrx_word' id='word_1_300' title='bbox 941 2499 1142 2564; x_wconf 76' lang='grc' dir='ltr'>ἐξιέναι</span> <span class='ocrx_word' id='word_1_301' title='bbox 1177 2502 1372 2566; x_wconf 76' lang='grc' dir='ltr'>αὐτοὺς</span> <span class='ocrx_word' id='word_1_302' title='bbox 1401 2505 1465 2557; x_wconf 88' lang='grc' dir='ltr'><strong>ἐκ</strong></span> <span class='ocrx_word' id='word_1_303' title='bbox 1497 2506 1600 2576; x_wconf 87' lang='grc' dir='ltr'><strong>γῆς</strong></span> <span class='ocrx_word' id='word_1_304' title='bbox 1632 2507 1947 2575; x_wconf 75' lang='grc' dir='ltr'>Αίγύπτους</span> 
     </span>
    </p>
   </div>
   <div class='ocr_carea' id='block_1_42' title="bbox 355 2586 1950 2667">
    <p class='ocr_par' dir='ltr' id='par_1_42' title="bbox 355 2586 1950 2667">
     <span class='ocr_line' id='line_1_42' title="bbox 355 2586 1950 2667; baseline 0.008 -27"><span class='ocrx_word' id='word_1_305' title='bbox 355 2586 500 2640; x_wconf 69' lang='grc' dir='ltr'>Ναίο</span> <span class='ocrx_word' id='word_1_306' title='bbox 537 2587 746 2652; x_wconf 86' lang='grc' dir='ltr'>δίκαιος</span> <span class='ocrx_word' id='word_1_307' title='bbox 772 2590 881 2660; x_wconf 88' lang='grc' dir='ltr'><strong>γάρ</strong></span> <span class='ocrx_word' id='word_1_308' title='bbox 908 2592 1024 2644; x_wconf 89' lang='grc' dir='ltr'>ἐστι</span> <span class='ocrx_word' id='word_1_309' title='bbox 1060 2591 1273 2664; x_wconf 80' lang='grc' dir='ltr'>κριτὴς,</span> <span class='ocrx_word' id='word_1_310' title='bbox 1314 2593 1390 2657; x_wconf 83' lang='grc' dir='ltr'><strong>ὡς</strong></span> <span class='ocrx_word' id='word_1_311' title='bbox 1433 2596 1528 2648; x_wconf 72' lang='grc' dir='ltr'>καὶ</span> <span class='ocrx_word' id='word_1_312' title='bbox 1557 2598 1659 2667; x_wconf 74' lang='grc' dir='ltr'>ήδη</span> <span class='ocrx_word' id='word_1_313' title='bbox 1693 2593 1950 2664; x_wconf 75' lang='grc' dir='ltr'>πολλάκις</span> 
     </span>
    </p>
   </div>
   <div class='ocr_carea' id='block_1_43' title="bbox 357 2678 1952 2758">
    <p class='ocr_par' dir='ltr' id='par_1_43' title="bbox 357 2678 1952 2758">
     <span class='ocr_line' id='line_1_43' title="bbox 357 2678 1952 2758; baseline 0.009 -28"><span class='ocrx_word' id='word_1_314' title='bbox 357 2678 564 2748; x_wconf 71' lang='grc' dir='ltr'>εἴρηκα</span> <span class='ocrx_word' id='word_1_315' title='bbox 610 2680 741 2752; x_wconf 73' lang='grc' dir='ltr'>περὶ</span> <span class='ocrx_word' id='word_1_316' title='bbox 772 2681 982 2735; x_wconf 79' lang='grc' dir='ltr'>τούτου.</span> <span class='ocrx_word' id='word_1_317' title='bbox 1029 2683 1139 2736; x_wconf 78' lang='grc' dir='ltr'><strong>Καὶ</strong></span> <span class='ocrx_word' id='word_1_318' title='bbox 1173 2685 1262 2737; x_wconf 85' lang='grc' dir='ltr'><strong>ῖνα</strong></span> <span class='ocrx_word' id='word_1_319' title='bbox 1309 2682 1488 2758; x_wconf 70' lang='grc' dir='ltr'>δείξῃ,</span> <span class='ocrx_word' id='word_1_320' title='bbox 1519 2687 1601 2740; x_wconf 79' lang='grc' dir='ltr'>ὅτι</span> <span class='ocrx_word' id='word_1_321' title='bbox 1647 2687 1748 2742; x_wconf 85' lang='grc' dir='ltr'>οὐκ</span> <span class='ocrx_word' id='word_1_322' title='bbox 1791 2690 1952 2754; x_wconf 77' lang='grc' dir='ltr'>αὐτὸς</span> 
     </span>
    </p>
   </div>
   <div class='ocr_carea' id='block_1_44' title="bbox 358 2769 1951 2850">
    <p class='ocr_par' dir='ltr' id='par_1_44' title="bbox 358 2769 1951 2850">
     <span class='ocr_line' id='line_1_44' title="bbox 358 2769 1951 2850; baseline 0.008 -29"><span class='ocrx_word' id='word_1_323' title='bbox 358 2769 594 2823; x_wconf 89' lang='grc' dir='ltr'>ἐνδεῖται</span> <span class='ocrx_word' id='word_1_324' title='bbox 627 2771 863 2838; x_wconf 86' lang='grc' dir='ltr'>θυσιῶν,</span> <span class='ocrx_word' id='word_1_325' title='bbox 889 2775 1055 2844; x_wconf 76' lang='grc' dir='ltr'>φησὶν</span> <span class='ocrx_word' id='word_1_326' title='bbox 1083 2776 1141 2828; x_wconf 92' lang='grc' dir='ltr'><strong>ἐν</strong></span> <span class='ocrx_word' id='word_1_327' title='bbox 1170 2775 1250 2846; x_wconf 86' lang='grc' dir='ltr'>τῷ</span> <span class='ocrx_word' id='word_1_328' title='bbox 1284 2779 1535 2850; x_wconf 86' lang='grc' dir='ltr'><strong>προφήτῃ</strong></span> <span class='ocrx_word' id='word_1_329' title='bbox 1556 2793 1570 2808; x_wconf 82' lang='lat'><strong><em>°</em></strong></span> <span class='ocrx_word' id='word_1_330' title='bbox 1607 2778 1704 2848; x_wconf 85' lang='grc' dir='ltr'><strong>Μὴ</strong></span> <span class='ocrx_word' id='word_1_331' title='bbox 1733 2783 1951 2849; x_wconf 81' lang='grc' dir='ltr'>θυσίας</span> 
     </span>
    </p>
   </div>
   <div class='ocr_carea' id='block_1_45' title="bbox 358 2864 1950 2941">
    <p class='ocr_par' dir='ltr' id='par_1_45' title="bbox 358 2864 1950 2941">
     <span class='ocr_line' id='line_1_45' title="bbox 358 2864 1950 2941; baseline 0.007 -25"><span class='ocrx_word' id='word_1_332' title='bbox 358 2864 820 2934; x_wconf 73' lang='grc' dir='ltr'><strong>προσηνέγκατέ</strong></span> <span class='ocrx_word' id='word_1_333' title='bbox 851 2885 972 2935; x_wconf 86' lang='grc' dir='ltr'>μοι,</span> <span class='ocrx_word' id='word_1_334' title='bbox 1006 2864 1172 2935; x_wconf 78' lang='grc' dir='ltr'>οἶκος</span> <span class='ocrx_word' id='word_1_335' title='bbox 1208 2869 1468 2939; x_wconf 80' lang='grc' dir='ltr'>Ἰσραὴλ,</span> <span class='ocrx_word' id='word_1_336' title='bbox 1494 2872 1950 2941; x_wconf 83' lang='grc' dir='ltr'>τεσσαράκοντα</span> 
     </span>
    </p>
   </div>
   <div class='ocr_carea' id='block_1_46' title="bbox 357 2959 1948 3039">
    <p class='ocr_par' dir='ltr' id='par_1_46' title="bbox 357 2959 1948 3039">
     <span class='ocr_line' id='line_1_46' title="bbox 357 2959 1948 3039; baseline 0.006 -27"><span class='ocrx_word' id='word_1_337' title='bbox 357 2959 501 3026; x_wconf 67' lang='lat' dir='ltr'><strong>Ern;</strong></span> <span class='ocrx_word' id='word_1_338' title='bbox 528 2961 692 3030; x_wconf 70' lang='grc' dir='ltr'>λέγει</span> <span class='ocrx_word' id='word_1_339' title='bbox 732 2963 960 3030; x_wconf 83' lang='grc' dir='ltr'>Κύριος.</span> <span class='ocrx_word' id='word_1_340' title='bbox 1007 2963 1126 3018; x_wconf 86' lang='grc' dir='ltr'>Τίνι</span> <span class='ocrx_word' id='word_1_341' title='bbox 1159 2959 1252 3018; x_wconf 81' lang='grc' dir='ltr'><strong>οὖν</strong></span> <span class='ocrx_word' id='word_1_342' title='bbox 1285 2961 1424 3036; x_wconf 87' lang='grc' dir='ltr'>ἦσαν</span> <span class='ocrx_word' id='word_1_343' title='bbox 1467 2968 1522 3020; x_wconf 78' lang='grc' dir='ltr'>αἱ</span> <span class='ocrx_word' id='word_1_344' title='bbox 1572 2969 1948 3039; x_wconf 87' lang='grc' dir='ltr'>προσφερόμε-</span> 
     </span>
    </p>
   </div>
   <div class='ocr_carea' id='block_1_47' title="bbox 359 3051 1950 3130">
    <p class='ocr_par' dir='ltr' id='par_1_47' title="bbox 359 3051 1950 3130">
     <span class='ocr_line' id='line_1_47' title="bbox 359 3051 1950 3130; baseline 0.006 -28"><span class='ocrx_word' id='word_1_345' title='bbox 359 3059 490 3113; x_wconf 74' lang='lat' dir='ltr'><strong>vat;</strong></span> <span class='ocrx_word' id='word_1_346' title='bbox 526 3051 686 3121; x_wconf 78' lang='grc' dir='ltr'><strong>Αὐτῷ</strong></span> <span class='ocrx_word' id='word_1_347' title='bbox 721 3052 820 3123; x_wconf 85' lang='grc' dir='ltr'>μὲν</span> <span class='ocrx_word' id='word_1_348' title='bbox 874 3053 1013 3106; x_wconf 82' lang='grc' dir='ltr'>κατὰ</span> <span class='ocrx_word' id='word_1_349' title='bbox 1060 3053 1157 3124; x_wconf 84' lang='grc' dir='ltr'>τὴν</span> <span class='ocrx_word' id='word_1_350' title='bbox 1199 3055 1436 3110; x_wconf 85' lang='grc' dir='ltr'>διάνοιαν</span> <span class='ocrx_word' id='word_1_351' title='bbox 1477 3057 1583 3109; x_wconf 85' lang='grc' dir='ltr'><strong>τῶν</strong></span> <span class='ocrx_word' id='word_1_352' title='bbox 1616 3052 1950 3130; x_wconf 82' lang='grc' dir='ltr'>προσφερόν-</span> 
     </span>
    </p>
   </div>
   <div class='ocr_carea' id='block_1_48' title="bbox 360 3142 1948 3221">
    <p class='ocr_par' dir='ltr' id='par_1_48' title="bbox 360 3142 1948 3221">
     <span class='ocr_line' id='line_1_48' title="bbox 360 3142 1948 3221; baseline 0.007 -28"><span class='ocrx_word' id='word_1_353' title='bbox 360 3157 478 3194; x_wconf 85' lang='grc' dir='ltr'><strong>των</strong></span> <span class='ocrx_word' id='word_1_354' title='bbox 504 3157 516 3168; x_wconf 92' lang='grc'><strong>·</strong></span> <span class='ocrx_word' id='word_1_355' title='bbox 560 3143 723 3206; x_wconf 76' lang='grc' dir='ltr'>αὐτὸς</span> <span class='ocrx_word' id='word_1_356' title='bbox 761 3143 818 3196; x_wconf 86' lang='grc' dir='ltr'>δὲ</span> <span class='ocrx_word' id='word_1_357' title='bbox 860 3145 957 3215; x_wconf 84' lang='grc' dir='ltr'><strong>οὐχ</strong></span> <span class='ocrx_word' id='word_1_358' title='bbox 987 3146 1174 3199; x_wconf 81' lang='grc' dir='ltr'>ἐνεκεν</span> <span class='ocrx_word' id='word_1_359' title='bbox 1211 3146 1304 3200; x_wconf 79' lang='grc' dir='ltr'>τοῦ</span> <span class='ocrx_word' id='word_1_360' title='bbox 1331 3142 1597 3202; x_wconf 81' lang='grc' dir='ltr'>ἐνδεῖσθαι</span> <span class='ocrx_word' id='word_1_361' title='bbox 1647 3151 1948 3221; x_wconf 82' lang='grc' dir='ltr'>προστέτα-</span> 
     </span>
    </p>
   </div>
   <div class='ocr_carea' id='block_1_49' title="bbox 2056 1952 3636 2025">
    <p class='ocr_par' dir='ltr' id='par_1_49' title="bbox 2056 1952 3636 2025">
     <span class='ocr_line' id='line_1_49' title="bbox 2056 1952 3636 2025; baseline 0.003 -21"><span class='ocrx_word' id='word_1_362' title='bbox 2056 1952 2387 2020; x_wconf 78' lang='lat' dir='ltr'><strong>concupisces</strong></span> <span class='ocrx_word' id='word_1_363' title='bbox 2402 1969 2483 2006; x_wconf 85' lang='lat' dir='ltr'><strong>res</strong></span> <span class='ocrx_word' id='word_1_364' title='bbox 2505 1953 2733 2021; x_wconf 73' lang='lat' dir='ltr'><strong>proximi</strong></span> <span class='ocrx_word' id='word_1_365' title='bbox 2755 1954 2850 2016; x_wconf 78' lang='lat' dir='ltr'><strong>tui,</strong></span> <span class='ocrx_word' id='word_1_366' title='bbox 2872 1967 3032 2024; x_wconf 86' lang='lat' dir='ltr'><strong>neque</strong></span> <span class='ocrx_word' id='word_1_367' title='bbox 3049 1952 3243 2022; x_wconf 80' lang='lat' dir='ltr'><strong>bouem,</strong></span> <span class='ocrx_word' id='word_1_368' title='bbox 3260 1961 3420 2025; x_wconf 83' lang='lat' dir='ltr'><strong>neque</strong></span> <span class='ocrx_word' id='word_1_369' title='bbox 3431 1955 3636 2023; x_wconf 46' lang='lat' dir='ltr'><strong>jumen‘</strong></span> 
     </span>
    </p>
   </div>
   <div class='ocr_carea' id='block_1_50' title="bbox 2057 2043 3631 2114">
    <p class='ocr_par' dir='ltr' id='par_1_50' title="bbox 2057 2043 3631 2114">
     <span class='ocr_line' id='line_1_50' title="bbox 2057 2043 3631 2114; baseline 0.004 -21"><span class='ocrx_word' id='word_1_370' title='bbox 2057 2051 2188 2107; x_wconf 90' lang='lat' dir='ltr'><strong>tum,</strong></span> <span class='ocrx_word' id='word_1_371' title='bbox 2234 2058 2326 2096; x_wconf 87' lang='lat' dir='ltr'><strong>nec</strong></span> <span class='ocrx_word' id='word_1_372' title='bbox 2359 2043 2631 2108; x_wconf 75' lang='lat' dir='ltr'><strong>ancillam,</strong></span> <span class='ocrx_word' id='word_1_373' title='bbox 2668 2043 2832 2114; x_wconf 75' lang='lat'><strong>692</strong></span> <span class='ocrx_word' id='word_1_374' title='bbox 2876 2061 2967 2098; x_wconf 86' lang='lat' dir='ltr'><strong>nec</strong></span> <span class='ocrx_word' id='word_1_375' title='bbox 3006 2061 3214 2114; x_wconf 83' lang='lat' dir='ltr'><strong>agrum,</strong></span> <span class='ocrx_word' id='word_1_376' title='bbox 3268 2061 3362 2100; x_wconf 90' lang='lat' dir='ltr'><strong>nec</strong></span> <span class='ocrx_word' id='word_1_377' title='bbox 3392 2056 3631 2106; x_wconf 75' lang='lat' dir='ltr'><strong>uxorem,</strong></span> 
     </span>
    </p>
   </div>
   <div class='ocr_carea' id='block_1_51' title="bbox 2055 2132 3632 2206">
    <p class='ocr_par' dir='ltr' id='par_1_51' title="bbox 2055 2132 3632 2206">
     <span class='ocr_line' id='line_1_51' title="bbox 2055 2132 3632 2206; baseline 0.004 -22"><span class='ocrx_word' id='word_1_378' title='bbox 2055 2147 2148 2184; x_wconf 86' lang='lat' dir='ltr'><strong>nec</strong></span> <span class='ocrx_word' id='word_1_379' title='bbox 2196 2132 2307 2186; x_wconf 89' lang='lat' dir='ltr'><strong>alia</strong></span> <span class='ocrx_word' id='word_1_380' title='bbox 2351 2151 2470 2204; x_wconf 69' lang='lat' dir='ltr'><strong>qua:</strong></span> <span class='ocrx_word' id='word_1_381' title='bbox 2507 2136 2742 2203; x_wconf 68' lang='lat' dir='ltr'><strong>proximi</strong></span> <span class='ocrx_word' id='word_1_382' title='bbox 2792 2135 2871 2188; x_wconf 86' lang='lat' dir='ltr'><strong>tui</strong></span> <span class='ocrx_word' id='word_1_383' title='bbox 2909 2144 3030 2189; x_wconf 85' lang='lat' dir='ltr'><strong>sunt</strong></span> <span class='ocrx_word' id='word_1_384' title='bbox 3051 2138 3091 2187; x_wconf 82' lang='grc'>³.</span> <span class='ocrx_word' id='word_1_385' title='bbox 3139 2135 3244 2202; x_wconf 84' lang='lat' dir='ltr'><strong>Qui</strong></span> <span class='ocrx_word' id='word_1_386' title='bbox 3281 2137 3632 2206; x_wconf 80' lang='lat' dir='ltr'><strong>cupiditatem</strong></span> 
     </span>
    </p>
   </div>
   <div class='ocr_carea' id='block_1_52' title="bbox 2055 2225 3634 2295">
    <p class='ocr_par' dir='ltr' id='par_1_52' title="bbox 2055 2225 3634 2295">
     <span class='ocr_line' id='line_1_52' title="bbox 2055 2225 3634 2295; baseline 0.003 -19"><span class='ocrx_word' id='word_1_387' title='bbox 2055 2235 2272 2277; x_wconf 90' lang='lat' dir='ltr'><strong>omnem</strong></span> <span class='ocrx_word' id='word_1_388' title='bbox 2324 2232 2598 2295; x_wconf 88' lang='lat' dir='ltr'><strong>amputat,</strong></span> <span class='ocrx_word' id='word_1_389' title='bbox 2655 2240 2761 2280; x_wconf 92' lang='lat' dir='ltr'><strong>non</strong></span> <span class='ocrx_word' id='word_1_390' title='bbox 2812 2241 2932 2280; x_wconf 90' lang='lat' dir='ltr'><strong>eam</strong></span> <span class='ocrx_word' id='word_1_391' title='bbox 2981 2226 3406 2282; x_wconf 87' lang='lat' dir='ltr'><strong>subministrare</strong></span> <span class='ocrx_word' id='word_1_392' title='bbox 3446 2225 3634 2282; x_wconf 53' lang='lat' dir='ltr'><strong>dicen-</strong></span> 
     </span>
    </p>
   </div>
   <div class='ocr_carea' id='block_1_53' title="bbox 2053 2312 2302 2369">
    <p class='ocr_par' dir='ltr' id='par_1_53' title="bbox 2053 2312 2302 2369">
     <span class='ocr_line' id='line_1_53' title="bbox 2053 2312 2302 2369; baseline 0.012 -3"><span class='ocrx_word' id='word_1_393' title='bbox 2053 2312 2158 2368; x_wconf 89' lang='lat' dir='ltr'><strong>dus</strong></span> <span class='ocrx_word' id='word_1_394' title='bbox 2198 2323 2302 2369; x_wconf 87' lang='lat' dir='ltr'><strong>est.</strong></span> 
     </span>
    </p>
   </div>
   <div class='ocr_carea' id='block_1_54' title="bbox 2124 2402 3631 2479">
    <p class='ocr_par' dir='ltr' id='par_1_54' title="bbox 2124 2402 3631 2479">
     <span class='ocr_line' id='line_1_54' title="bbox 2124 2402 3631 2479; baseline 0.002 -21"><span class='ocrx_word' id='word_1_395' title='bbox 2124 2402 2314 2461; x_wconf 75' lang='lat' dir='ltr'><strong>LXXI.</strong></span> <span class='ocrx_word' id='word_1_396' title='bbox 2346 2408 2458 2463; x_wconf 81' lang='lat' dir='ltr'><strong>Cur</strong></span> <span class='ocrx_word' id='word_1_397' title='bbox 2479 2405 2883 2479; x_wconf 77' lang='lat' dir='ltr'><strong>igitur,Jud:eis</strong></span> <span class='ocrx_word' id='word_1_398' title='bbox 2905 2417 2968 2463; x_wconf 79' lang='lat' dir='ltr'><strong>ex</strong></span> <span class='ocrx_word' id='word_1_399' title='bbox 2988 2405 3224 2478; x_wconf 66' lang='lat' dir='ltr'><strong>A‘Igypto</strong></span> <span class='ocrx_word' id='word_1_400' title='bbox 3251 2406 3631 2477; x_wconf 83' lang='lat' dir='ltr'><strong>migrantibus,</strong></span> 
     </span>
    </p>
   </div>
   <div class='ocr_carea' id='block_1_55' title="bbox 2055 2495 3634 2573">
    <p class='ocr_par' dir='ltr' id='par_1_55' title="bbox 2055 2495 3634 2573">
     <span class='ocr_line' id='line_1_55' title="bbox 2055 2495 3634 2573; baseline -0.004 -14"><span class='ocrx_word' id='word_1_401' title='bbox 2055 2498 2294 2573; x_wconf 89' lang='lat' dir='ltr'><strong>spoliare</strong></span> <span class='ocrx_word' id='word_1_402' title='bbox 2321 2498 2476 2570; x_wconf 90' lang='lat' dir='ltr'><strong>jubet</strong></span> <span class='ocrx_word' id='word_1_403' title='bbox 2511 2495 2872 2571; x_wconf 68' lang='lat' dir='ltr'><strong>Egyptios&#39;?</strong></span> <span class='ocrx_word' id='word_1_404' title='bbox 2910 2498 3177 2553; x_wconf 86' lang='lat' dir='ltr'><strong>Nimirum</strong></span> <span class='ocrx_word' id='word_1_405' title='bbox 3212 2500 3394 2569; x_wconf 88' lang='lat' dir='ltr'><strong>justus</strong></span> <span class='ocrx_word' id='word_1_406' title='bbox 3429 2500 3519 2554; x_wconf 89' lang='lat' dir='ltr'><strong>ille</strong></span> <span class='ocrx_word' id='word_1_407' title='bbox 3542 2500 3634 2569; x_wconf 57' lang='lat' dir='ltr'><strong>jua</strong></span> 
     </span>
    </p>
   </div>
   <div class='ocr_carea' id='block_1_56' title="bbox 2054 2589 3635 2661">
    <p class='ocr_par' dir='ltr' id='par_1_56' title="bbox 2054 2589 3635 2661">
     <span class='ocr_line' id='line_1_56' title="bbox 2054 2589 3635 2661; baseline 0 -14"><span class='ocrx_word' id='word_1_408' title='bbox 2054 2591 2158 2647; x_wconf 83' lang='lat' dir='ltr'><strong>dex</strong></span> <span class='ocrx_word' id='word_1_409' title='bbox 2183 2595 2287 2654; x_wconf 88' lang='lat' dir='ltr'><strong>est,</strong></span> <span class='ocrx_word' id='word_1_410' title='bbox 2320 2589 2780 2660; x_wconf 88' lang='lat' dir='ltr'><strong>quemadmodum</strong></span> <span class='ocrx_word' id='word_1_411' title='bbox 2807 2590 2876 2644; x_wconf 87' lang='lat' dir='ltr'><strong>de</strong></span> <span class='ocrx_word' id='word_1_412' title='bbox 2906 2589 2998 2644; x_wconf 91' lang='lat' dir='ltr'><strong>illo</strong></span> <span class='ocrx_word' id='word_1_413' title='bbox 3028 2604 3170 2660; x_wconf 82' lang='lat' dir='ltr'><strong>saepe</strong></span> <span class='ocrx_word' id='word_1_414' title='bbox 3201 2589 3334 2644; x_wconf 81' lang='lat' dir='ltr'><strong>dixi.</strong></span> <span class='ocrx_word' id='word_1_415' title='bbox 3367 2591 3545 2661; x_wconf 85' lang='lat' dir='ltr'><strong>Atque</strong></span> <span class='ocrx_word' id='word_1_416' title='bbox 3573 2590 3635 2646; x_wconf 83' lang='lat' dir='ltr'><strong>ut</strong></span> 
     </span>
    </p>
   </div>
   <div class='ocr_carea' id='block_1_57' title="bbox 2055 2678 3632 2750">
    <p class='ocr_par' dir='ltr' id='par_1_57' title="bbox 2055 2678 3632 2750">
     <span class='ocr_line' id='line_1_57' title="bbox 2055 2678 3632 2750; baseline -0.007 -7"><span class='ocrx_word' id='word_1_417' title='bbox 2055 2684 2310 2742; x_wconf 87' lang='lat' dir='ltr'><strong>ostendat</strong></span> <span class='ocrx_word' id='word_1_418' title='bbox 2341 2681 2479 2736; x_wconf 92' lang='lat' dir='ltr'><strong>nihil</strong></span> <span class='ocrx_word' id='word_1_419' title='bbox 2509 2695 2569 2736; x_wconf 90' lang='lat' dir='ltr'><strong>se</strong></span> <span class='ocrx_word' id='word_1_420' title='bbox 2597 2678 2887 2736; x_wconf 81' lang='lat' dir='ltr'><strong>sacriﬁciis</strong></span> <span class='ocrx_word' id='word_1_421' title='bbox 2932 2679 3197 2750; x_wconf 81' lang='lat' dir='ltr'><strong>indigere,</strong></span> <span class='ocrx_word' id='word_1_422' title='bbox 3226 2680 3306 2735; x_wconf 88' lang='lat' dir='ltr'><strong>sic</strong></span> <span class='ocrx_word' id='word_1_423' title='bbox 3339 2680 3482 2749; x_wconf 89' lang='lat' dir='ltr'><strong>apud</strong></span> <span class='ocrx_word' id='word_1_424' title='bbox 3511 2693 3632 2749; x_wconf 82' lang='lat' dir='ltr'><strong>pro-</strong></span> 
     </span>
    </p>
   </div>
   <div class='ocr_carea' id='block_1_58' title="bbox 2053 2771 3630 2850">
    <p class='ocr_par' dir='ltr' id='par_1_58' title="bbox 2053 2771 3630 2850">
     <span class='ocr_line' id='line_1_58' title="bbox 2053 2771 3630 2850; baseline -0.006 -15"><span class='ocrx_word' id='word_1_425' title='bbox 2053 2780 2271 2850; x_wconf 87' lang='lat' dir='ltr'><strong>phetam</strong></span> <span class='ocrx_word' id='word_1_426' title='bbox 2323 2774 2601 2844; x_wconf 90' lang='lat' dir='ltr'><strong>loquitur:</strong></span> <span class='ocrx_word' id='word_1_427' title='bbox 2664 2771 2812 2826; x_wconf 88' lang='lat' dir='ltr'><strong>Num</strong></span> <span class='ocrx_word' id='word_1_428' title='bbox 2853 2773 3123 2842; x_wconf 82' lang='lat' dir='ltr'><strong>saeriﬁcia</strong></span> <span class='ocrx_word' id='word_1_429' title='bbox 3168 2773 3433 2827; x_wconf 86' lang='lat' dir='ltr'><strong>obtulistis</strong></span> <span class='ocrx_word' id='word_1_430' title='bbox 3478 2773 3630 2838; x_wconf 77' lang='lat' dir='ltr'><strong>mihi,</strong></span> 
     </span>
    </p>
   </div>
   <div class='ocr_carea' id='block_1_59' title="bbox 2051 2862 3628 2936">
    <p class='ocr_par' dir='ltr' id='par_1_59' title="bbox 2051 2862 3628 2936">
     <span class='ocr_line' id='line_1_59' title="bbox 2051 2862 3628 2936; baseline -0.005 -13"><span class='ocrx_word' id='word_1_431' title='bbox 2051 2870 2239 2925; x_wconf 88' lang='lat' dir='ltr'><strong>domus</strong></span> <span class='ocrx_word' id='word_1_432' title='bbox 2278 2865 2475 2932; x_wconf 84' lang='lat' dir='ltr'><strong>Israel,</strong></span> <span class='ocrx_word' id='word_1_433' title='bbox 2519 2864 2880 2936; x_wconf 77' lang='lat' dir='ltr'><strong>quadraginta</strong></span> <span class='ocrx_word' id='word_1_434' title='bbox 2916 2864 3112 2920; x_wconf 85' lang='lat' dir='ltr'><strong>annis?</strong></span> <span class='ocrx_word' id='word_1_435' title='bbox 3144 2863 3273 2916; x_wconf 82' lang='lat' dir='ltr'><strong>dicit</strong></span> <span class='ocrx_word' id='word_1_436' title='bbox 3310 2862 3569 2917; x_wconf 83' lang='lat' dir='ltr'><strong>Dominus</strong></span> <span class='ocrx_word' id='word_1_437' title='bbox 3587 2863 3628 2914; x_wconf 65' lang='grc' dir='ltr'>δ.</span> 
     </span>
    </p>
   </div>
   <div class='ocr_carea' id='block_1_60' title="bbox 2053 2954 3633 3028">
    <p class='ocr_par' dir='ltr' id='par_1_60' title="bbox 2053 2954 3633 3028">
     <span class='ocr_line' id='line_1_60' title="bbox 2053 2954 3633 3028; baseline -0.004 -12"><span class='ocrx_word' id='word_1_438' title='bbox 2053 2961 2283 3016; x_wconf 87' lang='lat' dir='ltr'><strong>Cuinam</strong></span> <span class='ocrx_word' id='word_1_439' title='bbox 2316 2957 2482 3028; x_wconf 78' lang='lat' dir='ltr'><strong>igitur</strong></span> <span class='ocrx_word' id='word_1_440' title='bbox 2513 2956 2696 3010; x_wconf 87' lang='lat' dir='ltr'><strong>oblata</strong></span> <span class='ocrx_word' id='word_1_441' title='bbox 2726 2957 2818 3010; x_wconf 89' lang='lat' dir='ltr'><strong>illa</strong></span> <span class='ocrx_word' id='word_1_442' title='bbox 2849 2955 3014 3012; x_wconf 80' lang='lat' dir='ltr'><strong>sunt?</strong></span> <span class='ocrx_word' id='word_1_443' title='bbox 3053 2954 3257 3026; x_wconf 90' lang='lat' dir='ltr'><strong>Opinor</strong></span> <span class='ocrx_word' id='word_1_444' title='bbox 3288 2954 3390 3022; x_wconf 87' lang='lat' dir='ltr'><strong>illi,</strong></span> <span class='ocrx_word' id='word_1_445' title='bbox 3423 2962 3483 3009; x_wconf 89' lang='lat' dir='ltr'><strong>ut</strong></span> <span class='ocrx_word' id='word_1_446' title='bbox 3515 2957 3633 3026; x_wconf 81' lang='lat' dir='ltr'><strong>qui-</strong></span> 
     </span>
    </p>
   </div>
   <div class='ocr_carea' id='block_1_61' title="bbox 2051 3047 3632 3120">
    <p class='ocr_par' dir='ltr' id='par_1_61' title="bbox 2051 3047 3632 3120">
     <span class='ocr_line' id='line_1_61' title="bbox 2051 3047 3632 3120; baseline -0.004 -12"><span class='ocrx_word' id='word_1_447' title='bbox 2051 3054 2174 3108; x_wconf 87' lang='lat' dir='ltr'><strong>dem</strong></span> <span class='ocrx_word' id='word_1_448' title='bbox 2208 3049 2302 3120; x_wconf 91' lang='lat' dir='ltr'><strong>qui</strong></span> <span class='ocrx_word' id='word_1_449' title='bbox 2340 3048 2638 3103; x_wconf 69' lang='lat' dir='ltr'><strong>offerebant</strong></span> <span class='ocrx_word' id='word_1_450' title='bbox 2667 3049 2949 3118; x_wconf 81' lang='lat' dir='ltr'><strong>putabant.</strong></span> <span class='ocrx_word' id='word_1_451' title='bbox 2991 3047 3061 3102; x_wconf 83' lang='lat' dir='ltr'><strong>At</strong></span> <span class='ocrx_word' id='word_1_452' title='bbox 3090 3049 3226 3118; x_wconf 88' lang='lat' dir='ltr'><strong>ipse,</strong></span> <span class='ocrx_word' id='word_1_453' title='bbox 3252 3059 3359 3102; x_wconf 86' lang='lat' dir='ltr'><strong>non</strong></span> <span class='ocrx_word' id='word_1_454' title='bbox 3387 3049 3530 3119; x_wconf 89' lang='lat' dir='ltr'><strong>quod</strong></span> <span class='ocrx_word' id='word_1_455' title='bbox 3563 3049 3632 3102; x_wconf 82' lang='lat' dir='ltr'><strong>iis</strong></span> 
     </span>
    </p>
   </div>
   <div class='ocr_carea' id='block_1_62' title="bbox 2053 3141 3629 3216">
    <p class='ocr_par' dir='ltr' id='par_1_62' title="bbox 2053 3141 3629 3216">
     <span class='ocr_line' id='line_1_62' title="bbox 2053 3141 3629 3216; baseline -0.003 -16"><span class='ocrx_word' id='word_1_456' title='bbox 2053 3151 2258 3216; x_wconf 89' lang='lat' dir='ltr'><strong>egeret,</strong></span> <span class='ocrx_word' id='word_1_457' title='bbox 2285 3143 2380 3198; x_wconf 89' lang='lat' dir='ltr'><strong>sed</strong></span> <span class='ocrx_word' id='word_1_458' title='bbox 2402 3149 2512 3195; x_wconf 89' lang='lat' dir='ltr'><strong>uta</strong></span> <span class='ocrx_word' id='word_1_459' title='bbox 2543 3141 2923 3210; x_wconf 90' lang='lat' dir='ltr'><strong>multiplicium</strong></span> <span class='ocrx_word' id='word_1_460' title='bbox 2946 3141 3172 3196; x_wconf 87' lang='lat' dir='ltr'><strong>deorum</strong></span> <span class='ocrx_word' id='word_1_461' title='bbox 3199 3143 3344 3196; x_wconf 92' lang='lat' dir='ltr'><strong>cultu</strong></span> <span class='ocrx_word' id='word_1_462' title='bbox 3372 3142 3437 3196; x_wconf 85' lang='lat' dir='ltr'><strong>ad</strong></span> <span class='ocrx_word' id='word_1_463' title='bbox 3465 3141 3629 3196; x_wconf 85' lang='lat' dir='ltr'><strong>unius</strong></span> 
     </span>
    </p>
   </div>
   <div class='ocr_carea' id='block_1_63' title="bbox 357 3213 1951 3309">
    <p class='ocr_par' dir='ltr' id='par_1_63' title="bbox 357 3213 1950 3309">
     <span class='ocr_line' id='line_1_63' title="bbox 357 3213 1950 3309; baseline 0.007 -24"><span class='ocrx_word' id='word_1_464' title='bbox 357 3238 480 3302; x_wconf 77' lang='grc' dir='ltr'>χὲν,</span> <span class='ocrx_word' id='word_1_465' title='bbox 515 3233 630 3285; x_wconf 82' lang='grc' dir='ltr'>ἀλλ’</span> <span class='ocrx_word' id='word_1_466' title='bbox 661 3235 748 3288; x_wconf 81' lang='grc' dir='ltr'>ἵνα</span> <span class='ocrx_word' id='word_1_467' title='bbox 779 3213 1033 3309; x_wconf 79' lang='grc' dir='ltr'>συνεθίσῃ</span> <span class='ocrx_word' id='word_1_468' title='bbox 1071 3237 1179 3290; x_wconf 82' lang='grc' dir='ltr'><strong>ἀπὸ</strong></span> <span class='ocrx_word' id='word_1_469' title='bbox 1221 3239 1509 3304; x_wconf 87' lang='grc' dir='ltr'>πολυθεῖας</span> <span class='ocrx_word' id='word_1_470' title='bbox 1542 3231 1638 3293; x_wconf 80' lang='grc' dir='ltr'><strong>ἐνα</strong></span> <span class='ocrx_word' id='word_1_471' title='bbox 1673 3213 1804 3296; x_wconf 59' lang='grc' dir='ltr'>θεὸν</span> <span class='ocrx_word' id='word_1_472' title='bbox 1831 3240 1950 3296; x_wconf 92' lang='grc' dir='ltr'>ἐπι-</span> 
     </span>
    </p>
   </div>
   <div class='ocr_carea' id='block_1_64' title="bbox 2054 3213 3628 3309">
    <p class='ocr_par' dir='ltr' id='par_1_64' title="bbox 2054 3213 3628 3304">
     <span class='ocr_line' id='line_1_64' title="bbox 2054 3213 3628 3304; baseline -0.003 -13"><span class='ocrx_word' id='word_1_473' title='bbox 2054 3213 2180 3291; x_wconf 79' lang='lat' dir='ltr'><strong>illos</strong></span> <span class='ocrx_word' id='word_1_474' title='bbox 2203 3235 2298 3290; x_wconf 90' lang='lat' dir='ltr'><strong>Dei</strong></span> <span class='ocrx_word' id='word_1_475' title='bbox 2353 3233 2721 3304; x_wconf 87' lang='lat' dir='ltr'><strong>cognitionem</strong></span> <span class='ocrx_word' id='word_1_476' title='bbox 2756 3232 3051 3288; x_wconf 90' lang='lat' dir='ltr'><strong>translatos</strong></span> <span class='ocrx_word' id='word_1_477' title='bbox 3096 3233 3484 3297; x_wconf 81' lang='lat' dir='ltr'><strong>assuefaceret,</strong></span> <span class='ocrx_word' id='word_1_478' title='bbox 3511 3233 3628 3288; x_wconf 86' lang='lat' dir='ltr'><strong>ﬁeri</strong></span> 
     </span>
    </p>
   </div>
   <div class='ocr_carea' id='block_1_65' title="bbox 355 3324 1948 3406">
    <p class='ocr_par' dir='ltr' id='par_1_65' title="bbox 355 3324 1948 3406">
     <span class='ocr_line' id='line_1_65' title="bbox 355 3324 1948 3406; baseline 0.008 -29"><span class='ocrx_word' id='word_1_479' title='bbox 355 3324 672 3393; x_wconf 83' lang='grc' dir='ltr'>γινώσκειν.</span> <span class='ocrx_word' id='word_1_480' title='bbox 716 3328 932 3400; x_wconf 84' lang='grc' dir='ltr'>Ἐπειδὴ</span> <span class='ocrx_word' id='word_1_481' title='bbox 967 3331 1075 3402; x_wconf 88' lang='grc' dir='ltr'>γὰρ</span> <span class='ocrx_word' id='word_1_482' title='bbox 1115 3330 1260 3403; x_wconf 81' lang='grc' dir='ltr'>ἐώρα</span> <span class='ocrx_word' id='word_1_483' title='bbox 1302 3331 1492 3389; x_wconf 76' lang='grc' dir='ltr'>θυσίας</span> <span class='ocrx_word' id='word_1_484' title='bbox 1527 3333 1948 3406; x_wconf 65' lang='grc' dir='ltr'>ἐπιτελουμένας</span> 
     </span>
    </p>
   </div>
   <div class='ocr_carea' id='block_1_66' title="bbox 352 3419 1948 3496">
    <p class='ocr_par' dir='ltr' id='par_1_66' title="bbox 352 3419 1948 3496">
     <span class='ocr_line' id='line_1_66' title="bbox 352 3419 1948 3496; baseline 0.008 -27"><span class='ocrx_word' id='word_1_485' title='bbox 352 3419 478 3482; x_wconf 82' lang='grc' dir='ltr'>τοῖς</span> <span class='ocrx_word' id='word_1_486' title='bbox 527 3419 672 3482; x_wconf 80' lang='grc' dir='ltr'>θεοῖς</span> <span class='ocrx_word' id='word_1_487' title='bbox 707 3420 816 3474; x_wconf 85' lang='grc' dir='ltr'>τῶν</span> <span class='ocrx_word' id='word_1_488' title='bbox 873 3422 1222 3490; x_wconf 78' lang='grc' dir='ltr'>Αἰγυπτίων,</span> <span class='ocrx_word' id='word_1_489' title='bbox 1270 3425 1356 3478; x_wconf 77' lang='grc' dir='ltr'>ἵνα</span> <span class='ocrx_word' id='word_1_490' title='bbox 1398 3421 1471 3496; x_wconf 77' lang='grc' dir='ltr'>μὴ</span> <span class='ocrx_word' id='word_1_491' title='bbox 1523 3425 1610 3480; x_wconf 84' lang='grc' dir='ltr'><strong>διὰ</strong></span> <span class='ocrx_word' id='word_1_492' title='bbox 1659 3420 1948 3482; x_wconf 73' lang='grc' dir='ltr'>πολυθεῗαν</span> 
     </span>
    </p>
   </div>
   <div class='ocr_carea' id='block_1_67' title="bbox 356 3508 1948 3590">
    <p class='ocr_par' dir='ltr' id='par_1_67' title="bbox 356 3508 1948 3590">
     <span class='ocr_line' id='line_1_67' title="bbox 356 3508 1948 3590; baseline 0.007 -29"><span class='ocrx_word' id='word_1_493' title='bbox 356 3508 643 3580; x_wconf 79' lang='grc' dir='ltr'>τραπέντα</span> <span class='ocrx_word' id='word_1_494' title='bbox 680 3510 864 3565; x_wconf 76' lang='grc' dir='ltr'>αὐτῶν</span> <span class='ocrx_word' id='word_1_495' title='bbox 897 3513 966 3566; x_wconf 86' lang='grc' dir='ltr'><strong>τὰ</strong></span> <span class='ocrx_word' id='word_1_496' title='bbox 997 3515 1244 3585; x_wconf 87' lang='grc' dir='ltr'>νοήματα</span> <span class='ocrx_word' id='word_1_497' title='bbox 1275 3515 1642 3587; x_wconf 72' lang='grc' dir='ltr'>καταλείψωσι</span> <span class='ocrx_word' id='word_1_498' title='bbox 1667 3509 1757 3572; x_wconf 73' lang='grc' dir='ltr'><strong>τὸν</strong></span> <span class='ocrx_word' id='word_1_499' title='bbox 1789 3519 1948 3590; x_wconf 88' lang='grc' dir='ltr'>μόνον</span> 
     </span>
    </p>
   </div>
   <div class='ocr_carea' id='block_1_68' title="bbox 356 3592 1950 3681">
    <p class='ocr_par' dir='ltr' id='par_1_68' title="bbox 356 3592 1950 3681">
     <span class='ocr_line' id='line_1_68' title="bbox 356 3592 1950 3681; baseline 0.008 -28"><span class='ocrx_word' id='word_1_500' title='bbox 356 3601 460 3654; x_wconf 75' lang='grc' dir='ltr'>ἕνα</span> <span class='ocrx_word' id='word_1_501' title='bbox 498 3601 650 3654; x_wconf 86' lang='grc' dir='ltr'>Θεόν.</span> <span class='ocrx_word' id='word_1_502' title='bbox 703 3603 835 3656; x_wconf 86' lang='grc' dir='ltr'>Ὅτε</span> <span class='ocrx_word' id='word_1_503' title='bbox 875 3592 931 3657; x_wconf 87' lang='grc' dir='ltr'><strong>δέ</strong></span> <span class='ocrx_word' id='word_1_504' title='bbox 976 3609 1308 3678; x_wconf 85' lang='grc' dir='ltr'>συναγήοχεν</span> <span class='ocrx_word' id='word_1_505' title='bbox 1351 3608 1530 3661; x_wconf 85' lang='grc' dir='ltr'>αὐτῶν</span> <span class='ocrx_word' id='word_1_506' title='bbox 1571 3610 1668 3681; x_wconf 83' lang='grc' dir='ltr'>τὴν</span> <span class='ocrx_word' id='word_1_507' title='bbox 1714 3611 1950 3666; x_wconf 88' lang='grc' dir='ltr'>διάνοιαν</span> 
     </span>
    </p>
   </div>
   <div class='ocr_carea' id='block_1_69' title="bbox 358 3693 1945 3767">
    <p class='ocr_par' dir='ltr' id='par_1_69' title="bbox 358 3693 1945 3767">
     <span class='ocr_line' id='line_1_69' title="bbox 358 3693 1945 3767; baseline 0.005 -20"><span class='ocrx_word' id='word_1_508' title='bbox 358 3694 477 3747; x_wconf 80' lang='grc' dir='ltr'><strong>ἀπὸ</strong></span> <span class='ocrx_word' id='word_1_509' title='bbox 498 3693 790 3758; x_wconf 84' lang='grc' dir='ltr'>πολυθεΐας</span> <span class='ocrx_word' id='word_1_510' title='bbox 817 3694 906 3748; x_wconf 76' lang='grc' dir='ltr'><strong>διὰ</strong></span> <span class='ocrx_word' id='word_1_511' title='bbox 932 3696 1128 3750; x_wconf 87' lang='grc' dir='ltr'>πολλοῦ</span> <span class='ocrx_word' id='word_1_512' title='bbox 1167 3699 1384 3767; x_wconf 82' lang='grc' dir='ltr'>χρόνου,</span> <span class='ocrx_word' id='word_1_513' title='bbox 1419 3699 1816 3766; x_wconf 80' lang='grc' dir='ltr'>ἁποσυνεθίσας</span> <span class='ocrx_word' id='word_1_514' title='bbox 1848 3693 1945 3755; x_wconf 68' lang='grc' dir='ltr'>αὖε</span> 
     </span>
    </p>
   </div>
   <div class='ocr_carea' id='block_1_70' title="bbox 356 3786 1948 3863">
    <p class='ocr_par' dir='ltr' id='par_1_70' title="bbox 356 3786 1948 3863">
     <span class='ocr_line' id='line_1_70' title="bbox 356 3786 1948 3863; baseline 0.004 -23"><span class='ocrx_word' id='word_1_515' title='bbox 356 3789 491 3850; x_wconf 79' lang='grc' dir='ltr'>τοὺς</span> <span class='ocrx_word' id='word_1_516' title='bbox 519 3787 620 3857; x_wconf 85' lang='grc' dir='ltr'><strong>τῆς</strong></span> <span class='ocrx_word' id='word_1_517' title='bbox 642 3786 900 3858; x_wconf 84' lang='grc' dir='ltr'>τοιαύτης</span> <span class='ocrx_word' id='word_1_518' title='bbox 931 3787 1263 3853; x_wconf 80' lang='grc' dir='ltr'>ὑποθέσεως,</span> <span class='ocrx_word' id='word_1_519' title='bbox 1309 3791 1536 3862; x_wconf 83' lang='grc' dir='ltr'>ἄρχεται</span> <span class='ocrx_word' id='word_1_520' title='bbox 1573 3794 1948 3863; x_wconf 87' lang='grc' dir='ltr'>παρακόπτειν</span> 
     </span>
    </p>
   </div>
   <div class='ocr_carea' id='block_1_71' title="bbox 357 3874 1949 3951">
    <p class='ocr_par' dir='ltr' id='par_1_71' title="bbox 357 3874 1949 3951">
     <span class='ocr_line' id='line_1_71' title="bbox 357 3874 1949 3951; baseline 0.006 -22"><span class='ocrx_word' id='word_1_521' title='bbox 357 3878 397 3930; x_wconf 75' lang='grc' dir='ltr'>ἃ.</span> <span class='ocrx_word' id='word_1_522' title='bbox 421 3879 496 3950; x_wconf 77' lang='grc' dir='ltr'><strong>μή</strong></span> <span class='ocrx_word' id='word_1_523' title='bbox 525 3877 683 3949; x_wconf 71' lang='grc' dir='ltr'>ἤθελε</span> <span class='ocrx_word' id='word_1_524' title='bbox 702 3894 714 3907; x_wconf 92' lang='grc'><strong>·</strong></span> <span class='ocrx_word' id='word_1_525' title='bbox 745 3874 839 3932; x_wconf 69' lang='grc' dir='ltr'>καὶ</span> <span class='ocrx_word' id='word_1_526' title='bbox 868 3879 1054 3948; x_wconf 78' lang='grc' dir='ltr'>ἔλεγεν</span> <span class='ocrx_word' id='word_1_527' title='bbox 1071 3897 1085 3910; x_wconf 73' lang='grc' dir='ltr'><strong>ο</strong></span> <span class='ocrx_word' id='word_1_528' title='bbox 1120 3881 1250 3934; x_wconf 83' lang='grc' dir='ltr'>Ἵνα</span> <span class='ocrx_word' id='word_1_529' title='bbox 1277 3882 1334 3934; x_wconf 84' lang='grc' dir='ltr'><strong>τι</strong></span> <span class='ocrx_word' id='word_1_530' title='bbox 1350 3900 1451 3951; x_wconf 87' lang='grc' dir='ltr'><strong>μοι</strong></span> <span class='ocrx_word' id='word_1_531' title='bbox 1476 3883 1727 3936; x_wconf 82' lang='grc' dir='ltr'>λίϐανον</span> <span class='ocrx_word' id='word_1_532' title='bbox 1749 3885 1816 3938; x_wconf 86' lang='grc' dir='ltr'><strong>ἐκ</strong></span> <span class='ocrx_word' id='word_1_533' title='bbox 1837 3886 1949 3939; x_wconf 88' lang='grc' dir='ltr'><strong>Σα-</strong></span> 
     </span>
    </p>
   </div>
   <div class='ocr_carea' id='block_1_72' title="bbox 357 3969 1946 4044">
    <p class='ocr_par' dir='ltr' id='par_1_72' title="bbox 357 3969 1946 4044">
     <span class='ocr_line' id='line_1_72' title="bbox 357 3969 1946 4044; baseline 0.003 -20"><span class='ocrx_word' id='word_1_534' title='bbox 357 3969 441 4024; x_wconf 76' lang='grc' dir='ltr'><strong>ϐᾶ</strong></span> <span class='ocrx_word' id='word_1_535' title='bbox 465 3969 698 4038; x_wconf 76' lang='grc' dir='ltr'>φέρετε,</span> <span class='ocrx_word' id='word_1_536' title='bbox 734 3969 834 4023; x_wconf 75' lang='grc' dir='ltr'>καὶ</span> <span class='ocrx_word' id='word_1_537' title='bbox 861 3971 1202 4041; x_wconf 73' lang='grc' dir='ltr'>κινάμωμον</span> <span class='ocrx_word' id='word_1_538' title='bbox 1241 3972 1310 4025; x_wconf 81' lang='grc' dir='ltr'><strong>ἐκ</strong></span> <span class='ocrx_word' id='word_1_539' title='bbox 1349 3970 1462 4043; x_wconf 75' lang='grc' dir='ltr'>γῆς</span> <span class='ocrx_word' id='word_1_540' title='bbox 1487 3977 1819 4043; x_wconf 82' lang='grc' dir='ltr'>μακρόθεν;</span> <span class='ocrx_word' id='word_1_541' title='bbox 1850 3974 1946 4044; x_wconf 75' lang='grc' dir='ltr'><strong>Μὴ</strong></span> 
     </span>
    </p>
   </div>
   <div class='ocr_carea' id='block_1_73' title="bbox 354 4052 1947 4134">
    <p class='ocr_par' dir='ltr' id='par_1_73' title="bbox 354 4052 1947 4134">
     <span class='ocr_line' id='line_1_73' title="bbox 354 4052 1947 4134; baseline 0.004 -22"><span class='ocrx_word' id='word_1_542' title='bbox 354 4059 623 4130; x_wconf 64' lang='grc' dir='ltr'>φάγομαι</span> <span class='ocrx_word' id='word_1_543' title='bbox 674 4052 819 4129; x_wconf 78' lang='grc' dir='ltr'><strong>κρέα</strong></span> <span class='ocrx_word' id='word_1_544' title='bbox 859 4063 1120 4130; x_wconf 84' lang='grc' dir='ltr'>ταύρων,</span> <span class='ocrx_word' id='word_1_545' title='bbox 1166 4062 1205 4130; x_wconf 75' lang='grc' dir='ltr'>ἢ</span> <span class='ocrx_word' id='word_1_546' title='bbox 1257 4057 1400 4133; x_wconf 79' lang='grc' dir='ltr'>αἷμα</span> <span class='ocrx_word' id='word_1_547' title='bbox 1435 4053 1666 4133; x_wconf 64' lang='grc' dir='ltr'>τράγων</span> <span class='ocrx_word' id='word_1_548' title='bbox 1709 4066 1947 4134; x_wconf 82' lang='grc' dir='ltr'>πίομαι;</span> 
     </span>
    </p>
   </div>
   <div class='ocr_carea' id='block_1_74' title="bbox 362 4146 1944 4226">
    <p class='ocr_par' dir='ltr' id='par_1_74' title="bbox 362 4146 1944 4226">
     <span class='ocr_line' id='line_1_74' title="bbox 362 4146 1944 4226; baseline 0.002 -21"><span class='ocrx_word' id='word_1_549' title='bbox 362 4151 561 4205; x_wconf 83' lang='grc' dir='ltr'>Ταῦτα</span> <span class='ocrx_word' id='word_1_550' title='bbox 589 4153 698 4222; x_wconf 71' lang='grc' dir='ltr'><strong>γὰρ</strong></span> <span class='ocrx_word' id='word_1_551' title='bbox 736 4154 847 4206; x_wconf 83' lang='grc' dir='ltr'>οὐκ</span> <span class='ocrx_word' id='word_1_552' title='bbox 889 4146 1225 4220; x_wconf 68' lang='grc' dir='ltr'>ἐξεζήτησα</span> <span class='ocrx_word' id='word_1_553' title='bbox 1263 4154 1332 4207; x_wconf 79' lang='grc' dir='ltr'><strong>ἐκ</strong></span> <span class='ocrx_word' id='word_1_554' title='bbox 1371 4154 1488 4208; x_wconf 85' lang='grc' dir='ltr'>τῶν</span> <span class='ocrx_word' id='word_1_555' title='bbox 1520 4156 1734 4224; x_wconf 82' lang='grc' dir='ltr'>χειρῶν</span> <span class='ocrx_word' id='word_1_556' title='bbox 1759 4155 1944 4226; x_wconf 78' lang='grc' dir='ltr'>ὑμῶν,</span> 
     </span>
    </p>
   </div>
   <div class='ocr_carea' id='block_1_75' title="bbox 355 4239 1947 4312">
    <p class='ocr_par' dir='ltr' id='par_1_75' title="bbox 355 4239 1947 4312">
     <span class='ocr_line' id='line_1_75' title="bbox 355 4239 1947 4312; baseline 0.002 -17"><span class='ocrx_word' id='word_1_557' title='bbox 355 4240 526 4295; x_wconf 73' lang='grc' dir='ltr'>ἀλλὰ</span> <span class='ocrx_word' id='word_1_558' title='bbox 554 4239 749 4294; x_wconf 80' lang='grc' dir='ltr'>ποιεῖν</span> <span class='ocrx_word' id='word_1_559' title='bbox 773 4241 924 4308; x_wconf 80' lang='grc' dir='ltr'>πρὸς</span> <span class='ocrx_word' id='word_1_560' title='bbox 959 4240 1066 4295; x_wconf 83' lang='grc' dir='ltr'><strong>τόν</strong></span> <span class='ocrx_word' id='word_1_561' title='bbox 1093 4245 1362 4309; x_wconf 83' lang='grc' dir='ltr'>πλησίον</span> <span class='ocrx_word' id='word_1_562' title='bbox 1389 4242 1805 4312; x_wconf 81' lang='grc' dir='ltr'>δικαιοσύνην,</span> <span class='ocrx_word' id='word_1_563' title='bbox 1848 4243 1947 4298; x_wconf 79' lang='grc' dir='ltr'><strong>καί</strong></span> 
     </span>
    </p>
   </div>
   <div class='ocr_carea' id='block_1_76' title="bbox 356 4331 1948 4403">
    <p class='ocr_par' dir='ltr' id='par_1_76' title="bbox 356 4331 1948 4403">
     <span class='ocr_line' id='line_1_76' title="bbox 356 4331 1948 4403; baseline 0.003 -16"><span class='ocrx_word' id='word_1_564' title='bbox 356 4331 654 4398; x_wconf 72' lang='grc' dir='ltr'>ἀλήθειαν</span> <span class='ocrx_word' id='word_1_565' title='bbox 677 4331 938 4386; x_wconf 79' lang='grc' dir='ltr'>ἕκαστον</span> <span class='ocrx_word' id='word_1_566' title='bbox 965 4333 1113 4400; x_wconf 72' lang='grc' dir='ltr'>πρὸς</span> <span class='ocrx_word' id='word_1_567' title='bbox 1148 4333 1256 4386; x_wconf 85' lang='grc' dir='ltr'>τὸν</span> <span class='ocrx_word' id='word_1_568' title='bbox 1281 4333 1552 4403; x_wconf 63' lang='grc' dir='ltr'>ἀδελφὸν</span> <span class='ocrx_word' id='word_1_569' title='bbox 1583 4337 1790 4391; x_wconf 83' lang='grc' dir='ltr'>αὐτοῦ.</span> <span class='ocrx_word' id='word_1_570' title='bbox 1841 4338 1948 4391; x_wconf 73' lang='grc' dir='ltr'><strong>Καὶ</strong></span> 
     </span>
    </p>
   </div>
   <div class='ocr_carea' id='block_1_77' title="bbox 355 4423 1950 4499">
    <p class='ocr_par' dir='ltr' id='par_1_77' title="bbox 355 4423 1950 4499">
     <span class='ocr_line' id='line_1_77' title="bbox 355 4423 1950 4499; baseline 0.004 -23"><span class='ocrx_word' id='word_1_571' title='bbox 355 4424 518 4495; x_wconf 75' lang='grc' dir='ltr'>ὁρᾷς,</span> <span class='ocrx_word' id='word_1_572' title='bbox 553 4423 656 4486; x_wconf 83' lang='grc' dir='ltr'>ὅτι,</span> <span class='ocrx_word' id='word_1_573' title='bbox 691 4423 988 4493; x_wconf 84' lang='grc' dir='ltr'>προϊόντων</span> <span class='ocrx_word' id='word_1_574' title='bbox 1018 4425 1127 4478; x_wconf 86' lang='grc' dir='ltr'>τῶν</span> <span class='ocrx_word' id='word_1_575' title='bbox 1171 4426 1398 4496; x_wconf 82' lang='grc' dir='ltr'>χρόνων,</span> <span class='ocrx_word' id='word_1_576' title='bbox 1445 4429 1476 4498; x_wconf 92' lang='grc' dir='ltr'><strong>ή</strong></span> <span class='ocrx_word' id='word_1_577' title='bbox 1517 4425 1815 4492; x_wconf 83' lang='grc' dir='ltr'>ὑπόστασις</span> <span class='ocrx_word' id='word_1_578' title='bbox 1848 4430 1950 4499; x_wconf 85' lang='grc' dir='ltr'>τῆς</span> 
     </span>
    </p>
   </div>
   <div class='ocr_carea' id='block_1_78' title="bbox 355 4511 1950 4585">
    <p class='ocr_par' dir='ltr' id='par_1_78' title="bbox 355 4511 1950 4585">
     <span class='ocr_line' id='line_1_78' title="bbox 355 4511 1950 4585; baseline 0.004 -17"><span class='ocrx_word' id='word_1_579' title='bbox 355 4515 652 4585; x_wconf 78' lang='grc' dir='ltr'>δυνάμεως</span> <span class='ocrx_word' id='word_1_580' title='bbox 679 4515 788 4568; x_wconf 82' lang='grc' dir='ltr'><strong>τῶν</strong></span> <span class='ocrx_word' id='word_1_581' title='bbox 816 4515 975 4570; x_wconf 90' lang='grc' dir='ltr'>θείων</span> <span class='ocrx_word' id='word_1_582' title='bbox 1000 4516 1465 4572; x_wconf 72' lang='grc' dir='ltr'>ἀποκαλύπτεταιο</span> <span class='ocrx_word' id='word_1_583' title='bbox 1496 4511 1572 4583; x_wconf 82' lang='grc' dir='ltr'><strong>ὡς</strong></span> <span class='ocrx_word' id='word_1_584' title='bbox 1595 4521 1756 4584; x_wconf 79' lang='grc' dir='ltr'>αὐτὸς</span> <span class='ocrx_word' id='word_1_585' title='bbox 1790 4521 1950 4574; x_wconf 83' lang='grc' dir='ltr'>πάλιν</span> 
     </span>
    </p>
   </div>
   <div class='ocr_carea' id='block_1_79' title="bbox 356 4605 1948 4680">
    <p class='ocr_par' dir='ltr' id='par_1_79' title="bbox 356 4605 1948 4680">
     <span class='ocr_line' id='line_1_79' title="bbox 356 4605 1948 4680; baseline 0.003 -21"><span class='ocrx_word' id='word_1_586' title='bbox 356 4606 514 4673; x_wconf 78' lang='grc' dir='ltr'>λέγει</span> <span class='ocrx_word' id='word_1_587' title='bbox 547 4605 623 4676; x_wconf 77' lang='grc' dir='ltr'>τῷ</span> <span class='ocrx_word' id='word_1_588' title='bbox 665 4607 954 4677; x_wconf 75' lang='grc' dir='ltr'>Σαμουήλο</span> <span class='ocrx_word' id='word_1_589' title='bbox 990 4607 1192 4679; x_wconf 70' lang='grc' dir='ltr'>Κρῖσον</span> <span class='ocrx_word' id='word_1_590' title='bbox 1247 4609 1337 4662; x_wconf 75' lang='grc' dir='ltr'><strong>τὸν</strong></span> <span class='ocrx_word' id='word_1_591' title='bbox 1374 4610 1544 4663; x_wconf 84' lang='grc' dir='ltr'>Σαοὺλ</span> <span class='ocrx_word' id='word_1_592' title='bbox 1585 4613 1663 4672; x_wconf 83' lang='grc' dir='ltr'>εἰς</span> <span class='ocrx_word' id='word_1_593' title='bbox 1705 4611 1948 4680; x_wconf 65' lang='grc' dir='ltr'>βασιλέαε</span> 
     </span>
    </p>
   </div>
   <div class='ocr_carea' id='block_1_80' title="bbox 359 4697 1952 4770">
    <p class='ocr_par' dir='ltr' id='par_1_80' title="bbox 359 4697 1952 4770">
     <span class='ocr_line' id='line_1_80' title="bbox 359 4697 1952 4770; baseline 0.004 -21"><span class='ocrx_word' id='word_1_594' title='bbox 359 4697 598 4768; x_wconf 79' lang='grc' dir='ltr'>ὓστερον</span> <span class='ocrx_word' id='word_1_595' title='bbox 660 4697 718 4750; x_wconf 90' lang='grc' dir='ltr'><strong>δέ</strong></span> <span class='ocrx_word' id='word_1_596' title='bbox 749 4699 946 4762; x_wconf 78' lang='grc' dir='ltr'>αὐτοὺς</span> <span class='ocrx_word' id='word_1_597' title='bbox 976 4699 1189 4770; x_wconf 77' lang='grc' dir='ltr'>ἐλέγχει</span> <span class='ocrx_word' id='word_1_598' title='bbox 1208 4699 1404 4769; x_wconf 71' lang='grc' dir='ltr'>λέγων*</span> <span class='ocrx_word' id='word_1_599' title='bbox 1443 4700 1749 4770; x_wconf 82' lang='grc' dir='ltr'>Ἐχρίσατε</span> <span class='ocrx_word' id='word_1_600' title='bbox 1768 4703 1952 4766; x_wconf 81' lang='grc' dir='ltr'>βασι·</span> 
     </span>
    </p>
   </div>
   <div class='ocr_carea' id='block_1_81' title="bbox 356 4788 1950 4863">
    <p class='ocr_par' dir='ltr' id='par_1_81' title="bbox 356 4788 1950 4863">
     <span class='ocr_line' id='line_1_81' title="bbox 356 4788 1950 4863; baseline 0.003 -19"><span class='ocrx_word' id='word_1_601' title='bbox 356 4788 477 4844; x_wconf 79' lang='grc' dir='ltr'><strong>λέα</strong></span> <span class='ocrx_word' id='word_1_602' title='bbox 504 4792 577 4843; x_wconf 83' lang='grc' dir='ltr'>οὐ</span> <span class='ocrx_word' id='word_1_603' title='bbox 615 4789 688 4843; x_wconf 83' lang='grc' dir='ltr'><strong>δι’</strong></span> <span class='ocrx_word' id='word_1_604' title='bbox 711 4791 877 4859; x_wconf 84' lang='grc' dir='ltr'>ἐμοῦ,</span> <span class='ocrx_word' id='word_1_605' title='bbox 913 4791 1011 4845; x_wconf 81' lang='grc' dir='ltr'><strong>καί</strong></span> <span class='ocrx_word' id='word_1_606' title='bbox 1050 4792 1368 4862; x_wconf 77' lang='grc' dir='ltr'>ἄρχοντας,</span> <span class='ocrx_word' id='word_1_607' title='bbox 1414 4793 1512 4846; x_wconf 81' lang='grc' dir='ltr'><strong>καὶ</strong></span> <span class='ocrx_word' id='word_1_608' title='bbox 1550 4793 1664 4863; x_wconf 79' lang='grc' dir='ltr'><strong>ἐγὼ</strong></span> <span class='ocrx_word' id='word_1_609' title='bbox 1701 4797 1811 4848; x_wconf 83' lang='grc' dir='ltr'>οὐκ</span> <span class='ocrx_word' id='word_1_610' title='bbox 1854 4796 1950 4848; x_wconf 81' lang='grc' dir='ltr'>ἐν-</span> 
     </span>
    </p>
   </div>
   <div class='ocr_carea' id='block_1_82' title="bbox 356 4879 1947 4956">
    <p class='ocr_par' dir='ltr' id='par_1_82' title="bbox 356 4879 1947 4956">
     <span class='ocr_line' id='line_1_82' title="bbox 356 4879 1947 4956; baseline 0.005 -25"><span class='ocrx_word' id='word_1_611' title='bbox 356 4879 685 4949; x_wconf 79' lang='grc' dir='ltr'>ετειλάμην</span> <span class='ocrx_word' id='word_1_612' title='bbox 725 4881 886 4950; x_wconf 84' lang='grc' dir='ltr'>ὑμῖν.</span> <span class='ocrx_word' id='word_1_613' title='bbox 950 4882 1087 4935; x_wconf 84' lang='grc' dir='ltr'>Ἀλλ’</span> <span class='ocrx_word' id='word_1_614' title='bbox 1127 4884 1313 4956; x_wconf 79' lang='grc' dir='ltr'>ἐπειδὴ</span> <span class='ocrx_word' id='word_1_615' title='bbox 1364 4885 1634 4956; x_wconf 76' lang='grc' dir='ltr'>ἐζήτησαν</span> <span class='ocrx_word' id='word_1_616' title='bbox 1686 4886 1842 4938; x_wconf 80' lang='grc' dir='ltr'>τοῦτο</span> <span class='ocrx_word' id='word_1_617' title='bbox 1893 4890 1947 4939; x_wconf 86' lang='grc' dir='ltr'><strong>αἱ</strong></span> 
     </span>
    </p>
   </div>
   <div class='ocr_carea' id='block_1_83' title="bbox 357 4970 1945 5049">
    <p class='ocr_par' dir='ltr' id='par_1_83' title="bbox 357 4970 1945 5049">
     <span class='ocr_line' id='line_1_83' title="bbox 357 4970 1945 5049; baseline 0.005 -27"><span class='ocrx_word' id='word_1_618' title='bbox 357 4970 594 5024; x_wconf 72' lang='grc' dir='ltr'>διάνοιαι</span> <span class='ocrx_word' id='word_1_619' title='bbox 630 4973 827 5036; x_wconf 80' lang='grc' dir='ltr'>αὐτῶν,</span> <span class='ocrx_word' id='word_1_620' title='bbox 859 4975 1353 5046; x_wconf 79' lang='grc' dir='ltr'>παραμυθούμενος</span> <span class='ocrx_word' id='word_1_621' title='bbox 1371 4979 1398 5028; x_wconf 80' lang='grc' dir='ltr'><strong>ό</strong></span> <span class='ocrx_word' id='word_1_622' title='bbox 1420 4977 1551 5040; x_wconf 81' lang='grc' dir='ltr'>Θεὸς</span> <span class='ocrx_word' id='word_1_623' title='bbox 1575 4978 1824 5049; x_wconf 83' lang='grc' dir='ltr'>Σαμουὴλ</span> <span class='ocrx_word' id='word_1_624' title='bbox 1855 4973 1945 5030; x_wconf 76' lang='grc' dir='ltr'><strong>τὸν</strong></span> 
     </span>
    </p>
   </div>
   <div class='ocr_carea' id='block_1_84' title="bbox 361 5061 1944 5135">
    <p class='ocr_par' dir='ltr' id='par_1_84' title="bbox 361 5061 1944 5135">
     <span class='ocr_line' id='line_1_84' title="bbox 361 5061 1944 5135; baseline 0.003 -21"><span class='ocrx_word' id='word_1_625' title='bbox 361 5062 653 5131; x_wconf 69' lang='grc' dir='ltr'>προφήτην</span> <span class='ocrx_word' id='word_1_626' title='bbox 700 5061 886 5132; x_wconf 76' lang='grc' dir='ltr'>ἔλεγεν</span> <span class='ocrx_word' id='word_1_627' title='bbox 909 5079 922 5092; x_wconf 82' lang='lat'><strong>&#39;</strong></span> <span class='ocrx_word' id='word_1_628' title='bbox 969 5069 1052 5119; x_wconf 84' lang='grc' dir='ltr'><strong>Οῠ</strong></span> <span class='ocrx_word' id='word_1_629' title='bbox 1102 5066 1178 5117; x_wconf 82' lang='grc' dir='ltr'>σὲ</span> <span class='ocrx_word' id='word_1_630' title='bbox 1205 5066 1597 5128; x_wconf 77' lang='grc' dir='ltr'>άπεόάλοντο,</span> <span class='ocrx_word' id='word_1_631' title='bbox 1643 5070 1780 5122; x_wconf 79' lang='grc' dir='ltr'>ἀλλ’</span> <span class='ocrx_word' id='word_1_632' title='bbox 1820 5067 1944 5135; x_wconf 83' lang='grc' dir='ltr'>ἐμὲ,</span> 
     </span>
    </p>
   </div>
   <div class='ocr_carea' id='block_1_85' title="bbox 358 5150 1945 5224">
    <p class='ocr_par' dir='ltr' id='par_1_85' title="bbox 358 5150 1945 5224">
     <span class='ocr_line' id='line_1_85' title="bbox 358 5150 1945 5224; baseline 0.008 -22"><span class='ocrx_word' id='word_1_633' title='bbox 358 5151 515 5218; x_wconf 80' lang='grc' dir='ltr'>λέγει</span> <span class='ocrx_word' id='word_1_634' title='bbox 557 5150 778 5221; x_wconf 78' lang='grc' dir='ltr'>Κύριος.</span> <span class='ocrx_word' id='word_1_635' title='bbox 824 5154 1000 5223; x_wconf 78' lang='grc' dir='ltr'>Πλὴν</span> <span class='ocrx_word' id='word_1_636' title='bbox 1042 5155 1257 5224; x_wconf 81' lang='grc' dir='ltr'>χρῖσον</span> <span class='ocrx_word' id='word_1_637' title='bbox 1305 5157 1508 5224; x_wconf 82' lang='grc' dir='ltr'>αὐτοῖς</span> <span class='ocrx_word' id='word_1_638' title='bbox 1547 5157 1653 5210; x_wconf 81' lang='grc' dir='ltr'>τὸν</span> <span class='ocrx_word' id='word_1_639' title='bbox 1710 5157 1901 5215; x_wconf 76' lang='grc' dir='ltr'>Σαοὺλ</span> <span class='ocrx_word' id='word_1_640' title='bbox 1931 5199 1945 5215; x_wconf 91' lang='grc'><strong>.</strong></span> 
     </span>
    </p>
   </div>
   <div class='ocr_carea' id='block_1_86' title="bbox 357 5245 1948 5323">
    <p class='ocr_par' dir='ltr' id='par_1_86' title="bbox 357 5245 1948 5323">
     <span class='ocr_line' id='line_1_86' title="bbox 357 5245 1948 5323; baseline 0.004 -25"><span class='ocrx_word' id='word_1_641' title='bbox 357 5245 500 5298; x_wconf 80' lang='grc' dir='ltr'><strong><em>υἱὸν</em></strong></span> <span class='ocrx_word' id='word_1_642' title='bbox 529 5246 664 5312; x_wconf 86' lang='grc' dir='ltr'>Κῖς·</span> <span class='ocrx_word' id='word_1_643' title='bbox 697 5246 887 5318; x_wconf 83' lang='grc' dir='ltr'>ὥσπερ</span> <span class='ocrx_word' id='word_1_644' title='bbox 909 5247 1142 5312; x_wconf 87' lang='grc' dir='ltr'>παιδίοις</span> <span class='ocrx_word' id='word_1_645' title='bbox 1178 5253 1391 5322; x_wconf 88' lang='grc' dir='ltr'>μικροῖς</span> <span class='ocrx_word' id='word_1_646' title='bbox 1418 5251 1861 5323; x_wconf 83' lang='grc' dir='ltr'>προσφερόμενον</span> <span class='ocrx_word' id='word_1_647' title='bbox 1889 5251 1948 5305; x_wconf 78' lang='grc' dir='ltr'>τὸ</span> 
     </span>
    </p>
   </div>
   <div class='ocr_carea' id='block_1_87' title="bbox 357 5337 1945 5413">
    <p class='ocr_par' dir='ltr' id='par_1_87' title="bbox 357 5337 1945 5413">
     <span class='ocr_line' id='line_1_87' title="bbox 357 5337 1945 5413; baseline 0.006 -25"><span class='ocrx_word' id='word_1_648' title='bbox 357 5337 544 5400; x_wconf 84' lang='grc' dir='ltr'>Θεῖον,</span> <span class='ocrx_word' id='word_1_649' title='bbox 575 5339 663 5393; x_wconf 83' lang='grc' dir='ltr'>ἵνα</span> <span class='ocrx_word' id='word_1_650' title='bbox 693 5339 938 5412; x_wconf 75' lang='grc' dir='ltr'>βαστάσῃ</span> <span class='ocrx_word' id='word_1_651' title='bbox 962 5342 1062 5413; x_wconf 83' lang='grc' dir='ltr'>τὴν</span> <span class='ocrx_word' id='word_1_652' title='bbox 1087 5343 1370 5398; x_wconf 80' lang='grc' dir='ltr'>ἀσθένειαν</span> <span class='ocrx_word' id='word_1_653' title='bbox 1401 5345 1509 5399; x_wconf 87' lang='grc' dir='ltr'>τῶν</span> <span class='ocrx_word' id='word_1_654' title='bbox 1540 5345 1910 5400; x_wconf 83' lang='grc' dir='ltr'>ἀσθενούντων</span> <span class='ocrx_word' id='word_1_655' title='bbox 1933 5386 1945 5410; x_wconf 90' lang='grc'><strong>,</strong></span> 
     </span>
    </p>
   </div>
   <div class='ocr_carea' id='block_1_88' title="bbox 361 5428 1946 5508">
    <p class='ocr_par' dir='ltr' id='par_1_88' title="bbox 361 5428 1946 5508">
     <span class='ocr_line' id='line_1_88' title="bbox 361 5428 1946 5508; baseline 0.008 -28"><span class='ocrx_word' id='word_1_656' title='bbox 361 5428 464 5482; x_wconf 75' lang='grc' dir='ltr'><strong>καὶ</strong></span> <span class='ocrx_word' id='word_1_657' title='bbox 484 5429 850 5502; x_wconf 77' lang='grc' dir='ltr'>ἀναθωπεύσῃ</span> <span class='ocrx_word' id='word_1_658' title='bbox 878 5433 938 5486; x_wconf 86' lang='grc' dir='ltr'>τὸ</span> <span class='ocrx_word' id='word_1_659' title='bbox 962 5433 1163 5505; x_wconf 78' lang='grc' dir='ltr'>βρέφος</span> <span class='ocrx_word' id='word_1_660' title='bbox 1193 5432 1300 5489; x_wconf 78' lang='grc' dir='ltr'><strong>ἀπὸ</strong></span> <span class='ocrx_word' id='word_1_661' title='bbox 1327 5437 1426 5508; x_wconf 80' lang='grc' dir='ltr'>τῆς</span> <span class='ocrx_word' id='word_1_662' title='bbox 1453 5437 1614 5491; x_wconf 81' lang='grc' dir='ltr'><strong>αὐτοῦ</strong></span> <span class='ocrx_word' id='word_1_663' title='bbox 1645 5438 1946 5501; x_wconf 86' lang='grc' dir='ltr'>ἀσθενείας.</span> 
     </span>
    </p>
   </div>
   <div class='ocr_carea' id='block_1_89' title="bbox 361 5515 1949 5599">
    <p class='ocr_par' dir='ltr' id='par_1_89' title="bbox 361 5515 1949 5599">
     <span class='ocr_line' id='line_1_89' title="bbox 361 5515 1949 5599; baseline 0.005 -25"><span class='ocrx_word' id='word_1_664' title='bbox 361 5515 501 5574; x_wconf 75' lang='grc' dir='ltr'>Εἶτα</span> <span class='ocrx_word' id='word_1_665' title='bbox 536 5523 683 5591; x_wconf 81' lang='grc' dir='ltr'>λέγει</span> <span class='ocrx_word' id='word_1_666' title='bbox 710 5524 772 5578; x_wconf 86' lang='grc' dir='ltr'><strong>τὺ</strong></span> <span class='ocrx_word' id='word_1_667' title='bbox 810 5525 1144 5581; x_wconf 79' lang='grc' dir='ltr'>τελειότατον</span> <span class='ocrx_word' id='word_1_668' title='bbox 1165 5543 1179 5560; x_wconf 80' lang='grc' dir='ltr'><strong>ο</strong></span> <span class='ocrx_word' id='word_1_669' title='bbox 1218 5530 1410 5583; x_wconf 82' lang='grc' dir='ltr'>Θυσία</span> <span class='ocrx_word' id='word_1_670' title='bbox 1449 5530 1528 5595; x_wconf 82' lang='grc' dir='ltr'>τῷ</span> <span class='ocrx_word' id='word_1_671' title='bbox 1563 5529 1683 5596; x_wconf 83' lang='grc' dir='ltr'><strong>Θεῷ</strong></span> <span class='ocrx_word' id='word_1_672' title='bbox 1717 5530 1949 5599; x_wconf 78' lang='grc' dir='ltr'>πνεῦμα</span> 
     </span>
    </p>
   </div>
   <div class='ocr_carea' id='block_1_90' title="bbox 477 5723 909 5793">
    <p class='ocr_par' dir='ltr' id='par_1_90' title="bbox 477 5723 909 5793">
     <span class='ocr_line' id='line_1_90' title="bbox 477 5723 909 5793; baseline 0 -16"><span class='ocrx_word' id='word_1_673' title='bbox 477 5724 493 5754; x_wconf 88' lang='grc'>¹</span> <span class='ocrx_word' id='word_1_674' title='bbox 557 5723 717 5779; x_wconf 81' lang='lat' dir='ltr'><strong>Forte</strong></span> <span class='ocrx_word' id='word_1_675' title='bbox 779 5725 909 5793; x_wconf 71' lang='grc' dir='ltr'>περὶ</span> 
     </span>
    </p>
   </div>
   <div class='ocr_carea' id='block_1_91' title="bbox 969 5725 1770 5794">
    <p class='ocr_par' dir='ltr' id='par_1_91' title="bbox 969 5725 1770 5794">
     <span class='ocr_line' id='line_1_91' title="bbox 969 5725 1770 5794; baseline 0.007 -16"><span class='ocrx_word' id='word_1_676' title='bbox 969 5742 1090 5794; x_wconf 85' lang='grc' dir='ltr'>γυν.</span> <span class='ocrx_word' id='word_1_677' title='bbox 1206 5727 1226 5756; x_wconf 85' lang='grc'><strong><em>²</em></strong></span> <span class='ocrx_word' id='word_1_678' title='bbox 1289 5725 1461 5782; x_wconf 83' lang='lat' dir='ltr'><strong>Exod.</strong></span> <span class='ocrx_word' id='word_1_679' title='bbox 1526 5745 1616 5793; x_wconf 82' lang='lat' dir='ltr'><strong>xx,</strong></span> <span class='ocrx_word' id='word_1_680' title='bbox 1684 5729 1770 5784; x_wconf 81' lang='lat' dir='ltr'><strong>l7.</strong></span> 
     </span>
    </p>
   </div>
   <div class='ocr_carea' id='block_1_92' title="bbox 1984 4566 2025 4620">
    <p class='ocr_par' dir='ltr' id='par_1_92' title="bbox 1984 4566 2025 4620">
     <span class='ocr_line' id='line_1_92' title="bbox 1984 4566 2025 4620; baseline 0 0"><span class='ocrx_word' id='word_1_681' title='bbox 1984 4566 2025 4620; x_wconf 93' lang='lat' dir='ltr'><strong>D</strong></span> 
     </span>
    </p>
   </div>
   <div class='ocr_carea' id='block_1_93' title="bbox 1879 5731 2388 5795">
    <p class='ocr_par' dir='ltr' id='par_1_93' title="bbox 1879 5731 2388 5795">
     <span class='ocr_line' id='line_1_93' title="bbox 1879 5731 2388 5795; baseline 0.01 -11"><span class='ocrx_word' id='word_1_682' title='bbox 1879 5731 1897 5760; x_wconf 86' lang='grc'>³</span> <span class='ocrx_word' id='word_1_683' title='bbox 1959 5731 2128 5787; x_wconf 84' lang='lat' dir='ltr'><strong>Exod.</strong></span> <span class='ocrx_word' id='word_1_684' title='bbox 2193 5751 2273 5795; x_wconf 56' lang='grc' dir='ltr'><strong>τι,</strong></span> <span class='ocrx_word' id='word_1_685' title='bbox 2337 5735 2388 5789; x_wconf 68' lang='grc'>2.</span> 
     </span>
    </p>
   </div>
   <div class='ocr_carea' id='block_1_94' title="bbox 2051 3321 3626 3394">
    <p class='ocr_par' dir='ltr' id='par_1_94' title="bbox 2051 3321 3626 3394">
     <span class='ocr_line' id='line_1_94' title="bbox 2051 3321 3626 3394; baseline -0.003 -11"><span class='ocrx_word' id='word_1_686' title='bbox 2051 3329 2156 3383; x_wconf 87' lang='lat' dir='ltr'><strong>ista</strong></span> <span class='ocrx_word' id='word_1_687' title='bbox 2184 3325 2481 3381; x_wconf 84' lang='lat' dir='ltr'><strong>mandavit.</strong></span> <span class='ocrx_word' id='word_1_688' title='bbox 2515 3323 2650 3380; x_wconf 83' lang='lat' dir='ltr'><strong>Cum</strong></span> <span class='ocrx_word' id='word_1_689' title='bbox 2680 3324 2824 3379; x_wconf 87' lang='lat' dir='ltr'><strong>enim</strong></span> <span class='ocrx_word' id='word_1_690' title='bbox 2850 3321 3230 3394; x_wconf 67' lang='lat' dir='ltr'><strong>Egyptiorum</strong></span> <span class='ocrx_word' id='word_1_691' title='bbox 3261 3324 3486 3378; x_wconf 88' lang='lat' dir='ltr'><strong>numina</strong></span> <span class='ocrx_word' id='word_1_692' title='bbox 3513 3324 3626 3394; x_wconf 89' lang='lat' dir='ltr'><strong>pla-</strong></span> 
     </span>
    </p>
   </div>
   <div class='ocr_carea' id='block_1_95' title="bbox 2050 3414 3632 3485">
    <p class='ocr_par' dir='ltr' id='par_1_95' title="bbox 2050 3414 3632 3485">
     <span class='ocr_line' id='line_1_95' title="bbox 2050 3414 3632 3485; baseline -0.003 -11"><span class='ocrx_word' id='word_1_693' title='bbox 2050 3419 2162 3474; x_wconf 89' lang='lat' dir='ltr'><strong>cari</strong></span> <span class='ocrx_word' id='word_1_694' title='bbox 2198 3416 2486 3472; x_wconf 86' lang='lat' dir='ltr'><strong>sacriﬁciis</strong></span> <span class='ocrx_word' id='word_1_695' title='bbox 2516 3423 2786 3478; x_wconf 83' lang='lat' dir='ltr'><strong>cerneret,</strong></span> <span class='ocrx_word' id='word_1_696' title='bbox 2814 3414 2938 3469; x_wconf 89' lang='lat' dir='ltr'><strong>ideo</strong></span> <span class='ocrx_word' id='word_1_697' title='bbox 2972 3415 3075 3469; x_wconf 91' lang='lat' dir='ltr'><strong>ista</strong></span> <span class='ocrx_word' id='word_1_698' title='bbox 3103 3414 3360 3484; x_wconf 78' lang='lat' dir='ltr'><strong>providit,</strong></span> <span class='ocrx_word' id='word_1_699' title='bbox 3387 3429 3457 3470; x_wconf 88' lang='lat' dir='ltr'><strong>ne</strong></span> <span class='ocrx_word' id='word_1_700' title='bbox 3481 3415 3632 3485; x_wconf 87' lang='lat' dir='ltr'><strong>ejus-</strong></span> 
     </span>
    </p>
   </div>
   <div class='ocr_carea' id='block_1_96' title="bbox 2051 3505 3629 3576">
    <p class='ocr_par' dir='ltr' id='par_1_96' title="bbox 2051 3505 3629 3576">
     <span class='ocr_line' id='line_1_96' title="bbox 2051 3505 3629 3576; baseline -0.004 -11"><span class='ocrx_word' id='word_1_701' title='bbox 2051 3510 2198 3566; x_wconf 88' lang='lat' dir='ltr'><strong>modi</strong></span> <span class='ocrx_word' id='word_1_702' title='bbox 2233 3509 2460 3564; x_wconf 89' lang='lat' dir='ltr'><strong>deorum</strong></span> <span class='ocrx_word' id='word_1_703' title='bbox 2495 3507 2885 3575; x_wconf 85' lang='lat' dir='ltr'><strong>superstitione</strong></span> <span class='ocrx_word' id='word_1_704' title='bbox 2919 3505 3227 3576; x_wconf 88' lang='lat' dir='ltr'><strong>depravatis</strong></span> <span class='ocrx_word' id='word_1_705' title='bbox 3261 3505 3474 3561; x_wconf 79' lang='lat' dir='ltr'><strong>illorUm</strong></span> <span class='ocrx_word' id='word_1_706' title='bbox 3509 3507 3629 3559; x_wconf 85' lang='lat' dir='ltr'><strong>ani—</strong></span> 
     </span>
    </p>
   </div>
   <div class='ocr_carea' id='block_1_97' title="bbox 2049 3595 3623 3669">
    <p class='ocr_par' dir='ltr' id='par_1_97' title="bbox 2049 3595 3623 3669">
     <span class='ocr_line' id='line_1_97' title="bbox 2049 3595 3623 3669; baseline -0.004 -11"><span class='ocrx_word' id='word_1_707' title='bbox 2049 3603 2177 3669; x_wconf 89' lang='lat' dir='ltr'><strong>mis,</strong></span> <span class='ocrx_word' id='word_1_708' title='bbox 2210 3601 2278 3655; x_wconf 89' lang='lat' dir='ltr'><strong>ab</strong></span> <span class='ocrx_word' id='word_1_709' title='bbox 2307 3614 2418 3652; x_wconf 92' lang='lat' dir='ltr'><strong>uno</strong></span> <span class='ocrx_word' id='word_1_710' title='bbox 2446 3599 2672 3668; x_wconf 86' lang='lat' dir='ltr'><strong>soloque</strong></span> <span class='ocrx_word' id='word_1_711' title='bbox 2702 3596 2809 3652; x_wconf 90' lang='lat' dir='ltr'><strong>Deo</strong></span> <span class='ocrx_word' id='word_1_712' title='bbox 2837 3596 3228 3652; x_wconf 85' lang='lat' dir='ltr'><strong>desciscerent.</strong></span> <span class='ocrx_word' id='word_1_713' title='bbox 3262 3595 3623 3668; x_wconf 86' lang='lat' dir='ltr'><strong>Posteaquam</strong></span> 
     </span>
    </p>
   </div>
   <div class='ocr_carea' id='block_1_98' title="bbox 2051 3687 3626 3758">
    <p class='ocr_par' dir='ltr' id='par_1_98' title="bbox 2051 3687 3626 3758">
     <span class='ocr_line' id='line_1_98' title="bbox 2051 3687 3626 3758; baseline -0.003 -11"><span class='ocrx_word' id='word_1_714' title='bbox 2051 3700 2231 3747; x_wconf 87' lang='lat' dir='ltr'><strong>autem</strong></span> <span class='ocrx_word' id='word_1_715' title='bbox 2261 3690 2576 3745; x_wconf 88' lang='lat' dir='ltr'><strong>eorumdem</strong></span> <span class='ocrx_word' id='word_1_716' title='bbox 2609 3698 2817 3743; x_wconf 90' lang='lat' dir='ltr'><strong>mentes</strong></span> <span class='ocrx_word' id='word_1_717' title='bbox 2848 3687 3086 3758; x_wconf 89' lang='lat' dir='ltr'><strong>plurium</strong></span> <span class='ocrx_word' id='word_1_718' title='bbox 3116 3687 3184 3742; x_wconf 89' lang='lat' dir='ltr'><strong>ab</strong></span> <span class='ocrx_word' id='word_1_719' title='bbox 3212 3688 3436 3742; x_wconf 90' lang='lat' dir='ltr'><strong>deorum</strong></span> <span class='ocrx_word' id='word_1_720' title='bbox 3473 3689 3626 3742; x_wconf 87' lang='lat' dir='ltr'><strong>cultu</strong></span> 
     </span>
    </p>
   </div>
   <div class='ocr_carea' id='block_1_99' title="bbox 2050 3779 3630 3852">
    <p class='ocr_par' dir='ltr' id='par_1_99' title="bbox 2050 3779 3630 3852">
     <span class='ocr_line' id='line_1_99' title="bbox 2050 3779 3630 3852; baseline -0.004 -11"><span class='ocrx_word' id='word_1_721' title='bbox 2050 3789 2338 3842; x_wconf 80' lang='lat' dir='ltr'><strong>revocatas</strong></span> <span class='ocrx_word' id='word_1_722' title='bbox 2367 3783 2526 3852; x_wconf 88' lang='lat' dir='ltr'><strong>longo</strong></span> <span class='ocrx_word' id='word_1_723' title='bbox 2553 3782 2840 3836; x_wconf 88' lang='lat' dir='ltr'><strong>intervallo</strong></span> <span class='ocrx_word' id='word_1_724' title='bbox 2859 3779 3236 3846; x_wconf 86' lang='lat' dir='ltr'><strong>conﬁrmavit;</strong></span> <span class='ocrx_word' id='word_1_725' title='bbox 3271 3789 3383 3834; x_wconf 88' lang='lat' dir='ltr'><strong>tum</strong></span> <span class='ocrx_word' id='word_1_726' title='bbox 3411 3781 3630 3836; x_wconf 89' lang='lat' dir='ltr'><strong>demum</strong></span> 
     </span>
    </p>
   </div>
   <div class='ocr_carea' id='block_1_100' title="bbox 2052 3872 3633 3944">
    <p class='ocr_par' dir='ltr' id='par_1_100' title="bbox 2052 3872 3633 3944">
     <span class='ocr_line' id='line_1_100' title="bbox 2052 3872 3633 3944; baseline -0.001 -15"><span class='ocrx_word' id='word_1_727' title='bbox 2052 3875 2120 3930; x_wconf 88' lang='lat' dir='ltr'><strong>ab</strong></span> <span class='ocrx_word' id='word_1_728' title='bbox 2164 3876 2314 3931; x_wconf 87' lang='lat' dir='ltr'><strong>hisce</strong></span> <span class='ocrx_word' id='word_1_729' title='bbox 2373 3875 2496 3928; x_wconf 91' lang='lat' dir='ltr'><strong>illos</strong></span> <span class='ocrx_word' id='word_1_730' title='bbox 2537 3873 2806 3928; x_wconf 89' lang='lat' dir='ltr'><strong>institutis</strong></span> <span class='ocrx_word' id='word_1_731' title='bbox 2857 3872 3184 3928; x_wconf 86' lang='lat' dir='ltr'><strong>desuescere</strong></span> <span class='ocrx_word' id='word_1_732' title='bbox 3229 3873 3418 3928; x_wconf 86' lang='lat' dir='ltr'><strong>volens</strong></span> <span class='ocrx_word' id='word_1_733' title='bbox 3467 3874 3633 3944; x_wconf 74' lang='lat' dir='ltr'><strong>cmpit</strong></span> 
     </span>
    </p>
   </div>
   <div class='ocr_carea' id='block_1_101' title="bbox 2051 3962 3631 4036">
    <p class='ocr_par' dir='ltr' id='par_1_101' title="bbox 2051 3962 3631 4036">
     <span class='ocr_line' id='line_1_101' title="bbox 2051 3962 3631 4036; baseline -0.004 -14"><span class='ocrx_word' id='word_1_734' title='bbox 2051 3979 2136 4031; x_wconf 86' lang='lat' dir='ltr'><strong>ea,</strong></span> <span class='ocrx_word' id='word_1_735' title='bbox 2171 3981 2293 4036; x_wconf 66' lang='lat' dir='ltr'><strong>quae</strong></span> <span class='ocrx_word' id='word_1_736' title='bbox 2321 3965 2504 4019; x_wconf 91' lang='lat' dir='ltr'><strong>minus</strong></span> <span class='ocrx_word' id='word_1_737' title='bbox 2537 3963 2640 4018; x_wconf 86' lang='lat' dir='ltr'><strong>sibi</strong></span> <span class='ocrx_word' id='word_1_738' title='bbox 2673 3965 2982 4034; x_wconf 86' lang='lat' dir='ltr'><strong>placebant,</strong></span> <span class='ocrx_word' id='word_1_739' title='bbox 3013 3963 3322 4032; x_wconf 61' lang='lat' dir='ltr'><strong>praecidere.</strong></span> <span class='ocrx_word' id='word_1_740' title='bbox 3346 3962 3526 4028; x_wconf 86' lang='lat' dir='ltr'><strong>Quare</strong></span> <span class='ocrx_word' id='word_1_741' title='bbox 3557 3964 3631 4016; x_wconf 84' lang='lat' dir='ltr'><strong>ita</strong></span> 
     </span>
    </p>
   </div>
   <div class='ocr_carea' id='block_1_102' title="bbox 2051 4054 3627 4124">
    <p class='ocr_par' dir='ltr' id='par_1_102' title="bbox 2051 4054 3627 4124">
     <span class='ocr_line' id='line_1_102' title="bbox 2051 4054 3627 4124; baseline -0.002 -11"><span class='ocrx_word' id='word_1_742' title='bbox 2051 4060 2267 4114; x_wconf 87' lang='lat' dir='ltr'><strong>locutus</strong></span> <span class='ocrx_word' id='word_1_743' title='bbox 2298 4065 2411 4112; x_wconf 86' lang='lat' dir='ltr'><strong>est:</strong></span> <span class='ocrx_word' id='word_1_744' title='bbox 2454 4055 2594 4120; x_wconf 85' lang='lat' dir='ltr'><strong>Quid</strong></span> <span class='ocrx_word' id='word_1_745' title='bbox 2624 4055 2752 4108; x_wconf 82' lang='lat' dir='ltr'><strong>mihi</strong></span> <span class='ocrx_word' id='word_1_746' title='bbox 2783 4056 2900 4110; x_wconf 84' lang='lat' dir='ltr'><strong>thus</strong></span> <span class='ocrx_word' id='word_1_747' title='bbox 2933 4072 2960 4109; x_wconf 87' lang='lat' dir='ltr'><strong>e</strong></span> <span class='ocrx_word' id='word_1_748' title='bbox 2996 4054 3138 4110; x_wconf 86' lang='lat' dir='ltr'><strong>Saba</strong></span> <span class='ocrx_word' id='word_1_749' title='bbox 3167 4055 3406 4124; x_wconf 80' lang='lat' dir='ltr'><strong>defertis,</strong></span> <span class='ocrx_word' id='word_1_750' title='bbox 3436 4066 3484 4110; x_wconf 90' lang='lat' dir='ltr'><strong>et</strong></span> <span class='ocrx_word' id='word_1_751' title='bbox 3511 4058 3627 4110; x_wconf 81' lang='lat' dir='ltr'><strong>cin-</strong></span> 
     </span>
    </p>
   </div>
   <div class='ocr_carea' id='block_1_103' title="bbox 2052 4146 3631 4218">
    <p class='ocr_par' dir='ltr' id='par_1_103' title="bbox 2052 4146 3631 4218">
     <span class='ocr_line' id='line_1_103' title="bbox 2052 4146 3631 4218; baseline -0.001 -13"><span class='ocrx_word' id='word_1_752' title='bbox 2052 4165 2358 4205; x_wconf 87' lang='lat' dir='ltr'><strong>namomum</strong></span> <span class='ocrx_word' id='word_1_753' title='bbox 2398 4164 2425 4202; x_wconf 80' lang='lat' dir='ltr'><strong>e</strong></span> <span class='ocrx_word' id='word_1_754' title='bbox 2464 4158 2607 4201; x_wconf 87' lang='lat' dir='ltr'><strong>terra</strong></span> <span class='ocrx_word' id='word_1_755' title='bbox 2635 4147 2982 4218; x_wconf 82' lang='lat' dir='ltr'><strong>longinqua&quot;!</strong></span> <span class='ocrx_word' id='word_1_756' title='bbox 3019 4146 3272 4218; x_wconf 77' lang='lat' dir='ltr'><strong>Nunquid</strong></span> <span class='ocrx_word' id='word_1_757' title='bbox 3303 4150 3631 4204; x_wconf 85' lang='lat' dir='ltr'><strong>manducabo</strong></span> 
     </span>
    </p>
   </div>
   <div class='ocr_carea' id='block_1_104' title="bbox 2051 4242 3631 4311">
    <p class='ocr_par' dir='ltr' id='par_1_104' title="bbox 2051 4242 3631 4311">
     <span class='ocr_line' id='line_1_104' title="bbox 2051 4242 3631 4311; baseline 0.001 -14"><span class='ocrx_word' id='word_1_758' title='bbox 2051 4259 2238 4297; x_wconf 87' lang='lat' dir='ltr'><strong>carnes</strong></span> <span class='ocrx_word' id='word_1_759' title='bbox 2273 4252 2568 4305; x_wconf 88' lang='lat' dir='ltr'><strong>taurorum,</strong></span> <span class='ocrx_word' id='word_1_760' title='bbox 2603 4249 2694 4294; x_wconf 88' lang='lat' dir='ltr'><strong>aut</strong></span> <span class='ocrx_word' id='word_1_761' title='bbox 2725 4242 3034 4310; x_wconf 83' lang='lat' dir='ltr'><strong>sanguinem</strong></span> <span class='ocrx_word' id='word_1_762' title='bbox 3069 4242 3333 4296; x_wconf 85' lang='lat' dir='ltr'><strong>hircorum</strong></span> <span class='ocrx_word' id='word_1_763' title='bbox 3362 4243 3631 4311; x_wconf 74' lang='lat' dir='ltr'><strong>potabo&#39;?</strong></span> 
     </span>
    </p>
   </div>
   <div class='ocr_carea' id='block_1_105' title="bbox 2055 4334 3630 4406">
    <p class='ocr_par' dir='ltr' id='par_1_105' title="bbox 2055 4334 3630 4406">
     <span class='ocr_line' id='line_1_105' title="bbox 2055 4334 3630 4406; baseline 0.002 -18"><span class='ocrx_word' id='word_1_764' title='bbox 2055 4335 2234 4406; x_wconf 80' lang='lat' dir='ltr'><strong>Neque</strong></span> <span class='ocrx_word' id='word_1_765' title='bbox 2275 4336 2414 4390; x_wconf 84' lang='lat' dir='ltr'><strong>enim</strong></span> <span class='ocrx_word' id='word_1_766' title='bbox 2456 4335 2565 4388; x_wconf 64' lang='lat' dir='ltr'><strong>haec</strong></span> <span class='ocrx_word' id='word_1_767' title='bbox 2601 4335 2846 4404; x_wconf 85' lang='lat' dir='ltr'><strong>requisivi</strong></span> <span class='ocrx_word' id='word_1_768' title='bbox 2885 4349 2950 4387; x_wconf 80' lang='lat' dir='ltr'><strong>ea:</strong></span> <span class='ocrx_word' id='word_1_769' title='bbox 2986 4334 3228 4389; x_wconf 87' lang='lat' dir='ltr'><strong>manibus</strong></span> <span class='ocrx_word' id='word_1_770' title='bbox 3271 4337 3486 4402; x_wconf 81' lang='lat' dir='ltr'><strong>vestris,</strong></span> <span class='ocrx_word' id='word_1_771' title='bbox 3540 4339 3630 4391; x_wconf 82' lang='lat' dir='ltr'><strong>sed</strong></span> 
     </span>
    </p>
   </div>
   <div class='ocr_carea' id='block_1_106' title="bbox 2055 4421 3628 4498">
    <p class='ocr_par' dir='ltr' id='par_1_106' title="bbox 2055 4421 3628 4498">
     <span class='ocr_line' id='line_1_106' title="bbox 2055 4421 3628 4498; baseline 0 -18"><span class='ocrx_word' id='word_1_772' title='bbox 2055 4427 2229 4495; x_wconf 78' lang='lat' dir='ltr'><strong>facere</strong></span> <span class='ocrx_word' id='word_1_773' title='bbox 2262 4437 2387 4498; x_wconf 84' lang='lat' dir='ltr'><strong>erga</strong></span> <span class='ocrx_word' id='word_1_774' title='bbox 2413 4427 2716 4496; x_wconf 73' lang='lat' dir='ltr'><strong>proximum</strong></span> <span class='ocrx_word' id='word_1_775' title='bbox 2743 4439 2898 4479; x_wconf 85' lang='lat' dir='ltr'><strong>suum</strong></span> <span class='ocrx_word' id='word_1_776' title='bbox 2923 4421 3218 4496; x_wconf 81' lang='lat' dir='ltr'><strong>justitiam,</strong></span> <span class='ocrx_word' id='word_1_777' title='bbox 3259 4438 3308 4481; x_wconf 87' lang='lat' dir='ltr'><strong>et</strong></span> <span class='ocrx_word' id='word_1_778' title='bbox 3355 4429 3628 4482; x_wconf 82' lang='lat' dir='ltr'><strong>ueritatem</strong></span> 
     </span>
    </p>
   </div>
   <div class='ocr_carea' id='block_1_107' title="bbox 2056 4516 3630 4589">
    <p class='ocr_par' dir='ltr' id='par_1_107' title="bbox 2056 4516 3630 4589">
     <span class='ocr_line' id='line_1_107' title="bbox 2056 4516 3630 4589; baseline 0.001 -17"><span class='ocrx_word' id='word_1_779' title='bbox 2056 4523 2472 4589; x_wconf 85' lang='lat' dir='ltr'><strong>unumquemque</strong></span> <span class='ocrx_word' id='word_1_780' title='bbox 2535 4518 2591 4572; x_wconf 88' lang='lat' dir='ltr'><strong>in</strong></span> <span class='ocrx_word' id='word_1_781' title='bbox 2646 4517 2866 4587; x_wconf 74' lang='lat' dir='ltr'><strong>fratrem</strong></span> <span class='ocrx_word' id='word_1_782' title='bbox 2929 4527 3083 4572; x_wconf 83' lang='lat' dir='ltr'><strong>suum</strong></span> <span class='ocrx_word' id='word_1_783' title='bbox 3114 4519 3156 4572; x_wconf 83' lang='lat'><strong>&quot;.</strong></span> <span class='ocrx_word' id='word_1_784' title='bbox 3228 4516 3630 4575; x_wconf 82' lang='lat' dir='ltr'><strong>Animadvertis</strong></span> 
     </span>
    </p>
   </div>
   <div class='ocr_carea' id='block_1_108' title="bbox 2057 4609 3631 4680">
    <p class='ocr_par' dir='ltr' id='par_1_108' title="bbox 2057 4609 3631 4680">
     <span class='ocr_line' id='line_1_108' title="bbox 2057 4609 3631 4680; baseline 0.001 -17"><span class='ocrx_word' id='word_1_785' title='bbox 2057 4612 2240 4680; x_wconf 88' lang='lat' dir='ltr'><strong>itaque</strong></span> <span class='ocrx_word' id='word_1_786' title='bbox 2308 4609 2769 4680; x_wconf 86' lang='lat' dir='ltr'><strong>quemadmodum</strong></span> <span class='ocrx_word' id='word_1_787' title='bbox 2827 4620 3119 4678; x_wconf 87' lang='lat' dir='ltr'><strong>progressu</strong></span> <span class='ocrx_word' id='word_1_788' title='bbox 3190 4618 3495 4679; x_wconf 89' lang='lat' dir='ltr'><strong>temporum</strong></span> <span class='ocrx_word' id='word_1_789' title='bbox 3548 4611 3631 4664; x_wconf 80' lang='lat' dir='ltr'><strong>di-</strong></span> 
     </span>
    </p>
   </div>
   <div class='ocr_carea' id='block_1_109' title="bbox 2054 4698 3624 4771">
    <p class='ocr_par' dir='ltr' id='par_1_109' title="bbox 2054 4698 3624 4771">
     <span class='ocr_line' id='line_1_109' title="bbox 2054 4698 3624 4771; baseline 0.004 -21"><span class='ocrx_word' id='word_1_790' title='bbox 2054 4700 2192 4754; x_wconf 65' lang='lat' dir='ltr'><strong>vinaé</strong></span> <span class='ocrx_word' id='word_1_791' title='bbox 2256 4701 2475 4754; x_wconf 85' lang='lat' dir='ltr'><strong>virtutis</strong></span> <span class='ocrx_word' id='word_1_792' title='bbox 2541 4714 2662 4755; x_wconf 92' lang='lat' dir='ltr'><strong>sese</strong></span> <span class='ocrx_word' id='word_1_793' title='bbox 2715 4698 2864 4754; x_wconf 84' lang='lat' dir='ltr'><strong>velut</strong></span> <span class='ocrx_word' id='word_1_794' title='bbox 2926 4699 3326 4754; x_wconf 85' lang='lat' dir='ltr'><strong>ﬁrmamentum</strong></span> <span class='ocrx_word' id='word_1_795' title='bbox 3397 4702 3624 4771; x_wconf 89' lang='lat' dir='ltr'><strong>aperiat.</strong></span> 
     </span>
    </p>
   </div>
   <div class='ocr_carea' id='block_1_110' title="bbox 2056 4789 3627 4862">
    <p class='ocr_par' dir='ltr' id='par_1_110' title="bbox 2056 4789 3627 4862">
     <span class='ocr_line' id='line_1_110' title="bbox 2056 4789 3627 4862; baseline 0.002 -16"><span class='ocrx_word' id='word_1_796' title='bbox 2056 4790 2212 4846; x_wconf 91' lang='lat' dir='ltr'><strong>Unde</strong></span> <span class='ocrx_word' id='word_1_797' title='bbox 2265 4807 2388 4846; x_wconf 90' lang='lat' dir='ltr'><strong>cum</strong></span> <span class='ocrx_word' id='word_1_798' title='bbox 2440 4789 2682 4845; x_wconf 89' lang='lat' dir='ltr'><strong>Samueli</strong></span> <span class='ocrx_word' id='word_1_799' title='bbox 2733 4791 3093 4846; x_wconf 88' lang='lat' dir='ltr'><strong>mandasset:</strong></span> <span class='ocrx_word' id='word_1_800' title='bbox 3163 4789 3314 4862; x_wconf 84' lang='lat' dir='ltr'><strong>Unge</strong></span> <span class='ocrx_word' id='word_1_801' title='bbox 3373 4792 3502 4846; x_wconf 93' lang='lat' dir='ltr'><strong>Saul</strong></span> <span class='ocrx_word' id='word_1_802' title='bbox 3573 4795 3627 4849; x_wconf 94' lang='lat' dir='ltr'><strong>in</strong></span> 
     </span>
    </p>
   </div>
   <div class='ocr_carea' id='block_1_111' title="bbox 2053 4880 3628 4954">
    <p class='ocr_par' dir='ltr' id='par_1_111' title="bbox 2053 4880 3628 4954">
     <span class='ocr_line' id='line_1_111' title="bbox 2053 4880 3628 4954; baseline 0 -17"><span class='ocrx_word' id='word_1_803' title='bbox 2053 4882 2308 4954; x_wconf 65' lang='lat' dir='ltr'><strong>regem“:</strong></span> <span class='ocrx_word' id='word_1_804' title='bbox 2354 4890 2540 4952; x_wconf 88' lang='lat' dir='ltr'><strong>postea</strong></span> <span class='ocrx_word' id='word_1_805' title='bbox 2572 4891 2750 4936; x_wconf 87' lang='lat' dir='ltr'><strong>tamen</strong></span> <span class='ocrx_word' id='word_1_806' title='bbox 2783 4880 3000 4937; x_wconf 70' lang='lat' dir='ltr'><strong>Iudaeos</strong></span> <span class='ocrx_word' id='word_1_807' title='bbox 3030 4882 3308 4952; x_wconf 83' lang='lat' dir='ltr'><strong>increpat:</strong></span> <span class='ocrx_word' id='word_1_808' title='bbox 3368 4881 3628 4948; x_wconf 74' lang='lat' dir='ltr'><strong>Unxistis,</strong></span> 
     </span>
    </p>
   </div>
   <div class='ocr_carea' id='block_1_112' title="bbox 2053 4975 3630 5045">
    <p class='ocr_par' dir='ltr' id='par_1_112' title="bbox 2053 4975 3630 5045">
     <span class='ocr_line' id='line_1_112' title="bbox 2053 4975 3630 5045; baseline 0.001 -16"><span class='ocrx_word' id='word_1_809' title='bbox 2053 4975 2249 5045; x_wconf 90' lang='lat' dir='ltr'><strong>inquit,</strong></span> <span class='ocrx_word' id='word_1_810' title='bbox 2296 4991 2464 5044; x_wconf 84' lang='lat' dir='ltr'><strong>regem</strong></span> <span class='ocrx_word' id='word_1_811' title='bbox 2502 4991 2606 5027; x_wconf 88' lang='lat' dir='ltr'><strong>non</strong></span> <span class='ocrx_word' id='word_1_812' title='bbox 2639 4985 2730 5042; x_wconf 85' lang='lat' dir='ltr'><strong>per</strong></span> <span class='ocrx_word' id='word_1_813' title='bbox 2759 4991 2866 5041; x_wconf 80' lang='lat' dir='ltr'><strong>me,</strong></span> <span class='ocrx_word' id='word_1_814' title='bbox 2922 4985 2971 5029; x_wconf 88' lang='lat' dir='ltr'><strong>et</strong></span> <span class='ocrx_word' id='word_1_815' title='bbox 3000 4976 3282 5043; x_wconf 84' lang='lat' dir='ltr'><strong>principes,</strong></span> <span class='ocrx_word' id='word_1_816' title='bbox 3326 4983 3374 5029; x_wconf 90' lang='lat' dir='ltr'><strong>et</strong></span> <span class='ocrx_word' id='word_1_817' title='bbox 3404 4992 3497 5045; x_wconf 89' lang='lat' dir='ltr'><strong>ego</strong></span> <span class='ocrx_word' id='word_1_818' title='bbox 3527 4993 3630 5030; x_wconf 90' lang='lat' dir='ltr'><strong>non</strong></span> 
     </span>
    </p>
   </div>
   <div class='ocr_carea' id='block_1_113' title="bbox 2049 5065 3630 5135">
    <p class='ocr_par' dir='ltr' id='par_1_113' title="bbox 2049 5065 3630 5135">
     <span class='ocr_line' id='line_1_113' title="bbox 2049 5065 3630 5135; baseline 0.001 -15"><span class='ocrx_word' id='word_1_819' title='bbox 2049 5067 2272 5135; x_wconf 64' lang='lat' dir='ltr'><strong>praecepi</strong></span> <span class='ocrx_word' id='word_1_820' title='bbox 2299 5065 2442 5119; x_wconf 84' lang='lat' dir='ltr'><strong>vobis</strong></span> <span class='ocrx_word' id='word_1_821' title='bbox 2462 5067 2507 5121; x_wconf 71' lang='grc' dir='ltr'>θ.</span> <span class='ocrx_word' id='word_1_822' title='bbox 2541 5065 2644 5121; x_wconf 88' lang='lat' dir='ltr'><strong>Sed</strong></span> <span class='ocrx_word' id='word_1_823' title='bbox 2675 5068 2935 5135; x_wconf 86' lang='lat' dir='ltr'><strong>quoniam</strong></span> <span class='ocrx_word' id='word_1_824' title='bbox 2967 5083 3031 5121; x_wconf 82' lang='lat' dir='ltr'><strong>ex</strong></span> <span class='ocrx_word' id='word_1_825' title='bbox 3064 5069 3369 5122; x_wconf 85' lang='lat' dir='ltr'><strong>animorum</strong></span> <span class='ocrx_word' id='word_1_826' title='bbox 3406 5085 3630 5124; x_wconf 90' lang='lat' dir='ltr'><strong>suorum</strong></span> 
     </span>
    </p>
   </div>
   <div class='ocr_carea' id='block_1_114' title="bbox 2053 5157 3630 5227">
    <p class='ocr_par' dir='ltr' id='par_1_114' title="bbox 2053 5157 3630 5227">
     <span class='ocr_line' id='line_1_114' title="bbox 2053 5157 3630 5227; baseline 0.002 -13"><span class='ocrx_word' id='word_1_827' title='bbox 2053 5160 2158 5214; x_wconf 91' lang='lat' dir='ltr'><strong>hoc</strong></span> <span class='ocrx_word' id='word_1_828' title='bbox 2187 5157 2411 5213; x_wconf 88' lang='lat' dir='ltr'><strong>libidine</strong></span> <span class='ocrx_word' id='word_1_829' title='bbox 2435 5159 2791 5227; x_wconf 84' lang='lat' dir='ltr'><strong>postularant,</strong></span> <span class='ocrx_word' id='word_1_830' title='bbox 2816 5159 2958 5216; x_wconf 89' lang='lat' dir='ltr'><strong>Deus</strong></span> <span class='ocrx_word' id='word_1_831' title='bbox 2988 5159 3293 5215; x_wconf 86' lang='lat' dir='ltr'><strong>Samuelem</strong></span> <span class='ocrx_word' id='word_1_832' title='bbox 3317 5163 3630 5226; x_wconf 88' lang='lat' dir='ltr'><strong>consolans,</strong></span> 
     </span>
    </p>
   </div>
   <div class='ocr_carea' id='block_1_115' title="bbox 2059 5250 3628 5321">
    <p class='ocr_par' dir='ltr' id='par_1_115' title="bbox 2059 5250 3628 5321">
     <span class='ocr_line' id='line_1_115' title="bbox 2059 5250 3628 5321; baseline 0.003 -18"><span class='ocrx_word' id='word_1_833' title='bbox 2059 5250 2182 5306; x_wconf 87' lang='lat' dir='ltr'><strong>Non</strong></span> <span class='ocrx_word' id='word_1_834' title='bbox 2209 5259 2277 5315; x_wconf 86' lang='lat' dir='ltr'><strong>te,</strong></span> <span class='ocrx_word' id='word_1_835' title='bbox 2319 5252 2518 5321; x_wconf 88' lang='lat' dir='ltr'><strong>inquit,</strong></span> <span class='ocrx_word' id='word_1_836' title='bbox 2546 5252 2860 5321; x_wconf 82' lang='lat' dir='ltr'><strong>rejecerunt,</strong></span> <span class='ocrx_word' id='word_1_837' title='bbox 2899 5250 2988 5304; x_wconf 85' lang='lat' dir='ltr'><strong>sed</strong></span> <span class='ocrx_word' id='word_1_838' title='bbox 3023 5268 3123 5316; x_wconf 86' lang='lat' dir='ltr'><strong>me,</strong></span> <span class='ocrx_word' id='word_1_839' title='bbox 3166 5252 3300 5306; x_wconf 86' lang='lat' dir='ltr'><strong>dicit</strong></span> <span class='ocrx_word' id='word_1_840' title='bbox 3330 5252 3628 5320; x_wconf 87' lang='lat' dir='ltr'><strong>Dominus;</strong></span> 
     </span>
    </p>
   </div>
   <div class='ocr_carea' id='block_1_116' title="bbox 2056 5341 3630 5413">
    <p class='ocr_par' dir='ltr' id='par_1_116' title="bbox 2056 5341 3630 5413">
     <span class='ocr_line' id='line_1_116' title="bbox 2056 5341 3630 5413; baseline 0.002 -16"><span class='ocrx_word' id='word_1_841' title='bbox 2056 5352 2412 5397; x_wconf 88' lang='lat' dir='ltr'><strong>uerumtamen</strong></span> <span class='ocrx_word' id='word_1_842' title='bbox 2444 5356 2576 5413; x_wconf 89' lang='lat' dir='ltr'><strong>unge</strong></span> <span class='ocrx_word' id='word_1_843' title='bbox 2606 5343 2715 5397; x_wconf 85' lang='lat' dir='ltr'><strong>illis</strong></span> <span class='ocrx_word' id='word_1_844' title='bbox 2751 5341 2886 5397; x_wconf 87' lang='lat' dir='ltr'><strong>Saul</strong></span> <span class='ocrx_word' id='word_1_845' title='bbox 2914 5343 3086 5412; x_wconf 78' lang='lat' dir='ltr'><strong>filium</strong></span> <span class='ocrx_word' id='word_1_846' title='bbox 3119 5342 3208 5398; x_wconf 84' lang='lat' dir='ltr'><strong>Cis</strong></span> <span class='ocrx_word' id='word_1_847' title='bbox 3229 5345 3294 5400; x_wconf 75' lang='grc' dir='ltr'><strong>ίθ.</strong></span> <span class='ocrx_word' id='word_1_848' title='bbox 3323 5343 3438 5411; x_wconf 85' lang='lat' dir='ltr'><strong>Qua</strong></span> <span class='ocrx_word' id='word_1_849' title='bbox 3470 5345 3524 5399; x_wconf 91' lang='lat' dir='ltr'><strong>in</strong></span> <span class='ocrx_word' id='word_1_850' title='bbox 3571 5361 3630 5400; x_wconf 87' lang='lat' dir='ltr'><strong>re</strong></span> 
     </span>
    </p>
   </div>
   <div class='ocr_carea' id='block_1_117' title="bbox 2059 5430 3627 5506">
    <p class='ocr_par' dir='ltr' id='par_1_117' title="bbox 2059 5430 3627 5506">
     <span class='ocr_line' id='line_1_117' title="bbox 2059 5430 3627 5506; baseline 0.001 -18"><span class='ocrx_word' id='word_1_851' title='bbox 2059 5431 2283 5503; x_wconf 90' lang='lat' dir='ltr'><strong>perinde</strong></span> <span class='ocrx_word' id='word_1_852' title='bbox 2313 5447 2372 5485; x_wconf 89' lang='lat' dir='ltr'><strong>se</strong></span> <span class='ocrx_word' id='word_1_853' title='bbox 2401 5430 2548 5489; x_wconf 91' lang='lat' dir='ltr'><strong>Deus</strong></span> <span class='ocrx_word' id='word_1_854' title='bbox 2579 5447 2704 5502; x_wconf 82' lang='lat' dir='ltr'><strong>erga</strong></span> <span class='ocrx_word' id='word_1_855' title='bbox 2737 5433 2861 5490; x_wconf 91' lang='lat' dir='ltr'><strong>illos</strong></span> <span class='ocrx_word' id='word_1_856' title='bbox 2891 5448 2956 5487; x_wconf 88' lang='lat' dir='ltr'><strong>ac</strong></span> <span class='ocrx_word' id='word_1_857' title='bbox 2981 5435 3240 5504; x_wconf 88' lang='lat' dir='ltr'><strong>puerulos</strong></span> <span class='ocrx_word' id='word_1_858' title='bbox 3277 5437 3434 5506; x_wconf 87' lang='lat' dir='ltr'><strong>gerit,</strong></span> <span class='ocrx_word' id='word_1_859' title='bbox 3463 5447 3522 5491; x_wconf 91' lang='lat' dir='ltr'><strong>ut</strong></span> <span class='ocrx_word' id='word_1_860' title='bbox 3550 5438 3627 5490; x_wconf 88' lang='lat' dir='ltr'><strong>in-</strong></span> 
     </span>
    </p>
   </div>
   <div class='ocr_carea' id='block_1_118' title="bbox 2057 5524 3628 5600">
    <p class='ocr_par' dir='ltr' id='par_1_118' title="bbox 2057 5524 3628 5600">
     <span class='ocr_line' id='line_1_118' title="bbox 2057 5524 3628 5600; baseline 0.002 -20"><span class='ocrx_word' id='word_1_861' title='bbox 2057 5525 2341 5580; x_wconf 68' lang='lat' dir='ltr'><strong>ﬁrmorum</strong></span> <span class='ocrx_word' id='word_1_862' title='bbox 2375 5524 2802 5582; x_wconf 87' lang='lat' dir='ltr'><strong>imbecillitatem</strong></span> <span class='ocrx_word' id='word_1_863' title='bbox 2833 5525 3124 5594; x_wconf 89' lang='lat' dir='ltr'><strong>sustineat,</strong></span> <span class='ocrx_word' id='word_1_864' title='bbox 3165 5541 3228 5581; x_wconf 89' lang='lat' dir='ltr'><strong>ac</strong></span> <span class='ocrx_word' id='word_1_865' title='bbox 3259 5530 3339 5584; x_wconf 91' lang='lat' dir='ltr'><strong>sic</strong></span> <span class='ocrx_word' id='word_1_866' title='bbox 3371 5537 3628 5600; x_wconf 84' lang='lat' dir='ltr'><strong>tanquam</strong></span> 
     </span>
    </p>
   </div>
   <div class='ocr_carea' id='block_1_119' title="bbox 2504 5735 3611 5800">
    <p class='ocr_par' dir='ltr' id='par_1_119' title="bbox 2504 5735 3611 5800">
     <span class='ocr_line' id='line_1_119' title="bbox 2504 5735 3611 5800; baseline 0.007 -13"><span class='ocrx_word' id='word_1_867' title='bbox 2504 5735 2523 5768; x_wconf 79' lang='grc'><strong>⁸</strong></span> <span class='ocrx_word' id='word_1_868' title='bbox 2575 5735 2742 5791; x_wconf 84' lang='lat' dir='ltr'><strong>Amos</strong></span> <span class='ocrx_word' id='word_1_869' title='bbox 2837 5753 2891 5800; x_wconf 79' lang='grc' dir='ltr'><strong>ν,</strong></span> <span class='ocrx_word' id='word_1_870' title='bbox 2959 5737 3048 5791; x_wconf 73' lang='grc'><strong>25.</strong></span> <span class='ocrx_word' id='word_1_871' title='bbox 3156 5740 3176 5770; x_wconf 79' lang='grc'><strong><em>⁸</em></strong></span> <span class='ocrx_word' id='word_1_872' title='bbox 3229 5737 3341 5793; x_wconf 79' lang='lat' dir='ltr'><strong>Jer.</strong></span> <span class='ocrx_word' id='word_1_873' title='bbox 3406 5756 3480 5798; x_wconf 86' lang='grc' dir='ltr'><strong>νι.</strong></span> <span class='ocrx_word' id='word_1_874' title='bbox 3539 5742 3611 5796; x_wconf 77' lang='lat'><strong>‘20</strong></span> 
     </span>
    </p>
   </div>
   <div class='ocr_carea' id='block_1_120' title="bbox 389 5793 3605 5882">
    <p class='ocr_par' dir='ltr' id='par_1_120' title="bbox 389 5793 3605 5882">
     <span class='ocr_line' id='line_1_120' title="bbox 389 5793 3605 5882; baseline 0.006 -33"><span class='ocrx_word' id='word_1_875' title='bbox 389 5795 410 5826; x_wconf 80' lang='lat'><strong><em>°</em></strong></span> <span class='ocrx_word' id='word_1_876' title='bbox 436 5793 581 5850; x_wconf 84' lang='lat' dir='ltr'><strong>Psal.</strong></span> <span class='ocrx_word' id='word_1_877' title='bbox 616 5811 768 5862; x_wconf 73' lang='lat' dir='ltr'><strong>xm,</strong></span> <span class='ocrx_word' id='word_1_878' title='bbox 808 5795 894 5856; x_wconf 67' lang='lat'><strong>1,5.</strong></span> <span class='ocrx_word' id='word_1_879' title='bbox 972 5798 990 5828; x_wconf 92' lang='lat'><strong>&quot;</strong></span> <span class='ocrx_word' id='word_1_880' title='bbox 1026 5798 1191 5851; x_wconf 84' lang='lat' dir='ltr'><strong>Amos</strong></span> <span class='ocrx_word' id='word_1_881' title='bbox 1219 5814 1268 5864; x_wconf 93' lang='lat' dir='ltr'><strong>v,</strong></span> <span class='ocrx_word' id='word_1_882' title='bbox 1308 5797 1412 5867; x_wconf 75' lang='lat'><strong>25;</strong></span> <span class='ocrx_word' id='word_1_883' title='bbox 1450 5797 1551 5854; x_wconf 89' lang='lat' dir='ltr'><strong>lsa.</strong></span> <span class='ocrx_word' id='word_1_884' title='bbox 1608 5816 1646 5867; x_wconf 83' lang='grc' dir='ltr'><strong>ι,</strong></span> <span class='ocrx_word' id='word_1_885' title='bbox 1696 5800 1760 5852; x_wconf 75' lang='lat'><strong>1&#39;2</strong></span> <span class='ocrx_word' id='word_1_886' title='bbox 1788 5814 1906 5871; x_wconf 82' lang='lat' dir='ltr'><strong>sqq.</strong></span> <span class='ocrx_word' id='word_1_887' title='bbox 1983 5803 2201 5874; x_wconf 70' lang='lat' dir='ltr'><strong>&#39;chg.</strong></span> <span class='ocrx_word' id='word_1_888' title='bbox 2247 5793 2324 5872; x_wconf 73' lang='lat' dir='ltr'><strong>ts,</strong></span> <span class='ocrx_word' id='word_1_889' title='bbox 2361 5804 2447 5860; x_wconf 79' lang='lat' dir='ltr'><strong>l6.</strong></span> <span class='ocrx_word' id='word_1_890' title='bbox 2524 5806 2544 5838; x_wconf 71' lang='grc' dir='ltr'><strong>θ</strong></span> <span class='ocrx_word' id='word_1_891' title='bbox 2577 5804 2705 5860; x_wconf 90' lang='lat' dir='ltr'><strong>Ose.</strong></span> <span class='ocrx_word' id='word_1_892' title='bbox 2748 5793 2944 5872; x_wconf 49' lang='lat'><strong>&quot;11,1.</strong></span> <span class='ocrx_word' id='word_1_893' title='bbox 3023 5809 3065 5840; x_wconf 81' lang='grc'><strong>¹⁰</strong></span> <span class='ocrx_word' id='word_1_894' title='bbox 3105 5807 3283 5882; x_wconf 82' lang='lat' dir='ltr'><strong>lReg.</strong></span> <span class='ocrx_word' id='word_1_895' title='bbox 3319 5793 3605 5882; x_wconf 65' lang='lat' dir='ltr'><strong>t’itt,7sqq</strong></span> 
     </span>
    </p>
   </div>
  </div>
