4076 6392
386 429 488 483 H3

1796 433 1852 488 S.
1890 427 2227 485 EPIPHANII

3527 435 3550 488 1
3567 436 3631 491 M

385 544 647 600 infantem
678 545 732 599 in
763 546 850 602 illa
875 562 970 601 sua
998 549 1360 603 teneritudine
1381 550 1732 620 permulceat.
1761 550 1956 605 Postea

2071 540 2591 616 γυντετριμμένον·
2656 544 2908 613 καρδίαν
2964 547 3477 616 συντετριμμένην
3533 550 3632 602 καὶ

387 652 534 699 vero,
561 637 704 706 quod
748 653 1018 692 summum
1054 655 1116 694 ac
1149 640 1608 710 perfectissimum
1639 650 1723 696 est
1753 657 1953 712 propo-

384 731 506 786 nit:
571 731 912 801 Sacriﬁcium
965 731 1072 786 Deo
1125 733 1339 801 spiritus
1390 732 1807 793 contribulatus;
1861 749 1954 785 cor

383 826 664 876 contritum
688 833 734 875 et
766 822 1100 874 humiliatum
1132 821 1264 875 Deus
1295 840 1397 876 non
1429 822 1673 891 despiciet
1702 824 1740 878 ¹.
1790 820 1954 876 Item:

2061 639 2571 708 τεταπεινωμένην
2613 641 2645 691 ό
2693 638 2836 704 Θεὸς
2875 641 2988 694 οὐκ
3039 636 3435 703 ἐξουδενώσει
3457 657 3469 669 ·
3513 640 3633 704 καὶ,

2063 734 2296 786 Θύσατε
2329 729 2408 796 τῷ
2453 729 2574 795 Θεῴ
2610 731 2832 784 θυσίαν
2873 730 3194 800 αἰνέσεως·
3237 732 3333 785 καὶ
3376 733 3479 786 ὅσα
3517 733 3632 786 ἔστι

2062 825 2190 896 περὶ
2217 825 2404 878 τούτου
2440 825 2640 892 λέγειν.

383 912 669 966 Immotate
704 913 813 966 Deo
849 914 1170 981 sacriﬁcium
1203 913 1376 967 laudis
1401 915 1420 944 ²
1462 933 1476 968 :
1515 921 1570 967 et
1615 929 1952 984 quaecunque
1992 914 2096 968 alia
2131 915 2198 969 de
2225 931 2286 970 ea
2323 931 2384 970 re
2414 924 2647 986 possunt
2677 915 2880 972 afferri.

455 1005 662 1059 LXXll.
703 1005 903 1059 Deinde
962 1009 1044 1060 vel
1079 1005 1264 1061 Manes
1292 1006 1407 1076 ipse
1439 1008 1750 1068 contitetur,
1784 1004 1954 1060 Deum

2130 1007 2247 1064 OB'.
2291 1003 2425 1062 Εἶτά
2462 1026 2626 1080 φησιν
2671 1011 2700 1062 6
2744 1008 2906 1073 αὐτὸς
2940 1008 3130 1080 Μάνης
3155 1027 3167 1038 ·
3216 1009 3475 1082 Ἠθέλησε
3509 1017 3637 1084 περὶ

385 1098 534 1152 illum
556 1097 624 1152 de
646 1097 863 1151 Christo
886 1099 1214 1153 mentionem
1245 1098 1423 1154 facere
1444 1099 1701 1154 voluisse.
1725 1100 1956 1169 Magnus

2071 1100 2297 1172 Χριστοῦ
2325 1101 2482 1169 λόγον
2502 1100 2782 1156 ἐκθέσθαι.
2821 1102 2878 1154 '0
2900 1099 3140 1172 λαλήσας
3171 1101 3278 1173 γὰρ
3305 1103 3363 1156 ὲν
3387 1103 3466 1175 τῷ
3489 1105 3636 1175 νόμῳ

385 1193 530 1246 enim
560 1205 747 1246 revera
783 1190 872 1245 ille
911 1190 1035 1254 fuit,
1085 1191 1178 1261 qui
1221 1191 1276 1245 in
1313 1191 1428 1262 lege
1475 1191 1692 1246 locutus
1724 1200 1830 1253 est,
1863 1191 1956 1261 qui

2064 1193 2234 1263 μέγας
2266 1192 2502 1264 ἀληθῶς,
2535 1195 2563 1247 6
2591 1191 2882 1264 ἐκθέμενος
2908 1193 3001 1245 καὶ
3035 1192 3168 1264 περὶ
3195 1192 3302 1245 τῶν
3324 1193 3636 1263 ’μελλόντων

385 1281 574 1337 futura
605 1291 730 1336 ante
765 1281 1009 1350 pracvidit
1069 1296 1133 1336 ac
1174 1281 1442 1350 praedixit.
1501 1281 1637 1334 Nam
1685 1281 1728 1334 si
1775 1280 1957 1335 futura

2071 1285 2364 1353 γινώσκων.
2416 1287 2479 1339 El
2517 1285 2626 1357 γὰρ
2663 1280 2770 1339 οἶδε
2808 1286 2878 1339 τὰ
2926 1286 3209 1356 μέλλοντα,
3258 1287 3359 1340 οὐκ
3409 1286 3635 1359 ἄμοιρός

385 1376 575 1440 novit,
619 1375 781 1446 693
810 1374 1166 1444 praascientia‘.
1201 1389 1396 1445 expers
1431 1389 1540 1428 non
1579 1373 1702 1437 fuit,
1747 1374 1960 1442 eritque

386 1469 555 1527 Deus.
582 1467 676 1536 qui
703 1467 1010 1520 futurorum
1035 1464 1348 1536 cognitione
1377 1464 1633 1536 praeditus
1649 1471 1750 1519 est.
1786 1461 1958 1517 Porro

387 1561 511 1616 ideo
542 1560 632 1614 illa
666 1559 911 1628 scripsit.
960 1566 1018 1612 ut
1063 1555 1357 1627 aliquando
1392 1558 1804 1627 contingerent:
1838 1570 1958 1625 qua'

388 1658 436 1711 si
478 1655 752 1709 contraria
788 1652 889 1722 ipsi
923 1651 1128 1714 forent,
1177 1651 1257 1706 sic
1287 1650 1356 1704 de
1385 1651 1492 1705 illis
1537 1649 1702 1704 scribi
1757 1648 1962 1703 voluis-

389 1755 494 1812 set,
528 1755 585 1800 ut
610 1752 877 1799 everteret
904 1759 968 1797 ac
996 1743 1325 1805 destrueret,
1359 1758 1428 1797 ne
1453 1742 1772 1812 persuaderi
1803 1740 1960 1795 nobis

391 1847 636 1911 possent.
695 1836 850 1891 Nunc
909 1851 1032 1890 cum
1087 1849 1150 1890 ea
1188 1829 1532 1890 com’mendet
1572 1835 1688 1903 ipsa
1735 1848 1858 1902 qua:
1903 1833 1960 1886 in

2062 1378 2178 1431 ἐστι
2205 1377 2586 1450 προγνώσεως,
2605 1377 2740 1432 ἀλλὰ
2766 1377 2900 1440 Θεός
2928 1381 3044 1431 ἐστι
3073 1378 3143 1432 τὰ
3171 1378 3433 1448 μέλλοντα
3456 1379 3634 1442 εἰδώς.

2066 1471 2312 1542 Ἔγραψε
2345 1472 2402 1526 δὲ
2425 1471 2597 1538 αὐτὰ,
2635 1471 2720 1524 ἵνα
2750 1471 2995 1540 γένηται.
3035 1470 3187 1524 Είδὲ
3231 1471 3449 1526 ὲναντία
3490 1471 3639 1542 αὐτῷ

2065 1564 2338 1635 ὑπῆρχεν,
2368 1563 2574 1634 ἔγραφε
2625 1563 2742 1634 μὲν
2768 1564 2897 1634 περὶ
2945 1564 3142 1628 αὐτῶν,
3187 1562 3342 1616 ἔλυσε
3389 1564 3448 1617 δὲ
3476 1565 3637 1626 αὐτὰ,

2065 1655 2150 1708 ἵνα
2190 1658 2263 1727 μὴ
2297 1657 2481 1720 αὐτοῖς
2529 1655 2860 1726 πεισθῶμεν.
2923 1657 3112 1710 Ὁπότε
3147 1656 3204 1709 δὲ
3259 1654 3538 1726 συνίστησι
3571 1657 3639 1708 τὰ

2068 1747 2328 1818 μέλλοντα
2358 1752 2436 1812 εἰς
2467 1749 2698 1821 Χριστὸν
2729 1747 3084 1813 τελειοῦσθαι,
3127 1748 3260 1802 αὐτὸ
3300 1748 3409 1818 ἄρα
3434 1747 3551 1800 ἐστὶ
3579 1749 3641 1801 τὺ

2067 1840 2290 1911 Πνεῦμα
2319 1841 2380 1894 τὸ
2406 1841 2643 1912 λαλῆσαν
2677 1844 2734 1895 ἐν
2762 1843 2931 1913 νόμῳ,
2964 1843 3058 1896 καὶ
3089 1843 3147 1896 ὲν
3184 1842 3518 1912 προφήταις,
3546 1840 3640 1894 καὶ

389 1933 612 1987 Christo
641 1927 970 2000 perﬁcienda
993 1935 1170 1994 erant,
1188 1940 1299 1980 non
1328 1925 1550 1980 dubium
1576 1934 1679 1990 est,
1711 1924 1964 1979 eumdem

2071 1935 2125 1987 ὲν
2163 1933 2481 2004 Εὑαγγελίῳ
2502 1951 2515 1964 ο
2561 1935 2659 2005 μία
2694 1935 2802 2006 γάρ
2835 1935 2980 1988 ἐστιν
3025 1934 3059 2004 ή
3099 1933 3423 2004 συμφωνία,
3453 1932 3530 1995 ὡς
3554 1932 3642 1986 διὰ

391 2030 546 2084 illum
573 2041 695 2082 esse
720 2024 984 2095 Spiritum
1017 2021 1184 2092 quiin
1206 2022 1341 2092 lege,
1376 2037 1438 2074 ac
1463 2021 1764 2091 prophetis,
1788 2019 1965 2072 Evan-

391 2119 640 2190 gelioque
687 2114 822 2170 adeo
868 2116 940 2168 sit
986 2113 1226 2177 locutus,
1259 2110 1698 2182 quandoquidem
1746 2125 1853 2164 una
1881 2116 1966 2166 est

391 2209 636 2263 omnium
666 2204 979 2261 concordia.
1013 2202 1168 2269 Quod
1201 2217 1230 2255 a
1262 2199 1443 2271 Moyse
1471 2215 1690 2270 quoque
1718 2198 1960 2253 declam-

393 2313 506 2357 tum
533 2312 618 2357 est
645 2319 659 2355 :
694 2299 1032 2366 Prophetam,
1063 2295 1161 2359 ait,
1185 2310 1212 2348 e
1235 2293 1492 2362 fratribus
1522 2293 1707 2346 vestris
1734 2292 1965 2345 suscita-

393 2396 466 2449 bit
494 2394 750 2447 Dominus
769 2393 808 2444 ³.
843 2389 954 2443 lmo
972 2395 1026 2444 et
1046 2385 1311 2441 Dominus
1329 2385 1445 2456 ipse
1465 2400 1477 2434 :
1515 2383 1741 2454 Moyses,
1766 2382 1963 2453 inquit,

392 2489 456 2542 de
500 2504 580 2542 me
626 2483 900 2555 scripsit‘.
952 2481 1056 2547 Qui
1103 2478 1322 2549 quidem
1375 2475 1590 2546 Moyses
1637 2476 1710 2529 ita
1760 2475 1961 2544 pergit:

396 2580 580 2636 Omnis
615 2578 793 2632 anima
813 2590 928 2644 qua
961 2589 1063 2626 non
1085 2569 1315 2624 audierit
1341 2567 1646 2636 praphetam
1669 2567 1842 2632 illum,
1874 2580 1966 2620 ea:-

397 2669 768 2727 terminabitur
785 2669 828 2719 ⁵.
859 2668 992 2719 ltem
1017 2663 1314 2718 Dominus:
1346 2660 1405 2716 Si
1428 2659 1630 2730 Moysi:
1650 2659 1841 2712 litteris
1865 2675 1968 2712 nou

395 2760 651 2824 creditis,
718 2755 976 2827 quomodo
1029 2769 1294 2806 sermones
1343 2768 1484 2806 meos
1530 2750 1756 2805 audietis
1796 2750 1857 2804 "i
1889 2749 1968 2805 Ita

393 2851 600 2905 veritas
632 2848 781 2903 omni
816 2863 881 2902 ex
937 2853 1088 2916 parte
1132 2843 1414 2915 splendida
1457 2857 1520 2897 ac
1587 2856 1740 2913 rugae
1772 2856 1968 2910 expers

396 2948 640 3014 apparet.

465 3029 701 3086 LXXIII.
751 3029 964 3085 Atenim
1006 3026 1338 3082 Manichacus
1367 3024 1776 3081 Testamentum
1837 3024 1970 3097 legis

395 3125 590 3180 mortis
621 3137 746 3178 esse
781 3127 1168 3176 testamentum
1219 3118 1448 3186 asserit,
1479 3117 1626 3188 quod
1673 3117 1969 3186 Apostolus

396 3215 631 3271 uixerit:
669 3213 822 3280 Quod
872 3213 919 3266 si
951 3219 1321 3266 testamentum
1367 3210 1552 3264 mortis
1595 3208 1860 3263 intitteris
1887 3211 1970 3261 in—

2065 2025 2344 2088 Μωῦσέως
2383 2025 2528 2094 λέγει
2548 2043 2561 2056 ·
2595 2025 2915 2094 Προφήτην
2940 2024 3082 2094 ὑμῖν
3103 2025 3172 2078 ἐκ
3215 2025 3336 2079 τῶν
3361 2022 3642 2094 ἀδελφῶν

2064 2113 2232 2184 ὑμῶν
2267 2115 2459 2184 ἐγερεῖ
2499 2117 2734 2182 Κύριος.
2787 2117 2898 2169 Kal.
2941 2116 3104 2169 πάλιν
3140 2118 3169 2169 6
3223 2115 3427 2186 Κύριος
3463 2114 3637 2183 λέγει·

2065 2203 2327 2272 Μωῢσῆς
2361 2207 2492 2273 περὶ
2520 2207 2666 2276 ἐμοῦ
2705 2205 2988 2276 ἔγραψεν.
3038 2207 3096 2260 Ὁ
3117 2207 3173 2261 δὲ
3196 2207 3436 2277 Μωῦσῆς
3476 2223 3638 2276 φησι·

2066 2296 2241 2351 Πᾶσα
2261 2297 2454 2367 ψυχὴ,
2498 2298 2629 2366 ἥτις
2662 2301 2771 2352 οὐκ
2812 2299 3133 2353 ἀκούσεται
3186 2298 3292 2352 τοῦ
3335 2298 3643 2368 προφήτου

2064 2388 2324 2452 ἐκείνου,
2363 2389 2934 2458 ἐξολοθρευθήσεται
2956 2408 2968 2421 ·
3020 2391 3116 2443 καὶ¹
3143 2390 3304 2446 πάλιν
3331 2393 3360 2444 6
3395 2391 3600 2463 Κύριος
3626 2407 3639 2419 ⁸

2068 2481 2138 2532 Ei
2166 2479 2290 2546 τοῖς
2317 2481 2612 2546 Μωυσέως
2646 2480 2986 2551 γράμμασιν
3025 2485 3097 2537 οὺ
3133 2484 3477 2548 πιστεύετε,
3516 2481 3643 2548 πῶς

2069 2567 2147 2622 ἂν
2179 2569 2319 2635 τοὺς
2354 2571 2534 2639 ἐμοὺς
2565 2572 2785 2641 λόγους
2809 2574 3135 2638 ἁκούσετε;
3164 2575 3275 2627 Καὶ
3304 2573 3644 2645 πανταχόθεν

2070 2661 2321 2728 φαίνεται
2349 2662 2625 2734 ὴάλήθεια
2659 2666 2890 2736 φωτεινή
2921 2682 3005 2729 τις
3033 2660 3190 2732 οὖσα,
3224 2665 3318 2719 καὶ
3346 2664 3421 2737 μή
3445 2664 3643 2736 ἔχουσα

2072 2755 2278 2825 ῥυτίδα.

2141 3008 2258 3063 Ol".
2296 3009 2536 3064 Θανάτου
2577 3011 2634 3064 δὲ
2659 3010 2820 3066 πάλιν
2855 3009 3094 3082 ὁρίζεται
3129 3013 3228 3083 τὴν
3248 3013 3518 3084 Διαθήκην
3549 2995 3644 3066 τοῦ

2071 3099 2258 3171 νόμου,
2290 3100 2376 3154 διὰ
2407 3102 2469 3154 τὸ
2505 3102 2784 3174 εἰρηκέναι
2812 3102 2902 3155 τὸν
2945 3103 3265 3158 Ἀπόστολον
3285 3121 3297 3133 °
3334 3108 3403 3159 El
3431 3105 3500 3158 δὲ
3521 3105 3644 3160 δια⁸

2074 3191 2227 3261 θήκη
2257 3192 2365 3247 τοῦ
2403 3192 2660 3247 θανάτου
2697 3195 2768 3248 ἐν
2797 3195 3152 3265 γράμμασιν,
3191 3197 3644 3268 ἐντετυπωμένη

396 3272 964 3376 sculptuurtapidibus
991 3341 1006 3364 ,
1045 3302 1334 3372 gloriosum
1370 3300 1473 3370 fuit
1507 3301 1547 3353 ⁷.
1581 3299 1691 3354 Nec
1723 3314 1806 3353 -eo
1837 3313 1965 3353 con.

2071 3287 2280 3351 λίθοις,
2310 3284 2563 3355 ἐγενήθη
2587 3287 2656 3340 ἐν
2693 3287 2862 3356 δόξῃ.
2895 3288 3005 3341 Καὶ
3027 3289 3086 3341 οὐ
3120 3289 3278 3359 μόνον
3306 3290 3465 3342 τοῦτο
3495 3285 3648 3344 εἶπεν

394 3401 544 3446 tenta
581 3389 865 3461 Scriptura
892 3429 906 3452 ,
948 3389 1080 3444 illud
1127 3391 1348 3458 insuper
1393 3387 1624 3459 adjecit:
1663 3385 1775 3441 Lex
1825 3389 1970 3456 justo

397 3501 500 3537 non
527 3483 807 3562 est.,,posita
836 3522 850 3545 ,
885 3481 975 3534 sed
1003 3482 1302 3549 patricidis,
1329 3495 1376 3535 et
1404 3480 1698 3534 matricidis
1717 3519 1732 3543 ,
1774 3489 1822 3533 et
1852 3496 1972 3549 per-

394 3577 530 3643 iuris
558 3614 573 3638 ,
599 3571 656 3635 et
691 3576 738 3627 si
761 3575 887 3644 quid
921 3573 1068 3627 aliud
1108 3573 1436 3628 contrarium
1473 3582 1549 3627 est
1581 3589 1726 3626 sana:
1773 3572 1973 3626 doctri-

329 3672 335 3678 '
397 3681 479 3717 ua’
511 3651 720 3720 “.Cum
765 3664 932 3734 igitur
985 3664 1070 3717 lex
1120 3662 1271 3731 justo
1312 3663 1485 3732 posita
1539 3677 1647 3716 non
1705 3661 1810 3725 sit,
1842 3677 1973 3714 num

397 3756 696 3810 sceleratus
735 3764 898 3824 atque
929 3756 1086 3809 exlex
1115 3753 1380 3809 dicendus
1406 3754 1528 3810 est?
1573 3753 1791 3808 Minime
1823 3769 1969 3808 vero.

401 3842 508 3898 Sed
537 3843 795 3913 quoniam
819 3843 1001 3912 justus
1034 3858 1154 3912 quae
1181 3843 1296 3913 lege
1337 3844 1651 3912 praescripta
1685 3851 1845 3911 sunt,
1894 3841 1976 3896 fa-

397 3952 522 3991 cere
571 3935 894 4002 antevertit,
924 3935 1189 3990 adversus
1220 3935 1366 3989 hunc
1421 3950 1530 3990 non
1569 3943 1652 3992 est
1677 3925 1975 3990 constituta

398 4029 502 4094 lex,
532 4027 624 4098 qui
653 4027 822 4097 legem
854 4026 1201 4091 observavit;
1231 4026 1326 4081 sed
1363 4025 1626 4081 adversus
1650 4041 1746 4082 eos
1781 4025 1974 4081 decer-

396 4120 546 4175 nitur
578 4157 592 4181 ,
647 4119 743 4188 qui
801 4104 1026 4175 sceleris
1060 4118 1266 4190 aliquid
1313 4119 1734 4183 commiserint,
1780 4118 1849 4173 ad
1879 4107 1974 4175 eos

396 4211 721 4282 iudicandos
750 4251 764 4276 ,
799 4211 892 4281 qui
951 4218 1143 4266 contra
1195 4211 1366 4282 legem
1407 4211 1766 4281 peccaverint.
1799 4211 1976 4280 Atque

396 4303 500 4358 hoc
532 4303 691 4357 modo
724 4318 840 4358 sese
858 4301 1260 4358 Testamentum
1293 4300 1461 4358 Vetus
1494 4302 1718 4357 habuit:
1753 4301 1898 4373 quod
1921 4307 1975 4356 e't

397 4394 728 4450 homicidam
761 4395 1036 4461 interﬁci,
1071 4404 1125 4450 et
1178 4395 1481 4450 adulterum
1521 4393 1748 4465 perinde
1801 4402 1977 4448 morte

2074 3378 2107 3448 ἡ
2143 3377 2260 3430 θεία
2296 3377 2334 3429 Γ
2342 3377 2486 3450 ραφὴ
2509 3419 2523 3443 ,
2573 3377 2687 3432 ἀλλ’
2730 3379 2833 3444 ὅτι,
2862 3379 2925 3432 '0
2962 3382 3146 3449 νόμος
3184 3379 3391 3448 δικαίῳ
3423 3383 3494 3435 οὐ
3526 3380 3646 3434 κεῖ-

2073 3485 2166 3521 ται
2187 3509 2198 3530 ,
2254 3469 2416 3523 ἀλλὰ
2461 3471 2843 3538 πατραλοίαις
2867 3511 2880 3535 ,
2933 3471 3031 3524 καὶ
3075 3473 3461 3540 μητρολοίαις
3485 3513 3499 3536 ,
3547 3474 3647 3527 καὶ

2072 3560 2371 3628 ἐπιόρκοις
2390 3603 2403 3626 ,
2440 3562 2538 3615 καὶ
2562 3562 2618 3616 εἴ
2635 3571 2696 3615 ’τι
2725 3565 3043 3617 ἀντίκειται
3068 3562 3143 3630 τῇ
3175 3566 3531 3634 ὑγιαινούσῃ
3563 3564 3651 3616 δι-

2073 3651 2395 3720 δασκαλίᾳ.
2467 3655 2611 3708 Ἐπεὶ
2663 3651 2755 3708 οῦν
2804 3656 2832 3706 6
2883 3655 3045 3725 νόμος
3090 3657 3284 3727 δικαίῳ
3333 3657 3392 3709 οὐ
3448 3661 3647 3720 κεῖται,

2076 3747 2391 3816 παράνομος
2420 3742 2528 3818 ἆρά
2566 3748 2713 3800 ἐστιν
2758 3747 2786 3799 ὁ
2814 3747 3053 3812 δίκαιος;
3084 3747 3175 3818 Μὴ
3208 3747 3418 3816 γένοιτο
3451 3751 3463 3801 l
3509 3749 3648 3802 Ἀλλ’

2075 3838 2260 3910 ἐπειδὴ
2294 3839 2592 3912 προέλαϐεν
2618 3843 2646 3894 6
2671 3841 2874 3903 δίκαιος
2893 3840 2962 3894 τὰ
2982 3843 3073 3895 τοῦ
3101 3841 3265 3910 νόμου
3285 3841 3517 3902 τελέσαι.
3549 3843 3650 3896 οὐκ

2075 3929 2190 3983 ἔστι
2217 3930 2379 4002 νόμος
2409 3933 2548 3986 κατὰ
2569 3933 2773 3987 δικαίου
2804 3935 2897 3988 τοῦ
2929 3938 3291 4006 πεποιηκότος
3323 3939 3414 3993 τὸν
3450 3941 3613 4012 νόμον
3634 3960 3645 3972 ·

2075 4015 2260 4102 xei-dt.
2299 4023 2355 4076 δὲ
2398 4024 2536 4077 κατὰ
2569 4024 2674 4077 τῶν
2701 4027 3090 4096 ήνομηκότων,
3123 4029 3357 4094 δικάζων
3388 4033 3514 4095 τοὺς
3547 4050 3650 4086 πα-

2077 4116 2509 4198 ρανομήσαντας.
2559 4116 2744 4181 Οὕτως
2792 4115 2884 4172 οὖν
2928 4123 2960 4190 ὴ
3001 4119 3264 4197 Διαθήκη,
3317 4124 3509 4194 Ἔλεγε
3543 4125 3649 4197 γὰρ
3690 4141 3694 4144 ‘

2074 4207 2164 4259 τὸν
2191 4209 2357 4276 φονέα
2382 4208 2720 4277 φονεύεσθαι,
2755 4211 2848 4262 καὶ
2876 4213 2967 4264 τὸν
3000 4213 3184 4284 μοιχὸν
3211 4216 3648 4280 ἁποκτείνεσθαι,

2075 4301 2170 4353 καὶ
2203 4293 2294 4354 τὸν
2344 4303 2807 4380 παρανομήσαντα
2845 4303 3255 4361 λιθοὸολεῖσθαι.
3310 4310 3554 4376 Ἐγένετο
3593 4311 3650 4364 δὲ

2074 4391 2133 4445 ὲν
2176 4392 2322 4463 δόξῃ.
2359 4391 2580 4464 Μεγάλη
2633 4393 2740 4464 γὰρ
2775 4396 3050 4468 ὲγένετοή
3103 4398 3308 4469 ταύτης
3338 4401 3484 4467 δόξα.
3533 4403 3651 4454 Πε-
3737 4454 3747 4462 ,

397 4489 669 4550 damnari.
705 4503 768 4542 ac
790 4488 924 4559 legis
957 4487 1276 4543 violatorem
1305 4486 1576 4557 lapidibus
1621 4486 1781 4541 obrui
1834 4500 1968 4556 pra:-

2078 4483 2403 4555 ριεκράτησε
2433 4486 2539 4558 γὰρ
2573 4486 2670 4557 τῆς
2715 4486 2871 4556 δόξης
2914 4488 3023 4540 τῶν
3067 4489 3369 4561 ἀνθρώπων
3412 4493 3521 4545 ἀπὸ
3552 4495 3652 4563 τῆς

395 4591 635 4653 ceperat.
658 4581 799 4636 Idem
832 4595 995 4650 porro
1025 4579 1368 4651 splendorem
1413 4595 1476 4634 ac
1502 4579 1732 4650 gloriam
1762 4578 1968 4643 habuit,

2078 4577 2214 4660 πρὸς
2246 4575 2507 4647 ἀλλήλους
2536 4578 2748 4642 ἀδικίας
2769 4619 2782 4642 ,
2819 4582 2877 4630 ὲν
2912 4581 3046 4648 φωτὶ
3080 4580 3269 4634 στύλου
3315 4582 3426 4653 πῦρ
3451 4601 3653 4637 τυπου-

395 4686 449 4729 et
493 4675 710 4745 quidem
768 4688 876 4727 non
931 4672 1278 4727 mediocrem.
1333 4669 1573 4725 Gloriam
1626 4672 1771 4725 enim
1833 4669 1968 4724 inter

2081 4669 2215 4739 μένη
2235 4709 2249 4730 ,
2281 4671 2337 4724 ἐν
2380 4669 2632 4738 σάλπιγξι
2665 4669 2922 4742 φοϐεραῖς
2959 4671 3218 4741 ήχούσαις
3267 4673 3431 4742 μέγα,
3467 4675 3561 4728 καὶ
3592 4676 3652 4728 ὲν

399 4765 646 4819 homines
708 4764 780 4819 ob
833 4769 1050 4818 mutuas
1103 4762 1318 4818 illorum
1368 4762 1598 4831 injurias
1653 4763 1968 4831 promeruit.

2079 4763 2249 4831 σκηνῇ
2278 4758 2373 4812 τοῦ
2408 4761 2706 4832 μαρτυρίου
2728 4801 2741 4823 ,
2777 4763 2871 4814 καὶ
2903 4763 2962 4814 ὲν
2991 4763 3198 4834 μεγάλῃ
3237 4763 3358 4816 τότε
3384 4765 3651 4835 γενομένῃ

397 4857 554 4925 Quod
608 4857 764 4927 ignea
807 4857 865 4909 in
894 4855 1147 4910 columna
1187 4854 1486 4918 traditum,
1534 4862 1588 4908 et
1621 4853 1968 4908 informatum

2076 4853 2222 4927 δόξῃ.
2257 4853 2403 4906 Ἔδει
2429 4853 2537 4926 γὰρ
2575 4856 2836 4925 προάγειν
2869 4855 2968 4924 τὴν
2994 4854 3256 4926 διαθήκην
3280 4856 3372 4908 τοῦ
3397 4856 3650 4922 θανάτου,

398 4959 520 5016 est,
556 4947 701 5001 tubis
753 4946 1046 5000 vehemens
1077 4943 1334 5014 quiddam
1387 4943 1828 5014 horrendquue
1851 4959 1975 5015 per-

398 5038 799 5110 strepentibus;
834 5037 889 5090 in
920 5035 1275 5090 tabernaculo
1305 5035 1624 5100 testimonii,
1655 5037 1975 5106 reliquaque

397 5131 544 5186 omni
563 5129 732 5201 gloria
757 5168 770 5192 ,
812 5144 933 5198 quae
959 5127 1233 5198 praecipua
1269 5134 1385 5180 tum
1423 5127 1649 5181 exstitit.
1677 5125 2002 5196 Oportebat,

396 5222 539 5277 enim
584 5222 778 5292 praeire
805 5227 1190 5276 testamentum
1214 5220 1407 5274 mortis
1430 5257 1445 5284 ,
1479 5227 1539 5274 ut
1573 5235 1695 5274 cum
1747 5220 1974 5288 peccatis

396 5330 622 5369 essemus
661 5314 894 5377 mortui,
937 5313 1167 5382 justitia:
1215 5313 1498 5366 viveremus
1543 5313 1582 5362 ³.
1619 5310 1738 5377 Qua
1760 5312 1975 5368 ratione

397 5405 648 5464 Christus
671 5407 1010 5479 inﬁrmitates
1042 5414 1252 5460 nostras
1286 5404 1599 5473 portavit”,
1642 5405 1974 5476 morbosque

399 5501 670 5571 suscepit:
699 5515 818 5572 quae
846 5499 1027 5555 omnia
1057 5498 1274 5568 corpori
1302 5513 1402 5553 suo
1430 5495 1682 5566 imposita
1723 5497 1776 5552 in
1804 5512 1970 5551 cruce

399 5592 677 5657 sustinuit,
725 5601 784 5645 ut
828 5592 1067 5660 primum
1117 5605 1237 5659 quae
1271 5589 1338 5642 ad
1392 5595 1619 5640 mortem
1675 5589 1966 5656 pertinent,

2078 4945 2164 4998 ἵνα
2198 4944 2414 5017 πρῶτον
2451 4948 2734 5009 θανόντες
2761 4945 2837 5014 τῇ
2872 4947 3124 5014 ἁμαρτίᾳ
3163 4945 3436 5015 ζήσωμεν
3465 4947 3540 5016 τῇ
3568 4946 3655 5001 δι-

2078 5037 2376 5104 καιοσύνῃ
2396 5052 2410 5065 ο
2437 5036 2512 5100 ὡς
2549 5037 2782 5107 Χριστὸς
2822 5037 2929 5103 τὰς
2974 5037 3292 5102 ἀσθενείας
3327 5038 3499 5107 ἡμῶν
3523 5038 3653 5093 ἐόάμ

2079 5142 2290 5193 στασε,
2323 5128 2540 5192 καὶτὰς
2571 5129 2758 5192 νόσους
2781 5128 3062 5190 ἀνέλαϐεν,
3094 5129 3324 5198 ἐνέγκας
3347 5131 3524 5184 πάντα
3564 5131 3654 5183 ἐπὶ

2079 5220 2157 5291 τῷ
2190 5219 2402 5292 σώματι
2439 5222 2496 5274 ὲν
2528 5220 2607 5291 τῷ
2632 5221 2881 5291 σταυρῷ,
2915 5221 3002 5277 ἵνα
3030 5220 3245 5291 πρῶτον
3277 5220 3346 5275 τὰ
3371 5221 3466 5275 τοῦ
3501 5221 3654 5277 θανά·
3742 5216 3748 5222 ”

2078 5330 2205 5378 του,
2244 5312 2433 5368 ἔπειτα
2461 5313 2522 5365 τὸ
2559 5312 2657 5383 τῆς
2690 5311 2835 5383 ζωῆς
2877 5314 2936 5365 ὲν
2970 5313 3119 5384 αὐτῷ
3160 5313 3227 5366 δι’
3258 5315 3404 5385 ἡμᾶς
3434 5315 3654 5384 πληρω-

2075 5404 2322 5475 θήσεται.
2356 5403 2464 5456 Kal.
2507 5402 2595 5456 διὰ
2619 5403 2776 5456 τοῦτο
2809 5402 3022 5474 πρῶτον
3050 5402 3417 5474 ἀποθνήσκει,
3446 5404 3531 5469 ἵνα
3561 5409 3654 5454 συ-

2079 5497 2376 5568 στήσῃτὴν
2407 5496 2502 5550 τοῦ
2535 5496 2762 5550 θανάτου
2792 5495 3089 5568 διαθήκην·
3127 5497 3316 5550 ἔπειτα
3351 5499 3414 5548 ὲκ
3447 5496 3655 5567 νεκρῶν

2079 5588 2413 5658 ἐγήγερται,
2449 5589 2534 5641 ἵνα
2572 5588 2679 5642 ἀπὸ
2705 5587 2862 5657 δόξης
2896 5590 2974 5652 εἰς
3007 5587 3163 5654 δόξαν
3189 5627 3202 5651 ,
3232 5586 3496 5656 καθάπερ
3537 5589 3654 5640 ἀπὸ

475 5777 490 5807 ¹
533 5776 671 5830 Ρεειε.
729 5774 894 5837 1.,i9.
969 5777 988 5804 ⁸
1024 5773 1164 5825 Psal.
1209 5787 1353 5831 xux.
1386 5769 1469 5823 14.
1549 5771 1568 5800 ³
1599 5769 1752 5824 Dcut.
1779 5780 1968 5833 xvm,f

2123 5770 2320 5825 "Joan.
2347 5769 2507 5829 v.46.
2584 5773 2602 5804 '
2633 5771 2790 5826 Deut.
2830 5786 2987 5836 xvul,
3031 5768 3116 5826 i9.
3195 5770 3214 5800 ⁴⁶
3249 5766 3412 5823 Joan.
3454 5784 3506 5831 v,
3560 5765 3649 5820 4⁸2,

404 5848 423 5879 '
471 5849 508 5902 ll
544 5848 669 5902 Cor.
707 5862 785 5907 ιιι,
825 5847 877 5898 7.
955 5845 975 5875 ⁸
1017 5842 1202 5896 lT'un.
1245 5858 1281 5909 ι,
1313 5845 1362 5895 ‘J.
1443 5842 1462 5870 ⁰
1501 5839 1692 5896 chtr.
1722 5859 1782 5910 ιι,
1822 5842 1892 5896 21

2071 5844 2164 5898 lsa.
2205 5858 2323 5908 Llll,
2369 5843 2401 5895 4
2785 5853 2793 5860 ·
