4076 6392
382 354 496 412 ΠΒ

1019 360 1385 420 ADVERSUS
1420 362 1758 421 HERESES
1797 366 1921 421 LIB.
1965 367 2029 422 ΙΙ.
2069 366 2230 423 ΤΟΜ.
2271 366 2334 422 ll.
2370 366 2712 422 -—lleRES.
2746 368 2925 423 LXVI.

3541 371 3641 427 1-56

386 474 613 541 Κυρίου
661 475 1018 544 πνεύματος.
1084 478 1171 532 Ἐν
1204 479 1312 551 γὰρ
1359 481 1437 551 τῷ
1476 483 1696 555 σταυρῷ
1732 484 1961 556 ἐθριάμ-

2084 500 2179 539 ιιιιι
2224 500 2351 540 vero
2382 500 2502 555 qua:
2532 495 2661 539 sunt
2709 485 2834 540 vita:
2886 488 3107 557 propria
3147 486 3199 539 in
3234 486 3422 541 cadem
3453 500 3640 542 nostra

382 565 585 620 δευσεν
612 566 783 637 ἀρχὰς
807 568 901 621 καὶ
925 568 1169 634 ἐξουσίας
1189 589 1203 602 ·
1237 574 1295 625 ὲν
1320 572 1399 644 τῷ
1427 573 1640 646 θανάτῳ
1676 577 1959 651 κατέκρινε

378 661 489 730 τὴν
528 659 799 730 ἁμαρτίαν
827 677 840 689 ·
902 661 959 713 ὲν
988 660 1068 732 τῷ
1113 662 1348 733 ταφῆναι
1390 664 1552 735 ἔθαψε
1581 668 1678 737 τὴν
1706 669 1954 739 ἀνομίαν.

380 755 443 804 ὲν
478 752 561 823 τῷ
591 751 891 821 γεύσασθαι
920 753 1151 810 θανάτου
1181 757 1481 812 κατέκλασε
1515 759 1576 812 τὸ
1614 759 1834 834 κέντρον
1867 762 1959 816 τοῦ

381 845 623 898 θανάτου
643 860 656 874 ’
709 846 767 897 ἐν
797 844 875 915 τῷ
919 845 1200 901 κατελθεῖν
1250 851 1329 912 είς
1359 850 1449 903 τὸν
1501 850 1633 922 ᾇδην
1671 852 1962 906 ἐσκύλευσε

378 938 481 990 τὸν
536 938 707 1009 ᾅδην,
761 936 918 991 ἔλυσε
972 940 1096 1002 τοὺς
1147 940 1554 1011 πεπεδημένους
1611 942 1671 994 ὲν
1721 942 1960 1013 ἀνδρείᾳ,

379 1028 552 1082 ἔλαϐε
600 1029 659 1081 τὸ
705 1028 966 1100 τρόπαιον
998 1029 1093 1083 τοῦ
1125 1031 1358 1102 σταυροῦ
1389 1029 1530 1085 κατά
1556 1030 1650 1085 τοῦ
1695 1031 1962 1085 διαϐόλου.

381 1118 505 1172 Kal
533 1119 633 1189 ὅρα
655 1119 833 1191 πῶςή
887 1119 1014 1186 δόξα
1059 1119 1197 1193 αῦτη
1248 1120 1356 1174 ἀπὸ
1392 1122 1670 1186 Μωῦσέως
1703 1122 1828 1195 ἄχρι
1871 1121 1965 1177 τοῦ

381 1210 599 1280 Κυρίου
620 1225 634 1239 ·
665 1210 815 1280 πόσῳ
841 1226 907 1279 γε
934 1209 1131 1279 μᾶλλον
1169 1212 1202 1280 ἡ
1247 1210 1475 1281 διαθήκη
1510 1211 1609 1282 τῆς
1642 1211 1788 1282 ζωῆς
1816 1212 1967 1266 ἔσται

383 1299 450 1349 ὲν
484 1297 641 1371 δόξῃ,
680 1298 828 1351 λίθου
864 1299 1400 1370 ἀποκεκυλισμένου,
1446 1300 1663 1370 πετρῶν
1696 1302 1969 1373 ῥηγνυμέ-

384 1406 522 1455 νων,
558 1391 852 1461 μνημάτων
887 1391 1261 1461 ἀνοιχθέντων,
1291 1391 1538 1459 ἀγγέλων
1570 1392 1968 1463 ὲξαστραπτόν-

385 1496 521 1544 των,
554 1479 827 1548 γυναικῶν
857 1478 1375 1549 εὐαγγελιζομένων,
1407 1481 1629 1551 εἰρήνης
1666 1480 1967 1551 διδομένης,

385 1572 710 1640 Πνεύματος
756 1572 885 1641 παρ’
928 1571 1093 1625 αὐτοῦ
1143 1573 1254 1634 τοῖς
1291 1572 1628 1636 ’ἀποστόλοις
1673 1572 1969 1643 διδομένου,

385 1660 637 1732 οὐρανῶν
698 1660 972 1731 βασιλείας
1025 1661 1533 1733 καταγγελλομένης
1564 1703 1579 1725 .
1637 1664 1971 1733 Εὐαγγελίου

388 1749 728 1818 φωτίσαντος
771 1753 872 1822 τὴν
917 1752 1282 1824 οίκουμένην;
1350 1753 1414 1806 '0
1458 1754 1718 1821 καταϐὰς
1766 1755 1969 1822 αὐτὸς,

2064 592 2228 632 causa
2276 578 2696 646 complerentur.
2762 578 2935 641 Quam
2993 578 3065 632 ob
3132 592 3354 633 causam
3410 580 3641 634 moritur

2062 668 2258 738 primo,
2292 677 2353 721 ut
2378 669 2568 722 mortis
2599 675 2975 723 testamentum
3008 668 3434 724 commendaret.
3474 670 3641 743 694,

2062 754 2270 812 Deinde
2301 772 2332 810 a
2362 758 2597 813 mortuis
2644 758 2919 814 excitatus
2946 766 3028 813 est
3054 801 3070 824 ,
3099 768 3157 812 nt
3202 775 3234 813 a
3268 761 3441 830 gloria
3474 773 3642 817 trans-

2064 847 2168 903 iret
2221 847 2289 902 ad
2318 848 2566 919 gloriam,
2597 858 2847 917 tanquam
2894 867 2927 903 a
2955 849 3173 904 Domini
3200 853 3394 919 spiritu
3427 854 3469 903 ².
3507 851 3642 905 Nam

2066 933 2122 987 in
2149 949 2312 989 cruce
2353 935 2687 1005 principatus
2739 952 2802 990 ac
2853 946 3151 1007 potestates
3182 940 3331 995 velut
3360 941 3415 995 in
3450 942 3646 995 trium-

2068 1026 2176 1096 pho
2201 1026 2440 1082 traduxit
2473 1027 2521 1080 ³.
2550 1028 2608 1082 In
2640 1038 2817 1084 morte
2861 1046 2991 1085 vero
3026 1043 3305 1102 peccatum
3342 1033 3645 1096 damnavit,

2070 1122 2129 1174 in
2181 1120 2458 1189 sepultura
2515 1121 2857 1191 iniquitatem
2888 1125 3144 1193 sepeliit,
3196 1127 3253 1180 in
3309 1127 3647 1197 degustanda

2070 1217 2246 1264 morte
2287 1210 2567 1265 stimulum
2620 1211 2809 1268 mortis
2848 1211 3067 1283 infregit
3121 1213 3165 1278 ⁵,
3203 1214 3258 1269 in
3310 1230 3413 1269 suo
3456 1216 3549 1270 illo
3578 1215 3644 1267 ad

2073 1297 2286 1354 inferos
2340 1299 2607 1355 descensu
2657 1302 2831 1371 spolia
2869 1301 3102 1358 detraxit
3156 1304 3379 1369 inferis,
3433 1307 3645 1361 vinctos

2073 1388 2389 1445 fortitudine
2438 1405 2538 1446 sua
2596 1390 2881 1455 liberavit,
2933 1392 3195 1450 adversus
3230 1394 3503 1451 diabolum
3533 1405 3646 1451 tro-

2070 1494 2247 1549 paeum
2320 1480 2502 1534 crucis
2531 1480 2758 1550 accepit.
2789 1479 2926 1536 Vide
2973 1491 3034 1536 ut
3084 1499 3112 1536 a
3152 1483 3336 1556 Moyse
3388 1485 3457 1540 ad
3489 1486 3646 1540 Chri-

2072 1580 2215 1627 stum
2252 1571 2424 1642 gloria
2465 1571 2803 1642 perstiterit,
2836 1582 3040 1644 quanto
3069 1591 3197 1646 ergo
3240 1578 3499 1646 majorem
3529 1580 3643 1648 glo-

2072 1662 2210 1716 riam
2266 1663 2390 1717 vitae
2446 1670 2830 1719 testamentum
2881 1665 3185 1732 obtinebit,
3238 1683 3362 1722 cum
3404 1677 3458 1722 et
3509 1670 3646 1740 lapis

2076 1752 2389 1818 revolvitur,
2431 1763 2483 1807 et
2522 1768 2655 1808 saxa
2695 1754 3052 1826 franguntur,
3101 1767 3156 1812 et
3204 1760 3537 1815 monimenta
3563 1777 3647 1815 re-

388 1841 495 1894 καί
530 1845 563 1895 ό
597 1842 822 1909 ἀναϐὰς
869 1842 1069 1898 ἐπάνω
1096 1843 1339 1897 πάντων
1371 1844 1491 1898 τῶν
1531 1845 1802 1912 οὐρανῶν
1820 1887 1836 1908 ,
1871 1847 1970 1900 καὶ

2084 1852 2368 1906 serantur.
2429 1854 2484 1900 et
2538 1846 2711 1916 angeli
2758 1846 2990 1918 fulguris
3049 1849 3223 1905 instar
3258 1852 3536 1917 emicant,
3593 1860 3647 1906 et

389 1931 782 2002 καθεζόμενος
817 1928 893 1987 ἐν’
925 1933 1098 2002 δεξιᾷ
1122 1936 1228 1989 τοῦ
1256 1935 1506 2004 Πατρός.
1537 1937 1651 1989 Οὐκ
1695 1932 1762 2008 ἦν
1802 1936 1968 1991 θανα-

390 2024 610 2087 τοποιὸς
633 2027 666 2095 ἡ
695 2025 927 2096 διαθήκη
949 2064 965 2090 ,
996 2026 1133 2079 ἀλλὰ
1160 2026 1302 2080 κατά
1346 2027 1441 2081 τοῦ
1467 2025 1694 2081 θανάτου
1721 2030 1755 2099 ἡ
1781 2027 1968 2095 διαθή-

389 2134 490 2187 κη.
527 2117 618 2169 Ἐν
636 2116 764 2189 δόξῃ
793 2116 902 2188 δὲὴ
932 2115 1029 2170 τοῦ
1067 2116 1296 2172 θανάτου
1321 2156 1337 2181 ,
1372 2119 1461 2172 ἴνα
1492 2120 1525 2189 ἡ
1556 2117 1967 2188 ὑπερϐάλλουσα

390 2203 521 2269 δόξα
543 2205 686 2259 κατά
709 2203 805 2259 τοῦ
832 2205 1061 2261 θανάτου
1088 2207 1328 2277 γένηται.

2078 1938 2339 1994 mulieres
2392 1940 2740 2009 Evangelium
2776 1941 3111 2009 praedicant.
3165 1957 3266 2011 pax
3310 1943 3644 2006 conceditur.

2079 2028 2317 2100 Spiritus
2346 2032 2609 2101 apostolis
2635 2033 2700 2086 ab
2733 2032 2825 2088 illo
2855 2033 3133 2098 tribuitur,
3170 2030 3392 2104 regnum
3428 2035 3648 2093 caeleste

2073 2120 2466 2186 denuntiatur,
2521 2123 2671 2179 orbis
2711 2132 2977 2179 terrarum
3034 2123 3325 2195 Evangelio
3361 2127 3647 2180 collustra-

2071 2212 2203 2265 tur?
2233 2211 2512 2268 Postremo
2537 2256 2552 2278 ,
2586 2213 2690 2279 Qui
2717 2214 3005 2280 descendit,
3040 2216 3147 2284 ipse
3168 2225 3247 2270 est
3289 2218 3379 2287 qui
3413 2217 3651 2278 ascendit

390 2317 554 2370 super
583 2317 761 2356 omnes
824 2306 1016 2368 catos,
1045 2312 1095 2356 et
1132 2302 1274 2358 sedet
1315 2303 1383 2357 ad
1434 2303 1704 2357 dexteram
1734 2303 1914 2359 Patris
1947 2306 1991 2358 ⁸.
2047 2304 2166 2362 Non
2200 2306 2302 2363 fuit
2350 2308 2692 2364 mortiferum
2746 2317 3130 2368 testamentum
3155 2350 3170 2375 ,
3241 2310 3333 2365 sed
3383 2310 3648 2367 adversus

391 2397 625 2445 mortem
677 2391 1051 2446 constitutum.
1093 2391 1230 2448 Illud
1262 2407 1425 2463 porro
1470 2394 1617 2465 quod
1682 2395 1876 2450 mortis
1910 2394 2155 2461 dicitur,
2211 2398 2440 2468 gloriam
2498 2397 2726 2463 habuit,
2791 2398 2962 2470 major
3012 2408 3073 2453 ut
3108 2399 3369 2456 adversus
3420 2408 3648 2456 mortem

392 2486 571 2555 gloria
597 2495 1022 2555 compararetur.

377 2601 383 2663 ς
469 2580 587 2635 OA'.
616 2577 750 2635 Εἶτα
773 2582 934 2637 πάλιν
967 2582 1116 2651 λέγει
1143 2585 1172 2637 ό
1197 2584 1359 2648 αὐτὸς
1383 2583 1575 2663 Μάνης
1600 2600 1616 2615 ·
1650 2584 1724 2638 Οὐ
1753 2584 1973 2639 δύναται

362 2654 520 2736 ⁸ἑνὸς
546 2672 886 2727 διδασκαλίου
935 2668 1075 2727 εἶναι
1118 2672 1332 2728 Παλαιά
1368 2654 1462 2727 καὶ
1495 2654 1671 2745 Καινὴ
1704 2674 1970 2746 Διαθήκη.

408 2766 479 2818 Ἦ
508 2764 606 2836 μὲν
646 2766 757 2837 γάρ
817 2765 1140 2821 παλαιοῦται
1188 2766 1400 2838 ἡμέραν
1441 2764 1501 2831 ἐξ
1536 2765 1779 2838 ἡμέρων
1822 2768 1856 2837 ἡ
1914 2767 1971 2820 δὲ

399 2856 841 2918 drancis-[Istat
881 2856 1111 2927 ἡμέραν
1144 2858 1272 2911 καθ’
1302 2855 1531 2927 ἡμέραν
1555 2872 1570 2887 ·
1604 2854 1728 2912 πᾶν
1757 2856 1869 2925 γὰρ
1903 2856 1971 2909 τὸ

400 2948 850 3016 παλαιούμενον
884 2946 985 3001 καί
1036 2945 1346 3018 γηράσκον
1389 2946 1569 3017 ἐγγὺς
1628 2946 1971 3016 ἀφανισμοῦ

398 3038 645 3106 γίνεται.
692 3038 850 3092 Ἀλλά
880 3038 1058 3109 ἐκείνη
1100 3036 1259 3092 ἄλλου
1289 3036 1425 3091 Θεοῦ
1482 3038 1576 3092 καὶ
1619 3036 1776 3091 ἄλλου
1831 3036 1976 3089 διδα-

404 3129 638 3183 σκάλου·
682 3132 776 3185 καὶ
812 3129 950 3202 αὕτη
988 3130 1177 3203 ἑτέρου
1206 3129 1342 3183 Θεοῦ
1370 3127 1464 3183 καὶ
1506 3129 1693 3202 ἑτέρου
1718 3128 1972 3183 διδασκά-

2156 2583 2386 2640 LXXIV.
2424 2584 2534 2641 Sed
2569 2585 2760 2656 objicit
2807 2585 3175 2642 Manichzeus:
3211 2584 3329 2641 Non
3357 2600 3518 2657 posse
3545 2584 3649 2641 Ve-

2085 2685 2173 2733 tus
2223 2691 2287 2731 ac
2326 2675 2533 2732 Novum
2567 2675 2973 2733 Testamentum
3021 2678 3090 2732 ab
3133 2676 3324 2732 eodem
3373 2692 3496 2733 esse
3533 2692 3648 2731 ma-

2078 2764 2251 2835 gistro
2294 2765 2618 2836 profectum,
2666 2767 2936 2836 siquidem
2990 2765 3158 2822 Vetus
3196 2769 3263 2822 de
3292 2767 3379 2822 die
3423 2768 3479 2821 in
3508 2766 3650 2822 diem

2077 2855 2434 2918 inveteratur;
2494 2859 2723 2912 alterum
2783 2873 2901 2912 vero
2976 2858 3031 2911 in
3093 2857 3205 2913 dies
3272 2859 3555 2912 innovatur
3606 2858 3648 2912 ⁸.

2084 2947 2349 3019 Quidquid
2376 2949 2514 3003 enim
2542 2950 2878 3011 inveteratur,
2905 2965 2967 3003 ac
2992 2951 3235 3014 senescit,
3264 2950 3503 3004 interimi
3525 2964 3653 3017 pro-

2081 3039 2284 3092 ximum
2316 3049 2393 3093 est
2419 3040 2465 3093 ⁷.
2498 3037 2677 3105 Quare
2708 3046 2994 3109 superest,
3032 3046 3093 3093 ut
3146 3040 3276 3095 illud
3307 3040 3529 3095 alterius
3560 3041 3650 3096 Dei

2083 3145 2147 3183 ac
2176 3130 2422 3201 magistri
2449 3170 2465 3190 ,
2501 3131 2605 3186 hoc
2638 3130 2863 3185 alterius
2918 3145 3039 3184 esse
3075 3129 3308 3186 dicatur.
3357 3130 3552 3186 Verum
3607 3133 3653 3187 si

401 3222 520 3277 λου.
552 3222 661 3276 Καὶ
691 3224 740 3275 εί
773 3223 871 3293 μὲν
911 3216 1025 3294 εἶχε
1069 3221 1238 3288 δεῖξαι
1270 3221 1363 3275 δύο
1397 3220 1665 3292 Διαθήκας
1713 3220 1972 3286 Παλαιάς,

2084 3218 2276 3274 Vetera
2301 3221 2411 3274 duo
2439 3218 2785 3276 Testamenta
2812 3219 3185 3275 demonstrare
3223 3229 3427 3299 posset,
3458 3222 3648 3291 proba-

400 3312 634 3383 ἠδύνατο
662 3315 793 3386 παρ’
820 3313 968 3385 αὐτῷ
999 3313 1220 3368 πιθανὸν
1270 3309 1410 3366 εἶναι
1449 3313 1511 3366 τδ
1542 3312 1832 3384 λεγόμενον
1856 3352 1871 3376 ,
1902 3310 1978 3373 ὡς

400 3405 500 3458 δύο
534 3406 702 3459 ὄντων
733 3405 839 3458 τῶν
866 3406 988 3459 τότε
1016 3404 1346 3476 διαθεμένων
1369 3420 1383 3435 ⁸
1424 3403 1684 3467 ὡσαύτως
1716 3403 1774 3457 δὲ
1800 3404 1850 3456 εί
1886 3402 1978 3457 δύο

402 3494 614 3559 nam;
657 3495 929 3566 Διαθήκας
951 3491 1063 3567 εἶχε
1090 3495 1279 3562 δεῖξαι,
1303 3490 1371 3566 ἦν
1396 3496 1475 3559 είς
1504 3493 1601 3565 τὴν
1628 3494 1863 3547 διάνοιαν
1883 3493 1980 3548 λα-

405 3587 526 3640 ϐεῖν
557 3586 619 3641 τὸ
647 3586 1069 3658 προειρημένον·
1101 3587 1149 3639 εί
1187 3586 1243 3639 δὲ
1274 3587 1307 3657 ἡ
1342 3585 1440 3656 μὲν
1469 3583 1683 3637 Παλαιὰ
1705 3583 1852 3647 ἑνὸς,
1888 3584 1982 3636 καὶ

403 3682 443 3749 ἡ
476 3680 654 3751 Καινὴ
702 3678 798 3732 τοῦ
847 3677 1007 3733 ἀλλου
1031 3718 1046 3740 ,
1087 3677 1181 3731 τοῦ
1233 3678 1290 3731 δὲ
1324 3676 1490 3732 καλοῦ
1524 3676 1659 3730 Θεοῦ
1701 3674 1795 3748 [εἰ]
1836 3676 1982 3730 ἐστιν

406 3773 446 3839 ἡ
479 3768 655 3839 Καινὴ
682 3762 922 3841 Διαθῆκη
945 3809 960 3833 ,
992 3769 1230 3841 πονηροῦ
1262 3769 1319 3822 δὲ
1349 3770 1383 3840 ή
1409 3767 1623 3822 Παλαιὰ
1643 3809 1657 3833 ,
1691 3768 1798 3840 ἄρα
1825 3768 1872 3820 εί
1908 3767 1982 3838 μὴ

408 3858 552 3915 εἶδεν
601 3863 633 3914 ὁ
677 3859 879 3929 ἀγαθὸς
923 3860 1055 3924 Θεὸς
1098 3861 1191 3914 τὸν
1224 3861 1458 3932 πονηρὸν
1502 3859 1814 3935 διαθέμενον
1834 3900 1850 3921 ,
1886 3858 1985 3911 οὐκ

411 3952 530 4022 ᾔδει
554 3994 568 4016 ,
591 3952 673 4004 ὅτι
704 3950 810 4022 χρὴ
839 3950 1114 4004 διαθέσθαι
1142 3950 1429 4022 διαθήκην.
1468 3949 1578 4002 Kal
1605 3947 1757 4002 ἔσται
1788 3947 1986 4019 μᾶλλον

415 4041 727 4116 παράὐτοῦ
753 4042 1042 4112 λαμϐάνων
1069 4044 1169 4113 τὴν
1199 4041 1473 4114 πρόφασιν
1500 4041 1597 4110 τῆς
1616 4037 1981 4117 διδασκαλίας,

414 4134 511 4187 καὶ
538 4133 763 4205 ἄπειρος
793 4131 868 4185 ὣν
896 4134 953 4186 ὲν
976 4135 1090 4196 τοῖς
1114 4131 1449 4203 πράγμασιν.
1487 4130 1550 4183 Et
1583 4129 1691 4199 γὰρ
1720 4129 1796 4200 μὴ
1822 4126 1988 4199 ἐώρα·

416 4242 533 4291 κεν,
556 4225 657 4278 οὐκ
680 4224 746 4277 ἂν
768 4224 1095 4294 ἐμιμήσατο.
1124 4222 1235 4276 Καὶ
1262 4220 1368 4275 ἔδει
1394 4221 1592 4292 μᾶλλον
1615 4221 1713 4293 τὴν
1742 4216 1987 4273 Παλαιὰν

418 4317 693 4388 Διαθήκην
728 4311 865 4370 εἶναι
891 4314 984 4369 τοῦ
1016 4313 1246 4382 ἀγαθοῦ,
1271 4316 1358 4368 ἵνα
1380 4313 1481 4369 κᾶν
1501 4315 1531 4367 ὁ
1565 4312 1798 4385 πονηρὸς
1825 4328 1989 4383 μιμη-

416 4410 509 4473 λὺς
534 4407 742 4481 ἀκούσῃ
769 4408 912 4479 ἥπερ
942 4409 971 4459 ό
1013 4407 1089 4461 ὢν
1122 4407 1373 4479 ἀληθινὸς
1408 4407 1541 4471 Θεός
1567 4422 1580 4435 ·
1606 4405 1768 4474 ’λέγει
1814 4404 1922 4476 γὰρ
1956 4394 1990 4456 ’ὁ

418 4501 626 4573 Κύριος
657 4503 715 4554 ὲν
750 4500 830 4572 τῷ
867 4500 1216 4572 Εὑαγγελίῳ·
1267 4502 1330 4553 Ὃ
1373 4500 1482 4554 ἐὰν
1515 4498 1717 4568 ,βλέπῃ
1767 4501 1800 4552 ό
1856 4493 2000 4564 Υἱὸξ

2080 3310 2187 3367 bile
2216 3311 2461 3366 nonnihil
2493 3311 2658 3367 videri
2707 3320 2920 3381 posset,
2949 3311 3096 3381 quod
3150 3313 3217 3366 de
3243 3297 3453 3404 duplig:
3489 3317 3655 3366 testa.

2081 3408 2199 3456 tore
2235 3401 2492 3472 disputat.
2522 3400 2602 3458 Ita
2629 3403 2793 3458 etiam
2853 3403 2901 3457 si
2950 3400 3100 3458 Nova
3151 3402 3260 3457 duo
3306 3400 3654 3458 Testamenta

2083 3493 2243 3549 nobis
2293 3493 2606 3549 ostenderet
2633 3536 2648 3560 ,
2680 3501 2960 3565 utcunque
3010 3493 3154 3564 quod
3187 3482 3654 3583 na'rrat‘intelligi

2084 3535 2243 3549 -v-.-
2295 3535 2606 3549 .................
2633 3536 2648 3560 ,
2684 3535 2960 3565 ...υ.....,..ν
3011 3535 3154 3564 νυ..
3187 3535 3371 3556 .....,....
3427 3535 3654 3563 .....,...,,.

2084 3594 2291 3658 posset.
2346 3586 2452 3642 Sed
2500 3602 2624 3643 cum
2674 3585 2841 3644 Vetus
2899 3588 3115 3657 quidem
3160 3535 3655 3731 tlterinéj‘lévum

2084 3657 2489 3731 Testamentum
2526 3679 2751 3731 alterius
2777 3682 2868 3731 sit.
2898 3679 3003 3731 hoc
3030 3678 3076 3731 si
3102 3678 3247 3731 bono
3274 3680 3346 3731 De
3439 3676 3655 3730 ribuere

2083 3657 2489 3735 Testamentum
2526 3679 2751 3735 alterius
2777 3682 2868 3745 sit,
2898 3679 3003 3734 hoc
3030 3678 3076 3735 si
3102 3678 3247 3734 bono
3274 3657 3657 3732 Deﬁribuere
3688 3703 3693 3709 ~

2085 3770 2316 3825 velimus
2340 3811 2357 3833 ,
2392 3770 2525 3825 illud
2580 3786 2710 3826 vero
2755 3769 2899 3826 malo
2925 3811 2940 3836 ,
2975 3784 3321 3840 consequens
3374 3762 3508 3822 illud
3549 3774 3654 3831 est,

2083 3857 2288 3917 bonum
2323 3861 2516 3928 Deum,
2547 3862 2655 3919 nisi
2683 3862 2962 3918 conditum
3006 3877 3038 3916 a
3067 3862 3211 3917 malo
3272 3866 3669 3916 testamentum

2087 3953 2377 4018 scivisset,
2432 3967 2464 4007 a
2522 3968 2583 4009 se
2633 3969 2851 4024 quoque
2896 3951 3240 4009 condendam
3281 3952 3671 4022 ignoraturum

2091 4041 2280 4099 fuisse.
2333 4041 2514 4110 Quare
2571 4045 2835 4103 doctrina:
2873 4059 2984 4099 suae
3034 4041 3375 4114 divulgandre
3410 4040 3660 4097 occasio-

2090 4128 2213 4189 nem
2246 4135 2313 4189 ab
2341 4136 2434 4189 illo
2462 4144 2654 4192 nactus
2675 4174 2690 4199 ,
2728 4152 2794 4190 ac
2823 4131 3012 4191 rerum‘
3029 4134 3393 4205 gerendarum
3440 4131 3659 4203 imperi-

2088 4233 2179 4281 tus
2194 4241 2317 4281 esse
2341 4226 2633 4284 videbitur.
2659 4228 2778 4283 Nisi
2798 4229 2941 4282 enim
2973 4226 3087 4280 ﬁeri
3115 4226 3182 4278 ab
3206 4226 3380 4279 altero
3410 4223 3660 4288 vidisset,

2088 4333 2369 4388 nunquam
2397 4327 2539 4375 esset
2580 4299 2840 4374 imitatus.
2887 4318 2965 4372 Ae
3004 4318 3148 4372 bono
3181 4316 3289 4372 Deo
3332 4314 3653 4370 Testamen—

2091 4418 2204 4463 tum
2232 4408 2399 4466 Vetus
2428 4408 2606 4480 alﬁngi
2637 4409 2808 4480 magis
2845 4408 3163 4479 oportebat,
3200 4419 3260 4463 ut
3297 4408 3473 4463 malus
3522 4408 3679 4462 alter-

2097 4499 2277 4571 potius
2301 4503 2584 4556 aemulator
2610 4500 2991 4571 appellaretur,
3023 4515 3185 4569 quam
3221 4515 3383 4555 verus
3445 4511 3661 4568 germa-

419 4593 627 4667 [πρὸς]
663 4593 771 4648 τὸν
810 4591 1040 4662 Πατέρα
1088 4592 1377 4647 ποιοῦντα
1396 4632 1411 4657 ,
1460 4591 1621 4659 οὕτω,
1657 4589 1761 4643 καὶ
1811 4589 1979 4655 αὐτὸς

2096 4607 2310 4660 nusque
2351 4592 2511 4647 Deus.
2560 4590 2820 4647 Dominus
2867 4591 3010 4646 enim
3051 4594 3103 4646 in
3152 4589 3439 4661 Evangelio
3484 4587 3660 4642 dicit:

420 4685 643 4754 ὁμοίως
668 4683 828 4739 ποιεῖ
860 4700 875 4714 ·
910 4685 1003 4736 καὶ
1031 4684 1120 4737 ἵνα
1145 4682 1220 4754 μὴ
1255 4681 1373 4754 ἥξει
1401 4685 1418 4714 ί
1443 4680 1521 4752 τῷ
1548 4679 1990 4757 συμϐουλεύοντι,

422 4776 507 4839 εἰς
534 4776 595 4828 τὸ
626 4774 700 4846 μὴ
724 4774 1031 4845 καυχᾶσθαι
1051 4775 1141 4828 τὸν
1168 4774 1431 4838 διάϐολον,
1462 4773 1556 4826 καὶ
1577 4772 1757 4840 λέγειν
1780 4771 1870 4824 διὰ
1893 4770 1993 4838 τῆς

429 4864 762 4936 συμϐουλίας
811 4863 978 4918 αὑτοῦ
1023 4879 1076 4916 τι
1108 4863 1199 4916 τὸν
1232 4862 1459 4932 Σωτῆρα
1497 4859 1886 4931 πεποιηκέναι·
1921 4857 1996 4920 ὥς

425 4975 562 5031 φησι
595 4958 735 5028 πρὸς
765 4956 954 5010 αὐτόν·
1001 4953 1147 5009 Εἰπὲ
1170 4955 1270 5009 ἵνα
1297 4957 1351 5008 οὶ
1396 4954 1565 5021 ,λίθοι¹
1585 4951 1748 5035 ἄρτοι
1779 4949 1996 5019 γένων-

424 5068 544 5105 ται.
578 5049 638 5102 ’0
665 5047 723 5101 δὲ
752 5048 852 5101 οὐκ
894 5047 1183 5117 ἀνέχεται,
1217 5046 1306 5100 ἵνα
1335 5045 1411 5115 μὴ
1448 5043 1634 5115 μαθὼν
1665 5039 2005 5126 ὑποληφθείη

429 5139 584 5208 παρά
623 5139 717 5191 τοῦ
743 5137 990 5192 διαϐόλου
1039 5135 1329 5206 λαμϐάνων
1361 5137 1459 5205 τὴν
1506 5132 1857 5204 συμϐουλίαν.
1892 5131 2002 5183 Kal

426 5235 562 5305 ὁρᾷς
584 5272 600 5296 ,
633 5233 714 5285 ὅτι
753 5233 849 5294 τὰς
882 5229 975 5284 δύο
1009 5229 1280 5299 Διαθήκας
1313 5228 1431 5291 ἑνὸς
1473 5227 1620 5295 λέγει
1658 5224 1830 5289 Θειοῦς
1870 5208 2016 5293 Ρησι

430 5326 543 5396 γὰρ
565 5327 594 5378 δ
619 5320 936 5384 Ἀπόστολος
958 5338 971 5351 ·
1012 5321 1075 5376 Ἡ
1099 5319 1293 5387 πρώτη
1319 5317 1574 5386 Διαθήκη
1609 5318 1678 5371 ἐκ
1697 5315 1805 5370 τοῦ
1827 5315 2004 5384 ὄρους

430 5417 579 5473 Σινᾶ
614 5415 821 5482 ἐδόθη,
854 5416 940 5479 εἰς
959 5411 1243 5466 δουλείαν
1278 5408 1570 5480 γεννῶσα.
1613 5407 1681 5462 Τὸ
1720 5407 1829 5478 γὰρ
1868 5407 2003 5475 ὄρος

431 5507 584 5566 Σινᾶ
603 5508 776 5562 ἐστιν
794 5508 864 5560 ἐν
890 5504 964 5574 τῇ
986 5503 1234 5573 Ἀραϐίᾳ.
1260 5504 1324 5557 Et
1350 5503 1457 5573 γὰρ
1478 5502 1571 5555 δύο
1598 5502 1704 5554 εἰσὶ
1725 5501 1997 5568 γυναῖκες,

431 5598 573 5656 ἀλλά
616 5592 696 5661 εἷς
730 5597 760 5650 ὁ
801 5596 975 5667 ἀνήρ·
1010 5593 1153 5647 οὕτω
1198 5594 1246 5646 εί
1279 5594 1375 5646 καὶ
1418 5591 1511 5645 δύο
1558 5590 1666 5643 εἰσὶ
1711 5588 1995 5660 Διαθῆκαι,

2095 4680 2259 4753 695
2314 4682 2578 4752 Quidquid
2638 4682 2827 4737 viderit
2874 4681 3050 4736 Filius
3103 4680 3319 4735 Patrem
3362 4680 3662 4749 iacientem,

2098 4774 2235 4830 idem
2271 4785 2320 4830 et
2354 4776 2461 4843 ipse
2487 4775 2728 4829 similiter
2751 4773 2882 4842 facit
2910 4773 2955 4826 ⁸.
2991 4771 3127 4827 Τυιιι
3182 4772 3406 4841 insuper
3435 4785 3502 4823 nc
3533 4784 3665 4823 con-

2102 4866 2302 4921 sulenti
2360 4866 2435 4918 illi
2491 4864 2723 4919 cessisse
2774 4863 3091 4923 videretur,
3140 4876 3276 4916 neve
3328 4860 3550 4931 gloriari
3601 4874 3667 4913 ac

2098 4955 2309 5026 jactare
2347 4953 2595 5008 diabolus
2625 4962 2828 5022 posset,
2872 4967 2974 5008 suo
2997 4951 3198 5021 aliquid
3230 4949 3461 5005 consilio
3494 4966 3521 5002 a
3546 4947 3666 5002 Salo

2108 5048 2295 5095 vatore
2327 5050 2561 5111 gestum.
2601 5054 2724 5092 cum
2750 5039 2823 5093 ita
2855 5039 3108 5094 suaderet
3147 5039 3250 5107 ipsi
3278 5057 3290 5092 :
3318 5035 3418 5089 Dic
3446 5046 3501 5119 ut
3535 5036 3666 5103 lapi-

2108 5130 2197 5185 des
2228 5145 2387 5198 panes
2414 5130 2546 5197 [iant
2582 5127 2626 5189 θ,
2657 5126 2959 5195 repudiavit
2995 5126 3210 5194 penitus
3235 5162 3250 5187 ,
3301 5138 3368 5177 ne
3409 5121 3666 5175 didicisse

2108 5220 2310 5290 aliquid
2341 5235 2371 5273 a
2396 5218 2612 5273 diabolo
2635 5256 2650 5281 ,
2682 5216 2910 5286 ejusque
2936 5213 3166 5270 consilio
3207 5228 3339 5269 usus
3362 5228 3481 5267 esse
3514 5209 3663 5264 vide-

2108 5320 2278 5369 retur.
2312 5313 2463 5379 Quod
2497 5318 2676 5366 autem
2706 5308 3050 5365 Testamenta
3079 5306 3187 5361 duo
3217 5304 3312 5360 Dei
3350 5318 3471 5358 esse
3504 5301 3667 5355 unius

2111 5405 2357 5470 aﬂirmct,
2387 5414 2455 5458 ex
2480 5419 2545 5459 eo
2578 5412 2730 5473 potes
2754 5399 3203 5455 animadvertere.
3242 5395 3333 5450 Sic
3357 5396 3501 5449 enim
3533 5393 3670 5461 Apo-

2111 5497 2313 5553 stolus:
2368 5494 2529 5550 Prius
2565 5492 2957 5548 Testamentum
3005 5505 3070 5545 ea:
3099 5496 3272 5544 monte
3302 5484 3433 5542 Sina
3486 5484 3669 5538 datuni

2109 5598 2229 5653 est,
2265 5586 2402 5657 quod
2440 5587 2508 5641 ad
2557 5584 2853 5639 servitutem
2903 5588 3135 5653 generat.
3187 5577 3317 5634 Sina
3348 5577 3486 5631 enim
3524 5590 3672 5629 mons

511 5707 536 5784 '_
569 5713 697 5784 Leg.
733 5709 904 5784 alia;
948 5711 968 5742 ²
1003 5708 1044 5784 ιι
1059 5707 1195 5784 _Cor.
1223 5721 1305 5772 ιιι,
1494 5705 1746 5784 ξςριοεε.
1777 5717 1841 5767 ιι,
1866 5702 1955 5784 1-5.

2084 5700 2247 5761 lCor.
2284 5722 2373 5773 xv,
2408 5704 2497 5761 59.
2574 5702 2595 5735 '
2630 5700 2829 5773 Ephes.
2891 5714 2967 5765 tv,
3020 5699 3071 5754 9.
3149 5698 3169 5729 '
3206 5696 3251 5753 ll
3281 5695 3409 5753 Cor.
3450 5710 3537 5761 tv,
3581 5690 3672 5748 i6.

434 5784 460 5819 "
493 5767 674 5839 Hebr?
690 5767 814 5848 vui,
822 5767 925 5835 "13.
1002 5779 1023 5810 ⁸
1054 5776 1212 5833 loan.
1236 5767 1300 5842 ν,
1335 5776 1418 5833 l9.
1494 5774 1515 5806 '
1554 5774 1741 5830 Matth.
1774 5790 1857 5839 tv,
1883 5772 1955 5827 5.’
