4076 6392
405 350 505 406 H7

1771 366 1827 425 ε.
1869 369 2210 431 EPIPHANH

3553 377 3655 432 H8

400 484 478 528 est
509 476 563 529 in
588 474 790 531 Arabia
812 478 849 532 ¹.
878 476 1010 534 Nam
1043 485 1258 540 tametsi
1288 483 1409 541 dua:
1440 489 1552 543 sint
1581 505 1797 558 uxores,
1835 511 1974 552 unus

2081 499 2216 554 ἀλλὰ
2251 495 2333 564 εἷς
2366 501 2395 554 6
2428 500 2588 568 Θεὸς,
2633 501 2662 553 6
2704 499 2803 564 τάς
2835 499 2928 552 δύο
2958 498 3200 570 θέμενος.
3249 497 3360 550 Καὶ
3388 496 3473 550 διά
3499 494 3656 549 τοῦτο

402 574 584 622 tamen
616 570 699 622 vir
730 577 834 625 est.
871 569 946 625 ita
973 572 1098 629 licet
1133 574 1241 630 duo
1265 575 1612 636 Testamenta
1651 586 1789 650 sint,
1827 603 1970 645 unus

401 657 670 712 duntaxat
717 661 1001 717 amborum
1039 666 1294 722 conditor
1337 679 1420 726 est
1451 672 1614 730 Deus.
1647 673 1729 732 0b
1764 677 1817 732 id
1863 694 1971 744 non

403 761 493 803 aut
516 749 624 804 duo
655 749 823 817 Nova,
853 762 944 807 aut
971 754 1080 814 duo
1098 755 1290 814 Vetera
1313 765 1646 834 nominavit;
1678 768 1772 824 sed
1805 785 1974 825 unum

404 839 594 908 Vetus,
621 843 852 899 alterum
879 845 1118 902 Novum.
1165 849 1342 921 Atque
1380 854 1512 909 illud
1542 865 1837 926 praterea:
1870 860 1974 916 Te-

338 951 344 959 ·
401 943 721 988 stameutum
747 952 864 990 vero
892 939 947 992 in
978 943 1201 996 mortuis
1233 943 1446 1012 ﬁrmum
1483 957 1581 1003 est.
1617 948 1792 1015 Quare
1814 968 1976 1023 neque

401 1022 629 1087 primum
653 1026 766 1078 sine
785 1028 1040 1097 sanguine
1073 1030 1272 1099 factum
1297 1043 1394 1088 est.
1421 1036 1630 1107 Accepit
1660 1041 1797 1094 enim
1820 1041 1976 1113 Moy-

401 1128 480 1165 ses
512 1117 822 1185 sanguinem
855 1120 1153 1188 hircorum,
1184 1141 1342 1196 eoque
1367 1128 1561 1182 librum
1624 1141 1672 1194 et
1725 1135 1975 1202 populum

401 1207 623 1272 aspersit
653 1225 671 1261 :
707 1209 937 1280 ideoque
988 1221 1042 1270 et
1080 1217 1384 1274 secundum
1415 1219 1826 1290 Testamentum
1867 1224 1975 1282 Do-

401 1295 535 1350 mini
561 1307 734 1355 morte
761 1304 1029 1362 sancitum
1057 1318 1140 1364 est
1161 1311 1202 1374 ¹,
1262 1327 1384 1365 cum
1409 1314 1568 1369 ambo
1591 1331 1803 1372 summa
1837 1320 1977 1374 inter

400 1400 458 1439 se
493 1391 860 1447 consensione
898 1398 1233 1468 conspirent.
1280 1400 1349 1456 Ut
1395 1403 1540 1458 enim
1581 1403 1772 1462 Vetere
1797 1407 1974 1478 prodi-

398 1484 512 1531 tum
526 1487 613 1569 est
635 1499 647 1534 :
674 1479 798 1537 Non
820 1483 1020 1553 deﬁciet
1037 1489 1274 1558 princeps
1294 1507 1322 1546 e
1336 1491 1368 1546 Ι
1375 1492 1503 1558 uda,
1524 1512 1684 1566 neque
1696 1497 1805 1551 dux
1820 1498 1881 1550 de
1897 1499 1975 1569 fe-

398 1566 632 1622 moribus
682 1571 817 1640 ejus,
844 1574 1004 1629 donec
1054 1578 1225 1632 veniat
1260 1581 1344 1633 cui
1383 1584 1664 1651 repositum
1702 1597 1780 1640 est
1809 1589 1862 1652 ³;
1897 1566 1976 1644 ita

399 1657 647 1716 Novum:
681 1663 820 1727 Deus
849 1677 962 1736 erat
994 1670 1046 1724 in
1078 1669 1293 1726 Christo
1326 1674 1579 1729 mundum
1608 1677 1710 1732 sibi
1745 1682 1976 1735 reconci—

399 1751 558 1816 lians,
590 1771 681 1808 nec
713 1757 979 1826 imputans
1017 1762 1127 1816 illis
1176 1775 1392 1833 peccata
1421 1767 1462 1820 ⁵.
1496 1767 1659 1833 Plura
1689 1770 1756 1826 de
1801 1787 1865 1826 ea
1915 1788 1975 1829 re

398 1843 507 1897 dici
541 1855 786 1914 possent,
817 1866 939 1920 qua:
964 1853 1246 1912 brevitatis
1271 1872 1437 1913 causa
1475 1870 1757 1928 praetereo.

471 1934 680 1990 LXXV.
716 1940 981 1997 Caeterum
1008 1943 1339 2003 Manichmus
1371 1964 1494 2004 cum
1521 1950 1691 2008 aridis
1719 1961 1774 2007 et
1797 1952 1972 2010 effetis

401 2027 690 2086 arboribus
722 2031 891 2103 legem
937 2049 1000 2090 ac
1039 2038 1334 2107 prophetas
1371 2052 1691 2112 comparat,
1726 2044 1830 2099 hac
1884 2060 1975 2116 po-

400 2118 674 2176 tissimum
710 2127 978 2183 sententia
1014 2129 1185 2187 fretus
1217 2153 1229 2186 :
1289 2132 1398 2195 Lex
1425 2143 1475 2188 et
1510 2135 1774 2205 propheta:
1812 2155 1972 2208 usque

402 2212 471 2304 ad
503 2212 765 2272 Joannem
797 2220 858 2287 ³,
894 2238 1005 2292 quo
1050 2225 1185 2279 nihil
1246 2223 1425 2281 ali'erri
1477 2235 1656 2298 potest
1713 2231 1977 2304 ineptius.

401 2303 537 2370 Quis
575 2309 719 2375 enim
746 2312 959 2382 ignorat
987 2315 1076 2370 ubi
1111 2317 1162 2370 id
1203 2317 1344 2388 quod
1376 2332 1406 2370 a
1436 2319 1716 2391 prophetis
1744 2321 1969 2376 nuntia-

399 2396 560 2452 batur
593 2401 871 2471 impletum
924 2415 1048 2474 est,
1104 2391 1335 2464 desiisse
1389 2411 1728 2480 prophetas?
1767 2411 1868 2479 Qui
1921 2415 1968 2469 si

401 2489 659 2562 deinceps
693 2496 1048 2565 prodeuntem
1071 2515 1137 2555 ex
1164 2501 1334 2558 Maria
1361 2503 1640 2561 Christum
1663 2507 1967 2576 praedican-

401 2590 483 2635 tes
535 2583 847 2649 venissent,
884 2589 1123 2643 nondum
1163 2591 1450 2649 advenisse
1483 2594 1635 2648 illum
1666 2603 1963 2666 oporteret.

401 2670 682 2743 Ejusmodi
722 2676 866 2730 enim
913 2677 1025 2734 fere
1056 2679 1186 2736 illud
1219 2691 1303 2738 est
1336 2702 1348 2736 :
1378 2683 1844 2750 Quemadmodum
1873 2703 1971 2742 rex

400 2767 454 2820 in
493 2767 730 2838 aliquam
787 2771 1122 2841 provinciam
1168 2775 1346 2832 iturus
1390 2784 1682 2834 metatores
1722 2785 1848 2835 ante
1910 2793 1971 2836 se

401 2871 466 2911 ac
515 2861 737 2927 nuntios
771 2863 1086 2933 praemittit;
1145 2881 1210 2921 ac
1259 2883 1370 2938 quo
1406 2869 1767 2955 propinquior
1820 2871 1970 2936 illius

399 2949 661 3010 adventus
691 2965 794 3020 est,
821 2972 887 3012 eo
911 2958 1094 3031 plures
1119 2960 1238 3030 ejus
1269 2949 1550 3037 praecones
1572 3004 1586 3028 ,
1625 2978 1688 3022 ac
1714 2979 1971 3034 praecur-

399 3057 554 3100 sores
583 3048 930 3105 antecedunt.
961 3049 1256 3122 Postquam
1291 3063 1467 3110 autem
1502 3054 1754 3125 princeps
1779 3056 1969 3111 urbem

399 3132 680 3208 ingressus
734 3137 933 3206 fuerit,
969 3143 1100 3214 quid
1135 3145 1368 3214 amplius
1422 3147 1766 3216 praeconibus
1806 3147 1972 3221 696

2072 595 2134 646 οὐ
2183 592 2278 647 δύο
2310 594 2546 664 κέκληκε
2598 591 2806 656 Καινάς
2832 633 2846 655 ,
2887 591 3008 645 οὐδὲ
3045 589 3138 643 δύο
3189 588 3466 652 Παλαιάς,
3523 587 3654 640 ἀλλὰ

2077 682 2204 754 μίαν
2235 683 2498 749 Παλαιὰν,
2529 684 2622 738 καὶ
2653 683 2777 755 μίαν
2804 683 3029 753 Καινήν.
3066 680 3174 735 Καί
3203 696 3367 751 φησι·
3397 678 3652 747 Διαθήκη

2072 775 2141 828 δὲ
2191 776 2290 829 ἐπὶ
2346 777 2583 845 νεκροῖς
2622 777 2838 841 βεϐαία
2888 775 3041 828 ἐστί.
3077 773 3174 827 Διὸ
3223 771 3323 826 καὶ
3377 771 3410 838 ἡ
3454 770 3653 838 πρώτη

2073 866 2221 921 ἄνευ
2258 869 2510 937 αἵματος
2537 871 2651 923 οὐκ
2693 867 2952 938 ἐγένετο.
2993 867 3206 920 Ἔλαϐε
3244 865 3355 935 γὰρ
3391 860 3654 930 Μωῢσῆς

2075 961 2142 1012 τὸ
2177 955 2319 1030 αἷμα
2361 957 2481 1014 τῶν
2521 960 2784 1030 τράγων,
2835 959 2934 1013 καὶ
2977 957 3334 1028 ἐρῤάντισεν
3388 954 3534 1010 αὐτὸ
3587 951 3653 1006 τό

2069 1051 2316 1115 βιϐλίον
2346 1051 2446 1104 καὶ
2489 1052 2595 1105 τόν
2631 1052 2815 1106 λαόν.
2861 1050 2960 1104 Διά
2994 1049 3153 1103 τοῦτο
3196 1049 3292 1102 κα)⁸
3347 1049 3380 1119 η
3427 1045 3654 1114 δευτέρα

2075 1143 2168 1195 ἐπὶ
2212 1141 2289 1212 τῷ
2323 1143 2538 1214 θανάτῳ
2564 1142 2659 1195 τοῦ
2693 1142 2943 1213 Σωτῆρος
2993 1141 3148 1211 ἐδόθη
3182 1139 3454 1210 Διαθήκη·
3490 1137 3651 1190 ὁπότε

2080 1234 2319 1306 μάλιστα
2355 1236 2413 1288 αἱ
2448 1235 2754 1306 ἀμφότεραι
2789 1232 3046 1304 ἀλλήλαις
3080 1230 3427 1302 συνᾴδουσιν,
3479 1229 3513 1299 ἡ
3554 1227 3653 1298 μὲν

2077 1325 2308 1396 λέγουσα
2335 1342 2348 1356 ·
2393 1328 2515 1380 Οὐκ
2558 1326 2827 1394 ἐκλείψει
2878 1323 3079 1394 ἅρχων
3123 1323 3192 1388 ἐξ
3243 1321 3429 1378 Ἰούδα
3452 1363 3466 1386 ,
3512 1318 3654 1374 οὐδὲ

2076 1419 2410 1489 ἡγούμενος
2435 1419 2504 1472 ἐκ
2534 1416 2653 1470 τῶν
2680 1415 2889 1487 μηρῶν
2915 1415 3125 1481 αὐτοῦ,
3155 1415 3266 1482 ἕως
3295 1414 3372 1470 ἂν
3403 1413 3550 1482 ἔλθῃ
3575 1412 3607 1465 ὃ
3630 1411 3652 1444 ⁸
3739 1469 3742 1472 λ

2077 1511 2404 1565 ἀπόκειται.
2453 1497 2516 1563 Ἥ
2546 1509 2602 1563 δὲ
2629 1509 2876 1580 δευτέρα,
2907 1509 2987 1564 ὅτι
3023 1507 3166 1574 Θεὸς
3192 1504 3272 1578 ἦν
3301 1508 3371 1560 ἐν
3397 1501 3650 1574 Χριστῷ,

2078 1602 2312 1672 κόσμον
2367 1599 2814 1655 καταλλάσσων
2861 1598 3052 1665 ἑαυτῷ
3077 1641 3091 1663 ,
3133 1597 3218 1670 μὴ
3276 1595 3654 1666 λογιζόμενος

2079 1694 2314 1760 ἑαυτοῖς
2361 1692 2434 1746 τὰ
2479 1693 2937 1761 παραπτώματα.
2998 1691 3107 1745 Καὶ
3149 1688 3320 1744 πολλά
3369 1687 3483 1741 ἐστι
3524 1685 3654 1758 περὶ

2078 1787 2266 1844 τούτου
2311 1785 2519 1855 λέγειν·
2556 1783 2642 1837 διά
2676 1783 2730 1841 δὲ
2773 1784 2871 1858 τὴν
2925 1781 3217 1854 συντομίαν
3249 1779 3648 1852 ὑπερϐήσομαι.

2146 1962 2264 2015 OE'.
2314 1959 2564 2031 Δένδρεσι
2612 1958 2669 2011 δὲ
2719 1958 3122 2029 ἑξηραμμένοις
3160 1955 3254 2008 καί
3289 1953 3652 2025 γεγηρακόσιν

2074 2051 2360 2123 ἀπεικάζει
2388 2050 2548 2105 πάλιν
2573 2050 2737 2121 νόμον
2769 2049 2861 2104 καὶ
2890 2051 3174 2121 προφήτας
3195 2090 3213 2114 ,ι
3243 2045 3401 2118 δῆθεν
3423 2044 3529 2099 ἀπὸ
3557 2043 3650 2097 τοῦ

2075 2143 2240 2216 ῥητοῦ
2282 2136 2344 2197 οὗ
2374 2143 2593 2215 εἴρηκεν
2615 2159 2628 2173 ·
2677 2141 2739 2196 '0
2767 2141 2953 2210 νόμος
2996 2140 3094 2193 καὶ
3136 2142 3188 2193 οὶ
3218 2136 3516 2207 προφῆται
3541 2135 3650 2202 ἓως

2087 2236 2389 2291 Ἰωάννου.
2422 2237 2533 2290 Καὶ
2569 2234 2722 2289 οὐδὲν
2753 2233 2940 2287 τούτου
2966 2231 3340 2304 ἠλιθιώτερον.
3387 2229 3505 2281 Τίνι
3541 2227 3650 2301 γὰρ

2072 2331 2132 2396 οὺ
2169 2329 2336 2398 σαφὲς
2379 2328 2656 2398 ὑπάρχει,
2696 2326 2813 2389 ὅτι,
2857 2323 3235 2396 πληρωθέντος
3272 2319 3364 2375 τοῦ
3408 2320 3512 2374 ὑπὸ
3542 2319 3650 2374 τῶν

2073 2418 2369 2492 προφητῶν
2399 2414 2905 2486 καταγγελλομένου
2929 2455 2945 2480 ,
2976 2410 3332 2481 έτελέσθησαν
3355 2412 3404 2463 οἱ
3434 2409 3648 2480 προφῆ-

2071 2529 2196 2579 ται;
2241 2512 2304 2565 El
2332 2509 2441 2582 γὰρ
2490 2509 2570 2562 ἔτι
2618 2508 2895 2579 προφῆται
2927 2507 3156 2578 ἤρχοντο
3191 2503 3651 2572 καταγγέλλοντες

2070 2603 2305 2676 Χριστὸν
2333 2601 2623 2674 ἐρχόμενον
2653 2598 2764 2653 ἀπὸ
2795 2597 3013 2669 Μαρίας
3037 2639 3051 2664 ,
3085 2595 3235 2650 οῠπω
3259 2593 3491 2667 Χριστὸς
3556 2593 3650 2644 ὲπ-

2070 2696 2359 2768 εδήμησεν.
2391 2694 2574 2747 Ἐοικε
2627 2691 2736 2764 γὰρ
2795 2689 3052 2754 ὑπόθεσις
3097 2686 3235 2759 αῦτη
3275 2685 3498 2756 τοιούτῳ
3543 2683 3649 2738 τινὶ

2072 2787 2356 2860 πράγματι
2381 2803 2395 2817 °
2442 2785 2529 2850 Ὠς
2568 2785 2840 2856 βασιλεὺς,
2876 2781 3084 2855 μέλλων
3112 2779 3409 2849 ἀποδημεῖν
3435 2778 3515 2840 είς
3541 2774 3648 2846 χώ-

2075 2901 2173 2965 ραν
2195 2924 2208 2948 ,
2253 2881 2570 2952 προπέμπει
2600 2878 2828 2932 ἐνώπιον
2893 2874 3056 2930 αὐτοῦ
3094 2875 3177 2944 ἐφ’
3212 2873 3410 2936 ἵππους
3461 2871 3482 2902 ⁹
3516 2885 3649 2965 προ-

2070 2961 2415 3045 ετοιμαστάς,
2435 2971 2982 3044 προκαταγγέλτορας
3002 2985 3015 2999 °
3047 2968 3141 3022 καὶ
3171 2968 3293 3020 ὅσον
3317 2967 3350 3038 ἡ
3375 2961 3648 3035 παρουσία

2072 3065 2262 3138 ψθάνει
2297 3064 2392 3118 τοῦ
2425 3063 2709 3136 βασιλέως,
2740 3064 2981 3140 τοσούτῳ
3007 3060 3224 3123 πλείους
3251 3059 3300 3112 οἱ
3323 3059 3421 3135 τῆς
3449 3070 3647 3133 παρου-

2074 3157 2196 3221 σίας
2217 3158 2456 3228 κήρυκες
2487 3155 2984 3227 προλαμϐάνοντες,
3015 3153 3109 3206 καὶ
3131 3154 3188 3206 ὲν
3216 3153 3336 3214 ταῖς
3366 3149 3549 3202 πόλεσι
3578 3146 3647 3208 τνά

399 3240 540 3299 opus
573 3238 656 3293 est
679 3270 694 3294 ,
745 3239 837 3286 aut
866 3235 1162 3292 veredariis
1187 3278 1201 3304 ,
1243 3239 1562 3308 exterisque
1595 3240 1970 3311 regisadven-

2074 3248 2169 3320 τῆς
2197 3248 2496 3320 παρουσίας
2524 3247 2948 3315 διαγγέλλοντες.
2997 3243 3165 3297 Ἐπάν
3192 3243 3249 3296 δὲ
3282 3241 3463 3318 φθάσῃ,
3491 3239 3645 3310 ὁ-βα-

399 3329 487 3386 tns
531 3325 872 3391 praenuntiis,
923 3341 1046 3381 cum
1081 3329 1192 3397 jam
1227 3329 1342 3400 ipse
1366 3333 1510 3402 intra
1547 3333 1746 3387 muenia
1793 3347 1974 3388 verse-

399 3410 524 3464 tur?
574 3410 777 3482 Eodem
848 3415 1010 3470 modo
1055 3417 1140 3471 (ex
1198 3428 1247 3473 et
1283 3421 1547 3490 propheta:
1599 3421 1668 3475 ad
1714 3421 1975 3478 Joannem

398 3489 987 3576 usqu‘e‘perstiterunt.
1049 3505 1343 3579 Postquam
1384 3489 1581 3566 autem
1619 3511 1856 3573 Joannes
1917 3512 1974 3567 in

398 3590 616 3659 deserto
646 3594 990 3664 praedicavit,
1034 3605 1087 3651 et
1125 3612 1323 3668 agnum
1371 3600 1520 3655 illum
1547 3617 1670 3658 esse
1703 3601 1794 3656 Dei
1827 3618 1975 3658 mon-

398 3683 627 3748 stravit,
685 3686 776 3756 qui
828 3687 967 3741 totlit
1011 3701 1225 3758 peccata
1272 3692 1454 3746 mundi
1478 3695 1520 3758 ⁸,
1572 3694 1708 3748 nihil
1737 3695 1973 3765 amplius

399 3775 694 3858 prophetas
726 3777 867 3832 mitti
899 3765 1124 3838 necesse
1159 3791 1282 3849 est,
1313 3786 1407 3854 qui
1443 3785 1600 3842 nobis
1651 3785 1853 3842 Christi
1904 3803 1972 3843 ex

399 3865 622 3937 Virgine
670 3877 849 3925 ortum
880 3873 1280 3946 adventumque
1309 3877 1647 3934 denuntient.
1684 3875 1823 3935 Olim
1855 3879 1973 3950 qui-

397 3960 525 4030 dem,
556 3964 850 4018 necessarii
881 3965 956 4022 illi
989 3964 1228 4034 fuerunt,
1276 3969 1369 4044 qui
1397 3970 1646 4026 eumdem
1689 3971 1840 4025 illum
1882 3971 1973 4027 ad-

397 4054 582 4108 venire
604 4055 937 4123 nuntiarent,
972 4067 1030 4112 ut
1058 4048 1322 4116 adventus
1373 4060 1493 4130 ejus
1523 4061 1627 4128 hoc
1667 4061 1786 4133 ipso
1837 4062 1971 4126 ﬁdes

398 4153 772 4214 astrueretur,
813 4149 954 4217 quod
1007 4157 1132 4204 ante
1180 4151 1515 4221 signiﬁcatus
1567 4152 1764 4208 fuerat.
1802 4151 1971 4223 Porro

397 4237 851 4306 quemadmodum
897 4241 942 4309 si
984 4242 1116 4312 quis.
1162 4244 1509 4315 paedagogum
1539 4245 1755 4310 habeat,
1801 4246 1972 4317 (recte

396 4329 544 4384 enim
577 4330 680 4385 hac
711 4332 1070 4398 similitudine
1106 4335 1312 4398 utimur
1335 4379 1349 4402 ,
1398 4352 1520 4392 cum
1551 4338 1848 4408 Apostolus
1885 4339 1971 4392 di-

396 4429 520 4474 cat:
557 4420 886 4494 Pa'dagogus
930 4434 1108 4479 noster
1154 4426 1258 4497 fuit
1314 4427 1396 4480 lea:
1436 4428 1489 4481 in
1525 4427 1737 4482 Domini
1777 4427 1971 4484 adven-

397 4521 507 4565 tum
538 4512 606 4584 ",)
667 4523 953 4586 postquam
981 4515 1313 4583 adoleverit,
1351 4524 1406 4573 et
1440 4527 1824 4592 prmeeptorem
1879 4519 1970 4575 ha-

396 4601 612 4666 buerit,
666 4617 777 4657 non
830 4605 1054 4659 omnino
1095 4606 1444 4682 paedagogum
1496 4609 1642 4664 velut
1682 4609 1966 4676 inimicum
2000 4594 2046 4653 D

395 4695 638 4764 respuit:
691 4695 766 4750 ita
811 4706 863 4753 et
895 4713 998 4752 nos
1053 4713 1150 4768 per
1210 4699 1385 4769 legem
1458 4715 1522 4754 ac
1570 4701 1862 4778 prOphetas
1899 4702 1968 4757 ad

393 4787 744 4860 prazceptoris
777 4787 1066 4843 adventum
1106 4805 1278 4860 usque
1332 4791 1620 4862 perducti,
1676 4793 1768 4847 ubi
1821 4792 1968 4848 hunc
2001 4793 2013 4808 '

395 4881 543 4936 nacti
566 4897 759 4937 sumus
780 4921 795 4946 ,
833 4883 1183 4958 paedagogum
1211 4888 1335 4938 cum
1367 4885 1664 4956 ignominia
1697 4878 1804 4953 no'n
1835 4887 1966 4957 reji-
2001 4899 2012 4911 '

395 4973 594 5037 cimus,
624 4973 719 5028 sed
751 4975 801 5030 ei
835 4975 1063 5044 gratiam
1094 4976 1274 5045 potius
1304 4976 1584 5041 habemus,
1612 4978 1757 5048 quod
1790 4978 1970 5047 infan-

396 5065 529 5118 tiam
562 5071 806 5119 nostram
855 5081 951 5135 per
989 5065 1129 5120 viam
1176 5065 1452 5122 deducens
1500 5067 1569 5132 ad
1615 5068 1967 5138 perfectiores

395 5171 496 5210 nos
525 5155 842 5226 disciplinas
896 5157 1248 5227 promoverit.
1304 5156 1435 5213 item
1488 5159 1633 5214 velut
1667 5161 1713 5216 si
1751 5162 1877 5232 quis
1912 5163 1968 5218 in

398 5247 507 5310 alto
559 5249 692 5302 mari
747 5251 1141 5320 navigaturus,
1183 5258 1502 5320 comparata,
1557 5251 1764 5322 majore
1817 5256 1968 5320 navi,

397 5335 592 5404 exiguo
617 5335 792 5390 lembo
819 5337 1061 5391 vicinum
1100 5337 1269 5392 littori
1323 5338 1496 5393 salum
1519 5379 1534 5404 ,
1575 5339 1632 5394 in
1661 5356 1770 5411 quo
1797 5343 1972 5412 major

397 5427 488 5495 illa
510 5427 664 5482 navis
691 5427 950 5495 ﬂuctuat,
1003 5429 1278 5499 trajecerit
1306 5469 1344 5494 ,_
1373 5439 1428 5484 et
1472 5431 1540 5499 ad
1579 5447 1700 5488 eam
1741 5433 1970 5500 minoris

400 5521 561 5590 hujus
594 5522 857 5578 beneﬁcio
899 5525 1239 5595 pervenerit,
1278 5524 1367 5580 ubi
1410 5526 1668 5596 majorem
1708 5526 1947 5582 attinerit

473 5705 486 5733 ι
528 5702 648 5758 Gal.
675 5719 748 5768 tv,
785 5705 876 5760 at.
953 5709 972 5739 ε
1012 5681 1174 5763 Hebr.
1209 5725 1284 5769 Ix,
1324 5709 1388 5763 17
1426 5709 1508 5763 19.

398 5769 486 5846 go.
563 5775 582 5807 ⁷
611 5773 730 5832 Gal.
757 5777 940 5842 ωλι.
1015 5778 1036 5809 ⁸
1075 5777 1199 5834 Cor.
1373 5781 1394 5812 θ
1422 5778 1863 5863 Leg.é<pi1=muc.

2077 3341 2256 3402 σιλεὺς
2298 3339 2558 3393 εἰσελθεῖν
2585 3341 2666 3403 εἰς
2709 3338 2809 3409 τὴν
2837 3337 2988 3390 πόλιν
3014 3375 3028 3401 ,
3053 3335 3133 3400 τίς
3177 3334 3256 3388 ἔτι
3286 3333 3442 3407 χρεία
3473 3330 3647 3405 κηρύ-

2075 3448 2222 3497 κων;
2256 3431 2352 3495 Τίς
2408 3431 2487 3483 ἐτι
2533 3430 2693 3502 χρεία
2737 3428 2820 3498 ἐφ’
2855 3429 3075 3492 ἵππων,
3117 3426 3150 3497 ἢ
3193 3424 3300 3480 τῶν
3333 3424 3505 3480 ἄλλων
3535 3421 3646 3474 τῶν

2074 3521 2657 3594 προκαταγγελλόντων
2709 3519 2809 3591 τὴν
2863 3518 2956 3572 τοῦ
3013 3515 3272 3588 βασιλέως
3319 3511 3645 3586 παρουσίαν,

2073 3615 2234 3669 ὁπότε
2274 3614 2434 3677 αὐτὸς
2472 3616 2500 3668 6
2532 3611 2782 3686 βασιλεὺς
2819 3611 2965 3666 ἔνδον
2994 3610 3264 3680 ὑπάρχεις
3303 3605 3459 3660 Οῦτω
3483 3606 3577 3658 καὶ
3613 3606 3648 3658 ὁ

2072 3708 2254 3775 νόμος
2286 3704 2453 3760 καίοι
2481 3687 2778 3774 προφῆται
2798 3701 2972 3772 ἄχρις
3013 3699 3308 3756 Ἰωάννου.
3339 3694 3645 3769 [Ἰωάννου]

2073 3796 2135 3867 δὲ,
2148 3795 2483 3868 κηρύξαντος
2505 3797 2687 3868 φωνὴν
2711 3796 2770 3849 ὲν
2795 3798 2860 3867 τῇ
2885 3794 3074 3865 ἐρήμῳ
3099 3833 3114 3858 ,
3135 3793 3227 3846 καὶ
3244 3790 3514 3856 δείξαντος
3535 3830 3549 3852 ,
3564 3789 3647 3842 ὃτι

2072 3883 2225 3952 οὗτός
2264 3889 2409 3942 ἐστιν
2441 3890 2468 3942 6
2501 3887 2671 3960 ἀμνὸς
2701 3888 2794 3942 τοῦ
2830 3886 2996 3955 Θεοῦ,
3044 3889 3077 3940 ὁ
3109 3884 3294 3954 αἴρων
3321 3882 3435 3951 τὴν
3461 3881 3647 3952 ἀμαρ-

2072 3979 2208 4032 τίαν
2251 3978 2355 4032 τοῦ
2401 3979 2673 4048 κόσμου,
2708 3977 2891 4031 οὐκέτι
2947 3974 3240 4048 προφητῶν
3293 3975 3408 4026 ἐστι
3466 3970 3644 4042 χρεία,

2072 4071 2220 4134 ὅπως
2260 4070 2485 4134 ἔλθωσι,
2519 4071 2614 4134 καὶ,
2649 4069 2957 4142 κηρύξωσιν
2985 4071 3117 4140 ἡμῖν
3147 4067 3245 4140 τὴν
3272 4065 3365 4120 τοῦ
3407 4062 3646 4140 Χριστοῦ

2072 4162 2180 4216 ἀπὸ
2212 4161 2490 4233 Παρθένου
2521 4161 2841 4233 παρουσίαν.
2879 4162 3051 4234 Χρεία
3083 4159 3139 4214 δὲ
3183 4159 3289 4212 τῶν
3333 4171 3648 4227 προκαταγ-

2071 4254 2364 4323 γειλάντων
2403 4253 2566 4308 αὐτοῦ
2606 4253 2703 4325 τὴν
2731 4253 3030 4325 παρουσίαν
3065 4252 3194 4324 πρὸς
3229 4249 3516 4320 βεϐαίωσιν
3547 4247 3647 4317 τῆς

2071 4346 2235 4400 αὐτοῦ
2289 4347 2589 4418 παρουσίας
2618 4386 2633 4411 ,
2668 4329 2749 4400 δτι
2795 4343 3260 4416 προκατήγγελτο.
3325 4342 3410 4405 Ὠς
3443 4339 3551 4410 γὰρ
3596 4337 3650 4392 εἴ

2070 4454 2153 4500 τις
2183 4437 2527 4506 παιδαγωγὸν
2561 4436 2671 4509 ἔχοι
2702 4437 2974 4509 (καθάπερ
3012 4437 3104 4490 καὶ
3139 4437 3166 4488 6
3211 4433 3527 4498 Ἀπόστολος
3561 4432 3647 4486 λέ-

2072 4545 2188 4598 γει,
2239 4528 2321 4582 ὅτι
2353 4518 2730 4600 Παιδαγωγός
2772 4527 2942 4597 ἡμῶν
2987 4527 3234 4598 γέγονεν
3260 4528 3293 4580 ό
3344 4525 3527 4594 νόμος
3557 4525 3646 4588 εὶς

2072 4619 2188 4688 τὴν
2234 4619 2341 4674 τοῦ
2404 4600 3094 4692 Κυρίοαπαρουσίαν),
3157 4619 3296 4673 ὲπάν
3347 4619 3404 4672 δὲ
3464 4617 3646 4690 φθάσῃ

2073 4708 2288 4780 ἡλικίας
2317 4709 2598 4779 γενέσθαι,
2625 4712 2721 4765 καὶ
2749 4709 3042 4764 καταλάϐοι
3075 4711 3165 4763 τὸν
3203 4709 3520 4764 διδάσκαλον
3545 4749 3558 4774 ,
3582 4710 3644 4762 οὐ

2074 4801 2292 4869 πάντως
2359 4801 2722 4856 ἀποϐάλλεται
2781 4802 2870 4854 τὸν
2919 4801 3261 4870 παιδαγωγὸν
3315 4801 3390 4865 ὡς
3453 4799 3646 4872 ἐχθρὸν

2074 4892 2388 4965 ὑπάρχοντα
2409 4910 2423 4924 ·
2464 4891 2606 4949 οὕτω
2645 4893 2739 4948 καὶ
2775 4895 2934 4964 ἡμεῖς
2967 4892 3433 4965 καθωδηγήθημεν
3474 4895 3532 4946 ὲν
3560 4891 3648 4944 νό-

2078 5000 2162 5053 μῳ
2192 4982 2286 5034 καὶ
2330 4983 2388 5035 ἐν
2421 4983 2726 5053 προφήταις
2759 4981 2864 5045 ἕως
2891 4982 2990 5053 τῆς
3029 4981 3330 5053 παρουσίας
3362 4980 3457 5034 τοῦ
3502 4979 3647 5035 διδα-

2077 5059 2298 5128 σκάλου.
2328 5073 2593 5145 Εὑρόντες
2621 5073 2680 5127 δὲ
2706 5074 2795 5127 τὸν
2825 5073 3141 5128 διδάσκαλον
3175 5075 3275 5127 οὐκ
3309 5074 3646 5144 ἀτιμάζομεν

2073 5168 2163 5221 τὸν
2195 5167 2559 5236 παιδαγωγὸν,
2598 5165 2735 5220 ἀλλά
2764 5166 2860 5220 καὶ
2891 5166 3047 5238 χάριν
3079 5165 3228 5237 αὐτῷ
3257 5165 3642 5236 ὁμολογοῦμεν,

2075 5257 2155 5310 ὅτι
2183 5257 2280 5328 τὴν
2307 5257 2462 5328 ἡμῶν
2487 5259 2787 5329 νηπιότητα
2821 5259 3194 5330 καθοδηγήσας
3225 5259 3305 5320 εἰς
3340 5258 3408 5312 τὰ
3436 5257 3644 5311 ἐντελέ-

2077 5365 2244 5419 στερα
2270 5349 2418 5419 ἡμᾶς
2454 5348 2748 5420 μαθήματα
2779 5348 3189 5420 προεπέμψατο.
3238 5349 3308 5401 Ἢ
3339 5347 3520 5413 καθὼς
3549 5346 3646 5401 ἐάν

2074 5457 2158 5503 τις
2180 5479 2195 5503 ,
2251 5439 2456 5510 μέλλων
2503 5441 2654 5494 πλεῖν
2694 5441 2755 5494 ὲν
2791 5441 3068 5514 θαλάσσῃ,
3115 5439 3227 5511 ἔχοι
3276 5439 3517 5511 μεγάλην
3550 5439 3648 5510 τὴν

2075 5528 2208 5582 ναῦν
2255 5531 2314 5584 ὲν
2353 5530 2560 5602 ἀκατίῳ
2587 5530 2643 5584 δὲ
2670 5531 2853 5603 μικρῷ
2881 5531 3099 5587 ἐπέλθοι
3127 5531 3188 5585 τὸ
3219 5531 3377 5597 σάλος
3401 5531 3463 5585 τὸ
3495 5528 3648 5600 παρά

1608 5709 1626 5739 ⁸
1656 5709 1796 5781 _Gen.
1834 5725 1979 5780 thx,
2021 5712 2102 5767 10.
2181 5713 2202 5745 ⁸
2252 5710 2296 5766 ll
2331 5713 2459 5769 Cor.
2502 5732 2551 5781 ν,
2602 5715 2688 5770 i9.
2765 5717 2784 5746 '
2831 5715 2961 5770 Luc.
3020 5730 3132 5781 xw,
3175 5713 3259 5767 t6.
3339 5710 3542 5769 'Joan.
3601 5724 3643 5778 t,
