4076 6392
435 381 534 441 ’151

1811 375 1867 431 S.
1912 373 2251 432 EPIPIIANII

3572 379 3676 434 452

438 499 718 556 mentitur.
749 495 878 552 Nam
908 511 1030 551 cum
1065 512 1129 551 ex
1161 509 1353 550 eorum
1379 509 1630 557 numero,
1655 493 1748 562 qui
1783 502 1896 548 tum
1927 493 2004 546 illi

2129 497 2270 548 ἵατα.
2323 495 2408 548 Ἐν
2439 496 2608 550 ἆπασι
2647 496 2704 550 δέ
2755 496 3024 566 ψεύδεται.
3067 496 3390 567 Βουλόμενος
3423 496 3530 567 γὰρ
3574 496 3676 549 θω-

440 591 796 662 disputationi
851 595 1150 660 praesentes
1197 587 1460 651 aderant,
1497 585 1809 656 quempiam
1848 585 2009 639 vellet

441 698 540 754 per
585 682 960 744 ambitionem,
1014 693 1076 732 ac
1105 677 1400 733 blanditias
1435 692 1649 747 rapere,
1697 675 2008 730 istiusmodi

441 774 670 829 vocibus
713 781 796 827 est
847 787 1017 829 usus.
1065 785 1128 824 ac
1180 771 1328 824 velut
1374 784 1555 824 escam
1596 777 1652 824 et
1696 769 2006 823 illecebram

439 866 700 937 aspersit,
735 872 795 917 ut
835 863 939 916 hac
966 863 1043 916 illi
1075 863 1389 917 adulatione
1413 861 1480 914 ad
1515 861 1636 931 ejus
1671 877 1730 916 se
1777 860 2010 915 societa-

440 967 548 1012 tem
581 962 938 1026 aggregarent
959 993 973 1015 ,
1004 960 1063 1006 ut
1092 968 1216 1006 cum
1263 951 1505 1021 adjuncti
1536 959 1717 1006 essent
1737 992 1750 1012 ,
1789 950 2008 1019 gloriari

438 1065 503 1103 ac
529 1048 740 1118 jactare
763 1055 946 1116 posset
970 1061 1029 1100 se
1061 1045 1204 1109 illos,
1231 1053 1522 1114 antequam
1556 1044 1620 1097 ad
1658 1058 1715 1098 se
1741 1043 2008 1099 venirent.

442 1141 694 1209 cognitos
751 1137 1028 1192 habuisse.
1089 1135 1194 1192 Sed
1244 1136 1386 1191 idem
1422 1137 1498 1189 illi
1532 1135 1795 1205 contigit,
1845 1133 2014 1205 698

440 1231 586 1300 quod
613 1231 848 1300 Apollini
873 1230 985 1284 vati
1015 1248 1027 1284 :
1060 1229 1176 1299 qui,
1227 1237 1285 1283 ut
1314 1235 1400 1284 est
1425 1229 1480 1282 in
1507 1226 1820 1282 Graecorum
1858 1227 2014 1281 tabu-

444 1321 515 1376 lis
551 1336 675 1376 cum
719 1320 842 1375 aliis
871 1319 1056 1374 futura
1090 1318 1431 1389 praediceret,
1463 1318 1569 1372 sibi
1603 1317 1706 1386 ipsi
1735 1331 1842 1368 non
1874 1330 2014 1384 prie-

447 1412 614 1482 sagiit
637 1451 653 1475 ,
687 1412 782 1466 sed
822 1426 924 1466 suo
953 1411 1126 1481 ipsius
1152 1409 1378 1464 oraculo
1407 1408 1691 1463 fraudatus
1729 1415 1810 1462 est
1831 1445 1845 1468 ,
1885 1421 2012 1460 cum

444 1507 655 1562 scilicet
688 1505 942 1574 Daphnes
969 1517 1156 1558 amore
1193 1501 1430 1570 ﬂagrans
1460 1501 1530 1555 ob
1558 1500 1678 1569 ejus
1707 1500 2012 1555 castitatem

445 1596 670 1665 compos
707 1611 829 1650 esse
877 1610 986 1648 non
1023 1593 1216 1663 potuit.
1270 1592 1347 1645 Ita
1394 1590 1726 1644 Manichacus
1780 1605 1905 1643 cum
1955 1604 2014 1644 se

445 1703 578 1744 suos
610 1703 773 1742 nosse
799 1687 1212 1748 vaticinaretur,
1241 1697 1306 1738 ac
1335 1681 1576 1737 Marcelli
1605 1681 1860 1751 captandi
1887 1695 2012 1750 gra-

447 1781 522 1833 tia
557 1780 813 1842 venisset,
837 1793 940 1832 sua
968 1777 1121 1831 illum
1153 1775 1418 1831 frustrata
1448 1775 1713 1829 diVinatio
1741 1780 1847 1828 est.
1879 1771 2012 1824 Nam

446 1885 624 1940 neque
675 1869 951 1933 Marcello,
1001 1884 1180 1938 neque
1222 1869 1380 1922 alteri
1429 1867 1685 1936 cuiquam
1737 1881 1832 1936 per
1883 1865 2017 1920 illud

447 1974 662 2034 tempus
692 1964 945 2034 dogmata
973 1977 1072 2019 sua
1098 1963 1333 2033 probare
1365 1961 1558 2032 potuit.

517 2048 797 2110 LXXVIII.
837 2055 1140 2122 Praeterea,
1173 2052 1364 2116 Nemo,
1425 2053 1603 2122 inquit
1658 2051 1768 2113 ille,
1817 2049 2019 2120 priscis

448 2149 791 2218 temporibus
819 2148 1055 2204 salutem
1087 2147 1315 2216 adeptus
1345 2153 1451 2209 est,
1499 2145 1604 2199 nisi
1637 2143 1706 2198 ab
1751 2158 1897 2196 anno
1927 2143 2020 2197 de-

447 2241 594 2295 cimo
611 2240 803 2310 quinto
825 2239 1028 2294 Tiberii
1050 2238 1286 2293 Caesaris
1304 2238 1371 2292 ad
1395 2245 1606 2292 atatem
1641 2251 1814 2306 usque
1837 2249 2016 2299 suam,

449 2349 571 2404 qua:
610 2333 662 2386 in
698 2331 861 2387 Probi
897 2340 952 2387 et
1002 2331 1375 2386 antecessoris
1414 2329 1695 2385 Aureliani
1733 2327 2019 2397 imperium

451 2427 665 2488 incidit,
693 2426 801 2481 sub
829 2425 1032 2495 quibus
1061 2422 1394 2478 Manichaaus
1422 2421 1577 2474 vixit.
1606 2420 1663 2474 ln
1685 2433 1795 2488 quo
1830 2431 2020 2470 rursus

449 2518 828 2590 explodendus
865 2516 1038 2580 venit,
1081 2530 1209 2570 cum
1259 2513 1327 2568 de
1376 2512 1562 2566 multis
1610 2512 1738 2566 olim
1789 2509 2020 2565 salutem

450 2613 721 2668 assecutis
755 2619 865 2664 ta-m
901 2609 1176 2679 Evangelii
1214 2622 1378 2677 quam
1408 2605 1780 2676 apostolorum
1819 2602 2022 2670 scripta

451 2702 818 2765 meminerint,
852 2701 960 2754 imo
987 2707 1041 2752 et
1075 2699 1337 2753 Dominus
1376 2699 1489 2767 ipse
1527 2713 1541 2749 :
1577 2694 1902 2764 Requirelur.
1935 2695 2020 2747 in-

450 2793 608 2864 quit,
656 2792 720 2847 ab
754 2792 852 2845 hac
885 2791 1216 2862 generatione
1245 2771 1462 2858 unguis
1500 2788 1670 2840 omnis
1695 2788 1901 2854 justus,
1933 2785 2024 2855 qui

451 2885 649 2954 emtam
679 2893 758 2938 est
791 2901 824 2938 a
852 2883 1104 2952 sanguine
1152 2879 1282 2934 Abel
1314 2881 1451 2947 justi
1479 2921 1492 2943 ,
1523 2894 1684 2948 usque
1715 2876 1783 2930 ad
1813 2875 2024 2946 sangui-

451 2991 569 3030 nem
605 2975 882 3028 Zachariae
903 3017 917 3040 ,
946 2975 1036 3043 qui
1061 2973 1259 3041 effusus
1291 2981 1368 3026 est
1397 2971 1535 3023 inter
1565 2969 1810 3038 templum
1852 2977 1901 3021 et
1943 2969 2024 3020 at—

453 3077 572 3128 ιον-ε,
601 3070 640 3120 ί.
668 3066 922 3120 Potuitne
967 3066 1152 3133 justus
1199 3063 1356 3127 Abel,
1407 3070 1501 3116 aut
1549 3060 1849 3114 Zacharias
1878 3074 2020 3123 esse,

2112 589 2240 660 πείᾳ
2272 589 2515 658 ἁρπάσαι
2541 587 2736 659 ψυχὴν,
2771 589 2912 642 κατὰ
2941 589 3047 642 τῶν
3078 589 3198 641 τότε
3220 589 3498 657 παρόντων
3529 590 3585 641 ἐν
3610 593 3678 661 τῇ

2113 683 2405 754 συζητήσει
2433 682 2619 738 τοῦτον
2651 683 2832 748 ἐξεῖπε
2879 684 2969 736 τὸν
3004 683 3182 751 λόγον,
3219 683 3566 753 ὑποσπείρων
3591 681 3677 734 δέ·

2110 775 2264 846 λεαρ,
2299 774 2374 836 ώς
2397 775 2590 836 εἰπεῖν,
2625 773 2710 826 ἵνα
2735 773 2823 826 διὰ
2849 774 2948 844 τῆς
2971 775 3258 837 κολακείας
3283 774 3504 838 δόξωσιν
3533 775 3680 845 αὑτῷ

2114 865 2509 919 συνάπτεσθαι·
2545 866 2652 928 ἴνα,
2696 867 2825 918 ὅταν
2871 865 3232 933 συναφθῶσιν,
3272 865 3500 936 ἄρξηται
3547 883 3675 934 κομ-

2115 960 2308 1022 πάζειν
2361 960 2452 1012 καὶ
2507 958 2704 1027 λέγειν,
2761 958 2959 1012 είδέναι
3033 958 3228 1020 αὑτοὺς
3278 959 3406 1026 πρὶν
3470 957 3502 1027 ἦ
3580 959 3678 1027 τὴν

2113 1050 2296 1121 ἄφιξιν
2325 1052 2459 1122 πρὸς
2484 1051 2644 1104 αὑτὸν
2665 1053 3017 1120 ποιήσωνται.
3038 1049 3232 1116 Γέγονε
3259 1048 3316 1101 δὲ
3347 1047 3533 1110 αὑτοῦ,
3559 1048 3633 1112 ώς
3653 1051 3681 1101 6

2114 1145 2223 1196 τῶν
2269 1141 2534 1212 Ἐλλήνων
2565 1140 2732 1211 μῦθος
2753 1140 2894 1193 κατὰ
2919 1139 3010 1192 τὸν
3043 1138 3354 1191 Ἀπόλλωνα
3369 1139 3461 1192 τὸν
3484 1140 3674 1209 μάντιν

2117 1235 2513 1306 μαντευόμενον
2545 1235 2656 1296 τοῖς
2707 1232 2906 1298 ἄλλοις,
2951 1231 3125 1302 ἐαυτῷ
3171 1231 3228 1284 δὲ
3281 1232 3355 1302 μὴ
3389 1231 3682 1300 δυνάμενον

2119 1325 2511 1396 μαντεύεσθαι,
2579 1324 2714 1378 ἀλλὰ
2767 1323 3160 1377 ἐκπεπτωκότα
3212 1322 3372 1375 αὑτὸν
3421 1321 3515 1374 τοῦ
3551 1339 3681 1392 μαν-

2115 1420 2282 1478 τείου,
2317 1419 2523 1490 ἐρῶντα
2551 1419 2650 1488 τῆς
2678 1419 2914 1488 Δάφνης,
2951 1417 3046 1468 καὶ
3089 1414 3482 1468 ἐκπεπτωκότα
3519 1413 3684 1484 αὐτῆς

2115 1511 2202 1565 διὰ
2227 1509 2596 1580 σωφροσύνην.
2625 1507 2779 1562 Οὕτω
2797 1510 2890 1560 καὶ
2909 1501 3063 1569 οὗτος
3089 1508 3118 1558 6
3143 1507 3333 1575 Μάνης
3360 1505 3687 1575 ἐμαντεύετο

2119 1603 2219 1674 μὲν
2247 1602 2443 1655 εἰδέναι
2469 1603 2594 1663 τοὺς
2625 1599 2805 1662 ίδίους,
2828 1599 2986 1666 φύσει
3016 1597 3072 1650 δὲ
3097 1596 3184 1648 διὰ
3216 1594 3530 1667 Μάρκελλον
3553 1589 3686 1665 ἧκεν

2118 1695 2427 1766 ὑποχείριον
2466 1693 2626 1746 αὑτὸν
2674 1692 2990 1763 ληψόμενος.
3027 1691 3283 1742 Διέπεσεν
3314 1689 3370 1740 δὲ
3417 1688 3477 1740 τὸ
3523 1686 3685 1740 αὑτοῦ

2051 1831 2094 1885 Β
2122 1790 2390 1859 μαντεῖον.
2443 1785 2576 1838 Οῦτε
2605 1785 2711 1854 γὰρ
2761 1783 2908 1853 αὑτῷ
2940 1780 3255 1852 Μάρκελλος
3285 1780 3531 1848 ἐπείσθη,
3569 1777 3687 1831 οὑδέ

2118 1896 2202 1941 τις
2225 1879 2411 1950 ἕτερος
2435 1876 2554 1930 κατ’
2580 1877 2752 1928 ἐκεῖνο
2775 1873 2970 1945 καιροῦ
2995 1873 3104 1926 τῶν
3128 1874 3248 1926 τότε
3281 1872 3378 1925 ἀνθ
3388 1872 3603 1943 ρώπων.

2190 2052 2313 2108 OH'.
2345 2050 2479 2107 Εἶτα
2509 2053 2642 2123 ἔφη,
2675 2053 2755 2106 ὅτι
2787 2051 2868 2104 Τὰ
2899 2051 3102 2105 παλαιὰ
3139 2051 3232 2122 έτη
3273 2050 3447 2113 οὐδεὶς
3491 2048 3688 2121 ἐσώθη,

2119 2149 2253 2203 ἀλλὰ
2283 2148 2389 2201 ἀπὸ
2421 2145 2515 2200 τοῦ
2566 2144 3047 2199 πεντεκαιδεκάτου
3079 2142 3231 2206 ἔτους
3273 2143 3524 2214 Τιϐερίου
3559 2142 3692 2196 Καί-

2123 2258 2286 2312 σαρος
2340 2239 2465 2309 ἄχρι
2523 2237 2629 2290 τῶν
2675 2236 2851 2289 αὐτῶν
2877 2236 2897 2264 ⁸
2927 2220 3154 2306 χρόνων.
3197 2233 3404 2305 Πρόϐος
3449 2234 3506 2286 δὲ
3549 2228 3615 2303 ἦν
3661 2233 3692 2286 6

2120 2336 2240 2387 κατ’
2286 2333 2460 2386 ἐκεῖνο
2499 2329 2693 2400 καιροῦ
2726 2329 2996 2398 βασιλεὺς,
3038 2328 3132 2381 καὶ
3162 2324 3492 2398 Αὐρηλιανδς
3530 2327 3557 2378 6
3585 2323 3694 2396 πρὸ

2120 2425 2302 2488 αὑτοῦ,
2321 2425 2408 2477 ὅτε
2428 2415 2579 2485 οὗτος
2596 2423 2623 2474 ὁ
2639 2422 2826 2492 Μάνης
2846 2420 2996 2491 ἐνεδὴ
3005 2437 3113 2489 μει.
3135 2418 3243 2471 Καὶ
3273 2420 3330 2470 ἐν
3345 2417 3518 2485 τούτῳ
3537 2415 3694 2468 πάλιν

2123 2516 2400 2584 ἐλέγχεται
2438 2513 2614 2584 πάντη
2646 2512 2738 2566 τοῦ
2776 2511 3105 2580 Εὑαγγελίου
3160 2509 3429 2578 λέγοντος,
3459 2509 3553 2560 καὶ
3587 2507 3696 2560 τῶν

2120 2607 2490 2662 ἀποστολικῶν
2523 2607 2782 2676 ῥημάτων
2830 2605 2958 2674 περὶ¹
3008 2604 3114 2657 τῶν
3165 2603 3264 2672 ἥδη
3299 2603 3560 2673 πρότερον
3610 2617 3697 2652 σε-

2125 2698 2435 2768 σωσμένων.
2489 2695 2760 2758 Ὡσαύτως
2786 2697 2814 2747 ὁ
2836 2694 3040 2766 Κύριος
3085 2691 3232 2760 λέγει
3250 2709 3262 2720 ·
3288 2689 3698 2759 Ζητηθήσεται

2121 2791 2238 2846 ἀπὸ
2271 2789 2378 2856 τῆς
2438 2785 2646 2858 γενεᾶς
2689 2787 2909 2853 ταύτης
2940 2784 3062 2838 πᾶν
3085 2779 3228 2852 αἷμα
3257 2783 3489 2835 δικαίου
3518 2781 3696 2850 ἐκχυ-

2121 2886 2376 2952 νόμενον
2411 2881 2508 2935 ἐπὶ
2548 2880 2657 2948 τῆς
2691 2879 2822 2949 γῆς,
2852 2878 2971 2932 ἀπὸ
3009 2879 3255 2947 αἵματος
3287 2878 3457 2928 Ἅϐελ
3483 2875 3587 2927 τοῦ
3615 2873 3702 2925 δι-

2122 2975 2316 3039 καίου,
2341 2973 2552 3042 μέχρις
2581 2973 2826 3039 αἵματος
2850 2971 3146 3041 Ζαχαρίου
3173 2969 3278 3023 τοῦ
3297 2965 3702 3036 ἐκκεχυμένοι)

2123 3067 2429 3138 ἀναμέσον
2459 3065 2565 3119 τοῦ
2595 3065 2744 3118 ναοῦ
2783 3062 3008 3117 καὶτοῦ
3047 3061 3502 3127 θυσιαστηρίου.
3532 3057 3700 3110 Πόθεν

455 3161 561 3215 nisi
607 3160 724 3229 jam
763 3169 875 3212 tum
913 3159 1060 3213 salus
1107 3155 1414 3224 comparari
1449 3154 1752 3224 potuisset.
1794 3164 2023 3219 eamque

2130 3159 2224 3217 οὖν
2246 3163 2452 3223 δίκαιος
2477 3157 2660 3222 Ἀϐελ,
2689 3157 2852 3211 πόθεν
2888 3155 3184 3225 Ζαχαρίας,
3217 3155 3264 3205 εί
3292 3152 3365 3223 μὴ
3397 3153 3479 3204 ὅτι
3503 3146 3572 3220 ἦν
3599 3149 3700 3220 ἤδη

455 3251 590 3322 legis
619 3265 683 3304 ac
705 3250 1091 3318 prophetarum
1115 3245 1382 3301 beneﬁcio
1405 3241 1705 3298 tribueret?
1728 3239 2024 3310 Propterea

455 3347 721 3412 scriptum
766 3349 849 3396 est
891 3359 906 3394 :
946 3338 1197 3408 Regnavit
1245 3353 1387 3390 mors
1431 3335 1493 3388 ab
1530 3333 1704 3387 Adam
1753 3347 1916 3400 usque
1957 3329 2025 3382 ad

457 3435 693 3504 Moysem
707 3434 749 3498 ‘,
782 3440 841 3486 ut
863 3432 1135 3500 intelligas
1158 3443 1464 3498 repressam
1497 3427 1551 3479 in
1580 3424 1765 3494 Moyse
1794 3430 2026 3477 mortem

454 3543 603 3587 esse.
639 3540 748 3580 non
787 3523 1012 3580 omnino
1043 3522 1384 3576 restinctam.
1429 3516 1793 3586 Exspectabat
1827 3514 2030 3585 quippe

457 3625 956 3676 consummatorem
985 3615 1229 3669 omnium
1251 3611 1645 3675 Jesum,donec
1670 3625 1768 3680 pro
1795 3610 2032 3662 lmmano

459 3725 581 3766 sese
613 3724 813 3779 genere
857 3718 1052 3777 sponte
1097 3705 1368 3766 traderet,
1402 3711 1567 3773 atque
1609 3710 1662 3756 et
1709 3698 2033 3754 immortalis

460 3804 642 3859 obiret
687 3809 918 3855 mortem
949 3839 966 3864 ,
1015 3807 1071 3854 et
1119 3799 1210 3867 qui
1259 3793 1643 3865 comprehendi
1696 3808 1804 3847 non
1862 3799 2035 3860 potest

461 3893 851 3964 comprehendi
875 3908 935 3948 se
969 3892 1328 3962 permitteret,
1361 3897 1415 3944 et
1443 3889 1551 3941 vita
1584 3893 1839 3954 suscepta
1871 3898 2036 3937 carne

462 3994 778 4058 pateretur,
808 3999 872 4039 ac
900 3983 1138 4052 denique
1173 3997 1270 4051 per
1301 3990 1532 4035 mortem
1568 3993 1716 4058 epm,
1749 3977 1842 4046 qui
1874 3974 2037 4029 morti

463 4048 878 4142 dominabatur,
930 4048 1256 4144 infringeret
1299 4072 1512 4143 peccati
1551 4048 1677 4124 etim
1715 4075 1891 4122 morte
1939 4066 2038 4119 sti-

466 4169 698 4223 mulum.
741 4165 860 4233 Quo
890 4174 1133 4235 tempore
1166 4163 1297 4218 illud
1327 4164 1610 4232 impletum
1644 4168 1726 4215 est
1757 4175 1770 4210 :
1809 4157 1908 4212 Ubi
1937 4167 2035 4220 est,

470 4276 631 4326 mors,
660 4258 909 4312 stimulus
938 4267 1058 4310 tuus
1081 4257 1104 4309 ?
1125 4256 1215 4308 ubi
1238 4265 1334 4320 est,
1359 4255 1582 4324 inferne,
1614 4252 1835 4306 victoria
1858 4260 1950 4303 tua
1981 4249 2041 4302 ‘?

467 4351 583 4406 Illic
618 4351 765 4406 enim
795 4365 942 4403 mors
976 4355 1060 4403 est
1103 4361 1295 4402 eversa
1339 4346 1731 4414 proﬂigataque
1797 4342 2038 4411 penitus,

468 4456 592 4513 qua:
637 4455 760 4494 eum
805 4454 1030 4509 regnum
1079 4438 1146 4492 ad
1179 4446 1423 4506 tempora
1470 4435 1634 4488 Mosis
1681 4432 2038 4490 obtinuisset,

2131 3257 2394 3328 σωτηρία,
2440 3253 2533 3308 καὶ
2557 3253 2638 3305 ὅτι
2671 3251 2872 3304 ἔσωσεν
2907 3248 3006 3318 ἤδη
3037 3246 3124 3299 διὰ
3153 3246 3317 3316 νόμου
3351 3243 3445 3297 καὶ
3487 3259 3726 3312 προφη-,

2126 3349 2234 3401 τῶν
2255 3363 2269 3411 ;
2303 3345 2437 3416 Φησί
2454 3362 2466 3374 ·
2500 3342 2924 3396 Ἐϐασίλευσεν
2939 3342 2970 3392 ό
2991 3338 3244 3402 θάνατος
3262 3335 3380 3390 ἀπὸ
3414 3335 3592 3402 Ἀδὰμ
3609 3331 3705 3402 μέ-

2129 3457 2226 3508 χρι
2273 3433 2596 3500 Μωῦσέως·
2634 3434 2779 3494 ὅπως
2809 3430 2970 3500 γνῷς,
2993 3430 3076 3482 ὅτι
3125 3430 3181 3481 ἐν
3210 3429 3433 3480 Μωῡσεῖ
3465 3426 3704 3495 ἀνεκόπη

2130 3532 2158 3582 6
2192 3529 2436 3588 θάνατος,
2460 3526 2521 3579 οὑ
2561 3523 2904 3578 παντάπασιν
2942 3520 3279 3589 ἀφανισθείς.
3327 3517 3707 3586 Ἀπεξεδέχετο

2131 3624 2239 3690 γὰρ
2265 3620 2355 3673 τὸν
2379 3618 2666 3686 τελειωτὴν
2693 3616 2907 3670 πάντων
2951 3612 3177 3684 Ἰησοῦν,
3220 3613 3304 3665 ἵνα
3327 3609 3501 3682 [ὅταν]
3542 3607 3706 3661 αὑτὸν

2134 3711 2397 3782 παραδῴη
2418 3711 2556 3782 ὑπὲρ
2585 3709 2681 3778 τῆς
2707 3706 3144 3778 ἀνθρωπότητος,
3169 3707 3196 3756 ό
3223 3703 3487 3763 ἀθάνατος
3509 3698 3705 3761 θανὼν,

2133 3808 2162 3858 6
2191 3803 2498 3875 άκράτητος
2521 3801 2790 3872 κρατητὸς
2817 3799 3126 3868 γενόμενος,
3156 3798 3188 3865 ἡ
3222 3795 3334 3865 ζωὴ
3366 3797 3422 3846 ἐν
3458 3792 3619 3862 σαρκὶ
3648 3789 3709 3843 τὸ

2136 3896 2326 3950 παθεῖν
2353 3894 2656 3963 ὑπομένων,
2693 3892 2786 3945 καὶ
2815 3890 2988 3956 κλάσῃ
3017 3888 3104 3941 διὰ
3137 3887 3229 3940 τοῦ
3260 3886 3510 3946 θανάτου,
3539 3883 3628 3935 τὸν
3649 3880 3711 3934 τὸ

2138 3985 2335 4056 κράτος
2370 3983 2561 4054 ἔχοντα
2580 3981 2671 4034 τοῦ
2698 3980 2951 4038 θανάτου,
2982 3978 3041 4029 τὸ
3066 3977 3284 4044 κέντρον
3313 3975 3411 4044 τῆς
3442 3969 3710 4042 ἁμαρτίας

2137 4079 2230 4132 καὶ
2258 4078 2349 4130 τὸν
2382 4076 2626 4130 θάνατον.
2663 4075 2790 4126 Ὅτε
2829 4071 3013 4124 λοιπὸν
3049 4067 3378 4139 ἐπληροῦτο·
3419 4065 3541 4119 Ποῦ
3570 4078 3708 4125 σου,

2138 4169 2412 4232 θάνατος,
2431 4167 2496 4219 τὸ
2514 4164 2760 4232 κέντρον
2776 4185 2792 4230 ;
2810 4163 2925 4216 ποῦ
2940 4179 3075 4224 σου,
3095 4160 3228 4227 ᾅδη.
3253 4159 3318 4211 τὸ
3341 4157 3539 4220 rixae;
3567 4155 3714 4207 Ἐκεῖ

2143 4261 2240 4331 μὲν
2274 4259 2382 4331 γὰρ
2413 4261 2472 4312 ἐν
2503 4260 2727 4312 Μωῦσεῖ
2751 4257 3027 4326 ἀνετράπη
3050 4252 3356 4322 ἐπισχεθεὶς
3401 4251 3428 4301 6
3462 4247 3708 4309 θάνατος,

2142 4351 2462 4422 βασιλεύσας
2508 4350 2634 4421 ἄχρι
2670 4349 2966 4410 Μωῦσέως.
3001 4347 3110 4399 Καὶ
3152 4343 3367 4416 πρῶτον
3396 4341 3493 4410 μὲν
3518 4340 3711 4392 δίκαιοι

2138 4443 2277 4516 ἦσαν
2293 4447 2339 4496 οἱ
2369 4443 2494 4515 περὶ
2515 4442 2678 4494 Ἀϐελ
2698 4443 2792 4494 καὶ
2806 4439 2992 4510 Ἑνὼχ,
3014 4441 3042 4492 6
3065 4436 3375 4509 μετατεθεὶς
3389 4433 3480 4486 τοῦ
3498 4432 3571 4502 μὴ
3587 4432 3712 4484 ἰδεῖν

470 4532 575 4588 sub
608 4531 704 4585 illo
732 4529 972 4584 cohibita
1005 4527 1203 4582 fuerat.
1238 4523 1510 4594 Imprimis
1537 4539 1670 4592 ergo
1700 4523 1885 4590 justus
1905 4520 2026 4574 Abe’

2145 4535 2392 4598 θάνατον,
2430 4534 2522 4587 καὶ
2550 4534 2647 4602 οὐχ
2678 4533 2978 4602 εὑρίσκετο.
3012 4528 3169 4581 Ἀλλὰ
3197 4526 3349 4579 οὑπω
3367 4525 3712 4595 όέγγραπτος

468 4623 724 4686 exstitit,
753 4629 807 4677 et
848 4620 1035 4674 Enoch
1061 4661 1076 4686 ,
1115 4619 1209 4689 qui
1242 4618 1544 4684 translatus
1589 4622 1673 4669 est
1725 4630 1793 4668 ne
1835 4611 2045 4665 videret

470 4725 741 4777 mortem,
791 4729 892 4768 nec
939 4714 1192 4766 inventus
1226 4719 1309 4764 est
1327 4710 1369 4761 ’⁸.
1412 4707 1652 4774 Necdum
1701 4705 1908 4773 scripta
1958 4703 2044 4755 lex

472 4808 817 4880 promulgata
864 4805 1070 4869 fuerat,
1113 4801 1207 4858 sed
1238 4800 1508 4856 naturalis
1541 4799 1924 4852 tantummodo
1965 4797 2042 4847 vi-

472 4901 655 4971 gebat,
699 4913 820 4968 qua:
847 4897 1116 4966 cujusque
1154 4892 1335 4948 animo
1371 4893 1537 4945 intixa
1603 4905 1666 4944 ac
1694 4904 1791 4958 per
1829 4886 2046 4957 generis

473 4991 885 5048 successionem
915 5003 945 5040 a
980 4986 1298 5056 parentibus
1323 4983 1378 5037 in
1414 4983 1553 5037 lilios
1583 4989 1882 5050 propagata
1923 4980 2043 5032 fue-

473 5093 579 5138 rat.
614 5081 980 5150 Posteaquam
1008 5093 1137 5134 vero
1167 5077 1342 5146 palam
1375 5075 1656 5145 proposita
1687 5074 1772 5127 lex
1808 5079 1911 5133 est,
1943 5069 2046 5124 fuit

473 5179 562 5232 hic
588 5175 738 5230 velut
767 5173 989 5242 quidam
1014 5169 1248 5241 gladius,
1274 5184 1382 5237 quo
1406 5166 1614 5236 peccati
1643 5165 1725 5220 vis
1745 5171 1830 5219 est
1857 5178 1919 5216 ac
1951 5178 2046 5231 po-

473 5268 648 5322 tentia
675 5265 843 5337 699
864 5264 1059 5319 divisa.
1077 5261 1203 5327 Sed,
1224 5260 1516 5316 accedente
1531 5259 1831 5322 Salvatore,
1858 5261 2048 5314 stimu-

477 5359 560 5413 lus
607 5359 800 5412 mortis
828 5355 1146 5410 confractus
1171 5362 1276 5409 est.
1311 5355 1486 5423 Atque
1520 5353 1614 5406 illo
1642 5351 1879 5422 denique
1907 5362 2046 5408 tem-

474 5465 609 5522 pore
645 5466 793 5506 mors
823 5451 878 5504 in
905 5448 1187 5504 victoriam
1215 5449 1410 5502 iterum
1433 5445 2042 5502 absorbebitur'Nides

478 5539 938 5608 quemadmodum
984 5539 1124 5593 Deus
1179 5538 1426 5592 homines
1474 5537 1541 5591 ad
1585 5537 1816 5592 salutem
1867 5538 2038 5592 variis

482 5630 661 5692 modis
693 5630 1028 5702 perduxerit.
1049 5631 1118 5684 At
1141 5629 1380 5700 perfecta
1411 5631 1560 5686 salus
1597 5635 1647 5690 in
1671 5629 1885 5686 Christo
1902 5632 2032 5687 .lesu

2147 4625 2330 4693 νόμος,
2357 4621 2493 4674 ἀλλὰ
2525 4620 2710 4674 ὁκατὰ
2731 4620 2889 4688 φύσιν
2919 4621 2981 4672 ἐκ
3007 4617 3243 4679 διανοίας
3269 4615 3362 4667 καὶ⁴
3389 4616 3450 4666 ἐκ
3479 4610 3715 4682 παραδό-

2152 4732 2286 4778 σεως
2315 4713 2456 4766 κατὰ
2506 4712 2754 4782 διαδοχὴν
2788 4709 3036 4781 πατέρων
3083 4708 3214 4778 πρὸς
3240 4706 3366 4768 τοὺς
3389 4703 3556 4766 υἱούς.
3589 4703 3718 4755 Ὅτε

2148 4809 2203 4861 δέ
2225 4807 2509 4878 τηλαυγῶς
2532 4805 2750 4874 ἐξετέθη
2779 4805 2806 4856 6
2832 4802 3012 4871 νόμος,
3037 4800 3272 4868 ἐγένετο,
3293 4797 3368 4859 ὼς
3399 4797 3592 4853 εἰπεῖν.
3620 4794 3721 4864 μά-

2151 4915 2316 4969 χαιρα
2345 4897 2636 4967 διχάζουσα
2666 4896 2764 4964 τὴν
2804 4893 3029 4961 δύναμιν
3052 4890 3151 4957 τῆς
3182 4886 3472 4958 ἁμαρτίας.
3505 4885 3632 4935 Ὅτε
3666 4883 3723 4937 δὲ

2150 4992 2178 5042 6
2205 4989 2394 5060 Σωτὴρ
2438 4987 2785 5060 παρεγένετο,
2829 4981 3114 5053 συνετρίϐη
3143 4981 3204 5032 τὸ
3246 4979 3468 5047 κέντρον
3500 4974 3593 5026 τοῦ
3625 4974 3719 5026 θα·

2151 5081 2331 5134 νάτου.
2367 5081 2475 5132 Καὶ
2506 5079 2667 5132 πάλιν
2685 5075 3124 5144 καταποθήσεται
3150 5073 3178 5123 ὁ
3209 5071 3436 5131 θάνατος
3469 5068 3548 5130 είς
3576 5067 3722 5125 νῖκος

2151 5174 2290 5226 τότε.
2333 5173 2444 5226 Καὶ
2483 5172 2582 5242 ὅρα
2630 5169 2745 5232 πῶς
2775 5167 2977 5231 ἔσωζεν
3013 5167 3041 5216 ὁ
3075 5164 3206 5225 Θεὸς
3232 5161 3318 5214 διὰ
3359 5159 3568 5212 πολλῶν
3597 5155 3722 5227 τρό-

2154 5283 2290 5317 πων.
2324 5265 2396 5316 Τὸ
2439 5263 2495 5316 δὲ
2517 5261 2718 5314 τέλειον
2754 5261 2854 5329 τῆς
2888 5255 3157 5326 σωτηρίας
3191 5255 3248 5306 ἐν
3287 5250 3508 5323 Χριστῷ
3549 5244 3722 5316 Ἰησοῦ

2155 5358 2232 5428 τῷ
2268 5357 2458 5428 Κυρίῳ
2512 5355 2668 5426 ἡμῶν
2709 5353 3017 5424 γεγένηται,
3054 5351 3146 5403 καὶ
3181 5349 3488 5416 γενήσεται,
3521 5343 3596 5405 ώς
3630 5339 3723 5393 καὶ

2155 5449 2216 5502 τὸ
2237 5447 2564 5516 Εὑαγγέλιον
2590 5447 2806 5516 φάσκει,
2837 5445 2918 5496 ὅτι
2953 5444 3053 5496 Ἐκ
3081 5440 3185 5494 τοῦ
3207 5435 3595 5504 πληρώματος
3619 5433 3724 5484 αὺ-

2157 5541 2263 5595 τοῦ
2299 5539 2469 5608 ήμεῖς
2506 5537 2723 5602 πάντες
2763 5536 3072 5604 ἐλάϐομεν.
3122 5534 3232 5586 Καὶ
3269 5533 3437 5591 ποῖον,
3479 5527 3630 5596 φησὶ,
3663 5521 3726 5577 τὸ

2158 5633 2466 5704 πλήρωμα;
2514 5630 2628 5684 ἀλλ’
2664 5633 2696 5682 d
2733 5631 2915 5698 νόμος
2965 5625 3060 5679 διὰ
3108 5621 3401 5685 Μωῦσέως
3448 5618 3656 5682 ἐδόθηο
3683 5614 3722 5677 1i

557 5750 571 5779 ¹
607 5747 792 5800 Matth.
832 5761 986 5810 χχιιι,
1015 5747 1102 5800 36.
1180 5750 1200 5779 ³
1248 5747 1400 5802 Rom.
1438 5765 1486 5811 ν,
1537 5747 1613 5801 ιι.
1693 5747 1900 5801 ’ICor.
1940 5765 2026 5812 xv,

2135 5766 2148 5811 ;
2203 5749 2326 5804 Οςυ.
2373 5765 2489 5810 xm,
2524 5748 2604 5800 li.
2687 5743 2864 5798 ‘Gen.
2930 5760 2979 5805 v,
3018 5741 3105 5794 ει.
3184 5740 3204 5769 ⁸
3246 5737 3264 5790 I
3324 5735 3452 5789 Cor.
3490 5748 3578 5796 xv,
3619 5730 3708 5785 54.

490 5818 511 5850 ⁸
533 5819 662 5875 Cor.
696 5817 878 5872 αὑτοῦ.
