4076 6392
349 413 461 469 15.5
984 413 1353 471 ADVERSUS
1389 415 1731 474 HERESES
1771 419 1898 475 LIB.
1941 420 2187 477 ILTOM.
2229 420 2366 477 II.—
2408 423 2682 480 lI/ERES.
2717 415 2908 482 LXVI.

3504 435 3607 488 ιδι

348 525 528 592 χάρις
550 525 647 614 uel
681 525 720 593 ἡ
743 524 995 591 ἀλήθεια
1015 526 1111 582 διὰ
1153 531 1346 596 Ἰησοῦ
1367 530 1621 600 ἐγένετο.
1667 533 1812 587 Ἐκεῖ
1838 534 1936 604 μὲν

2054 533 2272 591 Domino
2321 545 2513 591 nostro
2572 540 2838 608 conligit,
2903 541 3294 612 contingetque
3345 555 3605 614 perpetuo

345 616 532 686 ἐδόθη,
566 609 668 670 ὦδε
723 618 957 686 ἐγένετο.
1009 619 1071 673 Εἰ
1125 623 1189 674 ἐκ
1230 622 1596 694 πληρώματος
1626 628 1654 678 6
1681 625 1862 696 νόμος,
1895 630 1927 698 ἡ

2054 626 2265 694 perinde
2294 630 2526 698 atquein
2551 629 2846 700 Evangelio
2870 609 3132 702 scriptum
3167 609 3277 689 est:
3299 609 3372 688 De
3385 609 3610 704 plenitu-

344 709 516 778 χάρις
567 709 660 761 καὶ
693 711 726 778 ἡ
761 709 988 779 ἀλήθεια
1028 712 1122 764 τοῦ
1161 713 1354 782 Ἰησοῦ,
1391 714 1605 767 Παλαιὰ
1641 717 1734 768 καὶ
1756 717 1932 784 Καινὴ

2054 717 2159 772 line
2187 720 2300 788 ejus
2341 737 2435 774 nos
2465 739 2640 775 omnes
2674 725 3024 792 accepimus‘.
3071 726 3329 792 Quaenam
3370 745 3498 783 vero
3530 740 3615 784 est

343 795 596 868 Διαθήκη
621 799 678 849 ὲν
701 797 778 867 τῷ
805 799 954 869 νόμῳ
986 802 1079 853 καὶ
1107 803 1287 871 χάριτι
1327 804 1422 856 καὶ
1446 804 1695 876 ἀληθείᾳ.

2059 809 2127 862 Ila
2149 811 2457 880 plenitudo?
2473 812 2600 878 Lex,
2623 816 2817 882 inquit,
2836 831 2925 883 per
2939 815 3174 887 Moysem
3197 821 3322 872 data
3335 823 3616 890 est,gratia

342 895 395 938 et
435 888 630 943 veritas
651 907 743 958 per
766 889 950 944 Iesum
971 892 1118 959 facta
1139 905 1214 947 est
1233 897 1276 947 ¹.
1339 897 1456 950 Illic
1481 913 1646 966 porro
1670 899 1796 952 data
1827 906 1932 962 est,
1963 899 2053 954 hic
2081 901 2248 956 facta.
2279 905 2434 969 Quod
2465 907 2508 960 si
2548 922 2610 960 ex
2632 908 2720 960 illa
2751 909 3085 978 plenitudine
3120 911 3360 965 derivata
3391 888 3474 966 lex
3509 920 3614 971 est.

344 981 529 1048 gratia
554 989 608 1034 et
639 984 840 1037 veritas
876 981 1004 1038 Jesu
1027 985 1306 1051 tribuitur,
1337 987 1622 1044 tamVetus
1655 1005 1816 1059 quam
1846 989 2054 1046 Novum
2081 991 2486 1049 Testamentum
2515 997 2628 1066 lege
2656 1008 2708 1052 et
2732 1001 2902 1069 gratia
2927 1016 2990 1054 ac
3038 1002 3266 1056 veritate
3283 1004 3616 1058 continetur.

424 1075 550 1130 09⁸.
583 1076 775 1148 Ἑτέρα
799 1077 856 1130 δὲ
883 1079 1196 1145 πάλινλέξει
1227 1082 1490 1152 κέχρηται
1511 1086 1538 1137 6
1566 1084 1728 1147 αὐτὸς
1746 1084 1940 1154 Μάνης

352 1163 605 1231 φάσκων,
634 1167 714 1218 ὅτι
755 1167 806 1218 '0
827 1169 1083 1236 Χριστὸς
1115 1169 1486 1240 ἐξηγόρασεν
1510 1172 1667 1241 ἡμᾶς
1687 1174 1804 1228 ἀπὸ
1827 1173 1939 1242 τῆς

349 1255 620 1323 κατάρας
641 1258 746 1312 τοῦ
765 1262 974 1329 νόμου,
995 1262 1310 1330 γενόμενος
1331 1263 1482 1330 ὑπὲρ
1498 1262 1668 1332 ἡμῶν
1688 1263 1934 1332 κατάρα.

352 1349 580 1417 Λεγέτω
606 1351 786 1404 τοίνυν
811 1352 983 1416 ποίοις
1019 1354 1300 1425 ἀργυρίοις
1332 1357 1365 1426 ἡ
1404 1357 1674 1426 ἁγορασία
1705 1356 1938 1427 γεγένη-

351 1459 449 1494 ται
470 1460 482 1470 ·
519 1445 671 1496 ποῖον
703 1443 764 1496 τὸ
802 1445 1020 1516 τίμημα
1061 1447 1088 1499 ὂ
1121 1447 1348 1510 δέδοται,
1382 1447 1467 1500 ἵνα
1497 1449 1645 1518 ἡμᾶς
1666 1447 1935 1518 ἀγοράσῃ.

347 1529 436 1584 Οὐ
469 1532 577 1604 γὰρ
603 1529 776 1597 εἶπεν,
807 1535 837 1586 6
865 1536 1158 1606 ἠγόρασεν,
1195 1537 1308 1590 ἀλλ’
1341 1538 1736 1608 ἐξηγόρασεν.
1782 1537 1942 1590 Ἀλλά

351 1625 459 1693 τὴν
485 1624 581 1694 μὲν
615 1625 916 1696 ἀγορασίαν
960 1628 1264 1693 ἐπίσταται,
1291 1629 1350 1682 τὸ
1382 1629 1438 1682 δὲ
1480 1630 1697 1700 τίμημα
1735 1631 1938 1697 ἀγνοεῖ.

368 1714 436 1766 Ἦ
472 1713 529 1766 δὲ
569 1715 798 1786 ἀλήθεια
823 1718 894 1772 τὰ
944 1718 1228 1789 ἀμφότερα
1273 1719 1544 1790 ὁμολογεῖ.
1612 1721 1943 1793 Ἐξηγόρασε

2115 1087 2353 1144 LXXIX.
2406 1091 2547 1156 Quin
2605 1102 2658 1146 et
2705 1094 2836 1148 illud
2887 1095 3216 1150 Manichacus
3254 1113 3284 1151 e
3318 1096 3620 1167 Scripturis

2044 1181 2277 1236 arcessit
2302 1198 2314 1232 :
2349 1182 2592 1237 Christus
2616 1185 2833 1238 redemit
2858 1203 2950 1240 nos
2979 1205 3011 1239 a
3035 1188 3314 1241 maledicto
3341 1187 3486 1258 legis,
3521 1187 3607 1256 fa-

2043 1280 2158 1324 ctus
2207 1287 2301 1339 pro
2347 1275 2492 1327 nobis
2542 1274 2945 1331 maledictum'.
3000 1275 3156 1331 Dicat
3201 1278 3366 1348 igitur
3403 1278 3606 1347 quibus

2043 1362 2283 1415 nummis
2315 1363 2454 1416 facta
2491 1363 2582 1415 illa
2622 1365 2694 1418 sit
2730 1365 2966 1433 emptio,
3000 1365 3214 1435 quodve
3249 1367 3482 1435 pretium
3517 1381 3616 1436 pro

2045 1453 2205 1506 nobis
2234 1468 2526 1522 repensum
2558 1455 2738 1510 fuerit.
2765 1454 2882 1509 Non
2913 1456 3058 1510 enim
3105 1456 3279 1519 dixit,
3313 1457 3468 1518 emit,
3499 1457 3615 1521 sed,

2046 1544 2284 1598 redemit.
2321 1543 2520 1600 Verum
2551 1561 2673 1600 cum
2723 1547 3057 1615 emplionem
3092 1547 3339 1611 noverit,
3381 1547 3617 1617 pretium

2049 1643 2230 1690 tamen
2273 1637 2511 1706 ignorat.
2549 1635 2853 1706 Utrumque
2895 1653 3060 1707 porro
3090 1639 3292 1692 veritas
3326 1638 3446 1706 ipsa
3481 1653 3618 1692 con-

2051 1727 2254 1781 ﬁtetur.
2283 1727 2449 1781 Plane
2477 1729 2679 1798 quippe
2708 1743 2810 1782 nos
2844 1728 3096 1792 redemit,
3129 1742 3192 1781 ac
3221 1743 3317 1797 pro
3348 1728 3509 1782 nobis
3539 1727 3621 1782 fa-

353 1805 473 1876 γὰρ
494 1807 661 1875 ἡμᾶς,
700 1809 796 1860 καὶ
831 1809 1104 1880 ἠγόρασεν
1150 1809 1366 1880 ἀληθῶς
1404 1811 1513 1865 ἀπὸ
1559 1812 1807 1883 κατάρας
1849 1811 1944 1864 τοῦ

2054 1829 2170 1876 ctus
2202 1819 2574 1884 maledictum,
2606 1836 2636 1873 a
2667 1820 2802 1890 legis
2831 1835 2934 1874 nos
2982 1819 3272 1873 maledicto
3299 1820 3472 1888 pretio
3497 1820 3619 1873 vin~

354 1896 553 1965 νόμου,
587 1899 876 1966 γενόμενος
904 1901 1042 1971 ὑπὲρ
1079 1901 1234 1972 ἡμῶν
1262 1903 1496 1972 κατάρα.
1523 1904 1632 1957 Καὶ
1672 1903 1788 1965 πῶς
1812 1902 1941 1972 ἠγόο

359 2006 532 2059 ρασεν
556 1992 724 2062 ἡμᾶς,
741 1992 903 2056 εὐθὺς
920 1994 1172 2064 ἐπιφέρει
1195 1998 1224 2048 6
1251 1995 1568 2058 διδάσκαλος
1595 1997 1694 2065 τῆς
1719 1996 1950 2065 Ἐκκλη-

360 2081 510 2144 σίας,
545 2082 790 2150 φάσκων,
828 2084 908 2136 ὅτι
942 2083 1087 2152 Τιμῇ
1121 2085 1512 2154 ἠγοράσθητε,
1547 2089 1716 2155 τιμίῳ
1747 2089 1947 2156 αἵματι

369 2171 598 2239 Ἀμνοῦ
630 2173 893 2244 ἀμώμου,
927 2176 1023 2229 καὶ
1049 2177 1315 2231 ἀσπίλου
1358 2179 1638 2246 Χριστοῦ.
1673 2179 1736 2232 Εἰ
1771 2181 1948 2233 τοίνυν

358 2261 444 2323 τῷ
474 2263 666 2333 αἵματι
691 2265 1054 2335 ἠγοράσθητε,
1083 2267 1181 2336 οὐχ
1205 2268 1469 2338 ὑπάρχεις
1500 2270 1606 2322 τῶν
1635 2271 1948 2341 ἠγορασμέ-

359 2373 493 2421 νων,
555 2350 600 2410 ὦ
644 2357 825 2428 Μάνη,
879 2359 1066 2428 ἐπειδὴ
1114 2359 1174 2412 τὸ
1219 2356 1358 2431 αἷμα
1389 2363 1644 2432 ἀρνῆσαι.
1686 2362 1854 2416 Πόθεν
1892 2363 1948 2416 δὲ

359 2450 515 2520 ἡμᾶς
563 2449 829 2520 indignae;
881 2450 1028 2518 λέγε.
1093 2451 1434 2524 Ἀλλοτρίους
1483 2454 1644 2518 ὄντας
1669 2455 1948 2526 ὠνήσατο;

357 2535 511 2612 Ἀρα
535 2541 813 2610 ⁴Ιγπόρησεν
842 2544 870 2594 6
894 2543 1158 2614 πρότερον
1199 2544 1352 2614 ἡμῶν
1377 2545 1668 2615 δεσπότης,
1701 2547 1794 2599 καὶ
1834 2548 1952 2598 ἐπι-

359 2631 619 2700 δεόμενος
642 2632 734 2685 τοῦ
765 2633 922 2704 ἡμῶν
959 2635 1288 2705 τιμήματος,
1327 2635 1504 2713 λαϐὼν
1536 2637 1764 2690 ἀπέδοτο
1805 2639 1951 2707 ἡμᾶς

358 2723 626 2794 Χριστῷς
673 2725 784 2778 Καὶ
837 2727 885 2777 εἰ
917 2726 1263 2796 ἀπεδόθημεν
1301 2727 1541 2798 Χριστῷ,
1577 2729 1757 2781 οὐκέτι
1786 2729 1951 2798 ἐσμὲν

359 2816 461 2868 τοῦ
525 2816 809 2888 προτέρου.
860 2818 924 2870 Εἰ
982 2818 1160 2872 τοίνυν
1207 2820 1236 2870 ό
1278 2819 1542 2890 πρότερος
1569 2821 1752 2873 οὐκέτι
1805 2822 1952 2890 ἡμᾶς

362 2907 654 2977 κέκτηται,
690 2907 799 2979 ἄρα
825 2908 924 2978 τῆς
943 2909 1108 2962 αὐτοῦ
1131 2910 1446 2980 περιουσίας
1480 2909 1584 2974 ἔξω
1607 2911 1840 2979 ἐγένετο,
1859 2911 1954 2964 καὶ

363 3000 430 3051 ὲν
483 3001 598 3060 τοῖς
664 2999 812 3063 ἰδίοις
863 3001 1048 3063 τόποις
1081 3002 1182 3054 οὑκ
1224 3001 1338 3072 ἔχει
1379 3001 1646 3068 ἐξουσίαν.
1687 3001 1812 3066 Πῶς
1862 2998 1955 3055 οὖν

365 3093 675 3160 ἐνεργεῖται
705 3093 760 3144 ὲν
792 3094 906 3156 τοῖς
934 3085 1074 3155 υἱοῖς
1119 3094 1217 3163 τῆς
1250 3093 1552 3158 ἀπειθείας,
1592 3094 1735 3147 κατὰ
1765 3095 1824 3147 τὸ
1855 3111 1952 3162 γε·-

365 3185 722 3254 γραμμένον;
766 3185 904 3238 Ἀλλ’
932 3184 1055 3238 οὔτε
1079 3184 1195 3248 πῶς
1215 3186 1505 3257 ἠγόρασεν,
1524 3185 1646 3239 οὔτε
1682 3186 1798 3249 πῶς
1823 3187 1954 3256 ἠγο-

366 3275 685 3347 ράσθημεν,
715 3275 841 3330 οὔτε
863 3277 982 3340 πῶς
1013 3278 1229 3348 κατάρα
1259 3278 1398 3348 ὑπὲρ
1428 3280 1583 3348 ἡμῶν
1611 3279 1818 3346 γέγονε,
1849 3281 1958 3333 νοεῖ

335 3367 340 3370 “
364 3371 398 3422 6
421 3371 563 3422 κατά
589 3369 762 3423 πάντα
794 3370 1234 3438 μανεὶς,ἀνοίξας
1258 3371 1421 3424 αὑτοῦ
1446 3371 1506 3424 τὸ
1524 3371 1718 3442 στόμα,
1756 3373 1845 3425 καὶ
1883 3372 1957 3442 μὴ

364 3458 666 3526 δυνάμενος
719 3461 848 3530 περὶ
879 3454 954 3512 ὧν
988 3460 1135 3528 λέγει
1181 3461 1642 3515 διαϐεϐαιοῦσθαι.
1687 3462 1816 3515 Ἰδοὺ
1848 3462 1958 3533 γὰρ

366 3551 568 3614 αὐτοὺς
597 3550 812 3620 ὁρῶμεν
835 3550 1090 3618 λέγοντας
1121 3554 1178 3604 ὲν
1214 3555 1279 3623 τῇ
1313 3552 1704 3622 παλιγγενεσία
1735 3553 1834 3622 τῆς
1863 3554 1960 3606 αὖ·

369 3641 469 3695 τοῦ
501 3644 820 3712 παρουσίας,
859 3644 954 3696 καὶ
977 3644 1277 3715 κράζοντας
1303 3663 1315 3673 ·
1356 3645 1458 3698 Ἐν
1484 3643 1563 3709 τῷ
1593 3644 1682 3709 σῷ
1716 3647 1960 3713 ὀνόματι

327 3797 334 3800 _
369 3732 697 3802 ἐφάγομεν,
755 3735 852 3788 καὶ
889 3736 959 3787 ἐν
995 3734 1075 3808 τῷ
1108 3734 1199 3800 σῷ
1251 3737 1495 3804 ὀνόματι
1544 3737 1818 3805 δαιμόνια
1860 3735 1960 3798 ἐξ·

368 3825 690 3895 εϐάλομειν.
749 3826 859 3879 Καὶ
915 3828 1033 3897 ὲρεῖ
1087 3827 1221 3897 πρὸς
1251 3827 1468 3889 αὐτοὺς,
1511 3826 1820 3881 Ἀπέλθετε
1857 3827 1957 3880 ἀπ’

369 3915 545 3985 ἐμοῦ,
596 3915 1021 3984 κατηραμένοι·
1048 3918 1214 3970 οὔπω
1255 3916 1450 3986 ἔγνων
1488 3917 1665 3986 ὑμᾶς.
1703 3917 1826 3980 Πῶς
1861 3914 1954 3970 οὖν

370 4008 542 4060 αὑτὸν
568 4008 906 4078 ὁμολογοῦσι,
954 4009 1047 4061 καὶ
1091 4008 1250 4071 αὐτὸς
1291 4009 1487 4072 αὐτοὺς
1528 4010 1870 4080 καταρᾶται,
1894 4009 1958 4061 Τί

369 4098 435 4152 δὲ
466 4094 535 4168 ἦν
579 4101 610 4168 ἡ
659 4097 870 4168 κατάρα
903 4098 995 4152 τοῦ
1020 4099 1208 4168 νόμου,
1247 4098 1383 4152 ἀλλὰ
1415 4098 1628 4169 κατάρα
1665 4099 1760 4151 τοῦ
1796 4099 1957 4168 νόμου

371 4189 613 4260 σταυρὸς
635 4189 723 4242 διὰ
744 4191 842 4253 τὰς
872 4190 1178 4260 ἀμαρτίας;
1223 4189 1348 4242 Ἐὰν
1386 4190 1494 4260 γάρ
1529 4207 1612 4252 τις
1639 4190 1957 4261 καταληφθῇ

372 4283 439 4334 ὲν
455 4281 882 4352 παραπτώματι,
914 4281 1097 4346 ἔλεγεν
1123 4283 1151 4334 6
1169 4282 1351 4350 νόμος,
1371 4285 1473 4336 Kal
1496 4279 1830 4349 κρεμάσητε
1851 4283 1958 4334 αὐ-

370 4374 487 4427 τὸν
517 4375 616 4427 ἐπὶ
649 4374 860 4440 ξύλου,
895 4378 966 4430 οὐ
988 4376 1077 4444 μὴ
1123 4375 1331 4444 came
1360 4374 1532 4442 ἣλιος
1562 4376 1654 4429 ἐπ’
1677 4373 1836 4440 αὐτῷ
1862 4375 1961 4428 ἐπὶ

371 4464 461 4530 τῷ
483 4467 818 4534 θνησιμαίῳ
837 4465 1044 4531 αὑτοῦ,
1077 4466 1238 4519 ἀλλὰ
1261 4467 1618 4532 καθελόντες
1656 4467 1960 4520 καθελεῖτέ

369 4573 443 4610 τε
471 4557 678 4622 αὐτὸν,
717 4556 816 4610 καὶ
852 4555 1153 4624 θάψαντες
1199 4556 1418 4625 θάψετε
1471 4557 1659 4611 αὐτὸν
1701 4556 1816 4626 πρὸ
1851 4557 1958 4611 δύ-

373 4664 538 4713 σεως
565 4647 673 4701 τοῦ
704 4648 880 4715 ἡλίου
907 4666 918 4678 ·
958 4647 1048 4701 ὅτι
1078 4649 1506 4717 ἐπικατάρατος
1535 4649 1655 4715 πᾶς
1689 4654 1720 4704 ό
1751 4649 1963 4719 κρεμά-

366 4754 562 4808 μενος
586 4737 684 4790 ἐπὶ
709 4737 816 4790 τοῦ
849 4737 1064 4802 ξύλου.
1108 4738 1258 4790 Ἐπεὶ
1283 4733 1376 4790 οὖν
1406 4737 1495 4790 διὰ
1528 4737 1625 4807 τὴν
1658 4739 1964 4810 σταύρωσιν

373 4829 413 4897 ἡ
440 4826 658 4898 κατάρα
691 4826 1109 4896 προσετέτακτο,
1141 4823 1310 4879 ἐλθὼν
1341 4827 1398 4878 δὲ
1423 4825 1584 4888 αὐτὸς
1642 4825 1740 4888 τὰς
1781 4827 1964 4895 ἁμαρ-

372 4919 504 4981 τίας
548 4918 708 4988 ἡμῶν
747 4919 1043 4988 ἀνήνεγκεν
1069 4917 1163 4970 ἐπὶ
1194 4917 1374 4983 ξύλου,
1407 4918 1544 4987 ὑπὲρ
1573 4917 1728 4986 ἡμῶν
1770 4918 1961 4970 ἑαυτὸν

373 5011 652 5073 δεδωκὼς,
694 5009 756 5062 τὸ
806 5005 942 5080 αἷμα
999 5009 1162 5062 αὐτοῦ
1203 5009 1350 5080 ἡμᾶς
1398 5009 1670 5080 ἠγόρασε,
1709 5010 1770 5062 τὸ
1802 5010 1962 5079 σῶμα

374 5103 551 5158 αὑτοῦ
591 5104 747 5175 ἡμῶν
772 5102 870 5167 τὰς
911 5103 1157 5174 κατάρας
1197 5102 1373 5164 ἔλυσε,
1406 5102 1652 5155 τουτέστι
1680 5101 1848 5165 λύσας
1865 5104 1962 5165 τὰς

374 5198 661 5267 ἁμαρτίας
716 5195 804 5248 διὰ
852 5196 950 5266 τῆς
999 5193 1093 5247 τοῦ
1149 5195 1381 5265 σταυροῦ
1421 5195 1706 5266 μετανοίας
1735 5195 1964 5264 καὶτῆς

374 5288 549 5344 αὑτοῦ
609 5289 931 5358 παρουσίας.
997 5287 1136 5341 Οὔτε
1194 5282 1286 5342 οὖν
1331 5289 1359 5340 6
1419 5287 1581 5358 νόμος
1617 5288 1854 5358 κατάρα,
1886 5288 1960 5357 μὴ

373 5380 636 5448 γένοιτοῐ
681 5378 805 5432 οὔτε
839 5379 900 5432 τὸ
961 5379 1292 5447 Εὐαγγέλιον
1337 5378 1496 5432 ἔλαϐε
1537 5379 1636 5448 τὴν
1692 5378 1958 5448 κατάραν,

377 5471 512 5526 οὔτε
565 5473 594 5524 ὁ
623 5455 834 5542 ’Κύριος
855 5488 867 5500 ·
905 5469 1036 5524 ἀλλὰ
1077 5470 1164 5523 διὰ
1189 5472 1286 5542 τῆς
1319 5469 1642 5541 προφάσεως
1676 5468 1770 5521 τοῦ
1797 5467 1961 5522 αὐτοῦ
1995 5517 2002 5526 ,

381 5561 622 5615 Θανάτου
649 5561 868 5632 λέλυται
896 5563 924 5614 ό
952 5560 1180 5626 θάνατος
1217 5561 1246 5614 ὁ
1274 5561 1417 5616 κατὰ
1439 5561 1538 5632 τῆς
1567 5560 1859 5632 ἁμαρτίας.

2048 1910 2278 1964 dicavit.
2310 1910 2580 1964 Caeterum
2611 1918 2848 1978 quanam
2898 1909 3060 1963 modo
3095 1909 3474 1974 vindicaverit,
3511 1916 3622 1963 sta-

2048 1999 2148 2052 tim
2198 1998 2458 2054 Ecclesizc
2512 1999 2773 2069 magister
2827 1998 3095 2067 subjicit:
3144 1998 3359 2064 Pretio,
3405 2000 3618 2069 inquit,

2047 2092 2206 2160 empti
2235 2092 2393 2156 estis,
2437 2091 2666 2160 pretioso
2698 2091 2950 2159 sanguine
2977 2089 3113 2159 Agni
3145 2089 3478 2142 immaculati
3499 2129 3514 2153 ,
3564 2098 3615 2143 et

2049 2184 2451 2237 incontaminati
2479 2180 2734 2236 Christi".
2754 2181 3116 2246 Quamobrem
3135 2181 3179 2234 si
3203 2179 3466 2249 sanguine
3487 2178 3608 2233 red-

2049 2277 2218 2346 empti
2274 2291 2497 2336 sumus,
2529 2287 2872 2343 nequaquam
2905 2273 3046 2326 inter
3085 2271 3419 2341 redemptos,
3445 2268 3623 2323 Manio

2049 2366 2234 2432 chtce,
2271 2364 2644 2418 numerandus
2674 2380 2734 2420 es
2759 2403 2773 2426 ,
2811 2377 2938 2416 cum
2984 2362 3307 2433 sanguinem
3358 2362 3618 2431 abneges.

2051 2455 2337 2510 Undenam
2371 2471 2502 2510 vero
2536 2471 2636 2510 nos
2672 2454 2938 2510 redemit?
2977 2455 3101 2518 dic,
3143 2453 3324 2510 sodes.
3376 2453 3461 2506 An
3499 2467 3625 2507 cum

2051 2547 2214 2601 alieni
2266 2547 2411 2615 juris
2439 2561 2690 2600 essemus
2724 2544 3054 2614 acquisivit?
3087 2543 3224 2596 lNum
3263 2557 3392 2597 vero
3429 2540 3498 2594 ad
3541 2541 3626 2594 in-

2051 2640 2232 2709 opiam
2283 2647 2337 2693 et
2387 2638 2693 2707 angustiam
2743 2636 3132 2704 priornoster
3184 2634 3448 2688 dominus
3505 2633 3628 2686 red-

2013 2802 2020 2808 .
2051 2743 2231 2796 actus,
2263 2745 2327 2783 ac
2357 2731 2534 2799 pretio
2565 2735 2756 2782 nostro
2787 2726 3037 2793 indigens
3069 2723 3292 2780 Christo
3318 2739 3421 2779 nos
3447 2722 3629 2778 vendi-

2054 2823 2172 2875 dit?
2200 2821 2366 2897 Igitur
2399 2822 2444 2876 si
2484 2821 2708 2875 Christo
2740 2819 2950 2873 venditi
2980 2833 3175 2873 sumus
3200 2857 3215 2880 ,
3254 2833 3360 2871 non
3394 2815 3634 2885 amplius

2053 2915 2110 2969 in
2139 2915 2340 2984 prioris
2375 2913 2652 2981 mancipio
2685 2921 2896 2966 sumus.
2927 2908 3082 2975 Quod
3127 2909 3171 2962 si
3210 2907 3491 2977 possidere
3530 2919 3634 2960 nos

2056 3006 2146 3061 ille
2173 3005 2360 3068 desiit,
2397 3005 2603 3059 ditione
2632 3019 2730 3058 sua
2761 3003 3010 3072 deiectus
3035 3011 3139 3067 est,
3173 3015 3275 3054 nec
3307 2999 3361 3052 in
3389 2998 3636 3069 propriis

2057 3098 2278 3154 sedibus
2323 3097 2415 3167 jus
2459 3097 2629 3150 ullum
2672 3095 2902 3148 obtinet.
2957 3087 3202 3157 Quonam
3252 3090 3421 3160 igitur
3466 3089 3634 3144 modo

2057 3197 2316 3261 operatur
2337 3190 2392 3243 in
2416 3187 2543 3242 ﬁliis
2567 3186 2968 3250 inobedientiaa,
3005 3184 3148 3239 sicut
3178 3183 3439 3251 scriptum
3472 3182 3590 3235 est“
3609 3180 3640 3234 ἲ

2062 3280 2170 3336 Sed
2221 3279 2481 3334 nimirum
2525 3292 2704 3347 neque
2732 3275 3008 3345 quomodo
3055 3288 3158 3328 nos
3200 3270 3459 3325 Christus
3505 3269 3632 3324 red-

2057 3372 2270 3436 emerit,
2296 3369 2669 3438 redemptique
2699 3368 2801 3436 ipsi
2834 3366 3120 3428 fuerimus,
3160 3377 3336 3432 neque
3357 3361 3640 3432 quomodo

2058 3462 2407 3518 maledictum
2438 3476 2537 3530 pro
2569 3459 2728 3512 nobis
2763 3454 3036 3512 exstiterit
3067 3495 3082 3520 ,
3117 3455 3363 3510 furiosus
3393 3455 3484 3509 ille
3514 3452 3632 3508 Ma-

2061 3553 2308 3607 nichasus
2355 3544 2647 3620 intelligit,
2682 3547 2776 3616 qui
2807 3553 2996 3614 aperto
3025 3560 3120 3599 ore
3151 3545 3321 3596 multa
3355 3541 3639 3607 eﬂutiens,

2060 3660 2181 3714 quae
2210 3643 2344 3704 dicit
2387 3641 2621 3712 probare
2679 3653 2787 3693 non
2822 3643 3025 3707 potest.
3065 3634 3203 3688 Ecce
3249 3635 3394 3688 enim
3448 3636 3503 3685 in
3543 3646 3634 3685 se-

2060 3736 2240 3790 cundo
2274 3734 2421 3788 illius
2467 3732 2702 3785 adventu
2749 3744 2814 3782 ac
2878 3728 3227 3782 restitutione
3263 3723 3451 3776 mundi
3485 3721 3633 3777 voci-
3723 3767 3726 3770 .

2061 3829 2300 3883 ferantes
2343 3827 2467 3880 illos
2495 3825 2748 3878 videmus
2780 3841 2794 3876 :
2838 3819 2905 3873 In
2935 3819 3141 3872 nomine
3174 3827 3261 3869 tuo
3291 3813 3633 3875 comedimus,

2059 3931 2108 3974 et
2137 3922 2192 3973 in
2223 3919 2429 3973 nomine
2463 3926 2550 3969 tuo
2580 3915 2740 3984 700
2771 3913 3034 3967 daemonia
3070 3911 3318 3979 ejecimus
3343 3910 3386 3962 ⁶.
3423 3907 3636 3972 Quibus

2061 4014 2152 4066 ille
2174 4010 2526 4081 respondebit
2558 4025 2571 4060 :
2601 4006 2864 4061 Discedite
2890 4021 2920 4057 α
2945 4020 3046 4066 me,
3079 4001 3383 4055 maledicti'
3414 4019 3426 4053 :
3463 3998 3636 4052 nescio

2062 4105 2214 4158 vos“.
2257 4103 2370 4157 Cur
2401 4094 2526 4156 cu’m
2567 4115 2688 4155 eum
2730 4099 3114 4159 conﬁteantur,
3152 4095 3272 4163 ipse
3301 4101 3482 4146 tamen
3510 4091 3634 4144 illos

2061 4195 2421 4250 exsecratur?
2471 4192 2613 4259 Quid
2664 4201 2846 4246 autem
2901 4187 3048 4242 aliud
3099 4186 3449 4242 maledictum
3501 4184 3637 4253 legis

2062 4297 2167 4350 est,
2215 4293 2413 4356 praeter
2446 4298 2665 4338 crucem
2688 4323 2702 4346 ,
2738 4297 2860 4352 qua:
2902 4288 3120 4350 propter
3148 4284 3373 4347 peccata
3404 4274 3635 4329 maledi-

2063 4373 2211 4430 ctum
2246 4375 2381 4444 legis
2410 4381 2495 4428 est
2523 4373 2702 4426 facta?
2735 4371 2946 4426 Etenim
2980 4371 3026 4424 si
3061 4370 3185 4438 quis
3212 4368 3264 4420 in
3299 4366 3502 4420 delicto
3535 4363 3635 4418 de-

1989 4496 2036 4555 ι)
2063 4467 2372 4537 prehensus
2398 4473 2565 4529 esset,
2616 4465 2683 4517 de
2715 4478 2780 4517 eo
2821 4463 2905 4516 lex
2941 4461 3045 4515 ista
3091 4461 3320 4529 julicbat
3352 4476 3365 4512 :
3402 4457 3635 4525 Suspen-

2062 4559 2196 4612 detis
2219 4559 2372 4611 illum
2401 4559 2455 4610 in
2479 4557 2643 4626 ligno.
2680 4555 2802 4609 Non
2826 4555 3023 4608 occidet
3046 4555 3126 4608 sol
3143 4569 3299 4622 super
3322 4553 3436 4611 illo,
3468 4561 3516 4603 et
3543 4567 3635 4603 su-

2060 4668 2150 4720 per
2173 4650 2422 4702 cadavere
2459 4649 2594 4717 ejus,
2647 4648 2736 4700 sed
2775 4645 3072 4714 deponendo
3105 4645 3370 4712 deponetis
3408 4659 3545 4702 eum.
3584 4649 3634 4696 et

2063 4744 2363 4812 sepelientes
2398 4742 2655 4809 sepelietis
2696 4751 2817 4794 ante
2865 4741 2994 4795 solis
3047 4756 3335 4802 occasum,
3385 4738 3634 4807 quoniam

2063 4836 2372 4890 maledictus
2406 4837 2574 4888 omnis
2611 4835 2702 4904 qui
2734 4833 2918 4902 pendet
2944 4836 3001 4886 in
3041 4834 3179 4902 ligno
3196 4834 3238 4886 ⁹.
3286 4831 3473 4900 Itaque
3509 4845 3638 4884 cum

2067 4928 2138 4981 ob
2189 4928 2372 4982 crucis
2433 4927 2759 4997 supplicium
2804 4925 3107 4980 constituta
3167 4924 3238 4978 sit
3299 4921 3635 4988 maledictio,

2066 5016 2318 5072 Christus
2346 5032 2510 5086 porro
2533 5015 2761 5069 veniens
2793 5015 2846 5067 in
2871 5029 3035 5068 cruce
3064 5023 3286 5083 peccata
3310 5020 3498 5064 nostra
3521 5025 3637 5065 sus—

2068 5091 2278 5174 tulerit,
2343 5123 2408 5161 ac
2461 5108 2814 5176 semetipsum
2867 5113 3057 5160 nostra
3108 5119 3273 5158 causa
3324 5101 3636 5166 tradiderit,

2067 5200 2187 5268 ejus
2217 5214 2320 5253 nos
2353 5199 2579 5268 sanguis
2624 5197 2876 5260 redemit,
2924 5197 3210 5266 ipsiusque
3237 5209 3438 5262 corpus
3479 5209 3637 5248 exse-

2069 5289 2348 5344 crationes
2381 5297 2602 5343 nostras
2632 5287 2910 5353 discussit,
2955 5302 3080 5340 cum
3119 5287 3332 5340 scilicet
3365 5286 3639 5355 paeniten-

2069 5379 2144 5432 tia
2199 5381 2387 5434 crucis
2451 5381 2795 5448 adventuque
2826 5394 2928 5434 suo
2960 5386 3183 5448 peccata
3219 5386 3408 5430 nostra
3439 5375 3637 5429 dissol-

2069 5471 2167 5524 vit.
2185 5469 2456 5536 Quocirca
2491 5487 2670 5541 neque
2692 5472 2779 5526 lex
2809 5471 3159 5524 maledictum
3190 5468 3314 5531 fuit,
3342 5483 3441 5521 nec
3461 5466 3634 5519 Evan-

2070 5559 2270 5626 gelium
2322 5562 2674 5616 maledictum
2732 5562 2995 5630 suscepit.
3030 5575 3133 5614 nec
3194 5559 3460 5614 Dominus
3516 5557 3636 5627 ipse

385 5663 697 5726 postremo,
755 5627 852 5710 sed
908 5656 1102 5710 mortis
1142 5654 1301 5722 illius
1359 5655 1626 5709 beneﬁcio
1694 5653 1959 5708 adversus
1995 5660 2217 5722 peccata
2245 5654 2543 5707 constituta
2577 5654 2770 5708 mortis
2805 5660 2891 5708 est
2918 5667 3078 5721 pcrna
3109 5651 3343 5708 sublata.

467 5773 484 5803 ⁸
514 5770 672 5825 Joan.
711 5785 753 5836 t,
787 5771 872 5825 16.
973 5772 994 5802 ³
1032 5770 1162 5824 ibid.
1199 5771 1298 5825 17..
1377 5772 1398 5802 ³
1435 5770 1554 5826 Gal.
1592 5788 1673 5834 ιιι,
1716 5774 1800 5826 15.

386 5843 413 5877 ⁷
441 5840 637 5899 Iatth.
669 5856 802 5908 xxv,
840 5840 928 5899 41.
1004 5839 1179 5897 'Luc.
1221 5857 1342 5906 xm,
1381 5841 1469 5895 27.

1913 5771 1978 5824 ⁸1
2018 5771 2163 5826 Petr.
2190 5785 2228 5834 ι,
2265 5773 2351 5837 18,
2396 5773 2481 5827 l9.

1563 5843 1584 5874 ⁹
1623 5842 1780 5898 Deut.
1812 5858 1926 5908 un,
1961 5841 2049 5908 22,
2083 5841 2170 5896 25.

2588 5775 2609 5803 ⁵
2640 5772 2835 5843 Ephcs.
2867 5788 2925 5825 ιι.
2957 5771 3010 5825 2.
3130 5771 3148 5800 θ
3187 5768 3375 5824 Matth.
3406 5783 3504 5828 νει.
3537 5765 3630 5821 22*
