4076 6392
429 323 538 380 {55

1842 325 1898 380 S.
1943 317 2282 382 EPIPHANII

3591 305 3689 361 156

497 461 654 528 Quod
712 478 840 518 vero
888 463 1018 517 illud
1052 464 1240 534 objicit
1279 483 1292 519 :
1329 463 1440 519 Lex
1485 466 1806 520 ministratio
1857 483 2032 520 mor-.

2174 435 2309 493 Εἶτά
2344 452 2506 509 φησιν
2540 475 2554 498 ,
2607 433 2689 487 ὅτι
2754 433 2808 485 Ὁ
2856 433 3040 503 νόμος
3099 429 3371 484 διακονία
3431 422 3510 498 ἦν
3582 426 3688 532 τοῦ

427 553 494 606 tis
529 555 716 621 erat‘,
743 554 808 608 de
847 572 913 610 eo
943 557 1098 627 plura
1127 566 1283 612 antea
1323 557 1586 623 diximus,
1621 557 1784 628 idque
1821 566 2007 613 osten‘

427 644 644 710 dimus,
718 662 1063 718 nequaquam
1127 648 1302 720 legem
1374 650 1573 705 mortis
1629 650 2010 709 administram

435 736 629 792 fuisse.
662 737 778 792 Non
812 741 957 794 enim
997 739 1198 794 caedem
1241 741 1624 810 praecipiebat,
1662 743 1771 795 imo
1801 757 1830 796 e
1877 757 2010 796 con-

427 828 598 881 trario
630 845 644 880 :
680 827 805 883 Non
835 830 1094 885 occides’.
1131 830 1333 886 Verum
1363 833 1508 900 quod
1544 833 1872 888 homicidam
1913 833 2012 887 in-

429 920 605 972 terfici
652 920 899 988 jubebat,
950 932 1009 975 ut
1043 925 1207 980 unius
1253 925 1491 980 hominis
1536 941 1670 980 nece
1717 925 2012 995 parricidia

433 1011 882 1079 prohiberentur,
911 1021 964 1067 et
994 1017 1158 1070 unius
1194 1016 1449 1085 exemplo
1479 1017 1729 1073 deterriti
1769 1017 2014 1087 plerique

433 1101 835 1170 improbitatem
869 1119 1022 1158 suam
1053 1117 1396 1172 coercerent,
1424 1124 1523 1163 nec
1547 1111 1784 1179 amplius
1812 1112 2013 1166 caadem

436 1202 851 1262 perpetrarent,
901 1196 972 1250 ob
1026 1197 1078 1251 id
1127 1199 1498 1255 ministerium
1548 1203 1742 1256 mortis
1784 1217 1906 1257 esse
1935 1201 2016 1260 di.-

437 1286 602 1346 citur,
655 1303 761 1340 non
797 1287 941 1357 quod
983 1292 1176 1346 mortis
1218 1291 1541 1346 administra
1579 1295 1685 1357 sit,
1722 1295 1817 1348 sed
1869 1296 2017 1365 quod

439 1373 729 1442 parricida:
763 1386 993 1432 mortem
1048 1379 1338 1450 indigeret,
1379 1399 1447 1437 ne
1486 1384 1675 1453 plures
1702 1401 1767 1440 eo
1801 1401 1860 1440 se
1899 1401 2020 1442 sce-

437 1465 552 1520 lere
601 1467 836 1536 amplius
889 1469 1322 1542 obstringerent.
1361 1473 1556 1530 Postea
1591 1492 1721 1531 vero
1767 1475 2020 1532 Salvator

440 1555 739 1623 accedens,
793 1573 917 1613 eum
975 1557 1308 1634 paedagogus
1371 1565 1624 1622 homines
1676 1568 2017 1638 castigasset,

439 1645 637 1700 bonam
665 1652 929 1719 temporis
960 1662 1168 1722 partem
1201 1657 1256 1708 in
1289 1657 1569 1714 tradendis
1600 1658 2020 1728 perfectioribus

437 1737 784 1796 documentis
813 1743 1132 1814 insumpsit,
1167 1762 1517 1817 summopere
1551 1767 1673 1805 cum
1701 1752 1852 1808 hisce
1887 1754 2020 1824 legis

2109 531 2387 590 θανάτου.
2430 527 2569 598 Ἤδη
2605 527 2734 598 περὶ
2766 523 2954 578 τούτου
2989 521 3159 582 πολλὰ
3199 522 3444 589 εἴπομεν,
3484 519 3566 571 ὅτι
3593 517 3693 569 οὐκ

2109 625 2271 688 αὐτὸς
2296 619 2363 693 ἦν
2390 620 2633 682 διάκονος
2662 617 2912 672 Θανάτου.
2944 612 3080 672 Οὔτε
3108 613 3216 684 γὰρ
3239 611 3391 680 ἔλεγε
3425 607 3690 680 φονεύειν,

2111 714 2226 768 ἀλλ’
2260 712 2512 766 ἐκέλευσε
2562 709 2771 779 λέγων’
2817 707 2916 776 Μὴ
2975 706 3305 776 φονεύσῃς.
3369 700 3586 770 Ἐπειδὴ
3638 699 3695 752 δὲ

2113 804 2371 873 ἐφόνευσε
2434 803 2524 853 τὸν
2571 798 2887 875 φονεύοντα,
2920 797 3004 852 ἵνα
3035 793 3296 866 ἀναιρεθῇ
3337 790 3428 845 διὰ
3454 790 3547 843 τοῦ
3574 789 3692 852 ἐνὸς

2113 895 2207 949 τοῦ
2261 892 2612 963 φονευθέντος
2641 893 2674 961 ἡ
2705 889 2799 944 τοῦ
2846 889 3004 957 φόνου
3039 887 3312 958 ἐνέργεια,
3355 884 3448 936 καὶ
3494 883 3564 934 δι’
3597 881 3691 934 ἕνα

2117 987 2472 1059 φοϐηθέντες,
2527 983 2714 1038 πολλοὶ
2776 984 3089 1052 κατάσχωσι
3153 982 3252 1051 τὴν
3315 977 3529 1032 ἀδικίαν
3595 972 3689 1032 τοῦ

2119 1079 2316 1150 μηκέτι
2360 1075 2636 1146 φονεύειν,
2669 1076 2703 1143 ἡ
2725 1071 2967 1128 διακονία
2999 1067 3066 1143 ἦν
3089 1070 3337 1124 Θανάτουο
3369 1068 3467 1137 οὐχ
3483 1066 3569 1119 ἵνα
3603 1063 3696 1127 θά-

2117 1198 2272 1236 νατον
2302 1180 2617 1250 διακονήσῃ,
2653 1175 2765 1230 ἀλλ’
2797 1175 2883 1229 ἴνα
2913 1175 3140 1229 θάνατον
3170 1171 3248 1244 τῷ
3280 1170 3691 1242 φονευτῇὲργά-

2121 1290 2299 1342 σηται,
2344 1271 2428 1324 ἵνα
2472 1267 2663 1340 μηκέτι
2697 1267 2946 1336 φονευταὶ
2975 1265 3158 1319 πολλοὶ
3182 1264 3446 1333 γίνωνται.
3493 1260 3694 1315 Ἐλθὼν

2117 1368 2174 1421 δὲ
2202 1368 2230 1418 ὁ
2271 1365 2480 1435 Σωτὴρ,
2543 1362 2730 1432 ἐπειδὴ
2759 1360 2942 1414 λοιπὸν
2975 1359 3339 1428 ἐσωφρόνισεν
3371 1355 3693 1423 όπαιδαγω-

2119 1461 2233 1530 γός,
2284 1460 2344 1512 τὸ
2394 1458 2640 1510 πλεῖστον
2688 1454 2780 1508 τοῦ
2811 1455 3000 1526 χρόνου
3031 1453 3099 1505 τὰ
3141 1451 3490 1521 ὲντελέστερα
3522 1447 3697 1520 μαθή-

2126 1571 2269 1625 ματα
2323 1553 2536 1614 δεικνὺς
2583 1549 2719 1621 μετὰ
2747 1547 2850 1618 τῆς
2897 1546 3214 1618 συμφωνίας
3245 1542 3337 1597 τοῦ
3364 1543 3551 1612 νόμου,
3577 1541 3695 1605 τοῦ,

2122 1649 2178 1699 Μ
2185 1645 2217 1712 ὴ
2238 1646 2566 1712 φονεύσῃς,
2580 1642 2676 1710 Μὴ
2706 1639 2961 1709 κλέψῃς,
2978 1643 3036 1693 Μ
3039 1638 3074 1707 ὴ
3099 1633 3694 1707 ψευδομαρτυρήσῃς,

2123 1736 2249 1805 ἔφη,
2280 1737 2362 1788 ὅτι
2398 1735 2478 1799 Τῷ
2498 1731 2809 1802 ῥαπίζοντί
2842 1748 2915 1784 σε
2951 1733 3038 1794 εις
3063 1729 3178 1796 τὴν
3213 1727 3417 1791 δεξιὰν
3445 1725 3699 1794 σιαγόνα

441 1833 720 1900 mandatis
743 1837 1098 1892 consentiens
1127 1854 1142 1893 :
1178 1838 1299 1893 Non
1321 1841 1548 1907 occides,
1583 1842 1702 1898 Non
1737 1845 2021 1912 furaberis,

2138 1829 2398 1899 στρέψον
2427 1827 2587 1894 αὐτῷ
2633 1827 2733 1880 καὶ
2777 1825 2890 1893 τὴν
2921 1824 3120 1891 ἄλλην
3140 1839 3153 1853 ·
3185 1822 3270 1874 ἵνα
3289 1819 3431 1890 ζωῆς
3466 1819 3698 1912 γένηται

445 1922 569 1978 Non
597 1926 795 1995 falsum
829 1931 1186 1984 testimonium
1220 1931 1359 1986 dices
1383 1934 1404 1964 ³
1429 1953 1442 2000 ;
1469 1935 1541 1987 ita
1569 1935 1686 2006 ipse
1721 1937 1978 2007 praecepit
2005 1957 2016 1990 :

442 2015 504 2070 Si
525 2019 639 2087 quis
667 2019 910 2076 dextram
942 2023 1038 2078 tibi
1071 2026 1348 2079 maxillam
1380 2026 1645 2093 ceciderit,
1673 2029 1844 2097 pra'be
1864 2031 1946 2083 illi
1972 2039 2021 2084 et

441 2109 668 2163 alteram
690 2113 711 2143 ⁸
745 2128 756 2162 :
791 2123 848 2167 ut
884 2115 1186 2184 parricidio
1220 2118 1442 2188 penitus
1467 2121 1740 2175 exstincto
1772 2123 1894 2176 vitm
1926 2123 2023 2176 ρει--

443 2199 777 2256 ministratio
817 2205 1157 2261 succederet.
1189 2206 1360 2276 Cujus
1405 2209 1550 2263 enim
1579 2210 1803 2264 maxilla
1828 2226 2025 2280 percu—

443 2290 602 2356 titur,
644 2292 692 2348 is
722 2294 790 2348 ad
821 2295 1022 2352 caedem
1081 2299 1403 2368 patrandam
1439 2314 1550 2356 non
1588 2309 1879 2371 provocat,
1927 2303 2022 2358 sed

445 2381 686 2439 intentas
730 2383 1018 2440 homicida:
1050 2401 1246 2442 manus
1277 2388 1460 2453 solvit,
1498 2389 1628 2444 dum
1663 2390 1809 2447 illius
1838 2396 2024 2463 nequi-

2133 1923 2166 1991 ὴ
2212 1919 2486 1983 διακονία,
2514 1917 2906 1988 ἀναιρουμένου
2939 1915 3251 1968 παντάπασι
3285 1912 3377 1964 τοῦ
3410 1910 3596 1980 φόνου.
3642 1907 3699 1960 '0

2128 2012 2239 2082 γὰρ
2273 2011 2605 2080 τυπτόμενος
2634 2009 2730 2079 τὴν
2765 2007 2987 2076 σιαγόνα
3021 2003 3368 2077 παροξυσμὸν
3408 2003 3508 2055 οὐκ
3540 1999 3703 2071 ἐργά-

2129 2105 2280 2170 ζεται
2306 2104 2486 2173 φόνου,
2523 2101 2658 2157 ἀλλὰ
2713 2102 2828 2156 λύει
2869 2103 2966 2172 τὴν
3013 2103 3168 2172 χεῖρα
3194 2097 3287 2151 τοῦ
3328 2092 3606 2164 φονευτοῦ,
3635 2093 3701 2162 τῇ

2125 2195 2595 2267 ταπεινοφροσύνῃ
2641 2194 2902 2248 Θωπεύων
2935 2193 3032 2262 τὴν
3069 2193 3124 2244 ὲν
3152 2187 3298 2259 αὐτῷ
3342 2186 3556 2240 κακίαν.
3592 2183 3705 2236 Καὶ

2128 2285 2297 2350 οὕτως
2355 2286 2532 2342 πάντα
2589 2287 2870 2356 συμφωνεῖ
2920 2281 3135 2337 Παλαιὰ
3195 2280 3291 2334 καὶ
3348 2277 3525 2346 Καινὴ
3577 2277 3704 2334 Δια-

2131 2377 2293 2449 θήκη.

445 2474 579 2531 tiam
625 2478 709 2533 sui
766 2480 938 2550 ipsius
992 2482 1298 2550 abjectione
1345 2483 1640 2542 demulcet.
1691 2486 1868 2556 Atque
1917 2488 2018 2547 hoc
2047 2494 2210 2550 modo
2240 2495 2408 2551 Vetus
2441 2512 2504 2551 ac
2539 2496 2748 2552 Novum
2781 2495 3188 2550 Testamentum
3253 2493 3356 2549 sibi
3415 2491 3472 2544 in
3533 2484 3708 2543 omni-

444 2572 548 2628 bus
578 2581 946 2629 consentanea
983 2583 1130 2630 sunt.

519 2665 672 2735 701
708 2665 922 2721 LXXX.
949 2667 1154 2724 Praeter
1189 2670 1303 2724 hare
1335 2686 1487 2737 vero,
1507 2681 1565 2726 ut
1595 2673 1733 2729 duas
1769 2690 2033 2744 personas

447 2757 780 2822 introducat,
815 2775 880 2814 ac
915 2776 1074 2815 suum
1107 2762 1260 2816 illum
1293 2775 1614 2821 naturarum
1644 2776 1698 2822 et
1729 2769 2035 2841 principio-

449 2865 572 2904 rum
611 2853 820 2922 origine
857 2854 1159 2909 carentium
1218 2870 1282 2910 ac
1314 2856 1561 2912 radicum
1590 2859 1860 2916 binarium
1891 2861 2037 2916 aﬂir-

450 2951 582 3009 met,
623 2943 876 3017 idemque
909 2946 960 2998 in
996 2948 1164 3002 rebus
1197 2947 1332 3017 ipsis
1371 2949 1666 3005 divortium
1698 2953 2029 3007 constituat:

449 3035 568 3089 haec
618 3037 783 3100 enim,
823 3046 882 3091 ut
923 3047 1078 3093 antea
1111 3039 1373 3106 diximus,
1423 3057 1678 3112 separare
1712 3043 2027 3099 contendit:

2206 2680 2286 2732 Π¹.
2329 2674 2462 2732 Εἶτα
2511 2679 2672 2733 πάλιν
2703 2677 3156 2749 ἐπιλαμϐάνεται,
3193 2676 3278 2727 ἵνα
3311 2673 3710 2744 παρεισενέγκῃ

2134 2770 2227 2824 δύο
2261 2771 2567 2842 προσώπων
2595 2772 2817 2841 ἀγωγὴν
2843 2770 2979 2843 πρὸς
3009 2767 3268 2821 σύστασιν
3290 2767 3388 2836 τῆς
3405 2767 3533 2837 παρ’
3563 2765 3733 2835 αύτῷ⁴

2135 2860 2440 2931 λεγομένης
2466 2861 2676 2926 δυάδος,
2702 2863 2810 2914 τῶν
2837 2878 2895 2912 τε
2935 2860 3027 2912 δύο
3053 2859 3287 2928 φύσεων,
3317 2857 3498 2928 ἀρχῶν
3526 2874 3585 2909 τε
3618 2858 3712 2909 ἀν-

2138 2953 2319 3024 άρχων
2367 2954 2462 3007 καὶ
2507 2954 2690 3024 ῥιζῶν,
2725 2947 2800 3007 ὧν
2839 2953 2938 3024 ἥδη
2969 2954 3230 3023 πρότερον
3279 2952 3602 3021 εἰρήκαμεν,
3644 2950 3714 3003 τὰ

2139 3047 2300 3116 ὅμοια
2332 3045 2650 3117 βουλόμενος
2680 3046 2860 3114 λέγειν
2897 3045 2990 3097 ἐπὶ
3020 3043 3278 3116 διαιρέσει
3305 3042 3411 3094 τῶν
3449 3041 3709 3113 πραγμά-

450 3135 514 3182 ut
535 3127 640 3182 hoc
672 3129 836 3200 igitur
851 3131 1187 3201 comprobet,
1217 3131 1457 3202 objicere
1488 3135 1620 3189 illud
1650 3151 1758 3189 non
1794 3144 2031 3191 veretur.

2141 3154 2274 3190 των’
2304 3138 2530 3210 διαιρεῖν
2559 3137 2729 3201 οὖτως
2760 3138 2992 3207 τολμῶν,
3029 3138 3128 3190 οὐκ
3159 3135 3390 3188 αἰδεῖται
3413 3134 3608 3202 λέγων,
3635 3135 3717 3186 ὅτι

454 3217 647 3287 Vetus,
710 3221 908 3292 inquit,
968 3221 1378 3278 Testamentum
1428 3226 1501 3278 ita
1540 3227 1783 3295 loquitur
1819 3245 1832 3280 :
1865 3227 2039 3280 Meum

445 3319 531 3374 est
559 3329 771 3377 aurum,
801 3328 970 3367 meum
998 3322 1075 3367 est
1111 3325 1384 3384 argentum
1410 3317 1430 3347 δ
1461 3357 1476 3382 ,
1527 3315 1739 3372 Novum
1797 3329 1990 3374 contra
2023 3339 2036 3374 :

453 3403 607 3458 Beati
638 3419 890 3475 pauperes
920 3409 1136 3482 spiritu,
1167 3409 1415 3477 quoniam
1435 3410 1671 3475 ipsorum
1699 3417 1778 3463 est
1825 3427 2042 3481 regnum

454 3497 704 3551 cmlorum
741 3501 784 3554 ⁸.
820 3499 931 3554 Nec
987 3500 1121 3553 illud
1160 3499 1329 3564 videt,
1368 3501 1533 3554 etiam
1583 3501 1638 3554 in
1680 3499 1875 3557 Vetere
1909 3501 2042 3558 illud

455 3602 578 3641 esse
609 3589 816 3641 dictum
857 3607 869 3641 :
906 3589 1057 3644 Dives
1080 3597 1128 3643 et
1177 3605 1377 3657 pauper
1407 3601 1751 3645 occurrerunt
1781 3593 1999 3646 invicem
2023 3609 2042 3657 ;

453 3679 716 3733 Dominus
744 3689 920 3734 autem
948 3682 1128 3737 ambos
1159 3682 1282 3751 fecit
1313 3683 1357 3736 ⁷.
1379 3682 1476 3736 Cui
1514 3690 1568 3738 et
1597 3682 1808 3739 Novum
1850 3682 2042 3740 Testa-

457 3782 700 3826 mentum
725 3773 1070 3844 astipulatur,
1095 3777 1147 3828 in
1169 3791 1274 3845 quo
1309 3790 1704 3845 nonnunquam
1733 3777 1827 3847 qui
1865 3778 2042 3847 rcipsa

458 3877 727 3932 pauperes
782 3873 932 3929 sunt,
966 3865 1154 3922 felices
1188 3866 1593 3936 praedicantur;
1642 3868 1778 3923 alias
1806 3869 1900 3938 qui
1935 3869 2045 3938 spi-

460 3956 570 4009 ritu
601 3971 868 4026 pauperes
904 3968 1053 4021 suut,
1097 3975 1206 4028 quo
1244 3959 1502 4012 nimirum
1537 3949 1756 4028 utrique
1807 3961 1892 4016 vis
1944 3975 2045 4015 sua

460 4056 760 4113 constaret,
809 4056 970 4119 atque
998 4057 1057 4103 ut
1094 4050 1286 4106 Petrus
1321 4065 1444 4105 cum
1472 4051 1755 4106 sodalibus
1801 4052 1918 4107 suis
1955 4067 2046 4107 ve-

462 4154 576 4192 ram
608 4141 876 4194 bonorum
899 4141 1140 4211 inopiam
1181 4141 1479 4212 praadicare
1513 4141 1795 4211 gloriando
1834 4153 2036 4212 posset,

460 4229 766 4300 Argentum,
797 4232 994 4301 inquit,
1029 4242 1079 4286 et
1102 4249 1293 4285 aurum
1325 4249 1428 4287 non
1465 4243 1541 4286 est
1563 4235 1692 4286 mihi
1719 4250 1737 4286 :
1757 4235 1897 4305 quod
1949 4253 2046 4289 au-

464 4330 562 4374 tem
596 4322 782 4386 habeo,
807 4322 903 4376 huc
930 4323 1024 4376 tibi
1053 4324 1141 4377 do.
1170 4323 1233 4378 In
1251 4325 1459 4378 nomine
1473 4323 1601 4378 Jesu
1633 4325 1834 4380 Christi
1868 4343 2043 4397 surge,

461 4422 510 4466 et
557 4413 773 4466 ambula
804 4413 847 4468 ⁸.
876 4413 943 4468 Ut
973 4416 1119 4485 quod
1175 4425 1397 4485 egentes
1457 4431 1522 4470 ac
1581 4433 1848 4488 pauperes
1903 4420 2047 4474 beati

2167 3232 2231 3284 Ἠ
2257 3231 2470 3285 Παλαιὰ
2493 3227 2674 3284 εἶπεν·
2726 3231 2896 3300 Ἐμὸν·
2930 3230 2995 3282 τὸ
3027 3229 3304 3298 χρυσίον,
3345 3227 3442 3280 καὶ
3481 3225 3626 3296 ἐμὸν
3650 3225 3718 3278 τὸ

2146 3325 2446 3392 ἀργύριον,
2484 3326 2516 3394 ἡ
2583 3323 2641 3376 δὲ
2679 3323 2854 3394 Καινὴ
2893 3321 3133 3392 Διαθήκη
3188 3319 3362 3388 λέγει·
3431 3317 3720 3386 Μακάριοι

2149 3416 2202 3466 οἱ
2238 3412 2461 3482 πτωχοὶ
2487 3413 2801 3481 πνεύματι,
2832 3411 2921 3463 ὅτι
2944 3409 3142 3464 αὐτῶν
3164 3409 3336 3463 ἐστιν
3365 3409 3403 3475 ἠ
3429 3407 3722 3471 ,βασιλεία

2147 3502 2266 3556 τῶν
2318 3501 2610 3571 οὐρανῶν.
2652 3501 2811 3554 Ἀλλὰ
2849 3502 2948 3554 οὐκ
2993 3499 3152 3563 οἶδεν,
3189 3501 3272 3554 ὅτι
3305 3501 3399 3552 καὶ
3437 3501 3471 3570 ὴ
3508 3497 3722 3552 Παλαιὰ

2150 3597 2310 3652 πάλιν
2358 3597 2535 3666 λέγει’
2580 3599 2882 3662 Πλούσιος
2937 3596 3036 3649 καὶ
3087 3595 3276 3663 πένης
3319 3594 3722 3663 συνήντησαν

2148 3688 2462 3756 ἀλλήλοις·
2493 3692 2526 3742 ὁ
2555 3688 2622 3741 δὲ
2646 3689 2861 3755 Κύριος
2887 3687 3028 3753 τοὺς
3055 3686 3425 3758 ἀμφοτέρους
3448 3686 3719 3752 ἐποίησε.

2150 3782 2260 3834 Καὶ
2303 3783 2334 3852 ἡ
2371 3780 2548 3852 Καινὴ
2586 3779 2826 3852 Διαθήκη
2857 3780 2918 3833 τὸ
2956 3779 3086 3834 αὐτὸ
3137 3782 3445 3851 συμφωνεῖ,
3484 3779 3723 3860 μακαριεε

2151 3875 2318 3939 ζουσα
2360 3879 2456 3947 μὲν
2502 3875 2629 3938 τοὺς
2672 3877 2942 3944 πτωχοὺς,
2973 3873 3157 3928 ἄλλοτε
3201 3874 3326 3937 τοὺς
3371 3873 3619 3942 πτωχοὺς
3645 3868 3725 3940 τῷ

2151 3969 2444 4038 πνεύματι,
2480 3970 2567 4022 ἴνα
2593 3969 2660 4022 τὰ
2687 3968 2971 4039 ἀμφότερα
2999 3965 3254 4037 ἐξισχύσῃ
3275 3983 3290 3998 ο
3334 3966 3420 4019 ἵνα
3458 3965 3549 4018 καὶ
3596 3980 3726 4015 καυ-

2151 4061 2385 4130 χώμενοι
2418 4061 2466 4112 οἱ
2507 4059 2634 4132 περὶ
2665 4057 2871 4128 Πέτρον
2909 4055 3122 4122 δείξωσι
3163 4055 3260 4126 τὴν
3289 4053 3547 4124 ἀληθινὴν
3575 4070 3724 4106 πτω-

2152 4152 2325 4222 χείαν,
2379 4151 2460 4203 ὅτι
2516 4151 2822 4218 Ἀργύριον
2857 4148 2954 4200 καὶ
3005 4147 3264 4216 χρυσίον
3307 4149 3420 4215 οὐχ
3470 4147 3727 4216 ὑπάρχει

2147 4259 2282 4312 μοι·
2323 4241 2354 4296 ὃ
2384 4241 2452 4294 δὲ
2473 4244 2610 4311 ἔχω,
2644 4239 2820 4294 τοῦτό
2853 4257 2952 4296 σοι
2980 4240 3187 4310 δίδωμι
3209 4257 3222 4270 ·
3258 4240 3327 4293 ἐν
3364 4238 3445 4304 τῷ
3484 4241 3727 4309 ὀνόματι

2166 4333 2368 4402 Ἰησοῦ
2397 4334 2656 4402 Χριστοῦ
2686 4333 2942 4397 ἀνάστα,
2985 4333 3082 4386 καὶ
3116 4331 3422 4400 περιπάτει
3442 4348 3454 4359 ·
3501 4331 3590 4384 ἴνα
3623 4329 3724 4399 φύ-

2156 4443 2238 4479 σει
2270 4426 2360 4478 τὸν
2403 4425 2747 4496 μακαρισμὸν
2799 4425 2904 4498 τῶν
2952 4424 3182 4494 πτωχῶν
3215 4425 3432 4495 σημάνῃ
3462 4423 3726 4503 μὴιάντῑ-

462 4519 586 4559 esse
612 4505 890 4571 dicuntur,
937 4523 1062 4560 cum
1105 4521 1171 4561 eo
1208 4523 1317 4561 non
1355 4519 1642 4579 repugnet,
1669 4510 1814 4580 quod
1857 4509 2032 4566 eadem

2153 4515 2305 4568 θετον
2333 4515 2644 4586 ὑπάρχοντα
2667 4515 2802 4586 πρὸς
2833 4514 2927 4568 τὸν
2964 4513 3311 4585 μακαρισμὸν
3357 4513 3466 4567 τῶν
3498 4511 3729 4584 πτωχῶν

464 4595 557 4649 illa
586 4597 780 4665 spiritu
808 4599 1146 4668 pauperibus
1185 4599 1423 4655 beatitas
1459 4601 1757 4668 tribuitur;
1787 4601 1880 4672 qui
1923 4617 2048 4656 cum

467 4689 731 4741 nonnulla
774 4688 900 4758 jure
948 4689 1298 4760 possideant,
1361 4707 1630 4760 pauperes
1695 4693 2049 4749 nihilominus

467 4778 636 4832 animi
665 4781 1041 4834 moderatione
1075 4792 1130 4836 et
1160 4781 1468 4837 humilitate
1495 4782 1754 4838 dicuntur
1783 4801 1796 4838 :
1823 4784 1890 4839 de
1923 4785 2048 4856 qui-

467 4871 572 4926 bus
609 4871 722 4926 hasc
751 4873 1071 4942 accipienda
1104 4881 1233 4929 sunt
1271 4891 1284 4926 :
1323 4873 1565 4939 Esurivi,
1602 4885 1652 4929 et
1678 4875 1898 4930 dedistis
1921 4877 2050 4930 mihi

470 4959 824 5028 manducare;
879 4964 1042 5028 sitivi,
1091 4973 1141 5018 et
1199 4972 1382 5032 potum
1423 4965 1551 5018 mihi
1579 4965 1800 5020 dedistis
1835 4969 1880 5020 θ.
1910 4965 2048 5020 Tum

475 5053 610 5107 illud
637 5054 848 5124 adjicit,
911 5071 976 5110 ex
1007 5056 1093 5112 his
1138 5073 1259 5127 quae
1292 5059 1397 5114 sibi
1431 5058 1791 5128 suppetebant
1821 5059 1944 5116 illos
1976 5059 2054 5115 fe—

473 5145 634 5200 cisse.
674 5143 862 5213 Vides,
880 5146 1018 5201 utin
1047 5145 1241 5204 Vetere
1265 5164 1330 5203 ac
1359 5147 1510 5204 Novo
1540 5149 1894 5205 Testamento
1910 5165 2054 5206 unus

475 5235 728 5305 idemque
781 5237 1022 5308 Spiritus
1079 5255 1380 5311 pauperem
1413 5241 1754 5312 divitemque
1783 5242 2054 5314 designet,

2156 4608 2294 4661 κατὰ
2327 4607 2543 4678 πνεῦμα
2565 4627 2577 4639 ·
2611 4608 2808 4671 οἵτινες
2837 4607 2935 4679 μέν
2960 4609 3068 4660 εἰσι
3095 4605 3424 4676 κεκτημένοι
3450 4605 3573 4658 τινὰ
3593 4603 3731 4675 μετὰ

2154 4698 2519 4769 δικαιοσύνης,
2549 4700 2755 4769 πτωχοὶ
2772 4699 2828 4751 δέ
2860 4701 2966 4751 εἱσι
2996 4697 3573 4768 ταπεινοφρονοῦντες·
3603 4696 3732 4767 περὶ

2153 4783 2227 4846 ὧν
2265 4791 2448 4858 ἔλεγεν
2470 4808 2482 4822 ο
2515 4792 2864 4857 Ἐπείνασα,
2893 4791 2991 4844 καὶ
3043 4789 3302 4844 ἐδώκατέ
3333 4807 3434 4860 μοι
3485 4789 3731 4860 φαγεῖνο

2151 4882 2439 4952 ἐδίψησα,
2489 4883 2588 4938 καὶ
2635 4882 2955 4938 ἐποτίσατέ
2996 4901 3102 4953 με,
3155 4883 3250 4936 καὶ
3287 4881 3354 4935 τὰ
3407 4882 3553 4953 έξῆς.
3600 4877 3732 4936 Εἶτα

2158 4977 2356 5047 φράζει
2384 4975 2580 5044 λέγων,
2609 4977 2692 5030 ὅτι
2719 4971 2863 5030 οὗτοι
2885 4977 3146 5047 ἐποίησαν
3169 4978 3232 5029 ἐκ
3256 4975 3364 5028 τῶν
3381 4975 3734 5047 ὑπαρχόντων

2159 5071 2362 5133 αὐτοῖς.
2396 5069 2508 5123 Καὶ
2535 5069 2761 5140 Θεωρεῖς
2795 5069 2853 5121 ἓν
2891 5069 2986 5123 καὶ
3021 5069 3082 5122 τὸ
3119 5069 3253 5121 αὐτὸ
3277 5066 3502 5137 Πνεῦμα
3534 5067 3592 5118 ὲν
3623 5066 3732 5119 Ila-

2160 5161 2323 5232 λαιᾷ,
2389 5160 2605 5231 πτωχὸν
2650 5158 2893 5213 δεικνύον
2929 5158 3021 5212 καὶ
3054 5156 3352 5226 ςπλούσιον,
3393 5155 3509 5226 ἅμα
3553 5152 3646 5206 καὶ
3679 5153 3738 5205 ὲν

2163 5255 2337 5325 Καινῇ
2369 5253 2642 5324 Διαθήκῃ;
2671 5252 2733 5305 τὸ
2762 5251 2894 5306 αὐτὸ
2917 5251 2992 5315 ὼς
3032 5251 3128 5304 καὶ
3156 5251 3185 5301 ὁ
3214 5247 3403 5319 Σωτὴρ
3433 5245 3644 5300 ἐπαινεῖ
3669 5242 3737 5296 τὸ

477 5335 640 5398 atque
686 5337 746 5383 ut
793 5332 955 5388 ambo
985 5348 1016 5386 a
1053 5331 1341 5390 Salvatore
1389 5337 1887 5391 commendentur‘i
1920 5336 2032 5390 Cun

2163 5343 2470 5418 ἀμφότερα.
2527 5345 2822 5416 Προσέχων
2873 5343 2982 5414 γὰρ
3051 5341 3133 5412 τῷ
3187 5337 3606 5410 γαζοφυλακίῳ,
3661 5333 3738 5388 ῐδε

479 5421 626 5476 enim
658 5423 713 5477 in
755 5426 1202 5497 gazophylacium
1229 5428 1537 5485 intenderet
1561 5430 1631 5495 ιο,
1667 5429 2051 5486 animadvertit

480 5529 578 5570 eos
609 5517 701 5587 qui
737 5519 933 5589 stipem
959 5518 1015 5574 in
1042 5521 1495 5594 gazophylacium
1531 5523 1922 5590 immitterent;
1954 5538 2055 5579 nec

558 5695 576 5728 ⁸
617 5693 659 5747 ll
683 5695 812 5752 Cor.
851 5713 933 5765 ιιι,
968 5698 1017 5752 7.
1097 5699 1118 5730 ²
1157 5698 1330 5756 Exod.
1371 5717 1462 5767 xx,
1500 5701 1567 5755 15
1604 5719 1618 5767 ;
1662 5701 1817 5756 Deut.
1846 5718 1899 5765 v,
1937 5702 2021 5756 Π.

487 5779 542 5836 v,
592 5767 646 5822 3.
721 5768 742 5801 '
772 5768 931 5823 Prov.
973 5770 1190 5836 xxn,2.
1267 5770 1290 5804 ⁸
1319 5770 1440 5828 Act.
1481 5786 1564 5840 ιιι,
1591 5773 1644 5827 6.

2158 5439 2286 5501 τοὺς
2316 5437 2608 5509 βάλλοντας
2649 5438 2732 5500 εἰς
2771 5436 2864 5489 τὸν
2925 5434 3240 5506 κορϐωνᾶν·
3283 5431 3377 5485 καὶ
3408 5430 3508 5482 οὐκ
3531 5426 3736 5497 ἀπηγόο

2165 5539 2325 5594 ρευσε
2371 5522 2643 5576 πλουσίων
2675 5521 2744 5575 τὰ
2781 5521 3014 5592 δόματα,
3042 5519 3273 5590 ἐπῄνεσε
3305 5515 3362 5570 δὲ
3398 5516 3492 5568 καὶ
3538 5514 3639 5584 τὴν
3670 5509 3737 5566 τὰ

2119 5701 2140 5732 ³
2170 5701 2300 5773 ibid.
2330 5717 2483 5773 sqq.“
2529 5700 2550 5732 ⁵
2587 5699 2776 5756 Matth.
2800 5715 2862 5773 _v_,
2887 5699 2975 5754 59.
3051 5700 3071 5731 ⁸
3104 5697 3238 5772 Agg.
3271 5711 3332 5764 ιι,
3362 5697 3416 5753 9.
3483 5697 3506 5729 ‘
3537 5693 3735 5751 Matth.

1751 5773 1771 5805 °
1801 5771 1988 5826 Matth.
2022 5788 2150 5840 xxv,
2172 5772 2262 5829 55.
2342 5770 2392 5804 ίσ
2414 5770 2610 5828 ’Μαι-ο.
2645 5786 2748 5841 xu,
2788 5770 2850 5829 41
2881 5785 3005 5845 sqq.
