4076 6392
325 384 434 442 157

976 393 1342 453 ADVERSUS
1377 396 1722 457 HERESES
1759 400 1890 456 LIB.
1932 399 2002 457 ll.
2044 399 2208 458 TOM.
2252 402 2390 457 11-
2429 397 2702 456 HIERES.
2744 399 2927 455 LXVI.

3494 397 3605 457 158

327 504 430 559 δύο
464 506 638 564 λεπτὰ
665 509 987 583 βεϐληκυῐαν
1013 515 1212 588 χήραν,
1258 516 1349 572 διὰ
1380 519 1478 591 τὴν
1516 523 1917 594 προειρημένην

2024 523 2256 578 divitum
2309 536 2540 578 munera
2600 520 2902 592 prohibuit,
2954 518 3049 575 sed
3110 524 3167 573 et
3209 515 3426 571 viduam
3450 516 3599 572 illam

325 597 632 668 πτωχείαν,
666 600 755 655 ῑνα
782 601 1045 675 πληρωθῇ
1082 605 1146 658 τὸ
1168 609 1555 679 γεγραμμένον
1571 626 1585 642 ’
1611 613 1919 680 Πλωσιος

325 690 435 744 καὶ
478 689 668 760 πένης
705 693 1109 764 συνήντησαν
1157 699 1453 768 ἀλλήλοις
1473 718 1487 733 ο
1521 705 1555 757 ὀ
1598 701 1668 755 δὲ
1707 704 1919 772 Κύριος

321 779 482 847 τοὺς
507 782 883 852 ἀμφοτέρους
918 787 1190 857 ἐποίησε.
1216 791 1328 845 Καὶ
1355 792 1438 845 ὅτι
1470 794 1568 863 μὲν
1618 794 1789 848 ταῦτα
1826 792 1918 847 οὖ-

324 887 442 934 τως
490 871 623 943 ἔχει,
664 876 760 927 καὶ
787 876 871 930 ὄτι
912 878 974 932 τὸ
1007 880 1140 934 αὐτό
1168 883 1284 936 ἐστι
1327 882 1550 955 πνεῦμα
1583 885 1826 949 Παλαιᾶς
1856 902 1917 938 τε

325 963 429 1015 καὶ
486 964 695 1036 Καινῆς
734 968 1030 1041 Διαθήκης,
1070 971 1174 1044 ὅρα
1216 974 1308 1027 τὸν
1344 975 1664 1030 Ἀπόστολον
1691 977 1917 1046 λέγοντα

325 1053 464 1123 περὶ
497 1055 739 1126 ἀρχαίων
767 1060 1066 1132 προφητῶν
1088 1079 1103 1093 ⁸
1134 1063 1464 1134 Ἐπιλείψει
1486 1084 1590 1136 μοι
1621 1071 1655 1121 ὁ
1696 1069 1918 1136 χρόνος

323 1144 702 1217 διηγουμένῳ
718 1151 851 1220 περὶ
865 1154 1357 1225 Γεδεὼν,Βαρὰκ,
1373 1157 1656 1228 Σαμψὼν,
1674 1160 1911 1230 Ἰεερθαὲ,

323 1237 531 1303 Δαϐίδ,
556 1240 656 1294 καὶ
684 1242 915 1298 λοιπῶν
955 1246 1296 1316 προφητῶν,
1328 1250 1548 1318 οἵτινες
1588 1251 1915 1321 περιῆλθον

323 1327 399 1380 ἐν
413 1332 739 1398 μηλωταῖς,
763 1334 837 1388 ἐν
862 1338 1107 1406 αίγείοις
1130 1338 1385 1409 δέρμασι
1416 1344 1915 1412 κακουχούμενοι,

324 1423 899 1492 στενοχωρούμενοι,
931 1430 1290 1498 θλιϐόμενοι,
1316 1424 1407 1484 ὧν
1446 1433 1559 1486 οὐκ
1580 1428 1659 1504 ἦν
1682 1432 1853 1501 ἄξιος
1880 1437 1914 1487 d

324 1509 582 1578 κόσμος.
606 1512 939 1586 Εὑρήκαμεν
950 1516 1058 1590 γὰρ
1072 1519 1301 1573 Ἡσαΐαν
1314 1521 1665 1593 ἐνδεδυμένον
1686 1524 1909 1592 σάκκον,

325 1599 425 1650 καὶ
482 1599 670 1655 Ἠλίαν
712 1604 996 1669 ὡσαύτως.
1048 1609 1160 1661 Καὶ
1191 1610 1324 1682 ὁρᾷς
1356 1612 1474 1675 πῶς
1511 1614 1909 1685 μακαρίζονται

324 1691 388 1741 ἐν
418 1689 631 1764 Παλαιᾷ
649 1696 742 1748 καὶ
770 1697 946 1768 Καινῇ
964 1699 1205 1773 Διαθήκῃ
1221 1703 1269 1755 οἱ
1289 1704 1495 1775 πτωχοὶ
1517 1704 1583 1758 δι’
1599 1706 1901 1774 εὐσέϐειαν,

326 1785 424 1838 καὶ
460 1788 855 1859 μακαρίζονται
888 1792 1135 1848 πλούσιοι
1161 1795 1250 1850 διὰ
1274 1795 1641 1871 δικαιοσύνην.

398 1959 531 2017 HA’.
565 1958 701 2017 Εἶτα
723 1965 886 2019 πάλιν
911 1965 1060 2037 λέγει
1093 1971 1122 2022 6
1149 1970 1312 2036 αὐτὸς
1339 1972 1567 2043 Μάνηςο
1614 1972 1677 2027 Ἡ
1701 1974 1914 2030 Παλαιὰ

320 2053 598 2126 Διαθήκη,
624 2058 779 2127 φησὶ,
815 2058 1026 2113 κελεύει
1073 2061 1421 2128 σαϐϐατίζειν
1447 2081 1462 2097 ο
1489 2064 1585 2119 καὶ
1621 2067 1674 2119 εῐ
1699 2068 1786 2130 τις
1812 2067 1913 2122 οὐκ

320 2143 678 2212 ἑσαϐϐάτισε,
726 2146 896 2213 λίθοις
933 2151 1415 2220 κατελιθοϐολείτο,
1446 2155 1523 2219 ὡς
1555 2156 1649 2211 καὶ
1694 2157 1913 2229 φορτίον

322 2235 506 2302 ξύλων
527 2255 612 2302 τις
640 2238 898 2305 συλλέξας
931 2242 1229 2316 παρεδόθη.
1271 2244 1335 2299 Ἦ
1360 2246 1417 2300 δὲ
1446 2247 1624 2320 Καινὴ
1646 2248 1910 2322 Διαθήκη,

318 2328 607 2384 τουτέστιν
638 2332 667 2384 6
691 2331 896 2405 Κύριος
922 2334 980 2387 ὲν
1011 2333 1090 2405 τῷ
1127 2335 1443 2409 Εὐαγγελίῳ
1475 2337 1611 2409 ἔφη,
1645 2340 1729 2392 ὅτι
1766 2340 1915 2410 Ἐγὼ

318 2419 661 2491 ἐργάζομαι,
702 2424 804 2478 καὶ
829 2428 862 2479 ό
891 2425 1097 2495 Πατήρ
1125 2445 1244 2498 μου
1267 2428 1588 2499 ἐργάζεται.
1623 2432 1732 2485 Καὶ
1753 2433 1812 2486 ὲν
1836 2432 1914 2504 τῷ

319 2512 595 2585 Σαϐϐάτῳ
640 2514 845 2570 ἔτιλλον
901 2517 1139 2590 στάχυας
1182 2522 1231 2574 οί
1267 2520 1542 2593 μαθηταί·
1588 2524 1680 2576 καὶ
1728 2523 1786 2577 ὲν
1835 2523 1914 2595 τῷ

318 2607 593 2681 Σαϐϐάτῳ
625 2609 982 2683 ἐθεράπευσε.
1006 2613 1118 2667 Καὶ
1143 2614 1202 2667 οὑ
1232 2615 1390 2686 μόνον
1420 2614 1600 2683 τοῦτο,
1628 2615 1765 2670 ἀλλὰ
1797 2616 1911 2671 καίο

324 2695 515 2768 Ἀρον
556 2701 666 2755 τὸν
705 2701 1039 2771 κράϐϐατόν
1078 2720 1215 2772 σου,
1266 2706 1368 2760 καὶ
1422 2707 1616 2778 ὕπαγε
1666 2710 1756 2774 εἰς
1812 2708 1914 2763 τὸν

318 2791 500 2846 οϊκόν
541 2806 682 2860 σου,
718 2792 894 2864 ἔλεγε.
934 2797 1047 2850 Καὶ
1087 2795 1133 2850 ὢ
1180 2797 1382 2869 πολλῆς
1410 2801 1711 2867 ἀγνωσίαςι
1749 2801 1914 2857 Οὐδὲν

326 2881 437 2954 γὰρ
469 2885 778 2957 χειρότερον
812 2887 910 2959 τῆς
937 2889 1217 2961 ἀπειρίας.
1250 2890 1489 2956 Πολλοὺς
1517 2893 1626 2966 γὰρ
1671 2893 1914 2963 ἐτύφλω-

320 2991 421 3028 σεν
463 2977 497 3047 ἡ
546 2977 809 3045 ἀγνωσία.
846 2979 983 3034 Πότε
1031 2981 1141 3054 γὰρ
1191 2982 1254 3035 τὸ
1288 2983 1567 3039 Σάϐϐατον
1607 2986 1700 3039 ἐπὶ
1730 2985 1910 3059 ἀγαθῇ

318 3064 603 3135 προφάσει
640 3067 701 3120 οὐ
745 3067 992 3138 λέλυται;
1029 3071 1167 3125 Πότε
1217 3071 1274 3125 δὲ
1313 3074 1418 3127 οὐκ
1457 3074 1756 3146 ὲδεσμεύθη
1805 3076 1915 3130 ἀπὸ

319 3157 595 3228 πονηρίας
624 3159 686 3213 οὐ
728 3161 889 3232 μόνον
920 3162 981 3216 τὸ
1015 3163 1324 3229 Σάϐϐατον,
1346 3164 1482 3220 ἀλλὰ
1514 3167 1664 3220 πᾶσα
1693 3166 1909 3240 ἡμέρα;

333 3250 551 3320 Ἰησοῦς
576 3241 685 3327 γὰρ
710 3255 741 3308 6
772 3253 868 3308 τοῦ
899 3255 1076 3328 Ναυῆ,
1103 3258 1133 3310 6
1165 3257 1411 3329 διάδοχος
1447 3232 1751 3326 Μωῦσὲως,
1782 3232 1821 3315 6'
1857 3232 1917 3316 δέ,
1944 3232 1986 3287 C

319 3344 640 3416 προφήταις
677 3348 1186 3420 κατηριθμημένος,
1221 3354 1251 3406 6
1281 3351 1538 3417 ἐκλεκτὸς
1578 3352 1733 3424 παρὰ
1773 3353 1912 3427 Θεῷ,

317 3435 351 3489 6
387 3435 459 3490 δι’
488 3437 655 3509 εὐχῆς
682 3438 973 3511 κατασχὼν
1005 3442 1099 3495 τὸν
1124 3441 1276 3513 ἥλιον
1307 3444 1405 3497 καὶ
1431 3443 1531 3516 τὴν
1560 3444 1813 3517 σελήνην,
1838 3445 1915 3510 ὡς

319 3524 465 3596 ἔφη’
494 3527 701 3597 Στήτω
724 3532 758 3584 ό
790 3529 964 3599 ἥλιος
999 3532 1153 3588 κατὰ
1175 3533 1450 3602 Γαϐαὼν,
1474 3534 1574 3589 καὶ
1606 3535 1645 3604 ή
1674 3535 1912 3606 σελήνη

317 3618 478 3672 κατὰ
521 3616 798 3691 φάραγγα
842 3621 1028 3690 ἰάλω,
1050 3625 1215 3690 εὐθὺς
1254 3627 1568 3699 εὑρίσκεται
1601 3629 1665 3682 τὸ
1690 3629 1909 3684 Σάϐϐα-

317 3726 416 3763 τον
449 3709 595 3764 λύων
641 3711 736 3765 ἐπὶ
773 3712 1133 3788 ἀγαθοεργίᾳ.
1195 3717 1321 3771 Ἐπὶ
1357 3718 1496 3773 ἑπτά
1542 3719 1759 3793 ἡμέρας
1802 3721 1912 3795 γὰρ

317 3804 521 3858 κυκλοῖ
549 3804 619 3859 τὰ
655 3806 810 3878 τείχη
852 3808 1065 3881 Ἱεριχῶ
1089 3812 1119 3863 6
1153 3809 1389 3881 Ἰησοῢςσ
1424 3811 1507 3865 ὅτι
1533 3814 1635 3867 οὐκ
1657 3813 1784 3884 ἐξῆν
1819 3813 1917 3885 βα-

315 3895 493 3962 δίζειν
514 3898 573 3951 ὲν
592 3897 861 3954 σάϐϐασιν
881 3900 1023 3973 ὑπὲρ
1043 3900 1103 3955 τὸ
1128 3901 1324 3974 μέτρον
1340 3902 1447 3957 τῶν
1466 3902 1527 3968 ἐξ
1548 3903 1776 3958 σταδίων
1793 3904 1909 3977 (⁸57)

315 3989 436 4043 τῶν
464 3988 810 4062 ὡρισμένων.
847 3993 921 4046 Τὸ
952 3992 1011 4046 δὲ
1036 3994 1370 4066 περίμετρον
1394 3997 1494 4067 τῆς
1536 3996 1749 4069 Ἱεριχῶ
1777 3998 1917 4071 ὑπὲρ

319 4082 579 4148 σταδίους
609 4084 780 4137 εἰκοσι
811 4085 1094 4156 τυγχάνει.
1140 4087 1265 4141 Ἐπὶ
1298 4086 1441 4142 ἑπτὰ
1480 4088 1537 4142 δὲ
1564 4089 1780 4161 ἡμέρας
1822 4107 1921 4144 κυ-

317 4173 657 4229 κλωσάντων
680 4174 881 4242 αὐτῶν,
908 4177 1126 4242 πάντως
1153 4180 1525 4247 ὅτιὺπέπιπτε
1548 4183 1610 4236 τὸ
1640 4183 1918 4238 Σάϐϐατον

313 4269 382 4322 ὲν
414 4268 518 4339 μιᾷ
548 4266 658 4323 τῶν
683 4267 932 4340 ἡμερῶν.
964 4265 1074 4325 Ἦν
1100 4270 1158 4324 δὲ
1199 4271 1363 4327 τοῦτο
1396 4273 1730 4347 πρόσταγμα
1755 4274 1915 4340 Θεοῦ,

2022 614 2376 676 collaudavit,
2404 629 2526 684 quae
2546 614 2756 667 minuta
2774 611 2884 666 duo
2897 611 3126 681 iecerat,
3159 609 3231 665 ob
3261 608 3407 663 illam
3434 624 3601 679 quam

2019 705 2259 763 diximus
2320 712 2721 777 paupertatem,
2757 711 2812 758 et
2843 711 2903 757 ut
2946 702 3268 771 impleretur
3290 699 3437 769 quod
3460 701 3601 754 scri-

2018 806 2170 869 ptum
2197 805 2282 853 est
2306 816 2319 852 :
2351 796 2507 851 Dives
2535 804 2585 850 et
2615 809 2816 864 pauper
2845 800 3192 847 occurrerunt
3225 792 3466 857 invicem,
3499 790 3606 845 Do-

2020 888 2191 941 minus
2217 882 2394 939 autem
2429 884 2610 937 ambos
2642 883 2789 953 fecit.
2828 882 3008 952 Atque
3055 890 3114 936 nt
3142 881 3420 951 intelligas
3447 895 3606 935 eum-

2017 976 2139 1032 dem
2165 991 2289 1032 esse
2313 975 2520 1031 Veteris
2548 989 2612 1029 ac
2643 972 2781 1027 Novi
2803 970 3139 1027 Testamenti
3176 970 3455 1040 spiritum,
3481 968 3608 1025 vide

2014 1067 2144 1137 quid
2180 1067 2474 1137 Apostolus
2520 1064 2589 1119 de
2631 1064 2907 1119 veteribus
2965 1062 3246 1132 prophetis
3294 1062 3600 1131 scripserit:

2018 1157 2233 1225 Deﬁciet
2284 1173 2364 1211 me
2416 1165 2640 1224 tempus,
2700 1154 2899 1224 inquit,
2927 1162 3238 1207 narrantem
3267 1153 3330 1205 de
3372 1151 3602 1216 Gedeon,

2020 1249 2216 1314 Barac,
2250 1248 2502 1311 Samson,
2531 1245 2738 1314 Iephte,
2769 1244 2964 1310 David,
2992 1261 3054 1299 ac
3080 1244 3284 1298 caneris
3314 1242 3600 1312 prophetis,

2013 1338 2103 1409 qui
2151 1338 2470 1390 circuierunt
2513 1343 2569 1389 in
2631 1334 2879 1399 melotis,
2936 1335 2991 1387 in
3043 1331 3266 1402 pellibus
3317 1331 3550 1401 caprinis
3584 1371 3600 1396 ,

2014 1430 2212 1500 amicti,
2269 1428 2581 1499 angustiati,
2635 1426 2829 1491 uexati,
2871 1425 3057 1496 quibus
3092 1425 3282 1494 dignus
3334 1441 3440 1479 non
3489 1430 3604 1478 erat

2014 1521 2246 1576 mundus
2281 1522 2325 1576 ¹.
2361 1520 2638 1591 Siquidem
2673 1529 2726 1573 et
2752 1518 2950 1573 lsaiam
3005 1525 3059 1572 et
3102 1517 3262 1587 702
3296 1516 3466 1571 Eliam
3483 1515 3603 1571 cili-

2014 1615 2160 1667 ciqu
2194 1612 2443 1667 induisse
2493 1610 2748 1681 legimus.
2802 1608 3209 1663 Animadvertis
3246 1607 3483 1677 denique
3517 1605 3597 1660 uti

2016 1711 2127 1758 tam
2151 1706 2208 1760 in
2232 1702 2430 1760 Vetere
2463 1718 2622 1772 quam
2679 1703 2734 1755 in
2762 1700 2915 1757 Novo
2948 1700 3298 1756 Testamento
3323 1706 3376 1754 et
3399 1712 3603 1769 paupe-

2016 1812 2107 1853 res
2133 1797 2355 1868 pietatis
2377 1810 2440 1851 ac
2468 1794 2769 1866 religionis,
2808 1800 2864 1850 et
2904 1792 3104 1848 divites
3127 1792 3357 1862 justitia‘.
3381 1790 3602 1845 nomine

1946 1871 1989 1925 Β
2020 1888 2167 1944 beati
2198 1901 2320 1943 esse
2344 1886 2622 1942 dicantur.

2090 1979 2326 2035 LXXXI.
2358 1977 2598 2035 Rursum
2648 1992 2780 2033 vero
2810 1975 3146 2031 Manichams
3180 1975 3372 2040 instat,
3409 1980 3465 2029 et
3495 1972 3599 2029 ob-

2015 2074 2140 2145 jicit
2188 2088 2204 2124 :
2256 2070 2429 2127 Vetus
2473 2069 2887 2127 Testamentum
2949 2066 3249 2123 Sabbatum
3316 2066 3601 2122 observari

2017 2165 2231 2237 jubere.
2261 2161 2417 2230 Quod
2447 2161 2494 2218 si
2523 2161 2649 2233 quis
2682 2175 2792 2215 non
2825 2159 3065 2222 fecisset,
3100 2156 3375 2228 lapidibus
3405 2156 3602 2211 obrue-

2021 2260 2188 2314 batur
2213 2274 2228 2325 ;
2258 2272 2370 2327 quo
2398 2254 2672 2326 supplicio
2707 2254 2798 2309 ille
2826 2261 2910 2308 est
2937 2250 3163 2308 allectus
3194 2251 3287 2321 qui
3326 2249 3600 2320 lignorum

2019 2350 2348 2407 fasciculum
2405 2348 2703 2419 collegerat
2743 2348 2789 2401 ³.
2826 2345 3031 2402 Contra
3089 2344 3145 2398 in
3199 2341 3352 2397 Novo
3406 2340 3601 2397 Testa-

2021 2450 2226 2507 mento,
2257 2439 2373 2494 sive
2403 2437 2696 2509 Evangelia
2716 2436 2982 2493 Dominus
3012 2437 3088 2490 ait
3127 2454 3140 2490 :
3172 2432 3280 2506 Ego
3314 2449 3521 2504 operor,
3551 2440 3603 2488 et

2024 2531 2187 2587 Pater
2210 2546 2354 2586 meus
2394 2540 2644 2600 operatur
2670 2529 2712 2582 ⁸.
2743 2530 2921 2599 Atque
2938 2528 3104 2583 etiam
3147 2525 3386 2581 Sabbato
3415 2524 3604 2596 spicas

2020 2624 2236 2680 vulsere
2277 2621 2612 2693 discipuli‘.
2665 2619 2868 2675 Eodem
2952 2618 3195 2673 Sabbato
3258 2631 3367 2671 non
3427 2615 3605 2673 solum

2018 2731 2194 2787 aegros
2220 2713 2454 2781 curavit,
2479 2711 2577 2768 sed
2597 2722 2651 2768 et
2677 2711 2808 2767 illud
2836 2709 3091 2781 praecepit
3121 2708 3300 2764 :Tolle
3320 2707 3602 2779 grabatum

2019 2817 2187 2873 tuum,
2237 2812 2287 2859 et
2326 2804 2455 2858 vade
2511 2803 2569 2856 in
2614 2803 2832 2856 domum
2863 2809 3011 2854 tuam
3043 2799 3089 2853 ⁵.
3135 2796 3180 2853 Ο
3228 2796 3602 2853 incredibilem

2018 2896 2340 2953 inscitiam!
2392 2892 2540 2948 Nihil
2585 2892 2730 2949 enim
2759 2892 3036 2963 imperitia
3078 2890 3321 2945 deterius
3341 2895 3446 2954 est,
3480 2902 3605 2959 quae

2019 2989 2288 3060 plurimos
2317 2984 2638 3041 obcaecavit.
2683 2983 2804 3051 Quo
2832 2983 2977 3039 enim
3017 2990 3261 3052 tempore
3303 2979 3601 3035 Sabbatum

2019 3096 2129 3135 non
2162 3078 2321 3134 licuit
2360 3076 2594 3134 honesta
2634 3076 2714 3132 de.
2740 3091 2909 3132 causa
2948 3074 3292 3131 dissolvere?
3319 3073 3439 3140 Quo
3471 3085 3606 3128 vero

2021 3179 2289 3240 tempore,
2321 3167 2469 3238 quod
2500 3182 2566 3222 ac
2595 3167 2781 3223 scelus
2809 3181 2874 3221 ac
2899 3165 3203 3236 nequitiam
3236 3162 3455 3229 attinet,
3489 3176 3603 3218 non

2019 3272 2103 3319 est
2132 3261 2395 3332 religione
2417 3259 2803 3326 constrictum,
2833 3273 2946 3313 non
2976 3256 3143 3312 modo
3159 3255 3480 3322 Sabbatum,
3504 3254 3603 3311 sed

2018 3366 2072 3412 et
2100 3354 2359 3426 quaelibet
2381 3352 2500 3407 dies
2519 3351 2544 3405 ?
2566 3349 2731 3406 Jesus
2747 3350 2840 3406 ille
2879 3348 3028 3403 Nave
3057 3347 3203 3403 illius
3232 3345 3436 3418 Moysis
3476 3359 3605 3401 suc-

2017 3461 2233 3513 cessor,
2265 3444 2361 3516 qui
2394 3444 2539 3498 inter
2566 3442 2868 3513 prophetas
2899 3447 3242 3505 numeratur,
3279 3437 3374 3510 qui
3415 3453 3447 3492 a
3490 3435 3604 3493 Deo

2016 3537 2252 3593 dilectus
2285 3543 2394 3602 est,
2423 3535 2515 3604 qui
2543 3534 2679 3588 solis
2711 3547 2776 3587 ac
2805 3533 2951 3587 lunae
2973 3546 3199 3587 cursum
3225 3529 3477 3586 oratione
3501 3540 3604 3584 sua

2016 3637 2262 3685 moratus
2290 3638 2395 3691 est,
2411 3641 2536 3682 cum
2556 3626 2629 3680 ita
2651 3630 2969 3696 precaretur
2992 3641 3007 3677 :
3033 3621 3244 3679 Stet-sol
3272 3620 3340 3676 ad
3357 3619 3598 3687 Gabaon,

2015 3731 2064 3777 et
2091 3722 2221 3776 luna
2266 3720 2336 3776 ad
2368 3718 2655 3775 convallem
2687 3716 2812 3773 Jalo
2838 3718 2880 3785 ⁸,
2944 3717 3034 3772 hic
3073 3716 3237 3788 igitur
3300 3713 3600 3769 Sabbatum

2017 3813 2147 3869 boni
2175 3812 2361 3884 operis
2396 3811 2688 3868 exercendi
2729 3824 2899 3865 causa
2943 3809 3180 3865 solvisse
3212 3807 3436 3879 legitur,
3475 3820 3603 3861 cum

2022 3915 2230 3977 septem
2274 3915 2420 3962 totos
2485 3905 2605 3961 dies
2637 3902 3017 3959 Hierichuntis
3058 3902 3264 3958 moenia
3305 3899 3602 3956 circumiit.

2020 3999 2143 4055 Non
2198 3998 2348 4055 enim
2397 3997 2655 4053 Sabbatis
2682 3996 2881 4052 licebat
2921 3995 3065 4050 ultra
3092 3993 3600 4065 praescriptum‘sex

2025 4089 2328 4147 stadiorum
2374 4086 2596 4143 modum
2640 4086 2972 4142 ambulando
3016 4099 3263 4156 pergere.
3312 4083 3383 4138 At
3427 4080 3603 4138 Hieri-

2025 4181 2248 4239 chuntis
2284 4182 2528 4237 ambitus
2561 4178 2755 4252 viginti
2792 4177 2987 4234 stadiis
3030 4175 3266 4247 amplior
3297 4182 3402 4231 est.
3424 4172 3603 4241 Quare

2023 4289 2150 4332 cum
2174 4280 2386 4346 septem
2410 4273 2606 4329 diebus
2637 4271 2827 4326 urbem
2853 4267 3237 4333 circumirent,
3270 4280 3497 4322 necesse
3518 4271 3604 4322 est

400 4444 420 4474 ¹
464 4441 634 4502 Hebr.
669 4459 748 4512 ιι,
777 4443 849 4499 52
878 4459 1003 4517 sqq.
1077 4448 1098 4479 ²
1126 4443 1290 4502 Num.
1324 4462 1442 4514 xm,
1463 4446 1553 4503 52.
1630 4448 1653 4480 ³
1674 4447 1836 4505 Joan.
1871 4466 1917 4519 ν,

2020 4452 2039 4504 “.
2118 4449 2142 4482 ⁵
2172 4448 2308 4504 Luc.
2341 4464 2419 4511 vr,
2451 4446 2504 4502 1.
2581 4448 2601 4480 ⁸
2633 4445 2796 4502 Joan.
2828 4463 2884 4512 ν,
2911 4446 2965 4501 8.
3044 4446 3065 4477 ³
3105 4445 3221 4502 Jos.
3253 4444 3423 4512 x,12.
3460 4400 3466 4405 υ

399 4625 520 4696 (⁵⁷)
560 4625 752 4709 ,Ὑπὲρ
775 4624 845 4709 τιέ
860 4624 1086 4709 eam
1109 4622 1228 4679 τῶν
1248 4623 1319 4689 δε
1335 4625 1917 4709 τῖξαιξξων-ηιῖίβωιιγ-

2034 4630 2236 4709 vallum
2275 4626 2401 4709 fuit,
2446 4635 2507 4683 ut
2553 4625 2827 4709 Iosephus
2870 4626 2965 4709 lib.
2993 4642 3097 4709 τι,
3122 4639 3242 4709 cap.
3276 4623 3311 4679 6
3349 4629 3601 4709 testatur.

321 4694 458 4769 l_nu_s
487 4694 652 4767 epist.
679 4697 747 4752 15
776 4694 1184 4769 αάςᾼιᾳαείιιηι,
1211 4712 1307 4766 qu.
1345 4695 1436 4769 ιο,
1475 4698 1581 4751 iter
1612 4694 1930 4769 ‘Sabbatiex
2033 4700 2157 4755 Ideo
2189 4700 2313 4769 Act.
2345 4712 2481 4769 cap.
2503 4714 2542 4759 ι,
2575 4694 2839 4769 conum,
2878 4694 3100 4769 sabbati
3141 4696 3246 4749 iter
3280 4695 3601 4769 appellatur.

320 4765 693 4837 Hebraeorum
737 4765 1033 4821 traditione
1059 4765 1275 4837 duobus
1316 4766 1515 4837 pedum
1552 4767 1795 4823 millibus
1832 4768 1930 4823 de-

322 4839 472 4892 linit.
504 4836 723 4908 ﬂebraei
762 4851 893 4908 vero
938 4837 1189 4908 magistri
1241 4835 1352 4892 duo
1403 4838 1716 4908 cubitorum
1756 4838 1928 4908 millia

318 4907 707 4990 Ξριιειιιιιιι-ιιι,
729 4906 887 4990 quod
912 4914 969 4990 et
990 4906 1198 4990 certius
1213 4907 1465 4990 indetur.
1491 4906 1646 4990 Nam.
1664 4909 1738 4990 ita
1761 4907 1925 4990 docet

322 4977 482 5033 Elias
510 4978 567 5032 in
593 4976 775 5032 Thisbi
807 4976 1075 5033 vocabulo
1103 4985 1273 5039 D‘nn.
1296 4977 1469 5047 Cujus
1525 4978 1732 5033 moduli
1785 4979 1919 5034 deli-

320 5047 473 5119 nitio
526 5063 596 5104 ex
658 5062 782 5117 cap.
829 5046 1152 5119 Exodqux,
1188 5047 1295 5119 ΑΞ,
1337 5046 1402 5119 et
1448 5048 1798 5119 potissimum
1851 5065 1919 5104 ex

318 5116 502 5175 Iosue
532 5134 617 5183 ιιι,
654 5115 799 5173 com.
829 5116 1138 5189 4,7petitur.
1164 5115 1292 5189 ,Ubi
1334 5115 1480 5173 inter
1509 5118 1709 5174 Arcam
1738 5126 1794 5174 et
1823 5134 1919 5189 po-

320 5189 529 5260 pulum
544 5189 787 5260 _t_otidem
816 5188 1510 5260 cubitorumintervallum
1552 5203 1676 5245 esse
1725 5188 1919 5260 praeci-

324 5255 508 5331 pitur.
543 5257 613 5314 Ut
641 5257 916 5331 nimirum
931 5271 1015 5331 eo_
1034 5255 1259 5331 S_ahba_ti
1298 5258 1387 5331 d_ie
1420 5258 1609 5331 liceret
1632 5255 1916 5331 accedere,

335 5325 405 5384 ut
452 5330 850 5399 interpretatur
883 5325 948 5381 Β.
984 5325 1262 5382 Selomoh.
1312 5327 1437 5399 iam
1485 5328 1707 5384 cubitus
1728 5345 1795 5387 ex
1824 5327 1918 5384 Vi-

332 5401 530 5454 truvio
578 5397 671 5454 lib.
727 5413 811 5464 ιιι,
857 5399 1086 5468 cap._i,
1140 5397 1465 5468 sesquipede
1522 5401 1919 5465 constat;sive

326 5469 539 5542 palmis
558 5486 612 5524 vi
644 5469 748 5524 hoc
791 5481 876 5526 est
904 5466 1092 5542 digitis
1145 5466 1761 5542 utvg;f_llerodotus‘in
1808 5469 1927 5542 Clio

332 5538 587 5595 Stadium
621 5556 674 5611 vi
730 5553 856 5611 esse
908 5538 1164 5611 jugerum
1194 5539 1411 5611 scribit,
1453 5539 1517 5611 id
1554 5546 1640 5595 est
1674 5538 1916 5611 ὀργυιῷν

332 5553 587 5595 stantum
621 5556 674 5595 vi
730 5553 856 5595 esse
908 5554 968 5608 ,ιιι
1007 5553 1164 5594 erum
1194 5553 1411 5604 SCI‘IDII,
1461 5553 1517 5594 ιιι
1554 5553 1640 5595 εει
1674 5553 1916 5611 οργυιων

328 5616 598 5677 centum;
634 5608 863 5680 ὀργυιάν
884 5553 1095 5734 (perium
1131 5622 1206 5675 vl,
1230 5609 1348 5665 sive
1380 5609 1691 5665 cubitorum
1728 5626 1804 5665 ιν.
1844 5609 1925 5666 Ex

328 5695 450 5734 uno
467 5681 784 5734 seuuiturin
798 5689 880 5734 sta
923 5679 978 5734 io
1001 5678 1165 5734 pedes
1191 5694 1315 5734 esse
1327 5694 1411 5734 nc.
1440 5679 1752 5734 cubitoscn.
1771 5679 1925 5734 Unde

328 5695 450 5749 quo
467 5679 717 5763 sequitur
731 5681 784 5734 in
798 5679 978 5762 stadio
1000 5679 1165 5763 pedes
1191 5679 1655 5763 esse_nc_,”cubitos
1665 5694 1752 5735 cn.
1771 5679 1927 5763 [Inde

330 5765 421 5807 ιιι
437 5750 905 5820 cubitorum,sive
916 5750 1115 5820 pedum
1137 5764 1253 5806 ιιιιι
1283 5751 1478 5820 stadiis
1502 5766 1539 5805 ν
1568 5751 1925 5820 respondent:

333 5828 615 5901 quantum
646 5818 789 5887 inter
808 5818 1185 5893 Hierosolyma
1205 5828 1260 5885 et
1277 5818 1735 5886 Oliveti'montém
1753 5822 1923 5887 inter-

2027 4769 2185 4840 Apud
2217 4763 2579 4824 Columellam
2602 4768 2786 4840 paulo
2812 4766 2991 4840 major
3015 4779 3100 4840 est
3128 4779 3381 4840 mensura
3406 4763 3602 4830 stadii;

2028 4835 2154 4894 nam
2184 4840 2325 4894 libro
2349 4855 2404 4901 ν,
2437 4854 2556 4908 cap.
2599 4835 2652 4903 τ,
2684 4845 2864 4892 actum
2891 4835 3077 4908 deﬁnit
3106 4835 3302 4904 pedum
3332 4849 3453 4888 esse
3475 4848 3602 4908 cxx;

2021 4909 2280 4981 jugerum
2304 4924 2435 4981 vero
2467 4905 2605 4963 duos
2635 4918 2792 4963 actus
2838 4907 3141 4981 continere,
3175 4911 3231 4959 et
3257 4919 3382 4959 esse
3404 4905 3602 4972 pedum

2023 4975 2160 5048 cxi;
2198 4980 2591 5050 seniijugerum
2630 4985 2811 5032 autem
2851 4992 2881 5030 a
2927 4975 3100 5050 Gallis
3154 4988 3461 5050 arepennem
3508 4988 3595 5050 vo:

2017 5053 2132 5104 cari
2147 5044 2169 5117 ’;
2201 5044 2709 5118 stadiumdenique
2734 5046 3349 5118 passusrliabereggxxv,
3380 5044 3484 5097 hoc
3508 5049 3600 5097 est

2016 5114 2180 5244 Bedes
2210 5134 2405 5202 ccxxv.
2437 5114 2644 5175 Passus
2675 5114 2819 5172 enim
2858 5117 3041 5186 quinis
3081 5114 3310 5183 pedibus
3354 5121 3594 5195 constat.

2070 5189 2174 5244 nde
2207 5190 2352 5244 nnlle
2384 5203 2581 5244 passus
2620 5186 2790 5244 pedes
2815 5187 3015 5242 habent
3035 5200 3129 5240 vn.
3154 5182 3452 5244 Gregorius
3472 5196 3594 5237 vero

2070 5189 2174 5244 nde
2207 5190 2352 5244 mille
2384 5203 2581 5257 passus
2612 5186 2790 5257 pedes
2815 5182 3015 5242 habent
3035 5182 3129 5240 vit.
3154 5182 3455 5257 Gregorius
3472 5196 3604 5237 vero

2017 5257 2366 5314 Turonensis
2387 5253 2485 5314 lib.
2524 5273 2541 5313 ι
2576 5253 2743 5322 Hist.,
2770 5272 2892 5326 cap.
2928 5257 2982 5317 6,
3018 5253 3322 5324 arepennes
3365 5253 3457 5307 uni
3484 5261 3600 5326 sta-

2015 5329 2110 5386 dio
2147 5329 2340 5385 tribuit
2360 5346 2413 5384 ν.
2456 5328 2574 5395 Qua
2617 5322 2855 5382 ιοιὶοιιιί
2878 5328 2931 5381 in
2972 5322 3300 5394 arepennem
3331 5322 3603 5395 Lx_xx_im-

2030 5400 2258 5471 putandi
2287 5408 2417 5456 sunt
2452 5392 2648 5471 cubiti,
2685 5399 2798 5453 sive
2835 5395 2998 5465 pedes
3019 5392 3145 5471 ciix,
3169 5399 3302 5471 quot
3330 5408 3361 5446 a
3386 5392 3602 5471 Colum.

2025 5460 2369 5539 iribuuntur.
2423 5471 2499 5524 Ita
2553 5469 2746 5539 quinta
2789 5460 2943 5539 parte
2971 5465 3148 5539 major
3171 5460 3278 5539 erit
3314 5460 3604 5539 arepennie

2026 5530 2535 5610 Herodotiplethro
2560 5530 2588 5603 ,’
2607 5537 2752 5610 quod
2780 5530 3034 5607 iugerum
3057 5530 3596 5610 'plerique_ver_t_unt.
3643 5574 3646 5577 .

2027 5610 2137 5682 S_ed
2165 5611 2234 5667 de
2262 5601 2497 5682 πλέθρου
2547 5601 2810 5663 varietate
2843 5601 3071 5682 totaque
3079 5601 3209 5682 :hac'
3226 5601 3485 5682 metiendi
3507 5616 3601 5655 ra-

2025 5680 2174 5762 tione
2223 5672 2477 5762 pluribus
2530 5694 2713 5752 agere,
2771 5691 2947 5748 neque
2975 5672 3096 5731 'otii
3154 5672 3326 5740 nostri
3363 5679 3471 5737 est,
3498 5683 3603 5730 nec

2026 5752 2279 5807 instituti.
