4138 6396
523 299 628 360 159

1867 314 1924 368 S.
1953 311 2289 372 EPIPHANII

3679 307 3786 364 180

522 413 844 485 inaliquam
895 431 960 471 ex
1010 415 1203 472 diebus
1261 420 1372 475 illis
1422 421 1727 476 incurrisse
1775 421 2096 477 Sabbatum.

2212 425 2292 478 ἵνα
2317 423 2465 497 δείξῃ
2494 424 2658 478 αὑτοῦ
2687 424 2747 476 τὸ
2771 424 2986 494 θέλημα.
3026 423 3124 494 τῆς
3154 421 3610 494 θαυματουργίας.
3642 423 3777 478 Οὔτε

522 507 630 564 Sed
663 509 768 564 hoc
799 509 888 564 Dei
915 511 1170 564 mandato
1200 510 1406 567 factum
1453 524 1558 580 est,
1595 523 1655 567 ut
1694 531 1816 583 qme
1849 514 2096 584 prodigia

2212 515 2306 586 {dp
2333 517 2590 586 μηχαναὶ,
2624 513 2746 568 οὕτε
2775 515 3023 586 μάγγανα
3049 511 3136 586 ἦν,
3171 517 3231 568 οὐ
3257 515 3433 585 κριοὶ,
3463 517 3564 584 οὐχ
3589 513 3774 567 ἑλεπό-

521 612 587 651 ac
643 598 910 654 miracula
953 601 1130 654 moliri
1156 602 1500 667 decreverat,
1540 605 1873 660 ostenderet.
1920 603 2094 658 Nullae

519 692 636 740 tum
668 687 780 740 illic
821 689 1114 762 machinae,
1161 692 1294 744 nulli
1343 695 1562 760 arietes,
1587 695 1732 747 nulla
1760 694 2094 750 subruendis

520 779 794 832 moenibus
822 780 1211 844 instrumenta,
1247 783 1341 837 sed
1389 785 1504 838 sola
1555 785 1696 839 tubae
1721 799 1933 840 cornea:
1971 799 2102 838 voce

521 881 587 920 ac
613 869 716 920 viri
743 868 874 938 justi
909 871 1164 938 precibus
1213 871 1394 926 diruta
1431 875 1675 928 hostium
1721 876 1922 930 muenia
1965 891 2100 930 con-

520 959 796 1016 ciderunt.
851 961 1001 1028 Quos
1061 965 1281 1034 quidem
1335 968 1522 1024 hostes
1573 971 1723 1026 luere
1767 970 2100 1040 supplicium

521 1053 744 1122 impleta
776 1054 990 1110 fuerant
1021 1059 1060 1110 ί.
1261 1051 1264 1054 ’
1307 1119 1312 1124 .
1490 1075 1492 1077 ’

591 1151 850 1206 LXXXII.
887 1153 995 1208 Lex
1015 1157 1158 1212 enim
1185 1155 1450 1212 adversus
1480 1158 1686 1212 scelera
1713 1158 1919 1228 judieis
1949 1158 2096 1212 vices

521 1243 726 1307 obibat,
781 1253 833 1298 et
873 1247 1174 1318 unicuique
1225 1265 1326 1318 pro
1353 1265 1576 1304 suorum
1620 1265 1846 1319 operum
1903 1249 2098 1304 merito

521 1340 870 1408 rependebat.
909 1341 1208 1396 Amorrhzei
1233 1359 1397 1413 porro
1428 1360 1549 1399 sese
1579 1346 1820 1414 peccatis
1853 1344 2100 1399 obstrin-

521 1440 736 1496 xerant,
769 1447 832 1485 ac
857 1433 982 1500 jura
1027 1435 1316 1498 violarant,
1347 1435 1492 1503 quod
1525 1442 1714 1488 contra
1735 1435 2098 1504 jurisjurandi

525 1521 684 1576 ﬁdem
742 1533 988 1592 egerant.
1041 1523 1116 1578 De
1148 1541 1256 1594 quo
1298 1541 1424 1580 cum
1470 1526 1576 1578 alio
1619 1527 1739 1580 loco
1773 1525 2096 1588 dixerimus.

521 1615 675 1682 juvat
703 1621 882 1670 tamen
917 1617 1106 1671 eadem
1161 1617 1266 1670 hoc
1297 1618 1417 1672 loco
1450 1631 1778 1686 proponere.
1813 1616 2100 1686 Ejusmodi

523 1706 724 1774 quippe
776 1714 924 1766 sunt.
957 1725 1078 1777 qua:
1125 1708 1178 1762 in
1217 1715 1470 1777 promptu
1505 1707 1786 1762 Manicluei
1825 1708 2102 1762 calliditas

2200 608 2312 671 λεις
2333 625 2348 640 ο
2377 609 2511 662 ἀλλὰ
2541 609 2675 678 μόνῃ
2701 611 2852 678 φωνῇ
2883 607 3179 676 σάλπιγγος
3207 607 3497 678 κερατίνης
3525 607 3618 660 καὶ
3645 608 3774 678 εὐχῇ

2207 699 2415 751 δικαίου
2450 699 2738 769 ἐκλίθησαν
2772 700 3150 752 καταπεσόντα
3176 699 3244 751 τὰ
3275 699 3429 768 τείχη
3470 699 3581 750 τῶν
3615 699 3771 750 ὑπεν-

2199 788 2415 841 αντίων.
2453 789 2594 841 Ἔδει
2623 789 2730 860 γὰρ
2751 790 2945 852 αὐτοὺς
2975 789 3368 860 τιμωρηθῆναι,
3396 789 3580 860 ἐπειδὴ
3619 788 3777 858 ἑπλη-

2209 876 2458 948 ρώθησαν
2477 880 2534 930 αἱ
2563 877 2824 948 ἁμαρτίαι
2849 878 2955 930 τῶν
2993 879 3352 950 Ἀμορραίων.

2169 974 2492 1040 Oportebat,
2561 973 3004 1044 quandoquidem
3063 974 3502 1028 Amorrhaeorum
3553 984 3772 1044 peccata

2275 1151 2398 1206 lIB'.
2439 1153 2706 1216 Δικαστὴς
2743 1155 2852 1224 γὰρ
2875 1149 2944 1224 ἦν
2970 1155 2997 1206 ό
3039 1153 3198 1224 νόμος
3234 1153 3376 1207 κατὰ
3411 1155 3509 1224 τῆς
3541 1157 3772 1225 ἀδικίας,

2204 1250 2297 1298 καὶ
2326 1244 2539 1314 ἑκάστῳ
2571 1245 2824 1298 ἀπεδίδου
2862 1245 3002 1297 κατὰ
3025 1245 3092 1296 τὰ
3133 1243 3238 1296 ίδια
3265 1244 3421 1316 ἔργα.
3455 1247 3566 1300 Καὶ
3589 1249 3775 1320 ἑπειδὴ

2205 1337 2260 1388 ὲν
2290 1337 2582 1407 ἁμαρτίαις
2630 1336 2924 1406 ἐτύγχανον
2959 1337 3008 1388 οἱ
3051 1336 3388 1408 Ἀμοῤῥαῖοι,
3429 1339 3488 1390 ἑν
3525 1340 3776 1412 παραϐά-

2209 1444 2288 1478 σει
2315 1428 2615 1494 γεγονότες,
2647 1427 2742 1480 κα¹ι
2770 1426 3136 1498 ἀρνησάμενοι
3161 1427 3248 1481 τὸν
3265 1428 3424 1498 ὅρκον
3447 1429 3506 1481 ὃν
3537 1429 3774 1501 ὤμοσαν,

2205 1517 2280 1580 ὡς
2311 1518 2405 1570 καὶ
2435 1519 2535 1588 ήδη
2565 1518 2698 1589 ἄλλῃ
2731 1517 2830 1570 πού
2863 1535 2952 1587 μοι
2981 1518 3196 1588 εἴρηται
3221 1537 3236 1549 ’
3273 1519 3423 1574 οὐδὲν
3453 1521 3510 1573 δὲ
3549 1520 3778 1592 λυπήσει

2205 1609 2298 1662 καὶ
2330 1609 2561 1662 ἐνταῦθα
2581 1609 2648 1662 τὰ
2671 1607 2809 1661 αὐτὰ
2843 1607 3202 1678 παραθέσθαι.
3225 1609 3410 1664 Ταῦτα.
3435 1611 3542 1681 γάρ
3571 1613 3686 1664 ἑστι
3711 1611 3782 1665 τὰ

2208 1700 2472 1771 πρόχειρα
2507 1701 2604 1770 τῆς
2635 1700 2728 1752 τοῦ
2763 1701 2920 1772 Μάνη
2957 1701 3281 1772 δεινότητος,
3304 1702 3387 1755 ὅτι
3413 1701 3572 1766 καλὸς
3595 1706 3622 1756 ὁ
3649 1703 3780 1768 Θεὸς

524 1795 683 1864 703
713 1796 896 1851 habet.
933 1795 1264 1851 Praeclarum
1293 1812 1442 1855 vero.
1493 1797 1692 1865 inquit,
1729 1797 1865 1867 legis
1913 1796 2102 1862 Deum,

2212 1791 2299 1845 τοῦ
2339 1793 2529 1862 νόμου.
2563 1795 2622 1856 ὃς
2667 1794 2964 1848 ἑσκύλευσε
3008 1794 3105 1864 μὲν
3139 1795 3266 1858 τοὺς
3295 1797 3646 1862 Αἰγυπτίους,
3691 1797 3780 1861 ἑξ-

523 1889 617 1956 qui
661 1896 712 1940 et
752 1887 1134 1958 Egyptiorum
1179 1903 1314 1958 Opes
1367 1887 1638 1957 praedatus
1686 1897 1790 1952 est,
1833 1895 1887 1942 et
1915 1888 2105 1941 Amor-

524 1979 706 2044 rhceis,
733 1977 1033 2048 Gergezmis
1088 1996 1153 2034 ac
1181 1981 1405 2050 reliquis
1429 1981 1681 2050 gentibus
1706 1981 1918 2049 ejectis.
1945 1995 2106 2049 agros

526 2072 744 2124 illarum
772 2070 1037 2127 lsraelitis
1067 2071 1454 2138 attribuit.Qui
1477 2073 1578 2128 hoc
1601 2073 1916 2126 mandatum
1934 2072 2105 2130 dedit.

527 2161 652 2216 Non
701 2164 1031 2230 concupisces
1083 2167 1127 2224 ’,
1181 2162 1458 2232 quomodo
1523 2163 1629 2217 illis
1667 2163 1842 2216 aliena
1883 2161 2108 2231 largitus

523 2252 654 2307 est?
708 2253 856 2308 Adeo
908 2268 1039 2308 vero
1087 2253 1236 2308 rudis
1293 2261 1400 2316 est,
1449 2263 1500 2306 ut
1543 2252 1682 2306 istud
1725 2266 1834 2305 non
1879 2251 2098 2308 videat.

527 2341 804 2398 lsraelitas
841 2350 1041 2398 terram
1079 2359 1234 2398 suam
1276 2359 1650 2413 recuperasse,
1697 2357 1859 2412 quam
1891 2342 1968 2396 illi
1999 2357 2096 2411 per

526 2432 636 2486 vim
677 2431 1014 2500 eripuerant.
1048 2447 1222 2502 eaque
1273 2441 1456 2500 capta,
1485 2448 1605 2502 quas
1645 2433 1788 2487 inter
1820 2433 1944 2487 illos
1971 2447 2105 2486 con-

528 2531 818 2588 venerant,
875 2539 1104 2594 quteque
1161 2525 1378 2578 sincere
1423 2531 1477 2577 ει
1531 2524 1862 2594 interposito
1897 2523 2109 2592 jureju-

529 2611 700 2666 rando
732 2613 940 2668 sancita
970 2612 1204 2675 fuerant,
1238 2629 1360 2668 esse
1401 2615 1688 2669 vindicata.
1725 2613 1934 2668 Etenim
1972 2613 2106 2679 Noe,

528 2723 559 2762 a
591 2708 796 2762 diluvio
847 2723 970 2762 cum
1016 2725 1188 2763 uxore
1265 2709 1551 2776 tribusque
1603 2709 1728 2764 [iliis
1773 2724 1836 2762 ac
1883 2706 2106 2762 totidem

527 2801 758 2856 nuribus
785 2808 1060 2860 servatus.
1097 2802 1283 2854 orbem
1328 2809 1593 2856 terrarum
1616 2802 1926 2856 universum
1957 2800 2108 2854 solus

529 2890 586 2944 in
619 2898 731 2944 tres
759 2890 983 2950 liberos,
1049 2890 1198 2954 Sem,
1232 2889 1399 2946 Cham
1430 2899 1485 2946 et
1515 2891 1710 2961 Japhet
1731 2895 1965 2960 partitus
1997 2901 2105 2956 est,

523 2984 692 3052 jactis
731 2981 874 3053 apud
943 2981 1447 3038 Rhiuocorurorum
1504 2984 1764 3054 Oppidum
1823 2985 2105 3050 sortibus,

529 3075 610 3128 uti
639 3064 1008 3130 Consentanea
1058 3074 1202 3128 fama
1231 3077 1507 3146 vulgatum
1556 3083 1660 3138 est,
1697 3075 1784 3129 cui
1827 3075 1962 3128 nihil
2009 3089 2106 3129 va-
2135 3107 2176 3164 Ο

529 3181 660 3220 num
691 3167 899 3228 subest,
955 3181 1052 3220 aut
1105 3177 1308 3222 temere
1337 3167 1655 3221 conlictum.
1691 3166 1826 3220 Nam
1849 3165 2109 3220 Rhinoco-

529 3275 658 3311 rura
690 3257 818 3314 Neel
851 3261 1202 3327 interpretari
1229 3260 1430 3329 possis,
1475 3261 1660 3328 itaque
1691 3261 1760 3314 ab
1793 3261 1986 3314 incolis
2021 3275 2110 3330 ap-

529 3349 798 3416 pellatur;
851 3337 1179 3402 l‘lebraieum
1215 3357 1396 3402 autem
1451 3349 1773 3404 vocabulum
1821 3362 1984 3404 sortes
2037 3351 2108 3404 si-

527 3439 769 3507 gnificat,
799 3441 945 3508 quod
982 3438 1224 3492 Nnemus
1255 3439 1434 3494 tribus
1467 3441 1579 3493 illic
1615 3439 1742 3494 ﬁliis
1776 3450 1952 3494 sortes
1978 3455 2107 3494 suas

529 3530 852 3598 assignavit.
886 3547 950 3584 ex
982 3531 1182 3599 quibus
1229 3530 1362 3584 exiit
1401 3545 1530 3595 una,
1577 3545 1698 3600 qum
1739 3538 1910 3584 totum
1955 3531 2104 3584 illum

529 3629 798 3675 terrarum
819 3628 1050 3674 tractum
1073 3621 1354 3688 complexa
1385 3621 1600 3688 est,qui
1630 3621 2024 3676 Rhinocoruris
2041 3621 2106 3675 ad

529 3709 709 3766 Gades
726 3711 1053 3774 extenditur,
1088 3711 1436 3780 continetque
1457 3710 1770 3782 Aigyptum,
1801 3712 2108 3781 Mariandy-

535 3818 682 3866 uem,
705 3801 1044 3867 Ammonem,
1069 3801 1315 3873 Libyam,
1335 3801 1732 3866 Marmaricam,
1751 3803 2108 3872 Pentapolim,

537 3893 822 3958 Macatan'i,
853 3894 1181 3958 Macronem,
1211 3893 1611 3965 Leptemanem,
1629 3895 1835 3968 Syrtes,
1858 3895 2114 3952 Maurita-

609 4049 625 4078 ¹
659 4047 793 4103 Gen.
834 4066 921 4114 xv,
955 4048 1042 4103 16.
1120 4053 1140 4082 ¹
1175 4049 1348 4105 Exod.
1371 4067 1462 4112 xx,
1490 4049 1574 4106 i7.

609 4203 716 4273 (58)
774 4203 901 4257 Νῶε
937 4205 1048 4273 γὰρ
1100 4205 1313 4268 σωθεὶς
1348 4204 1466 4257 ἀπὸ
1518 4205 1621 4258 τοῦ
1658 4205 2107 4274 κατακλυσμοῦ.

540 4271 836 4327 Ηίειοιίοηι
860 4271 1082 4328 hancet
1107 4275 1258 4328 orbis
1291 4275 1638 4344 partitionem
1666 4277 1887 4343 exponit
1919 4271 2105 4344 in'Aino

541 4353 720 4397 corato
751 4345 1023 4412 pluribus,
1056 4361 1086 4396 a
1121 4361 1272 4397 num.
1294 4343 1426 4397 104.
1478 4343 1856 4400 Rhinocorura
1885 4360 1984 4398 cur
2009 4343 2109 4397 He-

2210 1885 2368 1938 ἐϐαλε
2397 1885 2452 1938 δὲ
2494 1886 2850 1956 Ἀμορραίους
2887 1886 2982 1938 καὶ
3012 1885 3392 1954 Γεργεσαίους,
3425 1887 3517 1938 καὶ
3549 1887 3619 1940 τὰ
3647 1887 3782 1942 ἄλλα

2209 1977 2360 2046 ἔθνη,
2389 1979 2482 2032 καὶ
2515 1979 2682 2032 ἔδωκε
2714 1979 2811 2048 τὴν
2842 1977 2946 2046 γῆν
2987 1977 3166 2030 αὐτῶν
3213 1980 3324 2040 τοῖς
3370 1980 3504 2040 υἱοῖς
3545 1977 3776 2050 ³ιτεραήλ.

2221 2070 2276 2122 'U
2303 2069 2495 2138 λέγων,
2528 2069 2622 2136 Μὴ
2665 2069 3064 2136 ἐπιθυμήσῃς,
3109 2068 3226 2132 πῶς
3267 2068 3464 2122 ἔδωκεν
3489 2071 3670 2134 αὐτοῖς
3715 2071 3782 2124 τὰ

2209 2161 2497 2232 ἀλλότρια;
2531 2161 2642 2214 Καὶ
2668 2162 2768 2212 οὐκ
2801 2157 2940 2213 οἶδεν
2962 2162 2989 2213 ό
3025 2159 3258 2230 ἰδιώτης,
3280 2162 3362 2213 ὅτι
3391 2161 3486 2232 τὴν
3519 2161 3654 2215 ίδίαν
3679 2163 3782 2231 γῆν

2209 2253 2543 2323 ἀπειλήφασι
2575 2252 2987 2324 διηρπασμὲνην
3024 2251 3116 2305 ἀπ’
3147 2251 3345 2318 αὐτῶν,
3377 2254 3470 2306 καὶ
3500 2254 3780 2324 ἑξεόικήθη

2209 2345 2276 2397 τὰ
2307 2344 2508 2414 μεταξὺ
2555 2344 2799 2414 ἀλλήλων
2849 2343 3111 2412 γινόμενα
3155 2343 3214 2396 ἑν
3243 2343 3354 2414 ὅρῳ
3397 2342 3654 2414 ἀληθείας
3691 2344 3784 2398 καὶ

2209 2437 2376 2507 ὅρκῳ.
2409 2434 2530 2488 Νῶε
2561 2435 2689 2505 γὰρ,
2725 2434 2919 2497 σωθεὶς
2959 2434 3065 2486 ἀπὸ
3097 2433 3192 2487 τοῦ
3227 2434 3611 2506 κατακλυσμοῦ
3645 2435 3782 2506 (58),

2211 2525 2305 2579 καὶ
2329 2527 2362 2596 ἡ
2393 2525 2558 2578 αὐτοῦ
2589 2525 2818 2594 σύμϐιος
2851 2526 2946 2577 σὺν
2975 2527 3085 2586 τοῖς
3113 2525 3291 2594 τρισὶν
3322 2525 3457 2588 υἱοῖς
3483 2525 3666 2588 αὐτοῦ,
3691 2526 3786 2579 καὶ

2209 2615 2358 2685 τρισὶ
2391 2613 2652 2684 νύμφαις,
2693 2615 2852 2683 μόνος
2883 2611 3108 2683 διαιρῶν
3129 2612 3222 2666 τὸν
3243 2613 3417 2666 πάντα
3441 2614 3642 2683 κόσμον
3667 2618 3782 2678 τοῖς

2208 2707 2385 2778 τρισὶν
2423 2707 2557 2770 υἱοῖς
2595 2705 2785 2767 αὐτοῦ,
2820 2703 2895 2774 τῷ
2940 2704 3080 2774 Σὴμ,
3113 2704 3208 2756 καὶ
3250 2703 3402 2774 Χὰμ,
3455 2705 3548 2757 καὶ
3605 2704 3782 2772 Ἰάφεο

2209 2797 2386 2860 διεῖλε,
2435 2795 2610 2867 βαλὼν
2649 2798 2774 2860 τοὺς
2823 2796 3056 2866 κλήρους
3107 2797 3162 2846 ὲν
3208 2795 3660 2868 Ῥινοκορούροις,
3709 2796 3785 2859 ὡς

2211 2891 2306 2943 καὶ
2331 2894 2363 2962 ἡ
2395 2889 2682 2943 ἀκολουθία
2719 2889 2854 2960 ἔχει,
2884 2889 2980 2941 καί⁵
3003 2889 3153 2942 οὐδὲν
3187 2888 3510 2957 κενόφωνον,
3531 2889 3649 2941 οὐδὲ
3677 2905 3784 2940 πα-

2212 2983 2668 3054 ραπεποιημὲνον.
2765 2982 3182 3049 Ῥινοκόρουρα
3256 2981 3362 3052 γὰρ
3427 2980 3784 3052 ἑρμηνεύεται

2213 3076 2365 3130 Νεέλ.
2405 3077 2514 3130 Καὶ
2545 3074 2686 3128 οὕτω
2719 3075 2878 3142 φύσει
2903 3075 2952 3126 oi
2988 3073 3272 3144 ἐπιχώριοι
3303 3073 3469 3143 αὐτὴν
3499 3073 3780 3128 καλοῦσιν·

2211 3169 2318 3222 ἀπὸ
2365 3167 2422 3220 δὲ
2451 3167 2551 3236 τῆς
2591 3167 2868 3236 Ἐϐραΐδος
2897 3165 3254 3237 ἑρμηνεύεται
3291 3163 3504 3233 κλῆροι
3527 3184 3538 3196 ·
3570 3166 3786 3237 ἐπειδή-

2211 3275 2317 3328 περ
2341 3261 2368 3311 ὁ
2389 3258 2514 3310 Νῶε
2545 3259 2661 3310 ἐκεῖ
2690 3257 2848 3308 ἔϐαλε
2885 3257 3012 3319 τοὺς
3045 3255 3278 3328 κλήρους
3303 3259 3415 3318 τοῖς
3443 3257 3621 3325 τρισὶν
3651 3257 3784 3319 υἱοῖς

2212 3347 2400 3412 αὐτοῦ,
2451 3349 2545 3402 καὶ
2593 3349 2860 3401 ὑπέπεσεν
2908 3350 2937 3401 ὁ
2987 3348 3184 3419 κλῆρος
3216 3348 3324 3401 ἀπὸ
3367 3348 3784 3419 Ῥινοκορούρων

2211 3442 2340 3512 ἄχρι
2387 3440 2679 3512 Γαδείρων,
2755 3441 3025 3508 Αἴγυπτον
3095 3440 3260 3509 ἔχων,
3299 3441 3391 3492 καὶ
3437 3441 3780 3512 Μαρειανδύ-

2211 3551 2309 3604 νην
2339 3534 2473 3604 (⁸59),
2519 3535 2608 3586 καὶ
2644 3533 2924 3604 Ἀμμῶνα,
2948 3533 3151 3604 Λιϐύην
3201 3551 3258 3586 τε
3314 3536 3407 3586 καὶ
3427 3535 3780 3605 Μαρμαρίδα,

2219 3623 2572 3688 Πεντάπολιν,
2605 3623 2888 3694 Μακάτην,
2919 3625 3211 3694 Μακρόνην
3241 3640 3301 3676 τε
3345 3623 3440 3676 καὶ
3483 3624 3784 3694 Λεπτημά-

2217 3733 2315 3784 νην
2369 3715 2504 3782 (40),
2555 3717 2782 3787 Σύρτιν,
2832 3716 3208 3786 Μαυριτανίαν
3257 3717 3384 3786 ἄχρι
3440 3715 3547 3767 τῶν
3617 3715 3783 3784 Ἥρα-

2219 3807 2530 3860 κλεωτικῶν
2581 3807 2788 3877 στηλῶν
2826 3807 3130 3876 λεγομένων
3174 3808 3268 3860 καὶ
3313 3807 3412 3869 τῆς
3454 3807 3560 3859 ἔσω
3605 3806 3798 3860 Γαδεί-Δ

2225 3915 2322 3968 ρης
2357 3897 2489 3968 (41).
2527 3897 2711 3950 Ταῦτα
2752 3898 2817 3950 τὰ
2865 3899 2998 3969 πρὸς
3044 3898 3214 3952 νότον.
3269 3898 3399 3950 Ἀπὸ
3433 3898 3490 3970 δὲ
3545 3899 3782 3950 Ῥινοκο-

2220 4201 2500 4255 inﬂexum.
2557 4199 2690 4254 Nam
2735 4201 2906 4272 Maria
2960 4199 3235 4270 Stephano
3289 4202 3508 4272 Μάρεια
3553 4202 3704 4264 πόλις
3731 4213 3784 4258 ει

2218 4272 2380 4343 λίμνη
2408 4279 2510 4334 εει,
2541 4287 2661 4340 quae
2691 4279 2745 4326 et
2786 4271 3053 4343 Maraccus
3095 4273 3294 4343 dicitur
3343 4271 3398 4324 in
3431 4271 3686 4341 rEgypto,
3717 4273 3786 4328 de

2220 4342 2326 4411 qna
2356 4342 2554 4396 Strabo
2588 4343 2680 4395 lib.
2706 4357 2837 4394 xvii.
2860 4342 3092 4409 Adjuvat
3119 4342 3488 4410 conjecturam
3515 4351 3792 4408 nostram,

539 4436 724 4487 liraice
749 4411 847 4494 9m
885 4434 1008 4488 Neel
1066 4435 1354 4504 appellari,
1385 4443 1534 4502 putet
1561 4435 1912 4504 Epiphanius.
1971 4435 2108 4488 LXX

2219 4411 2362 4481 quod
2386 4411 2731 4504 Μαριανξύχη
2757 4427 2850 4480 per
2893 4430 2908 4462 ι
2937 4412 3191 4504 sinipllex,
3228 4411 3370 4504 apu‘d
3400 4411 3782 4504 Lﬁpiphan‘iym

541 4505 864 4574 interpretes
921 4504 1193 4569 fecerunt;
1220 4505 1310 4572 qui
1343 4503 1444 4558 lsa.
1479 4503 1648 4568 XXVll,
1681 4507 1766 4569 ιε,
1802 4507 1946 4575 quod
1976 4507 2115 4559 scri-

541 4604 693 4667 ptum
757 4606 840 4652 eSl
872 4606 1068 4656 ω’Ἷῖἳέ
1105 4582 1200 4656 5n:
1253 4607 1344 4662 Ἰν,
1387 4598 1453 4650 αιί
1516 4607 1794 4650 torrentem
1845 4598 2061 4668 {Egyptt'
2101 4638 2115 4660 ,

544 4675 822 4738 verterunt
872 4667 976 4730 ἑως
1035 4668 1482 4738 Ῥικθοκορούρων,
1515 4678 1572 4720 ιιι
1629 4671 1882 4722 Salienus
1931 4667 2118 4723 noster

541 4737 794 4790 observat
819 4746 949 4791 tom.
970 4739 1016 4806 il
1054 4744 1186 4788 Ann.
1229 4737 1591 4806 Hieronymus
1651 4741 1716 4790 ad
1740 4740 1885 4792 hunc
1915 4739 2112 4792 locum:

541 4807 651 4860 Pro
685 4817 920 4877 torrente
946 4805 1160 4876 .Egypti
1183 4805 1330 4858 LXX
1363 4805 1793 4877 Rhinocoruram
1830 4807 2118 4862 transtule-

453 4919 458 4922 .
544 4887 684 4936 runt,
715 4875 870 4946 'quod
917 4887 992 4930 est
1031 4875 1298 4947 oppiduni
1350 4877 1406 4929 in
1447 4875 1666 4946 zEgypti
1713 4877 2118 4947 Pulwstianue

541 4945 790 5016 conﬁnio,
823 4963 925 5000 non
954 4958 1062 4999 tam
1091 4945 1690 5016 verbaAScriptururum,
1728 4964 1884 5016 quam
1905 4945 2114 5001 sensum

544 5013 816 5070 verborum
847 5019 1216 5081 exprimentes.
1253 5013 1407 5070 Unde
1454 5017 1534 5070 sic
1576 5017 1702 5070 illud
1736 5013 2114 5084 accipiendum

541 5087 792 5158 estapud
825 5087 1180 5158 Epiphanium
1198 5105 1212 5140 ι
1231 5085 1609 5158 Ῥινοκορούρα
1630 5087 1736 5156 γὰρ
1756 5087 2114 5158 ἑρμηνεύεται

540 5151 788 5225 έκέέλμιι
826 5151 964 5210 idem
1009 5156 1098 5218 sit,
1133 5166 1296 5225 atque
1329 5151 1736 5210 alio—vocabulo
1776 5151 2112 5212 nominatur.

541 5221 728 5292 Neque
760 5225 904 5278 enim
942 5233 1048 5278 tam
1085 5221 1372 5294 imperitus
1411 5225 1737 5286 llebraismi,
1791 5235 1886 5280 aut
1941 5225 2116 5282 Helle-

544 5315 710 5437 ιιιεὲιί
741 5315 862 5437 ΐὶιίι,
895 5325 956 5370 ιιι
980 5316 1394 5388 Ῥινοκορούραν
1424 5317 1568 5370 idem
1600 5333 1663 5370 ac
1688 5301 1786 5378 5n:
1809 5319 2116 5390 signiﬁcare

545 5399 636 5437 ere
675 5400 762 5437 ere
796 5426 810 5437 .

545 5395 810 5440 crederet.

619 5455 730 5528 (59)
769 5455 881 5508 Καὶ
905 5455 1378 5528 Μαρειιινδύνην.
1415 5455 1891 5528 Mariandynorum
1943 5459 2112 5528 regio,

549 5523 696 5596 quod
743 5528 933 5587 sciam,
989 5527 1044 5579 in
1107 5526 1358 5596 Bithynia
1408 5535 1510 5588 est,
1551 5523 1747 5581 non'in
1779 5527 1982 5580 Africa.
2007 5523 2114 5582 λιιι

553 5593 717 5664 igitur
741 5597 976 5650 alienum
1003 5596 1056 5648 in
1084 5593 1264 5651 locum
1301 5597 1554 5664 irrepsit,
1588 5605 1681 5650 aut
1724 5600 1879 5651 aliter
1915 5613 1980 5651 ea
2009 5613 2111 5652 vox

553 5663 941 5737 conformanda
983 5666 1246 5737 videtur.»
1289 5663 1572 5737 Nimirum
1606 5667 1710 5718 ἀπὸ
1743 5668 1840 5735 τῆς
1870 5669 2112 5737 Μαρείας

558 5731 772 5805 λίμνης.
808 5745 866 5790 ιιι
891 5736 960 5792 sit
981 5735 1278 5807 Μαρειανή,
1303 5739 1386 5791 vel
1413 5735 1613 5805 aliquid
1643 5743 1708 5792 ad
1739 5731 1862 5791 eum
1893 5731 2112 5794 medum

2219 4497 2347 4536 vero
2377 4497 2489 4552 per,
2522 4481 2917 4552 diphthOngum
2962 4483 3241 4552 scribitur,
3291 4491 3348 4534 ut
3394 4481 3504 4534 ἀπὸ
3532 4481 3630 4552 τῆς
3657 4483 3782 4535 Μα-
3811 4509 3816 4514 -

2223 4553 2372 4622 ρείας
2415 4551 2680 4620 originem
2720 4551 2957 4622 duxerit.
3004 4551 3304 4622 Possumus
3335 4561 3388 4604 et
3419 4551 3784 4622 Μαρεωτικήν

2220 4620 2417 4688 legere.
2451 4622 2596 4690 quod
2631 4621 2818 4674 eodem
2851 4620 3210 4692 recidit.Nam
3233 4620 3528 4675 Mareotica
3550 4620 3782 4692 Egypto

2219 4693 2606 4752 contribuitur,
2653 4699 2708 4761 et
2735 4707 2857 4744 cum
2885 4690 3056 4761 Libya
3091 4692 3333 4761 copulari
3355 4693 3526 4761 solet.

2289 4761 2400 4829 (40)
2431 4759 2849 4828 Λεπτημάνην.
2883 4759 3067 4829 Leptis
3089 4759 3306 4815 nomine
3336 4760 3457 4814 dua:
3491 4769 3785 4816 censentur

2220 4832 2380 4885 urbes
2411 4832 2466 4884 in
2494 4832 2674 4884 Africa
2717 4831 2857 4898 apud
2893 4830 3146 4891 Plinium,
3201 4830 3417 4892 Melan],
3439 4839 3546 4884 etc.
3570 4848 3583 4882 :
3611 4831 3782 4884 altera

2219 4911 2577 4970 cognomento
2617 4899 2834 4966 Magna.
2871 4901 3036 4954 altera
3057 4899 3230 4954 Parva
3251 4901 3474 4954 dicitur.
3519 4901 3565 4953 A
3607 4903 3786 4968 priore

2221 4969 2488 5024 formatur
2523 4986 2618 5040 per
2651 4971 2994 5024 inﬂexionem
3029 4970 3498 5038 Leptimagnensis
3521 4971 3660 5039 apud
3679 4969 3784 5039 Cy-

2217 5041 2465 5108 prianum
2489 5039 2540 5093 in
2557 5039 2802 5108 Episcop.
2823 5040 3103 5093 Sententiis
3127 5041 3190 5094 de
3231 5041 3487 5094 hwreticis
3511 5040 3786 5106 baptizan—

2217 5111 2322 5174 dis,
2357 5111 2460 5164 sub
2491 5112 2670 5164 tinem.
2705 5109 2926 5164 Videtur
2945 5111 3106 5180 igitur
3134 5113 3274 5180 apud
3297 5111 3655 5180 Epiphanium
3682 5111 3786 5162 Λε-

2217 5181 2530 5249 πτιμὰγνην
2562 5181 3024 5238 substituendum,
3061 5190 3153 5233 aut
3183 5190 3327 5236 certe
3353 5181 3710 5246 Λεπτιτάνην.

2288 5251 2399 5318 (41)
2439 5249 2547 5304 Καὶ
2568 5249 2677 5318 τῆς
2709 5251 2829 5303 ἔσω
2865 5249 3176 5317 Γαδείρης.
3207 5251 3372 5315 Quasi
3401 5249 3600 5302 Gadira
3629 5250 3783 5318 regio

2217 5323 2482 5390 qua1piam
2508 5320 2706 5374 Africae
2729 5321 2820 5382 sit,
2837 5327 2930 5372 aut
2949 5320 3304 5381 Mauritaniae,
3323 5319 3782 5390 quemadmodum

2217 5337 2335 5386 qum
2379 5337 2482 5373 tam
2508 5337 2706 5374 Λιτιεω
2729 5337 2820 5382 ειι,
2837 5337 2930 5372 ειη
2949 5337 3304 5381 maurltanue,
3323 5337 3782 5390 quemaumoaum

2217 5398 2271 5442 et
2307 5337 2610 5458 Tlingitanae
2628 5390 2902 5459 Hispania:
2923 5407 3120 5460 nomen
3144 5390 3482 5460 impositum,
3516 5397 3577 5442 ιιι
3598 5387 3784 5460 Hispa-

2216 5460 2305 5512 nia
2356 5459 2768 5521 Transfretana,
2806 5461 2888 5514 vel
2928 5459 3554 5527 Tingitana’diceretur,
3591 5461 3646 5512 in
3675 5459 3774 5510 No-

2217 5529 2358 5582 titia.
2388 5529 2665 5598 Fortasse
2711 5532 2792 5583 sic
2840 5530 3190 5598 interpretari
3251 5529 3595 5584 commodius
3637 5527 3779 5585 licet.

2217 5605 2293 5671 ut
2331 5597 2512 5668 χώρας
2561 5600 2940 5671 subaudiatur,
2988 5597 3145 5669 μέχρι
3177 5599 3376 5671 χώρας
3412 5599 3511 5670 τῆς
3539 5599 3646 5651 ἔσω
3679 5599 3782 5652 Γα-

2217 5667 2427 5740 δείρης,
2459 5685 2580 5740 quae
2609 5671 2744 5725 citra
2768 5667 2946 5726 Gades
2973 5667 3122 5740 regio
3145 5667 3234 5725 sit.
