4138 6396
506 368 612 426 165

1913 366 1971 426 s.
2011 365 2354 424 EPlPHANll
2413 347 2419 354 ’

3677 377 3779 434 ίϐλῑ

505 485 674 557 quod,
707 483 897 540 relicta
945 486 1166 556 regione
1205 501 1325 554 sua,
1392 502 1514 557 quae
1558 487 1629 542 ob
1673 495 1868 542 uastum
1913 486 2088 542 minus

2196 485 2330 540 διότι
2371 489 2428 542 ὲν
2461 489 2599 562 αὐτῇ
2647 491 2958 564 κατῴκησε,
2995 491 3326 562 καταλείψας
3361 490 3452 546 τδν
3485 492 3616 547 ῐδιον
3645 493 3778 564 κλῆ-

503 577 788 632 commoda
811 573 1121 644 videbatur,
1178 579 1290 634 illic
1329 579 1614 634 habitarit.
1647 579 1790 649 Ergo
1834 580 1888 634 in
1939 579 2088 634 Semi

503 670 860 739 possessione
895 669 1228 723 domicilium
1284 671 1584 736 collocans,
1619 687 1739 742 qtae
1781 669 1944 725 hodie
1993 668 2090 724 Ju-

501 762 618 816 daaa
656 761 880 824 dicitur,
913 761 1056 815 ﬁlios
1086 762 1222 816 istos
1272 762 1484 831 genuit,
1539 761 1938 826 Amorrhaeum,
1962 761 2091 816 Ger-

503 869 765 923 gesa-um,
827 852 1206 916 Pherezaaum,
1257 851 1588 918 Jebusaeum,
1641 852 1883 920 Evaeum,
1919 851 2091 906 Arru-

503 959 698 1008 caium,
749 941 1073 1008 Chettaeum,
1122 943 1435 1008 Asenaeum,
1487 944 1884 1010 Samarrazum,
1939 943 2090 998 Sido-

503 1036 655 1090 nium
729 1041 782 1090 et
821 1033 1180 1088 Philistaeum.
1221 1033 1394 1100 Quam
1449 1036 1520 1090 ob
1568 1051 1789 1090 causam
1829 1034 2091 1090 Dominus

501 1143 558 1181 in
587 1127 704 1197 lege
730 1127 925 1190 veteri,
957 1133 1016 1180 ut
1047 1125 1364 1182 ostenderet
1395 1125 1448 1180 in
1472 1127 1838 1197 jurejurando
1875 1127 2090 1180 illorum

503 1218 718 1288 impleri
779 1227 1045 1287 peccata:
1085 1217 1378 1282 Nondum,
1443 1217 1644 1288 inquit,
1697 1218 1912 1287 impleta
1972 1227 2093 1270 sunt

505 1309 934 1364 Amorrhworum
968 1321 1182 1372 peccata
1215 1311 1255 1362 ¹.
1285 1309 1367 1364 Ob
1393 1309 1446 1364 id
1467 1310 1520 1364 in
1553 1315 1736 1364 monte
1757 1310 1962 1364 diutius
1983 1309 2094 1362 hat-

503 1412 714 1468 serunt,
741 1418 805 1458 ac
829 1418 1013 1458 moras
1037 1403 1090 1456 in
1105 1403 1404 1458 solitudine
1432 1409 1738 1468 traxerunt,
1759 1403 1931 1458 donec
1953 1403 2095 1455 ultro

503 1495 719 1566 seipsos
746 1493 824 1548 illi
856 1495 1316 1558 condemnarent,
1345 1509 1410 1550 ac
1447 1495 1574 1549 ﬁliis
1605 1495 1751 1554 Sem,
1778 1509 1918 1565 quos
1954 1491 2094 1562 inju-

504 1586 582 1640 ria
595 1586 802 1655 pridem
825 1585 1133 1648 affecerant,
1150 1586 1346 1640 bellum
1366 1585 1526 1640 etiam
1559 1583 1846 1640 inferrent.
1884 1583 2096 1655 Quippe

504 1675 630 1734 Sem
645 1677 830 1749 genuit
854 1677 1173 1748 Arphaxad,
1211 1677 1500 1747 Arphaxad
1515 1677 1762 1740 Cainam,
1781 1677 1980 1734 Cainas
1999 1677 2098 1731 Sa-

503 1773 640 1840 lam,
677 1771 833 1828 Salas
874 1771 1072 1832 Heber.
1109 1772 1286 1828 lleber
1341 1771 1564 1836 Phalec,
1595 1771 1794 1826 Phalec
1841 1771 2091 1842 Rhagau,

2195 596 2312 650 ρον,
2342 579 2432 634 διὰ
2459 581 2519 634 τὸ
2561 582 2738 637 δοκεῖν
2769 581 2909 638 εἶναι
2941 585 3292 655 καυματινόν.
3327 585 3438 638 Καὶ
3461 584 3693 648 καθίσας
3719 587 3778 640 ἐν

2188 673 2256 742 τῇ
2284 673 2353 742 γῇ
2381 669 2474 725 τοῦ
2499 673 2638 743 Σὴμ,
2669 677 2734 746 τῇ
2761 673 2855 727 νῦν
2881 675 3190 746 καλουμένῃ
3233 674 3480 745 Ἰουδαίᾳ,
3507 674 3764 746 ἐγέννησε

2189 763 2313 828 τοὺς
2324 765 2472 830 υἱοὺς
2491 764 2732 830 τούτους·
2757 767 2849 820 τόν
2867 783 2928 819 τε
2951 765 3008 818 Ἀ
3017 769 3119 838 μορ
3127 769 3293 838 ραῖον,
3317 765 3410 818 καὶ
3427 766 3494 818 Γε
3503 769 3775 836 ργεσαῖον,

2193 857 2290 911 καὶ
2331 859 2657 928 Φερεζαϊον,
2695 859 2791 912 καὶ
2845 858 3196 920 ’1ε6ουσαῖον,
3252 858 3348 910 καὶ
3399 858 3628 920 Εὐαῖον,
3680 858 3775 911 καὶ

2205 947 2543 1020 Ἀρουκαῖον,
2573 951 2668 1003 καὶ
2692 951 2974 1014 Χετταῖον,
3007 951 3102 1002 καὶ
3143 950 3437 1008 Ἀσεναῖον,
3465 949 3562 1002 καὶ
3590 949 3776 1020 Σαμα-

2197 1044 2346 1113 ραῖον
2378 1042 2420 1104 ³,
2451 1041 2546 1095 καὶ
2585 1041 2853 1106 Σιδώνιον,
2885 1041 2980 1095 καὶ
3003 1040 3326 1094 Φιλισταῖον.
3365 1039 3466 1093 Διά
3493 1039 3652 1094 τοῦτο
3681 1042 3775 1095 καὶ

2192 1135 2220 1186 ὁ
2249 1131 2452 1204 Κύριος
2481 1133 2626 1201 λέγει
2660 1133 2717 1184 ὲν
2743 1131 2820 1202 τῷ
2853 1133 3022 1203 νόμῳ,
3054 1132 3287 1197 δεικνὺς,
3315 1133 3397 1185 ὅτι
3425 1135 3480 1185 αἱ
3511 1135 3773 1206 ἁμαρτίαι

2195 1223 2372 1278 αὐτῶν
2418 1226 2475 1276 ὲν
2520 1223 2598 1295 τῷ
2647 1225 2796 1295 ὅρκῳ
2839 1222 3204 1295 ἐπληροῦντο,
3257 1224 3332 1288 ὡς
3379 1223 3560 1293 λέγει·
3601 1227 3774 1280 Οὔπω

2195 1317 2636 1386 ἐπληρώθησαν·
2681 1319 2740 1369 al
2779 1317 3055 1384 ἁμαρτίαι
3095 1315 3217 1369 τῶν
3266 1317 3641 1386 Ἀμορῥαίων.
3673 1319 3772 1371 Διὰ

2197 1409 2357 1462 τοῦτο
2389 1409 2729 1481 παρέμειναν
2775 1409 2831 1462 ὲν
2883 1407 2960 1478 τῷ
2999 1407 3117 1480 ὄρει
3157 1409 3666 1479 χρονοτριϐούμενοι
3713 1411 3774 1464 ἐν

2196 1503 2264 1572 τῇ
2307 1501 2521 1572 ἐρήμῳ,
2557 1499 2662 1563 ἕως
2697 1498 2764 1552 ἂν
2803 1499 3302 1571 αὺτοκατακρίτους
3343 1501 3569 1564 ἑαυτοὺς
3611 1503 3772 1572 ποιή-

2201 1608 2354 1656 σωσι,
2381 1593 2474 1644 καὶ
2500 1587 2768 1642 ἐπέλθωσι
2795 1587 2933 1660 πρὸς
2973 1587 3208 1659 πόλεμον
3233 1591 3344 1653 τοῖς
3373 1593 3508 1654 υἱοῖς
3531 1591 3625 1644 τοῦ
3653 1591 3775 1663 Σὴμ

2196 1686 2308 1748 τοῖς
2347 1681 2717 1754 ἠδικημένοις.
2771 1674 2891 1752 Σὴμ
2945 1681 3054 1752 γὰρ
3113 1682 3276 1752 γεννᾷ
3325 1679 3416 1735 τὸν
3477 1683 3772 1754 Ἀρφαξάδ,

2212 1773 2483 1846 Ἀρφαξάδ
2531 1773 2623 1826 τὸν
2668 1773 2876 1844 Κηννᾶ,
2925 1771 3114 1842 Κηννᾶ
3145 1771 3236 1824 τὸν
3275 1771 3440 1833 Σαλᾶ,
3487 1771 3634 1826 Σαλᾶ
3677 1773 3771 1826 τὸν

505 1861 730 1934 Rhagau
796 1861 1030 1928 Seruch,
1096 1859 1310 1916 Seruch
1358 1861 1595 1928 Nachor,
1635 1861 1853 1916 Nachor
1888 1862 2088 1930 Thare,

2195 1842 2384 1934 Ἔδερ,
2417 1863 2584 1934 Ἔϐερ
2611 1864 2702 1916 τὸν
2729 1842 2924 1926 Φαλὲκ,
2962 1861 3139 1916 Φαλὲκ
3168 1861 3259 1914 τὸν
3299 1862 3522 1932 Ῥαγὰϐ,
3564 1863 3770 1933 Ῥαγὰῦ

503 1953 684 2010 Thare
715 1954 1015 2018 Abraham,
1067 1955 1340 2010 Abraham
1379 1955 1549 2018 Isaac,
1597 1953 1745 2008 Isaac
1787 1953 1978 2018 Jacob,
2007 1953 2092 2010 Ja-

504 2047 609 2100 cob
646 2045 866 2110 Judam,
914 2045 1087 2100 Judas
1130 2045 1356 2113 Phares,
1399 2045 1606 2102 Phaies
1648 2045 1865 2112 Esrom,
1897 2045 2090 2104 Esrom

505 2139 752 2202 Amram,
802 2139 1026 2190 Amram
1069 2137 1394 2201 Aminadab,
1463 2137 1771 2192 Aminadab
1820 2136 2088 2194 Naasson.

507 2227 779 2281 Caeterum
833 2225 1082 2282 Naasson
1122 2225 1275 2281 Juda'
1319 2227 1499 2281 tribus
1555 2229 1851 2298 principis,
1882 2237 1934 2282 et
1962 2227 2090 2284 Jesu

505 2317 652 2374 Nave
721 2319 814 2372 lilii
879 2327 1145 2389 tempore,
1179 2319 1274 2373 lilii
1315 2318 1440 2375 Sem
1491 2321 1764 2390 regionem
1805 2337 1959 2377 suam
1985 2339 2090 2377 non

506 2411 669 2489 modo
686 2411 833 2464 nulla
862 2412 1188 2481 cujusquam
1217 2411 1441 2482 injuria,
1466 2413 1560 2468 sed
1583 2413 1899 2483 justissimo
1928 2417 2090 2468 etiam

506 2501 602 2558 Dei
639 2504 848 2573 judicio
895 2512 1242 2574 receperunt.
1277 2503 1446 2574 Igitur
1475 2503 1856 2560 llierichuntis
1891 2505 2092 2561 muenia

506 2607 704 2668 Sponte
739 2612 834 2651 sua
867 2597 1112 2666 collapsa
1151 2605 1298 2651 sunt.
1347 2593 1576 2652 Justitia
1621 2597 2002 2668 enim-poenas
2026 2599 2094 2655 de

507 2689 777 2760 injustitia
837 2688 1054 2758 repetit.
1123 2681 1362 2742 Proinde
1417 2699 1618 2759 septem
1669 2689 1864 2744 diebus
1909 2703 2094 2746 muros

507 2781 840 2844 ambierant,
883 2781 938 2833 in
975 2795 1116 2850 quos
1169 2779 1470 2834 Sahhatum
1521 2779 1732 2846 incidit,
1793 2797 1902 2853 quo
1937 2783 2094 2853 plena

517 2879 666 2928 esset
703 2871 1090 2939 cumulataque
1110 2867 1347 2939 justitia.

579 3045 869 3102 LXXXIV.
906 3043 1014 3100 Nec
1043 3044 1174 3098 illud
1213 3043 1374 3098 modo
1431 3041 1671 3098 Sabhato
1699 3045 1946 3116 contigit.
1985 3047 2092 3102 Sed

2191 1956 2282 2010 τὸν
2315 1957 2540 2027 Σεροὺχ,
2589 1955 2796 2026 Σεροὺχ
2833 1953 2922 2007 τὸν
2951 1952 3177 2024 Ναχὼρ,
3201 1951 3402 2023 Ναχὼρ
3427 1955 3518 2007 τὸν
3559 1954 3768 2026 Θάρῤα,

2191 2046 2380 2116 Θὰρῤα
2413 2046 2504 2099 τὸν
2569 2045 2851 2116 ’Λϐραὰμ,
2901 2045 3152 2116 Ἀϐραὰμ
3191 2045 3282 2098 τὸν
3341 2044 3543 2108 Ἰσαὰκ,
3587 2046 3772 2097 Ἰσαὰκ

2191 2137 2282 2190 τὸν
2339 2135 2551 2198 Ἰακὼϐ,
2597 2135 2793 2190 Ἰακὼϐ
2837 2135 2928 2188 τὸν
2973 2134 3176 2199 Ἰούδα,
3229 2133 3399 2188 Ἰούδα
3441 2134 3532 2186 τὸν
3571 2134 3768 2206 Φάρες,

2190 2229 2366 2300 Φάρες
2403 2229 2494 2281 τὸν
2547 2227 2788 2298 Ἐσρὼμ,
2843 2226 3064 2298 Ἐσρὼμ
3094 2227 3184 2280 τὸν
3225 2225 3422 2297 ’Δρὰρη
3471 2225 3650 2297 Ἀρὰμ
3681 2226 3772 2298 τὸν

2207 2317 2524 2388 Ἀμιναδὰϐ,
2589 2316 2884 2388 ’Δμιναδὰϐ
2937 2317 3031 2370 τὸν
3075 2313 3366 2370 Ναασσών.
3427 2316 3512 2370 Ἐν
3557 2315 3771 2388 χρόνοις

2193 2407 2464 2462 Ναασσὼν
2505 2407 2600 2462 τοῦ
2649 2408 2924 2478 φυλάρχου
2958 2405 3051 2459 τοῦ
3103 2402 3291 2470 Ἰούδα,
3339 2407 3432 2460 καὶ
3461 2409 3518 2460 ὲν
3557 2408 3771 2478 χρόνοις

2206 2497 2380 2570 Ἰησοῦ
2420 2497 2513 2553 τοῦ
2559 2499 2736 2568 Ναυῆ,
2781 2497 2970 2551 ἔλαϐον
3002 2499 3050 2549 αἱ
3083 2498 3189 2550 υἱοὶ
3219 2496 3314 2550 τοῦ
3363 2495 3483 2568 Σὴμ
3509 2497 3606 2566 τὴν
3639 2497 3771 2551 ίδίαν

2194 2593 2317 2664 γῆν,
2373 2591 2640 2664 μηδεμιᾶς
2675 2589 2885 2653 ἀδικίας
2918 2587 2974 2642 ὲν
3023 2587 3171 2660 μέσῳ
3212 2589 3581 2660 ὑπαρχούσης,
3631 2589 3768 2644 ἀλλὰ

2193 2684 2609 2756 δικαιοκρισίας.
2630 2681 2836 2738 Ἔπεσε
2856 2679 2947 2736 οὖν
2963 2683 3030 2736 τὸ,
3055 2681 3206 2753 τείχη
3240 2679 3446 2752 Ἰεριχὼ
3468 2681 3767 2752 αὐτόματα.

2206 2773 2269 2827 Ἦ
2313 2773 2420 2844 γὰρ
2459 2773 2769 2843 δικαιοσύνη
2805 2769 3013 2826 ὲκδικεῖ
3055 2773 3154 2843 τὴν
3199 2773 3432 2827 ἀδικίαν.
3493 2769 3581 2824 Ἐν
3632 2772 3772 2825 ἑπτὰ

2195 2867 2434 2938 ἡμέραις
2488 2863 2884 2938 περιεκύκλουν
2940 2863 3007 2918 τὰ
3059 2865 3245 2936 τείχη,
3299 2859 3420 2918 καὶ’
3448 2863 3656 2934 ἐγίνετο
3709 2865 3770 2917 τὸ

2197 2957 2501 3023 Σάϐϐατον,
2537 2959 2624 3011 ἵνα
2653 2956 2912 3028 πληρωθῇ
2945 2960 2978 3028 ἡ
3011 2956 3348 3026 δικαιοσύνη.

2267 3045 2388 3105 ΠΔἌ
2430 3050 2504 3104 Οὐ
2544 3049 2702 3120 μόνον
2727 3050 2784 3102 δὲ
2811 3048 2988 3111 τοῦτο,
3019 3047 3155 3101 ἀλλὰ
3195 3048 3334 3100 ἑπτὰ
3359 3047 3583 3118 λύχνους
3617 3047 3774 3118 ἔσχεν

510 3155 636 3194 cum
689 3137 988 3194 sanctuarii
1036 3135 1424 3191 candelabrum
1490 3137 1542 3190 in
1595 3136 1948 3194 tabernaculo
2013 3147 2088 3195 te-

2195 3144 2228 3212 ἡ
2254 3143 2445 3214 λυχνία
2467 3141 2560 3194 τοῦ
2591 3141 2927 3212 ἀγιάσματος
2947 3141 3005 3192 ὲν
3032 3142 3098 3210 τῇ
3131 3142 3301 3211 σκηνῇ
3327 3137 3422 3191 τοῦ
3445 3139 3772 3211 μαρτυρίου,

510 3233 752 3288 stimonii
777 3241 980 3302 septem
1007 3229 1259 3283 lucernas
1313 3228 1554 3294 haberet,
1611 3244 1802 3286 omnes
1828 3233 1932 3287 illa
1959 3249 2094 3303 quo-

509 3327 641 3381 tidie
699 3326 903 3396 pariter
955 3323 1416 3384 accendebantur,
1455 3337 1557 3377 nec
1606 3324 1719 3376 ullo
1768 3323 1856 3378 die
1909 3339 2093 3379 cessa-

511 3427 602 3474 bat
644 3433 832 3474 earum
897 3416 1116 3486 aliqua;
1169 3415 1260 3470 sed
1289 3413 1476 3470 eadem
1505 3415 1595 3469 lux
1625 3416 1856 3486 singulis
1887 3417 2080 3472 diebus

581 3577 600 3608 ⁸
635 3575 769 3631 Gen.
803 3573 1005 3639 xv,16.
1081 3577 1102 3607 ⁸
1125 3591 1216 3644 γρ.
1253 3573 1622 3644 Σαμαρταῖον.

587 3691 698 3764 (47)
741 3691 849 3764 Καὶ
879 3689 1302 3764 καθ’ᾼὲκάστην
1343 3687 1591 3764 ᾐμέραν.
1646 3688 1780 3744 Illud
1817 3689 1946 3753 ἴσως
1978 3705 2088 3745 non

512 3760 862 3833 ἀπορητικῶς
889 3761 1028 3833 διιιηί
1065 3769 1229 3833 puto,
1265 3760 1358 3833 sed
1382 3763 1530 3833 idem
1557 3776 1688 3833 esse
1717 3769 1879 3833 atque
1902 3777 2087 3830 aequa-

515 3829 862 3897 liter.'Quod
915 3832 989 3884 ait
1040 3829 1159 3882 καθ’
1195 3831 1430 3898 ἑκάστην
1463 3830 1672 3900 ἡμέραν
1717 3829 2091 3885 Ιιιοεῐιηεείιινο

513 3905 676 3967 sisse,
709 3907 775 3956 de
801 3913 982 3962 nocte,
1023 3917 1144 3970 quae
1173 3900 1513 3970 νυχθημέρου
1547 3915 1674 3970 pars
1717 3911 1822 3962 est,
1859 3900 2086 3955 dubium

513 3983 597 4030 est
621 3974 852 4027 nullum.
886 3971 994 4026 Sed
1019 3979 1198 4024 utrum
1225 3971 1461 4025 interdiu
1484 3971 1954 4040 quoqueluxerint
1979 3987 2086 4025 non

513 4047 648 4098 adeo
679 4051 915 4096 constat.
949 4041 1218 4113 Lyranus,
1254 4048 1308 4113 et
1337 4037 1628 4113 Abulensis
1659 4041 1724 4094 ad
1755 4037 1896 4113 Iib._l
1928 4040 2083 4111 Reg.,

516 4124 680 4167 noctu
713 4113 915 4182 diuque
960 4111 1164 4182 pariter
1205 4112 1410 4166 arsisse
1459 4111 1727 4182 scribunt,
1779 4111 1872 4182 sed
1919 4121 2081 4165 noctu

517 4187 721 4254 plures,
756 4180 842 4254 de
874 4180 973 4237 die
991 4183 1296 4254 pauciores,
1329 4184 1434 4235 hoc
1463 4191 1566 4246 est,
1603 4191 1660 4254 ut
1686 4180 1959 4250 Josephus
1991 4195 2083 4254 as-

515 4251 670 4318 Scrit,
733 4253 827 4306 lib.
878 4271 960 4318 ιιι,
992 4251 1119 4322 cap.
1171 4253 1224 4314 9,
1283 4259 1536 4321 quatuor.
1601 4251 1843 4322 Quorum
1882 4252 2084 4322 opinio

515 4325 843 4380 auctoritate
868 4324 1165 4393 Scriptura:
1192 4325 1402 4375 nititur.
1421 4323 1480 4393 Si
1504 4322 1720 4390 quidem
1747 4321 1918 4375 Exodi
1953 4338 2082 4393 xxx,

512 4411 654 4449 corn.
690 4395 742 4456 8,
803 4405 911 4447 tam
969 4392 1126 4447 mane
1179 4392 1430 4462 componi
1483 4393 1739 4456 lucernae,
1807 4407 1970 4462 quam
2019 4392 2084 4445 ad

513 4477 798 4534 vesperum
835 4465 1093 4519 collocari
1133 4461 1408 4517 dicuntur.
1439 4462 1663 4534 Quando
1695 4461 1966 4534 componet
2004 4463 2086 4514 lu-

513 4533 723 4598 cernas,
746 4535 982 4588 incendat
1019 4533 1174 4599 illud,
1209 4543 1258 4588 et
1303 4536 1513 4602 quando
1561 4533 1838 4586 collocabit
1873 4549 1961 4584 eas
2016 4534 2084 4585 ad

513 4621 800 4674 vesperum,
839 4616 969 4669 etc.,
995 4607 1139 4674 quod
1183 4605 1408 4672 intelligi
1435 4619 1543 4657 non
1569 4615 1763 4674 potest,
1796 4605 1839 4657 si
1863 4617 2088 4674 vespere

515 4671 779 4730 duntaxat
830 4671 1054 4730 accendi
1119 4671 1379 4728 lucernas
1425 4671 1593 4726 moris
1651 4673 1832 4727 l‘uerit.
1885 4671 2085 4726 Verum

515 4755 682 4800 noctu
726 4745 991 4800 duntaxat
1051 4746 1257 4800 luxisse
1308 4745 1596 4812 perspicue
1643 4744 1869 4797 docetur
1914 4741 2084 4796 Exodi

515 4831 666 4878 xxw,
725 4817 989 4879 com.2l,
1043 4816 1134 4869 ubi
1193 4815 1259 4868 de
1319 4817 1538 4867 lucerna
1571 4814 1644 4865 ita
1679 4812 2084 4881 praescribitur:

516 4885 584 4938 Et
621 4886 1088 4939 collocabunteam
1115 4883 1294 4937 Aaron
1311 4893 1360 4937 e.’
1389 4883 1716 4952 liliiejus,ut
1748 4898 1910 4951 usque
1935 4899 2087 4935 mane

515 4957 685 5010 luceat
718 4973 895 5008 coram
924 4955 1179 5007 Domino:
1202 4953 1360 5010 LXX.
1399 4956 1487 5021 ἀφ’
1519 4955 1758 5024 ἑσπέρας
1785 4952 1893 5024 ἕως
1915 4953 2078 5023 πρωΐ.

515 5027 754 5097 ldipsum
778 5035 830 5079 et
860 5041 924 5079 ex
971 5027 1066 5097 lib.
1098 5025 1117 5078 ι
1152 5025 1282 5092 Reg.
1331 5039 1451 5093 cap.
1488 5037 1569 5097 ιιι,
1603 5023 1742 5076 cem.
1777 5025 1831 5083 5,
1865 5023 2089 5097 deduci-

514 5094 624 5150 tur.
667 5097 906 5150 Lucerna
959 5096 1051 5149 Dei
1092 5106 1368 5164 antequam
1415 5095 1854 5164 castingueretur,
1891 5094 2084 5162 inquit,

514 5166 732 5220 Samuel
764 5165 1056 5219 dormiebat
1109 5167 1165 5218 in
1196 5163 1384 5231 templo
1425 5163 1659 5226 Domini,
1687 5163 1776 5216 ubi
1809 5171 1925 5216 erat
1959 5179 2088 5216 arca

513 5237 632 5290 Dei.
664 5237 766 5302 Qui
799 5239 952 5292 locus
983 5238 1110 5290 olim
1153 5237 1206 5288 in
1263 5235 1468 5287 Latinis
1497 5234 1782 5288 codicibus
1828 5233 2088 5288 mendose

513 5307 792 5376 legebatur
843 5308 944 5360 hoc
983 5306 1145 5360 modo
1179 5323 1191 5358 :
1221 5305 1333 5358 Nec
1361 5313 1564 5376 poterat
1607 5302 2086 5376 vitlere_lucernant

515 5373 614 5430 1);»:
633 5391 913 5447 antequam
943 5375 1658 5447 exstingueretur,adversus
1680 5383 1740 5447 et_
1763 5373 2084 5447 Hebraicam

517 5449 700 5506 Iidem,
726 5445 780 5500 et
813 5445 1133 5503 Graecorum
1157 5446 1682 5515 interpretatimtetn.
1709 5445 1864 5510 Quod
1895 5445 2084 5498 vitium

517 5517 646 5569 olim
671 5517 784 5584 jam
807 5519 1174 5573 subodoratus
1199 5527 1314 5570 erat
1341 5515 1608 5586 Lyranus,
1645 5527 1696 5568 et
1735 5531 1764 5567 a
1807 5515 2087 5586 Clemente

517 5587 777 5655 pontilice
805 5589 1100 5642 novissima
1133 5585 1453 5641 recensione
1473 5587 1744 5640 sublatum
1772 5593 1878 5641 est.
1903 5585 2087 5650 Quare

517 5659 722 5710 l'ruSIra
761 5655 958 5711 Ribera
993 5665 1176 5710 noster
1201 5657 1399 5711 Habac.
1447 5671 1508 5719 ιι,
1553 5655 1624 5709 ita
1672 5657 1930 5709 obsoletaz
1960 5655 2086 5709 huic

518 5727 740 5797 lectioni
771 5729 1165 5797 patrocinatur,
1186 5727 1340 5797 quasi
1360 5737 1382 5786 Ἰ
1401 5727 1768 5795 copulativum
1786 5727 1838 5779 in
1861 5726 2085 5780 Hebrzeo

520 5796 788 5851 redundet
824 5815 836 5853 :
873 5797 937 5850 Et
967 5813 1068 5850 non
1097 5796 1300 5866 poterat
1325 5797 1514 5864 videre,
1561 5807 1608 5851 et
1651 5797 1918 5852 lucernam
1968 5797 2078 5852 Dei.

2200 3235 2296 3288 καὶ
2337 3233 2459 3286 καθ’
2513 3233 2748 3303 ἑκάστην
2786 3232 2999 3302 ἡμέραν
3042 3232 3092 3284 οί
3137 3233 3276 3285 ἑπτὰ
3323 3231 3502 3303 λύχνοι
3545 3231 3774 3302 ﬁmum

2202 3326 2351 3389 ἴσως,
2389 3326 2482 3378 καὶ
2522 3325 2629 3377 οὐδ’
2657 3323 2793 3388 ὅλως
2820 3327 2876 3378 ὲν
2912 3326 3009 3395 μιᾷ
3043 3324 3225 3396 ἡμέρᾳ
3263 3325 3421 3395 ἡργει
3447 3320 3528 3388 εἷς
3557 3321 3768 3377 αὐτῶν·

2201 3417 2337 3471 ἀλλὰ
2365 3417 2487 3472 καθ’
2518 3417 2754 3489 ἑκάστην
2787 3417 3000 3490 ἡμέραν
3033 3417 3144 3488 (47)
3173 3417 3232 3470 τὸ
3263 3417 3395 3470 αὐτὸ
3427 3417 3543 3486 φῶς
3569 3412 3656 3488 ἦν.
3697 3415 3772 3470 Οὐ

2200 3688 2306 3760 §ed
2337 3705 2432 3746 eos
2465 3692 2890 3749 commentarios
2949 3699 3074 3746 ante
3117 3691 3512 3744 correctionem
3552 3691 3772 3760 scripsit

2197 3759 2417 3814 Ribera.
2443 3760 2614 3816 Hodie
2639 3777 2769 3816 vero
2806 3775 2930 3815 cum
2963 3759 3223 3822 Hebraeis,
3259 3768 3312 3815 et
3339 3761 3563 3820 Graecis.
3591 3759 3769 3816 Latini

2199 3829 2416 3886 codices
2451 3832 2746 3894 verbailla,
2779 3831 2994 3886 lucerna
3024 3831 3234 3884 Domini
3269 3841 3548 3902 antequam
3571 3833 3772 3886 exstin-

2231 3903 2666 3973 _ueretur,_qalteri
2717 3903 2972 3956 commati
3019 3903 3288 3955 tribuunt.
3321 3901 3683 3973 Hieronymus
3717 3907 3769 3956 in

2231 3971 2407 4028 ‘radit.
2451 3971 2612 4026 Hebr.
2651 3973 2796 4027 hunc
2827 3973 3034 4041 ipsum,
3063 3973 3237 4025 locum
3291 3971 3598 4034 declarans,
3655 3974 3769 4026 haec

2195 4043 2390 4097 scribit
2419 4061 2431 4096 :
2464 4041 2616 4106 Quod
2651 4059 2769 4097 vero
2801 4040 2876 4094 ait
2907 4056 2924 4093 :
2957 4061 2974 4111 ι
3009 4040 3076 4094 Et
3106 4052 3386 4111 antequam
3425 4043 3641 4096 lucerna
3675 4041 3769 4094 Dei

2190 4113 2612 4181 exstingueretur
2644 4115 2698 4166 in
2721 4113 2910 4180 templo
2941 4110 3176 4177 Domini,
3206 4110 3296 4164 ubi
3333 4123 3448 4166 erat
3487 4130 3613 4165 arca
3649 4111 3766 4172 Dei,

2193 4181 2410 4236 Samuel
2439 4183 2775 4244 dormiebat,
2811 4201 2829 4234 ι
2870 4193 3148 4250 antequam
3195 4183 3410 4236 lucerna
3447 4183 3538 4236 Dei
3570 4184 3769 4236 exstina

2193 4263 2457 4321 queretur,
2490 4253 2718 4323 intelligi
2733 4262 3242 4322 oportetmntequam
3263 4253 3356 4306 luas
3385 4254 3579 4306 diurna
3596 4255 3763 4321 ﬁeret,

2191 4324 2402 4392 quando
2431 4325 2612 4377 eadem
2643 4324 3024 4392 exstinguenda
3052 4333 3165 4376 erat
3191 4324 3424 4377 lucerna.
3460 4325 3549 4377 Sic
3577 4325 3766 4376 enima

2195 4391 2420 4463 Domino
2463 4409 2553 4462 per
2597 4391 3050 4463 Moysen’jussum
3079 4404 3223 4458 erat,
3249 4403 3306 4446 ut
3345 4395 3526 4447 eadem
3553 4395 3767 4446 lucerna

2123 4479 2162 4531 ι)
2193 4462 2386 4534 luceret
2410 4479 2571 4533 usque
2603 4462 2772 4518 mane.
2802 4463 2970 4534 Igitur
3003 4477 3166 4518 noctu
3211 4465 3475 4518 duntaxat
3503 4464 3768 4518 ardebant

2193 4533 2448 4598 lucerna},
2473 4549 2594 4602 quae
2617 4536 2719 4588 sub
2749 4533 3057 4603 ,ve’sperant
3095 4536 3552 4595 accendebantur,
3607 4549 3768 4586 mane

2191 4605 2679 4674 componebantur.
2731 4602 2882 4669 Quae
2918 4605 3028 4658 duo
3073 4607 3366 4674 plurimum
3429 4605 3762 4674 discrepant...

2189 4671 2374 4735 Aliud,
2427 4676 2671 4738 inquam,
2704 4685 2790 4729 est
2833 4671 3094 4728 collocare
3145 4675 3408 4736 lucernas,
3443 4675 3590 4728 aliud
3613 4671 3766 4726 'com-

2186 4758 2396 4809 ponere.
2423 4743 2582 4798 Prius
2605 4747 2736 4799 illud
2759 4755 2844 4800 est
2868 4745 3194 4799 candelabro
3211 4747 3460 4800 lucernas
3485 4745 3766 4812 imponere

2189 4821 2242 4866 et
2274 4817 2596 4870 accendere.
2629 4815 2753 4870 Ideo
2781 4830 2900 4884 cap.
2934 4817 3027 4869 illo
3062 4831 3210 4869 xxv”
3261 4815 3454 4878 Exodi,
3491 4829 3634 4868 com.
3670 4815 3762 4876 21,

2189 4885 2280 4937 ubi
2322 4883 2514 4956 Latine
2562 4886 2644 4956 sic
2679 4883 2915 4956 legitur:
2945 4885 3013 4938 Et
3053 4886 3384 4939 collocabant
3413 4901 3529 4938 eam
3564 4885 3762 4956 Aaron,

2187 4965 2235 5036 et
2267 4955 2368 5024 ﬁlii
2405 4955 2825 5038 eju51Hebraice
2860 4957 3126 5038 scriptum
3151 4966 3242 5038 est
3270 4965 3436 5038 113:7,
3464 4955 3758 5038 ordinabit,

2187 5025 2242 5078 in
2295 5025 2626 5080 candelabro
2673 5025 3089 5080 nimirumﬁAt
3146 5025 3332 5081 Graec'e
3385 5026 3579 5078 καύσει
3633 5025 3764 5078 αὐτὸ

2186 5094 2464 5216 ἓνὶἀειίοεῑ
2493 5095 2696 5168 oleum)
2713 5096 2943 5216 Ἀαρὼν,
2971 5097 3067 5150 καὶ
3089 5099 3196 5151 υἱοὶ
3221 5097 3385 5151 αὑτοῦ
3413 5098 3505 5164 ἀφ’
3529 5096 3763 5165 ἑσπέρας

2218 5183 2292 5216 ωε
2319 5167 2483 5216 πρωῒ.
2519 5165 2626 5216 Sed
2686 5170 2740 5216 in
2791 5168 2804 5216 i
2836 5171 2884 5216 lo
2941 5169 3082 5216 loco.
3141 5184 3301 5216 ﬂllelll
3356 5167 3648 5216 Alnllensis
3697 5180 3763 5216 ex

2218 5183 2292 5228 ως
2319 5167 2483 5238 πρωῒ.
2519 5165 2626 5230 Sed
2677 5165 2740 5238 in
2791 5165 2884 5238 illo
2941 5169 3082 5232 loco,
3141 5184 3301 5238 quem
3356 5167 3648 5220 Abulensis
3697 5180 3763 5218 ex

2187 5249 2306 5304 cap.
2328 5237 2472 5308 axx,
2501 5252 2642 5308 com.
2675 5237 2729 5302 8,
2761 5237 2989 5308 profert,
3042 5253 3142 5306 pro
3185 5237 3379 5292 Latino
3422 5244 3766 5304 componendi

2187 5307 2478 5371 vocabulo,
2507 5306 2777 5362 Hebraice
2792 5315 2966 5368 avum
2985 5309 3128 5378 quod
3158 5317 3242 5364 est
3267 5317 3454 5376 aptare
3481 5321 3544 5378 ac
3573 5321 3764 5378 repur-

2187 5391 2338 5443 gare,
2363 5379 2446 5431 vel
2471 5378 2654 5448 potius
2675 5377 3010 5442 recondere,
3035 5377 3221 5434 Graece
3245 5377 3631 5438 ἐπισκευάσαι,
3661 5377 3766 5448 hoc

2185 5453 2270 5500 est
2323 5448 2378 5500 in
2426 5445 2546 5502 loco
2580 5463 2701 5513 suo,
2741 5463 2806 5501 ac
2834 5451 3015 5508 theca,
3043 5451 3130 5503 vel
3160 5449 3298 5504 cella
3350 5461 3632 5517 reponere.
3673 5445 3764 5499 Sic

2185 5529 2540 5589 componere,
2573 5526 2847 5572 mortuum
2903 5521 2957 5572 in
2993 5521 3157 5581 lecto,
3191 5519 3336 5589 quod
3386 5516 3502 5589 nos
3525 5516 3763 5570 dicimus

2187 5601 2426 5660 agencer.
2469 5588 2669 5660 Ibidem
2698 5605 2827 5644 vero
2858 5605 2957 5658 pro
2978 5605 3042 5644 eo
3059 5587 3458 5660 quod'L-atinus
3493 5587 3764 5660 interpres

2185 5656 2368 5719 habet,
2398 5659 2609 5728 quando
2657 5656 2882 5713 collocat
2921 5673 3009 5714 eas
3049 5656 3118 5714 ad
3163 5675 3456 5730 uesperum,
3493 5656 3762 5712 Hebraiee

2185 5751 2450 5833 scriptum
2470 5735 2795 5833 ἐξινηπίρξιζι,
2827 5753 2929 5809 hoc
2941 5761 3026 5810 est
3055 5753 3606 5833 attollereLimponere
3625 5763 3763 5833 Icen-

2185 5818 2434 5890 delubro;
2469 5822 2609 5877 LXX
2665 5823 2941 5892 ἐξάπτειν,
3003 5828 3253 5883 acceudre
3305 5823 3398 5882 Sic
3415 5818 3526 5878 'lib.
3573 5818 3755 5890 lites.
