4138 6396
181 5775 210 5794 ο

328 355 432 410 165
998 355 1369 414 ADVERSUS
1399 348 1739 410 ΗΕΒΕὸΕὸ
1772 345 1904 406 LIB.

2049 339 2215 406 TOM.
2253 342 2321 406 II.
2357 379 2432 394 —
2466 346 2744 408 HERES.
2785 349 2972 406 LXVI.
3493 343 3597 401 166

325 473 530 541 γέγονε
557 473 666 545 γάρ
687 473 748 527 τὺ
769 466 1046 530 Σάϐϐατον
1065 468 1178 546 (ᾹΒ)
1207 479 1284 541 εἰς
1308 464 1645 541 ἀπύκλεισιν,
1675 471 1810 526 ἀλλά
1840 472 1919 534 εἰς

2023 470 2314 526 ardebat'.
2347 469 2558 526 Etenim
2602 467 2896 525 Sabbatum
2955 479 3066 522 non
3111 466 3176 522 ad
3219 464 3593 521 intercluden-

325 561 499 632 ἔργον
532 566 754 633 ἀγαθόν.
787 566 1031 636 Μηδενὸς
1058 567 1116 620 δὲ
1145 566 1282 630 ὅλως
1311 564 1678 638 ἐργαζομένου
1714 564 1772 615 ὲν
1797 564 1917 624 ταῖς

326 653 550 708 δώδεκα
575 655 792 724 φυλαῖς,
835 657 998 727 μόνον
1051 658 1112 710 τὸ
1166 657 1553 729 θυσιαστήριον
1595 657 1696 709 οὐκ
1735 655 1916 724 ἧργει,

323 747 522 813 καθὼς
560 749 708 817 λέγει
736 752 766 802 6
805 748 1010 821 Κύριος
1048 751 1106 802 ἐν
1134 749 1212 820 τῷ
1237 749 1557 820 Εὑαγγελίῳ
1581 766 1594 780 ’
1633 751 1696 801 Ol
1745 745 1918 815 ἱερεῖς
1945 818 1948 820 γ

323 835 506 905 ὑμῶν
519 838 856 907 βεϐηλοῦσι
897 839 964 893 τὸ
992 839 1297 894 Σάϐϐατον
1327 841 1396 894 ὲν
1423 837 1503 904 τῷ
1531 836 1678 904 ναῷ,
1713 838 1812 890 καί
1836 837 1917 889 et-

325 943 441 981 σιν
498 931 771 984 ἀναίτιοι.
805 931 880 983 Τὸ
927 932 1004 994 δὲ,
1039 932 1326 1004 βεδηλοῦσι
1352 931 1414 984 τὸ
1450 930 1744 994 Σάϐϐατον,
1773 926 1917 981 τοῦτ’

325 1019 450 1074 ἔστι
487 1021 690 1075 λύουσι.
734 1023 935 1077 Λύουσι
969 1024 1026 1078 δὲ
1059 1025 1198 1092 πῶς,
1237 1025 1415 1097 ἀλλ’ἢ
1453 1024 1643 1078 θυσίαν
1681 1019 1918 1094 προσφέ-

327 1129 528 1184 ροντες
551 1113 628 1184 τῷ
656 1113 796 1186 Θεῷ,
826 1117 913 1168 ἴνα
951 1115 1025 1188 μὴ
1053 1117 1273 1190 ἀργήσῃ
1299 1116 1359 1169 τὸ
1397 1115 1808 1185 θυσιαστήριον;
1840 1111 1915 1163 Οὐ

331 1203 504 1274 μόνον
531 1204 588 1256 δὲ
611 1204 788 1268 τοῦτο,
824 1205 959 1260 ἀλλά
987 1208 1090 1260 καὶ.
1112 1207 1262 1276 ἥλιος
1300 1206 1578 1260 ἀνατέλλει
1615 1205 1710 1257 καὶ
1746 1203 1913 1267 δύνει,

327 1290 426 1342 καὶ
460 1291 654 1363 σελήνη
688 1292 840 1357 αὔξει
869 1294 962 1347 καὶ
995 1295 1192 1362 φθίνει,
1224 1295 1320 1348 καὶ
1343 1295 1531 1366 ἄνεμοι
1553 1294 1792 1358 πνέουσι,
1823 1293 1916 1347 καὶ

328 1383 540 1453 καρποὶ
566 1381 942 1452 βλαστάνουσι,
973 1385 1068 1437 καὶ
1093 1386 1326 1457 μητέρες
1345 1385 1596 1453 γεννῶσι,
1619 1384 1713 1439 καὶ
1741 1384 1918 1438 πάντα

334 1475 552 1542 γίνεται
581 1477 639 1530 ὲν
669 1477 955 1549 Σαϐὅάτῳ.
987 1477 1086 1531 Διὰ
1116 1477 1274 1531 τοῦτο
1319 1478 1412 1531 καὶ
1441 1479 1470 1530 6
1513 1477 1716 1548 Κύριος
1749 1476 1916 1531 ἐλθὼν

329 1568 436 1621 οῦκ
470 1569 850 1622 ἐτεκτόνευσεν
881 1572 940 1623 ὲν
984 1570 1268 1640 Σαϐϐάτῳ,
1317 1571 1418 1623 οὐκ
1451 1569 1802 1639 ἐχάλκευσεν,
1855 1567 1915 1622 οῦ

329 1679 387 1715 τι
419 1664 640 1736 ἕτερον’
681 1666 817 1719 ἀλλά
842 1666 974 1730 Θεὸς
1000 1665 1076 1719 ὢν
1109 1665 1245 1719 Θεοῦ
1272 1665 1431 1738 ἔργον
1463 1664 1774 1736 εἰργάσατο.
1808 1662 1917 1716 Καί

330 1773 502 1827 φησι·
537 1752 724 1825 *Αρον
750 1759 858 1812 τὸν
891 1758 1225 1827 κράϐϐατόν
1258 1773 1396 1823 σου,
1431 1759 1530 1814 καὶ
1571 1759 1911 1827 περιπάτεν

328 1826 423 1900 ἵνα
450 1847 562 1900 ἀπὸ
607 1848 701 1902 τοῦ
732 1826 1094 1919 βαστάζοντος
1142 1853 1283 1922 φανῇ
1316 1851 1378 1903 τὸ
1410 1849 1570 1920 ἔργον
1609 1826 1669 1903 τδ
1702 1850 1918 1920 γινόμε-
1945 1826 1989 1880 Β

331 1956 448 2005 νον,
501 1940 587 1993 ἵνα
629 1942 832 2005 πάντες
866 1941 1259 2011 ὲπιγνώσονται
1306 1943 1397 1996 τὸν
1431 1944 1526 1996 ἀπ’
1574 1941 1804 2013 οὐρανοῦ
1832 1942 1918 1995 ὲλ-

325 2030 494 2084 θόντα
528 2032 662 2103 πρὸς
700 2031 951 2104 βοήθειαν
985 2035 1124 2098 υἱοῖς
1153 2035 1263 2088 τῶν
1293 2035 1618 2107 ἀνθρώπων.
1652 2037 1763 2089 Καὶ
1807 2036 1917 2107 γὰρ

325 2121 404 2191 τῷ
444 2123 544 2191 μὲν
571 2123 685 2176 ὄντι
706 2121 838 2196 ἦλθε
860 2126 1020 2182 λῦσαι
1049 2129 1111 2182 τὸ
1138 2128 1417 2184 Σάϐϐατον
1436 2145 1452 2162 °
1483 2131 1583 2184 οὐκ
1607 2130 1839 2199 ἠδύνατο
1859 2131 1916 2183 δὲ

326 2209 494 2266 λῦσαι
521 2215 674 2280 αὐτὸ,
703 2218 752 2268 εί
782 2217 1062 2290 ἀλλότριον
1092 2220 1256 2273 αὐτοῦ
1293 2221 1554 2292 ὑπῆρχεν.
1590 2221 1779 2285 Οὐδεὶς
1809 2221 1916 2292 γὰρ

327 2305 613 2376 ἀλλότριον
635 2308 751 2362 λύει
774 2310 956 2382 ἔργον,
985 2314 1032 2366 εἰ
1062 2313 1193 2384 μήτι
1215 2311 1281 2367 ἃν
1306 2314 1598 2385 ὲκλήπτωρ
1621 2301 1917 2383 ἀλλοτρίων

324 2399 354 2450 6
380 2398 630 2463 τοιοῦτος
662 2402 906 2472 γένηται,
936 2403 1030 2457 καὶ
1063 2404 1339 2477 ἀλλότριος
1365 2406 1661 2469 ἐπίσκοπος
1688 2407 1729 2470 ¹,
1762 2404 1917 2469 δίκας

326 2489 531 2543 ἑαυτοῦ
550 2491 1038 2566 ἔξαγοραζόμενος.
1060 2496 1281 2569 Ἐπειδὴ
1300 2497 1357 2550 δὲ
1377 2496 1508 2551 ἴδιον
1527 2497 1690 2550 αὐτοῦ
1705 2499 1917 2570 ὑπῆρχε

330 2582 394 2635 τὸ
423 2584 723 2649 Σάϐϐατον,
766 2586 852 2640 διὰ
895 2588 1052 2641 τοῦτο
1093 2588 1262 2658 λέγει,
1306 2591 1387 2643 ὅτι
1427 2591 1644 2660 Κύριός
1684 2592 1858 2644 ἐστιν
1885 2594 1919 2646 ὁ

348 2675 488 2741 Υἱὸς
518 2675 627 2730 τοῦ
660 2678 972 2748 ἀνθρώπου
1001 2681 1100 2733 καὶ
1128 2681 1232 2735 τοῦ
1262 2682 1586 2738 Σαϐϐάτου.
1611 2683 1722 2738 Καί
1751 2701 1882 2754 φησι
1901 2700 1916 2717 ο

336 2771 465 2837 Οὐχ
491 2771 525 2822 ὁ
546 2768 857 2837 ἅνθρωπος
875 2771 972 2826 διὰ
994 2773 1056 2827 τὸ
1092 2773 1399 2828 Σάϐϐατσν
1416 2774 1920 2845 γεγένηται,άλλὰ

325 2859 396 2911 τὸ
436 2859 742 2915 Σάϐϐατσν
788 2863 890 2917 διὰ
917 2864 1026 2918 τὸν
1050 2863 1382 2934 ἄνθρωπον.
1424 2867 1489 2918 Εἰ
1517 2865 1696 2919 τοίνυν
1729 2867 1919 2937 ἐποίη-

2018 561 2170 628 dum,
2202 560 2296 618 sed
2324 561 2391 616 ad
2431 563 2799 632 praestandum
2850 553 3057 615 bonum
3093 568 3232 628 opus
3285 563 3371 612 est
3399 556 3588 610 consti'

2019 662 2216 709 tutum.
2248 654 2494 725 Cumque
2523 669 2685 710 nemo
2715 653 2932 724 penitus
2955 653 3011 706 in
3035 651 3322 706 duodecim
3346 647 3596 703 tribubus

2019 755 2278 816 operatus
2330 755 2498 812 esset,
2545 745 2722 801 solum
2752 746 2921 800 altare
2950 753 3232 814 nunQuam
3266 739 3593 803 feriabatur,
3627 738 3636 757 '

2018 840 2156 893 utin
2194 839 2490 910 Evangelio
2518 843 2750 895 testatur
2789 838 3054 892 Dominus
3103 855 3116 891 :
3153 833 3467 891 Sacerdotes
3517 850 3596 886 re-

2017 930 2118 982 stri
2134 930 2330 984 violant
2355 924 2515 1001 705
2541 932 2595 983 in
2622 930 2810 1000 templo
2834 929 3148 991 Sabbatum,
3175 944 3236 981 ac
3262 927 3372 981 sine
3388 935 3600 996 peccato

2018 1033 2142 1078 sunt
2185 1024 2225 1080 ³.
2260 1025 2557 1080 Profanare
2590 1040 2721 1079 vero
2776 1024 2917 1079 idem
2949 1031 3051 1086 est,
3089 1037 3151 1074 ac
3195 1021 3428 1076 solvere.
3453 1019 3598 1084 Quo-

2018 1116 2180 1170 modo
2233 1132 2363 1170 vero
2393 1117 2605 1173 solvere
2659 1116 2936 1181 dicuntur,
2969 1115 3076 1170 nisi
3107 1113 3252 1184 quod
3298 1111 3408 1166 Deo
3435 1111 3598 1166 sacri-

2028 1209 2212 1264 ﬁcium
2261 1209 2517 1274 oli'erunt,
2553 1225 2622 1265 ne
2643 1210 2815 1264 altare
2861 1209 2933 1264 sit
2959 1206 3242 1280 otiosum?
3268 1203 3374 1260 Sed
3403 1212 3461 1258 ut
3493 1202 3597 1256 ista

2021 1310 2366 1372 praeteream,
2394 1301 2584 1357 eodem
2616 1302 2669 1355 in
2703 1300 2940 1354 Sabbato
2966 1300 3046 1354 sol
3071 1293 3250 1352 oritur
3283 1309 3337 1351 et
3367 1294 3596 1358 occidit,

2018 1393 2146 1445 luna
2205 1393 2472 1462 augescit,
2521 1407 2586 1446 ac
2623 1392 2911 1453 minuitur,
2963 1397 3250 1444 ventorum
3300 1387 3464 1441 ﬂatus
3513 1385 3598 1438 in-

2017 1490 2242 1553 gruunt,
2265 1482 2479 1538 fructus
2497 1483 2788 1552 pullulant,
2814 1489 3018 1536 matres
3035 1480 3276 1552 pariunt,
3296 1487 3599 1547 caeteraque

2019 1573 2155 1629 Iiunt
2184 1575 2387 1629 omnia.
2422 1574 2548 1630 Ideo
2574 1574 2798 1630 veniens
2829 1575 2946 1644 ipse
2993 1572 3258 1627 Dominus
3287 1587 3396 1626 non
3425 1569 3598 1625 fabri-

2018 1668 2121 1723 lem
2149 1668 2206 1722 in
2237 1667 2478 1722 Sabbato
2510 1675 2702 1730 artem,
2755 1681 2865 1721 non
2893 1665 3163 1729 aerariam,
3194 1671 3288 1717 aut
3333 1663 3496 1716 aliam
3543 1663 3597 1715 id

2018 1775 2192 1831 genus
2220 1760 2506 1826 exercuit;
2533 1757 2626 1815 sed
2656 1766 2843 1829 utpote
2865 1759 3004 1812 Deus
3037 1755 3285 1810 divinum
3317 1770 3456 1825 opus
3481 1769 3599 1808 mo-

2019 1853 2149 1908 litus
2181 1863 2284 1908 esl.
2322 1851 2488 1919 Tolle,
2522 1851 2719 1922 inquit,
2742 1851 3022 1922 grabatum
3045 1859 3212 1913 tuum,
3235 1857 3284 1902 et
3309 1846 3525 1900 ambula
3553 1845 3597 1908 ⁵,

2019 1954 2078 2000 ut
2104 1962 2168 2002 ex
2201 1945 2322 2017 ipso
2339 1952 2588 2016 gestante
2611 1943 2678 1999 de
2723 1943 2973 1998 miraculi
3020 1941 3253 1997 veritate
3293 1945 3596 2000 constaret,

2017 2046 2072 2094 et
2099 2053 2223 2093 eum
2245 2053 2437 2092 omnes
2468 2045 2852 2108 agnoscerent,
2878 2037 2970 2106 qui
3025 2044 3078 2088 ,ιι
3126 2033 3366 2087 humano
3413 2031 3597 2102 generi

2019 2131 2353 2194 subveniret,
2407 2145 2438 2185 e
2478 2129 2620 2183 caelo
2677 2128 3056 2184 descenderat.
3101 2121 3238 2179 Nam
3277 2129 3466 2179 revera
3497 2124 3596 2180 sol-

2018 2221 2180 2276 vendi
2214 2219 2436 2275 Sabbati
2473 2220 2647 2290 gratia
2675 2227 2901 2275 venerat
2925 2237 2939 2286 ;
2969 2219 3181 2273 solvere
3206 2231 3373 2286 porro
3402 2216 3448 2269 si
3475 2215 3598 2269 alie-

2019 2329 2148 2367 num
2174 2321 2340 2378 esset,
2377 2313 2601 2368 minime
2652 2313 2941 2382 potuisset.
2989 2309 3158 2364 Nemo
3186 2308 3331 2364 enim
3359 2306 3599 2361 alienum

2019 2419 2157 2476 opus
2190 2404 2445 2469 destruit,
2481 2405 2587 2460 nisi
2638 2405 2940 2459 alienorum
2970 2398 3286 2471 usurpator,
3318 2407 3372 2454 et
3411 2413 3612 2452 eorum

2019 2497 2342 2568 peregrinus
2370 2498 2670 2566 inspector,
2702 2496 2797 2566 qui
2822 2495 2929 2548 sibi
2959 2495 3079 2549 lites
3113 2499 3379 2548 arcessat.
3410 2489 3600 2559 Itaque

2019 2589 2166 2661 quod
2199 2590 2265 2644 ad
2307 2605 2427 2645 sese
2462 2589 2760 2660 pertineret
2820 2587 3143 2650 Sabbatum,
3194 2586 3318 2640 ideo
3342 2583 3600 2638 Dominus

2019 2691 2116 2748 est,
2143 2681 2338 2753 inquit,
2390 2675 2567 2735 Filius
2615 2681 2843 2737 hominis
2877 2682 3038 2734 etiam
3089 2677 3310 2734 Sabbati
3341 2678 3385 2730 ⁵.
3421 2678 3548 2730 Item
3585 2694 3597 2727 :

2021 2769 2147 2825 Non
2169 2781 2380 2841 propter
2406 2770 2696 2827 Sabbatum
2718 2772 2870 2827 homo
2907 2771 3082 2839 factus
3138 2778 3215 2823 est
3235 2811 3250 2836 ,
3277 2767 3368 2823 sed
3399 2765 3600 2821 Sabba-

2023 2876 2133 2919 tum
2185 2875 2399 2936 propter
2433 2866 2694 2920 hominem
2719 2866 2758 2918 ⁸.
2803 2865 2985 2931 Quare
3030 2864 3076 2918 si
3120 2861 3418 2916 Sabbatum
3457 2859 3602 2914 Deus

329 2968 426 3004 σεν
455 2954 483 3004 6
511 2952 646 3017 Θεὸς
677 2954 738 3007 τὸ
776 2955 1052 3010 Σάϐϐατον
1093 2957 1180 3010 διὰ
1212 2959 1302 3011 τὸν
1332 2958 1642 3030 ἄνθρωπον,
1673 2961 1767 3013 καὶ
1795 2977 1920 3031 προ-

2023 2957 2260 3013 hominis
2303 2974 2469 3013 causa
2524 2958 2791 3022 condidit,
2841 2959 3016 3028 pluris
3062 2955 3314 3011 eumdem
3357 2952 3602 3008 Sabbato

329 3044 565 3115 ετίμήσε
592 3046 684 3100 τὸν
715 3047 1002 3119 ἄνθρωπον
1033 3049 1186 3121 παρά
1218 3050 1280 3103 τὸ
1310 3051 1606 3118 Σάϐϐατον,
1643 3053 1730 3105 ἵνα
1762 3054 1790 3105 6
1823 3051 1917 3106 ἀν-

2024 3047 2174 3110 fecit,
2211 3047 2288 3101 uti
2337 3048 2574 3101 futuram
2638 3049 2784 3101 illam
2819 3047 3056 3117 quietem
3093 3045 3441 3116 intelligeret.
3475 3043 3602 3097 Haec

331 3136 554 3208 θρωπος
588 3137 832 3211 γινώσκῃ
875 3140 974 3212 τὴν
1009 3143 1315 3196 ἀνάπαυσιν
1350 3145 1442 3196 καὶ
1471 3142 1581 3197 τῶν
1619 3143 1920 3214 μελλόντων

2023 3139 2167 3193 enim
2201 3139 2506 3193 caelestium
2533 3138 2717 3209 ﬁgura:
2739 3147 2887 3205 sunt,
2917 3153 3043 3191 cum
3071 3137 3160 3191 hic
3184 3151 3251 3191 ex
3280 3143 3435 3206 parte
3459 3135 3602 3189 dun-

335 3231 449 3302 ripi-
467 3232 806 3286 ἀνάπαυλαν.
849 3233 1140 3286 Ἀντίτυπα
1156 3235 1264 3306 γάρ
1291 3237 1405 3290 ἔστι
1427 3237 1598 3290 ταῦτα
1623 3237 1731 3290 τῶν
1753 3239 1918 3290 ἐπου-

338 3322 564 3392 ρανίων.
606 3321 874 3376 Ἐνταῦθα
899 3322 1006 3394 γὰρ
1031 3323 1138 3376 ἀπὸ
1168 3323 1387 3396 μέρους,
1418 3327 1601 3378 ἐκεῖνα
1628 3324 1734 3392 δὲή
1771 3326 1919 3378 πᾶσα

331 3413 635 3484 τελειότης.
672 3413 746 3465 Τὸ
775 3413 1054 3467 Σάϐϐατον
1081 3410 1175 3468 οῦν
1207 3416 1267 3468 τὸ
1294 3417 1352 3468 ἐν
1383 3418 1532 3487 νόμῳ
1554 3417 1660 3480 ἔως
1695 3418 1796 3488 τῆς
1823 3416 1920 3470 αύ-

328 3505 429 3558 τοῦ
477 3506 813 3578 παρουσίας·
856 3505 1020 3560 ἔλυσε
1046 3508 1104 3561 δὲ
1144 3509 1322 3561 ἐκεῖνο
1361 3509 1423 3562 τὸ
1458 3508 1767 3575 Σάϐϐατον,
1824 3511 1920 3564 καὶ

327 3597 537 3652 ἔδωκεν
564 3601 694 3669 ἡμῖν
723 3600 784 3652 τὸ
833 3598 974 3670 μέγα
1020 3599 1320 3662 Σάϐϐατον,
1361 3601 1500 3672 ὅπερ
1541 3601 1658 3655 ἐστὶ
1705 3600 1866 3666 αὐτὸς
1893 3605 1920 3656 ὁ

329 3689 562 3759 Κύριος,
598 3693 631 3761 ἡ
666 3689 972 3754 ἀνάπαυσις
1002 3691 1160 3761 ἡμῶν
1207 3693 1301 3745 καὶ
1339 3692 1368 3744 ὁ
1396 3689 1793 3763 Σαϐϐατισμός.

405 3777 595 3840 Οὐδεὶς
623 3772 720 3831 οῦν
749 3778 937 3831 διοίσει
971 3778 1216 3830 Παλαιὰν
1247 3779 1357 3832 ἀπὸ
1391 3777 1594 3852 Καινῆς
1622 3782 1918 3852 Διαθήκης.

330 3864 458 3918 οὗτε
487 3866 700 3938 Καινὴν
721 3868 830 3921 ἀπὸ
857 3868 1122 3932 Παλαιᾶς.
1151 3869 1266 3922 Μία
1291 3868 1399 3940 γάρ
1439 3871 1554 3923 ἐστι
1591 3871 1685 3923 καὶ
1718 3873 1751 3942 ἡ
1781 3871 1919 3940 αὐτὴ

333 3959 650 4027 συμφωνία.
696 3960 755 4012 ’0
787 3959 842 4012 δὲ
883 3959 1102 4032 ἀμαθὴς
1146 3961 1241 4015 καὶ
1286 3963 1530 4034 ἄπειρος,
1577 3962 1673 4015 ὲάν
1713 3962 1797 4035 ἴδῃ
1829 3963 1921 4016 δύο

328 4050 682 4122 ἀντλητῆρας
714 4051 822 4104 ἀπὸ
868 4053 995 4122 μιᾶς
1029 4053 1214 4124 πηγῆς
1245 4053 1604 4119 ἀντλοῦντας,
1638 4055 1830 4127 νομίσῃ
1863 4056 1921 4109 δὲ

329 4143 425 4197 διὰ
448 4143 549 4214 τὴν
575 4143 839 4215 διαφορὰν
868 4144 975 4197 τῶν
1001 4145 1354 4217 ἀντλητήρων
1388 4146 1618 4219 διάφορα
1655 4143 1796 4201 εῖναι
1826 4151 1921 4203 καὶ

328 4236 402 4290 τὰ
425 4235 599 4290 ῦδατα
619 4254 632 4267 ·
674 4237 885 4310 ἀκούσῃ
926 4238 982 4290 δὲ
1013 4239 1167 4309 παρά
1189 4238 1299 4291 τῶν
1342 4239 1577 4292 συνετῶν
1618 4239 1876 4312 ἀλήθειαν
1901 4284 1916 4306 ,

330 4330 419 4382 ὅτι
443 4329 644 4381 Γεῦσαι
673 4329 782 4382 τῶν
809 4328 902 4382 δύο
932 4330 1309 4402 ἀντλητήρων,
1342 4333 1437 4384 καὶ
1462 4332 1557 4399 ἴδε,
1587 4334 1669 4387 ὅτι
1701 4334 1794 4388 δύο
1821 4337 1920 4406 μὲν

329 4421 381 4470 οἱ
418 4418 777 4489 ἀντλητῆρες,
819 4418 918 4488 μία
959 4419 1075 4489 δὲὴ
1121 4420 1274 4490 πηγὴ
1322 4421 1580 4492 ὑπάρχει.
1620 4421 1809 4485 Οῦτως
1839 4417 1920 4486 εἷς

2024 3241 2192 3296 taxat,
2222 3231 2404 3284 omnia
2436 3232 2676 3301 perfecta
2700 3232 2812 3286 illic
2839 3233 3202 3300 absolutaque
3237 3230 3368 3285 sint.
3401 3229 3599 3296 Quam-

2022 3326 2208 3380 obrem
2241 3324 2538 3380 Sabbatum
2593 3326 2726 3380 illud
2776 3326 2894 3395 lege
2921 3325 3299 3395 praescriptum
3327 3323 3393 3376 ad
3432 3323 3603 3392 ipsius

2021 3418 2314 3473 adventum
2342 3434 2514 3489 usque
2568 3419 2958 3487 perseveravit,
3019 3406 3127 3486 quo
3185 3417 3406 3470 demum
3438 3415 3604 3467 abm-

2027 3490 2153 3578 gato
2185 3524 2437 3578 magnum
2477 3508 2635 3563 nobis
2666 3508 2963 3563 Sabbatum
3007 3508 3225 3572 obtulit,
3250 3507 3344 3577 qui
3373 3513 3456 3559 est
3487 3505 3604 3573 ipse

2025 3599 2308 3662 Dominus,
2363 3600 2583 3670 requies
2651 3598 2984 3670 Sabbatique
3034 3601 3344 3656 observatio
3386 3607 3602 3652 nostra.

2091 3776 2262 3832 Nemo
2293 3777 2475 3846 itaque
2501 3773 2671 3830 Vetus
2699 3776 2766 3830 ab
2791 3773 2943 3830 Novo
2973 3776 3348 3840 Testamento,
3383 3777 3469 3830 vel
3503 3773 3605 3830 hoc

2023 3870 2092 3924 ab
2130 3871 2222 3923 illo
2263 3868 2628 3938 separandum
2671 3867 2966 3922 existimet.
3011 3867 3106 3922 Est
3137 3869 3283 3921 enim
3317 3868 3604 3921 amborum

2023 3976 2131 4016 una
2156 3960 2456 4030 eademque
2482 3958 2796 4013 concordia.
2834 3957 2938 4013 Sed
2966 3959 3192 4028 perinde
3212 3975 3270 4013 se
3298 3975 3387 4013 res
3419 3959 3602 4024 habet,

2024 4069 2087 4107 ac
2137 4053 2184 4107 si
2237 4053 2522 4123 imperitus
2574 4053 2844 4123 quispiam
2924 4067 2988 4106 ac
3038 4053 3190 4107 rudis
3232 4053 3426 4108 situlas
3465 4054 3608 4109 duas

2022 4147 2338 4201 haurientes
2383 4147 2575 4202 eodem
2622 4161 2689 4200 ex
2741 4145 2890 4200 fonte
2938 4145 3134 4199 videat.
3175 4144 3312 4199 Tum
3355 4146 3500 4216 quod
3529 4162 3606 4201 ea:

2023 4241 2254 4294 diversae
2286 4240 2416 4303 sint,
2443 4237 2690 4294 diversas
2721 4239 2884 4293 etiam
2912 4254 3083 4308 aquas
3109 4256 3233 4294 esse
3273 4242 3604 4310 suspicetur.

2023 4329 2229 4385 Deinde
2270 4345 2400 4384 vero
2443 4347 2474 4384 a
2515 4332 2964 4400 prudentioribus
2995 4332 3276 4396 doceatur,
3308 4343 3363 4388 et
3401 4336 3474 4388 ita
3524 4337 3606 4389 lo-

2023 4432 2254 4493 quentes
2286 4422 2471 4476 audiat
2498 4442 2510 4477 :
2539 4421 2617 4476 Ex
2650 4431 2879 4495 utraque
2905 4425 3065 4479 situla
3093 4426 3343 4497 degusta,
3370 4442 3433 4481 ac
3456 4429 3613 4483 disce

329 4511 564 4583 Κύριος,
594 4508 675 4574 εἷς
712 4511 865 4574 Θεὸς,
901 4512 958 4564 ἓν
989 4511 1214 4582 Πνεῦμα
1248 4512 1489 4583 λαλῆσαν
1526 4515 1584 4567 ἐν
1621 4514 1792 4585 νόμῳ,
1828 4517 1920 4568 καὶ

2026 4518 2164 4573 duas
2218 4517 2339 4571 illas
2387 4533 2510 4572 esse
2557 4516 2798 4587 quidem,
2840 4519 2935 4572 sed
2988 4520 3210 4572 unicum
3252 4521 3610 4575 nihilominus

328 4607 392 4657 ὲν
430 4605 763 4676 προφήταις,
789 4606 884 4658 καὶ
923 4607 981 4658 ἐν
1012 4606 1356 4677 Εὐαγγελίῳ.
1393 4607 1490 4660 Διὰ
1527 4607 1685 4660 τοῦτο
1719 4608 1828 4680 γὰρ
1859 4610 1919 4662 οὐ

418 4763 435 4792 ⁸
487 4761 550 4816 F.
585 4763 1153 4834 ἁλλοτριοεπίσκοπος.

329 4840 352 4870 ⁸
396 4835 536 4890 ibid.
568 4833 661 4886 27.

1249 4763 1462 4820 'Exod.
1523 4781 1649 4830 xxv,
1703 4767 1765 4820 3t

327 4969 400 5007 eo
431 4953 577 5025 loco,
610 4967 772 5021 quem
808 4952 1182 5025 adduximus:
1217 4953 1460 5009 Lucerna
1513 4953 1608 5009 Dei
1631 4963 1915 5025 antequam
1953 4971 1960 4978 ·

326 5024 776 5095 eqastingyeretur,
808 5024 861 5076 in
903 5024 1034 5094 Reg.
1083 5034 1167 5078 est
1207 5025 1676 5095 κατασϐεσθῆναι,
1709 5024 1774 5078 in
1803 5025 1917 5080 edi-

331 5094 486 5166 tione
537 5093 699 5158 Sixti,
733 5093 1238 5166 ﬁmaxeuacrbﬁvat.
1301 5095 1376 5148 Ex
1438 5093 1638 5166 quibus
1689 5105 1918 5165 apparet

303 5161 481 5236 ‘idem
518 5178 640 5236 esse
662 5164 937 5221 collocare
971 5161 1245 5227 lucernas,
1275 5166 1421 5234 quod
1456 5161 1738 5221 "attollere
1753 5161 1918 5236 super

333 5233 733 5306 candelabrum
766 5243 820 5289 et
839 5236 1137 5292 accendere
1163 5255 1174 5288 :
1196 5233 1389 5290 contra
1424 5251 1553 5290 vero
1587 5233 1917 5306 componere

333 5303 485 5356 idem
527 5319 649 5359 esse
670 5312 846 5374 atque
872 5307 1175 5361 exstinctas
1199 5306 1508 5368 detrahere,
1544 5317 1599 5361 et
1640 5303 1741 5361 suo
1793 5307 1916 5362 loco

335 5389 630 5446 reponere.
665 5373 835 5429 Erant
892 5377 1042 5430 enim
1096 5379 1420 5445 exemptiles
1488 5378 1749 5440 lucernae,
1798 5393 1920 5446 quae

335 5444 673 5499 candelabro
707 5447 812 5501 sub
857 5455 1074 5501 noctem
1118 5444 1408 5514 impositae.
1457 5446 1704 5501 diluculo
1733 5444 1922 5502 deine-

336 5521 554 5569 rentur.
590 5515 760 5572 Exod.
789 5532 915 5580 xxv,
949 5532 1091 5571 com.
1129 5517 1197 5570 57
1223 5535 1235 5570 :
1266 5517 1455 5571 Facies
1493 5527 1542 5572 et
1569 5518 1810 5573 lucernas
1827 5533 1921 5583 vn,

336 5594 388 5640 et
436 5603 598 5655 pones
652 5604 742 5641 eas
785 5603 940 5656 super
969 5587 1379 5650 candelabrum;
1413 5588 1509 5642 lib.
1539 5587 1584 5641 II
1641 5587 1768 5641 Par.
1795 5602 1919 5656 cap.

337 5672 460 5720 xm,
492 5673 639 5713 vers.
672 5658 732 5710 Η
777 5677 789 5711 :
831 5659 1024 5727 Estque
1071 5659 1211 5725 apud
1256 5675 1351 5712 nos
1396 5657 1774 5712 candelabrum
1824 5674 1924 5710 au—

337 5741 488 5779 reum
534 5739 584 5781 et
639 5728 868 5782 lucerna:
919 5730 1052 5797 ejus,
1108 5741 1164 5782 ut
1223 5729 1580 5786 accendantur
1617 5744 1817 5791 semper
1853 5730 1922 5780 ad

337 5811 629 5864 uesperam.
693 5797 750 5853 Si
810 5799 875 5854 ad
944 5815 1224 5872 vesperam
1276 5797 1737 5862 accendebantur,
1779 5813 1908 5870 ergo

1834 4783 1959 4838 sqq.

2027 4610 2254 4666 fontem.
2290 4610 2490 4666 Eodem
2536 4611 2700 4666 modo
2738 4628 2879 4667 unus
2908 4612 3172 4668 Dominus
3212 4623 3314 4678 est,
3357 4631 3610 4684 unusque

2039 4769 2060 4800 ³
2100 4767 2290 4823 Matth.
2345 4785 2445 4823 xu.
2490 4770 2543 4827 5.
2624 4771 2646 4802 ⁸
2678 4771 2845 4825 Marc.
2888 4788 2946 4838 ιι,
3005 4773 3058 4826 5.
3135 4773 3156 4804 ⁵
3188 4772 3355 4828 Marc.
3416 4791 3475 4841 ιι,
3515 4775 3604 4828 28.

2028 4957 2266 5012 interdiu
2303 4965 2459 5010 erant
2491 4955 2798 5016 exstinctae,
2829 4971 2938 5008 non
2959 4954 3120 5009 modo
3137 4963 3394 5025 quatuor,
3427 4965 3483 5010 ut
3523 4955 3610 5010 Jo-

2029 5032 2233 5097 sephus
2263 5028 2461 5090 credit,
2499 5026 2593 5081 sed
2631 5034 3088 5097 omnesseptem.

2097 5094 2207 5167 (48)
2241 5100 2321 5151 Οὐ
2346 5097 2554 5166 γέγονε
2581 5095 2692 5167 γὰρ
2720 5095 2787 5148 τὸ
2812 5095 3134 5149 Σάϐϐατον.
3167 5095 3306 5167 ῌιιὶο
3339 5094 3495 5149 aliine
3525 5104 3609 5150 est

2023 5163 2280 5238 quod'R.
2320 5163 2473 5222 Mose
2510 5163 2615 5221 ben
2646 5165 2884 5219 Maimon
2911 5175 3068 5236 parte
3098 5182 3113 5218 ι
3151 5163 3308 5227 Jad.,
3345 5175 3505 5219 tract.
3542 5167 3610 5220 dc

2025 5262 2271 5345 sabbato
2302 5276 2426 5345 cap.
2458 5259 2513 5322 ε,
2553 5259 2661 5330 gs,
2694 5259 2890 5315 scribit
2917 5267 3135 5345 gnam
3161 5267 3302 5345 pars
3336 5241 3494 5317 mn")
3529 5269 3610 5317 un

2020 5339 2194 5418 uber:
2244 5336 2416 5412 m‘mn
2465 5362 2601 5413 rem
2637 5361 2837 5413 unum
2876 5335 2990 5411 ὡκ
3026 5335 3201 5416 D‘nv':
3233 5361 3386 5438 map:
3425 5358 3610 5410 mum

2025 5446 2182 5508 Ecce,
2218 5445 2416 5514 inquit,
2445 5445 2703 5509 didicisti,
2757 5446 2921 5513 legem
2960 5459 3225 5512 nunquam
3251 5443 3608 5514 oniniuo‘cru-

2024 5517 2192 5570 delent
2228 5510 2662 5570 et‘inhumanam
2699 5510 2857 5578 oesse,
2902 5514 2992 5569 sed
3023 5510 3424 5575 misericordiae,
3463 5510 3606 5564 beni-

2025 5588 2242 5656 gnitatis
2291 5602 2352 5639 ac
2404 5588 2552 5654 pacis
2606 5586 2994 5654 plenissimam.
3059 5583 3134 5638 De
3176 5582 3418 5637 Sabbato
3476 5597 3609 5656 vero

2029 5651 2291 5728 loquitur,
2350 5651 2498 5725 quod
2555 5651 2883 5728 aegrotorum
2937 5669 3105 5728 causa
3143 5669 3211 5728 ac
3255 5660 3477 5728 propter
3509 5651 3607 5720 pia

2029 5722 2276 5801 quiedam
2308 5722 2630 5784 ministeria’
2658 5727 2796 5782 solvi
2851 5742 3013 5797 posse
3052 5722 3302 5798 pluribus
3341 5722 3609 5778 declarat.
