4138 6396
479 349 585 406 ‘l67

1899 339 1958 394 S.
2005 335 2348 392 EPIPHANU

3639 341 3744 398 168

475 461 641 526 Deus,
673 474 816 514 unus
851 458 1109 529 Spiritus,
1147 458 1238 527 qui
1272 459 1324 511 in
1362 457 1504 526 lege,
1545 451 1824 524 prophetis
1880 449 2058 501 Evan-

2176 445 2255 498 5ύο
2291 445 2526 500 Παλαιαὶ
2573 444 2870 518 Διαθῆκαι,
2905 447 2998 500 καὶ
3044 445 3166 498 οὔτε
3221 445 3313 499 δύο
3369 449 3569 501 Katval
3615 451 3744 504 Δια-

475 557 722 626 gclioque
753 556 967 608 locutus
995 560 1101 608 est.
1149 553 1312 622 706
1359 549 1440 604 Ob
1487 549 1538 602 id
1581 563 1690 602 non
1725 547 1834 600 duo
1867 545 2063 600 Vetera

473 649 824 704 Testamenta
857 654 1006 710 sunt,
1041 660 1218 714 neque
1249 645 1359 698 duo
1385 641 1558 704 Nova,
1590 637 1852 710 quoniam
1887 649 2064 704 neque

475 748 766 794 testatores
799 739 908 792 duo
932 745 1080 802 sunt,
1109 736 1204 790 sed
1231 751 1374 790 unus
1408 731 1806 791 tantummodo,
1841 729 1934 798 qui
1961 743 2058 781 an-

475 833 688 900 tiquato
723 829 916 884 Vetere
937 829 1153 882 “Novum
1187 828 1457 882 instaurat
1489 844 1501 878 :
1541 841 1641 878 nec
1673 824 1769 886 ita,
1807 829 1866 876 ut
1899 819 2064 874 Vetus

475 922 882 992 exstinguendo
920 922 1118 986 deleat,
1173 919 1268 974 sed
1313 919 1364 974 ei
1411 920 1570 972 linem
1612 917 1880 984 imponat,
1912 921 1965 968 et
1999 911 2065 966 ad

477 1015 780 1070 secundum
807 1013 1079 1066 bonorum
1116 1011 1521 1080 possessionem
1553 1004 1872 1059 transferat.

547 1103 808 1159 LXXXV.
877 1105 1056 1157 Alium
1103 1119 1134 1156 e
1181 1101 1466 1172 Scriptura
1507 1100 1684 1151 locum
1733 1097 2066 1152 Manichacus

477 1197 532 1248 iu
565 1197 802 1248 medium
835 1193 1010 1248 all'ert.
1045 1192 1160 1248 lloc
1189 1196 1357 1252 enim.
1413 1189 1608 1258 inquit.
1656 1187 1874 1241 invenio
1903 1205 1919 1240 :
1952 1189 2067 1256 spi-

481 1288 644 1339 ritum
664 1287 780 1340 sine
797 1301 1028 1356 corpore
1045 1285 1278 1338 salutem
1297 1283 1568 1348 .obtinere.
1589 1280 1746 1346 Quod
1777 1279 1955 1348 ipsum
1982 1279 2068 1332 his

478 1379 658 1433 verbis
678 1378 836 1432 docet
861 1377 1184 1447 Apostolus:
1211 1375 1438 1430 Omnino
1467 1374 1685 1426 auditur
1713 1374 1768 1425 in
1797 1371 1938 1425 vobis
1965 1371 2069 1440 [or-

480 1473 700 1534 nicatio,
725 1481 772 1524 et
789 1469 1048 1540 ejusmodi
1069 1469 1378 1539 fornicatio,
1396 1484 1514 1536 qua:
1531 1484 1593 1520 ne
1609 1468 1662 1519 in
1689 1465 1928 1536 gentibus
1953 1465 2069 1535 qui-

478 1564 596 1618 dem
627 1563 860 1616 cernitur
885 1579 902 1616 :
925 1562 1056 1616 adeo
1083 1571 1142 1614 ut
1171 1576 1388 1614 uxorem
1410 1559 1624 1630 quidant
1655 1559 1822 1626 patris
1855 1557 2065 1612 habeat.

482 1653 550 1706 Et
578 1671 667 1708 vos
697 1654 868 1722 inﬂati
893 1653 1040 1716 estis,
1070 1662 1118 1706 et
1147 1667 1249 1705 non
1281 1652 1448 1720 magis
1467 1649 1700 1716 luxistis,
1720 1649 2015 1702 uttollatur
2043 1664 2070 1700 e

2167 539 2330 611 Θῆκαι
2351 556 2362 566 ·
2401 539 2589 610 ἐπειδὴ
2624 541 2721 592 οὐκ
2761 541 2868 592 είσ¹ι
2890 539 2982 592 δύο
3011 541 3059 593 oi
3099 539 3426 612 διαθέμενοι,
3459 543 3571 596 ἀλλ’
3607 537 3686 608 εἷς
3717 547 3746 598 6

2165 632 2261 702 τὴν
2295 631 2535 686 Παλαιὰν
2567 631 2721 704 [τῶν]
2751 631 3018 693 παλαιῶν,
3041 633 3137 686 καὶ
3159 633 3257 704 τὴν
3287 635 3494 704 Καινὴν
3519 635 3746 690 ἀνακαι-

2165 721 2358 786 νίξων⁸
2399 721 2459 773 οὐ
2503 720 2602 792 τὴν
2651 721 2895 775 Παλαιὰν
2943 721 3235 793 καταργῶν
3279 725 3358 786 είς
3403 725 3742 796 ἀφανισμὸν,

2166 813 2300 866 ἀλλὰ
2328 812 2427 885 τὴν
2457 812 2699 866 Παλαιὰν
2723 813 3079 878 καταπαύων,
3111 815 3206 866 καὶ⁴
3226 817 3293 885 τῇ
3316 815 3543 888 δευτέρᾳ
3580 834 3748 886 προσ-

2165 906 2445 978 τιθέμενος
2469 909 2784 979 περιουσίας
2811 907 3192 980 κληρονομίαν.

2239 1082 2363 1135 ΠΕ’.
2391 1083 2592 1154 Ἀλλην
2613 1083 2670 1136 δὲ
2701 1084 2860 1138 πάλιν
2887 1083 3029 1151 λέξιν
3058 1089 3085 1140 ὁ
3110 1088 3271 1152 αὐτὸς
3297 1089 3490 1160 Μάνης
3519 1108 3745 1162 παρειση

2169 1175 2358 1246 φέρει,
2411 1177 2610 1246 λέγων,
2656 1179 2737 1230 ὄτι
2787 1174 2917 1232 Οἶδα
2975 1181 3190 1250 πνεῦμα
3269 1182 3571 1253 σωζόμενον
3616 1185 3742 1237 ἄνευ

2171 1267 2442 1341 σώματος.
2477 1269 2648 1322 Τοῦτο
2697 1269 2826 1340 γὰρ,
2860 1273 3021 1342 φησὶ,
3064 1271 3305 1326 διδάσκει
3355 1277 3383 1327 6
3427 1275 3745 1342 Ἀπόστολος

2169 1362 2359 1432 λέγων,
2389 1364 2472 1416 ὅτι
2511 1363 2706 1430 Ὅλως
2756 1365 3037 1418 ἀκούεται
3067 1366 3136 1419 ἐν
3165 1367 3307 1436 ὑμῖν
3343 1372 3608 1438 πορνεία,
3646 1373 3742 1427 καὶ

2169 1463 2408 1528 τοιαύτη
2438 1463 2704 1530 πορνεία,
2723 1461 2854 1528 ἣτις
2875 1462 3018 1516 οὐδὲ
3045 1463 3114 1516 ἐν
3139 1463 3262 1528 τοῖς
3283 1465 3525 1520 ἔθνεσιν
3549 1485 3562 1498 ·
3593 1466 3747 1526 ὥστε

2168 1554 2423 1622 γυναῖκά
2445 1571 2580 1608 τινα
2601 1554 2706 1608 τοῦ
2732 1556 2952 1624 πατρὸς
2992 1555 3176 1625 ἔχειν.
3205 1559 3313 1611 Kal
3352 1557 3521 1628 ὑμεῖς
3555 1577 3745 1629 πεφυ-

2170 1648 2447 1716 σιωμένοι
2477 1646 2638 1712 ἐστὲ,
2680 1647 2776 1701 καὶ
2805 1649 2940 1716 οὐχὶ
2958 1647 3200 1717 μᾶλλον
3223 1650 3615 1717 ἐπενθήσατε,
3648 1653 3749 1706 ἵνα

481 1748 651 1802 medio
680 1747 837 1800 vestri
873 1746 964 1816 qui
1005 1746 1100 1798 hoc
1152 1745 1360 1814 facinus
1393 1743 1676 1796 commisit.
1721 1741 1830 1810 Ego
1859 1740 2067 1810 quidem

2176 1741 2318 1810 ἀρθῇ
2351 1742 2418 1794 ἐκ
2445 1742 2640 1810 μέσου
2683 1741 2852 1810 ὑμῶν
2881 1745 2913 1795 ὁ
2954 1742 3018 1794 τὸ
3057 1742 3235 1812 ἔργον
3281 1743 3456 1797 τοῦτο
3491 1743 3742 1814 πράξας.

485 1839 672 1892 absens
709 1853 930 1905 corpore
979 1851 1210 1904 praesens
1243 1845 1417 1888 autem
1452 1833 1664 1902 spiritu,
1695 1831 1924 1896 iudicavi
1949 1848 2067 1884 eum

481 1930 570 2000 qui
605 1929 700 1982 hoc
729 1930 896 1982 scelus
920 1929 1202 1990 contntisit,
1234 1924 1661 1980 convenientibus
1691 1925 1855 1986 vobis,
1889 1933 1935 1977 et
1967 1923 2068 1976 Do-

483 2025 648 2084 mino,
681 2038 800 2074 cum
841 2037 952 2074 meo
987 2020 1202 2088 spiritu,
1237 2019 1443 2071 tradere
1474 2017 1736 2086 ejusmodi
1767 2015 1988 2070 Salano:
2014 2016 2068 2068 in

483 2113 757 2164 interitum
792 2111 991 2172 carnis,
1022 2119 1079 2163 ut
1108 2109 1327 2177 spiritus
1363 2107 1540 2162 salvus
1569 2108 1666 2174 ﬁat
1697 2108 1751 2160 in
1774 2106 1858 2160 die
1883 2105 2071 2160 Domi-

483 2205 540 2257 ni
564 2203 602 2256 '.
631 2201 750 2256 Jam
779 2203 958 2258 carnis
991 2202 1247 2257 interitus
1287 2201 1422 2255 nihil
1453 2199 1604 2254 aliud
1637 2209 1740 2266 est,
1774 2215 1938 2269 quam
1970 2199 2069 2254 ab-

485 2297 666 2352 soluta
693 2295 840 2350 illius
871 2295 1182 2350 exstinctio.
1211 2293 1497 2360 Quomodo
1529 2291 1693 2362 igitur
1720 2306 1846 2344 cum
1879 2291 1932 2343 in
1955 2289 2069 2343 dia-

485 2389 596 2444 boli
632 2397 904 2458 potestate
941 2403 1073 2442 caro
1109 2387 1358 2441 ltInditus
1399 2385 1780 2454 exstinguatur
1808 2383 2071 2452 solusque

485 2489 737 2536 servetur
767 2481 1015 2550 spiritus,
1056 2494 1349 2548 corporum
1383 2493 1506 2532 esse
1536 2485 1718 2546 potest
1775 2475 2071 2544 carnisque

489 2571 854 2626 resurrectio?
914 2571 1063 2624 Adeo
1119 2587 1248 2624 vero
1300 2579 1384 2625 est
1429 2568 1626 2634 hebes,
1681 2578 1740 2621 ut
1791 2567 1922 2621 illud
1962 2583 2072 2620 non

487 2663 921 2720 videatzcarnis
967 2679 1132 2734 opera
1188 2663 1608 2716 fornicationem
1659 2675 1803 2721 esse,
1859 2657 2070 2713 adulte-

489 2755 655 2820 rium,
695 2771 760 2809 ac
795 2755 1102 2820 libidinem,
1130 2763 1184 2810 et
1217 2755 1270 2809 id
1303 2770 1473 2824 genus
1505 2754 1648 2820 alia;
1680 2767 1780 2806 nec
1814 2751 1882 2805 de
1908 2767 2073 2806 carne

487 2849 665 2914 illum,
693 2849 788 2904 sed
823 2847 890 2902 de
928 2851 1113 2902 carnis
1137 2847 1396 2917 operibus
1422 2846 1590 2916 loqui.
1615 2845 1751 2898 Nam
1792 2860 1916 2898 cum
1950 2853 2070 2898 stu—

489 2954 650 3010 prum
675 2939 874 3009 aliquis
898 2939 1213 3002 committit,
1243 2953 1372 2992 caro
1391 2938 1535 2993 istud
1569 2939 1921 3006 exsequitur;
1947 2951 2072 2990 cum

491 3041 673 3084 autem
731 3031 1146 3100 temperantiam
1199 3030 1302 3083 sibi
1356 3030 1710 3098 compararit,
1771 3029 1883 3096 jam
1943 3017 2104 3081 caro.

489 3120 898 3191 quodammodo
928 3135 1052 3174 esse
1097 3135 1228 3174 caro
1259 3121 1479 3184 desinit,
1510 3130 1674 3189 atque
1718 3119 1770 3172 in
1821 3119 2072 3188 spiritum

491 3210 832 3265 convertitur
864 3229 876 3263 :
913 3209 1373 3278 quemadmodum
1407 3207 1703 3278 Apostolus
1737 3205 1904 3260 refert
1933 3224 1944 3258 :
1975 3205 2079 3270 Qui

492 3303 644 3355 initio
675 3302 950 3370 conjunxit
992 3299 1198 3364 ambos,
1231 3299 1368 3352 dixit
1400 3316 1416 3353 :
1445 3297 1670 3367 Propter
1699 3299 1794 3351 hoc
1823 3297 2078 3366 relinquet

495 3397 649 3450 ltomo
679 3405 885 3464 patrem
922 3411 1098 3457 suum,
1137 3403 1185 3446 et
1215 3402 1436 3447 matrem
1486 3409 1660 3453 suam,
1711 3401 1762 3444 et
1793 3389 2079 3444 adltwrebit

495 3489 652 3542 uxori
683 3504 817 3550 θυαε,
843 3497 892 3541 et
921 3499 1073 3540 erunt
1098 3487 1202 3540 duo
1233 3487 1288 3538 in
1320 3503 1528 3538 carnem
1555 3503 1716 3539 unam
1745 3488 1786 3540 ’.
1820 3483 1970 3539 Sicut
1993 3483 2082 3552 qui

494 3580 728 3634 adliceret
756 3581 1040 3645 meretrici,
1069 3596 1231 3632 unum
1267 3594 1454 3646 corpus
1499 3589 1599 3644 est,
1643 3589 1691 3632 et
1721 3579 1812 3649 qui
1846 3577 2079 3629 adlta'ret

501 3673 898 3739 Domino,unus
918 3671 1137 3740 spiritus
1159 3680 1237 3725 est
1262 3671 1304 3725 ³.
1331 3669 1516 3739 Itaque
1537 3671 1628 3740 qui
1652 3678 1902 3740 stuprum
1927 3682 2080 3722 com-

496 3763 832 3827 mittit,caro
844 3761 1092 3826 ellicitur,
1115 3777 1224 3814 non
1242 3776 1441 3830 corpus
1463 3759 1746 3824 duntaxat,
1773 3760 1866 3817 sed
1890 3771 1944 3815 et
1969 3777 2078 3815 ca:-

498 3861 616 3906 tera
635 3851 842 3914 omnia,
867 3850 1112 3920 adeoque
1137 3855 1316 3906 anima
1345 3855 1460 3922 ipsa
1491 3854 1546 3906 in
1579 3868 1796 3908 carnem
1817 3854 2083 3923 quodam-

499 3943 661 3998 modo
701 3952 963 3998 mutatur.
1015 3945 1148 3998 Dum
1192 3947 1338 4000 enim
1395 3945 1464 3999 ad
1509 3947 1850 4000 meretricem
1901 3946 2083 4000 adhae-

498 4035 688 4096 rescit,
721 4049 851 4088 caro
879 4033 970 4100 ﬁt;
1017 4051 1252 4104 cumque
1281 4037 1518 4092 carnalis
1558 4038 1652 4100 sit,
1696 4035 1921 4090 omnino
1951 4051 2083 4091 caro

498 4125 722 4180 dicitur.
754 4127 822 4179 At
844 4127 938 4196 qui
971 4123 1200 4180 Domino
1234 4127 1496 4195 adhaeret,
1521 4135 1632 4181 tam
1659 4141 1890 4198 corpore
1913 4143 2080 4196 quam

500 4218 684 4271 animo
719 4235 862 4273 unus
915 4233 1040 4272 cum
1088 4234 1153 4274 eo
1203 4221 1430 4290 spiritus
1476 4231 1581 4288 est,
1617 4235 1681 4275 ac
1719 4221 1984 4292 quidquid
2026 4222 2082 4276 in

501 4310 722 4365 homine
775 4311 940 4378 inest,
990 4327 1131 4366 unus
1177 4313 1234 4365 in
1289 4311 1519 4368 Domino
1565 4313 1792 4383 spiritus
1829 4312 2080 4367 ellicitur.

499 4399 620 4466 Qua
663 4401 732 4457 de
779 4417 840 4455 re
879 4410 1126 4459 statuens
1175 4404 1316 4458 idem
1357 4405 1652 4473 Apostolus
1684 4423 1696 4458 :
1727 4405 1885 4475 707
1921 4405 2079 4469 Deus,

2187 1832 2325 1903 Ἐγὼ
2351 1831 2485 1901 μὲν,
2525 1833 2693 1887 ἀπὼν
2733 1833 2813 1900 τῷ
2845 1833 3092 1904 σώματι,
3127 1835 3332 1904 παρὼν
3355 1835 3423 1888 δὲ
3447 1834 3527 1901 τῷ
3561 1837 3744 1889 πνεύ-

2165 1937 2327 1990 ματι,
2362 1921 2478 1990 ἤδη
2515 1922 2760 1990 κέκρικα
2787 1920 2896 1975 τὸν
2930 1923 2996 1975 τὸ
3031 1922 3209 1993 ἔργον
3246 1925 3422 1979 τοῦτο
3463 1942 3749 1994 κατεργα-

2173 2013 2469 2082 σάμενον,
2518 2017 2942 2071 συνελθόντων
2981 2015 3148 2086 ὑμῶν
3194 2019 3294 2071 καὶ
3346 2019 3451 2072 τοῦ
3501 2020 3745 2088 Κιιρίου,

2166 2107 2318 2174 μετὰ
2358 2106 2463 2160 τοῦ
2509 2107 2656 2176 ἐμοῦ
2693 2111 3062 2177 πνεύματος,
3090 2110 3460 2178 παραδοῦναι
3489 2111 3596 2164 τὸν
3630 2129 3743 2165 τοι·

2173 2201 2354 2253 οῦτον
2391 2199 2469 2264 τῷ
2506 2201 2764 2270 Σατανᾷ,
2792 2205 2878 2269 εὶς
2912 2203 3159 2272 ὀλεθρον·
3202 2203 3314 2270 τῆς
3367 2203 3614 2272 σαρκὸς,
3651 2205 3754 2259 ἵνα

2174 2285 2237 2337 τὸ
2279 2285 2515 2356 πνεῦμα
2547 2287 2714 2356 σωθῇ
2751 2289 2822 2342 ἐν
2859 2289 2934 2358 τῇ
2959 2289 3150 2359 ἡμέρᾳ
3179 2291 3284 2345 τοῦ
3323 2293 3563 2359 Κυρίου.
3592 2290 3750 2347 Ὀλε-

2174 2377 2301 2447 Ορος
2329 2377 2386 2429 δὲ
2426 2377 2518 2429 ἐπὶ
2555 2379 2760 2449 σαρκὸς
2793 2381 2821 2432 6
2865 2380 3210 2434 παντάπασίν
3247 2383 3393 2434 ἐστιν
3423 2383 3746 2452 ἀφανισμός.

2174 2469 2299 2532 Πῶς
2341 2465 2467 2532 οὖν,
2515 2471 2919 2542 ἀφανιζομένης
2970 2473 3070 2544 τῆς
3117 2474 3318 2544 σαρκὸς
3377 2475 3432 2526 ἐν
3475 2476 3616 2546 χειρὶ
3657 2475 3749 2528 τοῦ

2173 2561 2451 2627 διαϐόλου,
2490 2564 2583 2616 καὶ
2633 2563 2938 2634 σωζομένου
2979 2565 3072 2617 τοῦ
3107 2565 3436 2636 πνεύματος,
3471 2565 3553 2618 ἔτι
3601 2566 3752 2621 ἔσται

2173 2655 2466 2718 ἀνάστασις
2520 2656 2786 2725 σωμάτων
2841 2655 2874 2724 ἢ
2939 2655 3169 2727 σαρκός;
3225 2657 3335 2709 Kal
3382 2658 3482 2710 οὐκ
3531 2654 3670 2711 οἶδεν
3724 2661 3756 2712 6

2174 2747 2398 2818 ἄπειρος
2425 2747 2564 2800 κατά
2616 2748 2811 2814 πάντα,
2844 2749 2925 2802 ὅτι
2966 2749 3032 2802 τὰ
3080 2749 3216 2822 ἔργα
3243 2753 3344 2821 τῆς
3376 2750 3578 2821 σαρκὸς
3623 2767 3756 2822 πορ-

2176 2841 2314 2902 νεία,
2359 2841 2592 2910 μοιχεία,
2625 2841 2901 2908 ἀσέλγεια,
2941 2841 3034 2894 καὶ
3075 2841 3143 2894 τὰ
3180 2842 3390 2906 τούτοις
3417 2844 3611 2914 ὅμοια·
3661 2844 3756 2896 uel

2175 2931 2235 2983 οὐ
2264 2933 2392 3000 περὶ
2435 2933 2602 3002 αὐτῆς
2656 2932 2753 3003 τῆς
2800 2933 3000 3004 σαρκὸς
3041 2933 3224 3002 λέγει,
3255 2933 3393 2988 ἀλλὰ
3427 2935 3534 2989 τῶν
3581 2937 3754 3008 ἔργων

2175 3023 2274 3091 τῆς
2307 3023 2525 3092 σαρκός.
2560 3025 2689 3077 Ὅτε
2737 3025 2835 3094 μὲν
2883 3025 3174 3096 ἐργάσεται
3225 3029 3504 3098 πορνείαν,
3538 3030 3572 3100 ἡ
3619 3029 3757 3100 σὰρξ

2105 3135 2147 3191 C
2180 3115 2502 3186 ἐργάζεται·
2540 3115 2634 3169 ἐὰν
2673 3117 2730 3168 δὲ
2771 3118 3040 3188 κτήσηται
3096 3117 3456 3189 ἐγκράτειαν,
3504 3120 3686 3173 οὐκέτι
3721 3122 3756 3190 ὴ

2183 3207 2319 3278 σάρξ
2351 3211 2518 3270 ἐστιν,
2547 3208 2682 3260 ἀλλὰ
2717 3209 2750 3279 ἡ
2793 3209 2930 3278 σὰρξ
2967 3209 3364 3280 μεταϐέϐληται
3392 3217 3470 3274 εις
3504 3211 3718 3282 πνεῦμα
3741 3229 3754 3241 ·

2180 3301 2256 3362 ὠς
2288 3301 2380 3351 καὶ
2408 3303 2436 3351 6
2475 3299 2798 3362 Ἀπόστολος
2827 3299 3002 3368 λέγει·
3035 3301 3116 3353 ὅτι
3151 3301 3213 3353 '0
3231 3301 3510 3370 ἀπαρχῆς
3551 3301 3760 3362 συζεύ-

2182 3391 2294 3456 ξας
2319 3390 2390 3443 τὰ
2421 3391 2723 3459 ἀμφότερα
2753 3387 2954 3444 εἶπεν·
2991 3392 3138 3444 Ἀντί
3163 3393 3378 3446 τούτου
3411 3395 3761 3461 καταλείψει

2181 3477 2492 3547 ἅνθρωπος
2555 3480 2662 3532 τὸν
2709 3481 2932 3549 πατέρα
2993 3481 3177 3535 αὐτοῦ
3222 3481 3322 3534 καὶ
3366 3482 3481 3552 τὴν
3531 3485 3761 3553 μητέρα

2181 3574 2392 3636 αὐτοῦ,
2423 3577 2522 3626 καὶ
2559 3572 3005 3640 κολληθήσεται
3047 3571 3124 3640 τῇ
3151 3573 3388 3644 γυναικί
3419 3576 3628 3640 αὐτοῦ,
3659 3577 3758 3629 καί

2180 3668 2424 3720 ἔσονται
2455 3670 2509 3720 οἱ
2535 3665 2643 3720 δύο
2666 3669 2752 3732 είς
2774 3665 2972 3734 σάρκα
3003 3665 3153 3734 μίαν
3172 3679 3186 3692 ·
3213 3665 3292 3732 ὡς
3317 3669 3350 3721 ό
3377 3669 3762 3738 κολλώμενος

2181 3761 2256 3830 τῇ
2277 3763 2469 3829 πόρνῃ
2503 3759 2573 3813 ἓν
2608 3759 2778 3829 σῶμά
2809 3761 2999 3822 ἐστιν,
3039 3763 3070 3812 ό
3109 3759 3489 3830 κολλώμενος
3535 3757 3615 3829 τῷ
3641 3765 3760 3815 Κυ-

2173 3853 2286 3921 ρίῳ
2334 3852 2404 3906 ἓνν·
2451 3851 2686 3921 πνεῦμά
2729 3852 2920 3906 ἐστιν.
2971 3857 3115 3926 Ἀρα
3158 3853 3249 3910 οὖν
3293 3857 3322 3908 6
3362 3855 3461 3924 τὴν
3507 3853 3762 3925 πορνείαν

2183 3944 2550 4016 ἐργαζόμενος
2579 3943 2714 4018 σὰρξ
2738 3946 3062 4017 γεγένηται·
3095 3949 3156 4000 οὐ
3192 3949 3350 4018 μόνον
3381 3945 3516 4017 αὐτὴ
3539 3949 3573 4017 ή
3602 3943 3759 4016 σὰρξ,

2182 4039 2320 4092 ἀλλὰ
2351 4039 2447 4090 καὶ
2479 4037 2680 4103 πάντα,
2711 4039 2806 4090 καὶ
2839 4037 3005 4109 ψυχὴ,
3044 4039 3138 4092 καὶ
3165 4041 3233 4091 τὰ
3264 4039 3400 4092 ἄλλα
3431 4037 3570 4108 σὰρξ
3611 4037 3761 4104 γίνε-

2183 4147 2295 4184 ται.
2332 4127 2630 4197 Κολληθεὶς
2657 4129 2766 4200 γὰρ
2799 4131 2864 4200 τῇ
2905 4129 3082 4202 πόρνῃ
3120 4129 3258 4200 σὰρξ
3292 4130 3530 4198 ἐγένετο,
3566 4129 3660 4181 καὶ
3686 4126 3762 4180 ὢν

2187 4223 2447 4294 σαρκικὸς
2501 4221 2635 4293 σὰρξ
2666 4221 2800 4284 ὅλως
2827 4221 3096 4275 καλεῖται.
3143 4223 3199 4274 '0
3227 4221 3282 4274 δὲ
3315 4221 3653 4292 κολλώμενος
3685 4219 3764 4291 τῷ

2184 4315 2376 4385 Κυρίῳ
2412 4315 2471 4368 ἓν
2505 4313 2722 4385 πνεῦμά
2774 4317 2889 4368 ἐστι
2911 4353 2924 4376 ,
2959 4313 3201 4367 τουτέστι
3237 4313 3398 4384 σῶμα
3439 4314 3531 4366 καὶ
3581 4312 3748 4383 ψυχὴ,

2187 4409 2282 4461 καὶ
2311 4408 2507 4470 πάντα,
2543 4407 2597 4458 εἴ
2625 4407 2677 4459 τί
2708 4409 2853 4460 ἐστιν
2875 4407 2932 4460 ἐν
2953 4407 3029 4476 τῷ
3057 4403 3349 4476 ἀνθρώπῳ,
3375 4405 3433 4459 ἓν
3463 4403 3678 4474 πνεῦμα
3705 4406 3763 4456 ἑν

501 4495 700 4564 inquit,
723 4497 894 4564 posuit
921 4498 974 4549 in
997 4513 1211 4565 corpore
1233 4497 1409 4569 angnia
1431 4496 1666 4564 membra
1699 4498 1910 4566 singula
1924 4511 2075 4564 prout

2187 4498 2264 4569 τῷ
2293 4499 2500 4570 Κυρίῳ.
2519 4498 2630 4551 Καὶ
2656 4497 2785 4568 περὶ¹
2808 4471 3324 4566 τούτου-νομοθετῶν
3351 4497 3379 4547 6
3407 4495 3568 4557 αὐτὸς
3601 4471 3761 4546 ill-1:6-

501 4587 726 4641 uoluit‘.
757 4585 894 4642 Vide
931 4597 993 4640 ut
1027 4584 1523 4658 corporisiquoque
1559 4589 1896 4644 conditorem
1931 4589 2068 4643 allir-

503 4687 615 4734 met
645 4677 811 4732 Deum
856 4693 922 4732 ac
962 4677 1330 4738 membrorum
1378 4689 1693 4735 nostrorum
1741 4683 2079 4752 composito-

503 4786 643 4835 rem,
677 4771 772 4842 qui
803 4771 1072 4840 sapientia
1103 4785 1168 4824 ac
1195 4765 1438 4826 lio'nitate
1468 4787 1589 4836 sua,
1623 4773 1704 4828 uti
1733 4774 1926 4836 voluit,
1958 4776 2082 4828 uni-

502 4875 662 4915 versa
707 4862 1012 4916 constituit.
1049 4859 1182 4915 Post
1215 4862 1330 4916 haec
1360 4865 1669 4933 exemplum
1700 4865 1948 4932 corporis
1980 4881 2081 4918 no-

505 4951 606 5006 stri
637 4951 703 5004 ad
734 4949 939 5004 Christi
968 4967 1168 5019 corpus
1202 4951 1601 5005 accommodat.
1627 4951 2082 5016 Quemadmodum

503 5053 554 5094 et
587 5058 678 5096 nos
717 5057 903 5110 corpus
943 5041 1143 5096 Clu-isti
1166 5059 1366 5107 sumus,
1397 5053 1444 5096 ct
1471 5045 1703 5097 membra
1733 5044 1796 5098 de
1829 5045 2082 5108 membro,

501 5145 552 5190 et
581 5133 822 5188 Ecclesia
854 5133 972 5196 Dei,
1008 5151 1124 5204 qua:
1154 5145 1228 5187 est
1269 5151 1456 5204 corpus
1489 5135 1748 5190 Christi“.
1780 5136 2014 5191 Proinde
2038 5139 2083 5193 si

503 5242 706 5296 corpus
734 5227 830 5282 Dei
857 5225 1101 5281 Ecclesia
1131 5227 1347 5296 spiritui
1375 5229 1685 5292 adhaerens,
1724 5231 1828 5284 hoc
1866 5239 1952 5285 est
1982 5229 2086 5285 Do-

507 5317 838 5385 mino,unus
870 5327 954 5374 est
983 5321 1214 5390 spiritus
1234 5361 1248 5383 ,
1275 5323 1591 5392 quicunque
1621 5324 1689 5378 ab
1717 5323 1906 5378 eadem
1937 5324 2084 5378 exci-

506 5409 608 5473 dit,
638 5411 865 5480 perinde
897 5428 926 5465 a
962 5413 1157 5482 Spiritu
1188 5413 1528 5478 desciscens,
1575 5415 1758 5470 anima
1795 5419 2000 5486 pariter
2029 5428 2084 5473 et

507 5517 740 5575 corpore
769 5517 1140 5562 commutatur
1173 5511 1230 5564 in
1256 5525 1502 5576 carnem,
1527 5525 1591 5566 ac
1613 5512 1658 5566 si
1685 5512 1818 5583 quid
1848 5513 1996 5568 aliud
2028 5515 2082 5568 in

509 5593 631 5666 ipso
661 5600 988 5656 continetur.
1033 5601 1168 5656 Nam
1196 5603 1290 5673 qui
1325 5603 1438 5658 ﬁeri
1481 5613 1687 5674 posset,
1732 5621 1861 5675 pars
1889 5619 1946 5661 ut
1975 5623 2082 5661 una

2189 4589 2374 4654 στολός
2404 4606 2596 4661 φησιν’
2643 4591 2704 4643 '0
2729 4587 2873 4654 Θεὸς
2911 4589 3077 4644 ἔθετο
3103 4588 3172 4640 ἐν
3203 4585 3428 4656 σώματι
3464 4585 3660 4639 πάντα
3691 4588 3764 4638 τὰ

2181 4683 2358 4753 μέλη,
2391 4684 2654 4737 ἕκαστον
2687 4681 2880 4748 καθὼς
2905 4681 3190 4748 ἠθέλησε.
3221 4681 3331 4733 Καὶ
3361 4683 3462 4750 ὅρα
3493 4679 3610 4742 πῶς
3631 4681 3758 4748 ὁμο-

2187 4775 2338 4842 λογεῖ
2359 4775 2451 4826 τὸν
2485 4773 2617 4827 Θεὸν
2647 4772 2878 4842 ποιητὴν
2909 4771 3002 4823 τοῦ
3038 4769 3306 4839 σώματος,
3341 4770 3434 4822 καὶ¹
3467 4769 3630 4840 θέτην
3653 4767 3761 4822 τῶν

2187 4869 2246 4920 ἐν
2275 4869 2406 4936 ἡμῖν
2455 4865 2654 4936 μελῶν,
2697 4866 2789 4918 καὶ¹
2838 4862 3020 4925 καθὼς
3047 4862 3274 4932 ἠθέλησε
3318 4865 3383 4932 τῇ
3434 4861 3541 4932 ἰδίᾳ
3601 4859 3760 4930 σοφίᾳ

2187 4959 2282 5012 καὶ
2311 4957 2628 5029 ἀγαθότητι.
2650 4959 2670 4988 ⁸
2699 4953 2838 5010 Εἶτα
2866 4955 3048 5020 πάλιν,
3093 4955 3212 5008 ἀντὶ
3245 4952 3339 5006 τοῦ
3379 4951 3759 5022 παραδείγμα-

2184 5067 2277 5113 τος
2307 5049 2400 5102 τοῦ
2435 5049 2702 5120 ἡμετέρου
2755 5049 3004 5118 σώματος
3029 5087 3044 5114 ,
3078 5045 3170 5099 τοῦ
3217 5045 3478 5116 Χριστοῦ.
3519 5047 3618 5109 Ὠς
3663 5043 3760 5097 καὶ

2185 5143 2359 5214 ἡμεῖς
2385 5141 2556 5211 σῶμα
2593 5141 2852 5212 Χριστοῦ
2879 5142 3084 5209 ἐσμεν,
3114 5138 3212 5192 καὶ
3243 5136 3399 5208 μέλη
3421 5139 3489 5189 ἐκ
3511 5137 3756 5206 μέλους,

2188 5235 2285 5289 καὶ
2315 5237 2354 5304 ἡ
2401 5235 2731 5302 Ἐκκλησία
2763 5233 2869 5288 τοῦ
2902 5231 3070 5297 Θεοῦ,
3101 5231 3233 5299 ἣτις
3257 5229 3394 5283 ἐστὶ
3423 5228 3597 5298 σῶμα
3635 5228 3760 5294 Χρι-

2189 5328 2362 5383 στοῦ.
2389 5328 2452 5381 El
2499 5328 2658 5396 σῶμα
2700 5326 2876 5378 τοίνυν
2907 5323 3042 5376 Θεοῦ
3079 5325 3112 5394 ἡ
3162 5321 3453 5392 Ἐκκλησία
3497 5317 3759 5388 κεκολλη-

2195 5422 2329 5492 μένη
2364 5419 2442 5489 τῷ
2489 5417 2780 5488 πνεύματι,
2811 5417 3056 5469 τουτέστι
3083 5415 3161 5484 τῷ
3195 5413 3407 5484 Κυρίῳ,
3449 5407 3510 5463 ἓν
3543 5409 3762 5479 πνεῦμά

2193 5517 2358 5576 ἐστιν,
2392 5515 2420 5566 ὁ
2443 5514 2536 5566 ἀπ’
2572 5511 2741 5580 αὐτῆς
2771 5509 2950 5562 τοίνυν
2983 5507 3311 5578 ἁμαρτάνων
3335 5503 3641 5572 πνεύματος
3669 5504 3762 5552 ὲκ-

2192 5605 2372 5660 πεσὼν
2420 5603 2556 5675 σὰρξ
2589 5603 2879 5674 γεγένηται
2909 5599 3045 5663 ὅλως
3085 5597 3230 5668 ψυχῇ
3263 5597 3357 5650 καὶ
3395 5593 3626 5666 σώματι,
3667 5591 3763 5645 καὶ

587 5714 1044 5798 ξίίξοιιε-νηί-ὕ.
1121 5721 1361 5793 'Ephes.
1413 5741 1470 5794 v,
1503 5725 1606 5794 5|;
1643 5723 1779 5780 Gen.
1843 5743 1904 5793 η,
1959 5725 2050 5782 24.

2176 5729 2206 5792 ⁵Ι
2232 5727 2359 5782 Cor.
2395 5743 2468 5780 VI.
2523 5725 2608 5778 lli.
2663 5723 2748 5776 l7.
2827 5719 3051 5775 ⁸⁵1(;οι·.
3112 5734 3212 5783 xu,
3279 5715 3364 5770 18.
3419 5709 3768 5798 ibid.27.'

501 5785 536 5876 _°
568 5783 730 5842 Deest
754 5789 979 5861 aliquid.
