4138 6396
390 382 503 441 H39

1055 378 1429 437 ADVERSUS
1467 377 1815 436 HERESES
1854 378 1986 436 LIB.
2028 375 2093 437 ll.
2137 375 2302 436 TOM.
2341 378 2410 433 ll.
2448 407 2520 418 —
2558 375 2828 434 HERES.
2873 377 3060 434 LXVI.

3580 383 3606 440 1
3617 384 3685 442 ἰο

387 505 445 557 εἷ
495 502 582 565 τίς
611 505 626 534 ⁸
663 503 811 556 ἐστιν
863 502 920 554 ἐν
973 500 1141 571 αὐτῷ.
1187 501 1340 553 Ἐπεὶ
1379 499 1493 563 πῶς
1547 499 1772 554 ἐδύνατο
1824 500 1990 571 μέρος

2107 499 2313 556 Satanae
2365 498 2702 564 traderetur,
2755 515 2866 553 non
2912 499 3225 555 traderetur
3255 502 3466 556 altera?
3499 501 3688 576 Neque

389 590 772 662 παραδοθῆναι
802 591 880 662 τῷ
904 591 1140 662 Σατανᾷ,
1161 592 1256 644 καὶ
1285 591 1454 663 μέρος
1487 591 1564 662 μὴ
1587 590 1992 662 παραδοθῆναις

390 687 472 737 Οὐ
517 684 628 756 γάρ
683 679 832 747 εἶπε,
884 684 1260 756 παραδοθῆναι
1305 685 1404 754 τὴν
1435 683 1616 754 σάρκα
1639 682 1719 754 τῷ
1758 682 1992 754 Σατανᾷ,

389 778 533 832 ἀλλὰ
561 778 940 847 παραδοῦναι
989 777 1097 832 τὸν
1138 777 1432 832 τοιοῦτον.
1479 778 1538 830 Ὀ
1575 776 1633 828 δὲ
1663 775 1842 845 λέγων
1887 775 1997 830 τὸν

388 870 674 924 τοιοῦτον
705 869 970 940 ὁλοσχερῆ
1012 867 1303 939 ἄνθρωπον
1347 867 1444 919 σὺν
1490 865 1636 936 ψυχῇ
1684 865 1782 918 καὶ
1832 863 1997 917 παντὶ

363 955 478 1034 ’τῷ
500 963 776 1036 ἀνθρώπῳ
814 961 1223 1035 παραδέδωκεν.
1257 961 1321 1014 Ei.
1345 959 1402 1013 δὲ
1431 959 1551 1013 ὅλον
1583 958 1992 1031 παραδέδωκεν,

388 1055 519 1108 ὅλον
547 1055 730 1126 σάρκα
765 1054 1126 1124 ἀπεφήνατο·
1165 1053 1229 1106 τὸ
1257 1051 1476 1123 πνεῦμα
1502 1051 1560 1105 δὲ
1590 1051 1781 1121 ἐδήλου
1823 1049 1996 1114 σώζε-

392 1147 524 1199 σθαι
575 1148 656 1210 εἱς
710 1148 811 1217 τὴν
845 1147 1063 1218 ἡμέραν
1104 1145 1352 1216 Κυρίου,
1399 1146 1488 1197 ἵνα
1541 1143 1616 1216 μὴ
1662 1142 1768 1196 ὑπὸ
1818 1142 1998 1196 αἰτίαν

392 1245 624 1314 γένηται
651 1244 688 1312 ἡ
730 1240 1028 1311 Ἐκκλησία
1075 1238 1171 1293 τοῦ
1213 1239 1536 1310 σφάλματος
1571 1236 1665 1291 τοῦ
1703 1237 1998 1306 σφαλέντος

392 1333 713 1405 ἀνθρώπου,
751 1333 846 1385 καὶ
881 1329 1121 1402 μολυνθῇ
1151 1329 1247 1400 ὅλη
1299 1332 1334 1400 ἡ
1373 1328 1670 1400 Ἐκκλησία
1707 1327 1786 1399 τῷ
1815 1344 1999 1400 παρα-

393 1429 656 1499 πτώματι
679 1425 778 1480 τοῦ
813 1425 954 1490 ἐνὸς,
984 1424 1168 1492 λέγει’
1197 1422 1505 1492 Παράδοτε
1530 1421 1638 1475 τὸν
1661 1420 2006 1490 σφαλέντα,

393 1521 500 1574 ἵνα
527 1521 592 1574 τὸ
624 1519 884 1587 πνεῦμα,
909 1517 1192 1571 τουτέστιν
1217 1515 1315 1586 ὅλη
1350 1517 1383 1584 ἡ
1423 1513 1744 1583 Ἐκκλησία,
1773 1509 1964 1580 σωθῇ.

461 1612 605 1682 ΗΕΓ.
624 1613 786 1668 Ἀλλά
809 1629 944 1686 φησι
962 1630 974 1642 ·
1001 1613 1318 1684 Γέγραπται
1334 1628 1347 1641 °
1368 1609 1527 1679 Σὰρξ
1544 1609 1644 1664 καὶ
1663 1605 2002 1678 αἷμαβασι-

395 1707 578 1762 ,λείαν
592 1707 741 1760 Θεοῦ
755 1708 826 1760 οὐ
840 1702 1519 1774 κληρονομήσουσι.Καὶ
1533 1702 1746 1773 νομίζει
1759 1703 1815 1754 ὲν
1826 1698 2002 1768 τούτῳ

395 1799 583 1867 λέγειν
602 1799 673 1854 τι.
693 1799 802 1852 Καὶ
813 1798 922 1869 γὰρ
933 1797 1011 1868 τῷ
1026 1797 1139 1850 ὄντι
1156 1797 1216 1849 ού
1239 1795 1463 1850 δύναται
1487 1793 1716 1867 πορνεία
1739 1792 2002 1864 κληρονο-

2100 608 2228 648 vero
2259 592 2398 648 dixit
2417 592 2716 662 Apostolus
2749 611 2763 646 :
2799 591 3042 648 Tradere
3062 607 3286 649 carnem
3325 593 3564 662 Satanae,
3591 601 3685 654 sed

2099 686 2311 740 tradere
2352 685 2636 755 ejusmodi.
2689 685 2761 738 At
2805 685 2898 757 qui
2932 686 3197 756 ejusmodi
3227 688 3382 756 dicit,
3414 691 3687 763 integrum

2096 777 2346 851 profecto
2399 779 2702 844 hominem,
2759 779 2864 834 hoe
2913 788 3001 836 est
3049 788 3162 835 tam
3211 782 3478 849 animam,
3523 801 3688 856 quam

2098 887 2302 942 corpus
2337 871 2627 927 tradiderit
2657 888 2885 928 necesse
2921 880 3028 929 est.
3070 872 3176 940 Qui
3208 889 3332 929 cum
3366 885 3538 932 totum
3575 887 3692 933 tra-

2099 964 2324 1026 diderit,
2368 971 2541 1017 totum
2576 964 2834 1018 videlicet
2874 979 3095 1019 carnem
3135 980 3260 1021 esse
3290 966 3600 1038 signiﬁcat;
3636 977 3694 1023 at

2101 1054 2358 1124 spiritum
2388 1053 2445 1108 in
2475 1053 2620 1108 diem
2654 1052 2870 1108 Domini
2907 1055 3116 1110 servari
3147 1056 3508 1122 demonstrat,
3534 1067 3594 1112 ut
3623 1074 3694 1114 ne

2100 1145 2350 1200 Ecclesia
2379 1145 2752 1216 delinquentis
2793 1147 3031 1203 hominis
3076 1149 3284 1204 scelere
3315 1151 3693 1222 obstringere-

2101 1245 2214 1301 tur,
2254 1237 2531 1306 uniusque
2565 1236 2766 1293 delicto
2797 1245 2908 1292 tota
2948 1238 3067 1309 ipsa
3110 1240 3470 1310 pollueretur.
3509 1242 3693 1308 Quare

2102 1331 2176 1384 ita
2215 1330 2372 1398 jubet
2415 1329 2715 1400 Apostolus
2749 1350 2764 1386 :
2805 1330 3020 1386 Tradite
3055 1347 3175 1386 eum
3222 1335 3310 1403 qui
3349 1333 3595 1406 deliquit,
3631 1347 3689 1389 ut

2101 1421 2343 1487 spiritus,
2379 1420 2485 1477 hoc
2511 1428 2597 1477 est
2624 1420 2868 1477 Ecclesia
2897 1423 3178 1488 universa,
3209 1424 3388 1479 salvus
3411 1426 3478 1480 sit
3504 1427 3546 1478 ².

2175 1597 2464 1654 LXXXVI.
2498 1599 2668 1671 Atqui
2703 1600 2973 1671 scriptum
3027 1613 3112 1657 est
3139 1602 3260 1673 (ait)
3288 1622 3301 1658 :
3329 1601 3470 1659 Caro
3503 1613 3553 1659 et
3573 1621 3695 1660 san-

2103 1694 2222 1766 guis
2257 1709 2474 1763 regnum
2507 1692 2608 1748 Dei
2643 1711 2749 1748 non
2788 1693 3128 1762 possidebunt
3149 1697 3190 1749 ⁸.
3240 1696 3360 1762 Qua
3391 1695 3695 1770 Scriptura

2107 1786 2383 1839 sententia
2409 1783 2663 1838 nonnihil
2687 1785 2902 1842 eiIicere
2932 1803 2990 1842 se
3019 1796 3195 1857 putat.
3229 1787 3431 1845 Verum
3460 1789 3620 1860 longe
3644 1791 3694 1846 is

400 1895 526 1961 μεῖν
556 1890 836 1960 βασιλείαν
861 1889 1130 1960 οὐρανῶν,
1163 1889 1285 1941 οὐδὲ
1317 1887 1555 1959 μοιχεία,
1580 1886 1702 1940 οὐδὲ
1722 1884 2000 1952 ἀσέλγεια.

2108 1875 2351 1930 aberrat.
2385 1877 2607 1932 Certum
2648 1879 2796 1934 enim
2826 1889 2914 1935 est
2947 1894 3058 1934 non
3093 1895 3254 1951 posse
3292 1889 3546 1952 stuprum
3579 1896 3695 1940 cm-

394 1983 524 2036 ούόὲ
567 1982 985 2053 εἱδωλολατρεία
1008 2000 1021 2012 ο
1063 1981 1314 2034 τουτέστι
1347 1979 1486 2050 σὰρξ
1517 1980 1613 2033 καὶ
1643 1972 1805 2048 αἷμα.
1838 1977 1904 2030 Εἰ
1942 1975 2000 2029 δὲ

396 2079 533 2149 περὶ
562 2075 768 2148 σαρκὸς
800 2075 895 2128 καὶ
920 2072 1151 2144 αἵματος
1173 2073 1333 2126 τοῦτο
1366 2072 1632 2143 νομίζεις,
1656 2065 1796 2123 εἶναι
1828 2069 2000 2140 αὐτὴν

395 2173 504 2241 τὴν
550 2170 762 2241 σάρκα,
812 2167 930 2232 πῶς
973 2167 1055 2221 ἔτι
1089 2165 1392 2241 πληροῦται
1426 2166 1488 2218 τὸ
1530 2163 1855 2236 εἰρημένον·
1889 2163 1997 2216 Καὶ

398 2257 542 2317 ὅσοι
558 2262 782 2316 ἔλαϐον
799 2259 1008 2324 αὐτὸν,
1026 2259 1252 2313 ἔδωκεν
1278 2258 1486 2322 αὐτοῖς
1509 2256 1802 2322 ἐξουσίαν
1819 2255 2002 2312 τέκνα

403 2355 560 2410 Θεοῦ
583 2351 865 2424 γενέσθαι
884 2369 898 2383 ·
926 2353 984 2408 οι
1015 2354 1128 2406 οὐκ
1159 2351 1229 2418 ἐξ
1262 2350 1546 2420 αἱμάτων,
1579 2347 1724 2402 οὐδὲ
1754 2349 1822 2401 ἐκ
1850 2363 1998 2416 σαρ-

398 2444 513 2510 κὸς
557 2441 1001 2512 ἐγεννήθησαν,
1041 2440 1181 2496 ἀλλ’
1232 2440 1301 2494 ἐκ
1339 2439 1525 2503 Θεοῦ;
1565 2438 1660 2502 Τίς
1710 2439 1770 2490 ἐν
1810 2437 2000 2507 κόσμῳ

401 2533 701 2605 γεγένηται
728 2533 858 2586 ἄνευ
888 2531 1130 2603 σαρκὸς;
1175 2529 1316 2583 Ἀλλ’
1355 2528 1545 2600 ἐπειδὴ
1586 2525 1999 2599 μετεωήθησαν

397 2627 460 2677 αἱ
489 2623 742 2694 γνῶμαι·
775 2623 836 2676 οὗ
867 2624 978 2696 γὰρ
1025 2625 1084 2677 αἱ
1131 2624 1321 2690 φύσεις
1351 2621 1460 2675 τῶν
1501 2620 1858 2691 γεννωμένων
1887 2619 2000 2673 ἀπὸ

401 2716 662 2786 μητέρων
691 2716 785 2768 καί
840 2715 1096 2785 πατέρων
1131 2712 1335 2784 σαρκὸς
1361 2712 1456 2764 καὶ
1501 2711 1734 2782 αἵματος
1773 2711 1998 2781 ἐγεννή-

398 2808 583 2879 θησαν
611 2807 708 2876 τὴν
728 2805 989 2878 δευτέραν
1014 2806 1269 2876 γέννησιν
1296 2804 1394 2875 τὴν
1416 2802 1524 2858 ἀπὸ
1549 2803 1646 2871 τῆς
1671 2801 1766 2855 τοῦ
1791 2800 1998 2872 Κυρίου

400 2900 718 2970 γεννήσεως
769 2898 856 2952 διὰ
889 2897 1204 2968 πνεύματος
1251 2897 1349 2950 καὶ
1396 2895 1596 2966 πυρός·
1633 2893 1858 2947 ἔδωκεν
1894 2895 2002 2947 αὐ-

401 2991 532 3056 τοῖς
562 2991 856 3056 ἐξουσίαν
891 2990 1076 3044 τέκνα
1117 2989 1268 3044 Θεοῦ
1309 2988 1608 3059 γενέσθαι.
1654 2988 1741 3051 Ὠς
1779 2981 1872 3041 οὖν
1909 2987 1998 3038 ὲν-

400 3083 582 3138 ταῦθα
615 3087 682 3136 ἐκ
718 3083 921 3154 σαρκὸς
963 3083 1339 3154 ἐγεννήθησαν
1383 3081 1481 3135 καὶ
1506 3077 1567 3144 ἐξ
1595 3080 1848 3149 αἵματος.
1888 3079 2000 3131 Καὶ

398 3178 468 3230 οὐ
496 3174 775 3246 λογίζεται
809 3178 875 3230 ἐκ
918 3174 1122 3247 σαρκὸς
1156 3175 1251 3228 καὶ
1289 3173 1524 3244 αἵματος
1551 3174 1585 3244 ἡ
1629 3172 1883 3244 γέννησις
1911 3171 2000 3224 διὰ

400 3270 508 3340 τὴν
550 3245 855 3340 μεταϐολὴν
902 3245 1001 3339 τῆς
1048 3266 1415 3338 δικαιοσύνης.
1452 3266 1713 3334 Καίτοιγε
1746 3267 1804 3318 ὲν
1836 3263 2001 3336 σαρκὶ
2029 3245 2072 3305 c

403 3361 503 3414 καὶ
521 3361 734 3432 αἵματι,
753 3361 828 3423 ὡς
844 3359 1021 3429 λέγει·
1049 3361 1146 3412 Ἑν
1165 3357 1349 3428 σαρκὶ
1377 3359 1486 3428 γάρ
1507 3355 1998 3427 περιπατοῦντες,

401 3456 480 3508 οὐ
525 3452 677 3507 κατὰ
707 3452 906 3521 σάρκα
953 3451 1418 3520 στρατευόμεθα.
1447 3451 1590 3520 Ἀρά
1615 3444 1707 3503 οὖν
1732 3448 1813 3502 ένι
1840 3447 1998 3519 σὰρξ,

400 3547 468 3600 ού
504 3546 653 3601 κατὰ
700 3546 881 3617 σάρκα
912 3544 1340 3617 στρατευομένη.
1374 3544 1485 3596 Καὶ
1512 3541 1600 3596 διὰ
1645 3540 1806 3595 τοῦτο
1851 3540 1999 3607 λέγει

405 3640 592 3711 σάρκα
620 3640 712 3693 καί
737 3633 880 3708 αἷμα
917 3637 992 3710 μὴ
1023 3637 1381 3709 κληρονομεῖν
1412 3634 1694 3706 βασιλείαν
1720 3632 1996 3706 οὐρανῶνο

401 3731 467 3782 οὐ
495 3731 625 3801 περὶ
650 3729 749 3799 τῆς
774 3728 978 3799 σαρκὸς
1006 3727 1211 3797 ταύτης
1238 3727 1337 3797 τῆς
1369 3724 1674 3797 καμούσης,
1712 3723 1813 3794 τῆς
1841 3724 2001 3792 ἁγια-

408 3822 656 3894 σθείσης,
688 3823 789 3893 τῆς
815 3821 895 3894 τῷ
923 3821 1041 3892 Θεῷ
1071 3819 1542 3892 εὐαρεστησάσης,
1572 3817 1709 3872 ἀλλὰ
1738 3818 1869 3888 περὶ
1899 3815 2001 3885 τῆς

406 3916 468 3966 ὲν
504 3915 800 3986 ἁμαρτίαις
835 3913 1239 3983 ἐξετασθείσης.
1274 3911 1428 3963 Ἐπεὶ
1463 3909 1580 3972 πῶς
1601 3908 1666 3963 ἂν
1695 3906 1998 3978 πληροῦται

404 4009 471 4063 τὸ
493 4007 785 4080 εἰρημένον
805 4023 820 4038 ο
853 4005 956 4060 Δεῖ
993 4006 1100 4076 γὰρ
1138 4003 1204 4057 τὸ
1237 4003 1504 4072 φθαρτὸν
1531 4001 1708 4055 τοῦτο
1742 3999 2002 4054 ἐνδύσα-

403 4101 555 4152 σθαι
587 4096 963 4167 ἁφθαρσίαν,
1015 4095 1115 4149 καὶ
1156 4095 1222 4148 τὸ
1267 4091 1490 4162 θνητὸν
1524 4091 1700 4146 τοῦτο
1739 4090 2000 4144 ἐνδύσα-

405 4195 556 4246 σθαι
581 4191 956 4251 άθαναο-ἰαν;
987 4186 1434 4258 Τηλαυγέστερον
1465 4185 1522 4238 δὲ
1572 4184 1704 4255 περὶ
1745 4182 1937 4236 τούτου
1973 4182 2002 4232 ὁ

407 4283 579 4345 αὐτὸς
620 4280 944 4343 Ἀπὸστολος
977 4279 1296 4351 σημαίνων,
1341 4277 1431 4331 ἵνα
1474 4277 1547 4348 μή
1603 4292 1744 4340 τινες
1790 4273 2000 4343 πλανη-

409 4375 573 4436 Θῶσι,
607 4375 700 4427 καὶ
734 4375 856 4428 άντ¹ι
892 4371 1000 4426 τῶν
1042 4370 1261 4441 φαύλων
1300 4368 1476 4441 ἔργων
1500 4367 1596 4439 τὴν
1625 4365 1717 4420 τοῦ
1751 4365 2001 4437 σώματος

409 4469 615 4521 πλάσιν
644 4466 1017 4522 ἀπελπίσωσιν
1055 4467 1122 4519 ὲκ
1149 4469 1248 4536 τῆς
1272 4464 1646 4528 ἀναστάσεως,
1675 4462 1823 4530 λέγει
1848 4477 1861 4489 ·
1894 4463 2000 4515 Ne-

409 4563 684 4631 κρώσατε
721 4561 792 4613 τὰ
838 4559 997 4629 μέλη
1034 4559 1107 4613 τὰ
1148 4557 1249 4612 ἐπὶ
1302 4556 1414 4627 τῆς
1464 4554 1614 4626 γῆς·
1673 4555 1833 4609 ἅτινά
1883 4557 2000 4608 ἐστι

410 4653 664 4726 πορνεία,
691 4652 926 4724 μοιχεία,
952 4651 1233 4719 ἀσέλγεια,
1260 4650 1352 4703 καὶ
1376 4648 1444 4702 τά
1473 4647 1619 4718 ἑξῆς.
1700 4687 1714 4700 .
1797 4689 1809 4700 .
1890 4689 1902 4700 .
1985 4687 1998 4700 .

410 4839 555 4893 ἀλλὰ
582 4838 678 4890 καὶ
709 4838 838 4900 τοὺς
871 4836 1137 4906 ὀφθέντας
1173 4838 1287 4900 τοῖς
1333 4833 1661 4898 Γαλιλαίοις,
1689 4833 1785 4886 καὶ
1814 4831 2002 4900 λέγον-

410 4948 536 4995 τας,
575 4931 658 4984 ὅτι
715 4929 938 4983 Τοῦτον
988 4928 1098 4982 τὸν
1153 4926 1398 4994 Ἰησοῦν
1443 4924 1517 4978 ὃν
1563 4922 1860 4993 ἑωράκατε
1902 4924 2003 4993 ἀφ’

412 5022 586 5093 ὑμῶν
637 5022 1213 5090 ἀναλαμϐανόμενον
1235 5059 1249 5084 ,
1304 5017 1495 5080 οὕτως
1554 5017 1872 5070 ἐλεύσεται
1931 5016 2004 5070 ὃν

409 5119 642 5186 τρόπον
664 5113 850 5168 εἴδετε
875 5115 1063 5167 αὑτὸν
1085 5109 1681 5180 ἀναλαμϐανόμενον.

2108 1969 2247 2024 leste
2280 1983 2510 2040 regnum
2543 1971 2815 2039 obtinere,
2844 1987 2945 2026 nec
2976 1973 3333 2039 adulterium,
3369 1990 3548 2046 neque
3568 1975 3695 2031 libi-

2107 2061 2315 2127 dinem,
2343 2077 2448 2117 nec
2471 2061 2838 2118 idololatriam
2861 2083 2875 2118 :
2901 2080 3024 2136 quas
3055 2065 3239 2120 omnia
3268 2081 3369 2137 per
3395 2081 3617 2122 carnem
3639 2074 3697 2122 et

2107 2154 2432 2224 sanguinem
2480 2154 2839 2227 intelligenda
2887 2166 3040 2213 sunt.
3093 2156 3231 2212 Nam
3277 2159 3326 2214 si
3373 2173 3594 2215 carnem
3640 2165 3696 2215 ct

2107 2247 2436 2318 sanguinem
2462 2247 2545 2303 sic
2575 2248 2984 2321 interpretaris,
3009 2259 3070 2306 ut
3099 2251 3166 2306 ad
3198 2251 3477 2323 propriam
3509 2251 3696 2306 homi-

2109 2340 2196 2395 nis
2236 2354 2458 2396 carnem
2497 2342 2793 2412 pertineat,
2845 2359 3086 2414 quonam
3132 2345 3296 2400 modo
3333 2361 3524 2401 verum
3559 2346 3695 2401 illud

2107 2449 2231 2489 esse
2259 2433 2487 2504 poterit:
2522 2433 2792 2506 Quotquot
2816 2445 2993 2491 autem
3020 2447 3323 2507 receperunt
3349 2437 3524 2501 illum,
3551 2438 3697 2492 dedit

2105 2526 2183 2580 eis
2214 2534 2532 2595 potestatem
2571 2527 2712 2596 ﬁlios
2746 2527 2844 2582 Dei
2881 2529 3018 2598 ﬁeri,
3050 2531 3142 2600 qui
3185 2547 3291 2585 non
3319 2548 3383 2586 ea;
3417 2532 3699 2602 sanguini-

2107 2617 2226 2681 bus,
2250 2633 2412 2688 neque
2443 2632 2509 2671 ea:
2535 2634 2694 2672 carne
2716 2619 2831 2672 nati
2856 2628 3002 2682 sunt,
3034 2619 3126 2674 sed
3159 2635 3225 2675 ea:
3250 2619 3363 2675 Deo
3384 2621 3446 2677 ’δί’
3469 2621 3606 2689 Quis
3637 2626 3697 2681 in

2105 2708 2316 2764 mundo
2347 2710 2467 2765 sine
2502 2725 2669 2764 carne
2698 2720 2862 2764 natus
2891 2711 3019 2765 est?
3060 2711 3260 2767 Verum
3297 2713 3557 2781 quoniam
3584 2730 3696 2772 non

2107 2806 2321 2854 naturae
2349 2799 2570 2870 quidem
2611 2801 2856 2867 illorum,
2885 2800 2980 2870 qui
3018 2815 3086 2856 ex
3127 2811 3413 2871 parentum
3445 2818 3614 2860 carne
3640 2813 3700 2862 et

2107 2892 2378 2963 sanguine
2394 2892 2678 2963 propagati
2701 2901 2852 2958 sunt,
2875 2892 2972 2948 sed
3000 2893 3168 2947 animi
3199 2897 3518 2950 commutati
3543 2905 3694 2965 sunt,

2107 3003 2174 3043 ac
2225 2986 2470 3043 secunda
2517 2987 2869 3057 generatione
2918 3003 2950 3041 a
3004 2985 3236 3042 Domino
3289 3003 3388 3059 per
3439 2990 3696 3060 spiritum

2107 3082 2400 3152 ignemque
2446 3079 2744 3152 procreati,
2791 3090 3104 3151 propterea,
3149 3081 3315 3148 dedit,
3346 3083 3545 3154 inquit.
3584 3085 3696 3141 illis

2106 3185 2418 3243 potestatem
2449 3175 2592 3245 ﬁlios
2620 3173 2718 3228 Dei
2749 3175 2891 3244 fieri.
2938 3173 3031 3229 Sic
3069 3175 3237 3246 igitur
3276 3191 3341 3231 ex
3373 3191 3539 3232 carne
3569 3178 3698 3234 istic

2106 3277 2163 3323 et
2191 3269 2461 3340 sanguine
2490 3267 2606 3322 nati
2651 3275 2801 3322 sunt.
2835 3267 3022 3339 Neque
3050 3275 3240 3322 tamen
3283 3268 3354 3324 ob
3392 3269 3698 3325 traductio-

2106 3374 2231 3414 nem
2277 3361 2425 3412 illam
2476 3360 2545 3414 ad
2585 3359 2880 3429 justitiam,
2930 3361 3156 3416 alterius
3194 3376 3262 3416 ex
3293 3376 3460 3417 carne
3485 3368 3541 3416 et
3570 3377 3700 3418 san-

2107 3453 2275 3524 guine
2327 3451 2564 3507 habetur
2612 3452 2986 3522 generationis
3042 3453 3208 3507 ratio.
3263 3452 3588 3524 Quanquam
3638 3455 3700 3512 in

2108 3560 2277 3600 carne
2305 3543 2688 3610 nihilominus,
2718 3552 2774 3598 et
2809 3544 2974 3615 708
3012 3547 3282 3616 sanguine
3319 3558 3696 3616 permaneant,

2109 3635 2260 3690 velut
2291 3634 2401 3690 alio
2430 3635 2555 3689 loco
2583 3633 2720 3689 dicit
2750 3652 2763 3688 :
2795 3631 2862 3687 In
2902 3649 3064 3687 carne
3103 3633 3435 3688 ambulantes
3475 3651 3581 3688 non
3614 3651 3698 3690 se—

2108 3734 2341 3784 cundum
2369 3745 2583 3783 carnem
2612 3729 2908 3783 militamus
2931 3729 2974 3782 '.
3008 3727 3279 3794 Quocirca
3311 3728 3451 3784 inest
3475 3728 3699 3798 quidem

2109 3831 2276 3885 caro;
2314 3817 2411 3872 sed
2444 3831 2557 3872 non
2583 3816 2890 3872 secundum
2922 3832 3146 3872 carnem
3181 3818 3396 3873 militat.
3441 3817 3582 3874 Hinc
3612 3828 3700 3876 est

2108 3910 2257 3979 quod
2290 3909 2388 3974 ait,
2431 3924 2654 3964 carnem
2704 3917 2759 3962 et
2806 3909 3128 3980 sanguinem
3189 3910 3412 3966 caeleste
3465 3926 3696 3981 regnum

2109 4001 2336 4056 minime
2379 4001 2685 4070 possidere.
2727 4000 2832 4056 Ubi
2870 4015 2978 4056 non
3014 4003 3082 4056 de
3109 4015 3171 4056 ea
3218 4016 3386 4057 carne
3431 4002 3696 4073 loquitur,

2109 4110 2233 4165 quae
2280 4095 2567 4150 laboribus
2618 4094 2830 4158 attrita,
2870 4110 2994 4165 quae
3024 4097 3318 4150 sanctitate
3351 4097 3696 4162 consecrata,

2109 4201 2232 4256 quae
2271 4184 2384 4242 Deo
2412 4184 2652 4257 denique
2685 4193 2838 4256 grata
2871 4187 2962 4250 sit,
2999 4184 3097 4240 sed
3126 4186 3194 4240 de
3218 4201 3303 4250 ea,
3337 4201 3458 4256 qua:
3489 4187 3544 4240 in
3569 4201 3700 4257 pec-

2111 4287 2364 4335 catorum
2401 4279 2664 4334 sordibus
2687 4277 2986 4336 detinetur.
3021 4276 3178 4344 Quod
3205 4278 3311 4332 nisi
3340 4278 3414 4331 ita
3447 4288 3551 4341 est,
3575 4279 3698 4348 qui—

2110 4388 2238 4428 nam
2281 4373 2418 4428 illud
2463 4372 2678 4443 impleri
2711 4372 2957 4443 poterit:
2991 4369 3212 4441 Oportet
3257 4371 3398 4425 enim
3431 4372 3698 4438 corrupti-

2111 4465 2214 4519 bile
2246 4465 2344 4520 hoc
2377 4464 2596 4519 induere
2623 4465 3095 4534 incorruptionem,
3137 4473 3188 4516 et
3232 4462 3456 4518 mortale
3487 4463 3584 4521 hoc
3613 4464 3698 4515 in—

2109 4559 2270 4613 duere
2302 4558 2845 4614 immortalitatem“!
2887 4557 3042 4625 Quod
3096 4557 3302 4613 clarius
3352 4555 3494 4614 idem
3546 4556 3698 4627 Apo-

2109 4653 2287 4708 stolus
2331 4649 2673 4722 signiﬁcans,
2725 4666 2794 4706 ne
2823 4647 2926 4724 qui
2960 4649 3194 4706 forsitan
3226 4655 3504 4716 errarent,
3534 4657 3700 4718 atque

2112 4746 2186 4800 ob
2221 4744 2433 4800 scelera
2463 4744 2533 4800 de
2561 4734 2888 4803 formatione
2901 4742 3166 4815 .corporis
3198 4741 3256 4796 in
3288 4740 3700 4796 resurrectione

2112 4837 2493 4907 desperarent,
2520 4837 2608 4892 bis
2644 4836 2824 4892 verbis
2855 4837 3106 4891 hortatur
3133 4855 3147 4891 :
3186 4834 3509 4906 Mortiﬁcate
3532 4851 3700 4889 mem-

2112 4929 2228 4993 bra,
2267 4946 2386 5000 qua:
2424 4939 2549 4985 sunt
2597 4930 2654 4985 in
2705 4930 2912 4996 terra",
2959 4929 3064 4985 hoc
3109 4936 3215 4996 est,
3249 4927 3697 4990 fornicationem,

2111 5021 2464 5084 adulterium,
2505 5021 2825 5087 libidinem,
2867 5029 2977 5076 etc.
3023 5062 3039 5077 .
3103 5061 3116 5075 .
3197 5061 3213 5076 .
3291 5059 3307 5075 .

2112 5111 2226 5169 lmo
2245 5123 2299 5170 et
2323 5131 2419 5170 eos
2439 5116 2532 5186 qui
2564 5115 2804 5171 Galilazis
2825 5123 3198 5187 apparuerunt
3229 5130 3433 5186 eosque
3463 5116 3544 5170 sic
3571 5112 3700 5168 allo-

409 5213 528 5270 cuti
561 5217 690 5266 sunt
717 5228 730 5264 :
758 5209 805 5263 Η
815 5227 914 5264 unc
935 5207 1142 5273 Iesum,
1173 5224 1324 5279 quem
1347 5205 1551 5262 vidistis
1579 5223 1611 5260 a
1637 5207 1780 5260 vobis
1808 5217 2161 5273 assumptum,
2190 5213 2267 5266 sic
2294 5214 2459 5267 veniet
2479 5213 2922 5284 quemadmodum
2943 5215 3148 5270 vidistis
3164 5231 3284 5269 eum
3307 5221 3638 5282 assumptum
3651 5212 3694 5265 ⁸.

481 5305 612 5359 IIZ'.
668 5303 802 5357 Ἀπὸ
847 5303 904 5356 δὲ
943 5301 1054 5355 τῶν
1089 5301 1398 5374 εἰρημένων
1426 5299 1646 5353 πάντων
1669 5298 1927 5355 δύνανται
1958 5303 2007 5354 οἰ

409 5396 689 5464 νουνεχεῖς
740 5393 835 5446 τὸν
891 5392 1016 5446 νοῦν
1077 5391 1376 5462 ἐπιστῆσαι
1420 5391 1514 5443 ἐπὶ
1560 5391 1696 5443 πᾶσι
1755 5391 1866 5453 τοῖς
1909 5391 2008 5460 τῆς

406 5485 677 5558 ἀληθείας
708 5485 890 5554 λόγοις
925 5485 1019 5538 καὶ
1068 5487 1182 5548 τοῖς
1235 5484 1345 5537 ἀπὸ
1391 5483 1705 5553 ψεύσματος
1740 5481 1836 5534 τοῦ
1875 5500 2009 5553 προ-

409 5578 712 5650 ειρημένου
765 5576 1058 5648 λεγομένου
1105 5575 1447 5647 Μανιχαίου·
1504 5575 1624 5639 ἵνα,
1663 5575 1712 5627 εί
1761 5573 1855 5628 καὶ
1905 5574 2007 5627 οὐκ

407 5669 773 5743 ἐπεμνήσθην
808 5669 953 5732 τινὸς
993 5669 1319 5740 μαρτυρίας,
1355 5667 1464 5720 άπὸ
1501 5667 1608 5720 τῶν
1630 5666 1724 5720 δύο
1752 5666 1784 5719 ἢ
1836 5666 2004 5736 τριῶν

485 5792 506 5823 ί
541 5789 602 5843 ια’.
641 5787 783 5844 εἴτι.
860 5789 880 5818 ⁸
919 5785 937 5838 l
967 5787 1094 5843 Cor.
1127 5805 1182 5852 ν,
1218 5789 1270 5841 b.
1348 5786 1370 5817 ³
1395 5784 1412 5837 Ι
1437 5787 1566 5840 Cor.
1597 5801 1686 5852 xv,
1713 5784 1801 5839 50.
1879 5783 2000 5838 ‘Jo:

2116 5783 2265 5848 [.12.
2344 5786 2368 5817 ³
2400 5786 2446 5840 II
2471 5785 2598 5842 Cor.
2631 5794 2690 5851 Χ,
2739 5786 2794 5840 5.

671 5860 695 5893 ⁸
723 5861 844 5914 Act.
875 5873 914 5924 ι,
950 5861 1037 5913 il.

753 5958 1022 6015 Ριτιιοι..
1057 5953 1174 6013 Gn.
1215 5953 1409 6015 XLII.

412 5878 499 5925 In,
538 5861 592 5917 5.

2189 5304 2498 5362 LXXXVII.
2526 5307 2605 5364 Ex
2639 5308 2724 5364 his
2754 5323 2876 5378 qua:
2899 5308 3165 5364 hactenus
3190 5313 3336 5363 dicta
3359 5315 3507 5372 sunt,
3535 5304 3698 5360 facile

2119 5397 2487 5470 intelligentes
2543 5400 2798 5456 homines
2847 5408 3084 5470 possunt
3119 5409 3229 5455 tam
3268 5400 3336 5453 ad
3370 5413 3530 5455 veros
3573 5411 3696 5453 ser-

2117 5504 2328 5551 mones.
2346 5507 2510 5561 quam
2529 5492 2596 5546 ad
2614 5490 2896 5547 Manichmi
2917 5490 3201 5546 mendacia
3223 5491 3469 5556 animum
3498 5489 3695 5544 adver-

2116 5583 2250 5640 tere,
2285 5585 2346 5631 ut
2379 5580 2596 5634 tametsi
2625 5579 2922 5650 quodpiam
2957 5580 3181 5634 allatum
3226 5581 3296 5636 ab
3343 5595 3409 5635 eo
3441 5579 3695 5634 testimo-

2114 5665 2268 5720 nium
2319 5670 2784 5738 praatermiserim,
2835 5685 2905 5725 ex
2953 5671 3172 5726 duobus
3225 5671 3336 5726 illis
3382 5669 3692 5740 tribusque,

2886 5785 2906 5816 ⁸
2931 5783 2954 5840 I
2980 5781 3110 5842 Cor.
3145 5802 3234 5852 xv,
3269 5784 3356 5840 5'5.
3435 5786 3456 5817 "
3478 5783 3694 5842 Coloss.

3369 5945 3407 6002 6
