4138 6396
461 364 568 430 m

1891 364 1953 420 S.
1992 362 2337 420 EPIPHANII

3642 362 3743 418 1'72

466 505 590 560 qum
621 490 1197 552 commemoravimus,
1223 488 1434 559 reliqua
1458 489 1527 543 ab
1547 503 1615 544 eo
1651 488 1789 544 falso
1821 491 2044 543 contict:

2167 487 2486 560 μαρτυριῶν
2538 481 2612 539 ὧν
2662 487 2928 557 εἴπομεν,
2972 484 3040 538 τὰ
3083 485 3259 538 πάντα
3297 481 3464 537 αὑτοῦ
3511 483 3739 556 φωραθῇ

463 581 972 653 deprehendantur.
1001 581 1113 638 Nos
1135 590 1316 637 autem
1342 582 1504 653 longo
1525 597 1833 652 asperoque
1860 582 2054 637 itinere

469 693 568 748 per
595 677 907 747 periculosa
948 677 1068 730 loca
1114 675 1392 738 confecto,
1433 690 1578 746 aegre
1623 675 2053 744 amphisbaanam

473 770 645 832 illam,
675 784 741 822 ac
775 766 1200 831 cenchritidem,
1229 766 1447 821 letalem
1479 765 1536 820 in
1576 765 1771 836 primis
1823 766 2054 821 bestiam

426 891 431 896 ι
467 858 746 915 evasimus
793 875 805 910 :
842 873 964 928 quae
997 856 1297 910 multarum
1353 871 1539 911 rerum
1598 856 2054 912 similitudinibus

419 955 430 1008 ζ
471 951 752 1021 variegata
793 957 1122 1004 contuentes
1170 947 1396 1018 decipit.
1448 947 1526 1002 Ex
1564 947 1766 1017 quibus
1794 947 2053 1002 omnibus

467 1041 617 1095 velut
635 1039 931 1094 conﬂatum
962 1047 1016 1092 et
1047 1037 1322 1092 occultum
1354 1035 1623 1091 mortiferi
1651 1037 1706 1090 in
1737 1037 1930 1091 aculeo
1957 1052 2052 1090 ve-

466 1133 594 1196 neni
618 1132 822 1187 fontem
849 1131 1116 1186 continet.
1148 1128 1482 1185 Manichacus
1511 1129 1656 1185 enim
1683 1145 1808 1183 cum
1835 1129 2051 1200 gentili—

464 1228 567 1282 bus
583 1225 801 1297 gentilis
817 1232 921 1290 est,
938 1240 1002 1280 ac
1021 1224 1215 1287 solem,
1229 1225 1440 1289 lunam,
1464 1224 1646 1279 sidera
1667 1222 2055 1291 damonesque

462 1317 1047 1388 veneratur;gentilis,
1076 1317 1322 1387 inquam,
1345 1325 1452 1383 est,
1479 1333 1511 1371 ο
1540 1317 1878 1382 charissimi,
1903 1317 2054 1384 ejus-

462 1424 570 1480 que
613 1419 763 1466 secta
811 1409 1131 1464 Graacorum
1181 1411 1604 1482 superstitiones
1643 1408 1831 1462 tradit.
1867 1407 2053 1478 Mago-

460 1517 586 1556 rum
617 1517 838 1572 quoque
868 1501 1178 1573 praestigias
1212 1501 1622 1572 complectitur,
1656 1501 1712 1555 in
1754 1501 1932 1570 iisque
1959 1515 2054 1554 vo-

460 1593 692 1660 lutatur,
727 1599 1076 1648 astronomos
1111 1593 1320 1656 laudat,
1352 1608 1584 1663 quorum
1621 1592 1873 1646 curiosas
1905 1598 2052 1645 artes

460 1683 834 1754 persequitur,
889 1698 953 1736 ac
986 1682 1154 1737 verbo
1183 1689 1346 1736 tenus
1375 1681 1584 1737 Christi
1636 1681 1800 1752 709
1828 1681 2053 1735 nomine

460 1774 749 1846 gloriatur.
800 1773 858 1828 ln
891 1788 1001 1844 quo
1035 1773 1396 1829 cenchritidis
1445 1773 1724 1828 simillima
1772 1781 1878 1837 est,
1928 1788 2052 1844 quae

2157 582 2347 652 ψευδῆ.
2367 583 2557 652 Ἡμεῖς
2587 580 2665 642 δὲ,
2687 580 2885 650 πολλὴν
2923 577 3314 648 ἐπιϐεϐηκότες
3330 577 3448 630 ὁδὸν
3479 579 3742 648 τραχεῖαν

2156 674 2251 726 καὶ
2284 671 2624 736 κινδυνώδεις
2647 671 2872 735 τόπους,
2903 669 3057 740 μόλις
3080 669 3494 740 ὑπεξεφύγομεν
3511 670 3743 741 ταυτησὶ

2155 765 2255 833 τῆς
2273 765 2646 836 ἀμφισεαίνης
2671 765 2764 816 καὶ
2777 763 2944 835 θηρὸς
2961 763 3118 832 ὀλετη
3126 763 3243 833 ρίου
3259 762 3358 832 τῆς
3381 762 3740 833 κεγχρίτιδος,

2159 856 2269 909 ἀπὸ
2308 855 2517 909 πολλῶν
2554 856 2915 925 ὁμοιωμάτων
2951 853 3386 923 πεποικιλμένης
3424 852 3564 924 πρὸς
3597 851 3743 907 ἀπά-

2154 936 2253 1018 την
2295 947 2403 1002 τῶν
2451 948 2742 1019 ὁρώντων.
2781 946 3012 1017 ἐχούσης
3057 946 3114 998 δὲ
3159 946 3551 1017 κεκρυμμένην
3601 947 3742 1000 κατὰ

2155 1041 2253 1112 τὴν
2297 1038 2574 1110 κεντρὼδη
2629 1039 2724 1092 καὶ
2779 1037 2982 1091 ἰοὸὁλον
3027 1036 3211 1108 πηγὴν
3264 1037 3366 1106 τῆς
3413 1040 3477 1090 ὲκ
3525 1038 3743 1091 πάντων

2158 1132 2512 1205 ὁρμωμένης.
2585 1130 2804 1200 Ἐπειδὴ
2860 1129 2969 1200 γὰρ
3026 1130 3163 1198 μετὰ
3225 1129 3497 1200 Ἐλλήνων
3541 1129 3742 1199 Ἕλλην

2156 1223 2326 1288 ἐστὶν,
2361 1220 2514 1290 ἥλιον
2545 1219 2890 1290 προσκυνῶν,
2915 1220 3007 1273 καὶ
3041 1219 3290 1292 σελήνην,
3324 1220 3507 1272 καὶτὰ
3545 1220 3739 1291 ἄστρα,

2156 1315 2252 1368 καὶ
2295 1315 2580 1384 δαίμονας,
2619 1313 2820 1384 Ἕλλην
2861 1315 2889 1365 ὁ
2941 1313 3100 1384 ἀνὴρ,
3136 1312 3430 1382 ἀγαπητοὶ,
3462 1313 3739 1383 τυγχάνει,

2157 1407 2250 1460 καὶ
2279 1407 2312 1476 ἠ
2350 1405 2514 1458 αὑτοῦ
2541 1405 2753 1475 αἵρεσις
2781 1407 2847 1457 τά
2880 1405 2988 1457 τῶν
3024 1403 3294 1474 Ἐλλήνων
3329 1405 3641 1475 ὑφηγεῖται,
3675 1405 3744 1458 τὰ

2159 1497 2348 1567 μάγων
2375 1497 2684 1561 ἐπίσταται,
2713 1497 2805 1550 καὶ
2829 1499 2885 1550 ἐν
2907 1497 3089 1559 αὐτοῖς
3113 1496 3526 1565 ὲγκυλινδείται,
3550 1497 3745 1569 ἄστροι-

2155 1590 2356 1661 νὸμους
2395 1591 2630 1652 ἐπαινεῖ,
2683 1589 2751 1642 τὰ
2784 1588 2962 1643 αὐτῶν
3007 1588 3537 1660 περιεργαζόμενος,
3583 1591 3743 1660 μόνον

2155 1680 2394 1752 Χριστοῦ
2457 1681 2780 1751 σεμνύνεται
2829 1681 3002 1751 ὄνομα
3057 1681 3236 1752 λόγῳ·
3283 1681 3358 1743 ὡς
3392 1688 3486 1734 καὶ
3539 1682 3677 1752 αὑτὴ
3707 1684 3740 1751 ἡ

2156 1777 2437 1844 κεγχρῖτις
2479 1771 2710 1844 κρύπτει
2768 1772 2868 1843 μὲν
2898 1774 2988 1825 τὸν
3027 1773 3124 1835 ἰὸν,
3171 1774 3356 1843 ἀπατᾷ
3408 1773 3464 1825 δὲ
3506 1773 3594 1826 διὰ
3643 1774 3743 1844 τῆς

459 1868 737 1923 occultato
785 1883 999 1924 veneno
1033 1869 1298 1923 varietate
1332 1883 1432 1922 sua
1489 1867 1650 1931 fallit,
1711 1874 1876 1937 atque
1912 1869 2044 1922 inter

2156 1865 2462 1929 ποικιλίας,
2522 1867 2581 1917 ὲν
2630 1865 2781 1936 μέσῳ
2832 1865 2973 1917 ὑλῶν
3023 1864 3234 1918 πολλῶν
3282 1865 3588 1936 γενομένη,
3646 1867 3742 1919 καὶ

461 1961 615 2017 varia
651 1960 854 2016 fruteta
886 1975 1141 2024 versans,
1179 1976 1365 2014 rerum
1398 1960 1667 2025 omnium,
1699 1961 1900 2030 quibus
1937 1961 2050 2014 cir~

460 2053 718 2108 cumdata
772 2060 878 2121 est,
943 2053 1364 2108 similitudinem
1423 2053 1700 2124 exprimit.
1757 2053 2052 2110 Enimvero

452 2155 821 2217 posteaquam
855 2144 950 2199 Dei
996 2160 1121 2216 ope,
1167 2160 1232 2200 ac
1269 2146 1519 2201 veritatis
1550 2146 1715 2211 fuste,
1748 2163 1966 2203 necnon
1997 2155 2052 2204 et

459 2236 665 2293 Christi
693 2237 962 2308 sanguine
989 2251 1052 2290 ac
1105 2251 1356 2307 corpore,
1389 2238 1534 2308 quod
1565 2255 1629 2292 ex
1661 2237 1830 2293 Maria
1861 2255 2052 2296 revera

459 2338 653 2385 natum
684 2337 792 2395 est,
824 2343 890 2384 ac
935 2336 1279 2384 mortuorum
1329 2332 1775 2396 resurrectionis,
1804 2341 1858 2386 et
1888 2333 2051 2390 unius

445 2421 818 2492 ejusdemque
847 2421 940 2476 Dei
968 2421 1324 2477 confessione
1348 2422 1607 2478 draconis
1638 2423 1787 2479 illius
1810 2425 1863 2479 in
1891 2427 2051 2497 aquis

459 2521 630 2584 caput
671 2513 1112 2584 conlregimus‘,
1148 2515 1254 2568 hoc
1303 2525 1412 2579 est,
1463 2517 1846 2587 multicipitem
1899 2521 2048 2574 illam

462 2604 712 2659 haeresim
737 2604 1122 2677 etrugavimus,
1147 2613 1422 2677 caputque
1450 2608 1898 2674 corumiuuimus,
1934 2626 2050 2680 per-

443 2702 637 2766 «petua:
661 2696 899 2766 primum
942 2695 1206 2752 habendae
1241 2696 1350 2752 Deo
1399 2699 1589 2768 gratia:
1633 2707 1783 2763 sunt,
1827 2708 1942 2754 tum
1981 2701 2049 2756 ad

458 2793 688 2842 caeteras
715 2787 974 2858 deinceps
1015 2787 1440 2858 properandum,
1479 2788 1553 2841 ita
1585 2798 1644 2842 ut
1692 2803 1724 2843 a
1769 2788 1878 2844 Deo
1920 2805 2050 2861 sup-

445 2879 630 2949 plices
649 2879 1008 2950 postulemus,
1032 2888 1234 2934 nostra:
1257 2886 1318 2933 ut
1345 2879 1706 2935 imbecillitati
1737 2890 2045 2946 succurrat,

459 2981 540 3039 ιιι,
570 2971 652 3028 iis
711 2987 834 3043 quae
898 2973 1243 3043 suscepimus
1301 2972 1592 3040 absolutis,
1655 2975 2048 3033 cumulatiores

446 3064 634 3121 eidem
651 3063 869 3121 referre
897 3066 1192 3136 possimus.

821 3173 955 3228 ADV
968 3173 1193 3232 ERSUS
1232 3173 1670 3240 HIERACITAS,

640 3267 775 3335 Qua:
815 3277 894 3324 est
930 3268 1142 3323 haresis
1187 3266 1284 3321 XL
1301 3265 1431 3329 VII,
1463 3271 1570 3323 sive
1625 3268 1864 3324 LXVII.

520 3357 570 3417 1.
611 3359 744 3416 Post
791 3361 1095 3430 improbam
1139 3362 1310 3426 illam,
1363 3377 1427 3417 ac
1459 3377 1571 3433 prae
1609 3364 1758 3418 omni
1792 3365 1897 3418 alia
1937 3364 2045 3420 hae-

449 3452 569 3508 resi
612 3452 967 3516 virulentam,
1005 3453 1378 3521 serpentinam
1426 3461 1480 3506 et
1525 3453 1874 3510 barbaricam
1929 3455 2045 3510 Ma-

462 3546 660 3602 nichzei
691 3546 1020 3612 doctrinam,
1069 3544 1332 3601 Hieracas
1367 3546 1589 3616 quidam
1643 3549 1865 3605 nomine
1916 3565 2044 3619 pro-

455 3637 580 3703 diit,
605 3653 636 3691 a
670 3652 781 3708 quo
815 3635 1103 3690 Hieracitaa
1132 3635 1401 3692 nominati
1434 3645 1583 3692 sunt.
1613 3635 1713 3692 Hic
1751 3640 1804 3692 in
1840 3641 2043 3710 oppido

459 3727 688 3801 Egypti
737 3727 1018 3784 Leontone
1058 3729 1216 3796 vixit,
1274 3727 1699 3785 humanioribus
1745 3730 1942 3788 litteris
1985 3733 2042 3787 in

450 3822 650 3894 primis
691 3820 960 3885 eruditus,
1003 3835 1069 3876 ac
1096 3821 1409 3876 Gmcorum
1436 3819 1767 3892 disciplinis,
1804 3839 2040 3893 praeser-

453 3920 664 3987 timque
693 3914 985 3978 medicina,
1021 3922 1075 3969 et
1104 3913 1228 3969 aliis
1263 3915 1474 3969 artibus
1504 3916 1769 3982 imbutus,
1803 3918 1869 3972 ad
1898 3934 2040 3988 quas

455 4007 843 4081 Egyptiorum
906 4022 1126 4078 quoque
1191 4005 1501 4061 doctrinam
1563 4006 1910 4077 adjunxerat.
1963 4009 2043 4066 Ac

454 4101 645 4156 nescio
693 4114 762 4154 an
813 4106 869 4155 et
920 4097 1274 4154 astronomia:
1324 4112 1390 4152 ac
1441 4098 1776 4168 magicarum
1837 4099 2040 4153 artium

455 4193 744 4250 scientiam
800 4190 1061 4262 attigerit.
1110 4188 1238 4244 Fuit
1286 4199 1434 4245 certe
1487 4189 1652 4244 variis
1690 4191 1904 4246 artibus
1955 4191 2041 4246 in-

454 4292 724 4350 structus,
782 4292 946 4354 atque
1005 4279 1312 4353 explicandi
1364 4285 1614 4351 peritus,
1668 4290 1730 4336 ut
1785 4299 1851 4337 ex
1891 4283 2039 4339 illius

451 4377 871 4435 commentariis
925 4381 1184 4445 apparet;
1232 4373 1328 4428 sed
1367 4373 1748 4444 Egyptiorum
1794 4373 2038 4444 linguam

451 4471 802 4544 potissimum
815 4469 1024 4532 calluit,
1043 4473 1229 4537 utpote
1246 4480 1442 4537 genere
1454 4464 1766 4537 Egyptius.
1782 4465 1890 4522 Nec
1907 4482 2039 4522 vero

2161 1957 2570 2029 ἀφομοιουμένη
2600 1959 2738 2028 μετά
2773 1957 2882 2012 τῶν
2913 1959 3101 2014 ὄντων.
3148 1959 3237 2013 Ἐν
3273 1957 3330 2011 δὲ
3367 1962 3434 2030 τῇ
3463 1957 3556 2011 τοῦ
3601 1957 3740 2011 Θεοῦ

2153 2052 2383 2123 δυνάμει
2405 2051 2484 2122 τῷ
2517 2050 2659 2121 ξύλῳ
2687 2051 2786 2120 τῆς
2813 2049 3092 2120 ἀληθείας,
3134 2050 3230 2102 καὶ
3253 2050 3447 2120 αἵματι
3479 2050 3740 2120 Χριστοῦ,

2155 2144 2251 2198 καὶ
2289 2143 2502 2214 σώματι
2545 2142 2622 2214 τῷ
2657 2143 2766 2196 ἀπὸ
2804 2142 3045 2213 Μαρίας,
3075 2140 3153 2212 τῷ
3184 2141 3453 2213 ἀληθινῶς
3485 2160 3741 2212 γεγεννη-

2156 2236 2322 2306 μένῳ,
2363 2236 2457 2288 καὶ
2485 2238 2553 2306 τῇ
2575 2234 2682 2288 τῶν
2706 2233 2919 2306 νεκρῶν
2943 2234 3239 2286 ἀναστάσει
3259 2235 3356 2286 καὶ⁵
3383 2237 3448 2305 τῇ
3480 2234 3742 2305 ὁμολογίᾳ
3818 2285 3824 2290 .

2151 2327 2254 2397 τῆς
2295 2329 2424 2398 μιᾶς
2469 2326 2760 2398 ἑνότητος,
2804 2323 3194 2396 συντρίψαντες
3221 2323 3320 2394 τὴν
3366 2324 3606 2396 κεφαλὴν
3642 2323 3738 2378 τοῦ

2152 2420 2445 2491 δράκοντος
2489 2420 2582 2474 ἐπὶ
2615 2422 2727 2482 τοῖς
2762 2418 2936 2480 ὓδασι,
2980 2416 3079 2487 τὴν
3122 2417 3495 2486 πολυκέφαλον
3533 2418 3738 2488 ταύτην

2153 2512 2367 2583 αἵρεσιν
2408 2513 2488 2574 εἰς
2521 2510 2764 2564 τούπίσω
2793 2509 3143 2581 στρέψαντες,
3174 2508 3269 2560 καὶ
3299 2509 3541 2580 κεφαλὴν
3564 2528 3737 2564 κατα-

2153 2605 2473 2669 θλάσαντες,
2519 2605 2834 2678 εὐχάριστοι
2876 2603 2974 2673 μὲν
3008 2601 3127 2672 Θεῷ
3168 2602 3602 2674 διατελέσωμενο
3646 2607 3740 2659 ἐπὶ

2151 2698 2208 2752 δὲ
2249 2698 2350 2762 τὰς
2396 2698 2523 2767 ἑξῆς
2571 2697 2810 2768 αἱρέσεις
2858 2694 3144 2766 προελθεῖν
3189 2696 3552 2768 σπεύσωμεν,
3603 2699 3739 2753 Θεὸν

2152 2791 2577 2864 ἐπικαλούμενοι
2632 2791 2827 2863 βοηθὸν
2875 2790 2974 2860 τῆς
3005 2787 3160 2858 ἡμῶν
3199 2789 3519 2856 ἀσθενείας,
3553 2792 3733 2855 ὅπως,

2150 2884 2219 2936 τὰ
2251 2883 2642 2956 ἐπηγγελμένα
2675 2885 2733 2937 ὲν
2756 2881 2876 2953 Θεῷ
2913 2878 3346 2951 περαιώσαντες,
3375 2883 3595 2948 τελείως
3618 2883 3739 2956 9εῷ

2151 2974 2657 3047 εὐχαριστήσωμεν.
2817 2989 2819 2991 ‘

2550 3181 2743 3236 ΚΑΤΑ
2781 3173 3158 3237 ΙΕΡΑΚΙΤΩΝ
3198 3183 3311 3255 (49)
3326 3223 3342 3244 ο

2152 3271 2621 3340 Τεσσαρακοστὴ
2650 3268 2899 3342 ἑϐδόμη,
2940 3276 2979 3343 ἡ
3019 3277 3116 3329 καὶ
3147 3273 3450 3343 ἐξακοστὴ
3490 3275 3730 3345 ἑϐδόμη.

2219 3365 2298 3417 Α¹.
2339 3362 2495 3416 Μετὰ
2529 3363 2626 3434 τὴν
2668 3365 2949 3436 μοχθηρὰν
2983 3368 3187 3439 ταύτην
3216 3370 3310 3422 καὶ
3357 3367 3558 3422 ἰοϐόλον
3592 3369 3733 3440 ὑπὲρ

2146 3457 2328 3509 πᾶσαν
2354 3456 2564 3527 αἵρεσιν
2601 3457 2697 3509 καὶ
2729 3458 3007 3530 ὲρπετώδη
3057 3459 3150 3512 τοῦ
3187 3462 3348 3533 Μάνη
3391 3461 3732 3534 βαρϐαρικὴν

2146 3548 2490 3622 θηριοὸολίαν
2534 3549 2634 3620 τῆς
2677 3549 3026 3615 διδασκαλίας
3072 3552 3274 3625 ἀνέστη
3335 3571 3421 3618 τις
3485 3555 3732 3627 Ἱέρακας

2143 3642 2389 3712 ὀνόματι,
2416 3642 2508 3709 ἀφ’
2537 3636 2707 3714 οὗπερ
2747 3641 3062 3715 Ὶερακῖται.
3117 3638 3286 3710 Οὗτος
3329 3647 3390 3698 έν
3417 3649 3484 3719 τῇ
3517 3646 3731 3717 Λεοντῷ

2142 3737 2211 3805 τῇ
2249 3736 2370 3788 κατ’
2403 3733 2678 3800 Αἴγυπτον
2713 3735 2981 3808 ὑπῆρχεν,
3011 3739 3069 3790 έν
3097 3739 3429 3809 προπαιδεία
3455 3739 3516 3790 οὐ
3556 3739 3731 3810 μικρᾷ

2142 3825 2410 3896 ὑπάρξας,
2426 3825 2756 3895 Ἑλληνικῶν
2783 3844 2842 3879 τε
2867 3828 3082 3880 πάντων
3104 3829 3276 3887 λόγων
3304 3828 3730 3901 ἐπιτηδεύμασιν

2141 3918 2438 3989 ἀσκηθεὶς,
2493 3919 2936 3991 ἰατροσοφιστικῇ
2975 3936 3035 3972 τε
3080 3921 3174 3973 καὶ
3225 3923 3338 3985 τοῖς
3372 3920 3580 3986 ἄλλοις,
3616 3924 3730 3984 τοῖς

2141 4007 2250 4061 τῶν
2289 4009 2604 4077 Αἰγυπτίων
2648 4008 2743 4062 καὶ
2788 4009 3061 4080 Ἑλλήνων
3117 4010 3435 4082 μαθήμασιν
3481 4011 3727 4083 ἀκριϐῶς

2141 4100 2389 4164 ἐπιστάς.
2439 4101 2594 4171 Τάχα
2636 4101 2693 4154 δὲ
2739 4102 2831 4154 καὶ
2876 4103 3240 4175 ἀστρονομίας
3286 4105 3381 4158 καὶ¹
3421 4106 3655 4176 μαγείας
3698 4109 3726 4160 ὁ

2141 4192 2280 4265 ἀνὴρ
2314 4193 2623 4264 παρήψατο.
2684 4194 3106 4264 Ἐμπειρότατος
3135 4196 3244 4267 γὰρ
3272 4197 3485 4268 ὑπῆρχε
3514 4197 3724 4251 πολλῶν

2140 4281 2335 4350 λόγων,
2367 4283 2463 4336 καὶ
2504 4284 2562 4335 ὲν
2604 4282 2881 4354 ἐξηγήσει,
2930 4283 3006 4347 ὡς
3048 4284 3439 4354 ὑποφαίνουσιν
3471 4289 3518 4339 οἱ
3555 4286 3722 4340 αὐτοῦ

2139 4371 2320 4441 λόγοι·
2374 4374 2513 4427 πάνυ
2566 4374 2624 4428 δὲ
2671 4375 2770 4445 τὴν
2823 4374 2932 4428 τῶν
2983 4375 3302 4445 Αἰγυπτίων
3359 4380 3723 4450 ἐπιστάμενος

2141 4466 2415 4534 γλῶσσαν.
2451 4466 2746 4535 Αἰγύπτιος
2795 4467 2905 4538 γὰρ
2939 4470 2967 4521 ὁ
3012 4469 3150 4540 ἀνὴρ
3198 4465 3286 4541 ἦν,
3323 4471 3462 4524 ἀλλὰ
3510 4474 3606 4526 καὶ
3653 4477 3720 4546 τῇ

451 4561 656 4618 Graecae
671 4561 871 4631 lingua:
887 4558 1117 4614 scientia
1133 4554 1486 4611 mediocriter
1507 4565 1592 4611 est
1617 4556 1940 4627 perpolitus,
1954 4559 2037 4612 vir

2147 4559 2250 4613 τῶν
2289 4560 2556 4631 Ἑλλήνων
2583 4561 2995 4632 τετρανωμένος
3025 4563 3086 4614 οὐ
3134 4563 3374 4635 μικρῶς,
3418 4565 3545 4630 ὀξὺς
3583 4543 3723 4621 κατά

453 4653 780 4710 acutissimo
810 4653 868 4705 in
915 4648 1174 4706 omnibus
1203 4647 1442 4719 ingenio.
1478 4648 1656 4718 Atque
1690 4647 1779 4702 hic
1814 4649 2035 4719 quidem

451 4745 800 4799 Christianus
835 4742 957 4807 fuit,
989 4741 1085 4796 sed
1120 4756 1230 4794 non
1278 4739 1335 4793 in
1377 4753 1442 4794 eo
1483 4740 1606 4793 vitae
1635 4755 1854 4808 genere,
1887 4742 2036 4812 quod

451 4843 599 4893 esset
636 4836 859 4892 Christo
889 4833 1137 4904 dignum,
1171 4831 1560 4902 perseveravit.
1595 4829 1874 4902 Siquidem
1909 4849 2036 4902 pro-

453 4930 669 5000 lapsus,
707 4935 768 4983 et
802 4927 1073 4997 impactus
1102 4940 1138 4979 a
1170 4924 1404 4980 veritate
1441 4923 1666 4978 excidit.
1707 4923 1845 4978 Cum
1891 4927 2034 4980 enim

451 5020 668 5078 Veteris
697 5018 946 5089 Novique
974 5015 1315 5072 Testamenti
1348 5016 1755 5071 scientissimus
1787 5025 1955 5082 esset,
1975 5027 2034 5074 ut

449 5127 513 5166 ea
544 5111 612 5167 de
651 5119 873 5181 pectore
918 5123 1020 5164 suo
1058 5107 1205 5161 velut
1237 5117 1604 5176 expromeret,
1647 5121 1710 5161 ac
1752 5121 2033 5164 commen-

449 5203 592 5258 taria
631 5201 969 5270 scripsisset,
997 5198 1168 5252 multa
1202 5197 1271 5252 de
1310 5213 1411 5254 suo
1435 5197 1690 5269 dogmata
1735 5201 2033 5258 vanissime

2143 4653 2321 4708 πάντα
2348 4653 2568 4725 τρόπον.
2607 4654 2850 4726 Ὑπῆρχε
2895 4656 3054 4727 δῆθεν
3102 4657 3446 4727 Χριστιανὸς,
3473 4661 3590 4713 ἀλλ’
3620 4663 3722 4715 οὐκ

2138 4745 2380 4816 ἐνέμεινε
2418 4749 2485 4818 τῇ
2529 4746 2620 4799 τοῦ
2669 4747 2908 4819 Χριστοῦ
2957 4747 3221 4820 πολιτείᾳ.
3268 4750 3556 4822 Παρέπεσε
3589 4755 3719 4826 γὰρ,

2137 4837 2234 4890 καὶ
2278 4836 2568 4909 ὀλισθήσεις
2601 4838 2908 4906 ἐξώκειλεν.
2945 4835 3114 4904 Οὗτος
3148 4842 3246 4911 μὲν
3276 4844 3388 4914 γὰρ
3411 4884 3426 4908 ,
3477 4846 3722 4902 Παλαιὰν

2139 4928 2236 4981 καί⁹
2278 4929 2490 4999 Καινὴν
2531 4930 2806 5003 Διαθήκην
2855 4931 3043 5001 σαφῶς
3087 4934 3261 4988 εἰπεῖν
3313 4936 3716 5008 ἀποστηθίζων.

2140 5020 2235 5073 καὶ
2272 5021 2351 5083 εἰς
2381 5019 2522 5074 αὑτά
2551 5022 2961 5094 ἐξηγησάμενος
2981 5064 2995 5087 ,
3025 5024 3348 5095 ἐδογμάτισε
3384 5032 3515 5100 παρ’
3543 5031 3719 5101 ἑαυτῷ

2139 5110 2249 5164 ἀπὸ
2283 5113 2615 5180 κενοφωνίας
2639 5113 2836 5168 ἑαυτοῦ
2859 5116 2998 5185 ὅπερ
3031 5115 3182 5186 αὐτῷ
3218 5117 3387 5185 εδοξε,
3428 5123 3522 5176 καὶ
3555 5122 3583 5174 ὃ
3617 5123 3718 5176 ὑπ-

2137 5201 2388 5273 εισῆλθεν
2416 5204 2583 5275 αὐτῷ.

399 5360 401 5364 ι
450 5294 711 5364 aspersit,
770 5308 836 5346 ac
871 5288 1136 5362 quidquid
1170 5289 1346 5344 visum
1393 5297 1479 5345 est
1510 5305 1610 5360 pro
1663 5291 1888 5348 libidine
1930 5309 2029 5349 sua
2065 5295 2373 5366 proposuit.

523 5415 543 5444 ⁸
567 5411 718 5466 Psal.
755 5426 949 5474 uxm,
980 5409 1071 5464 M.

521 5526 634 5596 (49)
668 5523 827 5578 Κατὰ
866 5519 1221 5596 ἰερακιτῶν.
1247 5521 1514 5596 ΔΑιιοιιξιῇἱιῑ
1537 5521 1898 5596 hujus_sectae
1928 5540 2032 5580 no-

449 5591 578 5665 men
617 5591 1154 5665 'varie__concipitur
1189 5591 1355 5665 etiam
1417 5593 1509 5647 hic
1578 5595 1647 5647 ab
1701 5593 2030 5665 Epiphanio.

446 5664 586 5720 Nam
645 5671 739 5717 aut
794 5661 1020 5727 Hierax,
1094 5669 1190 5716 aut
1264 5661 1525 5716 Hieracas
1585 5661 1835 5718 vocatur.
1911 5665 2029 5731 Qua

449 5734 772 5860 Fosteriori.
814 5733 1178 5815 appellatione
1210 5741 1504 5814 _censetur
1557 5735 1701 5803 apud
1755 5734 2028 5817 Hilarium

471 5805 546 5862 Ib.
577 5804 654 5859 De
679 5803 898 5872 Tuum,
926 5810 981 5860 et
1012 5804 1150 5875 Aug.
1187 5803 1283 5860 lib.
1315 5802 1394 5859 De
1428 5803 1616 5860 hazres.
1649 5805 1792 5862 Sane
1819 5821 1868 5863 st
1901 5805 2028 5863 Hie-

471 5820 546 5862 ΙΙ).
577 5820 654 5859 ue
680 5820 898 5872 "tum,
926 5820 981 5860 ει
1012 5820 1150 5872 aug.
1187 5820 1283 5860 ιω.
1315 5820 1394 5859 ue
1428 5820 1616 5860 ηωτθε.
1649 5820 1792 5862 bane
1819 5821 1868 5863 81
1901 5820 2030 5863 me-

2131 5541 2291 5581 racas
2336 5528 2693 5597 appellandus
2734 5529 2828 5593 sit,
2862 5529 3050 5586 Grasce
3092 5530 3328 5588 fortasse
3363 5535 3714 5590 scribendum

2129 5597 2235 5652 erit
2263 5597 2652 5678 'lspaxdiSed
2671 5600 2806 5653 nihil
2833 5601 2886 5654 in
2912 5603 3148 5678 editione
3176 5613 3364 5678 nostra
3392 5608 3713 5678 mutandum

2129 5667 2466 5722 censuimus.
2499 5667 2685 5738 Neque
2715 5686 2842 5725 vero
2868 5675 3004 5726 satis
3041 5683 3186 5727 recte
3216 5676 3280 5726 ad
3323 5692 3447 5729 eum
3493 5677 3713 5731 modum

2130 5737 2330 5815 inﬂecti
2361 5737 2735 5815 putent_posse
2761 5742 2790 5794 ὁ
2823 5742 3069 5815 Ἰέρακας
3082 5743 3176 5795 τοῦ
3211 5744 3448 5815 Ἰέρακει.
3483 5745 3590 5802 Sed
3627 5746 3717 5804 vel

2143 5808 2388 5880 Ἰεράκας
2421 5808 2514 5864 τοῦ
2532 5809 2768 5882 Ἱεράκα,
2798 5813 2879 5868 vel
2899 5808 3166 5883 Ἶερακᾶς
3197 5808 3294 5868 τοῦ
3317 5816 3554 5887 Ἱερακᾶ.
