4138 6396
352 413 462 471 175

974 407 1341 465 ADVERSUS
1380 405 1718 463 HERESES
1767 396 1893 462 LIB.
1935 391 1997 461 ll.
2040 399 2204 462 TOM.
2245 403 2314 460 ll.
2349 435 2420 446 —
2452 403 2727 462 Βῶκες.
2771 403 2976 460 LXVII.

3514 393 3619 463 l7}

430 527 689 582 Βούὶεται
723 524 834 597 γὰρ
864 524 960 578 καὶ
987 518 1143 587 οὗτος
1169 523 1270 594 τὴν
1303 523 1484 593 σάρκα
1518 522 1594 593 μὴ
1618 518 1942 574 ἀνίστασθαι

2117 518 2288 590 Negat
2313 518 2359 575 is
2389 520 2615 574 omnino
2643 535 2928 592 resurgere
2957 533 3200 584 carnem,
3233 518 3397 591 idque
3427 520 3622 576 anima

353 625 422 678 τὸ
465 623 758 694 παράπαν,
790 617 930 672 ἀλλά
959 617 1058 686 τὴν
1099 615 1278 686 ψυχὴν
1322 612 1660 686 μονωτάτην.
1692 613 1944 682 Πνευμα-

352 716 517 786 τικὴν
560 715 617 767 δὲ
647 713 746 785 τὴν
769 711 1068 764 ἀνάστασιν
1093 709 1311 778 φάσκει.
1362 709 1472 760 Kal.
1513 707 1613 760 ὅσα
1656 707 1804 760 ἐστὶν
1835 706 1944 760 ἀπὸ

353 810 469 863 τῶν
516 807 678 860 θείων
722 802 988 876 Γραφῶν,
1021 803 1100 864 είς
1129 797 1324 854 ἑαυτοῦ
1355 798 1481 852 νοῦν
1517 796 1941 868 ἀναλεξάμενος,

356 901 535 961 οὕτως
561 895 741 966 ἑαυτῷ
770 893 1150 965 ὲπεσὼρευσεν
1180 891 1399 946 ἀτόπων
1439 890 1764 960 πλάσματα,
1807 889 1947 944 ἄττα

359 992 545 1062 φαῦλα
575 988 755 1058 ἑαυτῷ
783 986 1240 1059 μηχανησάμενος
1269 984 1408 1055 πρὸς
1442 982 1702 1039 σύστασιν
1731 983 1831 1054 τῆς
1857 981 1947 1034 αὐ-

355 1083 457 1136 τοῦ
490 1082 774 1152 αἱρέσεως.
811 1074 922 1131 Ἦν
965 1077 1022 1130 δὲ
1069 1078 1097 1129 ὁ
1145 1074 1286 1147 ἀνὴρ
1325 1073 1632 1145 ἔκπληκτος
1673 1077 1740 1145 τῇ
1780 1072 1945 1127 αὑτοῦ

357 1173 618 1242 ἀσκήσει,
637 1172 734 1224 καὶ
757 1169 1054 1240 δυνάμενος
1075 1167 1261 1220 πεῖσαι
1290 1165 1490 1236 ψυχάς.
1521 1166 1731 1218 Αὐτίκα
1761 1165 1949 1218 πολλοὶ

357 1266 471 1318 τῶν
500 1263 756 1335 ἀσκητῶν
801 1262 910 1318 τῶν
951 1259 1264 1327 Αἰγυπτίων
1299 1259 1449 1328 αὐτῷ
1499 1257 1942 1329 συναπήχθησαν.

359 1353 533 1427 Οἶμαι
577 1355 720 1428 γὰρ,
765 1355 847 1406 ὅτι
882 1352 1012 1423 περὶ
1054 1351 1405 1414 ἀναστάσεως
1433 1349 1644 1421 νεκρῶν
1677 1349 1752 1412 ὼς
1782 1349 1952 1420 ἠρνή-

361 1465 500 1501 σατο
525 1449 622 1517 τὴν
646 1447 744 1516 τῆς
771 1444 976 1516 σαρκὸς
1001 1443 1320 1504 ἀνάστασιν,
1364 1443 1475 1495 ἀπὸ
1515 1442 1820 1514 Ὠριγένους
1851 1441 1950 1504 τὰς

347 1541 671 1616 προφάσεις
699 1537 955 1608 είληφὼς,
985 1535 1018 1605 ἢ
1048 1536 1143 1605 ἀφ’
1175 1534 1371 1588 ἑαυτοῦ
1399 1535 1498 1606 τῆς
1525 1535 1765 1598 διανοίας
1790 1533 1953 1588 τοῦτο

361 1631 656 1699 ἐξεμέσας.
700 1630 774 1682 0'3
813 1627 1182 1698 παραδέχεται
1233 1619 1387 1690 οὗτος
1429 1625 1629 1697 γάμον,
1680 1627 1949 1694 φάακεινί

362 1718 506 1773 εἶναι
549 1719 709 1772 τοῦτο
752 1717 997 1780 Παλαιᾶς
1033 1716 1329 1788 Διαθήκης.
1359 1717 1499 1780 Τοὺς
1541 1717 1640 1788 μὲν
1677 1717 1787 1788 γάρ
1825 1717 1954 1788 περῖ⁵

363 1811 458 1864 τὸν
502 1809 755 1881 Ἀϐραὰμ
798 1810 893 1863 καὶ
929 1809 1114 1862 Ἰσαάκ
1154 1808 1248 1862 καὶ
1311 1806 1508 1862 Ἰακὼϐ
1566 1808 1661 1862 καὶ⁵
1715 1809 1953 1863 Μωῦσέα

365 1901 467 1955 καὶ
500 1870 728 1972 Ἀαρὼν,
759 1903 855 1955 καὶ
884 1900 1093 1964 πάντας
1152 1902 1279 1965 τοὺς
1317 1902 1507 1969 ἁγίους
1537 1939 1553 1964 ,
1595 1900 1824 1954 Ἡσαΐαν
1861 1901 1956 1954 καὶ
1984 1870 2027 1925 Β

378 1996 518 2068 ἰερε
528 1995 660 2065 μίαν
683 1994 885 2065 ὁμοίως
909 1994 1146 2064 δέχεται,
1165 1995 1261 2048 καὶ
1284 1995 1570 2064 προφήτας
1595 1995 1834 2066 ἡγεῖται,
1860 1994 1956 2048 καὶ

368 2085 828 2158 συγκεχωρῆσθαι
891 2102 1058 2156 φησιν
1104 2085 1164 2138 ἐν
1222 2088 1288 2156 τῇ
1331 2085 1545 2155 Παλαιᾷ
1590 2087 1835 2158 Διαθήκῃ
1879 2087 1956 2157 τῷ

367 2179 539 2250 γάμῳ
572 2177 938 2232 συνάπτεσθαι
960 2194 974 2208 ο
1020 2177 1129 2230 ἀπὺ
1156 2176 1214 2230 δὲ
1259 2178 1359 2246 τῆς
1405 2178 1666 2250 ὲνδημίας
1697 2180 1788 2233 τοῦ
1825 2182 1958 2251 Χρι-

263 2327 276 2336 ,
370 2270 506 2324 στοῦ
539 2270 736 2341 μηκέτι
766 2269 859 2322 τὸν
886 2270 1064 2340 γάμον
1091 2268 1516 2340 παραδέχεσθαι,
1541 2272 1677 2342 μήτε
1699 2271 1957 2327 δύνασθαι

368 2363 537 2416 αὑτὸν
566 2362 922 2431 κληρονομεῖν
955 2359 1235 2430 βασιλείαν
1263 2361 1526 2432 οὐρανῶν.
1579 2363 1643 2415 Τί
1677 2363 1820 2434 γὰρ,
1855 2382 1960 2436 φη-

369 2458 485 2518 σὶν,
515 2450 648 2525 ἦλθε
680 2453 855 2506 ποιεῖν
882 2452 1069 2507 καινὸν
1104 2455 1134 2506 ό
1165 2452 1374 2522 Λόγοςς
1419 2453 1453 2524 ἢ
1506 2454 1560 2507 τί
1602 2455 1788 2508 καινὸν
1826 2452 1958 2526 ἦλθε

374 2547 618 2619 κηρύξαι
649 2550 678 2600 ὁ
703 2544 1015 2616 Μονογενὴς
1058 2544 1152 2599 καὶ
1195 2543 1572 2616 κατορθῶσαι;
1633 2546 1693 2598 Et
1727 2546 1824 2617 μὲν
1851 2547 1960 2618 γάρ

368 2639 507 2710 περὶ
532 2638 703 2707 φόϐου
730 2636 1066 2701 Θεοῦ,τοῦτο
1098 2632 1243 2706 εἶχεν
1272 2637 1302 2688 ὁ
1332 2635 1525 2706 νόμος·
1555 2637 1603 2689 εἰ
1633 2637 1690 2689 δὲ
1715 2637 1842 2707 περὶ
1865 2637 1959 2691 τοῦ

367 2730 557 2798 γάμου
577 2769 592 2792 ,
629 2727 1002 2798 κεκηρύχασιν
1045 2727 1101 2778 al
1130 2724 1344 2797 Γραφαί
1365 2743 1378 2756 ·
1415 2727 1466 2778 εί
1497 2725 1554 2778 δὲ
1583 2727 1712 2796 περὶ
1738 2727 1958 2794 φθόνου,

368 2820 693 2886 πλεονεξίας
737 2820 834 2874 καὶ
861 2817 1108 2881 ἀδικίας,
1169 2817 1342 2872 ταῦτα
1397 2817 1577 2871 πάντα
1611 2823 1887 2889 περιεῖχεν
1926 2820 1960 2890 ή

367 2912 592 2968 Παλαιὰ
624 2911 888 2982 Διαθήκη.
939 2911 1036 2962 Ἐν
1086 2909 1144 2962 δὲ
1193 2908 1355 2980 μόνον
1416 2909 1572 2962 τοῦτο
1618 2911 1961 2981 κατορθῶσαι

368 2997 532 3074 ἦλθε,
564 3003 624 3057 τὸ
649 3004 747 3073 τὴν
787 3003 1115 3074 ἐγκράτειαν
1148 3001 1384 3073 κηρύξαι
1412 3002 1471 3055 ὲν
1495 3000 1575 3073 τῷ
1608 3001 1797 3073 κόσμῳ
1819 3043 1832 3064 ,
1866 3001 1964 3056 καὶ

368 3096 561 3166 ἑαυτῷ
592 3093 954 3159 ἀναλέξασθαι
978 3092 1201 3162 ἁγνείαν
1230 3093 1325 3147 καὶ
1353 3093 1682 3165 ἐγκράτειαν
1701 3111 1714 3122 ’
1747 3093 1874 3148 ἄνευ
1905 3095 1962 3148 δὲ

369 3190 572 3245 τούτου
599 3187 673 3258 μὴ
699 3185 957 3240 δύνασθαι
993 3183 1112 3255 ζῇν.

450 3450 526 3503 B'.
575 3449 686 3512 Τὰς
713 3449 770 3502 δὲ
798 3449 1104 3518 προφάσεις
1149 3445 1356 3510 ταύτας
1405 3445 1742 3515 πανταχόθεν
1771 3445 1966 3500 ἀναλέά

371 3559 538 3610 γεται
561 3581 578 3604 ,
602 3542 730 3594 ὅταν
761 3541 892 3612 εἴπῃ
911 3580 926 3604 ,
955 3541 1036 3594 ὅτι
1062 3541 1156 3594 καὶ
1189 3541 1302 3595 Τὸν
1335 3538 1636 3610 ἁγιασμόν
1659 3538 1848 3607 ήμῶν,
1890 3533 1963 3594 οὗ

373 3633 563 3700 χωρίς
601 3633 710 3685 τὸν
757 3630 908 3686 Θεὸν
952 3630 1152 3698 οὐδεὶς
1190 3629 1420 3699 ὄψεται.
1465 3629 1590 3682 Ἐὰν
1640 3629 1697 3682 δὲ
1737 3628 1966 3682 εἴπωσιν

372 3727 557 3799 αὐτῷ.
585 3727 710 3791 Πῶς
736 3729 766 3780 ὁ
803 3727 1125 3792 Ἀπόστολος
1157 3725 1288 3798 ἔφη,
1327 3727 1523 3794 Τίμιος
1560 3729 1592 3780 ό
1622 3726 1828 3795 γάμος,
1865 3725 1964 3779 καὶ

374 3823 417 3888 ἠ
453 3823 624 3886 κοίτη
657 3820 977 3889 ἀμίαντος’
1023 3822 1288 3887 πόρνους
1324 3817 1392 3870 δὲ
1424 3819 1521 3874 καὶ
1549 3818 1804 3887 μοιχοὺς
1835 3835 1962 3886 κρι-

376 3912 478 3965 νεῖ
505 3915 539 3966 d
569 3912 744 3977 Θεόςε
776 3912 869 3963 καὶ
893 3909 1054 3973 εὐθὺς
1077 3911 1327 3980 ἐπιφέρει
1355 3905 1513 3972 αὖθις
1534 3908 1706 3977 λέγων
1730 3925 1743 3938 '
1775 3909 1966 3978 ’Υπερ-

374 4004 487 4057 ϐάς
523 4005 582 4056 δὲ
609 4004 793 4071 ὀλίγον
819 4001 990 4070 λέγει,
1021 4002 1103 4054 ὅτι
1137 4002 1201 4057 Ἡ
1223 4001 1452 4070 ἄγαμος
1477 3999 1731 4070 μεριμνᾷ
1759 4000 1831 4054 τὰ
1858 4001 1965 4054 τοῦ

374 4096 610 4162 κυρίου
630 4136 645 4160 ,
681 4093 806 4159 πῶς
831 4091 1036 4160 ἁρέσει
1077 4091 1160 4158 τῷ
1186 4093 1404 4158 Κυρίῳ,
1435 4091 1534 4145 καὶ
1570 4092 1608 4158 ἡ
1649 4092 1963 4159 παρθένος.

386 4190 456 4242 Ἡ
482 4187 554 4240 δὲ
595 4185 916 4257 γαμήσασα
944 4182 1202 4254 μεριμνᾷ
1234 4182 1360 4250 πῶς
1389 4182 1592 4252 ἀρέσει
1634 4183 1714 4249 τῷ
1754 4183 1925 4252 ἀνδρὶ
1949 4224 1966 4249 ,

373 4283 479 4336 καὶ
508 4279 880 4350 μεμέρισται.
925 4279 990 4330 Ei
1019 4277 1199 4329 τοίνυν
1232 4277 1349 4328 ἐστὶ
1381 4276 1649 4348 μερισμὸς
1669 4316 1683 4339 ,
1721 4277 1837 4340 πῶς
1859 4277 1964 4340 αδῡ-

375 4390 544 4424 ναται
571 4372 708 4423 ὅπου
741 4368 1008 4439 μερισμὸς
1030 4409 1044 4428 ,
1080 4367 1172 4420 ἐπὶ
1203 4366 1264 4420 τὸ
1299 4368 1432 4420 αὐτὸ
1461 4369 1824 4438 κοινωνῆσαι;
1859 4370 1969 4424 Καὶ

2051 612 2152 667 soli
2187 597 2400 674 tribuit,
2429 611 2764 682 proindeque
2789 611 3091 682 spiritalem
3114 627 3237 668 esse
3263 613 3625 667 resurrectio-

2045 719 2167 759 nem
2189 705 2406 760 asserit.
2443 704 2737 759 Sacrarum
2774 705 2938 776 710
2965 687 3096 760 vero
3114 704 3444 760 Litterarum
3468 705 3627 760 testi-

2054 795 2237 851 monia
2265 797 2548 868 colligens,
2577 804 2633 851 et
2656 796 2722 851 ad
2769 798 3078 852 institutum
3106 811 3265 851 suum
3292 810 3357 850 ac
3385 803 3626 850 mentem
3681 856 3689 870 ι

2047 888 2503 952 accommodans,
2567 889 2966 944 absurdissima
3017 889 3264 959 quaedam
3309 887 3624 958 dogmatum
3659 879 3689 928 i'

2046 985 2353 1035 commenta
2385 981 2704 1045 cumulavit,
2738 985 2795 1037 et
2838 983 2906 1037 ad
2953 981 3204 1036 haeresim
3256 995 3411 1036 suam
3457 977 3629 1035 stabi-

2047 1073 2284 1128 liendam
2314 1089 2481 1142 prava
2515 1076 2763 1145 quaedam
2800 1075 3152 1146 excogitavit.
3199 1073 3470 1130 Caterum
3503 1073 3628 1127 vitae

2048 1166 2137 1220 ille
2165 1167 2420 1221 instituto
2471 1183 2536 1224 ac
2584 1179 2782 1237 genere
2823 1169 2983 1237 plane
3047 1166 3390 1221 admirabilis
3418 1165 3540 1228 fuit,
3574 1171 3630 1218 et

2050 1257 2116 1310 ad
2151 1257 2469 1313 alliciendas
2499 1258 2715 1313 animus
2761 1258 2815 1312 in
2839 1258 3030 1328 primis
3059 1256 3268 1312 efﬁcax.
3306 1256 3487 1323 Quare
3511 1255 3629 1326 ple-

2053 1348 2209 1419 rique
2239 1366 2303 1405 ex
2357 1349 2628 1422 Egyptiis
2660 1350 2949 1405 monachis
2990 1351 3046 1404 in
3085 1339 3232 1404 illius
3277 1364 3494 1405 errores
3528 1348 3628 1403 ad-

2051 1442 2202 1496 ducti
2237 1449 2386 1498 sunt.
2431 1442 2566 1496 Nam
2598 1443 2744 1510 quod
2785 1444 2851 1498 ad
2886 1449 3228 1497 mortuorum
3267 1442 3632 1498 resurrectio-

2052 1549 2174 1588 nem
2209 1539 2423 1598 attinet,
2456 1535 2602 1605 quod
2633 1536 2817 1592 carnis
2843 1536 3300 1591 resurrectionem
3329 1533 3626 1595 inﬁciatur,

2053 1624 2108 1680 id
2159 1626 2226 1680 ab
2261 1625 2496 1697 Origene
2544 1633 2828 1682 mntuatus
2865 1627 3097 1691 videtur,
3147 1625 3255 1682 nisi
3296 1623 3352 1678 id
3396 1637 3464 1679 ex
3510 1633 3632 1679 sese

2053 1717 2364 1772 evomuisse
2413 1717 2682 1774 dicendus
2729 1726 2834 1775 est.
2893 1717 3038 1775 Idem
3086 1720 3307 1790 nuptias
3356 1715 3630 1786 repudiat,

2055 1825 2192 1879 quas
2246 1809 2459 1868 Veteris
2517 1811 2852 1868 Testamenti
2918 1812 3170 1882 proprias
3231 1810 3401 1865 fuisse
3451 1809 3631 1864 docet.

2057 1894 2270 1973 Quippe
2327 1903 2720 1966 Abrahamum,
2767 1899 3014 1958 lsaacum
3059 1909 3114 1957 et
3155 1899 3442 1964 Iacobum,
3485 1897 3636 1970 Moy-

2058 2011 2194 2061 sem,
2228 1995 2497 2051 Aaronem
2522 2010 2586 2050 ac
2613 2001 2836 2050 sanctos
2882 2008 3095 2056 omnes,
3151 1993 3302 2046 velut
3335 1990 3528 2046 Isaiam
3581 1997 3635 2043 et

2056 2086 2347 2142 Jeremiam
2377 2090 2584 2159 pariter
2609 2085 2963 2144 asciscendos
2995 2085 3291 2148 existimat,
3313 2091 3368 2139 et
3398 2081 3636 2155 prophe-

2055 2190 2142 2237 tas
2190 2181 2524 2249 arbitratur;
2565 2181 2896 2253 nuptiasque
2948 2181 3004 2234 in
3042 2177 3225 2234 Veteri
3284 2177 3635 2232 Testamento

2057 2273 2238 2328 licitas
2274 2273 2480 2340 fuisse;
2522 2273 2619 2328 sed
2667 2280 2793 2343 post
2822 2270 3114 2326 adventum
3165 2267 3371 2324 Christi
3413 2269 3634 2323 easdem

2056 2363 2424 2432 rejiciendas,
2483 2371 2673 2435 utpote
2731 2363 3060 2434 quibuscum
3129 2362 3354 2417 caeleste
3405 2373 3634 2430 regnem

2057 2457 2291 2512 obtineri
2322 2463 2576 2527 nequeat.
2611 2455 2752 2522 Quid
2787 2455 2954 2518 enim,
2992 2455 3186 2522 inquit,
3227 2451 3466 2508 Verbum
3507 2449 3637 2506 novi

2058 2557 2117 2602 ut
2147 2547 2350 2601 faceret
2382 2545 2640 2602 advenit?
2679 2545 2833 2616 quid,
2877 2545 3122 2614 inquam,
3158 2543 3284 2596 novi
3317 2539 3636 2611 praedicare.

2058 2647 2154 2694 aut
2182 2637 2328 2708 quod
2361 2637 2640 2708 egregium
2684 2636 2899 2691 facinus
2949 2633 3132 2689 moliri
3173 2632 3384 2688 voluit?
3433 2629 3492 2686 Si
3540 2629 3631 2684 Dei

2057 2731 2312 2784 timorem
2361 2729 2592 2794 dixeris,
2636 2729 2740 2783 hoc
2777 2728 2889 2797 jam
2926 2728 3012 2782 lex
3048 2727 3165 2796 ipsa
3195 2724 3544 2790 continebat;
3591 2722 3640 2777 si

2059 2823 2300 2888 nuptias,
2333 2818 2498 2874 etiam
2546 2818 2605 2872 in
2644 2817 2820 2874 sacris
2867 2815 3091 2870 Litteris
3144 2814 3546 2885 praedicantur,
3590 2811 3640 2865 si

2060 2910 2354 2974 invidiam,
2410 2909 2721 2973 avaritiam,
2775 2907 3096 2977 injustitiam
3127 2907 3418 2961 damnasse
3465 2905 3638 2972 dicas,

2062 3003 2177 3057 haec
2215 3003 2398 3057 omnia
2428 2999 2628 3057 Vetere
2669 2999 3019 3056 Testamento
3046 2999 3442 3068 comprehensa
3487 3006 3634 3054 sunt.

2063 3093 2324 3163 Superest
2376 3108 2508 3156 ergo
2557 3093 2612 3147 id
2675 3100 2735 3146 ut
2791 3107 2956 3146 unum
3017 3090 3227 3146 ellicere
3279 3090 3528 3150 voluerit,
3579 3097 3640 3142 ut

1989 3212 2033 3270 ο
2065 3183 2458 3239 continentiam
2518 3183 2842 3254 praedicaret
2893 3183 2949 3236 in
3002 3181 3222 3246 mundo,
3272 3196 3338 3236 ac
3379 3181 3482 3236 sibi
3534 3181 3640 3251 ipsi

2066 3274 2448 3329 castimoniam
2479 3274 2759 3345 deligeret,
2798 3273 2918 3330 sine
2956 3288 3065 3343 qua
3111 3272 3347 3327 obtineri
3373 3275 3484 3326 vita
3527 3288 3640 3327 non

2065 3366 2260 3436 possit.

2135 3457 2201 3512 ll.
2239 3458 2320 3513 Ad
2369 3457 2423 3512 id
2463 3467 2594 3514 vero
2623 3457 2819 3528 dogma
2859 3455 3328 3526 camprobandum
3358 3455 3642 3511 undecuna

2065 3566 2173 3621 que
2202 3559 2522 3620 argumenta
2558 3557 2834 3622 corrogat,
2864 3549 3015 3604 velut
3058 3549 3208 3604 illum
3239 3550 3416 3604 locum
3448 3548 3641 3604 :‘San-

2065 3643 2437 3712 ctiﬁcationem
2467 3651 2716 3706 vestram,
2745 3643 2857 3696 sine
2882 3657 2987 3709 qua
3012 3656 3162 3695 nemo
3188 3639 3378 3693 videbit
3398 3639 3566 3694 Deum
3595 3641 3638 3693 ’.

2067 3733 2220 3800 Quod
2253 3735 2298 3788 si
2327 3733 2570 3802 Apostoli
2602 3733 2810 3788 dictum
2843 3733 2974 3787 illud
3009 3732 3272 3801 ubjicias:
3301 3731 3642 3786 IIonoranda!

2066 3832 2188 3878 sunt
2226 3825 2446 3892 παρειαί,
2478 3835 2528 3875 et
2561 3832 2708 3876 torus
2741 3821 3151 3885 immaculatus;
3179 3820 3524 3883 fornicatores
3546 3837 3645 3874 au-

2068 3923 2168 3968 tem
2196 3924 2244 3969 et
2278 3915 2546 3969 adulteros
2567 3913 2833 3984 judicabit
2858 3913 3000 3968 Deus
3028 3915 3071 3977 ³,
3089 3914 3169 3968 sic
3191 3913 3280 3968 ille
3309 3914 3638 3983 respondet:

2066 4007 2232 4077 Atqui
2273 4009 2436 4078 paulo
2486 4015 2610 4077 post
2669 4007 2810 4061 idem
2856 4005 3150 4076 Apostolus
3195 4006 3328 4060 dicit
3364 4025 3377 4060 :
3412 4005 3644 4076 Innupta

2068 4095 2299 4152 sollicita
2335 4106 2411 4152 est
2455 4099 2518 4150 de
2547 4097 2627 4150 his
2674 4113 2790 4166 qua:
2815 4096 2914 4150 Dei
2943 4105 3084 4162 sunt,
3122 4097 3386 4167 quomodo
3436 4098 3644 4166 placeat

2068 4186 2316 4251 Domino,
2353 4197 2403 4241 et
2429 4188 2590 4258 virgo.
2621 4185 2806 4257 Nupta
2825 4203 2949 4241 vero
2989 4187 3220 4242 sollicita
3264 4198 3342 4242 est
3378 4191 3638 4258 quomodo

2067 4279 2273 4346 placeat
2303 4279 2434 4340 uiro,
2480 4288 2530 4333 et
2568 4279 2740 4332 divisa
2771 4289 2848 4334 est
2875 4281 2917 4333 ‘.
2953 4279 3108 4336 Unde
3151 4281 3196 4336 si
3235 4280 3434 4336 divisio
3476 4281 3641 4343 inest,

2069 4371 2344 4441 quomodo
2375 4371 2710 4426 intercedere
2748 4373 3060 4426 communio
3089 4374 3300 4442 potest?
3345 4371 3424 4426 Ac
3452 4373 3500 4426 si
3535 4371 3644 4427 Deo

374 4467 428 4517 εἰ
473 4461 598 4532 Θεῷ
627 4461 728 4513 οὐκ
772 4460 1034 4531 ἀρέσκει,
1070 4459 1208 4512 ἀλλὰ
1251 4458 1330 4529 τῷ
1359 4458 1547 4530 ἀνδρὶ,
1596 4460 1714 4524 πῶς
1746 4460 1959 4514 δύναται

2071 4481 2180 4519 non
2206 4465 2438 4535 placeat,
2480 4463 2574 4518 sed
2606 4465 2745 4530 viro,
2776 4471 3025 4534 potestne
3061 4463 3432 4520 haereditatem
3465 4480 3496 4518 a
3537 4463 3646 4520 Deo

377 4555 538 4624 παρὰ
560 4552 682 4624 Θεῷ
703 4551 1002 4622 κεκτῆσθαι
1031 4551 1130 4622 τὴν
1155 4551 1520 4622 κληρονομίαν
1541 4568 1554 4615 ;
1596 4551 1700 4605 Διὰ
1723 4551 1833 4623 γὰρ
1862 4554 1959 4620 τὰς

2071 4555 2373 4626 consequi?
2409 4555 2546 4609 Cum
2590 4562 2770 4609 autem
2809 4555 2891 4610 sic
2938 4555 3187 4610 hortatur
3223 4574 3236 4608 :
3278 4554 3500 4623 Propter
3529 4557 3644 4625 for--

373 4648 669 4716 πορνείας
711 4646 970 4712 ἕκαστος
1017 4645 1134 4713 τὴν
1184 4645 1402 4698 ἑαυτοῦ
1448 4645 1703 4714 ’γυναῖκα
1751 4645 1959 4715 ἐχέτω,

2072 4648 2361 4701 uicationes
2387 4655 2579 4708 autem,
2604 4647 2956 4716 unusquisque
2979 4661 3130 4699 suam
3151 4661 3366 4698 uxorem
3389 4645 3575 4699 habeat
3601 4648 3644 4710 ⁸,

371 4740 485 4792 οὐκ
516 4736 776 4799 ἐπαινῶν,
805 4735 961 4805 φησι,
989 4735 1165 4805 γάμον
1197 4734 1334 4805 μετὰ
1359 4733 1458 4804 τὴν
1482 4735 1807 4806 παρουσίαν,
1832 4736 1959 4790 ἀλλά

2073 4755 2181 4794 non
2232 4737 2532 4792 laudandas
2580 4737 2736 4806 711
2787 4744 2910 4806 post
2950 4737 3238 4791 adventum
3281 4735 3512 4796 Domini,
3549 4733 3644 4789 sed

376 4827 817 4899 συμῦαστάζων,
847 4826 935 4879 ἵνα
965 4826 1038 4896 μὴ
1067 4827 1147 4888 εἰς
1182 4824 1437 4895 περιττὸν
1465 4824 1685 4895 ὀλεθρον
1715 4827 1959 4896 ἐμπέσω-

2073 4831 2388 4886 tolerandas
2413 4832 2626 4901 nuptias
2655 4839 2827 4900 putat,
2859 4843 2927 4883 ne
2958 4829 3134 4898 majus
3163 4828 3218 4881 iu
3244 4828 3470 4881 exitium
3502 4842 3645 4896 pra:-

374 4929 489 4972 σιν.
515 4916 655 4970 Εἰσί
685 4914 796 4984 γὰρ
825 4914 1108 4983 εὐνοῦχοι
1141 4917 1195 4967 οἱ
1221 4914 1476 4980 ἑαυτοὺς
1499 4917 1959 4984 εὐνουχίσαντες

2076 4923 2271 4993 cipites
2323 4931 2502 4976 ruant.
2541 4921 2675 4976 Sunt
2722 4921 2862 4974 enim
2890 4921 3133 4982 eunuchi,
3181 4920 3269 4987 qui
3306 4919 3502 4985 seipsos
3553 4935 3648 4970 ca-

371 5008 480 5060 διίι
523 5006 642 5070 τὴν
685 5004 1017 5068 βασιλείαν
1067 5003 1183 5056 τῶν
1233 5003 1538 5071 οὐρανῶν
1596 5006 1723 5070 καὶ,
1774 5010 1965 5071 Θέλω,

373 5099 517 5167 φησὶ
535 5139 550 5157 ,
587 5095 816 5159 πάντας
841 5092 994 5148 εἶναι
1019 5095 1101 5158 ὡς
1128 5095 1389 5163 ἐμαυτόν
1409 5111 1422 5124 ⁸
1449 5096 1542 5148 καὶ
1563 5138 1577 5161 ,
1617 5098 1891 5166 Ὡμοιώθη
1927 5101 1966 5168 ἡ

366 5187 674 5254 ,ϐασιλεία
719 5186 838 5239 τῶν
883 5183 1156 5252 οίιοανῶν
1206 5185 1354 5238 δέκα
1397 5187 1739 5255 παρθένοις,
1791 5190 1970 5245 πέντε

369 5281 644 5354 μωροῖς.
677 5280 773 5332 καὶ
813 5277 994 5331 πέντε
1022 5278 1352 5346 φρονίμοις.
1383 5279 1636 5349 Φρόνιμοι
1673 5281 1964 5351 παρθένοι,

376 5375 570 5446 μωραὶ
614 5370 909 5440 παρθένοι,
943 5368 1081 5440 πλὴν
1114 5369 1411 5438 παρθένοι,
1445 5370 1692 5443 βασιλείᾳ
1723 5374 1966 5444 οὐρανῶν

373 5463 778 5527 ἀπεικάζονται
803 5479 816 5492 ·
863 5460 958 5514 καὶ
1002 5461 1102 5513 οὐκ
1141 5455 1313 5525 εἶπεν,
1361 5460 1614 5532 έγγαμοι.
1676 5464 1855 5518 Πολλὰ
1909 5468 1968 5520 δὲ

371 5555 614 5610 τοιαῦτα
662 5552 844 5622 ἑαυτῴ
891 5551 1251 5625 ὲπισωρεύει,
1301 5551 1389 5605 ἵνα
1436 5553 1596 5624 δῆθεν
1646 5557 1968 5630 παρεκϐάλῃ

374 5666 451 5716 γα
458 5665 585 5718 μον.

449 5790 469 5820 ¹
501 5788 639 5843 Cor.
670 5786 917 5854 φάσκων.
990 5785 1043 5854 77’
1075 5782 1240 5840 Hebr.
1264 5800 1363 5849 xu,
1393 5785 1480 5840 H.

372 5861 391 5891 τ
437 5857 456 5910 ι
497 5858 634 5914 Cor.
665 5853 765 5922 vn,
795 5857 850 5910 7.
926 5855 949 5889 ⁸
983 5853 1174 5910 Matth.
1198 5871 1326 5920 xxv,
1365 5855 1416 5920 1,
1448 5857 1504 5914 2.

1587 5788 1608 5820 ³
1643 5788 1811 5846 Hebr.
1844 5807 1964 5858 xm,
1998 5791 2052 5847 4.

2076 5020 2376 5064 straverunt
2406 5020 2616 5079 propter
2639 5025 2852 5077 regnum
2881 5005 3128 5061 caelorum
3155 5007 3196 5059 ⁸.
3229 5006 3427 5060 lterum
3460 5023 3473 5059 :
3517 5005 3647 5060 Volo

2077 5118 2253 5155 omnes
2295 5117 2404 5154 esse
2445 5103 2582 5154 sicut
2617 5100 2870 5168 meipsum
2913 5098 2956 5150 ⁷.
3009 5095 3145 5151 Tum
3178 5116 3190 5150 :
3225 5095 3409 5150 Simile
3446 5097 3647 5163 factum

2075 5202 2154 5246 est
2200 5209 2414 5262 regnum
2467 5191 2714 5245 caelorum
2768 5189 2991 5259 quinque
3042 5187 3362 5256 virginibus,
3424 5203 3648 5254 quarum

2074 5286 2297 5355 quinque
2344 5293 2495 5337 erant
2547 5284 2732 5351 fatum,
2783 5289 2833 5334 et
2882 5281 3104 5350 quinque
3141 5279 3417 5346 prudentes
3450 5279 3491 5330 ⁸.
3544 5275 3644 5331 Ubi

2076 5387 2184 5430 tam
2212 5376 2510 5446 prudentes
2541 5375 2801 5444 virgines,
2835 5388 2997 5444 quam
3038 5371 3219 5436 fatuae,
3246 5371 3338 5427 sed
3369 5371 3648 5425 nihilomi-

2072 5484 2179 5524 nus
2210 5468 2472 5539 virgines,
2501 5483 2627 5522 cum
2665 5467 2875 5522 ccelcsti
2908 5479 3074 5535 regno
3097 5471 3515 5533 comparantur;
3546 5477 3648 5517 nec

2075 5561 2142 5616 de
2175 5562 2382 5630 nuptiis
2436 5560 2764 5616 mentionem
2811 5559 2956 5614 fecit.
3009 5557 3174 5611 Multa
3218 5555 3274 5610 id
3318 5570 3490 5626 genus
3538 5555 3648 5610 alia

2077 5650 2337 5706 adversus
2369 5651 2587 5721 nuptias
2621 5639 2948 5705 accumulat.

2146 5792 2210 5846 ‘l
2265 5793 2390 5848 Cor.
2433 5808 2525 5857 vn,
2559 5789 2647 5846 54.
2747 5790 2768 5821 ⁸
2801 5786 2932 5844 ibid.
2958 5786 3013 5840 2.
3111 5785 3130 5815 ⁸
3161 5783 3349 5840 Matth.
3409 5797 3525 5842 nx,
3553 5780 3646 5838 ιε.
