4138 6396
499 395 605 452 175

1901 407 1959 464 S.
2000 407 2347 466 ΕΡΙΡΠΑΝΠ

3667 433 3770 492 176

567 523 755 595 Neque
780 537 912 579 vero
939 525 1199 596 puerulos
1229 533 1356 581 ante
1383 527 1717 598 cognitionis
1751 545 1908 585 usum
1943 547 2057 586 mor

2160 579 2165 592 ,
2265 534 2340 586 Οὐ
2379 533 2595 606 δέχεται
2624 536 2680 589 δὲ
2713 537 2839 600 τοὺς
2873 540 3071 603 παῖδας
3114 543 3240 606 τοὺς
3273 544 3635 613 τελευτῶντας
3674 552 3780 623 πρὸ

486 625 620 674 tuos
670 616 933 684 admittit,
981 619 1075 674 sed
1114 635 1146 673 a
1196 621 1478 691 proposita
1528 637 1624 693 spe
1669 622 1866 692 reiicit.
1913 622 2086 696 Negat

491 711 638 764 enim
685 711 823 768 istos
852 711 1076 767 caeleste
1132 727 1356 783 regnum
1397 727 1704 782 capessere,
1739 717 2084 788 quandoqui-

489 805 616 858 dem
653 810 932 860 certamen
971 804 1182 858 nullum
1234 805 1490 862 obierint.
1527 807 1663 862 Nam
1695 810 1787 878 qui
1819 811 1870 863 in
1904 820 2083 865 certa-

490 914 617 952 men
652 896 957 962 descendit,
991 914 1096 950 non
1127 908 1441 961 coronatur,
1491 900 1595 954 nisi
1639 901 1866 971 legitime
1911 915 2081 957 certa-

417 981 424 1004 ⁷
489 992 622 1044 verit
658 990 698 1044 ¹.
738 991 920 1056 Quare
953 1005 1078 1044 cum
1121 1007 1190 1046 ne
1241 991 1276 1045 ii
1307 992 1528 1062 quidem
1565 994 1658 1063 qui
1700 1003 1938 1059 certant,
1972 998 2080 1051 nisi

487 1083 542 1136 id
575 1083 817 1155 legitime
855 1083 1231 1153 praestiterint,
1266 1093 1622 1152 coronentur,
1661 1098 1868 1158 quanto
1896 1089 2078 1147 minus

486 1177 580 1248 qui
626 1193 695 1232 ne
738 1176 805 1230 ad
847 1185 1126 1232 certamen
1183 1178 1400 1248 quidem
1453 1179 1630 1233 adhuc
1681 1182 1861 1235 vocati
1910 1184 2080 1237 sunt?

485 1268 813 1324 Paradisum
867 1286 1037 1342 porro
1083 1272 1398 1326 sensibilem
1446 1287 1570 1328 esse
1597 1288 1708 1327 non
1747 1281 1921 1344 putat,
1967 1292 2076 1346 quo

484 1363 539 1416 in
568 1378 757 1418 errore
784 1370 1040 1419 versatus
1068 1371 1154 1418 est
1186 1370 1238 1418 et
1269 1363 1553 1435 Origenes.
1590 1363 1801 1437 Neque,
1829 1376 1889 1422 ut
1914 1379 2074 1424 antea

483 1454 620 1520 dixi,
658 1461 1000 1509 mortuorum
1036 1457 1498 1512 resurrectionem
1532 1458 1600 1513 ad
1633 1477 1859 1518 carnem
1905 1468 2078 1534 perti-

485 1561 639 1610 nere,
673 1547 770 1602 sed
817 1547 892 1600 ita
937 1561 1226 1618 resurgere
1275 1558 1522 1605 mortuos
1569 1549 1789 1620 fatetur,
1838 1555 1986 1612 solas
2015 1565 2074 1611 ut

484 1639 699 1693 animas
732 1637 786 1692 id
816 1638 1037 1708 assequi
1070 1639 1222 1704 velit,
1258 1655 1322 1694 ac
1349 1642 1648 1711 spiritalem
1687 1646 1875 1701 nescio
1905 1662 2070 1717 quam

483 1731 725 1786 fabulam
758 1737 1032 1786 contexat.
1075 1730 1348 1786 Caeterum
1389 1750 1552 1789 nemo
1597 1737 1651 1791 in
1689 1739 1907 1793 illorum
1940 1755 2069 1812 gre-

483 1839 604 1895 gem
643 1822 972 1888 admittitur,
1008 1823 1115 1879 nisi
1148 1824 1300 1895 virgo
1333 1826 1426 1889 sit,
1471 1839 1565 1881 aut
1610 1831 1937 1895 monachus,
1975 1839 2070 1886 aut

481 1917 796 1980 continens,
858 1927 954 1970 aut
996 1915 1181 1971 vidua.
1233 1915 1309 1970 De
1349 1916 1531 1984 Patre,
1577 1919 1714 1975 Filio
1764 1930 1819 1977 et
1861 1923 2067 1994 Spiritu

481 2019 674 2067 sancto
701 2025 809 2064 non
843 2008 1031 2064 eadem
1063 2023 1186 2062 cum
1238 2007 1472 2080 Origene
1501 2014 1702 2078 sentit;
1727 2015 1858 2083 quin
1888 2016 2068 2084 potius

479 2113 535 2158 et
568 2117 598 2157 a
632 2100 796 2157 Patre
842 2099 1040 2155 Filium
1071 2115 1260 2155 revera
1286 2102 1551 2173 genitum,
1573 2114 1624 2158 et
1649 2104 1913 2175 Spiritum
1939 2121 2069 2161 san-

480 2214 630 2260 ctum
662 2202 838 2258 credit
869 2217 898 2255 a
932 2200 1094 2256 Patre
1125 2201 1443 2272 procedere.

551 2293 637 2350 ill.
676 2293 848 2361 Quem
876 2293 1097 2365 quidem
1141 2293 1428 2362 Spiritum,
1478 2291 1939 2364 quemadmodum
1971 2308 2065 2348 suo

476 2403 578 2459 pra
607 2389 663 2442 in
697 2385 1314 2442 Melchisedecianorum
1349 2383 1543 2442 haeresi
1590 2385 1903 2451 docuimus,
1935 2385 2065 2442 Mel-

477 2479 828 2536 chisedecum
855 2493 980 2534 esse
1015 2477 1118 2534 sibi
1156 2478 1472 2548 persuadet,
1506 2495 1604 2549 pro
1639 2493 1705 2534 eo
1736 2477 1880 2548 quod
1922 2479 2063 2533 scri-

476 2577 737 2640 ptum'est
760 2588 773 2623 :
805 2567 914 2623 Pro
937 2568 1087 2624 nobis
1109 2577 1227 2622 orat
1247 2569 1524 2640 gemitibus
1556 2568 1999 2623 inenarrabitibus
2019 2571 2060 2623 '.

475 2664 545 2718 Et
579 2664 708 2734 quis
737 2663 826 2718 ille
855 2661 1074 2717 tandem
1103 2661 1224 2718 est?
1267 2661 1474 2726 Manet,
1504 2663 1704 2732 inquit,
1733 2663 1981 2716 sacerdos
2009 2663 2064 2716 in

475 2753 796 2809 reternum’.
829 2752 1002 2808 Porro
1031 2753 1276 2806 sacerdos
1313 2755 1370 2806 in
1425 2763 1675 2808 wternum
1707 2752 1829 2807 ideo
1862 2762 2059 2812 manet.

477 2855 536 2902 ut
577 2863 739 2904 orare
783 2847 982 2918 possit.
1015 2845 1175 2900 Hunc
1217 2847 1395 2916 ipsum
1447 2843 1711 2917 Spiritum
1746 2846 2061 2901 Abrahamo

474 2956 572 3011 per
594 2941 728 2996 illud
753 2948 970 3010 tempus
996 2939 1309 2994 occurrisse
1328 2946 1502 3010 putat.
1536 2937 1633 2994 Est
1661 2939 1830 3001 enim,
1858 2937 2059 3009 inquit,

476 3032 616 3087 Filio
643 3033 860 3088 similis.
892 3031 1074 3098 Quare
1119 3031 1190 3086 ab
1213 3030 1476 3101 Apostolo
1501 3028 1704 3084 dicitur
1759 3045 1883 3085 esse
1949 3031 2060 3084 sine

471 3135 650 3198 patre,
696 3111 809 3181 sine
858 3135 1050 3192 matre,
1099 3125 1214 3179 sine
1249 3123 1552 3194 genealogia
1605 3125 1627 3155 ⁸
1670 3141 1682 3153 ο
1721 3124 1835 3177 sine
1864 3134 2055 3188 matre,

2187 625 2480 694 γνώσεως,
2532 627 2648 681 ἀλλ’
2692 629 2990 684 ἀποϐάλλει
3033 634 3233 699 αὐτοὺς
3283 637 3381 708 τῆς
3419 638 3778 714 νομιζομένης

2185 719 2419 816 έλπίδος.
2465 720 2666 774 Φάσκει
2709 722 2818 794 γὰρ
2866 724 3090 788 τούτους
3122 727 3196 797 μὴ
3231 727 3589 801 κληρονομεῖν
3620 732 3794 816 βασι-⁸,

2184 811 2332 866 λείαν
2360 814 2625 884 οὐρανῶν,
2645 814 2836 886 ’ἐπειδὴ
2857 856 2872 879 ,
2902 816 3089 886 φησὶν,
3132 819 3232 872 οὐκ
3255 821 3611 890 ἠγωνίσαντο.
3651 821 3775 879 Ἐὰν

2193 903 2299 975 γὰρ
2335 903 2470 976 ἀθλῇ
2510 922 2615 968 τις,
2647 907 2719 959 οὐ
2763 909 3204 976 στεφανοῦται,
3249 912 3359 967 ἐὰν
3388 915 3476 983 μὴ
3517 917 3778 987 νομίμως

2183 997 2452 1067 ἀθλήσῃ.
2486 999 2549 1051 Εἰ
2582 999 2691 1070 γὰρ
2731 1002 2826 1054 καὶ
2875 1004 2903 1055 ὀ
2945 1002 3123 1057 ἀθλῶν
3164 1005 3226 1058 οὐ
3269 1007 3652 1076 στεφανοῦται,
3682 1011 3775 1063 ἐὰν

2185 1089 2259 1159 μὴ
2291 1090 2538 1161 νομίμως
2559 1131 2574 1156 ,
2617 1093 2766 1163 πόσῳ
2795 1110 2858 1162 γε
2889 1094 3090 1164 μᾶλλον
3118 1098 3167 1150 ot
3197 1097 3424 1168 μηδέπω
3467 1100 3546 1164 είς
3591 1101 3774 1171 ἀγῶνα

2180 1183 2506 1254 κεκλημένοι
2535 1201 2549 1248 ;
2591 1185 2667 1238 Οὐ
2704 1186 2949 1240 πιστεύει
2991 1187 3046 1240 δὲ
3075 1189 3237 1242 πάλιν
3265 1184 3418 1254 οὗτος
3447 1193 3770 1263 παράδεισον

2180 1274 2318 1329 εἶναι
2366 1276 2644 1348 αἰσθητὸν,
2677 1276 2870 1351 ὥσπερ
2896 1280 3085 1350 ἀμέλει
3119 1283 3216 1336 καὶ
3255 1284 3566 1356 Ὦριγένητ·
3610 1287 3730 1340 οὐδὲ
3751 1328 3765 1349 ,

2177 1367 2254 1432 ὡς
2299 1369 2456 1441 ἔφην,
2507 1371 2717 1443 νεκρῶν
2764 1372 3060 1428 ἀνάστασιν
3096 1377 3196 1446 τὴν
3234 1377 3324 1430 διὰ
3372 1380 3606 1449 σαρκός·
3652 1381 3766 1433 ἀλλ’

2178 1461 2476 1516 ἀνάστασιν
2525 1464 2624 1535 μὲν
2654 1464 2864 1536 νεκρῶν
2897 1465 3065 1535 λέγει,
3098 1468 3393 1522 ἀνάστασιν
3428 1471 3486 1524 δὲ
3525 1471 3624 1541 τὴν
3657 1470 3766 1524 τῶν

2173 1555 2382 1625 ψυχῶν,
2417 1557 2510 1608 καὶ
2553 1558 2933 1628 πνευματικήν
2975 1576 3097 1612 τινα
3143 1560 3368 1628 φάσκων
3415 1561 3760 1630 μυθολογίαν.

2175 1648 2364 1711 Οὐδεὶς
2395 1647 2452 1700 δὲ
2489 1646 2607 1718 μετ’
2647 1648 2826 1701 αὐτῶν
2860 1649 3174 1716 συνάγεται,
3200 1650 3337 1704 ἀλλά
3363 1653 3410 1703 εἰ
3437 1652 3520 1722 εῐη
3551 1652 3762 1724 παρθέ-

2173 1757 2297 1802 νος,
2330 1739 2362 1810 ἢ
2399 1739 2668 1809 μονάζων,
2717 1739 2750 1811 ἢ
2793 1742 3104 1813 ἐγκρατὴς,
3142 1742 3175 1813 ἢ
3212 1744 3377 1814 χήρα.
3413 1745 3550 1815 Περὶ⁷
3577 1744 3633 1796 δὲ
3671 1745 3762 1797 τὸν

2173 1833 2395 1902 Πατέρα
2429 1832 2522 1884 καὶ
2559 1831 2686 1884 Υἰὸν
2721 1833 2814 1885 καὶ
2847 1831 3001 1898 ἅγιον
3047 1833 3272 1904 Πνεῦμα
3302 1835 3362 1887 οὐ
3392 1834 3592 1904 φάσκει
3621 1838 3760 1890 κατὰ

2171 1923 2262 1976 τὸν
2301 1924 2580 1995 Ὠριγένην
2601 1940 2615 1955 ⁸
2643 1924 2779 1978 ἀλλά
2811 1926 3058 1977 πιστεύει
3087 1926 3257 1990 ὅντως
3287 1927 3376 1980 τὸν
3401 1927 3531 1980 Υἱὸν
3559 1931 3623 1981 ὲκ
3647 1930 3760 1982 Πα-

2169 2015 2301 2088 τρὺς
2354 2016 2754 2087 γεγεννημένον
2785 2033 2801 2048 ⁶
2836 2016 2932 2070 καὶ
2987 2018 3118 2088 περὶ
3166 2018 3262 2071 τοῦ
3299 2018 3617 2088 Πνεύματος
3662 2020 3756 2072 τοῦ

2176 2106 2355 2175 ἁγίου,
2386 2108 2451 2160 ὲκ
2479 2105 2693 2179 Πατρὸς
2715 2101 2873 2160 εἶναι.

2240 2287 2314 2342 Γ’.
2343 2285 2547 2340 Φάσκει
2578 2287 2636 2341 δὲ
2673 2281 2847 2354 οὗτος,
2892 2288 2968 2352 ὡς
3003 2288 3116 2344 ἀνω
3144 2307 3232 2359 μοι
3271 2293 3329 2344 ἐν
3357 2292 3424 2362 τῇ
3452 2287 3562 2343 τῶν
3609 2291 3754 2344 Μελ-

2168 2379 2551 2452 χισεδεκιανῶν
2618 2381 2829 2453 αἱρέσει
2881 2381 3208 2454 δεδήλωται,
3271 2383 3400 2454 περὶ
3449 2383 3546 2437 τοῦ
3600 2384 3752 2453 ἁγίου

2168 2473 2507 2544 Πνεύματος,
2556 2473 2638 2526 ὅτι
2677 2473 2842 2537 αὑτός
2879 2475 3027 2527 ἐστιν
3072 2477 3100 2528 6
3141 2475 3494 2545 Μελχισεδὲκ,
3533 2477 3621 2531 διὰ
3669 2479 3750 2540 τὸ,

2167 2566 2355 2635 φησιν,
2375 2566 2660 2638 εἰρηκέναι
2691 2611 2706 2635 ,
2733 2569 2816 2621 ὅτι
2853 2569 3377 2640 Ὺπερεντυγχάνει
3398 2573 3753 2644 στεναγμοῖς

2165 2657 2497 2724 ἀλαλήτοις
2522 2659 2675 2727 ὑπὲρ
2701 2659 2889 2729 ἡμῶν.
2931 2661 3043 2714 Καὶ
3071 2661 3153 2726 τίς
3183 2664 3332 2716 ἔστιν
3356 2658 3545 2728 οὗτοςς
3591 2665 3750 2720 Ἀλλά

2157 2747 2326 2818 μένει
2354 2749 2545 2818 ἱερεὺς
2580 2753 2667 2817 εὶς
2698 2751 2763 2804 τὸ
2791 2750 3085 2819 διηνεκές.
3117 2753 3189 2805 Τὸ
3219 2753 3301 2816 δὲ,
3339 2755 3530 2824 ἱερεὺς
3564 2759 3651 2821 είς
3683 2755 3750 2809 τὸ

2163 2842 2481 2911 διηνεκὲς,
2545 2843 2634 2898 διὰ
2680 2843 2741 2897 τὸ
2787 2845 3304 2916 ὑπερεντυγχάνειν,
3366 2847 3537 2902 Τοῦτο
3585 2849 3642 2902 δὲ
3687 2849 3748 2903 τὸ

2163 2934 2389 3005 Πνεῦμα
2429 2936 2821 3008 συνηντηκέναι
2850 2937 2928 3008 τῷ
2971 2937 3224 3009 Ἀϐραὰμ
3267 2941 3386 2994 κατ’
3411 2942 3589 2994 ἐκεῖνο
3621 2960 3746 2994 και-

2164 3027 2260 3101 ροῦ
2285 3043 2298 3056 ·
2325 3029 2513 3101 ἐπειδὴ
2542 3029 2651 3100 γὰρ
2696 3031 2880 3099 ὅμοιόν
2928 3031 3044 3084 ἐστι
3070 3031 3149 3101 τῷ
3183 3031 3299 3102 Υἱῷ
3319 3051 3331 3064 ·
3361 3033 3453 3086 καὶ
3477 3033 3564 3087 διὰ
3589 3033 3746 3086 τοῦτό

2163 3138 2327 3192 φησιν
2353 3124 2382 3176 6
2411 3123 2751 3188 Ἀπόστολος,
2769 3122 3034 3192 ἀπάτωρ,
3059 3125 3321 3194 ἀμήτωρ,
3348 3125 3746 3194 ἀγενεαλόγηο

470 3220 619 3289 quod
665 3220 889 3274 omnino
936 3218 1144 3273 nullam
1194 3217 1493 3281 habuerit;
1528 3218 1640 3270 sine
1702 3227 1873 3286 patre,
1907 3217 2052 3287 quod

2160 3232 2263 3282 τος
2286 3232 2300 3246 ο
2345 3213 2583 3284 ἀμήτωρ
2610 3217 2797 3286 φησὶν,
2825 3217 2906 3269 ὅτι
2938 3217 3038 3270 οὐκ
3081 3217 3193 3287 ἔχει
3230 3219 3440 3289 μητέρα
3461 3234 3475 3247 ο
3503 3217 3743 3286 ἀπάτωρ

467 3328 592 3367 eum
619 3312 675 3366 in
707 3321 851 3366 terra
879 3324 988 3364 non
1034 3309 1301 3362 habuerit.
1354 3307 1560 3362 Similis
1608 3325 1728 3362 vero
1773 3307 1918 3363 Filio
1961 3308 2060 3363 Dei

468 3404 646 3474 factus
678 3413 855 3457 manet
905 3401 1156 3456 sacerdos
1200 3401 1256 3454 in
1295 3410 1548 3454 wternum
1592 3400 1635 3456 '.
1695 3399 1900 3455 Praeter
1943 3403 2058 3456 haec

468 3496 638 3549 multa
688 3495 794 3547 alia
825 3493 893 3548 de
937 3493 1146 3562 Spiritu
1181 3500 1374 3546 sancto
1422 3493 1670 3562 garriens
1719 3492 2054 3548 l'usissimam

467 3589 538 3643 de
565 3603 630 3643 eo
664 3586 1093 3656 disputationem
1126 3585 1386 3638 instituit.
1426 3583 1534 3639 Sed
1567 3584 1902 3654 prazcipuum
1938 3587 2056 3656 opi-

467 3679 650 3734 nionis
696 3679 858 3748 712
904 3692 1016 3734 suae
1061 3675 1462 3732 ﬁrmamentum
1509 3693 1575 3732 ex
1611 3676 1751 3730 libro
1791 3677 2051 3747 quodam,

465 3772 565 3842 qui
614 3771 942 3825 Anabaticus
969 3767 1133 3824 Isaia:
1179 3769 1482 3839 inscriptus
1522 3778 1628 3833 est,
1661 3771 1912 3835 arcessit,
1943 3787 2054 3840 quo

465 3862 525 3916 in
559 3861 701 3916 libro
741 3861 823 3915 sic
865 3859 1107 3929 loquitur
1164 3878 1176 3914 :
1214 3857 1466 3914 Ostendit
1515 3859 1647 3912 mihi
1711 3861 1938 3930 angelus
1983 3860 2052 3915 de

463 3951 724 4008 omnibus
777 3965 961 4006 coram
1016 3965 1128 4015 me,
1183 3960 1238 4005 et
1285 3949 1525 4005 ostendit
1571 3949 1726 4014 mihi,
1761 3959 1816 4005 et
1865 3951 2046 4004 dixit:

462 4044 602 4111 Quis
649 4053 735 4100 est
769 4044 836 4098 ad
866 4043 1147 4098 dexteram
1185 4042 1317 4097 Dei?
1349 4043 1415 4096 Et
1463 4042 1574 4097 dixi
1609 4061 1622 4097 :
1659 4041 1740 4096 Tu
1776 4043 1908 4108 scis,
1938 4041 2047 4096 Do-

463 4137 634 4191 mine.
670 4135 810 4190 Tum
845 4136 971 4198 ille:
1011 4134 1109 4190 Hic
1137 4142 1220 4190 est
1257 4133 1512 4190 Dilectus.
1545 4133 1612 4188 Et
1642 4135 1768 4205 quis
1793 4143 1878 4190 est
1911 4135 2048 4188 alter

458 4229 512 4284 ei
549 4229 745 4284 similis
774 4228 868 4297 qui
917 4244 946 4281 a
996 4229 1220 4282 sinistra
1248 4228 1419 4293 venit,
1456 4236 1510 4283 et
1540 4227 1652 4281 dixi
1692 4247 1704 4282 :
1746 4227 1828 4281 Tu
1861 4227 2042 4292 nosti;

459 4321 553 4375 hic
586 4327 670 4377 est
706 4321 947 4391 Spiritus
985 4327 1232 4384 sanctus,
1283 4321 1377 4390 qui
1409 4322 1466 4374 in
1511 4327 1565 4374 te
1593 4320 1836 4390 loquitur
1891 4327 1946 4373 et
1986 4318 2046 4372 in

2159 3308 2344 3378 φησιν,
2370 3307 2452 3360 ὅτι
2475 3308 2567 3360 ἐπὶ
2593 3309 2695 3378 γῆς
2723 3309 2824 3362 οὐκ
2848 3308 2972 3379 ἔσχε
3003 3309 3234 3380 πατέρα.
3267 3309 3743 3379 Ἇφωμοιωμέιός

2156 3398 2224 3451 δὲ
2253 3397 2334 3464 τῷ
2364 3396 2474 3464 Υὶῷ
2500 3400 2606 3454 τοῦ
2631 3400 2800 3466 Θεοῦ,
2825 3400 2992 3471 μένει
3020 3403 3211 3471 ἱερεὺς
3233 3406 3322 3470 εὶς
3352 3404 3419 3456 τὸ
3443 3403 3735 3471 διηνεκές.

2157 3489 2268 3541 Καὶ
2312 3488 2482 3542 πολλά
2543 3489 2802 3564 φλυαρῶν
2853 3492 2982 3562 περὶ
3036 3492 3128 3546 τοῦ
3179 3494 3336 3562 ἁγίου
3388 3494 3735 3566 Πνεύματος,

2155 3578 2397 3650 διεξῆλθε
2429 3581 2558 3652 περὶ
2595 3581 2784 3634 τούτου
2818 3581 3020 3654 πολλὴν
3045 3584 3447 3654 πραγματείαν.
3481 3585 3738 3638 Βούλεται

2153 3667 2211 3721 δὲ
2245 3668 2342 3740 τὴν
2387 3669 2602 3724 τελείαν
2649 3671 2813 3725 αὑτοῦ
2861 3671 3121 3727 σύστασιν
3166 3675 3435 3728 ποιεῖσθαι
3478 3675 3590 3728 ἀπὸ
3637 3674 3735 3729 τοῦ

2166 3761 2552 3816 Ἀναϐατικοῦ
2589 3763 2855 3828 Ἡσαΐου,
2888 3763 3047 3835 δῆθεν
3070 3765 3145 3828 ὡς
3173 3768 3231 3818 ἐν
3269 3766 3347 3836 τῷ
3387 3766 3736 3832 Ἁγαϐατικῷ

2149 3854 2431 3927 λεγομένῳ
2469 3856 2656 3924 ἔλεγεν
2686 3860 2864 3911 ἐκεῖσε
2890 3899 2906 3924 ,
2943 3860 3025 3912 ὅτι
3057 3860 3268 3925 Ἔδειξέ
3305 3877 3395 3930 μοι
3439 3862 3468 3913 6
3503 3859 3734 3929 ἄγγελος

2151 3949 2279 4020 περὶ
2324 3949 2540 4002 πάντων
2590 3948 2896 4022 ἔμπροσθέν
2950 3969 3051 4021 μου
3075 3993 3090 4014 ,
3127 3953 3220 4005 καὶ
3257 3953 3427 4018 ἐδειξέ
3478 3971 3600 4024 μοι,
3639 3955 3733 4008 καὶ

2148 4033 2268 4091 εἷπε
2291 4053 2305 4069 ο
2339 4039 2436 4102 Τίς
2475 4040 2622 4093 ἐστιν
2657 4043 2685 4095 6
2710 4043 2770 4096 ὲν
2806 4041 2956 4112 δεξιᾷ
2987 4042 3080 4095 τοῦ
3115 4043 3286 4109 Θεοῦ;
3316 4044 3425 4096 Καὶ
3455 4039 3586 4098 εἶπα
3606 4061 3619 4074 ·
3657 4045 3730 4097 Σὺ

2147 4127 2312 4195 οἶδας,
2356 4131 2549 4205 Κύριε.
2583 4133 2779 4203 Λέγει·
2817 4129 2982 4197 Οὗτός
3006 4137 3153 4187 ἐστιν
3191 4139 3220 4188 6
3260 4137 3589 4207 ’Λγαπητός.
3622 4138 3728 4189 Καὶ

2144 4223 2228 4287 τίς
2257 4227 2405 4276 ἐστιν
2434 4227 2464 4278 6
2487 4225 2643 4288 ἀλλος
2668 4226 2698 4277 ὁ
2725 4228 2910 4296 ὅμοιος
2943 4227 3093 4298 αὐτῷ
3115 4228 3172 4294 ἐξ
3194 4228 3498 4299 ἀριστερῶν
3520 4227 3726 4294 ὲλθών;

2144 4318 2256 4371 Καὶ
2290 4314 2450 4372 εἴπαο
2483 4320 2555 4372 Σὺ
2594 4317 2914 4388 γινώσκεις,
2947 4320 3194 4373 τουτέστι
3226 4321 3288 4374 τὸ
3321 4321 3475 4390 ἅγιον
3503 4321 3728 4391 Πνεῦμα

457 4413 764 4486 prophetis.
803 4411 868 4467 Et
895 4423 1037 4477 erat,
1069 4412 1270 4482 inquit,
1302 4413 1498 4468 simi-lis
1551 4411 1779 4466 Dilecto.
1830 4412 1908 4464 Ex
1939 4411 2042 4465 hoc

2160 4409 2204 4462 πὸ
2251 4409 2446 4464 λαλοῦν
2482 4412 2540 4464 ὲν
2593 4411 2675 4464 σοὶ
2709 4412 2803 4464 καὶ
2843 4412 2902 4464 ὲν
2943 4414 3058 4476 τοῖς
3109 4413 3435 4485 προφήταις.
3483 4415 3592 4467 Καὶ
3633 4411 3725 4485 ἦν,

456 4506 582 4560 loco
604 4505 750 4558 illam
783 4501 1083 4573 Scriptura)
1109 4504 1438 4558 sententiain
1457 4502 1784 4558 conﬁrmare
1810 4501 2034 4557 nititur:

2143 4505 2308 4574 φησὶν
2332 4544 2348 4570 ,
2396 4505 2582 4576 ὅμοιον
2623 4504 2701 4576 τῷ
2745 4505 3058 4577 Ἀγαπητῷ.
3093 4507 3191 4559 Ἐκ
3237 4507 3426 4560 τούτου
3477 4507 3724 4578 βούλεται

454 4595 806 4651 Assimilatus
858 4571 1006 4649 Filio
1069 4594 1169 4649 Dei
1223 4604 1400 4650 manet
1445 4597 1698 4650 sacerdos
1738 4596 1797 4650 in
1857 4608 2034 4665 perpe-

2160 4571 2400 4669 tuatde
2429 4571 2491 4650 τὸ
2520 4571 2843 4670 εἰρημένον·
2878 4571 3350 4668 Ἀςεωμοιωμένος
3369 4597 3448 4664 τῷ
3477 4571 3597 4665 *Υὶῷ
3615 4596 3725 4652 τοῦ

455 4704 624 4748 tuum.

523 4786 728 4842 Verum
776 4800 942 4856 quam
975 4784 1147 4840 inuita
1195 4781 1263 4837 de
1302 4782 1408 4836 hoc
1459 4789 1783 4852 argumento
1813 4779 2036 4851 excogi-

451 4889 566 4932 tare
595 4893 752 4932 mens
783 4883 970 4931 nostra
998 4882 1204 4946 potest,
1249 4889 1313 4928 ac
1347 4874 1679 4943 disputando
1721 4876 2030 4944 complecti,

448 4970 650 5040 quibus
701 4969 996 5039 depravata
1037 4968 1185 5022 illius
1238 4967 1595 5036 inteliigeotia
1643 4982 1707 5021 ac
1761 4968 2031 5023 sententia

447 5060 767 5117 refellatur!
809 5061 1076 5116 Caeterum
1125 5060 1230 5115 iste
1278 5069 1520 5115 extrema
1568 5069 1848 5116 senectute
1879 5076 2028 5116 mor-

447 5161 577 5224 tuus
603 5163 708 5219 est,
742 5169 806 5209 ac
843 5153 1031 5208 Graeca
1063 5152 1496 5224 Egyptiacaque
1525 5153 1708 5224 lingua
1737 5155 2031 5224 quamplu-

445 5247 587 5300 rima
631 5247 873 5317 scripsit.
912 5245 1060 5300 lnter
1119 5254 1316 5301 caetera
1359 5246 1806 5313 commentarios,
1839 5255 1894 5302 et
1940 5249 2025 5301 lu-

445 5340 800 5395 cubrationes
843 5339 912 5394 de
957 5351 1121 5409 Opere
1167 5355 1263 5395 sex
1306 5339 1539 5414 dierum,
1582 5340 1782 5410 quibus
1811 5339 2027 5396 fabulas

444 5431 740 5484 nonnullas
769 5436 824 5484 et
875 5429 1201 5484 vanissimas
1229 5429 1518 5500 allegorias
1543 5437 1888 5485 commentus
1915 5440 2020 5486 est.

443 5519 668 5575 Necnon
707 5527 761 5574 et
789 5520 895 5574 alia
928 5520 1174 5590 quaedam
1203 5533 1271 5574 ex
1299 5519 1478 5576 sacris
1505 5519 1821 5591 deprompta
1853 5520 2022 5577 Litte-

2148 4690 2296 4744 Θεοῦ
2318 4690 2489 4760 μένει
2529 4691 2720 4759 ἱερεὺς
2743 4694 2830 4757 εὶς
2864 4690 2928 4744 τὸ
2955 4689 3250 4757 διηνεκές.

2213 4784 2363 4836 Πόσα
2387 4784 2566 4837 τοίνυν
2603 4784 2891 4855 δυνήσεται
2935 4786 2964 4837 6
3005 4784 3274 4856 ἡμέτερος
3301 4783 3426 4848 νοῦς
3458 4786 3552 4839 καὶ
3591 4784 3721 4856 περὶ

2141 4874 2332 4928 τούτου
2369 4875 2755 4947 διαλαμϐάνειν
2791 4877 2927 4948 πρὸς
2957 4876 3228 4930 ἀντίθεσιν
3255 4877 3356 4947 τῆς
3385 4877 3551 4930 αὐτοῦ
3591 4877 3720 4930 πολ-

2139 4967 2239 5038 λῆς
2285 4969 2814 5040 παραπεποιημένης
2845 4968 3112 5033 διανοίας;
3148 4963 3314 5032 Οὗτος
3356 4967 3414 5021 δὲ
3451 4968 3718 5040 γηραλέος

2137 5060 2406 5114 ἐτελεύτα.
2442 5061 2824 5132 Συνεγράψατο
2875 5060 2933 5113 δὲ
2973 5060 3299 5132 Ἑλληνικῶς
3327 5077 3386 5112 τε
3417 5067 3510 5113 καὶ
3546 5061 3717 5128 Αἰγυ-

2098 5151 2107 5159 ”
2136 5151 2412 5215 πτιακῶς,
2453 5149 2860 5223 ἐξηγησάμενος
2906 5152 3001 5204 καὶ
3031 5151 3296 5216 συντάξας
3320 5152 3418 5220 τῆς
3451 5151 3714 5221 Ἐξαημέ-

2138 5262 2230 5315 ρου
2271 5244 2472 5316 μύθους
2509 5245 2662 5308 τινὰς
2690 5245 3057 5314 πλασάμενος,
3089 5247 3183 5299 καὶ
3219 5245 3527 5316 κομπώδεις
3551 5245 3713 5316 ἀλλη-

2135 5339 2342 5410 γορίας.
2393 5339 2488 5402 Εἰς
2538 5338 2672 5392 ἀλλα
2714 5339 2771 5390 δὲ
2813 5339 2955 5390 πόσα
2982 5339 3002 5366 ⁸
3048 5339 3154 5390 ἀπὸ
3198 5337 3297 5408 τῆς
3337 5337 3559 5409 Γραφῆς
3591 5354 3710 5390 συν-

2131 5429 2309 5495 έταξε,
2345 5428 2592 5500 ψαλμούς
2619 5445 2680 5481 τε
2723 5428 2951 5491 πολλοὺς
3005 5430 3366 5500 νεωτερικοὺς
3415 5431 3706 5484 ἐπλάσατο.

2141 5522 2432 5594 Ἐμψύχων
2483 5538 2542 5574 τε
2585 5521 2772 5574 πολλοὶ
2823 5520 2884 5585 ἐξ
2932 5519 3114 5573 αὐτῶν
3163 5522 3224 5573 οὑ
3271 5521 3556 5592 μετέχουσι
3601 5523 3708 5577 τῶν

443 5611 523 5668 ris
553 5630 567 5666 :
599 5613 799 5682 quibus
826 5620 881 5667 et
904 5613 1144 5683 psalmos
1169 5612 1436 5683 quosdam
1467 5613 1708 5669 novitios
1736 5628 1766 5669 a
1797 5629 1858 5671 se
1888 5629 2021 5671 con-

2160 5614 2395 5688 ,ληθινῶν
2417 5613 2595 5668 αὐτῶν
2630 5613 2722 5667 τοῦ
2751 5613 3039 5684 δόγματος.
3077 5612 3136 5667 'O
3166 5613 3222 5667 δὲ
3265 5614 3513 5685 Ἱέρακας
3545 5615 3706 5679 αὐτὸς

512 5853 533 5888 ί
571 5852 616 5907 ll
644 5852 786 5910 Tim.
829 5871 889 5924 ιι,
911 5855 964 5912 5.
1047 5857 1069 5889 ³
1099 5855 1258 5914 Rom.
1291 5872 1410 5929 vui,
1435 5857 1526 5914 26.

1637 5860 1658 5893 ³
1691 5857 1858 5917 Hebr.
1889 5876 1987 5930 vn,
2021 5861 2077 5920 5.
2145 5861 2168 5898 ⁸
2197 5862 2330 5920 ibid.
2399 5863 2421 5897 ⁸
2446 5861 2579 5920 ibid.
2656 5863 2676 5896 ⁸
2699 5860 2830 5919 For.
2861 5861 3020 5917 ποσά.
