4138 6396
397 344 510 406 I77

1021 354 1390 414 ADVERSUS
1426 357 1774 415 HERESES
1810 359 1937 416 LIB.
1977 360 2042 417 ll.
2085 360 2248 423 TOM.
2290 361 2448 417 ll.-
2476 360 2750 419 HIERES.
2790 360 2996 416 LXVII.

3568 356 3670 415 178

397 466 482 537 τῷ
516 467 615 540 μὲν
641 469 754 524 ὄντι
778 471 981 547 πολλὴν
1000 471 1116 546 εἶχε
1143 476 1245 549 τὴν
1275 478 1508 550 ἄσκησιν
1529 495 1542 511 ⁸
1577 483 1624 534 oi
1657 482 1714 535 δὲ
1752 483 1867 552 μετ’
1892 483 1990 535 αύ-

2101 485 2236 538 ilitos
2270 483 2489 553 adjecit.
2529 482 2635 550 Qui
2674 483 2822 537 illius
2869 489 3072 537 sectam
3105 494 3235 537 vere
3294 488 3352 534 et
3382 493 3448 533 ex
3486 479 3670 532 animo

398 557 494 615 τὸν
550 560 717 614 αὑτοῦ
775 563 1018 637 μαθηταὶ
1066 567 1187 622 καθ’
1237 569 1545 642 ὑπόκρισιν.
1599 572 1835 636 Ἐκεῖνος
1887 572 1987 642 μὲν

398 650 663 723 ἀπείχετο
704 655 921 712 πάντων
966 658 1297 731 βρωμάτων,
1354 664 1449 716 καὶ
1483 664 1703 732 ἠσκεῖτο
1748 663 1842 717 καὶ
1878 663 1987 718 ἀπὸ

397 741 571 798 οίνου.
607 745 743 803 Φασὶ
790 746 849 800 δέ
878 765 1027 814 τινες
1063 752 1192 823 περὶ
1224 753 1389 807 αὑτοῦ
1414 793 1429 817 ,
1462 754 1544 807 ὅτι
1565 793 1581 821 ,
1615 754 1758 824 ὑπὲρ
1806 755 1991 826 ἐνενήρ

401 851 572 890 κοντα
585 836 682 909 ἐτη
704 837 924 908 βιωσας,
949 841 1054 905 ἕως
1086 844 1186 915 τῆς
1209 845 1428 915 ἡμέρας
1457 840 1526 917 ἧς
1555 843 1811 899 ὲτελεύτα
1831 845 1992 898 ἐκαλ-

399 927 683 999 λιγράφει.
732 931 1116 1005 Καλλιγράφος
1178 936 1287 1009 γὰρ
1342 933 1429 1009 ἦν.
1464 938 1663 1008 Ἐμενε
1691 937 1802 1008 γὰρ
1825 935 1991 991 αὐτοῦ

403 1019 682 1083 συνεστὼς
702 1024 733 1075 ὁ
764 1022 1060 1095 ὀφθαλμός.

2092 573 2441 644 proﬁtentur,
2492 573 2735 644 plerique
2778 573 2850 628 ab
2881 570 3136 627 animatis
3181 569 3479 625 abstinent.
3532 566 3671 621 Nam

2088 664 2241 735 quod
2268 665 2336 719 ad
2366 664 2649 723 Hieracam
2683 665 2859 735 ipsum
2904 665 3161 736 pertinet,
3199 676 3445 717 severam
3478 660 3672 715 admo-

2095 758 2225 813 dum
2256 757 2379 812 vitae
2418 757 2764 829 disciplinam
2794 757 3067 812 adhibuit.
3101 755 3206 811 Sed
3234 755 3331 826 qui
3362 761 3488 825 post
3516 752 3671 806 illum

2094 848 2353 904 exstitere
2388 847 2642 917 discipuli
2694 848 2829 901 nihil
2881 854 3079 918 praeter
3114 845 3519 903 simulationem
3568 842 3670 896 ha-

2097 936 2353 991 buerunt.
2406 936 2634 991 Constat
2682 936 2834 991 illum
2897 937 2965 992 ab
3006 936 3206 993 eduliis
3256 935 3515 991 omnibus
3565 936 3672 990 sibi

2098 1036 2456 1098 temperasse,
2514 1030 2759 1097 adeoque
2810 1043 2999 1084 severe
3042 1028 3270 1090 vixisse,
3328 1033 3388 1081 ut
3437 1033 3492 1082 et
3542 1027 3672 1080 vino

401 1121 638 1171 careret.
674 1116 943 1181 Auctores
982 1122 1233 1177 nonnulli
1280 1131 1430 1189 sunt,
1458 1139 1584 1179 cum
1626 1123 1769 1179 ultra
1793 1137 1969 1178 annos
1997 1123 2294 1193 nonaginta
2331 1124 2554 1188 vixisse,
2594 1130 2649 1177 et
2675 1121 2743 1176 ad
2773 1129 3076 1177 extremum
3118 1122 3240 1176 vitae
3259 1128 3474 1190 tempus
3503 1118 3673 1174 libros

400 1206 704 1274 antiquarii
753 1224 905 1265 more
944 1212 1257 1282 scripsisse.
1289 1212 1578 1273 Librarius
1618 1218 1763 1269 erum
1790 1221 1849 1268 et
1874 1213 2092 1282 quidem
2129 1214 2340 1284 peritus
2364 1212 2488 1278 furit,
2524 1228 2628 1268 nec
2659 1214 2854 1268 oculus
2881 1212 2933 1268 ei
2963 1212 3238 1282 caligavit.

473 1300 549 1352 A'.
574 1300 711 1371 Φέρε
739 1302 795 1355 δὲ
824 1303 1279 1376 διασκοπήσωμεν
1311 1306 1497 1361 καὶτὰ
1525 1307 1715 1362 τούτου
1748 1304 1984 1371 ζιζάνια,

403 1392 537 1463 ποίᾳ
586 1392 787 1467 διανοίᾳ
824 1394 984 1463 λόγου
1013 1396 1198 1453 θεῖκοῠ
1233 1398 1560 1471 συνάψωμεν
1607 1399 1700 1454 καὶ
1733 1396 1989 1467 ἐξαφανί-

401 1497 590 1551 σωμεν
632 1483 754 1535 τόδε
792 1482 1001 1539 ίοϐόλον
1030 1484 1191 1547 τοῦτο
1224 1487 1475 1557 ἑρπετὸν,
1527 1485 1790 1558 σκορπίου
1828 1486 1984 1559 δίκην

399 1570 562 1645 [τῶν]
591 1573 902 1647 ἔμπροσθεν
925 1578 1020 1630 καὶ
1047 1578 1279 1635 κατόπιν
1313 1582 1491 1642 παῖον,
1520 1578 1629 1632 ἀπὸ
1662 1578 1758 1635 δύο
1781 1578 1984 1650 Διαθη-

400 1662 518 1715 κῶν
566 1665 743 1733 ἐαυτῷ
788 1667 1140 1739 ὲπισωρεύων
1187 1667 1257 1722 τὰ
1298 1668 1433 1740 πρὸς
1484 1667 1716 1740 βλάϐην
1761 1669 1860 1739 οὐχ
1916 1668 1993 1733 ὡς

2169 1305 2258 1365 IV,
2300 1304 2458 1360 Nunc
2488 1305 2557 1360 ab
2584 1319 2652 1360 eo
2679 1304 3034 1361 disseminata
3078 1303 3291 1361 zizania
3347 1301 3674 1358 considere-

2096 1414 2243 1462 mus,
2264 1411 2503 1468 quanam
2551 1396 2808 1451 videlicet
2850 1395 3023 1453 divini
3064 1395 3220 1453 verbi
3250 1394 3525 1450 sententia
3576 1409 3672 1450 ve-

2093 1498 2354 1549 nenatum
2402 1489 2552 1544 hunc
2583 1496 2888 1561 serpentem
2945 1490 3323 1559 constringere
3372 1494 3538 1557 atque
3574 1502 3677 1543 εις

2094 1582 2370 1652 stinguere
2400 1580 2698 1652 possimus,
2729 1579 2822 1649 qui
2849 1579 3050 1648 scorpii
3082 1580 3259 1637 instar
3284 1578 3548 1635 anteriori
3576 1593 3677 1649 po-

2099 1673 2422 1742 steriorique
2455 1681 2608 1741 parte
2648 1671 2797 1735 ferit,
2840 1669 2947 1726 hoc
2971 1679 3076 1735 est,
3108 1685 3177 1729 es
3214 1680 3446 1740 utroque
3475 1669 3676 1726 Testa-

402 1750 620 1822 ἔχουσιν
664 1756 713 1807 oi
764 1755 897 1808 θεῖοι
928 1755 1097 1825 λόγοι,
1147 1753 1261 1809 ἀλλ’
1293 1755 1373 1818 ὡς
1417 1759 1449 1826 ἡ
1499 1754 1994 1829 παραπεποιημένη

2103 1771 2286 1820 mento
2325 1779 2448 1834 quae
2496 1772 2626 1824 sunt
2674 1763 2925 1821 nocitura
2976 1762 3221 1832 colligit;
3272 1776 3394 1832 quae
3443 1776 3555 1819 non
3607 1776 3675 1816 eo

401 1845 586 1897 αὐτῶν
636 1845 813 1900 ἔννοια
859 1846 928 1900 τὰ
972 1846 1210 1917 φωτεινὰ
1255 1846 1545 1911 σκοτεινῶς
1586 1846 1861 1903 διενοεῖτο.
1917 1845 1992 1901 Οὐ

2101 1870 2261 1910 sensu
2297 1855 2517 1926 accipit,
2566 1870 2678 1925 quo
2722 1855 2780 1909 in
2826 1853 3034 1910 divinis
3081 1853 3305 1909 Litteris
3344 1852 3673 1923 produntur,

407 1939 661 2008 papme
683 1938 794 2011 γὰρ
825 1940 886 1993 τὸ
919 1940 1064 2010 μέλι,
1090 1938 1217 1993 οὔτε
1250 1940 1599 2012 πικρότατον,
1626 1938 1747 1992 οὐδὲ
1782 1938 1839 1990 αἱ
1864 1936 1996 1990 ὲδω-

399 2029 497 2082 δαὶ
513 2031 580 2082 ὲκ
608 2030 742 2083 Θεοῦ
770 2031 1090 2102 ὲκτισμέναι
1120 2033 1176 2085 αἱ
1201 2031 1477 2095 καλλίους,
1502 2030 1775 2101 διδόμεναι
1806 2028 1865 2084 δέ
1886 2045 1994 2083 τινι

402 2122 727 2192 πυρέττοντι
768 2126 962 2194 πικραὶ
1010 2127 1071 2177 ὲν
1110 2123 1188 2195 τῷ
1217 2124 1445 2194 στόματι
1479 2122 1660 2176 αὐτῶν
1694 2121 1993 2190 φαίνονται,

401 2214 472 2266 οὐ
503 2212 616 2267 τῶν
644 2214 816 2284 ἡδέων
847 2215 1345 2287 πεπικραμμένων,
1403 2215 1539 2271 ἀλλὰ
1582 2214 1678 2267 τοῦ
1722 2212 1997 2286 γεύματος

402 2304 504 2357 τοῦ
554 2305 917 2377 πυρέττοντος
963 2308 1343 2378 πικραίνοντος
1387 2308 1457 2361 τὰ
1514 2304 1663 2377 αὐτῷ
1715 2304 1993 2375 διδόμενα.

403 2395 571 2450 Οὕτω
599 2397 692 2450 καὶ
719 2398 825 2462 πᾶς
856 2415 939 2462 τις
963 2398 1073 2452 ἀπὸ
1110 2400 1210 2469 τῆς
1234 2398 1498 2470 ἀληθείας
1532 2396 1715 2450 πεσὼν
1748 2397 1852 2449 οὐκ
1889 2396 1998 2450 ἀπὸ

402 2489 510 2559 τῆς
541 2488 797 2561 ἀληθείας
824 2491 1102 2560 ὴπὰτηται
1123 2532 1136 2547 .
1181 2490 1318 2544 ἀλλά
1344 2489 1441 2561 τὴν
1469 2488 1730 2561 ἀλήθειαν
1781 2491 1998 2559 πικροῖς

402 2583 764 2655 διανοήμασιν
810 2582 1111 2651 ἐγεύσατο,
1148 2582 1244 2636 καὶ
1291 2585 1369 2646 εἰς
1399 2581 1624 2653 πικρίας
1671 2581 1820 2652 αὐτῷ
1862 2598 1998 2652 μετ-

406 2674 643 2745 εϐλήθη.
668 2675 894 2746 Ἵδωμεν
921 2675 979 2727 δὲ
1000 2677 1129 2747 περὶ
1150 2674 1258 2728 τῶν
1280 2675 1507 2728 παιδίων
1528 2674 1579 2731 τί
1598 2674 1843 2744 εἴπωμεν
1870 2672 1999 2745 περὶ

404 2766 522 2818 τῶν
568 2765 1014 2821 ἁποκτανθέντων
1052 2766 1214 2831 εὐθὺς
1240 2769 1299 2820 ἐν
1326 2766 1573 2839 Βηθλεὲμ
1597 2766 1696 2837 τῆς
1732 2764 1998 2830 Ἰουδαίας

406 2856 503 2912 διὰ
528 2857 798 2930 Χριστόν;
830 2854 977 2929 Ἀρα
1004 2857 1281 2929 βασιλείας
1306 2859 1551 2930 οὐρανῶν
1576 2862 1714 2913 είσιν
1742 2859 1999 2930 ἀμέτοχοι

406 2951 462 3001 οἱ
495 2948 748 3014 τοιοῦτοι,
792 2949 826 3020 ἢ
879 2950 1202 3022 μετέχουσι;
1238 2952 1544 3022 Μετέχουσι
1585 2952 1685 3021 μὲν
1716 2947 1809 3007 οὖν
1849 2950 2001 3017 ὄντες

411 3043 716 3109 ἄμεμπτοι.
764 3039 829 3093 El.
867 3046 973 3113 γάρ
1014 3042 1113 3095 οὐκ
1142 3043 1248 3095 είσὶ
1289 3042 1535 3113 μέτοχοι.
1574 3043 1680 3113 ἄρα
1716 3029 2000 3114 παραίτιος

2093 1947 2189 2003 sed
2221 1963 2321 2018 pro
2351 1963 2417 2003 eo
2445 1962 2509 2002 ac
2532 1963 2794 2018 perversa
2820 1961 2975 2001 mens
3004 1943 3174 2009 illius.
3205 1960 3327 2015 quae
3362 1945 3674 2003 clarissima

2097 2051 2161 2093 ac
2190 2037 2478 2108 perspicua
2510 2044 2661 2101 sunt,
2703 2037 2937 2093 obscure
2986 2048 3052 2090 ac
3108 2035 3449 2094 (celsissimae
3495 2037 3678 2106 capie-

2095 2125 2209 2180 bat.
2260 2124 2448 2196 Neque
2476 2127 2622 2182 enim
2669 2124 3087 2195 vituperandum
3139 2125 3265 2192 mel,
3297 2132 3392 2180 aut
3424 2140 3676 2182 amarum

2096 2227 2200 2282 est,
2232 2232 2334 2277 nec
2365 2216 2784 2287 exquisitissimi
2815 2215 3020 2285 quique
3051 2214 3181 2278 cibi,
3216 2231 3451 2286 quorum
3487 2226 3678 2274 auctor

2097 2307 2240 2371 Deus
2284 2315 2410 2363 est:
2443 2307 2610 2365 iidem
2645 2302 2851 2374 tamen:
2900 2307 2950 2364 si
2991 2305 3131 2363 febri
3165 2306 3540 2365 laborantibus
3578 2309 3674 2364 de-

2098 2400 2265 2464 deris,
2306 2400 2480 2454 amari
2508 2400 2563 2454 in
2587 2398 2807 2454 illorum
2849 2412 2947 2454 ore
2981 2398 3335 2462 videbuntur,
3370 2414 3477 2454 non
3526 2400 3677 2471 quod

2098 2494 2314 2551 illorum
2349 2493 2593 2549 suavitas
2639 2491 3003 2548 amaritudine
3041 2491 3154 2546 ulla
3187 2490 3396 2549 suﬁusa
3433 2491 3529 2557 sit,
3578 2493 3680 2548 sed

2099 2584 2245 2655 quod
2305 2592 2635 2655 aegrotorum
2696 2591 2898 2654 gustus
2957 2582 3260 2653 injucundo
3325 2582 3421 2637 illo
3483 2597 3680 2652 sapore

2100 2675 2261 2750 713
2293 2675 2506 2730 oblatos
2534 2673 2688 2729 cibos
2721 2672 2987 2729 infecerit.
3016 2671 3094 2727 lta
3120 2672 3373 2744 quisquis
3397 2689 3428 2727 a
3452 2674 3680 2729 veritate

2100 2750 2340 2830 aberrat.
2397 2781 2747 2836 nequaquam
2790 2766 2859 2821 ab
2916 2780 2980 2821 ea
3029 2765 3085 2819 in
3126 2764 3375 2820 fraudem
3422 2765 3678 2821 inductutI

2100 2869 2205 2922 est,
2237 2859 2332 2916 sed
2371 2857 2439 2913 ad
2483 2859 2770 2914 veritatem
2815 2855 3213 2928 degustandam
3268 2857 3416 2912 velut
3461 2871 3681 2913 amaros

2102 2953 2268 3009 animi
2300 2969 2496 3009 sensus
2530 2952 2736 3018 attulit,
2790 2950 3025 3022 ideoque
3073 2934 3128 3005 et
3166 2949 3222 3004 in
3257 2947 3680 3015 amaritudinem

2100 3048 2305 3102 veritas
2346 3056 2429 3101 est
2456 3045 2533 3099 illi
2563 3058 2849 3099 conversa.
2884 3040 2997 3114 Sed
3033 3048 3095 3095 ut
3134 3041 3202 3096 de
3235 3040 3479 3110 puerulis
3508 3039 3682 3110 potis-

410 3132 596 3185 αὐτῶν
639 3134 669 3185 ό
707 3132 910 3205 Κύριος
941 3136 1262 3205 γεγένηται’
1300 3134 1367 3186 δι’
1394 3122 1558 3188 αὐτὸν
1591 3134 1701 3206 γὰρ
1728 3136 1997 3195 ἀπεκτάν-

2106 3139 2305 3194 simum
2363 3151 2625 3206 agamus,
2675 3135 2809 3205 quid
2857 3133 2926 3190 de
2985 3134 3095 3189 illis
3141 3131 3427 3195 dicemus,
3477 3130 3572 3201 qui
3621 3131 3682 3185 in

410 3220 611 3292 θησαν.
648 3223 711 3275 El
737 3223 793 3275 δὲ
817 3224 1239 3296 ἀπεκτάνθησαν
1280 3223 1346 3277 δι’
1378 3224 1561 3289 αὐτὸν,
1590 3225 1665 3295 μὴ
1697 3225 1997 3293 φθάσαντες

2107 3230 2418 3286 Bethlehem
2456 3225 2656 3284 Juda'a:
2681 3227 2916 3285 subinde
2943 3232 3167 3298 propter
3191 3224 3464 3281 Christum
3512 3224 3682 3280 occisi

409 3313 811 3383 ἀγωνίσασθαι,
852 3317 989 3387 μήτε
1017 3317 1201 3370 λαϐεῖν
1232 3315 1293 3370 τὸ
1336 3314 1608 3388 βραϐεῖον,
1642 3315 1752 3387 ἄρα
1776 3318 1808 3386 ἡ
1835 3315 1997 3371 αὐτοῦ

2108 3322 2274 3378 sunt?
2307 3320 2504 3387 Quaero
2531 3327 2715 3373 utrum
2746 3333 2918 3374 necne
2957 3318 3180 3374 cteleste
3219 3330 3448 3386 regnum
3480 3329 3683 3371 conse-

410 3405 691 3477 παρουσία
716 3407 989 3479 γενομένη
1019 3408 1221 3479 μᾶλλον
1245 3410 1326 3471 εἰς
1358 3407 1562 3477 βλάϐην
1590 3406 1665 3477 τῷ
1698 3407 1890 3479 κόσμῳ
1913 3409 1997 3477 γέ-

2104 3412 2220 3466 cuti
2267 3412 2412 3467 sint?
2439 3409 2729 3466 Enimvero
2757 3410 3040 3465 consecuti
3078 3409 3155 3463 illi
3205 3415 3356 3471 sunt,
3388 3413 3578 3478 utpote
3604 3407 3688 3461 la-

411 3512 596 3565 γονεν.
633 3498 851 3570 Ἐπειδὴ
881 3498 989 3570 γὰρ
1019 3499 1169 3553 αἰτία
1207 3500 1401 3569 γέγονε
1439 3497 1534 3552 τοῦ
1564 3499 1719 3571 ἄωρα
1755 3501 1847 3554 τὸν
1887 3500 1997 3572 βίον

2108 3504 2195 3559 bis
2227 3501 2406 3557 omnis
2453 3510 2729 3572 expertes.
2781 3499 2896 3555 Nisi
2952 3500 3098 3556 enim
3139 3499 3274 3554 illud
3320 3496 3699 3562 obtinuerint,.

412 3588 487 3641 τά
541 3588 714 3661 βρέφη
748 3590 1135 3659 μεταλλάττειν
1168 3590 1579 3664 τιμωρηθέντα,
1614 3592 1709 3645 καὶ
1750 3592 1997 3665 βασιλικῇ

2109 3602 2320 3650 tantum
2370 3593 2477 3649 illis
2532 3592 2733 3663 malum
2783 3592 3047 3648 Dominus
3094 3589 3448 3653 consciverit,
3525 3588 3686 3658 cujus

412 3679 614 3752 ἀπειλῇ
641 3681 1004 3748 ὑποπεσόντα,
1045 3682 1139 3736 τοῦ
1170 3684 1249 3755 μὴ
1270 3684 1473 3753 φθάσαι
1511 3683 1592 3745 εἰς
1624 3682 1833 3753 ἀγῶνα,
1855 3685 1997 3749 ὅπως

2108 3699 2276 3741 causa
2306 3685 2483 3741 necati
2510 3694 2656 3740 sunt.
2687 3683 2845 3751 Quod
2875 3683 2924 3738 si
2952 3683 3023 3739 ob
3048 3681 3299 3738 eumdem
3337 3681 3490 3751 prius
3520 3679 3688 3735 inter-

415 3772 756 3842 κομίσωνται
788 3774 856 3828 τὰ
886 3774 920 3845 β
928 3775 1144 3847 ραϐεἰα.

2108 3776 2237 3832 fecti
2288 3782 2436 3840 sunt,
2487 3790 2652 3846 quam
2707 3776 2763 3829 in
2810 3780 3087 3830 certamen
3139 3770 3570 3837 descenderent,
3620 3782 3687 3823 ac

417 3868 705 3935 praemium
752 3880 1571 3943 assequcrentur,,consequens
1611 3880 1697 3928 est
1764 3870 1911 3927 illius
1941 3869 2234 3925 adventum
2287 3866 2490 3922 mundo
2518 3867 2701 3939 potius
2738 3866 3125 3921 detrimentum
3189 3862 3461 3926 attulisse,
3534 3874 3679 3930 quo-

416 3957 570 4011 niam
633 3957 852 4026 quidem
901 3972 1123 4013 causam
1168 3958 1275 4013 illis
1331 3960 1645 4030 praebuerit,
1706 3973 1807 4014 cur
1842 3967 1903 4013 et
1950 3959 2243 4012 immatura
2288 3964 2466 4011 morte
2515 3957 2681 4010 vitam
2726 3969 2821 4025 per
2860 3952 3125 4024 supplicia
3175 3950 3590 4022 profunderent,
3626 3957 3683 4004 et

418 4048 573 4119 regio
598 4048 955 4104 nihilominus
983 4050 1275 4109 interdicto
1304 4066 1336 4105 a
1366 4054 1665 4109 certamine
1688 4049 1914 4123 perinde
1951 4064 2014 4105 ac
2046 4051 2268 4121 przemio
2299 4047 2555 4121 prohibiti
2592 4046 2813 4102 fuerint.

495 4144 817 4215 Ἰδωμενδὲ
851 4146 945 4200 καὶ
992 4145 1160 4210 ἄλλας
1208 4145 1462 4221 θεωρίας.
1511 4147 1681 4202 Κάλει
1717 4164 1808 4219 μοι
1836 4146 1997 4200 Σαλοι-

2182 4142 2291 4199 Sed
2321 4151 2376 4199 et
2408 4143 2513 4198 alia
2545 4153 2805 4214 praeterea
2838 4140 3142 4196 videamus.
3186 4135 3419 4191 Prodeat
3460 4134 3528 4191 ad
3558 4132 3688 4189 Hie-

427 4235 621 4308 μῶντα
659 4236 751 4290 τὸν
796 4237 1070 4309 μακάριον
1103 4239 1199 4292 καὶ
1243 4239 1553 4309 σοφώτατον
1598 4239 1735 4312 πρὸς
1782 4238 1997 4308 ἔλεγχον

2111 4251 2293 4291 racam
2340 4236 2493 4291 illum
2537 4232 2888 4290 refutandum
2922 4232 3114 4287 beatus
3150 4243 3214 4285 ac
3247 4226 3715 4299 sapientissimus.

418 4330 519 4386 τοῦ
561 4329 781 4401 ἰέρακα
811 4330 1022 4387 τούτου.
1046 4330 1239 4402 Δεῦρο,
1260 4331 1555 4402 προφητῶν
1578 4331 1997 4403 μακαριέστατε,

2111 4329 2201 4384 ille
2233 4326 2513 4385 Salomon.
2538 4327 2684 4382 Ades
2716 4326 2901 4397 igitur,
2934 4323 3320 4396 prophetarum
3347 4317 3685 4420 beatissime,

415 4424 447 4476 ό
473 4421 658 4476 λαϐὼν
688 4420 841 4493 παρὰ
868 4421 1073 4493 Κυρίου
1108 4422 1260 4494 χύμα
1296 4422 1521 4496 καρδίας
1553 4424 1648 4479 καὶ
1683 4423 1895 4493 σοφίας,
1928 4421 2005 4486 ὡς

416 4513 521 4585 τὴν
555 4511 740 4582 ἄμμον
769 4511 867 4584 τὴν
910 4512 1062 4584 παρὰ
1086 4514 1146 4567 τὸ
1175 4515 1352 4585 χεῖλος
1398 4515 1499 4587 τῆς
1544 4514 1819 4586 θαλάσσης
1850 4514 1904 4569 τί
1937 4514 2004 4571 ἂν

417 4603 682 4676 περὶτῶν
722 4605 929 4660 παίδων
972 4604 1259 4677 φρονοίης;
1305 4606 1415 4660 Καί
1448 4623 1614 4678 φησι’
1649 4605 1852 4675 Γῆρας
1897 4605 2005 4677 γὰρ

418 4698 639 4766 τίμιον,
664 4697 738 4751 οὺ
767 4696 834 4750 τὸ
870 4699 1277 4766 πολύχρονον,
1309 4699 1448 4754 οὔτε
1480 4698 1703 4769 ἀριθμῷ
1727 4697 1878 4754 ἐτῶν
1903 4716 2008 4769 με·

410 4786 721 4861 μέτρηται.
771 4788 962 4844 Πολιὰ
1017 4787 1085 4843 δέ
1120 4790 1253 4843 ἐστι
1305 4791 1601 4859 φρόνησις
1648 4789 2004 4858 ἀνθρώποις,

417 4880 521 4932 καὶ
569 4878 777 4946 ἡλικία
824 4878 1018 4949 γήρως
1049 4880 1190 4946 ,ϐίος
1231 4879 1620 4948 ἀκηλίδωτος.
1668 4881 2004 4950 Γενόμενος

416 4970 749 5041 ἄμεμπτος,
792 4970 915 5032 Θεῷ
955 4970 1255 5041 ἠγαπήθη,
1286 4971 1384 5025 καὶ
1413 4968 1525 5032 ζῶν
1562 4970 1790 5041 μεταξὺ
1818 4974 2002 5041 ἀμαρ-

417 5060 634 5115 τωλῶν
678 5059 978 5130 μετετέθη.
1032 5061 1317 5131 Ἡρπάγη,
1370 5060 1459 5131 μὴ
1515 5063 1555 5130 ἠ
1610 5063 1787 5116 κακία
1820 5062 2005 5116 αὐτοῦ

416 5150 665 5221 ἀλλάξῃ
703 5153 979 5218 σύνεσιν,
1024 5153 1062 5223 ἢ
1099 5153 1282 5221 δόλος
1329 5152 1615 5222 ἀπατήσῃ
1653 5153 1862 5222 ψυχὴν
1908 5156 2008 5208 αὑ-

415 5240 552 5293 τοῦ.
580 5242 893 5294 Βασκανία
923 5243 1032 5312 γὰρ
1052 5242 1430 5313 φαυλότητος
1455 5244 1713 5312 ἀμαυροῖ
1729 5244 1799 5297 τὰ
1827 5242 2003 5309 καλὰ,

412 5332 521 5387 καὶ
558 5332 903 5402 ρεμόασμὸς
934 5335 1247 5403 ἐπιθυμίας
1273 5335 1625 5403 μεταλλεύει
1672 5335 1825 5389 γοῦν
1863 5334 2006 5389 ἅκα-

415 5440 556 5478 κον.
593 5424 707 5478 Καὶ
738 5426 820 5479 ὅτι
850 5426 949 5497 μὲν
992 5421 1085 5480 οὖν
1131 5427 1260 5494 περὶ
1291 5426 1497 5479 παίδων
1526 5425 1694 5495 λέγει,
1730 5424 1857 5496 ἑξῆς
1889 5427 2007 5478 ἐπι-

417 5515 582 5587 φέρει
616 5514 792 5585 λέγων
811 5534 824 5546 ·
885 5516 1219 5583 Τελειωθεὶς
1268 5516 1338 5569 ἐν
1382 5516 1562 5585 ὀλίγῳ
1608 5514 1963 5583 ἐπλήρωσεν
1987 5531 2000 5543 ·

416 5605 513 5659 ενα
546 5612 680 5680 εἴπῃ
702 5623 716 5637 ο
773 5606 1115 5679 Τελευτήσας
1164 5607 1282 5672 νέος
1316 5607 1598 5680 ἐπλήρωσε
1626 5606 1848 5677 χρόνους
1899 5623 2002 5678 μα-

495 5758 519 5794 ⁸
539 5758 609 5816 ω
632 5759 766 5833 Reg.
798 5762 973 5830 tv,29.
1053 5767 1073 5797 ²
1097 5763 1224 5835 Sap.
1252 5779 1326 5832 tv,
1351 5762 1504 5817 8-12.
1580 5762 1602 5795 ³
1626 5761 1760 5818 ibid.
1790 5761 1891 5817 15..

2109 4420 2200 4492 qui
2233 4433 2264 4473 a
2294 4417 2527 4475 Domino
2549 4425 2753 4472 tantam
2805 4415 2990 4472 cordis
3030 4429 3095 4469 ac
3135 4412 3417 4483 sapientia
3447 4408 3690 4462 latitudi-

2107 4528 2230 4567 nem
2263 4518 2460 4566 nactus
2494 4525 2576 4573 es,
2603 4514 2807 4580 quanta
2839 4515 2922 4564 est
2963 4520 3250 4561 arenarum
3297 4504 3369 4558 in.
3393 4503 3562 4558 maris
3595 4502 3687 4557 lit-

2107 4608 2227 4657 tore
2264 4604 2314 4669 ¹;
2350 4601 2439 4656 dic
2487 4601 2665 4666 nobis,
2707 4613 2828 4670 quae
2875 4608 2966 4652 tua
3016 4597 3089 4652 sit
3137 4596 3206 4651 de
3249 4594 3435 4666 pueris
3479 4593 3686 4663 opinio.

2109 4693 2210 4747 Hic
2247 4693 2432 4765 igitur,
2489 4689 2762 4754 Senectus,
2802 4688 3009 4759 inquit,
3051 4685 3381 4746 venerabilis,
3418 4699 3527 4737 non
3573 4682 3691 4735 lon-

2106 4802 2276 4859 θωνα,
2311 4801 2402 4839 nec
2424 4798 2679 4837 annorum
2707 4797 2923 4836 numero
2955 4786 3296 4848 computata;
3326 4774 3546 4829 canities
3569 4789 3689 4828 vero

2108 4877 2390 4948 prudentia
2427 4883 2505 4930 est
2543 4873 2858 4939 hominibus,
2892 4881 2940 4925 et
2973 4881 3103 4927 celas
3135 4868 3413 4924 senectutis
3450 4866 3557 4919 vita
3586 4866 3690 4917 im-

2110 4970 2398 5025 maculata.
2428 4966 2561 5023 Cum
2590 4969 2703 5022 sine
2733 4964 3126 5034 reprehensione
3154 4968 3310 5025 esset,
3339 4975 3374 5011 a
3414 4956 3526 5011 Deo
3554 4954 3690 5008 dile-

2112 5071 2227 5116 ctus
2256 5069 2354 5124 est,
2402 5069 2451 5114 et
2498 5061 2669 5114 vivens
2708 5059 2845 5111 inter
2896 5063 3192 5125 peccatores
3237 5048 3531 5104 translatus
3587 5053 3688 5110 est,

2114 5162 2296 5222 raptus
2326 5160 2405 5207 est
2444 5167 2506 5206 ne
2538 5150 2749 5204 malitia
2789 5154 3019 5202 mutaret
3045 5143 3387 5206 intellectum,
3414 5146 3507 5193 aut
3534 5136 3691 5191 dolus

2113 5244 2366 5311 deciperet
2395 5242 2627 5298 animam
2651 5240 2836 5310 ipsius.
2863 5236 3174 5292 Fascinatio
3201 5233 3385 5305 quippe
3414 5229 3693 5299 nugacita-

2115 5338 2182 5389 tis
2250 5334 2496 5389 obscurat
2539 5333 2693 5395 bona,
2748 5338 2797 5385 et
2855 5327 3211 5383 inconstantia
3260 5319 3691 5391 concupiscentia

2114 5426 2416 5480 transvertit
2448 5434 2669 5479 mentem
2691 5424 2803 5479 sine
2833 5421 3042 5476 malitia
3069 5421 3111 5473 ¹.
3150 5418 3220 5474 Ut
3248 5423 3426 5471 autem
3457 5413 3526 5468 de
3555 5425 3691 5483 plle-

2110 5516 2189 5570 ris
2216 5516 2362 5587 loqui
2391 5515 2542 5569 illum
2592 5520 2883 5585 appareat,
2927 5513 3114 5568 statim
3162 5508 3394 5580 adjicit:
3429 5502 3707 5560 Consum--

2113 5616 2286 5662 matus
2323 5607 2380 5662 in
2411 5606 2549 5661 brevi
2584 5605 2822 5675 explevit.
2843 5604 2885 5672 ³,
2916 5602 3076 5676 quasi
3105 5601 3252 5659 dicat
3280 5617 3298 5655 :
3325 5595 3573 5654 Mortuus
3593 5592 3705 5664 ju--
