4138 6396
465 316 569 373 I79

458 522 691 582 Domino
723 531 904 584 anima
933 533 1079 588 illius
1107 553 1126 589 :
1157 551 1433 608 propterea
1478 545 1744 614 festinavit
1770 569 1887 606 eum
1917 556 2048 609 edu-

459 633 575 671 cere
620 621 683 674 de
725 623 895 678 medio
948 627 1170 682 malitia:
1204 632 1243 686 ¹.
1277 633 1418 699 Quin
1461 647 1517 693 et
1571 645 1714 712 apud
1753 644 2046 706 Jeremiam

461 706 726 766 Dominus
755 753 769 776 ,
800 713 1113 787 Antequam,
1143 722 1337 794 inquit,
1371 729 1425 782 in
1473 741 1620 785 utero
1657 735 1944 804 formarem
1976 751 2044 804 te,

529 986 594 1043 V.
630 989 734 1046 Sed
771 995 838 1049 ad
871 995 1207 1057 Salvatorem
1245 1007 1445 1074 ipsum,
1487 1018 1541 1064 et
1575 1027 1637 1067 os
1684 1014 1814 1069 illud
1846 1033 2043 1086 expers

454 1081 724 1138 mendacii
778 1090 1131 1162 omniumque
1186 1113 1368 1151 rerum
1415 1103 1724 1172 cognitione
1756 1107 2042 1176 praeditum

455 1173 758 1232 veniamus.
797 1179 960 1236 Adsis
996 1183 1180 1254 igitur,
1212 1203 1245 1242 ο
1293 1187 1538 1257 Domine,
1577 1202 1630 1249 et
1673 1173 2043 1269 intelligentiae

451 1276 658 1323 nostrae
691 1286 846 1341 opem
882 1274 1061 1332 ferens
1096 1277 1381 1336 Hieracam
1416 1284 1566 1338 illum
1609 1288 1839 1358 ejusque
1871 1298 2040 1346 teme-

451 1358 668 1416 ritatem
712 1377 897 1435 argue.
944 1368 1306 1440 Accesserant,
1353 1375 1550 1446 inquit,
1598 1379 1668 1432 ad
1710 1380 1865 1434 illum
1913 1399 2042 1451 pue-

449 1451 577 1516 ruli,
607 1464 665 1508 ut
695 1472 883 1513 manus
907 1460 1016 1515 illis
1054 1463 1341 1533 imponeret
1379 1468 1542 1541 714
1571 1487 1634 1524 ac
1679 1470 2036 1538 benediceret;

449 1543 702 1614 discipuli
745 1566 863 1605 vero
912 1556 1226 1623 repellebant
1273 1560 1394 1615 illos
1426 1572 1477 1615 et
1505 1564 1864 1630 prohibebant.
1918 1566 2039 1637 Ipse

450 1656 568 1693 vero
593 1641 731 1696 dixit
763 1645 872 1699 illis
903 1663 922 1700 :
954 1646 1124 1704 Sinite
1163 1652 1430 1720 parvulos,
1463 1665 1512 1709 et
1563 1674 1626 1711 ne
1671 1659 1937 1728 prohibete
1965 1661 2036 1714 il-

450 1731 529 1784 los
568 1734 742 1789 venire
788 1742 857 1790 ad
904 1754 1004 1792 me.
1055 1741 1268 1796 Talium
1312 1746 1450 1799 enim
1493 1756 1568 1801 est
1613 1766 1828 1820 regnum
1880 1754 2039 1806 caelo-

1877 345 1934 403 S.
1975 347 2320 409 EPIPHANH

461 434 617 489 venis
664 435 906 508 implevit
955 450 1198 515 tempora
1255 451 1442 506 multa.
1511 454 1724 513 Placila
1762 463 1898 517 enim
1932 482 2023 520 era

472 522 687 548 T.---_.‘_._
736 531 814 548 “H-
940 533 1015 548 οη·
1492 545 1505 548 -

2150 472 2335 544 κρούς.
2378 475 2422 527 Ἄ
2425 478 2615 544 ρεστὴ
2646 478 2756 548 γὰρ

3636 378 3739 435 18θ

2781 476 2859 552 ἦν
2895 485 3087 551 Κυρίῳ
3113 486 3149 552 ἡ
3179 487 3350 556 ψυχὴ
3389 491 3608 544 αὐτοῦ·
3639 493 3737 548 διὰ

2150 565 2324 618 τοῦτο
2356 567 2665 623 ἔσπευσεν
2697 573 2766 625 ἐκ
2792 575 2986 642 μέσου
3025 561 3336 648 πονηρίας.
3379 583 3489 636 Καὶ
3518 583 3598 655 τῷ
3640 587 3734 638 Ἰε-

2152 660 2316 728 ρεμίᾳ
2346 661 2510 729 φησὶν
2543 661 2570 711 ὁ
2606 663 2809 735 Κύριος
2829 683 2842 697 ο
2877 667 2996 735 Πρὸ
3035 670 3140 724 τοῦ
3165 689 3246 740 με
3278 673 3511 732 πλάσαι
3561 692 3635 729 σε
3663 677 3735 731 ἐν

2149 751 2364 816 κοιλίᾳ,
2400 753 2726 824 ἐπίσταμαί
2763 773 2857 822 σε,
2898 760 2995 814 καὶ
3033 763 3146 830 πρὸ
3193 764 3297 818 τοῦ
3343 765 3614 830 ἐξελθεῖν
3656 787 3731 824 σε

2035 837 2046 888 i
2147 839 2216 892 ἐκ
2245 841 2499 911 μήτρας,
2531 847 2751 916 ήγίακά
2782 869 2875 905 σε.

2216 1024 2290 1076 E'.
2354 1026 2580 1098 Ἷδωμεν
2633 1030 2687 1082 δὲ
2727 1032 2890 1086 αὐτὸν
2931 1035 3024 1091 τὸν
3069 1037 3328 1110 Σωτῆρα,
3382 1040 3443 1093 τὸ
3495 1041 3726 1111 ἀψευδὲς

2145 1114 2338 1184 στόμα,
2374 1116 2434 1168 τὸ
2457 1118 2723 1186 γινῶσκον
2752 1121 2822 1175 τά
2849 1124 3048 1181 πάντα.
3078 1128 3272 1200 Δεῦρο,
3319 1129 3513 1202 Κύριε,
3542 1132 3724 1204 βοήθει

2141 1208 2207 1276 τῇ
2237 1206 2447 1281 διανοίᾳ
2496 1211 2653 1281 ήμῶν
2677 1231 2690 1244 ·
2731 1212 2949 1284 ἔλεγξον
2981 1218 3037 1271 δὲ
3085 1220 3176 1274 τὸν
3225 1221 3462 1293 Ἱέρακα,
3499 1224 3594 1278 καὶ
3625 1225 3724 1295 τὴν

2142 1299 2322 1351 αὐτῶν
2381 1303 2733 1372 προπέτειαν.
2787 1308 3144 1379 Προσῆλθον
3199 1313 3379 1380 αὐτῷ,
3440 1316 3595 1386 φησὶ,
3651 1317 3724 1370 τὰ

2140 1393 2365 1457 παιδία,
2399 1396 2501 1449 ἵνα
2525 1396 2601 1465 θῇ
2618 1398 2822 1467 χεῖρας
2847 1402 2940 1455 ἐπ’
2973 1405 3125 1458 αὐτὰ
3160 1407 3259 1460 καὶ
3287 1407 3621 1478 εὐλογήσῃ.
3658 1411 3723 1464 οι

2137 1485 2207 1538 δὲ
2250 1489 2508 1556 μαθηταὶ
2560 1491 2910 1546 ἀπωθοῦντο
2952 1496 3129 1558 αὐτὰ,
3170 1497 3270 1552 καὶ
3305 1499 3592 1556 ἐκώλυον.
3660 1501 3722 1556 '0

2137 1576 2206 1630 δὲ
2236 1577 2387 1645 πρὸς
2423 1581 2644 1648 αὐτοὺς
2675 1583 2792 1651 ἔφη
2814 1600 2827 1614 ·
2860 1587 3076 1655 Ἅφετε
3107 1589 3178 1642 τὰ
3212 1590 3438 1656 παιδία,
3487 1593 3589 1646 καὶ
3630 1593 3720 1664 μὴ

2137 1669 2398 1722 κωλύετε
2434 1670 2586 1725 αὐτὰ
2614 1673 2811 1728 ἐλθεῖν
2838 1677 2988 1748 πρός
3019 1695 3116 1747 με.
3153 1679 3276 1734 Τῶν
3302 1684 3412 1751 γὰρ
3439 1686 3722 1740 τοιούτων

2137 1756 2309 1811 ἐστὶν
2360 1761 2399 1828 ἠ
2441 1761 2732 1824 ,βασιλεία
2775 1763 2898 1818 τῶν
2953 1768 3247 1834 οὐρανῶν.
3314 1772 3425 1826 Καὶ
3483 1773 3570 1827 ἵνα
3641 1773 3719 1844 μὴ

448 1837 568 1875 rum
613 1823 652 1878 ³.
700 1822 807 1881 Sed
852 1843 924 1884 ne
968 1834 1321 1900 puerulorum
1356 1839 1756 1903 tantummodo,
1808 1857 1872 1895 ac
1923 1858 2025 1898 non

2139 1849 2297 1918 μόνον
2340 1822 2639 1924 παιδαρίων
2683 1857 2847 1929 νοηθῇ
2903 1861 2936 1930 ὴ
2995 1822 3246 1930 βασιλεία
3449 1822 3716 1933 οὑρανιῖῖνί

447 1914 673 1984 reliqua:
700 1920 878 1976 aetatis
903 1922 1124 1978 cmleste
1147 1940 1374 1996 regnum
1405 1943 1526 1984 esse
1551 1931 1920 2002 crederemus,
1951 1937 2032 1992 sic

447 2007 518 2062 ab
551 2009 657 2067 illis
688 2027 918 2070 exorsus
950 2024 1054 2081 est,
1087 2025 1147 2072 ut
1175 2033 1518 2076 communem
1551 2038 1674 2078 cum
1707 2024 1772 2080 iis
1803 2026 2032 2084 haeredi-

445 2105 612 2153 tatem
656 2101 870 2158 illorum
913 2106 1186 2165 similibus
1227 2110 1508 2167 tribueret.
1543 2111 1662 2168 Jam
1699 2132 1827 2171 vero
1861 2119 1908 2174 si
1942 2120 2030 2177 his

445 2191 604 2260 ipsis,
638 2194 729 2263 qui
756 2197 1005 2265 proxime
1041 2199 1109 2254 ad
1142 2201 1262 2258 iilos
1296 2207 1650 2273 accesserint,
1689 2210 1911 2268 caeleste
1940 2228 2029 2269 re-

443 2297 608 2352 gnum
639 2289 1009 2356 promittitur:
1041 2302 1248 2362 quanto
1285 2295 1337 2350 id
1373 2297 1474 2367 ipsi
1514 2301 1688 2370 magis
1729 2316 2018 2373 assequen-

446 2381 535 2427 tur
568 2393 580 2428 :
619 2391 850 2445 quorum
885 2380 955 2434 ad
979 2386 1255 2455 exemplar
1285 2403 1349 2442 ac
1393 2390 1749 2462 archetypum
1780 2398 2026 2466 expressi

443 2475 572 2522 sunt
606 2468 736 2524 alii?
761 2472 910 2528 Adeo
949 2475 1134 2532 nullus
1180 2479 1342 2536 istius
1391 2481 1585 2538 fabulae
1629 2485 1781 2543 locus
1814 2497 1899 2544 est
1939 2505 2025 2545 re-

441 2559 623 2616 lictus.
658 2561 912 2619 Omnium
942 2568 1141 2639 quippe
1171 2573 1464 2628 miseretur
1491 2573 1754 2634 Dominus
1789 2598 1801 2634 :
1837 2577 2028 2636 Custo-

441 2649 589 2706 diens
645 2654 784 2708 enim
833 2659 1081 2722 parvulos
1131 2661 1390 2718 Dominus
1438 2665 1479 2718 ⁸.
1532 2665 1661 2723 Item
1708 2687 1721 2722 :
1762 2668 2022 2740 Laudato,

438 2744 606 2811 pueri,
640 2744 978 2804 Dominum“.
1000 2749 1204 2810 Deinde
1235 2757 1587 2826 praedicatum
1607 2762 1737 2817 illud
1769 2779 1799 2817 a
1834 2767 2020 2836 pueris

439 2845 524 2892 est
550 2858 564 2892 :
592 2839 910 2898 Hosannain
934 2845 1171 2901 excelsis.
1202 2847 1514 2904 Benedictus
1546 2854 1637 2922 qui
1673 2856 1805 2910 venit
1837 2857 1893 2911 in
1923 2875 2020 2917 no-

2133 1943 2230 1992 καὶ
2262 1940 2382 2012 οὐχὶ
2411 1943 2504 1996 ἐπὶ
2532 1948 2709 2000 πᾶσαν
2739 1950 2976 2020 ἠλικίαν,
3014 1953 3111 2007 ἀπ’
3149 1954 3331 2008 αὐτῶν
3366 1955 3462 2026 μὲν
3487 1955 3588 2028 τὴν
3619 1957 3719 2028 ἁρ-

2133 2032 2236 2104 χὴν
2276 2033 2523 2105 ἄρχεται,
2557 2042 2672 2102 τοῖς
2717 2040 2773 2094 δὲ
2807 2043 3014 2112 ὁμοίοις
3047 2046 3228 2099 αὐτῶν
3260 2035 3558 2118 δεδώρηται
3595 2053 3715 2120 μετ’

2131 2121 2310 2175 αὐτῶν
2343 2122 2487 2194 ἔχειν
2513 2127 2614 2196 τὴν
2646 2129 3036 2204 κληρονομίαν.
3073 2135 3136 2188 Εἰ
3159 2136 3268 2207 γὰρ
3293 2139 3344 2190 οἳ
3375 2138 3496 2194 κατ’
3521 2139 3717 2205 αὐτοὺς

2133 2212 2434 2285 βασιλεύειν
2479 2218 2684 2290 ἔχουσι,
2742 2225 2894 2297 πόσῳ
2922 2243 2986 2296 γε
3043 2213 3256 2300 μᾶλλον
3303 2232 3353 2284 oi
3416 2232 3721 2303 apxétumt

2128 2307 2236 2362 τῶν
2271 2312 2389 2364 κατ’
2425 2311 2622 2376 αὐτοὺς
2659 2315 3044 2390 ὑπαρχόντωνς
3083 2323 3192 2375 Καὶ
3227 2324 3517 2379 πέπτωκεν
3545 2326 3714 2385 αὐτοῦ

2127 2404 2158 2456 ὁ
2201 2403 2453 2475 μυθώδης
2484 2407 2662 2478 λόγος.
2709 2409 2928 2478 Πάντας
2960 2413 3068 2487 γὰρ
3099 2417 3242 2470 ἐλεεῖ
3267 2419 3295 2471 ὁ
3329 2417 3551 2490 Κύριος.
3593 2421 3712 2472 Φυ-
3761 2428 3764 2430 ⁷

2126 2496 2382 2548 λασσων
2413 2497 2522 2566 γὰρ
2572 2499 2646 2553 τὰ
2686 2501 2876 2570 νήπια
2926 2507 2961 2559 ὁ
3007 2506 3253 2574 Κύριος·
3303 2507 3419 2569 καὶ,
3466 2507 3710 2567 Αἰνεῖτε.

2127 2583 2356 2652 παῖδες,
2387 2589 2622 2656 Κύριον.
2659 2592 2772 2646 Καὶ
2796 2593 2866 2647 τὰ
2891 2595 3078 2649 παιδία
3104 2597 3380 2669 ἐκήρυξαν
3402 2617 3417 2630 ο
3453 2600 3714 2654 Ὡσαννὰ

2125 2674 2196 2729 ὲν
2229 2676 2352 2743 τοῖς
2395 2679 2697 2748 ὑψίστοις.
2762 2686 3188 2756 Εὐλογημένος
3216 2690 3250 2742 ὀ
3283 2689 3598 2758 ἐρχόμενος
3642 2690 3713 2744 ἐν

2127 2769 2369 2839 ὀνόματι
2385 2773 2606 2840 Κυρίου
2621 2791 2633 2802 ·
2654 2775 2770 2843 καὶ,
2803 2777 2903 2832 Ἐκ
2930 2781 3226 2849 στόματος
3239 2783 3473 2850 νηπίων
3495 2783 3713 2849 amitin-

2124 2861 2425 2922 λαζόντων
2439 2869 2774 2936 κατηρτίσω
2802 2866 2997 2928 αἶνον.
3021 2873 3133 2926 Καὶ
3156 2873 3296 2927 πόσα
3321 2876 3438 2928 ἐστὶ
3455 2873 3716 2953 τοιαῦταί

439 2931 579 2986 mine
615 2930 829 2990 Domini
858 2935 901 2992 ⁸.
971 2937 1104 2994 Item
1162 2960 1176 2996 :
1218 2939 1304 2995 Ea:
1347 2960 1436 2998 ore
1481 2946 1764 3016 infantium
1819 2960 1870 3006 et
1929 2953 2232 3009 lactentium
2270 2958 2535 3028 perfecisti
2576 2930 2798 3016 laudem
2851 2963 2894 3017 ’.
2955 2962 3110 3020 Mitto
3161 2966 3266 3031 alia
3311 2967 3432 3037 ejus
3495 2930 3710 3038 generi;

437 3025 673 3083 inﬁnita.

507 3122 598 3178 Vl.
626 3125 706 3181 Ad
739 3129 923 3185 carnis
963 3147 1094 3186 vero
1131 3139 1589 3194 resurrectionem
1619 3141 1765 3211 quod
1801 3142 2015 3211 attinet,

2194 3146 2290 3212 ς’.
2335 3145 2471 3216 Περὶ
2502 3145 2559 3198 δὲ
2594 3147 2795 3218 σαρκὸς
2815 3147 3185 3214 ἀναστάσεως,
3217 3148 3338 3212 πῶς
3357 3149 3476 3220 οὐχὶ
3509 3149 3711 3223 σαρκὸς

436 3233 623 3274 nonne
679 3223 972 3278 convenire
1025 3225 1118 3279 illa
1174 3229 1326 3282 carni
1387 3229 1578 3298 debet,
1635 3249 1668 3287 0
1722 3235 2019 3291 vanissime

435 3309 689 3376 Hieraea,
719 3329 842 3369 cum
865 3325 919 3372 et
963 3317 1079 3388 ipsa
1107 3319 1362 3390 loquendi
1398 3325 1538 3380 ratio
1568 3327 1702 3382 satis
1738 3329 1844 3382 vim
1875 3330 2020 3385 illius

437 3404 670 3472 arguat?
692 3403 902 3461 Etenim
933 3413 1263 3472 resurrectio
1290 3412 1356 3477 de
1379 3431 1444 3470 eo
1477 3432 1585 3472 non
1626 3418 1849 3481 dicitur,
1875 3421 2020 3490 quod

435 3495 663 3551 minime
690 3498 971 3554 ceciderit.
1019 3499 1290 3566 Quidnam
1341 3508 1505 3577 igitur
1553 3511 1684 3566 illud
1741 3522 1826 3568 est
1875 3513 2018 3586 quod

436 3588 654 3654 cecidit,
692 3592 837 3661 quod
873 3595 1142 3674 sepultum
1174 3605 1258 3654 est
1303 3608 1466 3670 atque
1499 3601 1848 3666 dissolutum.
1884 3622 2022 3677 prae-

435 3689 686 3749 terquem
710 3697 908 3754 corpus
925 3670 953 3737 ?‘
979 3683 1164 3758 Neque
1195 3689 1342 3743 enim
1391 3689 1459 3746 de
1499 3693 1682 3747 anima
1726 3695 1834 3750 dici
1873 3670 2020 3753 istud

435 3782 638 3845 potest,
679 3793 798 3846 qua
839 3794 1014 3849 neque
1061 3781 1274 3848 cadere,
1316 3800 1490 3855 neque
1530 3790 1771 3857 separari
1819 3798 2018 3860 potest.

436 3865 602 3921 Plura
656 3870 761 3924 alia
823 3870 890 3928 de
953 3886 1016 3934 ea
1067 3887 1126 3929 re
1164 3874 1432 3946 disputari
1478 3889 1728 3954 possunt,
1761 3881 1855 3936 sed
1906 3882 2022 3936 hare

435 3974 650 4014 summa
699 3970 819 4018 esto
863 3978 877 4015 :
931 3967 1390 4023 resurrectionem
1431 3985 1770 4042 nequaquam
1825 3974 2022 4029 animae

434 4051 624 4119 tribui,
655 4055 752 4110 sed
793 4071 995 4129 corpus
1031 4076 1154 4117 esse
1199 4061 1343 4131 quod
1385 4066 1641 4140 resurgit.
1697 4064 1852 4131 Quod
1893 4082 2022 4122 vero

434 4143 504 4200 de
562 4146 827 4204 electione
882 4151 1036 4220 plura
1099 4153 1269 4219 dicit,
1325 4171 1432 4224 qua
1492 4155 1742 4212 Salvator
1795 4159 2024 4229 virgini-

432 4244 624 4302 tatem,
672 4243 1066 4297 continentiam
1125 4253 1180 4299 et
1217 4245 1597 4303 castimoniam
1644 4247 1853 4318 elegit:
1897 4250 2022 4318 quis

433 4327 540 4384 hoc
579 4345 688 4385 non
738 4325 1009 4404 intelligit,
1044 4335 1113 4391 de
1148 4336 1336 4391 eodem
1379 4336 1592 4393 delectu
1624 4339 1845 4409 gloriari
1879 4356 2020 4410 quo-

433 4439 542 4494 que
567 4433 833 4490 sanetam,
863 4428 1186 4483 catholicam
1216 4438 1270 4484 et
1304 4432 1662 4501 apostolicam
1687 4431 2021 4490 Ecclesiam?

435 4512 543 4576 Sed
573 4515 759 4571 eadem
791 4518 1146 4575 nihilominus
1177 4529 1231 4575 et
1257 4537 1351 4576 eos
1377 4538 1614 4592 quoque,
1646 4524 1740 4594 qui
1773 4525 2016 4580 honestis
2048 4508 2092 4563 Ῐ)

433 4608 642 4679 nuptiis
676 4609 864 4680 illigati
896 4618 1044 4678 sunt,
1074 4627 1175 4682 pro
1218 4614 1304 4667 sui
1357 4613 1672 4668 conditione
1711 4624 1908 4679 status,
1947 4617 2014 4671 ad

433 4701 665 4762 salutem
692 4703 976 4772 pervenire
1009 4719 1171 4774 posse
1200 4721 1307 4759 non
1342 4706 1574 4760 dubitat.
1622 4705 1756 4760 Nam
1791 4723 2014 4762 venera-

432 4793 573 4852 biles
594 4810 719 4851 esse
749 4797 967 4865 nuptias
995 4797 1038 4860 ⁸,
1068 4812 1131 4851 ac
1162 4796 1255 4852 Dei
1289 4799 1564 4868 aspirante
1589 4800 1764 4869 gratia
1794 4801 2014 4855 caeleste

431 4901 658 4957 regnum
695 4887 940 4943 obtinere
970 4891 1092 4958 quis
1120 4889 1201 4944 vel
1229 4905 1294 4944 ex
1327 4905 1393 4944 eo
1422 4905 1528 4944 non
1557 4899 1835 4961 agnoscat,
1866 4892 2012 4961 quod

432 4975 500 5030 ad
530 4976 750 5046 nuptias
781 4977 1043 5033 invitatus
1068 4977 1317 5033 Salvator
1353 4979 1468 5049 ipse
1501 4979 1683 5048 fuerit,
1725 4989 1784 5035 ut
1819 4981 1884 5036 iis
1913 4982 2010 5036 be-

430 5068 743 5123 nediceret?
769 5069 925 5135 Quod
959 5071 1005 5124 si
1035 5077 1150 5124 tum
1183 5071 1390 5142 nuptiis
1431 5072 1697 5128 interesse
1725 5074 2008 5138 noluisset,

430 5159 748 5215 earumdem
789 5176 1014 5217 eversor
1053 5161 1267 5226 fuisset,
1301 5179 1400 5219 nec
1438 5181 1879 5236 unumquemque
1914 5183 2013 5238 pro

429 5264 528 5304 sua
563 5249 935 5305 imbecillitate
965 5250 1197 5321 benigne
1230 5258 1393 5322 atque
1431 5251 1778 5322 indulgenter
1817 5252 2013 5307 admit-

425 5347 547 5395 tere
599 5348 906 5410 putaretur.
969 5339 1330 5407 Quamobrem
1401 5344 1736 5399 venerabiles
1807 5345 2011 5414 nuptiae

431 5438 581 5496 sunt,
613 5447 737 5485 eum
768 5448 862 5489 eas
909 5433 1026 5503 ipse
1065 5434 1430 5489 constituerit.
1466 5433 1700 5505 Ideoque
1727 5444 1782 5490 et
1818 5437 2011 5491 adesse

415 5519 626 5585 ,iisdcm
653 5523 844 5590 voluit,
878 5532 936 5579 ut
962 5540 1148 5580 eorum
1181 5541 1276 5578 ora
1309 5527 1663 5596 praeluderet
1693 5529 1783 5598 qui
1819 5541 2008 5582 contra

506 5718 523 5797 ξ
567 5715 695 5797 Sap.
725 5717 944 5797 1v,_14_._
996 5719 1149 5797 ’_.ler.
1184 5736 1222 5786 l,
1258 5722 1338 5797 5_._
1389 5722 1409 5752 ³
1432 5720 1625 5797 Matth.
1657 5737 1769 5785 xxx,
1803 5724 2006 5797 15,14.

2129 5723 2270 5778 Psal.
2316 5740 2459 5789 sxw,
2487 5729 2540 5784 6.
2617 5731 2637 5761 ⁵
2663 5728 2809 5786 Psal.
2833 5743 2967 5797 cm,
3004 5735 3053 5788 1.

2123 3236 2278 3298 ἔσται
2323 3239 2641 3304 ἀνάστασις,
2685 3233 2730 3293 ὧ
2777 3240 3328 3313 ὲθελόσοφεΊέρακας
3360 3242 3506 3314 Αὐτὴ
3533 3242 3642 3315 γὰρ
3674 3245 3709 3314 ἡ

2123 3332 2388 3403 ὀνομασία
2420 3333 2520 3404 τῆς
2549 3333 2803 3405 φράσεως
2843 3332 3085 3388 δείκνυσι
3116 3334 3214 3406 τὴν
3254 3333 3502 3406 δύναμιν.
3551 3335 3710 3389 Ἀνά-

2125 3441 2314 3488 στασις
2346 3424 2453 3498 γὰρ
2492 3427 2551 3479 οὐ
2597 3425 2839 3491 καλεῖται
2869 3426 2962 3481 τοῦ
3010 3426 3086 3498 μὴ
3121 3427 3489 3491 πεπτωκότος.
3551 3430 3710 3482 Ποῖον

2122 3514 2180 3576 δέ
2216 3518 2331 3570 ἐστι
2359 3515 2420 3570 τὸ
2455 3517 2653 3582 madv;
2703 3520 2853 3570 ποῖον
2901 3517 2961 3570 τὸ
3005 3517 3211 3588 ταφένς
3262 3521 3413 3572 ποῖον
3465 3518 3515 3571 τὸ
3551 3519 3710 3586 λυθὲν

2123 3605 2239 3658 ἀλλ’
2274 3606 2307 3678 ἢ
2338 3605 2396 3659 τὺ
2431 3605 2611 3678 σῶμα,
2667 3607 2761 3660 καὶ
2804 3607 2901 3677 οὐχ
2947 3609 2981 3678 ἡ
3015 3605 3201 3679 illum;
3240 3609 3401 3680 Ψυχὴ
3441 3609 3620 3662 τοίνυν
3647 3609 3708 3669 οὐ

2125 3698 2332 3765 πίπτει,
2369 3697 2495 3752 οὔτε
2527 3698 2811 3753 θάπτεται.
2857 3701 2967 3754 Καὶ
3015 3702 3161 3755 πόσα
3201 3701 3321 3754 ἐστὶ
3353 3703 3482 3772 περὶ
3515 3701 3708 3755 τούτου

2123 3790 2333 3859 λέγεινς
2393 3791 2588 3862 Ψυχῆς
2641 3792 2749 3862 γὰρ
2780 3793 2841 3845 οὐ
2876 3792 3122 3846 καλεῖται
3181 3792 3507 3856 ἀνάστασις,
3572 3794 3711 3848 ἀλλὰ

2127 3881 2286 3952 σῶμά
2323 3882 2440 3934 ἐστι
2483 3882 2544 3936 τὸ
2592 3883 2964 3954 ἐγειρόμενον.
3004 3885 3141 3956 Περὶ
3193 3885 3250 3940 δὲ
3285 3885 3384 3957 τῆς
3417 3887 3706 3966 ἀναλογῆς,

2122 3966 2192 4044 ἦς
2253 3967 2418 4044 ἦλθεν
2476 3975 2504 4027 ὁ
2553 3974 2744 4046 Σωτὴρ
2805 3974 3169 4041 ἀναλέξασθαι
3233 3976 3557 4048 παρθενίαν,
3614 3977 3710 4030 καὶ

2123 4065 2473 4137 ἐγκράτειαν,
2509 4067 2606 4119 καὶ
2647 4066 2890 4134 ἁγνείαν,
2936 4067 3044 4120 τίνι
3082 4069 3180 4121 οὐκ
3235 4067 3351 4121 ἔστι
3402 4068 3582 4139 δῆλον,
3625 4069 3707 4124 ὅτι

2124 4153 2270 4209 ἔστιν
2295 4157 2492 4228 ἐκλογὴ
2529 4159 2623 4211 καὶ
2657 4158 2758 4228 τῆς
2785 4159 2947 4228 ἁγίας
2972 4158 3268 4232 καθολικῆς
3298 4163 3392 4215 καὶ
3421 4162 3707 4216 ἀποστολι-

2123 4245 2227 4315 κῆς
2265 4246 2591 4318 Ἑκκλησίας
2615 4246 2875 4319 καύχημα
2895 4249 2989 4302 καὶ
3019 4251 3145 4312 τοὺς
3167 4250 3188 4281 ’
3213 4251 3270 4303 ὲν
3299 4251 3482 4322 σεμνῷ
3507 4252 3702 4323 γάμῳ;

2126 4340 2398 4393 Ἕκαστον
2452 4341 2563 4410 γὰρ
2611 4339 2753 4393 κατὰ
2805 4339 2866 4392 τὸ
2898 4340 3028 4393 ίδιον
3071 4340 3258 4412 τάγμα
3293 4340 3482 4407 σώζειν
3522 4331 3701 4409 εἴωθε.

2123 4428 2250 4492 Πῶς
2274 4429 2383 4500 γὰρ
2408 4430 2506 4482 οὐκ
2539 4429 2691 4483 ἔσται
2717 4430 2897 4501 τίμιος
2925 4433 2953 4484 ὁ
2981 4433 3178 4502 γάμος,
3213 4433 3306 4486 καὶ
3339 4435 3396 4486 ἐν
3423 4434 3541 4505 Θεῷ
3567 4435 3704 4506 ἔχων

2121 4519 2218 4592 τὴν
2256 4519 2364 4574 τῶν
2392 4521 2634 4592 οὐρανῶν
2671 4521 2971 4592 βασιλείαν,
3007 4510 3181 4577 ’ὁπότε
3233 4525 3541 4597 κέκληταιό
3591 4529 3705 4580 Σω-

2121 4612 2223 4682 τὴρ
2256 4613 2336 4675 εἰς
2368 4611 2602 4683 γάμους,
2634 4615 2720 4666 ἴνα
2767 4614 3038 4689 εὐλογήσῃ
3067 4616 3278 4687 γάμον;
3328 4618 3395 4670 Ei
3445 4618 3544 4688 μὲν
3592 4619 3703 4690 γὰρ

2121 4705 2479 4777 παρῃτήσατο
2509 4707 2588 4769 εἰς
2610 4707 2788 4776 γάμον
2818 4697 3064 4772 εἰσιέναι,
3097 4709 3206 4780 ἄρα
3233 4709 3412 4781 γάμου
3436 4705 3505 4781 ἦν
3537 4727 3704 4764 κατα-

2121 4796 2303 4867 λυτὴς,
2334 4797 2551 4858 καὶούκ
2576 4797 2976 4870 ἀποδεχόμενος
3003 4800 3232 4854 ἕκαστον
3276 4801 3421 4854 κατὰ
3455 4801 3704 4870 συγγνώ-

2124 4907 2232 4959 μην
2281 4889 2383 4958 τῆς
2427 4889 2592 4942 αὐτοῦ
2639 4889 2946 4958 ἀσθενείας.
2982 4891 3176 4962 Τίμιος
3207 4891 3386 4947 τοίνυν
3438 4894 3467 4946 ὁ
3501 4893 3698 4964 γάμος,

2118 4981 2200 5032 ὅτι
2234 4979 2395 5043 αὐτὸς
2425 4980 2585 5033 αὐτὸν
2612 4980 2802 5052 ὥρισε.
2839 4982 2931 5035 Διὸ
2961 4984 3322 5055 παραγίνεται
3369 4985 3450 5048 είς
3498 4987 3696 5056 γάμον,

2120 5072 2206 5125 ἵνα
2244 5071 2425 5144 φράξῃ
2465 5073 2533 5126 τὰ
2573 5073 2818 5144 στόματα
2848 5075 2956 5128 τῶν
2981 5075 3243 5143 λεγόντων
3271 5076 3412 5130 κατὰ
3441 5077 3539 5148 τῆς
3567 5078 3696 5146 άλη·

2120 5162 2289 5226 θείας.
2339 5165 2487 5216 Ἐκεῖ
2506 5165 2614 5236 γὰρ
2645 5165 2861 5236 πρῶτον
2894 5169 3117 5236 σημεῖον
3145 5167 3401 5236 ἐποίησεν
3427 5170 3455 5220 ὁ
3493 5167 3696 5238 Ἰησοῦς

2119 5257 2177 5307 ἐν
2205 5256 2363 5309 Κανᾶ
2391 5256 2492 5326 τῆς
2525 5257 2816 5320 Γαλιλαίας
2847 5258 2908 5310 τὸ
2944 5257 3088 5330 ὕδωρ
3121 5255 3262 5312 οἶνον
3293 5261 3544 5331 ποιήσας.
3609 5261 3697 5323 Ὡς

2120 5349 2227 5420 γὰρ
2259 5349 2526 5403 ἀνέτειλεν
2571 5350 2679 5404 ἀπὸ
2715 5351 3011 5422 Παρθένου,
3045 5353 3132 5406 ἵνα
3174 5352 3324 5424 δείξῃ
3354 5354 3415 5406 τὸ
3443 5353 3560 5423 φῶς
3588 5353 3697 5406 ἀπὸ

2121 5436 2408 5508 Παρθένου
2449 5441 2735 5493 ἀνατεῖλαν
2787 5443 2852 5510 τῇ
2903 5441 3232 5512 οἰκουμένῃ’
3294 5441 3434 5494 οὕτω
3487 5445 3580 5496 καὶ
3631 5442 3694 5496 τὸ

2122 5529 2337 5600 πρῶτον
2373 5535 2597 5603 σημεῖον
2627 5535 2705 5594 εἰς
2735 5533 2946 5601 γάμους
2976 5534 3271 5604 πεποίηκεν
3303 5534 3360 5585 ὲν
3401 5535 3555 5605 Κανᾷ
3594 5536 3691 5598 ἐἰς

3170 5731 3190 5761 ⁸
3215 5730 3407 5786 Matth.
3442 5732 3658 5790 “1.16.

434 5786 766 5858 lPsal.vin.
796 5789 863 5858 '5;
897 5787 1087 5846 Matth.
1120 5808 1232 5860 χιι,
1276 5792 1361 5848 16.
1443 5796 1465 5828 ⁸
1504 5793 1671 5853 Hebr.
1713 5811 1834 5872 xui,
1876 5786 1927 5848 4.
2007 5797 2024 5826 ’

2128 5812 2189 5850 il‘.
2227 5799 2320 5849 καὶ
2342 5786 2472 5864 τοῖς.
