4138 6396
378 391 483 450 181

976 393 1352 451 ADVERSUS
1385 395 1732 454 HIERESES
1771 397 1898 452 LIB.
1953 396 2018 450 ll.
2064 393 2229 452 TOM.
2269 395 2716 454 ll.——H!ERES.
2758 395 2964 452 LXVII.

3569 392 3672 448 132

375 511 695 576 Γαλιλαίας,
725 511 813 565 ἴνα
844 511 942 583 τὴν
978 513 1075 584 μὲν
1123 514 1423 586 παρθενίαν
1466 518 1676 590 τιμήσῃ
1715 516 1804 570 διὰ
1837 517 1974 568 ἀπο-

2102 513 2364 569 rcritatem
2387 515 2694 585 disputant.
2728 515 2870 580 Quin
2899 522 2953 568 et
2987 511 3095 566 illic
3137 508 3281 580 apud
3324 507 3525 564 Canam
3557 507 3668 562 Ga-

379 607 635 676 κυὴσεως
669 606 764 659 καὶ
801 606 980 674 φωτὸς
1016 607 1178 678 βολῆς
1208 608 1312 678 τῆς
1356 608 1424 662 δι’
1475 610 1649 680 αὐτῆς
1693 608 1978 663 ἁνατειλά·

379 717 507 770 σης,
560 699 655 751 τὸν
693 699 752 752 δὲ
799 700 998 770 σεμνὸν
1035 701 1210 772 γάμον
1246 703 1455 774 τιμήσῃ
1491 702 1578 756 διὰ
1628 701 1739 756 τῶν
1785 702 1978 772 θεοση-

382 790 580 859 μείων,
613 791 672 846 ὲν
704 792 819 852 τοῖς
869 790 1070 861 γάμοις
1108 791 1325 862 πρῶτον
1363 791 1702 856 ἐπιτελέσας,
1743 791 1804 843 τὸ
1836 789 1981 862 ὕδωρ

379 884 467 944 είς
497 883 738 954 ἄκρατον
773 883 1117 953 μεταϐαλών.
1185 883 1461 947 Ὡσαύτως
1504 884 1561 936 δὲ
1609 886 1658 936 εί
1701 883 1981 954 ἀλλότριος

379 965 455 1040 ἦν
484 971 514 1021 ό
543 971 742 1041 γάμος,
781 972 898 1036 πῶς
933 973 1304 1043 παραγγέλλει
1334 976 1362 1026 6
1393 973 1503 1025 τῶν
1528 972 1698 1027 ἐθνῶν
1724 973 1984 1026 διδάσκα-

381 1061 498 1126 λος,
530 1063 607 1123 ὡς
646 1063 833 1132 λέγει’
887 1065 1192 1133 Νεωτέρας
1246 1067 1440 1136 χήρας
1471 1064 1780 1134 παραιτοῦ.
1826 1064 1987 1119 Μετὰ

381 1153 498 1222 γὰρ
554 1153 621 1206 τὸ
676 1155 1198 1224 καταστρηνιάσαι
1261 1157 1365 1211 τοῦ
1423 1156 1686 1225 Χριστοῦ
1707 1197 1722 1221 ,
1777 1155 1986 1226 γαμεῖν

381 1245 730 1310 ἐθέλουσιν,
745 1245 1000 1316 ἔχουσαι
1030 1247 1228 1317 κρῖμα,
1259 1247 1349 1301 ὅτι
1373 1246 1490 1317 τὴν
1516 1246 1756 1317 πρώτην
1779 1251 1988 1302 πίστιν

383 1335 736 1405 ἡθέτησαν;
797 1337 862 1390 Τί
916 1333 1008 1392 οὖν
1069 1355 1268 1411 φησιν;
1337 1339 1524 1394 Ἀλλὰ
1586 1340 1984 1409 γαμείτωσαν,

387 1429 963 1498 τεκνογονείτωσαν,
1017 1430 1654 1486 οὶκοδεσποτείτωσαν.
1711 1433 1774 1486 Εἰ
1806 1434 1988 1486 τοίνυν

385 1519 568 1573 ταῦτα
601 1519 987 1592 παραδέχεται,
1021 1522 1142 1588 πῶς
1181 1525 1330 1594 παρὰ
1382 1525 1487 1586 σοὶ,
1552 1526 1790 1597 Ίέρακα,
1827 1529 1855 1580 ὁ
1884 1529 1986 1595 γά·

389 1630 493 1682 μος
523 1613 676 1666 ἐστὶν
704 1613 1100 1685 ἐκϐαλλόμενος
1132 1616 1268 1687 μετά
1312 1616 1410 1688 τὴν
1437 1616 1702 1690 ἕνσαρκον
1744 1619 1984 1690 Χριστοῦ

388 1705 698 1775 παρουσίαν
717 1723 732 1772 ;

2079 605 2250 669 lilaeaz,
2277 607 2513 675 primum
2537 606 2752 676 signum
2785 605 2915 660 fecit
2933 614 2986 660 et
3012 604 3068 658 in
3095 603 3282 659 vinum
3310 615 3507 671 aquam
3538 613 3670 654 con-

2078 699 2300 752 vertit”.
2351 696 2488 752 Nam
2538 707 2598 752 ut
2630 707 2786 752 ortus
2829 714 2893 752 ex
2933 695 3094 768 715
3126 693 3349 767 Virgine
3378 693 3576 757 fuerat,
3611 701 3672 746 ut

2079 792 2199 845 orbi
2231 801 2500 847 terrarum
2548 793 2838 846 excitatam
2887 807 2953 844 ex
2987 788 3210 859 Virgine
3256 789 3433 842 lucem
3481 795 3670 840 osten-

2081 885 2235 940 deret
2266 903 2280 939 :
2314 885 2389 938 ita
2418 893 2472 940 et
2499 886 2732 954 primum
2768 884 3094 937 miraculum
3127 881 3445 951 nuptiarum
3471 878 3524 931 in
3553 893 3672 948 gra«

2083 979 2218 1032 tiam
2246 979 2388 1048 apud
2415 977 2619 1034 Canam
2657 977 2892 1032 Galilaea:
2923 975 3102 1030 facere
3127 974 3316 1028 voluit.
3348 971 3469 1038 Quo
3501 972 3668 1025 nimi—

2083 1088 2205 1126 rum
2240 1081 2294 1127 et
2322 1072 2627 1143 virginitati
2650 1086 2810 1128 suum
2844 1071 2936 1124 illo
2965 1076 3148 1140 partu,
3177 1067 3428 1136 lucisque
3448 1078 3572 1135 quin
3602 1077 3667 1116 ex

2082 1163 2175 1217 illa
2204 1164 2498 1233 prodierat,
2528 1162 2823 1218 emissione
2856 1160 3119 1216 honorem
3168 1159 3452 1218 tribueret,
3481 1160 3538 1210 et
3569 1155 3670 1208 ho-

2083 1260 2272 1309 nestas
2311 1256 2530 1324 nuptias
2576 1253 2838 1325 prodigiis
2881 1267 2945 1306 ac
2993 1251 3274 1305 miraculis
3322 1249 3668 1303 illustraret:

2085 1345 2286 1415 quibus
2315 1341 2552 1415 primum
2577 1345 2835 1400 mutanda
2871 1344 2926 1398 in
2953 1344 3142 1398 vinum
3175 1358 3316 1413 aqua
3347 1340 3674 1396 miraculum

2085 1443 2171 1491 est
2207 1436 2451 1492 molitus.
2487 1436 2566 1491 Ad
2607 1436 2721 1492 haec
2765 1436 2812 1492 si
2856 1434 3230 1490 abalienandae
3273 1433 3451 1488 forent
3491 1431 3560 1486 ab
3607 1444 3676 1485 eo

2087 1531 2311 1601 nuptize,
2339 1546 2602 1602 quorsum
2636 1531 2710 1585 ita
2737 1531 2978 1601 gentium
3023 1530 3284 1600 magister
3311 1526 3631 1598 praeciperet
3659 1544 3674 1579 ι

2086 1623 2336 1678 Iuniores
2385 1623 2572 1678 viduas
2617 1623 2811 1692 rejice;
2869 1630 3146 1691 postquam
3205 1621 3342 1673 enim
3389 1617 3678 1671 luxuriam

2091 1716 2286 1785 fuerint
2341 1716 2396 1768 in
2447 1713 2739 1778 Christum,
2783 1713 2973 1768 nubere
3019 1712 3220 1776 volunt,
3255 1710 3502 1763 habentes
3526 1706 3681 1776 judio

382 1801 551 1864 dum,
583 1801 831 1869 quoniam
851 1802 1080 1870 primam
1111 1804 1267 1872 ﬁdem
1300 1807 1514 1860 irritant
1543 1806 1833 1872 fecerunt’.
1865 1808 2008 1875 Quid
2030 1811 2194 1882 igitur
2217 1812 2411 1881 jubet?
2444 1809 2687 1874 Nubant,
2726 1811 2923 1880 inquit,
2949 1809 3092 1879 ﬁlios
3123 1817 3415 1875 procreent,
3448 1814 3679 1858 matres-

385 1897 633 1963 familias
663 1897 820 1952 sint‘.
849 1897 982 1964 Quae
1011 1914 1135 1952 cum
1169 1900 1418 1967 Apostoli
1459 1901 1784 1956 auctoritate
1823 1906 2270 1975 comprobentur,
2310 1921 2407 1960 cur
2440 1923 2468 1958 ιι
2509 1913 2582 1969 te,
2616 1920 2651 1959 ο
2684 1903 2934 1968 Hieraca,
2963 1911 3086 1973 post
3107 1900 3312 1956 Christi
3341 1897 3556 1952 Domini
3580 1895 3680 1952 ad-

380 1997 610 2044 ventum
643 1992 692 2042 in
723 2004 889 2044 carne
923 1990 1124 2058 nuptiae
1148 1988 1615 2044 condemnantur?

463 2085 538 2137 Z'.
577 2084 710 2153 Περὶ
758 2083 816 2136 δὲ
871 2083 964 2136 τοῦ
1013 2083 1345 2155 Μελχισεδὲκ
1397 2087 1652 2154 φάσκεις,
1699 2088 1781 2141 ὅτι
1815 2089 1979 2153 αὐτός

2150 2091 2265 2146 Vll.
2297 2091 2373 2147 De
2392 2091 2783 2147 Melchisedeco
2806 2089 2951 2161 quod
2974 2088 3200 2148 asseris,
3235 2086 3497 2158 Spiritum
3526 2085 3684 2140 illum

384 2178 509 2231 ἔστι
537 2175 600 2228 τὸ
640 2175 866 2246 Πνεῦμα
888 2197 900 2208 ·
933 2177 1113 2230 τοίνυν
1148 2173 1282 2248 ἦλθε
1316 2178 1379 2231 τὸ
1412 2179 1658 2250 Πνεῦμα,
1689 2181 1785 2233 καὶ
1831 2181 1990 2235 ἔλαϐε

388 2270 600 2338 σάρκα.
644 2267 842 2320 Οὐκέτι
894 2263 988 2320 οὖν
1037 2270 1066 2320 6
1111 2270 1427 2340 Μονογενὴς
1478 2270 1639 2340 μόνος
1667 2271 1990 2343 γεγέννηται

387 2359 538 2414 κατὰ
577 2359 778 2429 σάρκα,
804 2359 941 2414 ἀλλὰ
973 2360 1068 2413 καὶ
1093 2361 1156 2413 τὸ
1198 2360 1443 2432 Πνεῦμα.
1476 2362 1542 2414 Εἰ
1571 2361 1628 2415 δὲ
1662 2363 1992 2435 γεγέννηται

389 2453 544 2503 κατά
588 2451 768 2521 σάρκα
793 2450 854 2503 τὸ
892 2450 1136 2522 Πνεῦμα,
1174 2451 1281 2504 ἰδοὺ
1315 2453 1348 2522 ὴ
1392 2454 1580 2524 Μαρία
1623 2455 1658 2525 ἡ
1686 2457 1994 2525 γεννήσασα

389 2544 487 2596 τὸν
523 2543 776 2615 Σωτῆρα,
831 2543 1038 2612 λεγέτω
1071 2544 1341 2615 Ἱέρακας,
1391 2544 1494 2597 ποῦ
1549 2544 1758 2618 ἐστινὴ
1802 2548 1997 2619 γεννή-

394 2653 543 2689 σασα
575 2636 635 2689 τὸ
663 2635 921 2706 Πνεῦμα;
979 2638 1091 2690 Καὶ
1139 2638 1200 2690 τὸ
1243 2639 1453 2703 εἰπεῖν,
1516 2640 1998 2713 Ἀφωμοιωμένος

392 2729 481 2794 τῷ
528 2728 638 2794 Υἱῷ
689 2731 796 2784 τοῦ
843 2730 992 2785 Θεοῦ
1031 2732 1202 2800 μένει
1233 2731 1431 2800 ἱερεὺς
1458 2735 1547 2799 εὶς
1579 2735 1646 2787 τὸ
1696 2734 1994 2803 διηνεκὲς,

393 2821 586 2876 οὐκέτι
612 2823 740 2894 περὶ
779 2821 1098 2893 Πνεῦματος
1127 2823 1282 2890 ἁγίου
1314 2825 1342 2876 ὁ
1371 2823 1549 2892 λόγος.
1581 2825 1656 2878 Οὐ
1681 2826 1790 2898 γὰρ
1822 2821 1994 2890 εἶπεν,

395 2916 590 2985 ὅμοιον
613 2914 690 2985 τῷ
718 2915 834 2986 Υίῴ
859 2915 954 2968 τοῦ
971 2915 1128 2977 Θεοῦ,
1143 2915 1302 2981 ἀλλὰ,
1318 2916 1802 2988 ἀφωμοιωμένον.
1823 2919 1898 2972 Τὸ
1915 2919 1993 2982 δὲ,

395 3007 889 3076 ἀφωμοιωμένον,
939 3007 1232 3078 μετέπειτα
1311 3008 1426 3082 ἔχει
1493 3009 1593 3082 τὴν
1645 3012 1888 3082 ἀγωγήν.
1936 3013 1998 3065 Εἰ

395 3099 462 3154 δὲ
523 3099 664 3170 μετά
707 3101 799 3153 τὸν
849 3101 1040 3172 χρόνον
1079 3100 1172 3153 τοῦ
1213 3100 1464 3173 Ἀϐραὰμ
1493 3102 1554 3155 τὸ
1606 3102 1832 3174 Πνεῦμα
1891 3103 1998 3172 ἀφ-

400 3192 694 3263 ομοιοῦται
750 3193 830 3264 τῷ
880 3194 1123 3265 Χριστῷ,
1177 3193 1286 3265 ἄρα
1307 3195 1409 3248 οὐκ
1457 3191 1526 3266 ἦν
1579 3214 1743 3250 ποτε⁶
1780 3197 1875 3250 καὶ
1913 3196 2002 3250 διὰ

399 3284 567 3339 τοῦτο
601 3285 958 3356 ἀφομοιοῦται
989 3287 1066 3356 τῷ
1113 3288 1229 3359 Υἱῷ
1278 3289 1373 3342 τοῦ
1419 3289 1574 3345 Θεοῦ.
1610 3289 1720 3342 Καὶ
1773 3289 2003 3358 ἀπάτωρ

401 3378 526 3442 πῶς
573 3378 798 3432 δύναται
829 3373 1004 3443 εἷναι;
1043 3381 1103 3432 Εἰ
1137 3381 1236 3451 μὲν
1277 3381 1386 3452 γὰρ
1414 3381 1547 3435 αὐτὸ
1591 3381 1838 3451 ὑπάρχον
1883 3379 2004 3433 ἐστὶ

400 3471 470 3522 τὸ
497 3470 746 3539 Πνεῦμα,
778 3469 874 3523 καὶ
904 3471 1004 3523 οὐκ
1037 3470 1186 3523 ἔστιν
1215 3473 1278 3524 ἐκ
1304 3471 1404 3542 τῆς
1432 3471 1639 3534 οἰκείας
1668 3471 1858 3533 οὐσίας
1897 3469 2000 3540 τῆς
2030 3455 2072 3513 (ἶ

403 3561 690 3633 θεότητος,
725 3561 952 3625 εἰκότως
978 3562 1210 3634 ἀπάτωρ
1242 3562 1502 3633 δειχθείη.
1529 3563 1640 3615 Καὶ
1664 3561 1774 3633 γὰρ
1801 3559 1878 3632 τῷ
1901 3560 2000 3631 μὲν

401 3651 522 3705 εντι
577 3651 870 3723 μονογενὴς
903 3654 930 3704 ὁ
960 3651 1108 3716 Υἱὸς,
1143 3654 1239 3705 καὶ
1286 3652 1514 3721 ἀδελφὸν
1557 3654 1655 3705 οὐκ
1686 3653 1821 3723 ἔχει,
1870 3650 2002 3714 Υἱὸς

403 3743 653 3801 δὲθεοῦ.
695 3743 858 3796 Ἀλλά
891 3744 992 3800 κάν
1015 3761 1076 3798 τε
1104 3745 1166 3797 οὐ
1197 3743 1430 3815 λέγομεν
1465 3744 1526 3796 τὸ
1559 3743 1786 3814 Πνεῦμα
1809 3759 2004 3814 γεννη-

403 3837 526 3901 τὸν,
581 3836 769 3909 ἐπειδὴ
813 3836 1108 3908 μονογενὴς
1161 3838 1191 3889 6
1219 3836 1381 3903 Υἱὸς,
1435 3835 1571 3891 ἀλλὰ
1631 3836 1856 3908 Πνεῦμα
1907 3835 2002 3888 τοῦ

405 3928 632 4000 Πατρὸς
692 3929 1161 3999 ἐκπορευόμενον,
1212 3930 1309 3982 καὶ
1371 3928 1468 3981 τοῦ
1514 3928 1648 3999 ἐμοῦ
1699 3928 1998 4000 λαμϐάνον,

408 4025 580 4094 φησὶν
607 4022 634 4074 6
666 4022 922 4092 Χριστός.
963 4023 1036 4075 Τὸ
1063 4020 1195 4090 γοῦν
1226 4024 1290 4074 ὲκ
1325 4019 1420 4075 τοῦ
1466 4023 1679 4094 Πατρὸς
1708 4024 2004 4095 ἐκπορευό-

409 4135 599 4189 μενον,
629 4118 723 4169 καὶ
761 4116 857 4169 τοῦ
902 4115 1036 4186 ἐμοῦ
1069 4115 1367 4186 λαμϐάνον,
1403 4117 1632 4188 ἀπάτωρ
1679 4117 1740 4169 οὐ
1779 4117 2004 4171 δύναται

403 4204 575 4262 εἶναι.
611 4207 731 4261 Κᾶν
763 4207 820 4260 δὲ
872 4205 1001 4278 εἴπῃ
1033 4207 1267 4279 ἀμήτωρ
1295 4207 1619 4279 ἐνούρανῷ,
1645 4208 1740 4263 καὶ
1769 4209 2001 4279 ἀπάτωρ

404 4303 507 4356 ἐπὶ
541 4302 641 4371 τῆς
683 4302 817 4371 γῆς·
859 4301 1081 4355 δύναται
1112 4302 1223 4373 γάρ
1247 4301 1411 4355 τοῦτο
1435 4302 1532 4355 καὶ
1573 4301 1667 4355 ἐπὶ
1699 4302 1792 4355 τοῦ
1820 4303 2006 4374 Σωτῆ-

408 4412 508 4467 po;
541 4393 828 4463 λέγεσθαι·
863 4395 980 4457 πῶς
1013 4391 1106 4448 οὖν
1135 4396 1226 4447 ἐπὶ
1253 4395 1394 4448 τέλει
1430 4396 1460 4448 ὁ
1505 4395 1828 4460 Ἀπόστολος
1861 4397 2005 4467 φρά-

405 4487 496 4553 ζει
523 4488 698 4556 λέγων
718 4504 730 4516 ·
782 4488 835 4540 '0
870 4487 939 4540 δὲ
961 4487 1048 4558 μὴ
1100 4488 1650 4557 γενεαλογούμενος
1692 4487 1762 4552 ἐξ
1807 4487 2007 4542 αὐτῶν

405 4579 781 4636 ὃεδεκὰτωκε
831 4580 940 4634 τὸν
1011 4579 1268 4648 Ἀϐραὰμ
1311 4579 1418 4633 τὸν
1479 4580 1888 4649 πατριάρχην;
1946 4581 2007 4633 τὸ

406 4674 548 4745 γὰρ,
601 4672 670 4738 ἐξ
713 4671 934 4737 αὐτῶν,
973 4672 1262 4742 ἀκριϐείας
1313 4671 1430 4724 ἐστὶ
1458 4671 1792 4743 δηλωτικόν⁹
1843 4673 2007 4726 ὁπότε

405 4767 524 4839 γὰρ
555 4766 619 4819 ὲκ
645 4764 754 4818 τῶν
781 4763 912 4817 υἱῶν
951 4764 1167 4835 Ἰσραὴλ
1194 4764 1269 4836 μὴ
1295 4763 1788 4834 γενεαλογούμενος
1827 4763 1885 4831 ἐξ
1916 4765 2009 4820 άλ-

2095 2200 2218 2241 esse
2263 2193 2538 2249 sanctum,
2572 2183 2626 2238 id
2677 2183 2724 2239 si
2769 2197 2957 2237 verum
3000 2191 3107 2248 est,
3148 2181 3367 2236 venisse
3395 2177 3682 2249 Spiritum,

2095 2285 2148 2331 et
2191 2291 2412 2331 carnem
2459 2274 2740 2339 induisse,
2790 2287 2901 2328 non
2941 2273 3094 2330 solus
3141 2272 3332 2342 utique
3376 2269 3684 2326 secundum

2094 2383 2315 2423 carnem
2369 2375 2530 2422 natus
2577 2377 2662 2422 est
2709 2364 2902 2429 Filius,
2952 2365 3048 2420 sed
3099 2371 3154 2419 et
3197 2379 3326 2418 cum
3366 2378 3432 2419 eo
3467 2378 3690 2434 quoque

2097 2457 2356 2529 Spiritus.
2397 2459 2554 2526 Quod
2604 2459 2652 2513 si
2693 2458 2995 2513 secundum
3044 2471 3266 2510 carnem
3315 2464 3480 2510 natus
3511 2462 3597 2510 est
3632 2461 3689 2509 et

2099 2551 2356 2621 Spiritus,
2382 2565 2506 2605 cum
2542 2549 2710 2604 Maria
2745 2550 3084 2604 Salvatorem
3115 2547 3369 2610 ediderit,
3400 2546 3549 2601 dicat
3583 2560 3689 2600 no-

2096 2645 2180 2700 bis
2211 2643 2491 2705 Hieracas,
2531 2643 2750 2697 ubinam
2782 2641 3024 2710 gentium
3053 2654 3117 2694 ea
3166 2640 3239 2694 sit
3269 2654 3391 2710 quae
3433 2638 3692 2710 spiritum

2097 2736 2407 2807 pepererit?
2448 2733 2582 2788 Nam
2618 2734 2764 2804 quod
2797 2733 3095 2803 Apostolus
3129 2732 3286 2798 dicit,
3343 2731 3694 2786 Assimilatus

2099 2826 2244 2882 Filio
2296 2827 2390 2882 Dei
2433 2835 2610 2881 manet
2651 2829 2897 2879 sacerdos
2948 2827 3004 2878 in
3053 2835 3310 2879 wternum
3341 2825 3386 2886 ⁸,
3419 2824 3567 2878 nulla
3606 2829 3691 2877 est

2087 2923 2209 2977 illic
2245 2920 2314 2976 de
2368 2919 2576 2990 Spiritu
2624 2929 2815 2975 sancto
2857 2919 3083 2973 mentio.
3131 2918 3252 2973 Non
3281 2917 3427 2972 enim
3457 2917 3690 2973 similem

2101 3012 2252 3067 illum
2293 3009 2432 3064 Filio
2486 3008 2600 3077 Dei,
2648 3006 2743 3062 sed
2788 3005 3146 3061 assimilatum
3205 3021 3316 3059 esse
3365 3003 3523 3057 dixit.
3558 3003 3696 3068 Qua

2101 3121 2206 3159 vox
2238 3084 2591 3166 assimilatas,
2630 3099 2904 3171 posterius
2937 3098 3194 3168 quiddam
3227 3104 3286 3149 ut
3319 3095 3692 3164 intelligamus

2103 3197 2334 3252 inducit.
2365 3197 2443 3250 Ac
2475 3195 2521 3248 si
2555 3203 2677 3264 post
2711 3192 3002 3248 Abrahami
3034 3199 3281 3260 tempora
3309 3187 3530 3243 Christo
3564 3186 3692 3256 Spi-

2105 3289 2246 3342 ritus
2277 3286 2630 3344 assitnilatur.
2669 3282 2960 3353 aliquando
2993 3297 3102 3335 non
3145 3279 3417 3333 exstiterit
3455 3283 3691 3347 oportet,

2106 3389 2167 3434 ut
2195 3390 2478 3449 propterea
2509 3375 2602 3431 Dei
2636 3375 2776 3429 Filio
2805 3373 3001 3430 similis
3049 3372 3122 3427 sit
3173 3370 3372 3424 factus.
3410 3367 3529 3422 Iam
3571 3367 3694 3422 sine

2108 3480 2263 3541 patre
2291 3485 2414 3523 esse
2448 3469 2540 3537 qui
2572 3465 2788 3537 potest?
2817 3463 2955 3517 Nam
2983 3463 3030 3518 si
3074 3476 3171 3532 per
3210 3475 3331 3516 sese
3352 3467 3497 3513 esset
3517 3455 3692 3526 Spiri-

2107 3572 2222 3626 tus,
2254 3577 2355 3616 nec
2387 3577 2451 3615 ex
2483 3558 2703 3630 propria
2749 3554 3054 3611 divinitatis
3108 3563 3302 3606 natura
3353 3547 3691 3618 procederet,

2109 3656 2302 3710 merito
2331 3655 2450 3708 sine
2479 3634 2639 3704 Patre
2669 3663 2791 3704 esse
2821 3646 3114 3701 diceretur.
3153 3643 3362 3697 Revera
3391 3640 3538 3696 enim
3572 3637 3696 3692 uni-

2110 3747 2326 3817 genitus
2359 3758 2444 3800 est
2470 3741 2666 3808 Filius,
2697 3754 2871 3810 neque
2901 3737 3125 3792 fratrem
3155 3735 3339 3798 habet,
3365 3741 3558 3802 estque
3600 3729 3699 3785 Dei

2110 3838 2301 3894 Filius.
2330 3837 2437 3892 Sed
2465 3837 2566 3891 etsi
2611 3833 2850 3905 genitum
2887 3845 3008 3886 esse
3043 3827 3306 3899 Spiritum
3348 3836 3699 3894 nequaquam

2111 3932 2361 3994 velimus,
2391 3945 2515 3983 cum
2557 3927 2875 3996 unigenitus
2907 3923 2999 3985 sit,
3031 3928 3092 3974 ut
3124 3920 3256 3982 dixi,
3289 3917 3481 3980 Filius,
3507 3929 3697 3970 verum

2115 4024 2353 4095 Spiritus
2418 4023 2488 4077 sit
2530 4035 2560 4074 a
2612 4018 2772 4073 Patre
2816 4013 3119 4087 pmcedens
3147 4012 3190 4076 ‘,
3232 4018 3288 4066 et
3332 4010 3401 4064 de
3449 4023 3591 4071 meo,
3641 4013 3698 4059 ut

2113 4117 2316 4174 Christi
2353 4115 2534 4170 verbis
2584 4121 2729 4178 utar,
2778 4110 3052 4179 accipiens
3075 4107 3118 4170 ",
3154 4113 3303 4160 certe
3341 4102 3562 4173 quidem
3603 4099 3698 4171 qui

2113 4220 2169 4267 et
2220 4227 2251 4265 a
2297 4209 2458 4264 Patre
2514 4203 2881 4277 progreditur,
2917 4208 2972 4256 et
3010 4201 3078 4255 de
3130 4213 3252 4252 meo
3302 4194 3526 4265 accipit,
3581 4194 3702 4248 sine

2115 4302 2275 4357 Patre
2305 4317 2428 4356 esse
2459 4316 2568 4354 non
2596 4305 2795 4369 potest.
2841 4293 2998 4360 Quod
3042 4293 3088 4346 si
3134 4301 3186 4346 et
3240 4290 3294 4343 in
3329 4288 3468 4342 coelo
3504 4295 3699 4347 matre,

2113 4405 2167 4452 et
2196 4397 2252 4449 in
2277 4402 2420 4449 terra
2451 4401 2604 4463 patre
2642 4404 2831 4444 carere
2871 4386 3091 4447 dixerit,
3129 4392 3310 4454 potest
3352 4389 3407 4435 et
3454 4378 3594 4434 istud
3630 4375 3700 4434 ad

2115 4490 2449 4544 Salvatorem
2479 4485 2792 4540 convenire.
2831 4480 2942 4536 Cur
2989 4480 3151 4548 igitur
3175 4475 3470 4546 Apostolus
3497 4472 3568 4525 ita
3601 4485 3700 4540 po-

2117 4589 2322 4636 stremo
2367 4577 2604 4648 loquitur
2646 4573 2858 4643 :Cujus
2909 4581 3084 4624 autem
3125 4565 3432 4639 genealogia
3485 4561 3700 4617 exiliis

2118 4692 2221 4729 non
2245 4673 2459 4726 ducitur
2481 4669 2759 4724 decimauit
2798 4666 3068 4720 Abraham
3098 4659 3459 4732 patriarcham
3485 4654 3700 4713 ﬁ?.Nam

2116 4765 2232 4819 haec
2266 4764 2451 4826 verba,
2481 4777 2546 4816 ea:
2574 4761 2723 4824 ipsis,
2756 4753 3117 4812 accuratioris
3159 4747 3541 4822 explicationis
3580 4759 3704 4815 gra-

405 4829 522 4913 λων
554 4858 772 4922 πάντως
805 4857 978 4911 ἐθνῶν
1011 4829 1134 4928 εἶχε.
1308 4829 1684 4926 γενεαλογίαν.
1721 4857 1820 4911 Διά
1860 4829 1918 4910 δὲ
1947 4858 1999 4911 τὲ

2116 4857 2190 4910 tia
2222 4856 2388 4927 716
2413 4855 2652 4909 adhibita
2684 4859 2834 4915 sunt,
2860 4859 2920 4905 ut
2963 4847 3094 4904 illud
3133 4845 3419 4906 indicaret,
3452 4855 3577 4900 eum
3607 4837 3703 4908 qui

411 4950 494 5022 μὴ
534 4949 846 5022 γεγράφθαι
876 4949 974 5020 τὴν
1019 4948 1214 5002 ἑαυτοῦ
1254 4949 1464 5021 μητέρα
1523 4949 1556 5020 ἢ
1605 4950 1839 5020 πατέρα,
1875 4949 2010 5004 ἄλλα

406 5042 538 5094 ἀντὶ
568 5039 739 5093 ἄλλων
772 5038 1136 5108 φαντάζονται
1167 5041 1216 5092 oi
1242 5040 1576 5109 συκοφάνται
1600 5041 1698 5110 τῆς
1727 5039 2006 5111 ἀληθείας.

421 5132 621 5202 Ἡμεῖς
648 5129 706 5183 δὲ
733 5131 829 5183 καὶ
851 5131 952 5200 τὴν
987 5130 1201 5203 μητέρα
1234 5131 1400 5184 αὑτοῦ
1428 5133 1485 5184 ὲν
1522 5132 1890 5202 Παραδόσεσιν
1922 5131 2012 5184 εὖ-

412 5239 610 5293 ρομεν,
642 5224 735 5275 καὶ
783 5223 874 5276 τὸν
924 5224 1157 5294 πατέρα.
1189 5217 1300 5276 Ἦν
1332 5221 1441 5294 γὰρ
1473 5218 1626 5287 οὗτος
1676 5223 1785 5276 τῶν
1839 5223 2012 5294 γενῶν

409 5316 632 5378 Σιδόνος
657 5315 754 5368 καὶ⁹
784 5314 892 5368 τῶν
921 5316 1264 5370 Χαναναίων.
1312 5315 1542 5368 Διέπεσε
1567 5315 1746 5369 τοίνυν
1773 5319 1801 5368 ὁ
1835 5315 2016 5386 μυθώ-

405 5405 510 5476 δης
551 5404 719 5459 αὑτοῦ
747 5405 925 5474 λόγος,
962 5406 1056 5458 καὶ
1093 5408 1270 5478 μάτην
1322 5406 1487 5460 αὑτοῦ
1520 5408 1615 5460 καὶ
1662 5409 1695 5478 ἡ
1744 5407 2009 5461 πολιτεία.

406 5498 489 5551 Οὐ
522 5497 637 5568 γὰρ
691 5496 753 5552 τὸ
801 5497 1031 5567 ἀψύχοις
1088 5497 1376 5554 ἀσκεῖσθαι
1431 5500 1570 5568 μετὰ
1627 5501 2012 5565 κακοπιστίας,

405 5590 580 5643 τοῦτο
623 5590 774 5661 ζωῆς
821 5591 940 5643 ἐστι
987 5590 1084 5644 καὶ
1131 5591 1365 5655 ἐλπίδος,
1414 5591 1785 5646 διδασκαλεῖον
1840 5611 2014 5666 σωτη-

409 5681 542 5756 επ
558 5682 601 5736 ¹ο
631 5682 837 5736 Πάντα
865 5684 994 5755 γὰρ,
1021 5684 1207 5756 φησὶν,
1237 5687 1324 5751 εἰς
1342 5685 1531 5750 δόξαν
1555 5688 1702 5742 Θεοῦ
1736 5688 2011 5758 γινέσθω,

490 5802 508 5831 ¹
539 5797 673 5870 Leg.
697 5801 793 5853 καὶ
819 5817 948 5853 σωτ.

410 5875 434 5906 ¹
465 5871 634 5929 Joan.
669 5886 780 5942 xvr,
811 5872 897 5939 14,
937 5871 1024 5926 15.

1062 5802 1082 5831 ³
1107 5798 1264 5853 Joan.
1296 5817 1358 5864 ιι,
1386 5801 1528 5855 l-il.

1098 5871 1120 5904 ⁸
1151 5869 1314 5928 ﬂebr.
1347 5888 1444 5941 vn,
1475 5873 1527 5930 6.

1619 5805 1682 5860 ³1
1725 5805 1865 5865 Tim.
1904 5809 2073 5878 nil,
2101 5811 2186 5865 l2.

2118 4949 2187 5003 ab
2211 4947 2474 5002 Israelitis
2506 4946 2876 5016 genealogiam
2907 4957 3014 4996 non
3052 4939 3296 5002 duceret,
3321 4933 3543 4996 .exaliis
3588 4946 3706 4984 om-

2120 5041 2249 5094 nino
2282 5039 2536 5108 gentibus
2589 5037 2835 5092 eamdem
2867 5046 3166 5088 arcessere.
3195 5027 3272 5082 Ex
3302 5041 3369 5080 eo
3394 5039 3526 5079 vero
3556 5021 3704 5091 quod

2120 5143 2349 5202 uterque
2391 5131 2537 5185 illius
2568 5143 2764 5199 parens
2807 5127 2862 5180 in
2909 5121 3212 5194 Scripturis
3253 5131 3549 5188 expressus
3594 5127 3705 5166 non

2120 5225 2319 5289 fuerit,
2367 5225 2474 5276 alia
2538 5237 2636 5293 pro
2675 5220 2797 5275 aliis
2842 5217 3103 5273 veritatis.
3135 5210 3561 5267 calumniatores
3610 5221 3704 5260 so-

2122 5317 2354 5372 mniant.
2387 5313 2497 5368 Nos
2537 5321 2718 5367 autem
2756 5319 2864 5364 tam
2897 5309 3026 5379 ejus-
3048 5315 3275 5360 matrem
3305 5316 3466 5372 quam
3496 5307 3707 5369 patrem

2121 5410 2178 5464 in
2211 5407 2618 5463 Traditionibus
2667 5403 3017 5459 invenimus-
3045 5399 3222 5468 Atque
3254 5396 3342 5448 hic
3376 5409 3408 5449 e
3448 5390 3707 5445 Sidonio-

2123 5510 2327 5559 rumet
2352 5501 2785 5557 Chananteorum
2819 5509 3020 5568 genere
3063 5493 3234 5547 fuisse
3273 5488 3530 5544 traditur.
3556 5485 3706 5550 Qua-

2122 5602 2344 5666 propter
2381 5601 2492 5648 tota
2529 5593 2599 5648 ab
2646 5607 2710 5646 eo
2755 5589 2990 5646 conficta
3026 5585 3209 5642 fabula
3249 5581 3477 5638 corruit.
3515 5576 3622 5632 Sed
3651 5581 3712 5630 et

2121 5690 2393 5749 inane_est
2421 5691 2734 5756 susceptum
2784 5683 2852 5739 ab
2895 5697 2960 5742 eo
2987 5681 3143 5737 .vitae-
3161 5679 3455 5736 severioris
3482 5675 3713 5734 inst.itu-

2302 5809 2326 5843 ⁵
2360 5806 2490 5863 ibid.
2529 5805 2614 5860 14.
2691 5804 2712 5835 ⁸
2753 5801 2916 5857 Hebr.
2953 5816 3046 5866 vn,
3079 5801 3132 5855 5.
3239 5798 3259 5830 ⁸
3283 5794 3442 5851 Joan.
3477 5805 3586 5856 ut.
3614 5791 3706 5849 (ιε.
