4138 6396
491 397 598 454 I83
1909 387 1969 443 S.
2005 383 2347 441 EPIPHANII
3636 377 3737 432 184

486 519 624 568 tum.
654 509 837 579 Neque
865 508 1009 562 enim
1043 507 1111 561 iis
1142 506 1406 560 duntaxat
1433 503 1578 558 vesci
1637 517 1760 571 qua:
1797 500 1978 554 anima
2027 505 2237 559 carent,
2301 497 2349 551 si
2405 509 2531 549 cum
2595 494 2719 548 ﬁdei
2782 493 3177 563 depravatione
3225 490 3582 560 coniunctum
3643 490 3750 542 hoc

487 599 672 662 fuerit,
717 596 784 650 ad
825 596 990 648 vitam
1043 593 1210 646 ullam
1265 600 1322 646 et
1373 605 1550 660 spem,
1600 599 1694 643 aut
1747 588 1816 643 ad
1874 584 2070 642 salutis
2127 586 2506 656 magisterium
2564 584 2816 655 pertinet.
2880 582 3093 649 Omnia,
3142 583 3348 652 inquit,
3404 581 3472 634 ad
3519 581 3750 650 gloriam

486 695 585 748 Dei
617 693 751 761 ﬁant
782 691 824 742 ¹.

557 785 691 840 VIII.
745 782 850 838 Sed
881 782 995 836 haec
1028 780 1289 835 adversus
1321 780 1473 836 illius
1512 795 1754 834 errorem
1785 780 2046 850 disputat:

2239 778 2322 832 H’.
2380 777 2540 831 Ἀλλὰ
2569 778 2699 848 περὶ
2730 777 2936 830 τούτων
2963 777 3058 830 καὶ
3085 775 3234 846 αὐτῷ
3261 775 3544 847 ἀρκεῖσθαι
3587 775 3750 846 ἡγοῦ-

485 878 777 939 suliiciant,
809 875 1010 944 quibus
1056 871 1258 942 scorpii
1295 871 1412 925 alas
1461 869 1852 939 confregimus,
1889 871 2063 924 illius-

483 986 589 1039 que
627 968 736 1022 vim
769 963 1190 1035 profligavimus.
1229 963 1326 1018 Est
1359 963 1504 1017 enim
1539 964 1628 1018 ille
1663 971 1900 1033 pennato
1942 980 2061 1018 ser-

481 1061 631 1130 penti
677 1073 740 1112 ac
787 1057 1003 1126 scorpio
1047 1055 1262 1119 similis,
1293 1055 1386 1124 qui
1432 1055 1650 1124 quidem
1689 1055 1856 1109 variis
1885 1055 2063 1110 modis

483 1156 598 1208 alas
625 1152 847 1214 habere,
879 1166 943 1204 ac
975 1151 1160 1204 volare
1196 1149 1465 1204 dicendus
1495 1157 1612 1212 est;
1641 1163 1875 1217 cumque
1899 1149 2065 1218 virgi-

481 1245 706 1299 nitatem
743 1241 990 1296 imitetur
1019 1240 1296 1304 Ecclesiaz,
1349 1240 1696 1294 conscientia:
1738 1246 1918 1294 tamen
1970 1240 2061 1292 illa

481 1335 795 1390 sinceritate
819 1344 988 1388 caret.
1014 1334 1197 1398 Quare
1224 1333 1291 1386 ad
1329 1347 1456 1386 eum
1479 1332 1714 1402 ejusque
1743 1331 1949 1386 similes
1974 1331 2061 1384 di-

479 1435 626 1482 ctum
669 1425 801 1479 illud
831 1425 1077 1494 Apostoii
1117 1425 1371 1478 convenit
1405 1441 1419 1477 :
1457 1421 1824 1478 Cauteriatam
1869 1423 2063 1478 haben-

480 1518 613 1571 tium
647 1516 1044 1576 conscientiam,
1073 1513 1456 1581 prohibentium
1507 1528 1694 1566 uxores
1734 1511 1942 1577 ducere,
1969 1512 2063 1565 ab-

478 1609 674 1662 stinere
711 1623 744 1659 ιι
773 1606 924 1670 cibis,
953 1621 1080 1675 quos
1117 1604 1257 1657 Deus
1296 1604 1365 1656 ad
1400 1620 1553 1657 usum
1590 1604 1824 1658 condidit
1853 1606 1894 1657 ¹.
1923 1603 2060 1659 Nam

478 1712 576 1767 per
607 1696 826 1751 verbum
859 1694 950 1749 Dei
981 1695 1213 1750 viventis
1264 1702 1319 1748 et
1355 1696 1657 1750 orationem
1689 1695 1796 1750 cibi
1823 1695 1900 1748 illi
1933 1710 2061 1750 san-

477 1789 812 1853 ctiﬁcantur,
850 1796 1086 1858 suntque
1111 1797 1162 1842 et
1193 1787 1322 1843 boni
1357 1801 1568 1849 omnes.
1598 1798 1651 1842 et
1685 1786 1931 1856 iucundi,
1963 1803 2061 1842 ne-

477 1897 586 1952 que
617 1881 912 1951 quidquam
943 1877 1085 1949 apud
1117 1878 1285 1933 Deum
1333 1878 1596 1946 rejicitur.
1629 1878 1895 1933 Caeterum
1927 1878 2058 1932 ridi—

477 1973 587 2028 culi
621 1973 706 2028 vel
739 1973 974 2026 maxime
1006 1971 1288 2026 I‘Iieracita’
1321 1982 1468 2032 sunt,
1523 1973 1594 2026 ob
1631 1972 1896 2026 ascititias
1937 1971 2059 2026 illas

476 2072 533 2120 et
573 2063 914 2119 introductas
957 2062 1222 2126 feminas,
1256 2077 1394 2132 quas
1431 2077 1555 2116 cum
1605 2063 1749 2132 apud
1789 2077 1910 2117 sese
1961 2063 2061 2117 ha-

2174 889 2292 943 μαι.
2325 871 2730 942 Συνετρίψαμεν
2764 871 2873 940 γὰρ
2906 869 2999 922 τοῦ
3029 869 3288 940 σκορπίου
3316 868 3415 932 τὰς
3446 869 3746 940 πτέρυγας,

2171 965 2264 1018 καὶ
2301 963 2727 1034 κατεσπάσαμεν
2777 962 2941 1016 αὐτοῦ
2987 962 3086 1025 τὰς
3132 961 3406 1030 δυνάμεις.
3448 964 3609 1031 Ὄφις
3638 962 3746 1032 γάρ

2170 1055 2446 1126 πτερωτὸς
2478 1049 2631 1117 οὗτος
2663 1055 2756 1108 καὶ
2801 1054 3082 1124 σκορπίος,
3117 1053 3395 1124 πτέρυγας
3425 1052 3562 1122 ἔχων
3607 1055 3746 1106 κατὰ

2170 1146 2396 1208 πολλοὺς
2433 1145 2685 1217 τρόπους,
2738 1146 2831 1198 καὶ
2881 1145 3213 1215 πετόμενος,
3265 1145 3360 1198 καὶ
3412 1145 3744 1215 μιμούμενος

2171 1239 2270 1309 μὲν
2317 1240 2418 1309 τῆς
2467 1238 2792 1307 Ἐκκλησίας
2841 1238 2938 1309 τὴν
2989 1239 3310 1309 παρθενίαν,
3342 1239 3443 1291 οὐκ
3491 1239 3629 1308 ἔχων
3685 1239 3743 1292 δὲ

2168 1331 2414 1403 καθαρὰν
2445 1333 2544 1401 τὴν
2589 1329 2913 1400 συνείδησιν.
2978 1331 3101 1384 Ἐπὶ
3150 1330 3258 1402 γὰρ
3290 1330 3465 1400 τούτῳ
3495 1331 3587 1384 καὶ
3632 1333 3744 1394 τοῖς

2167 1423 2373 1492 ὁμοίοις
2424 1422 2589 1476 αὐτοῦ
2646 1421 2946 1492 πληροῦται
2998 1422 3078 1484 τὸ,
3138 1423 3744 1492 Κεκαυτηριασμένων

2167 1513 2280 1580 τὴν
2326 1512 2717 1580 συνείδησιν,
2770 1513 2868 1566 καὶ
2937 1514 3293 1567 κωλυόντων
3341 1515 3581 1582 γαμεῖν,
3633 1514 3743 1568 ἁπ-

2165 1605 2409 1672 έχεσθαι
2471 1603 2800 1673 βρωμάτων
2818 1644 2832 1667 ,
2894 1603 2934 1657 ἃ
2995 1607 3030 1658 ό
3093 1604 3240 1670 Θεὸς
3270 1606 3356 1669 είς
3402 1605 3742 1674 μετάληψιν

2171 1697 2480 1762 ἐποίησεν.
2521 1695 2834 1764 Ἀγιάζεται
2885 1697 2982 1765 μὲν
3029 1694 3117 1747 διὰ
3147 1695 3304 1763 λόγον
3337 1695 3471 1748 Θεοῦ
3517 1695 3736 1760 ζῶντος,

2166 1789 2259 1842 καὶ
2287 1787 2602 1852 ἐντεύξεως,
2646 1789 2728 1841 ὅτι
2759 1787 2937 1840 πάντα
2959 1785 3122 1849 καλὰ,
3155 1786 3251 1838 καί⁵
3279 1786 3428 1855 ἡδέα,
3469 1788 3560 1840 καὶ
3589 1787 3739 1839 οὐδὲν

2165 1880 2470 1951 ἀπόϐλητον
2497 1880 2646 1950 παρὰ
2675 1877 2796 1949 Θεῷ
2816 1895 2828 1908 °
2870 1879 3222 1950 χλευάζονται
3249 1879 3306 1933 δὲ
3334 1879 3646 1932 τελειότατα
3670 1879 3738 1931 δι’

2165 1973 2231 2037 ἃς
2259 1974 2552 2043 κέκτηνται
2585 1973 2812 2036 ἕκαστος
2853 1973 3234 2036 συνεισάκτους
3264 1975 3545 2040 γυναῖκας,
3577 1972 3643 2024 δι’
3674 1973 3740 2036 ἃς

2166 2065 2364 2120 είωθοιν
2411 2065 2812 2135 φιλοτιμεῖσθαι
2865 2065 3009 2136 ἔχειν
3057 2066 3137 2127 εἰς
3191 2064 3514 2134 ὑπηρεσίαν.
3580 2063 3740 2117 Ἀλλὰ

477 2156 661 2218 beant.
719 2156 787 2210 ad
817 2155 1191 2225 quotidianum
1240 2155 1501 2208 duntaxat
1549 2155 1908 2211 ministerium
1963 2171 2046 2211 eat

2163 2160 2258 2213 καὶ
2294 2159 2506 2222 τούτου,
2535 2159 2610 2222 ὡς
2637 2157 2793 2228 ἔφην,
2822 2158 2919 2222 τὰς
2946 2159 3225 2230 πτέρυγας
3267 2156 3736 2220 κατασπάσαντες,

478 2262 540 2304 se
595 2246 852 2301 adhibere
905 2245 1228 2316 gloriantur.
1284 2245 1391 2299 Sed
1427 2261 1552 2298 cum
1601 2245 1784 2315 hujus,
1820 2246 1896 2300 uti
1922 2245 2057 2312 dixi,

477 2341 594 2394 alas
645 2339 1049 2405 evulserimns,
1102 2347 1376 2407 caputque
1424 2339 1548 2392 vitae
1604 2338 1770 2408 ligno,
1826 2337 1929 2391 hoc
1974 2345 2060 2394 est

478 2429 692 2484 Domini
721 2431 895 2486 nostri
925 2427 1054 2484 Jesu
1087 2428 1288 2484 Christi
1329 2443 1514 2488 cruce,
1546 2429 2056 2492 comminuerimus,

476 2521 764 2589 implorata
794 2523 1027 2590 prinmm
1064 2535 1165 2588 ope
1218 2518 1332 2581 Del,
1385 2527 1445 2572 ut
1491 2519 1729 2588 reliquas
1772 2518 2059 2573 confutare

477 2612 734 2676 haereses,
777 2622 834 2669 et
882 2614 1114 2668 inaniter
1167 2613 1234 2667 ab
1289 2613 1356 2668 iis
1399 2613 1454 2666 in
1504 2613 1691 2667 orbem
1747 2613 2056 2668 introducta

475 2702 732 2775 dogmata
759 2703 970 2757 diluere
1007 2701 1302 2772 possimus.
1335 2702 1401 2756 ad
1427 2717 1520 2756 eas
1549 2703 1946 2772 aggrediamur.

784 2832 1054 2886 MELETII
1094 2833 1209 2887 [EG
1221 2832 1398 2887 YPTII
1438 2833 1757 2902 SCHISMA,

635 3013 768 3078 Qua:
799 3026 874 3067 est
915 3013 1128 3067 haeresis
1161 3013 1251 3066 XL
1267 3012 1432 3080 VIII,
1464 3017 1569 3069 sive
1599 3015 1697 3069 LX
1713 3015 1872 3072 VI”.

546 3103 585 3158 I.
620 3105 716 3158 Est
744 3105 986 3175 quaedam
1036 3106 1090 3158 in
1133 3105 1364 3177 Egypto
1412 3105 1821 3163 Mcletianorum
1865 3108 2050 3174 factio,
2086 3107 2092 3114 ’

2161 2251 2258 2305 καὶ
2280 2251 2380 2318 τὴν
2410 2249 2652 2320 κεφαλὴν
2693 2250 3128 2314 καταθλάσαντες
3145 2251 3222 2320 τῷ
3256 2249 3400 2320 ξύλῳ
3427 2250 3526 2319 τῆς
3567 2248 3734 2319 ζωῆς,

2159 2342 2408 2396 τουτέστι
2450 2341 2528 2411 τῷ
2566 2341 2783 2411 σταυρῷ
2811 2341 2903 2394 τοῦ
2941 2342 3149 2412 Κυρίου
3191 2341 3353 2412 ,ἡμῶν
3401 2340 3573 2412 Ἰησοῦ
3603 2341 3738 2410 Χρι-

2161 2435 2310 2498 στοῦ,
2345 2435 2436 2488 ἐπὶ
2465 2435 2564 2498 τὰς
2601 2435 2728 2505 ἑξῆς
2758 2434 2945 2504 ἴωμεν,
2996 2434 3412 2504 ἐπικαλούμενοι
3456 2433 3616 2487 αὑτὸν
3643 2433 3736 2486 τὸν

2157 2527 2291 2580 Θεὸν
2322 2527 2534 2598 βοηθὸν,
2566 2527 2702 2598 πρὸς
2730 2526 2830 2598 τὴν
2875 2526 2984 2580 τῶν
3014 2527 3216 2581 λοιπῶν
3254 2527 3519 2598 αἱρέσεων
3549 2525 3734 2598 ἀντίρ-

2159 2617 2316 2690 ῤηὶν
2346 2636 2406 2670 τε
2447 2619 2542 2671 καὶ
2581 2619 2894 2690 ἀνατροπὴν
2937 2617 3047 2670 τῶν
3091 2621 3222 2690 παρ’
3256 2619 3440 2680 αὐτοῖς
3491 2617 3735 2679 ματαίως

2156 2711 2233 2782 τῷ
2261 2711 2451 2780 κόσμῳ
2481 2709 2954 2780 ὑποϐαλλομένων.

2186 2821 2323 2874 ΤΟΥ
2358 2821 2721 2876 ΜΕΛΗΤΙΟΥ
2759 2819 3302 2949 (ὕίέἔτξέἑΣΜΑΤΟΣ
3338 2820 3475 2874 ΤΟΥ
3515 2821 3700 2874 ΑΙΓΥ-

2196 3013 2664 3082 Τεσσαρακοστὴ
2691 3014 2893 3084 ὀγδόη,
2929 3018 2967 3084 ’ἡ
3012 3017 3109 3070 καὶ
3150 3017 3451 3086 ἑξηκοστὴ
3499 3019 3696 3089 ὀγδόη.

2222 3101 2299 3154 Α’.
2316 3102 2668 3172 Μελητιανῶν
2684 3122 2734 3157 τι
2754 3108 2939 3178 τάγμα
2958 3111 3016 3162 ἐν
3034 3110 3098 3179 τῇ
3128 3109 3238 3161 τῶν
3256 3111 3565 3178 Αἰγυπτίων
3582 3112 3735 3185 χώρᾳ

475 3212 596 3268 quae
621 3213 652 3252 a
683 3197 894 3252 Meletio
921 3197 1154 3266 quodam
1207 3198 1261 3251 in
1306 3197 1579 3253 Thebaide
1616 3199 1744 3253 olim
1795 3200 2046 3271 episcopo

2153 3191 2408 3263 ὑπάρχει,
2441 3195 2548 3248 ἀπὸ
2592 3197 2864 3268 Μελητίου
2893 3201 3038 3263 τινὸς
3084 3203 3385 3254 ἐπισκόπου
3437 3205 3494 3256 ὲν
3527 3206 3591 3274 τῇ
3624 3206 3732 3275 Θη-

473 3297 842 3358 nuncupatur.
880 3287 981 3355 Qui
1021 3291 1237 3360 quidem
1285 3290 1350 3344 ad
1383 3290 1704 3345 catholicam
1753 3290 2046 3348 Ecclesiam

2151 3283 2293 3337 σαῖδι
2323 3287 2616 3355 γενομένου
2650 3289 2749 3359 τῆς
2779 3290 3072 3360 καθολικῆς
3122 3292 3448 3364 Ἐκκλησίας
3493 3295 3586 3347 καὶ
3631 3295 3730 3366 τῆς

475 3382 856 3452 sinceramque
922 3381 1077 3436 fidem
1143 3381 1500 3438 nihilominus
1560 3383 1806 3438 adhaesit.
1865 3383 2046 3454 Neque

2151 3377 2312 3449 ὀρθῆς
2339 3378 2593 3442 πίστεως.
2625 3381 2701 3432 Ού
2735 3381 2843 3451 γάρ
2869 3399 2924 3434 τι
2953 3384 3316 3453 μετήλλαττεν
3346 3388 3378 3458 ἡ
3421 3387 3602 3451 πίστις
3631 3388 3727 3440 ad-

473 3473 618 3528 enim
665 3471 775 3526 ullo
816 3478 1058 3539 tempore
1101 3487 1132 3524 a
1173 3481 1373 3527 sanctae
1403 3480 1457 3527 et
1483 3473 1764 3529 catholica:
1796 3476 2046 3531 Ecclesia:

2151 3469 2243 3522 τοῦ
2276 3471 2333 3522 ἐν
2363 3471 2538 3542 καιρῷ
2563 3489 2667 3524 τινι
2695 3472 2796 3543 τῆς
2841 3474 3002 3542 ἁγίας
3033 3475 3330 3548 καθολικῆς
3373 3479 3719 3550 Ἐκκλησίας.

472 3558 736 3628 religione
763 3558 1010 3612 descivit.
1047 3557 1255 3613 Floruit
1299 3559 1387 3615 hic
1432 3561 1621 3615 eodem
1653 3578 1762 3633 quo
1797 3562 2054 3619 Hieracas

473 3659 750 3720 tempore,
794 3664 1026 3718 eumque
1076 3649 1267 3704 ordine
1309 3657 1699 3722 consequitur:
1731 3670 1839 3724 quo
1888 3656 2052 3711 etiam

471 3748 717 3810 tempore
769 3750 993 3796 sanctus
1054 3739 1247 3797 Petrus
1304 3741 1704 3799 Alexandrinus
1760 3746 2052 3816 episcopus

472 3832 638 3902 717
672 3833 825 3885 vixit.
875 3833 1050 3901 Atque
1085 3849 1275 3888 omnes
1324 3835 1415 3890 isti
1464 3837 1859 3905 persecutionis
1905 3838 2051 3893 illius

471 3932 720 3993 tempore
763 3924 1005 3986 fuerunt,
1036 3940 1157 3993 qnze
1202 3941 1231 3978 a
1280 3924 1612 3981 Diocletiano
1644 3939 1696 3982 et
1725 3929 2050 3985 Maximiano

472 4015 894 4086 imperatoribus
942 4017 1177 4071 excitata
1225 4027 1328 4073 est.
1372 4018 1505 4084 Quae
1547 4027 1727 4075 autem
1771 4021 1839 4075 ad
1889 4020 2051 4077 Mele-

471 4107 609 4161 tium
637 4109 886 4172 attinent,
922 4111 1023 4163 hoc
1056 4109 1218 4165 modo
1245 4126 1365 4166 sese
1393 4110 1738 4166 habuerunt:

542 4213 643 4268 Hic
673 4215 973 4270 Ecclesium
1029 4215 1325 4269 schismate
1372 4212 1612 4271 discidit,
1660 4219 1730 4260 ita
1762 4215 1940 4258 tamen
1987 4214 2044 4255 ut

470 4299 630 4354 ﬁdem
657 4303 806 4357 nulla
842 4318 910 4358 ex
944 4313 1098 4373 parte
1141 4309 1400 4355 mutaret.
1430 4298 1534 4364 Qui
1565 4300 1620 4351 in
1665 4297 1754 4349 illa
1789 4306 2042 4363 persecu-

467 4393 616 4447 tione
653 4408 760 4448 una
800 4408 924 4448 cum
965 4399 1156 4449 sancto
1196 4391 1361 4446 Petro
1398 4391 1658 4460 episcopo
1705 4395 1762 4442 et
1806 4393 2044 4455 martyre

468 4485 787 4555 caeterisque
809 4485 1138 4555 martyribus
1161 4482 1589 4553 comprehensus
1610 4487 1696 4535 est
1723 4478 1792 4531 ab
1809 4477 2043 4530 Alexan-

467 4575 600 4630 dria
627 4583 681 4630 et
706 4575 924 4647 Εενοιὶ
958 4575 1246 4645 praefectis,
1284 4575 1485 4644 quibus
1520 4575 1620 4626 hoc
1653 4573 1721 4625 ab
1759 4571 2043 4637 imperato-

466 4666 620 4720 ribus
691 4668 1005 4720 mandatum
1070 4670 1264 4719 fuerat.
1318 4667 1554 4719 Praeerat
1608 4672 1720 4716 tnm
1779 4659 2043 4715 Thcbaidi

533 4749 550 4779 ¹
584 4747 758 4802 lCor.
783 4765 837 4812 κ,
871 4749 958 4802 51.
1038 4752 1058 4781 ³
1089 4750 1105 4801 I
1137 4749 1276 4803 Tim.
1304 4766 1375 4814 tv,
1400 4751 1455 4815 ‘2,
1486 4751 1538 4805 5.

2153 3557 2319 3628 Οὗτος
2387 3565 2416 3617 ὁ
2481 3565 2747 3635 Μελήτιος
2823 3565 3114 3637 σύγχρονος
3160 3563 3229 3639 ἦν
3297 3571 3391 3622 καὶ
3443 3589 3724 3640 συνακμα-

2154 3655 2283 3726 στὴς
2311 3654 2406 3708 τοῦ
2437 3656 2835 3728 προειρημένου
2879 3657 3094 3728 Ἱέρακά
3121 3676 3179 3710 τε
3201 3699 3215 3723 ,
3245 3662 3338 3713 καὶ
3357 3661 3592 3730 καθεξῆς
3611 3662 3724 3715 δια-

2149 3747 2467 3818 δεξάμενος
2517 3747 2576 3811 ὃς
2613 3743 2681 3819 ἦν
2731 3751 2824 3803 καὶ
2872 3748 2966 3802 τοῦ
3015 3751 3168 3818 ἁγίου
3211 3752 3420 3822 Πέτρου
3481 3752 3574 3806 τοῦ
3621 3755 3722 3822 τῆς

2163 3839 2565 3911 Ἀλεξανδρείας
2645 3837 2942 3891 ἐπισκόπου
3029 3839 3343 3909 σύγχρονος.
3443 3846 3551 3898 Καὶ
3573 3837 3721 3898 οὗτοι

2148 3932 2348 3995 πάντες
2398 3932 2490 3983 ἐπὶ
2539 3929 2633 3983 τοῦ
2679 3930 2918 4000 διωγμοῦ
2967 3927 3107 3999 ἦσαν
3150 3931 3244 3984 τοῦ
3283 3933 3575 4003 γενομένου
3625 3935 3718 3987 ἐπὶ

2147 4020 2528 4091 Διοκλητιανοῦ
2555 4022 2650 4074 καὶ
2686 4021 3050 4092 Μαξιμιανοῦ.
3094 4022 3157 4074 Ἠ
3194 4022 3252 4074 δὲ
3282 4023 3426 4077 κατὰ
3468 4023 3564 4079 τὸν
3603 4025 3720 4080 Με-

2145 4113 2325 4178 λήτιον
2349 4113 2602 4175 ὑπόθεσις
2630 4112 2815 4165 τοῦτον
2844 4112 2967 4183 ἔσχε
2989 4114 3080 4166 τὸν
3107 4113 3327 4184 τρόπον’

2220 4192 2432 4263 Σχίσμα
2467 4195 2721 4256 ἐποίησεν
2746 4215 2761 4228 ·
2793 4199 2855 4251 ού
2898 4201 3004 4271 μὴν
3040 4201 3479 4270 μετηλλαγμένος
3507 4200 3606 4268 τὴν
3637 4199 3725 4249 πί-

2150 4301 2266 4337 στιν
2295 4285 2606 4357 γεγένηται.
2653 4283 2822 4354 Οὗτος
2871 4293 2926 4344 ὲν
2969 4291 3146 4362 καιρῷ
3188 4291 3284 4344 τοῦ
3326 4292 3566 4362 διωγμοῦ
3613 4292 3723 4360 ἆμσ

2149 4377 2342 4448 Πέτρῳ
2383 4377 2464 4449 τῷ
2513 4379 2652 4450 ἁγίῳ
2699 4383 2982 4452 ὲπισκόπῳ
3031 4383 3126 4435 καὶ
3171 4383 3429 4454 μάρτυρι,
3476 4383 3572 4436 καὶ
3614 4386 3724 4446 τοῖς

2149 4468 2326 4532 ἄλλοις
2357 4471 2612 4540 μάρτυσι,
2656 4473 2982 4544 συλληφθεὶς
3017 4473 3120 4526 ὑπὸ
3140 4473 3249 4526 τῶν
3283 4475 3376 4526 ἐπὶ
3415 4473 3588 4545 τούτῳ
3621 4473 3723 4525 ὑπὸ

2149 4559 2240 4611 τοῦ
2274 4559 2536 4629 βασιλέως
2570 4564 3013 4634 ἐπιτεταγμένων
3041 4563 3146 4615 τῶν
3176 4566 3295 4616 κατ’
3331 4567 3503 4618 ἐκεῖνο
3530 4562 3722 4632 καιροῦ

2149 4649 2430 4718 ἡγεμόνων
2449 4651 2547 4719 τῆς
2587 4651 2992 4723 Ἀλεξανδρείας
3015 4655 3108 4706 καὶ
3127 4653 3427 4721 Αἰγύπτου·
3452 4652 3720 4722 Κουληῖα-

531 4863 644 4935 (50)
683 4862 1132 4935 ToﬁManriov.
1178 4861 1251 4916 De
1277 4862 1590 4935 Meletianis
1622 4865 1793 4935 Actis,
1827 4884 1890 4922 ac.
1921 4876 2034 4924 tota
2056 4875 2102 4931 Ι)
2137 4879 2245 4935 que
2274 4879 2470 4935 causas
2501 4880 2562 4917 ac
2597 4881 2862 4934 personas
2899 4865 3037 4934 style
3070 4878 3170 4917 suo
3200 4879 3306 4917 non
3338 4866 3501 4918 modo
3527 4865 3709 4919 suble-

458 4932 774 5007 scliismatis
804 4933 1053 5007 historia.
1081 4948 1244 5007 quam
1277 4933 1363 4987 hic
1393 4937 1647 5007 proponit
1672 4934 2031 5007 Epiphanius,

458 5003 592 5070 quid
617 5003 960 5077 sentiendum
985 5003 1165 5077 sit,_in
1196 5002 1830 5077 BaronianisAnnalibus
1858 5002 2032 5077 expliL

457 5084 615 5140 catur
648 5087 792 5126 anno
825 5073 948 5134 506,
983 5073 1182 5140 quibus
1202 5089 1304 5138 ego
1335 5075 1694 5132 libentissime
1717 5073 2026 5136 subscribe.

455 5139 838 5218 Certissjmum
873 5139 1017 5218 enim
1043 5152 1128 5197 est
1166 5160 1195 5195 ει
1229 5144 1515 5218 Meletiano
1542 5148 1727 5217 aliquo
1765 5149 2032 5218 scriptore

459 5211 598 5288 falsa
633 5211 834 5288 Melctii
863 5215 996 5288 Acta
1023 5215 1340 5288 conscripta
1369 5215 1572 5280 fuisse;
1609 5211 1661 5272 in
1694 5211 2030 5288 quibustur-

457 5281 742 5347 pissimam,
787 5284 1026 5338 hominis
1075 5281 1354 5338 infamiam
1399 5297 1454 5338 et
1502 5281 1858 5344 exsecrabilis
1895 5290 2030 5344 faci-

456 5352 977 5429 nora__dissin__m_lare
1003 5365 1228 5429 conatus
1259 5363 1362 5409 est.
1387 5356 1446 5408 In
1468 5371 1531 5429 ea
1555 5373 1679 5412 cum
1711 5360 2029 5428 imprudens

456 5421 741 5476 incidisset
776 5422 1328 5491 Epiphanius,veram
1352 5439 1414 5477 ac
1439 5426 1709 5482 sinceram
1739 5421 1883 5483 ill-am
1903 5446 2026 5486 esse

457 5493 829 5546 narrationem
872 5493 1074 5547 frustra
1128 5494 1379 5548 credidit.
1431 5495 1583 5560 Quod
1634 5501 1842 5554 utinam
1889 5502 1936 5555 ei
1970 5503 2024 5555 in

455 5568 694 5614 mentem
730 5577 839 5614 non
870 5565 1111 5620 venisset
1135 5567 1147 5616 I
1180 5563 1424 5620 Pessime
1449 5567 1666 5634 quidem
1687 5570 1756 5625 de
1785 5570 2025 5624 humano

457 5642 656 5706 genere
685 5642 969 5706 merentur
1002 5634 1078 5689 illi
1102 5635 1195 5702 qui
1227 5646 1632 5706 sacrosanctam
1659 5639 1904 5695 historia:
1929 5659 2020 5695 ve-

455 5704 1005 5780 ritatemmendaciis
1042 5713 1339 5780 aspergunt
1382 5707 1516 5760 suis.
1555 5705 1661 5780 Sed
1714 5712 1886 5780 multo
1930 5712 2024 5765 de-

459 5769 695 5850 testandi
731 5772 902 5850 magis
957 5788 1020 5850 ac
1053 5769 1266 5850 publice
1305 5778 1590 5850 coercendi
1637 5779 1890 5834 videntur
1930 5784 2024 5850 qui

459 5835 528 5888 ad
557 5835 869 5918 falsitatem,
892 5835 1185 5918 impietatis
1213 5860 1273 5896 ac
1301 5846 1567 5918 sacrilegii
1591 5850 1797 5904 crimen
1831 5835 2027 5918 adjoin-

459 5914 613 5980 gunt,
641 5908 767 5963 dum
797 5921 885 5966 res
929 5908 1309 5970 haereticorum
1344 5908 1640 5979 hominum,
1675 5908 2019 5977 eorumd'em.

2137 4924 2286 4996 vant,
2341 4934 2434 4990 sed
2489 4924 2651 4987 etiam
2696 4945 2887 4990 contra
2925 4924 3080 4988 [idem
3124 4935 3370 4987 veritatis
3413 4945 3701 4989 exornant.

2136 5003 2458 5074 Cuiusmodi
2511 5015 2668 5059 aetate
2721 5015 2906 5060 nostra
2948 5004 3256 5073 complures
3296 5005 3551 5059 Historia:
3576 5021 3703 5074 pro-

2137 5074 2323 5136 dcunt,
2351 5091 2378 5126 a
2412 5074 2729 5136 Catholicis,
2781 5084 2840 5128 ut
2883 5074 3051 5129 videri
3084 5075 3294 5135 volunt,
3343 5084 3397 5127 et
3449 5074 3704 5130 Romanae
3805 5079 3813 5085 ’

2137 5145 2538 5199 communionis
2574 5146 2882 5200 hominibus
2906 5146 3096 5209 edita’;
3126 5145 3221 5198 sed
3252 5161 3370 5212 qua:
3399 5143 3700 5199 Cenevcnsi

2139 5215 2320 5284 aliquo
2367 5223 2637 5268 conventu
2689 5217 2959 5269 meditata:
3026 5215 3352 5284 dictataeque
3389 5215 3697 5268 videantur.

2139 5284 2871 5356 Quarunrprazdicandarum
2903 5286 3065 5340 finem
3099 5285 3698 5356 nullumlnereticiipsi

2133 5353 2344 5407 faciunt
2369 5353 2660 5416 Catholici,
2714 5371 2822 5408 non
2856 5364 2914 5408 ut
2945 5363 3231 5422 suspectas
3257 5355 3452 5416 solum,
3500 5355 3590 5410 sed
3618 5353 3701 5407 'ut

2129 5424 2326 5492 impias
2371 5439 2433 5476 ac
2475 5423 2763 5478 damnatas
2793 5432 3170 5479 exsecrantur.
3207 5423 3485 5489 Ejusmodi
3539 5423 3702 5479 Mele-

2130 5494 2278 5547 tiana
2305 5494 2394 5547 illa
2430 5493 2531 5547 fuit
2559 5493 2812 5554 historia,
2848 5511 2967 5562 quae
2994 5495 3405 5548 sanctissimum
3434 5495 3610 5546 virum
3648 5494 3702 5548 in

2127 5580 2371 5618 errorem
2401 5564 2648 5636 adduxit.
2676 5563 2809 5618 Nam
2832 5566 3010 5636 qualis
3035 5580 3226 5618 revera
3246 5565 3492 5619 Meletius
3512 5565 3700 5628 fuerit,

2127 5649 2315 5703 quaeve
2337 5634 2648 5687 concitandi
2679 5634 2996 5690 schismatis
3019 5636 3239 5689 occasio
3273 5649 3338 5688 ac
3363 5637 3698 5704 progressio,

2127 5704 2527 5775 multorcertius
2559 5720 2622 5757 ex
2654 5705 2936 5760 Athanasii
2961 5706 3180 5772 scriptis
3225 5713 3388 5775 atque
3411 5721 3474 5775 ei:
3497 5705 3699 5760 Nicaeni

2128 5774 2346 5828 concilii
2400 5775 2680 5844 synodicis
2709 5777 2905 5830 litteris
2936 5776 3161 5842 intelligi
3182 5773 3378 5845 potest.
3412 5773 3547 5830 Vide
3574 5791 3696 5827 om-

2132 5845 2262 5899 nino
2292 5859 2411 5914 qua‘
2437 5845 2550 5901 illic
2574 5861 2602 5899 a
2623 5845 2856 5902 Baronio
2886 5847 3299 5902 accuratissime
3332 5846 3694 5916 disputantur.
