  <div class='ocr_page' id='page_1' title='image "/cluster/home/n/w/nwhite01/storage/ocr_20150623/42/nnc1.0046978682/116.png"; bbox 0 0 4138 6396; ppageno 0'>
   <div class='ocr_carea' id='block_1_1' title="bbox 398 413 505 471">
    <p class='ocr_par' dir='ltr' id='par_1_1' title="bbox 398 413 505 471">
     <span class='ocr_line' id='line_1_1' title="bbox 398 413 505 471; baseline 0.019 -2"><span class='ocrx_word' id='word_1_1' title='bbox 398 413 505 471; x_wconf 70' lang='grc'><strong>185</strong></span> 
     </span>
    </p>
   </div>
   <div class='ocr_carea' id='block_1_2' title="bbox 1078 401 3089 475">
    <p class='ocr_par' dir='ltr' id='par_1_2' title="bbox 1078 401 3089 475">
     <span class='ocr_line' id='line_1_2' title="bbox 1078 401 3089 475; baseline -0.007 0"><span class='ocrx_word' id='word_1_2' title='bbox 1078 417 1450 475; x_wconf 82' lang='lat' dir='ltr'><strong>ADVERSUS</strong></span> <span class='ocrx_word' id='word_1_3' title='bbox 1483 413 1828 470; x_wconf 64' lang='lat' dir='ltr'><strong>HERESES</strong></span> <span class='ocrx_word' id='word_1_4' title='bbox 1864 411 1993 467; x_wconf 87' lang='lat' dir='ltr'><strong>LIB.</strong></span> <span class='ocrx_word' id='word_1_5' title='bbox 2029 411 2096 466; x_wconf 90' lang='lat' dir='ltr'><strong>Il.</strong></span> <span class='ocrx_word' id='word_1_6' title='bbox 2139 409 2304 466; x_wconf 82' lang='grc' dir='ltr'><strong>ΤΟΜ.</strong></span> <span class='ocrx_word' id='word_1_7' title='bbox 2346 409 2412 463; x_wconf 93' lang='lat' dir='ltr'><strong>II.</strong></span> <span class='ocrx_word' id='word_1_8' title='bbox 2451 440 2520 450; x_wconf 87' lang='lat'><strong><em>——</em></strong></span> <span class='ocrx_word' id='word_1_9' title='bbox 2555 405 2828 462; x_wconf 70' lang='lat' dir='ltr'><strong>IIAERES.</strong></span> <span class='ocrx_word' id='word_1_10' title='bbox 2854 401 3089 460; x_wconf 75' lang='lat' dir='ltr'><strong>LXVIII.</strong></span> 
     </span>
    </p>
   </div>
   <div class='ocr_carea' id='block_1_3' title="bbox 3555 394 3664 450">
    <p class='ocr_par' dir='ltr' id='par_1_3' title="bbox 3555 394 3664 450">
     <span class='ocr_line' id='line_1_3' title="bbox 3555 394 3664 450; baseline 0 0"><span class='ocrx_word' id='word_1_11' title='bbox 3555 394 3664 450; x_wconf 66' lang='lat'><strong>186</strong></span> 
     </span>
    </p>
   </div>
   <div class='ocr_carea' id='block_1_4' title="bbox 398 515 1972 605">
    <p class='ocr_par' dir='ltr' id='par_1_4' title="bbox 398 529 1972 605">
     <span class='ocr_line' id='line_1_4' title="bbox 398 529 1972 605; baseline -0.002 -19"><span class='ocrx_word' id='word_1_12' title='bbox 398 537 490 596; x_wconf 74' lang='grc' dir='ltr'>νὸς</span> <span class='ocrx_word' id='word_1_13' title='bbox 523 533 620 604; x_wconf 82' lang='grc' dir='ltr'><strong>μὲν</strong></span> <span class='ocrx_word' id='word_1_14' title='bbox 652 529 720 604; x_wconf 81' lang='grc' dir='ltr'>ἦν</span> <span class='ocrx_word' id='word_1_15' title='bbox 752 533 990 605; x_wconf 76' lang='grc' dir='ltr'><strong>ἔπαρχος</strong></span> <span class='ocrx_word' id='word_1_16' title='bbox 1025 533 1124 604; x_wconf 84' lang='grc' dir='ltr'>τῆς</span> <span class='ocrx_word' id='word_1_17' title='bbox 1163 533 1450 604; x_wconf 78' lang='grc' dir='ltr'>Θηϐαΐδος,</span> <span class='ocrx_word' id='word_1_18' title='bbox 1501 531 1903 602; x_wconf 85' lang='grc' dir='ltr'>Ἀλεξανδρείας</span> <span class='ocrx_word' id='word_1_19' title='bbox 1927 529 1972 584; x_wconf 80' lang='grc' dir='ltr'>δΙ</span> 
     </span>
    </p>
   </div>
   <div class='ocr_carea' id='block_1_5' title="bbox 2076 515 3656 605">
    <p class='ocr_par' dir='ltr' id='par_1_5' title="bbox 2080 515 3656 594">
     <span class='ocr_line' id='line_1_5' title="bbox 2080 515 3656 594; baseline -0.008 -12"><span class='ocrx_word' id='word_1_20' title='bbox 2080 526 2419 594; x_wconf 88' lang='lat' dir='ltr'><strong>Culejanus,</strong></span> <span class='ocrx_word' id='word_1_21' title='bbox 2470 525 2813 581; x_wconf 70' lang='lat' dir='ltr'><strong>Alexandria:</strong></span> <span class='ocrx_word' id='word_1_22' title='bbox 2860 538 2992 578; x_wconf 84' lang='lat' dir='ltr'><strong>vero</strong></span> <span class='ocrx_word' id='word_1_23' title='bbox 3053 517 3354 574; x_wconf 86' lang='lat' dir='ltr'><strong>IIierocIes.</strong></span> <span class='ocrx_word' id='word_1_24' title='bbox 3410 515 3656 570; x_wconf 79' lang='lat' dir='ltr'><strong>Meletius</strong></span> 
     </span>
    </p>
   </div>
   <div class='ocr_carea' id='block_1_6' title="bbox 410 621 1982 696">
    <p class='ocr_par' dir='ltr' id='par_1_6' title="bbox 410 621 1982 696">
     <span class='ocr_line' id='line_1_6' title="bbox 410 621 1982 696; baseline -0.003 -19"><span class='ocrx_word' id='word_1_25' title='bbox 410 624 701 696; x_wconf 73' lang='grc' dir='ltr'>Ἱεροκλῆςο</span> <span class='ocrx_word' id='word_1_26' title='bbox 753 627 848 678; x_wconf 82' lang='grc' dir='ltr'><strong>καὶ</strong></span> <span class='ocrx_word' id='word_1_27' title='bbox 895 627 925 677; x_wconf 87' lang='grc' dir='ltr'>ὁ</span> <span class='ocrx_word' id='word_1_28' title='bbox 975 625 1074 696; x_wconf 84' lang='grc' dir='ltr'><strong>μὲν</strong></span> <span class='ocrx_word' id='word_1_29' title='bbox 1116 625 1388 696; x_wconf 75' lang='grc' dir='ltr'>Μελήτιος</span> <span class='ocrx_word' id='word_1_30' title='bbox 1419 627 1478 679; x_wconf 86' lang='grc' dir='ltr'><strong>ἐν</strong></span> <span class='ocrx_word' id='word_1_31' title='bbox 1523 623 1600 695; x_wconf 84' lang='grc' dir='ltr'>τῷ</span> <span class='ocrx_word' id='word_1_32' title='bbox 1626 621 1982 694; x_wconf 64' lang='grc' dir='ltr'>δεσμωτηρίῳ</span> 
     </span>
    </p>
   </div>
   <div class='ocr_carea' id='block_1_7' title="bbox 397 713 1980 789">
    <p class='ocr_par' dir='ltr' id='par_1_7' title="bbox 397 713 1980 789">
     <span class='ocr_line' id='line_1_7' title="bbox 397 713 1980 789; baseline -0.003 -19"><span class='ocrx_word' id='word_1_33' title='bbox 397 717 800 787; x_wconf 70' lang='grc' dir='ltr'><strong>καθειργμένος</strong></span> <span class='ocrx_word' id='word_1_34' title='bbox 825 713 914 789; x_wconf 76' lang='grc' dir='ltr'>ἦν,</span> <span class='ocrx_word' id='word_1_35' title='bbox 940 718 1102 781; x_wconf 79' lang='grc' dir='ltr'>αὑτός</span> <span class='ocrx_word' id='word_1_36' title='bbox 1127 735 1187 772; x_wconf 85' lang='grc' dir='ltr'><strong>τε</strong></span> <span class='ocrx_word' id='word_1_37' title='bbox 1214 717 1311 770; x_wconf 72' lang='grc' dir='ltr'><strong>καὶ</strong></span> <span class='ocrx_word' id='word_1_38' title='bbox 1339 719 1387 770; x_wconf 82' lang='grc' dir='ltr'><strong>οἱ</strong></span> <span class='ocrx_word' id='word_1_39' title='bbox 1423 715 1809 788; x_wconf 79' lang='grc' dir='ltr'><strong>προειρημένοι</strong></span> <span class='ocrx_word' id='word_1_40' title='bbox 1837 713 1980 786; x_wconf 85' lang='grc' dir='ltr'>μάρ-</span> 
     </span>
    </p>
   </div>
   <div class='ocr_carea' id='block_1_8' title="bbox 397 802 1981 878">
    <p class='ocr_par' dir='ltr' id='par_1_8' title="bbox 397 802 1981 878">
     <span class='ocr_line' id='line_1_8' title="bbox 397 802 1981 878; baseline -0.001 -20"><span class='ocrx_word' id='word_1_41' title='bbox 397 823 562 876; x_wconf 81' lang='grc' dir='ltr'>τυρες</span> <span class='ocrx_word' id='word_1_42' title='bbox 595 807 712 875; x_wconf 76' lang='grc' dir='ltr'><strong>ἅμα</strong></span> <span class='ocrx_word' id='word_1_43' title='bbox 741 807 820 877; x_wconf 82' lang='grc' dir='ltr'>τῷ</span> <span class='ocrx_word' id='word_1_44' title='bbox 858 808 1243 878; x_wconf 82' lang='grc' dir='ltr'><strong>προειρημένῳ</strong></span> <span class='ocrx_word' id='word_1_45' title='bbox 1270 807 1464 877; x_wconf 81' lang='grc' dir='ltr'><strong>Πέτρῳ</strong></span> <span class='ocrx_word' id='word_1_46' title='bbox 1483 806 1562 877; x_wconf 82' lang='grc' dir='ltr'>τῷ</span> <span class='ocrx_word' id='word_1_47' title='bbox 1595 806 1693 876; x_wconf 84' lang='grc' dir='ltr'><strong>τῆς</strong></span> <span class='ocrx_word' id='word_1_48' title='bbox 1733 802 1981 867; x_wconf 83' lang='grc' dir='ltr'>Ἀλεξαν-</span> 
     </span>
    </p>
   </div>
   <div class='ocr_carea' id='block_1_9' title="bbox 395 895 1980 968">
    <p class='ocr_par' dir='ltr' id='par_1_9' title="bbox 395 895 1980 968">
     <span class='ocr_line' id='line_1_9' title="bbox 395 895 1980 968; baseline -0.002 -18"><span class='ocrx_word' id='word_1_49' title='bbox 395 897 583 968; x_wconf 81' lang='grc' dir='ltr'>δρείας</span> <span class='ocrx_word' id='word_1_50' title='bbox 610 899 1043 968; x_wconf 80' lang='grc' dir='ltr'>ἀρχιεπισγόπῳ.</span> <span class='ocrx_word' id='word_1_51' title='bbox 1081 899 1284 950; x_wconf 82' lang='grc' dir='ltr'>Ἐδόκει</span> <span class='ocrx_word' id='word_1_52' title='bbox 1315 899 1371 951; x_wconf 83' lang='grc' dir='ltr'>δὲ</span> <span class='ocrx_word' id='word_1_53' title='bbox 1405 898 1500 951; x_wconf 75' lang='grc' dir='ltr'>καὶ</span> <span class='ocrx_word' id='word_1_54' title='bbox 1531 901 1559 950; x_wconf 87' lang='grc' dir='ltr'>ὁ</span> <span class='ocrx_word' id='word_1_55' title='bbox 1583 897 1850 967; x_wconf 88' lang='grc' dir='ltr'>Μελήτιος</span> <span class='ocrx_word' id='word_1_56' title='bbox 1870 895 1980 948; x_wconf 83' lang='grc' dir='ltr'>τῶν</span> 
     </span>
    </p>
   </div>
   <div class='ocr_carea' id='block_1_10' title="bbox 396 985 1979 1060">
    <p class='ocr_par' dir='ltr' id='par_1_10' title="bbox 396 985 1979 1060">
     <span class='ocr_line' id='line_1_10' title="bbox 396 985 1979 1060; baseline -0.001 -21"><span class='ocrx_word' id='word_1_57' title='bbox 396 986 544 1059; x_wconf 80' lang='grc' dir='ltr'>[τήν]</span> <span class='ocrx_word' id='word_1_58' title='bbox 575 991 716 1042; x_wconf 72' lang='grc' dir='ltr'>κατὰ</span> <span class='ocrx_word' id='word_1_59' title='bbox 752 989 850 1060; x_wconf 86' lang='grc' dir='ltr'><strong>τὴν</strong></span> <span class='ocrx_word' id='word_1_60' title='bbox 889 989 1162 1057; x_wconf 76' lang='grc' dir='ltr'>Αἴγυπτον</span> <span class='ocrx_word' id='word_1_61' title='bbox 1199 990 1481 1060; x_wconf 82' lang='grc' dir='ltr'><strong>προήκων,</strong></span> <span class='ocrx_word' id='word_1_62' title='bbox 1524 989 1617 1041; x_wconf 72' lang='grc' dir='ltr'>καὶ</span> <span class='ocrx_word' id='word_1_63' title='bbox 1646 985 1979 1057; x_wconf 80' lang='grc' dir='ltr'>δευτερεύων</span> 
     </span>
    </p>
   </div>
   <div class='ocr_carea' id='block_1_11' title="bbox 393 1076 1976 1152">
    <p class='ocr_par' dir='ltr' id='par_1_11' title="bbox 393 1076 1976 1152">
     <span class='ocr_line' id='line_1_11' title="bbox 393 1076 1976 1152; baseline -0.002 -21"><span class='ocrx_word' id='word_1_64' title='bbox 393 1079 474 1149; x_wconf 82' lang='grc' dir='ltr'>τῷ</span> <span class='ocrx_word' id='word_1_65' title='bbox 503 1080 699 1150; x_wconf 84' lang='grc' dir='ltr'>Πέτρῳ</span> <span class='ocrx_word' id='word_1_66' title='bbox 734 1081 876 1133; x_wconf 88' lang='grc' dir='ltr'>κατὰ</span> <span class='ocrx_word' id='word_1_67' title='bbox 914 1080 1010 1150; x_wconf 82' lang='grc' dir='ltr'>τὴν</span> <span class='ocrx_word' id='word_1_68' title='bbox 1051 1080 1510 1152; x_wconf 83' lang='grc' dir='ltr'>ἀρχιεπισκοπὴν,</span> <span class='ocrx_word' id='word_1_69' title='bbox 1553 1077 1630 1142; x_wconf 83' lang='grc' dir='ltr'>ὡς</span> <span class='ocrx_word' id='word_1_70' title='bbox 1663 1078 1731 1132; x_wconf 86' lang='grc' dir='ltr'>δι’</span> <span class='ocrx_word' id='word_1_71' title='bbox 1757 1076 1976 1146; x_wconf 80' lang='grc' dir='ltr'>ἀντιλή-</span> 
     </span>
    </p>
   </div>
   <div class='ocr_carea' id='block_1_12' title="bbox 392 1168 1972 1241">
    <p class='ocr_par' dir='ltr' id='par_1_12' title="bbox 392 1168 1972 1241">
     <span class='ocr_line' id='line_1_12' title="bbox 392 1168 1972 1241; baseline -0.003 -19"><span class='ocrx_word' id='word_1_72' title='bbox 392 1170 544 1237; x_wconf 75' lang='grc' dir='ltr'>ψεως</span> <span class='ocrx_word' id='word_1_73' title='bbox 573 1171 740 1223; x_wconf 80' lang='grc' dir='ltr'>αὑτοῦ</span> <span class='ocrx_word' id='word_1_74' title='bbox 778 1171 958 1241; x_wconf 75' lang='grc' dir='ltr'>χάριν,</span> <span class='ocrx_word' id='word_1_75' title='bbox 991 1171 1082 1222; x_wconf 80' lang='grc' dir='ltr'>ὑπ’</span> <span class='ocrx_word' id='word_1_76' title='bbox 1116 1171 1279 1223; x_wconf 85' lang='grc' dir='ltr'>αὑτὸν</span> <span class='ocrx_word' id='word_1_77' title='bbox 1311 1170 1368 1223; x_wconf 87' lang='grc' dir='ltr'>δὲ</span> <span class='ocrx_word' id='word_1_78' title='bbox 1397 1170 1494 1233; x_wconf 82' lang='grc' dir='ltr'><strong>ὢν,</strong></span> <span class='ocrx_word' id='word_1_79' title='bbox 1523 1171 1618 1222; x_wconf 75' lang='grc' dir='ltr'><strong>καὶ</strong></span> <span class='ocrx_word' id='word_1_80' title='bbox 1643 1169 1734 1222; x_wconf 88' lang='grc' dir='ltr'>ὑπ’</span> <span class='ocrx_word' id='word_1_81' title='bbox 1766 1168 1929 1220; x_wconf 81' lang='grc' dir='ltr'>αὐτὸν</span> <span class='ocrx_word' id='word_1_82' title='bbox 1957 1168 1972 1198; x_wconf 75' lang='grc' dir='ltr'><strong>ί</strong></span> 
     </span>
    </p>
   </div>
   <div class='ocr_carea' id='block_1_13' title="bbox 391 1258 1974 1333">
    <p class='ocr_par' dir='ltr' id='par_1_13' title="bbox 391 1258 1974 1333">
     <span class='ocr_line' id='line_1_13' title="bbox 391 1258 1974 1333; baseline -0.001 -20"><span class='ocrx_word' id='word_1_83' title='bbox 391 1262 466 1314; x_wconf 75' lang='grc' dir='ltr'>τὰ</span> <span class='ocrx_word' id='word_1_84' title='bbox 500 1263 930 1330; x_wconf 75' lang='grc' dir='ltr'>ἐκκλησιαστικὰ</span> <span class='ocrx_word' id='word_1_85' title='bbox 973 1263 1283 1333; x_wconf 83' lang='grc' dir='ltr'>ἀναφέρων.</span> <span class='ocrx_word' id='word_1_86' title='bbox 1337 1261 1508 1314; x_wconf 89' lang='grc' dir='ltr'>Τοῦτο</span> <span class='ocrx_word' id='word_1_87' title='bbox 1544 1261 1652 1331; x_wconf 84' lang='grc' dir='ltr'><strong>γὰρ</strong></span> <span class='ocrx_word' id='word_1_88' title='bbox 1688 1259 1807 1321; x_wconf 76' lang='grc' dir='ltr'>ἔθος</span> <span class='ocrx_word' id='word_1_89' title='bbox 1836 1258 1974 1321; x_wconf 78' lang='grc' dir='ltr'>ἐστὶ,</span> 
     </span>
    </p>
   </div>
   <div class='ocr_carea' id='block_1_14' title="bbox 392 1349 1979 1424">
    <p class='ocr_par' dir='ltr' id='par_1_14' title="bbox 392 1349 1979 1424">
     <span class='ocr_line' id='line_1_14' title="bbox 392 1349 1979 1424; baseline -0.001 -17"><span class='ocrx_word' id='word_1_90' title='bbox 392 1356 487 1407; x_wconf 76' lang='grc' dir='ltr'>τὸν</span> <span class='ocrx_word' id='word_1_91' title='bbox 499 1357 557 1408; x_wconf 82' lang='grc' dir='ltr'><strong>ἐν</strong></span> <span class='ocrx_word' id='word_1_92' title='bbox 572 1355 640 1422; x_wconf 80' lang='grc' dir='ltr'>τῇ</span> <span class='ocrx_word' id='word_1_93' title='bbox 659 1349 1128 1424; x_wconf 60' lang='grc' dir='ltr'>Ἀλεξανδρείᾳβί)</span> <span class='ocrx_word' id='word_1_94' title='bbox 1145 1355 1572 1424; x_wconf 79' lang='grc' dir='ltr'>ἁρχιεπίσκοπον</span> <span class='ocrx_word' id='word_1_95' title='bbox 1602 1355 1779 1421; x_wconf 76' lang='grc' dir='ltr'>πάσης</span> <span class='ocrx_word' id='word_1_96' title='bbox 1805 1370 1863 1405; x_wconf 89' lang='grc' dir='ltr'><strong>τε</strong></span> <span class='ocrx_word' id='word_1_97' title='bbox 1885 1354 1979 1408; x_wconf 80' lang='grc' dir='ltr'><strong>Λί-</strong></span> 
     </span>
    </p>
   </div>
   <div class='ocr_carea' id='block_1_15' title="bbox 390 1443 1974 1516">
    <p class='ocr_par' dir='ltr' id='par_1_15' title="bbox 390 1443 1974 1516">
     <span class='ocr_line' id='line_1_15' title="bbox 390 1443 1974 1516; baseline 0.002 -22"><span class='ocrx_word' id='word_1_98' title='bbox 390 1443 605 1510; x_wconf 85' lang='grc' dir='ltr'>γύπτου</span> <span class='ocrx_word' id='word_1_99' title='bbox 644 1446 738 1498; x_wconf 72' lang='grc' dir='ltr'>καὶ</span> <span class='ocrx_word' id='word_1_100' title='bbox 787 1446 1071 1515; x_wconf 80' lang='grc' dir='ltr'>Θηϐαΐδος,</span> <span class='ocrx_word' id='word_1_101' title='bbox 1123 1444 1451 1516; x_wconf 87' lang='grc' dir='ltr'>Μαραιώτου</span> <span class='ocrx_word' id='word_1_102' title='bbox 1499 1463 1558 1498; x_wconf 90' lang='grc' dir='ltr'><strong>τε</strong></span> <span class='ocrx_word' id='word_1_103' title='bbox 1608 1446 1703 1498; x_wconf 76' lang='grc' dir='ltr'>καὶ</span> <span class='ocrx_word' id='word_1_104' title='bbox 1748 1445 1974 1514; x_wconf 79' lang='grc' dir='ltr'>Λιϐύης,</span> 
     </span>
    </p>
   </div>
   <div class='ocr_carea' id='block_1_16' title="bbox 405 1535 1973 1608">
    <p class='ocr_par' dir='ltr' id='par_1_16' title="bbox 405 1535 1973 1608">
     <span class='ocr_line' id='line_1_16' title="bbox 405 1535 1973 1608; baseline 0.001 -21"><span class='ocrx_word' id='word_1_105' title='bbox 405 1535 818 1606; x_wconf 81' lang='grc' dir='ltr'>Ἀμμωνιακῆς,</span> <span class='ocrx_word' id='word_1_106' title='bbox 870 1536 1249 1608; x_wconf 84' lang='grc' dir='ltr'>Μαραιώτιδός</span> <span class='ocrx_word' id='word_1_107' title='bbox 1305 1553 1364 1589; x_wconf 83' lang='grc' dir='ltr'><strong>τε</strong></span> <span class='ocrx_word' id='word_1_108' title='bbox 1418 1536 1514 1589; x_wconf 77' lang='grc' dir='ltr'><strong>καὶ</strong></span> <span class='ocrx_word' id='word_1_109' title='bbox 1564 1535 1973 1599; x_wconf 84' lang='grc' dir='ltr'>Πενταπόλεως,</span> 
     </span>
    </p>
   </div>
   <div class='ocr_carea' id='block_1_17' title="bbox 390 1622 1976 1698">
    <p class='ocr_par' dir='ltr' id='par_1_17' title="bbox 390 1622 1976 1698">
     <span class='ocr_line' id='line_1_17' title="bbox 390 1622 1976 1698; baseline -0.003 -18"><span class='ocrx_word' id='word_1_110' title='bbox 390 1625 542 1696; x_wconf 71' lang='grc' dir='ltr'>ἔχειν</span> <span class='ocrx_word' id='word_1_111' title='bbox 563 1629 662 1697; x_wconf 80' lang='grc' dir='ltr'>τὴν</span> <span class='ocrx_word' id='word_1_112' title='bbox 685 1627 1143 1698; x_wconf 81' lang='grc' dir='ltr'>ἐκκλησιαστικὴν</span> <span class='ocrx_word' id='word_1_113' title='bbox 1162 1627 1447 1697; x_wconf 86' lang='grc' dir='ltr'>διοίκησιν.</span> <span class='ocrx_word' id='word_1_114' title='bbox 1487 1627 1638 1680; x_wconf 75' lang='grc' dir='ltr'>Ἐπεὶ</span> <span class='ocrx_word' id='word_1_115' title='bbox 1662 1622 1754 1678; x_wconf 77' lang='grc' dir='ltr'><strong>οὖν</strong></span> <span class='ocrx_word' id='word_1_116' title='bbox 1781 1625 1943 1696; x_wconf 85' lang='grc' dir='ltr'>συλλη</span> <span class='ocrx_word' id='word_1_117' title='bbox 1959 1655 1976 1666; x_wconf 81' lang='grc' dir='ltr'><strong><em>ο</em></strong></span> 
     </span>
    </p>
   </div>
   <div class='ocr_carea' id='block_1_18' title="bbox 2080 608 3658 689">
    <p class='ocr_par' dir='ltr' id='par_1_18' title="bbox 2080 608 3658 689">
     <span class='ocr_line' id='line_1_18' title="bbox 2080 608 3658 689; baseline -0.008 -16"><span class='ocrx_word' id='word_1_118' title='bbox 2080 619 2265 689; x_wconf 91' lang='lat' dir='ltr'><strong>itaque</strong></span> <span class='ocrx_word' id='word_1_119' title='bbox 2293 634 2417 673; x_wconf 91' lang='lat' dir='ltr'><strong>cum</strong></span> <span class='ocrx_word' id='word_1_120' title='bbox 2471 617 2826 688; x_wconf 72' lang='lat' dir='ltr'><strong>martyribus.</strong></span> <span class='ocrx_word' id='word_1_121' title='bbox 2861 630 2928 671; x_wconf 86' lang='lat' dir='ltr'><strong>ac</strong></span> <span class='ocrx_word' id='word_1_122' title='bbox 2970 613 3244 684; x_wconf 76' lang='lat' dir='ltr'><strong>prtecipue</strong></span> <span class='ocrx_word' id='word_1_123' title='bbox 3281 609 3442 665; x_wconf 83' lang='lat' dir='ltr'><strong>I’etro</strong></span> <span class='ocrx_word' id='word_1_124' title='bbox 3482 608 3658 662; x_wconf 88' lang='lat' dir='ltr'><strong>archi-</strong></span> 
     </span>
    </p>
   </div>
   <div class='ocr_carea' id='block_1_19' title="bbox 2079 700 3652 781">
    <p class='ocr_par' dir='ltr' id='par_1_19' title="bbox 2079 700 3652 781">
     <span class='ocr_line' id='line_1_19' title="bbox 2079 700 3652 781; baseline -0.01 -14"><span class='ocrx_word' id='word_1_125' title='bbox 2079 711 2340 781; x_wconf 83' lang='lat' dir='ltr'><strong>episcopo</strong></span> <span class='ocrx_word' id='word_1_126' title='bbox 2375 709 2763 770; x_wconf 77' lang='lat' dir='ltr'><strong>Alexandrino,</strong></span> <span class='ocrx_word' id='word_1_127' title='bbox 2807 715 2923 761; x_wconf 93' lang='lat' dir='ltr'><strong>tum</strong></span> <span class='ocrx_word' id='word_1_128' title='bbox 2972 707 3028 760; x_wconf 92' lang='lat' dir='ltr'><strong>in</strong></span> <span class='ocrx_word' id='word_1_129' title='bbox 3064 703 3300 758; x_wconf 81' lang='lat' dir='ltr'><strong>vinculis</strong></span> <span class='ocrx_word' id='word_1_130' title='bbox 3334 700 3652 755; x_wconf 80' lang='lat' dir='ltr'><strong>habebatur.</strong></span> 
     </span>
    </p>
   </div>
   <div class='ocr_carea' id='block_1_20' title="bbox 2077 790 3656 872">
    <p class='ocr_par' dir='ltr' id='par_1_20' title="bbox 2077 790 3656 872">
     <span class='ocr_line' id='line_1_20' title="bbox 2077 790 3656 872; baseline -0.009 -15"><span class='ocrx_word' id='word_1_131' title='bbox 2077 803 2362 872; x_wconf 75' lang='lat' dir='ltr'><strong>Atqueille</strong></span> <span class='ocrx_word' id='word_1_132' title='bbox 2378 801 2597 871; x_wconf 86' lang='lat' dir='ltr'><strong>quidem</strong></span> <span class='ocrx_word' id='word_1_133' title='bbox 2618 800 2832 854; x_wconf 66' lang='lat' dir='ltr'><strong>caeteris</strong></span> <span class='ocrx_word' id='word_1_134' title='bbox 2865 796 3081 868; x_wconf 64' lang='lat' dir='ltr'><strong>Egypti</strong></span> <span class='ocrx_word' id='word_1_135' title='bbox 3103 793 3376 866; x_wconf 83' lang='lat' dir='ltr'><strong>episcopis</strong></span> <span class='ocrx_word' id='word_1_136' title='bbox 3415 790 3656 846; x_wconf 85' lang='lat' dir='ltr'><strong>antecel-</strong></span> 
     </span>
    </p>
   </div>
   <div class='ocr_carea' id='block_1_21' title="bbox 2080 881 3656 959">
    <p class='ocr_par' dir='ltr' id='par_1_21' title="bbox 2080 881 3656 959">
     <span class='ocr_line' id='line_1_21' title="bbox 2080 881 3656 959; baseline -0.01 -11"><span class='ocrx_word' id='word_1_137' title='bbox 2080 895 2217 957; x_wconf 86' lang='lat' dir='ltr'><strong>lens,</strong></span> <span class='ocrx_word' id='word_1_138' title='bbox 2244 894 2542 948; x_wconf 89' lang='lat' dir='ltr'><strong>secundum</strong></span> <span class='ocrx_word' id='word_1_139' title='bbox 2572 906 2601 943; x_wconf 93' lang='lat' dir='ltr'><strong>a</strong></span> <span class='ocrx_word' id='word_1_140' title='bbox 2622 890 2785 944; x_wconf 87' lang='lat' dir='ltr'><strong>Petro</strong></span> <span class='ocrx_word' id='word_1_141' title='bbox 2819 888 3102 959; x_wconf 74' lang='lat' dir='ltr'><strong>dignitatis</strong></span> <span class='ocrx_word' id='word_1_142' title='bbox 3137 887 3318 940; x_wconf 90' lang='lat' dir='ltr'><strong>locum</strong></span> <span class='ocrx_word' id='word_1_143' title='bbox 3352 881 3656 943; x_wconf 87' lang='lat' dir='ltr'><strong>obtinebat,</strong></span> 
     </span>
    </p>
   </div>
   <div class='ocr_carea' id='block_1_22' title="bbox 2077 974 3662 1056">
    <p class='ocr_par' dir='ltr' id='par_1_22' title="bbox 2077 974 3662 1056">
     <span class='ocr_line' id='line_1_22' title="bbox 2077 974 3662 1056; baseline -0.011 -15"><span class='ocrx_word' id='word_1_144' title='bbox 2077 994 2270 1056; x_wconf 89' lang='lat' dir='ltr'><strong>utpote</strong></span> <span class='ocrx_word' id='word_1_145' title='bbox 2310 985 2460 1039; x_wconf 79' lang='lat' dir='ltr'><strong>iliius</strong></span> <span class='ocrx_word' id='word_1_146' title='bbox 2490 983 2728 1052; x_wconf 86' lang='lat' dir='ltr'><strong>adjutor,</strong></span> <span class='ocrx_word' id='word_1_147' title='bbox 2756 983 2850 1037; x_wconf 88' lang='lat' dir='ltr'><strong>sed</strong></span> <span class='ocrx_word' id='word_1_148' title='bbox 2868 981 3044 1036; x_wconf 88' lang='lat' dir='ltr'><strong>eidem</strong></span> <span class='ocrx_word' id='word_1_149' title='bbox 3063 989 3241 1032; x_wconf 90' lang='lat' dir='ltr'><strong>tamen</strong></span> <span class='ocrx_word' id='word_1_150' title='bbox 3271 974 3571 1044; x_wconf 82' lang='lat' dir='ltr'><strong>subjectus,</strong></span> <span class='ocrx_word' id='word_1_151' title='bbox 3607 979 3662 1025; x_wconf 89' lang='lat' dir='ltr'><strong>et</strong></span> 
     </span>
    </p>
   </div>
   <div class='ocr_carea' id='block_1_23' title="bbox 2078 1064 3658 1146">
    <p class='ocr_par' dir='ltr' id='par_1_23' title="bbox 2078 1064 3658 1146">
     <span class='ocr_line' id='line_1_23' title="bbox 2078 1064 3658 1146; baseline -0.009 -14"><span class='ocrx_word' id='word_1_152' title='bbox 2078 1079 2146 1132; x_wconf 88' lang='lat' dir='ltr'><strong>ad</strong></span> <span class='ocrx_word' id='word_1_153' title='bbox 2173 1077 2347 1146; x_wconf 86' lang='lat' dir='ltr'><strong>ipsum</strong></span> <span class='ocrx_word' id='word_1_154' title='bbox 2369 1076 2439 1131; x_wconf 94' lang='lat' dir='ltr'><strong>de</strong></span> <span class='ocrx_word' id='word_1_155' title='bbox 2465 1074 2650 1129; x_wconf 90' lang='lat' dir='ltr'><strong>causis</strong></span> <span class='ocrx_word' id='word_1_156' title='bbox 2671 1072 3063 1129; x_wconf 86' lang='lat' dir='ltr'><strong>ecclesiasticis</strong></span> <span class='ocrx_word' id='word_1_157' title='bbox 3087 1069 3352 1126; x_wconf 81' lang='lat' dir='ltr'><strong>referens.</strong></span> <span class='ocrx_word' id='word_1_158' title='bbox 3387 1066 3486 1120; x_wconf 87' lang='lat' dir='ltr'><strong>Hic</strong></span> <span class='ocrx_word' id='word_1_159' title='bbox 3511 1064 3658 1119; x_wconf 89' lang='lat' dir='ltr'><strong>enim</strong></span> 
     </span>
    </p>
   </div>
   <div class='ocr_carea' id='block_1_24' title="bbox 2077 1163 3662 1234">
    <p class='ocr_par' dir='ltr' id='par_1_24' title="bbox 2077 1163 3662 1234">
     <span class='ocr_line' id='line_1_24' title="bbox 2077 1163 3662 1234; baseline -0.008 -12"><span class='ocrx_word' id='word_1_160' title='bbox 2077 1184 2198 1223; x_wconf 84' lang='lat' dir='ltr'><strong>mos</strong></span> <span class='ocrx_word' id='word_1_161' title='bbox 2231 1175 2317 1224; x_wconf 88' lang='lat' dir='ltr'><strong>est</strong></span> <span class='ocrx_word' id='word_1_162' title='bbox 2345 1165 2839 1221; x_wconf 82' lang='lat' dir='ltr'><strong>Alexandrinorum</strong></span> <span class='ocrx_word' id='word_1_163' title='bbox 2875 1163 3434 1234; x_wconf 85' lang='lat' dir='ltr'><strong>archiepiscoporum,</strong></span> <span class='ocrx_word' id='word_1_164' title='bbox 3466 1165 3527 1213; x_wconf 89' lang='lat' dir='ltr'><strong>ut</strong></span> <span class='ocrx_word' id='word_1_165' title='bbox 3562 1171 3662 1228; x_wconf 89' lang='lat' dir='ltr'><strong>per</strong></span> 
     </span>
    </p>
   </div>
   <div class='ocr_carea' id='block_1_25' title="bbox 2077 1248 3660 1330">
    <p class='ocr_par' dir='ltr' id='par_1_25' title="bbox 2077 1248 3660 1330">
     <span class='ocr_line' id='line_1_25' title="bbox 2077 1248 3660 1330; baseline -0.01 -12"><span class='ocrx_word' id='word_1_166' title='bbox 2077 1269 2247 1318; x_wconf 83' lang='lat' dir='ltr'><strong>totam</strong></span> <span class='ocrx_word' id='word_1_167' title='bbox 2296 1259 2590 1330; x_wconf 67' lang='lat' dir='ltr'><strong>Egyptnm</strong></span> <span class='ocrx_word' id='word_1_168' title='bbox 2635 1273 2698 1312; x_wconf 90' lang='lat' dir='ltr'><strong>ac</strong></span> <span class='ocrx_word' id='word_1_169' title='bbox 2729 1256 3104 1319; x_wconf 84' lang='lat' dir='ltr'><strong>Thebaidem,</strong></span> <span class='ocrx_word' id='word_1_170' title='bbox 3158 1252 3536 1316; x_wconf 78' lang='lat' dir='ltr'><strong>Mareotidem,</strong></span> <span class='ocrx_word' id='word_1_171' title='bbox 3577 1248 3660 1303; x_wconf 89' lang='lat' dir='ltr'><strong>Li-</strong></span> 
     </span>
    </p>
   </div>
   <div class='ocr_carea' id='block_1_26' title="bbox 2079 1343 3658 1426">
    <p class='ocr_par' dir='ltr' id='par_1_26' title="bbox 2079 1343 3658 1426">
     <span class='ocr_line' id='line_1_26' title="bbox 2079 1343 3658 1426; baseline -0.008 -18"><span class='ocrx_word' id='word_1_172' title='bbox 2079 1355 2275 1426; x_wconf 89' lang='lat' dir='ltr'><strong>byam,</strong></span> <span class='ocrx_word' id='word_1_173' title='bbox 2306 1351 2754 1415; x_wconf 84' lang='lat' dir='ltr'><strong>Ammoniacam,</strong></span> <span class='ocrx_word' id='word_1_174' title='bbox 2812 1349 3162 1404; x_wconf 85' lang='lat' dir='ltr'><strong>Mareotidem</strong></span> <span class='ocrx_word' id='word_1_175' title='bbox 3213 1354 3270 1403; x_wconf 92' lang='lat' dir='ltr'><strong>et</strong></span> <span class='ocrx_word' id='word_1_176' title='bbox 3318 1343 3658 1414; x_wconf 84' lang='lat' dir='ltr'><strong>Pentapolim</strong></span> 
     </span>
    </p>
   </div>
   <div class='ocr_carea' id='block_1_27' title="bbox 2081 1435 3660 1513">
    <p class='ocr_par' dir='ltr' id='par_1_27' title="bbox 2081 1435 3660 1513">
     <span class='ocr_line' id='line_1_27' title="bbox 2081 1435 3660 1513; baseline -0.008 -13"><span class='ocrx_word' id='word_1_177' title='bbox 2081 1444 2460 1500; x_wconf 84' lang='lat' dir='ltr'><strong>ecclesiastica</strong></span> <span class='ocrx_word' id='word_1_178' title='bbox 2490 1443 2707 1513; x_wconf 87' lang='lat' dir='ltr'><strong>negotia</strong></span> <span class='ocrx_word' id='word_1_179' title='bbox 2734 1441 3137 1496; x_wconf 78' lang='lat' dir='ltr'><strong>administrent.</strong></span> <span class='ocrx_word' id='word_1_180' title='bbox 3171 1439 3314 1510; x_wconf 88' lang='lat' dir='ltr'><strong>Ergo</strong></span> <span class='ocrx_word' id='word_1_181' title='bbox 3354 1452 3546 1493; x_wconf 89' lang='lat' dir='ltr'><strong>omnes</strong></span> <span class='ocrx_word' id='word_1_182' title='bbox 3579 1435 3660 1490; x_wconf 88' lang='lat' dir='ltr'><strong>illi</strong></span> 
     </span>
    </p>
   </div>
   <div class='ocr_carea' id='block_1_28' title="bbox 2081 1527 3662 1593">
    <p class='ocr_par' dir='ltr' id='par_1_28' title="bbox 2081 1527 3662 1593">
     <span class='ocr_line' id='line_1_28' title="bbox 2081 1527 3662 1593; baseline -0.008 0"><span class='ocrx_word' id='word_1_183' title='bbox 2081 1537 2152 1593; x_wconf 88' lang='lat' dir='ltr'><strong>ob</strong></span> <span class='ocrx_word' id='word_1_184' title='bbox 2177 1536 2385 1592; x_wconf 85' lang='lat' dir='ltr'><strong>Christi</strong></span> <span class='ocrx_word' id='word_1_185' title='bbox 2425 1549 2620 1589; x_wconf 91' lang='lat' dir='ltr'><strong>nomen</strong></span> <span class='ocrx_word' id='word_1_186' title='bbox 2653 1535 2710 1590; x_wconf 90' lang='lat' dir='ltr'><strong>in</strong></span> <span class='ocrx_word' id='word_1_187' title='bbox 2742 1533 3052 1588; x_wconf 80' lang='lat' dir='ltr'><strong>custodiam</strong></span> <span class='ocrx_word' id='word_1_188' title='bbox 3070 1531 3182 1586; x_wconf 89' lang='lat' dir='ltr'><strong>dati</strong></span> <span class='ocrx_word' id='word_1_189' title='bbox 3219 1529 3312 1584; x_wconf 91' lang='lat' dir='ltr'><strong>diu</strong></span> <span class='ocrx_word' id='word_1_190' title='bbox 3347 1527 3662 1584; x_wconf 87' lang='lat' dir='ltr'><strong>invinculis</strong></span> 
     </span>
    </p>
   </div>
   <div class='ocr_carea' id='block_1_29' title="bbox 2080 1621 3660 1696">
    <p class='ocr_par' dir='ltr' id='par_1_29' title="bbox 2080 1621 3660 1696">
     <span class='ocr_line' id='line_1_29' title="bbox 2080 1621 3660 1696; baseline -0.008 -11"><span class='ocrx_word' id='word_1_191' title='bbox 2080 1631 2284 1685; x_wconf 82' lang='lat' dir='ltr'><strong>detenti</strong></span> <span class='ocrx_word' id='word_1_192' title='bbox 2329 1635 2487 1692; x_wconf 89' lang='lat' dir='ltr'><strong>sunt;</strong></span> <span class='ocrx_word' id='word_1_193' title='bbox 2541 1633 2667 1682; x_wconf 83' lang='lat' dir='ltr'><strong>ante</strong></span> <span class='ocrx_word' id='word_1_194' title='bbox 2699 1641 2840 1696; x_wconf 88' lang='lat' dir='ltr'><strong>quos</strong></span> <span class='ocrx_word' id='word_1_195' title='bbox 2871 1625 3119 1680; x_wconf 87' lang='lat' dir='ltr'><strong>nonnulli</strong></span> <span class='ocrx_word' id='word_1_196' title='bbox 3154 1624 3345 1679; x_wconf 88' lang='lat' dir='ltr'><strong>eadem</strong></span> <span class='ocrx_word' id='word_1_197' title='bbox 3392 1621 3462 1676; x_wconf 92' lang='lat' dir='ltr'><strong>de</strong></span> <span class='ocrx_word' id='word_1_198' title='bbox 3491 1633 3660 1674; x_wconf 79' lang='lat' dir='ltr'><strong>causa</strong></span> 
     </span>
    </p>
   </div>
   <div class='ocr_carea' id='block_1_30' title="bbox 391 1713 1972 1790">
    <p class='ocr_par' dir='ltr' id='par_1_30' title="bbox 391 1713 1972 1789">
     <span class='ocr_line' id='line_1_30' title="bbox 391 1713 1972 1789; baseline -0.001 -17"><span class='ocrx_word' id='word_1_199' title='bbox 391 1720 622 1787; x_wconf 74' lang='grc' dir='ltr'>φθέντες</span> <span class='ocrx_word' id='word_1_200' title='bbox 653 1713 797 1772; x_wconf 74' lang='grc' dir='ltr'>οὗτοι</span> <span class='ocrx_word' id='word_1_201' title='bbox 827 1719 1029 1781; x_wconf 75' lang='grc' dir='ltr'>πάντες</span> <span class='ocrx_word' id='word_1_202' title='bbox 1056 1717 1354 1788; x_wconf 75' lang='grc' dir='ltr'><strong>μαρτυρίου</strong></span> <span class='ocrx_word' id='word_1_203' title='bbox 1386 1718 1546 1788; x_wconf 80' lang='grc' dir='ltr'>χάριν</span> <span class='ocrx_word' id='word_1_204' title='bbox 1575 1720 1632 1771; x_wconf 79' lang='grc' dir='ltr'><strong>ἐν</strong></span> <span class='ocrx_word' id='word_1_205' title='bbox 1662 1721 1727 1788; x_wconf 79' lang='grc' dir='ltr'>τῇ</span> <span class='ocrx_word' id='word_1_206' title='bbox 1758 1717 1972 1789; x_wconf 84' lang='grc' dir='ltr'>φυλακῇ</span> 
     </span>
    </p>
   </div>
   <div class='ocr_carea' id='block_1_31' title="bbox 2076 1713 3662 1790">
    <p class='ocr_par' dir='ltr' id='par_1_31' title="bbox 2076 1716 3662 1790">
     <span class='ocr_line' id='line_1_31' title="bbox 2076 1716 3662 1790; baseline -0.007 -15"><span class='ocrx_word' id='word_1_207' title='bbox 2076 1721 2237 1776; x_wconf 88' lang='lat' dir='ltr'><strong>vincti</strong></span> <span class='ocrx_word' id='word_1_208' title='bbox 2259 1719 2581 1790; x_wconf 86' lang='lat' dir='ltr'><strong>martyrium</strong></span> <span class='ocrx_word' id='word_1_209' title='bbox 2609 1718 2884 1780; x_wconf 85' lang='lat' dir='ltr'><strong>obierunt,</strong></span> <span class='ocrx_word' id='word_1_210' title='bbox 2913 1732 2978 1772; x_wconf 90' lang='lat' dir='ltr'><strong>ac</strong></span> <span class='ocrx_word' id='word_1_211' title='bbox 3003 1716 3288 1786; x_wconf 71' lang='lat' dir='ltr'><strong>prannium</strong></span> <span class='ocrx_word' id='word_1_212' title='bbox 3319 1721 3499 1768; x_wconf 88' lang='lat' dir='ltr'><strong>morte</strong></span> <span class='ocrx_word' id='word_1_213' title='bbox 3527 1725 3662 1766; x_wconf 88' lang='lat' dir='ltr'><strong>con—</strong></span> 
     </span>
    </p>
   </div>
   <div class='ocr_carea' id='block_1_32' title="bbox 390 1807 1974 1882">
    <p class='ocr_par' dir='ltr' id='par_1_32' title="bbox 390 1807 1974 1882">
     <span class='ocr_line' id='line_1_32' title="bbox 390 1807 1974 1882; baseline 0 -20"><span class='ocrx_word' id='word_1_214' title='bbox 390 1810 687 1882; x_wconf 75' lang='grc' dir='ltr'>ἐπραττον·</span> <span class='ocrx_word' id='word_1_215' title='bbox 725 1811 902 1882; x_wconf 79' lang='grc' dir='ltr'>χρόνῳ</span> <span class='ocrx_word' id='word_1_216' title='bbox 935 1809 991 1862; x_wconf 83' lang='grc' dir='ltr'>δὲ</span> <span class='ocrx_word' id='word_1_217' title='bbox 1036 1808 1205 1878; x_wconf 76' lang='grc' dir='ltr'>ἱκανῷ</span> <span class='ocrx_word' id='word_1_218' title='bbox 1243 1809 1537 1880; x_wconf 83' lang='grc' dir='ltr'>ἐπέμειναν</span> <span class='ocrx_word' id='word_1_219' title='bbox 1567 1807 1974 1879; x_wconf 85' lang='grc' dir='ltr'>καθειργμένοι·</span> 
     </span>
    </p>
   </div>
   <div class='ocr_carea' id='block_1_33' title="bbox 2074 1801 3658 1878">
    <p class='ocr_par' dir='ltr' id='par_1_33' title="bbox 2074 1801 3658 1878">
     <span class='ocr_line' id='line_1_33' title="bbox 2074 1801 3658 1878; baseline -0.008 -8"><span class='ocrx_word' id='word_1_220' title='bbox 2074 1812 2249 1870; x_wconf 87' lang='lat' dir='ltr'><strong>secuti</strong></span> <span class='ocrx_word' id='word_1_221' title='bbox 2283 1820 2446 1878; x_wconf 88' lang='lat' dir='ltr'><strong>sunt;</strong></span> <span class='ocrx_word' id='word_1_222' title='bbox 2477 1825 2603 1865; x_wconf 91' lang='lat' dir='ltr'><strong>cum</strong></span> <span class='ocrx_word' id='word_1_223' title='bbox 2638 1809 2859 1864; x_wconf 86' lang='lat' dir='ltr'><strong>interim</strong></span> <span class='ocrx_word' id='word_1_224' title='bbox 2893 1807 2985 1862; x_wconf 88' lang='lat' dir='ltr'><strong>isti</strong></span> <span class='ocrx_word' id='word_1_225' title='bbox 3019 1815 3277 1877; x_wconf 85' lang='lat' dir='ltr'><strong>tanquam</strong></span> <span class='ocrx_word' id='word_1_226' title='bbox 3310 1801 3556 1875; x_wconf 81' lang='lat' dir='ltr'><strong>primarii</strong></span> <span class='ocrx_word' id='word_1_227' title='bbox 3589 1814 3658 1857; x_wconf 86' lang='lat' dir='ltr'><strong>ac</strong></span> 
     </span>
    </p>
   </div>
   <div class='ocr_carea' id='block_1_34' title="bbox 390 1873 1972 1975">
    <p class='ocr_par' dir='ltr' id='par_1_34' title="bbox 390 1873 1972 1972">
     <span class='ocr_line' id='line_1_34' title="bbox 390 1873 1972 1972; baseline -0.001 -18"><span class='ocrx_word' id='word_1_228' title='bbox 390 1873 548 1954; x_wconf 69' lang='grc' dir='ltr'>ἄλλοι</span> <span class='ocrx_word' id='word_1_229' title='bbox 575 1901 634 1954; x_wconf 83' lang='grc' dir='ltr'>δὲ</span> <span class='ocrx_word' id='word_1_230' title='bbox 803 1873 982 1955; x_wconf 73' lang='grc' dir='ltr'>αὐτῶν</span> <span class='ocrx_word' id='word_1_231' title='bbox 1011 1873 1410 1969; x_wconf 75' lang='grc' dir='ltr'>παραδοθέντες</span> <span class='ocrx_word' id='word_1_232' title='bbox 1435 1873 1848 1971; x_wconf 71' lang='grc' dir='ltr'>ἐμαρτύρησαν,</span> <span class='ocrx_word' id='word_1_233' title='bbox 1882 1899 1972 1953; x_wconf 67' lang='grc' dir='ltr'>καὶ</span> 
     </span>
    </p>
   </div>
   <div class='ocr_carea' id='block_1_35' title="bbox 2076 1873 3404 1975">
    <p class='ocr_par' dir='ltr' id='par_1_35' title="bbox 2076 1900 3404 1975">
     <span class='ocr_line' id='line_1_35' title="bbox 2076 1900 3404 1975; baseline -0.005 -17"><span class='ocrx_word' id='word_1_234' title='bbox 2076 1903 2490 1975; x_wconf 70' lang='lat' dir='ltr'><strong>praestantiores</strong></span> <span class='ocrx_word' id='word_1_235' title='bbox 2518 1903 2574 1957; x_wconf 90' lang='lat' dir='ltr'><strong>in</strong></span> <span class='ocrx_word' id='word_1_236' title='bbox 2599 1910 2880 1972; x_wconf 87' lang='lat' dir='ltr'><strong>posterum</strong></span> <span class='ocrx_word' id='word_1_237' title='bbox 2906 1900 3168 1954; x_wconf 79' lang='lat' dir='ltr'><strong>reservati</strong></span> <span class='ocrx_word' id='word_1_238' title='bbox 3197 1903 3404 1953; x_wconf 87' lang='lat' dir='ltr'><strong>essent.</strong></span> 
     </span>
    </p>
   </div>
   <div class='ocr_carea' id='block_1_36' title="bbox 389 1984 3661 2066">
    <p class='ocr_par' dir='ltr' id='par_1_36' title="bbox 389 1984 3661 2066">
     <span class='ocr_line' id='line_1_36' title="bbox 389 1984 3661 2066; baseline -0.002 -20"><span class='ocrx_word' id='word_1_239' title='bbox 389 1995 455 2047; x_wconf 73' lang='grc' dir='ltr'>τὸ</span> <span class='ocrx_word' id='word_1_240' title='bbox 501 1994 652 2060; x_wconf 84' lang='grc' dir='ltr'><strong>τέλος</strong></span> <span class='ocrx_word' id='word_1_241' title='bbox 675 1994 770 2048; x_wconf 85' lang='grc' dir='ltr'><strong>τοῦ</strong></span> <span class='ocrx_word' id='word_1_242' title='bbox 803 1992 1058 2065; x_wconf 84' lang='grc' dir='ltr'>βραϐείου</span> <span class='ocrx_word' id='word_1_243' title='bbox 1103 1991 1432 2062; x_wconf 86' lang='grc' dir='ltr'>ἀπείληφαν,</span> <span class='ocrx_word' id='word_1_244' title='bbox 1485 1993 1579 2045; x_wconf 79' lang='grc' dir='ltr'><strong>καὶ</strong></span> <span class='ocrx_word' id='word_1_245' title='bbox 1613 1992 1985 2064; x_wconf 78' lang='grc' dir='ltr'>ἐκοιμήθησαν</span> <span class='ocrx_word' id='word_1_246' title='bbox 2011 2012 2026 2028; x_wconf 87' lang='grc'><strong>·</strong></span> <span class='ocrx_word' id='word_1_247' title='bbox 2060 1990 2206 2052; x_wconf 78' lang='grc' dir='ltr'>οὗτοι</span> <span class='ocrx_word' id='word_1_248' title='bbox 2262 1998 2319 2051; x_wconf 84' lang='grc' dir='ltr'>δὲ</span> <span class='ocrx_word' id='word_1_249' title='bbox 2347 1997 2423 2061; x_wconf 81' lang='grc' dir='ltr'>ὡς</span> <span class='ocrx_word' id='word_1_250' title='bbox 2459 1995 2760 2066; x_wconf 76' lang='grc' dir='ltr'>ἀκρέμονες</span> <span class='ocrx_word' id='word_1_251' title='bbox 2799 1992 2896 2047; x_wconf 75' lang='grc' dir='ltr'><strong>καὶ</strong></span> <span class='ocrx_word' id='word_1_252' title='bbox 2952 1991 3172 2062; x_wconf 79' lang='grc' dir='ltr'><strong>μείζους</strong></span> <span class='ocrx_word' id='word_1_253' title='bbox 3209 1988 3501 2060; x_wconf 74' lang='grc' dir='ltr'>ἐσύστερον</span> <span class='ocrx_word' id='word_1_254' title='bbox 3533 1984 3661 2038; x_wconf 68' lang='grc' dir='ltr'>ἐτυ-</span> 
     </span>
    </p>
   </div>
   <div class='ocr_carea' id='block_1_37' title="bbox 392 2104 609 2158">
    <p class='ocr_par' dir='ltr' id='par_1_37' title="bbox 392 2104 609 2158">
     <span class='ocr_line' id='line_1_37' title="bbox 392 2104 609 2158; baseline 0.014 -20"><span class='ocrx_word' id='word_1_255' title='bbox 392 2104 609 2158; x_wconf 82' lang='grc' dir='ltr'>ρουντο.</span> 
     </span>
    </p>
   </div>
   <div class='ocr_carea' id='block_1_38' title="bbox 464 2182 1973 2260">
    <p class='ocr_par' dir='ltr' id='par_1_38' title="bbox 464 2182 1973 2260">
     <span class='ocr_line' id='line_1_38' title="bbox 464 2182 1973 2260; baseline 0.003 -25"><span class='ocrx_word' id='word_1_256' title='bbox 464 2182 544 2236; x_wconf 90' lang='lat' dir='ltr'><strong>B&#39;.</strong></span> <span class='ocrx_word' id='word_1_257' title='bbox 583 2183 692 2236; x_wconf 81' lang='grc' dir='ltr'><strong>Καὶ</strong></span> <span class='ocrx_word' id='word_1_258' title='bbox 718 2184 904 2256; x_wconf 83' lang='grc' dir='ltr'>ἐπειδὴ</span> <span class='ocrx_word' id='word_1_259' title='bbox 937 2185 1100 2239; x_wconf 86' lang='grc' dir='ltr'>τινῶν</span> <span class='ocrx_word' id='word_1_260' title='bbox 1132 2187 1230 2257; x_wconf 81' lang='grc' dir='ltr'><strong>μὲν</strong></span> <span class='ocrx_word' id='word_1_261' title='bbox 1274 2189 1760 2260; x_wconf 81' lang='grc' dir='ltr'>μαρτυρησάντων,</span> <span class='ocrx_word' id='word_1_262' title='bbox 1799 2188 1973 2242; x_wconf 78' lang='grc' dir='ltr'>ἄλλων</span> 
     </span>
    </p>
   </div>
   <div class='ocr_carea' id='block_1_39' title="bbox 386 2268 1974 2351">
    <p class='ocr_par' dir='ltr' id='par_1_39' title="bbox 386 2268 1974 2351">
     <span class='ocr_line' id='line_1_39' title="bbox 386 2268 1974 2351; baseline 0.007 -28"><span class='ocrx_word' id='word_1_263' title='bbox 386 2268 449 2323; x_wconf 76' lang='grc' dir='ltr'>δὲ</span> <span class='ocrx_word' id='word_1_264' title='bbox 475 2271 571 2324; x_wconf 85' lang='grc' dir='ltr'><strong>τοῦ</strong></span> <span class='ocrx_word' id='word_1_265' title='bbox 598 2275 895 2345; x_wconf 78' lang='grc' dir='ltr'>μαρτυρίου</span> <span class='ocrx_word' id='word_1_266' title='bbox 927 2278 1290 2343; x_wconf 84' lang='grc' dir='ltr'>ἐκπεσόντων,</span> <span class='ocrx_word' id='word_1_267' title='bbox 1316 2281 1412 2333; x_wconf 71' lang='grc' dir='ltr'><strong>καὶ</strong></span> <span class='ocrx_word' id='word_1_268' title='bbox 1435 2279 1533 2351; x_wconf 82' lang='grc' dir='ltr'>τὴν</span> <span class='ocrx_word' id='word_1_269' title='bbox 1552 2280 1974 2351; x_wconf 83' lang='grc' dir='ltr'>ἀθεμιτουργίαν</span> 
     </span>
    </p>
   </div>
   <div class='ocr_carea' id='block_1_40' title="bbox 387 2363 1976 2442">
    <p class='ocr_par' dir='ltr' id='par_1_40' title="bbox 387 2363 1976 2442">
     <span class='ocr_line' id='line_1_40' title="bbox 387 2363 1976 2442; baseline 0.008 -28"><span class='ocrx_word' id='word_1_270' title='bbox 387 2363 493 2433; x_wconf 86' lang='grc' dir='ltr'>τῆς</span> <span class='ocrx_word' id='word_1_271' title='bbox 518 2364 629 2417; x_wconf 82' lang='grc' dir='ltr'>τῶν</span> <span class='ocrx_word' id='word_1_272' title='bbox 654 2364 887 2420; x_wconf 74' lang='grc' dir='ltr'>εἰδώλων</span> <span class='ocrx_word' id='word_1_273' title='bbox 914 2367 1210 2439; x_wconf 81' lang='grc' dir='ltr'>θρησκείας</span> <span class='ocrx_word' id='word_1_274' title='bbox 1237 2371 1562 2442; x_wconf 84' lang='grc' dir='ltr'>πραξάντων</span> <span class='ocrx_word' id='word_1_275' title='bbox 1587 2373 1635 2425; x_wconf 77' lang='grc' dir='ltr'><strong>οἱ</strong></span> <span class='ocrx_word' id='word_1_276' title='bbox 1668 2373 1786 2426; x_wconf 82' lang='grc' dir='ltr'>κατ’</span> <span class='ocrx_word' id='word_1_277' title='bbox 1809 2373 1976 2440; x_wconf 81' lang='grc' dir='ltr'>ἀνάγ-</span> 
     </span>
    </p>
   </div>
   <div class='ocr_carea' id='block_1_41' title="bbox 387 2455 1976 2534">
    <p class='ocr_par' dir='ltr' id='par_1_41' title="bbox 387 2455 1976 2534">
     <span class='ocr_line' id='line_1_41' title="bbox 387 2455 1976 2534; baseline 0.008 -29"><span class='ocrx_word' id='word_1_278' title='bbox 387 2470 498 2523; x_wconf 82' lang='grc' dir='ltr'><strong>κην</strong></span> <span class='ocrx_word' id='word_1_279' title='bbox 531 2455 626 2508; x_wconf 77' lang='grc' dir='ltr'>καὶ</span> <span class='ocrx_word' id='word_1_280' title='bbox 663 2456 896 2510; x_wconf 75' lang='grc' dir='ltr'>θυσίανί</span> <span class='ocrx_word' id='word_1_281' title='bbox 936 2460 1239 2530; x_wconf 73' lang='grc' dir='ltr'>ἐφήψαντο.</span> <span class='ocrx_word' id='word_1_282' title='bbox 1281 2463 1702 2534; x_wconf 87' lang='grc' dir='ltr'>Παραπεσόντες</span> <span class='ocrx_word' id='word_1_283' title='bbox 1738 2459 1851 2526; x_wconf 82' lang='grc' dir='ltr'>οῦν,</span> <span class='ocrx_word' id='word_1_284' title='bbox 1881 2465 1976 2517; x_wconf 79' lang='grc' dir='ltr'><strong>καὶ</strong></span> 
     </span>
    </p>
   </div>
   <div class='ocr_carea' id='block_1_42' title="bbox 392 2543 1974 2626">
    <p class='ocr_par' dir='ltr' id='par_1_42' title="bbox 392 2543 1974 2626">
     <span class='ocr_line' id='line_1_42' title="bbox 392 2543 1974 2626; baseline 0.009 -31"><span class='ocrx_word' id='word_1_285' title='bbox 392 2543 658 2610; x_wconf 74' lang='grc' dir='ltr'>θύσαντες</span> <span class='ocrx_word' id='word_1_286' title='bbox 679 2548 813 2618; x_wconf 76' lang='grc'><strong>(52),</strong></span> <span class='ocrx_word' id='word_1_287' title='bbox 848 2551 943 2603; x_wconf 75' lang='grc' dir='ltr'><strong>καὶ</strong></span> <span class='ocrx_word' id='word_1_288' title='bbox 982 2552 1350 2622; x_wconf 84' lang='grc' dir='ltr'>παραϐάντες,</span> <span class='ocrx_word' id='word_1_289' title='bbox 1379 2554 1685 2625; x_wconf 80' lang='grc' dir='ltr'>προσῆλθον</span> <span class='ocrx_word' id='word_1_290' title='bbox 1709 2557 1821 2618; x_wconf 79' lang='grc' dir='ltr'>τοῖς</span> <span class='ocrx_word' id='word_1_291' title='bbox 1842 2557 1974 2626; x_wconf 83' lang='grc' dir='ltr'>ὁμο-</span> 
     </span>
    </p>
   </div>
   <div class='ocr_carea' id='block_1_43' title="bbox 391 2639 1976 2714">
    <p class='ocr_par' dir='ltr' id='par_1_43' title="bbox 391 2639 1976 2714">
     <span class='ocr_line' id='line_1_43' title="bbox 391 2639 1976 2714; baseline 0.008 -29"><span class='ocrx_word' id='word_1_292' title='bbox 391 2639 650 2706; x_wconf 70' lang='grc' dir='ltr'>λογητατς</span> <span class='ocrx_word' id='word_1_293' title='bbox 681 2654 740 2690; x_wconf 91' lang='grc' dir='ltr'><strong>τε</strong></span> <span class='ocrx_word' id='word_1_294' title='bbox 782 2641 874 2692; x_wconf 74' lang='grc' dir='ltr'><strong>καὶ</strong></span> <span class='ocrx_word' id='word_1_295' title='bbox 912 2640 1203 2712; x_wconf 83' lang='grc' dir='ltr'>μάρτυσιν,</span> <span class='ocrx_word' id='word_1_296' title='bbox 1238 2643 1386 2705; x_wconf 83' lang='grc' dir='ltr'>ὅπως</span> <span class='ocrx_word' id='word_1_297' title='bbox 1420 2645 1657 2714; x_wconf 88' lang='grc' dir='ltr'>τύχωσιν</span> <span class='ocrx_word' id='word_1_298' title='bbox 1680 2644 1861 2708; x_wconf 79' lang='grc' dir='ltr'>ἐλέους</span> <span class='ocrx_word' id='word_1_299' title='bbox 1886 2645 1976 2698; x_wconf 84' lang='grc' dir='ltr'>διὰ</span> 
     </span>
    </p>
   </div>
   <div class='ocr_carea' id='block_1_44' title="bbox 392 2727 1976 2803">
    <p class='ocr_par' dir='ltr' id='par_1_44' title="bbox 392 2727 1976 2803">
     <span class='ocr_line' id='line_1_44' title="bbox 392 2727 1976 2803; baseline 0.007 -27"><span class='ocrx_word' id='word_1_300' title='bbox 392 2727 706 2793; x_wconf 71' lang='grc' dir='ltr'>μετανοίας,</span> <span class='ocrx_word' id='word_1_301' title='bbox 745 2730 795 2780; x_wconf 81' lang='grc' dir='ltr'>οἱ</span> <span class='ocrx_word' id='word_1_302' title='bbox 839 2730 937 2800; x_wconf 86' lang='grc' dir='ltr'><strong>μὲν</strong></span> <span class='ocrx_word' id='word_1_303' title='bbox 967 2731 1076 2783; x_wconf 85' lang='grc' dir='ltr'>ἀπὸ</span> <span class='ocrx_word' id='word_1_304' title='bbox 1108 2732 1454 2803; x_wconf 86' lang='grc' dir='ltr'>στρατιωτῶν</span> <span class='ocrx_word' id='word_1_305' title='bbox 1487 2733 1660 2799; x_wconf 77' lang='grc' dir='ltr'>ὄντες,</span> <span class='ocrx_word' id='word_1_306' title='bbox 1699 2736 1749 2786; x_wconf 80' lang='lat' dir='ltr'><strong>oi</strong></span> <span class='ocrx_word' id='word_1_307' title='bbox 1777 2735 1846 2787; x_wconf 74' lang='grc' dir='ltr'>δὲ</span> <span class='ocrx_word' id='word_1_308' title='bbox 1868 2735 1976 2787; x_wconf 83' lang='grc' dir='ltr'>ἀπὸ</span> 
     </span>
    </p>
   </div>
   <div class='ocr_carea' id='block_1_45' title="bbox 391 2815 1974 2896">
    <p class='ocr_par' dir='ltr' id='par_1_45' title="bbox 391 2815 1974 2896">
     <span class='ocr_line' id='line_1_45' title="bbox 391 2815 1974 2896; baseline 0.006 -26"><span class='ocrx_word' id='word_1_309' title='bbox 391 2815 670 2887; x_wconf 63' lang='grc' dir='ltr'>κληρικῶν</span> <span class='ocrx_word' id='word_1_310' title='bbox 713 2818 1051 2890; x_wconf 83' lang='grc' dir='ltr'>ὑπάρχοντες</span> <span class='ocrx_word' id='word_1_311' title='bbox 1095 2821 1354 2893; x_wconf 82' lang='grc' dir='ltr'>διαφόρου</span> <span class='ocrx_word' id='word_1_312' title='bbox 1394 2824 1620 2895; x_wconf 87' lang='grc' dir='ltr'>κλήρου,</span> <span class='ocrx_word' id='word_1_313' title='bbox 1672 2824 1974 2896; x_wconf 88' lang='grc' dir='ltr'>πρεσϐυτε-</span> 
     </span>
    </p>
   </div>
   <div class='ocr_carea' id='block_1_46' title="bbox 389 2907 1977 2986">
    <p class='ocr_par' dir='ltr' id='par_1_46' title="bbox 389 2907 1977 2986">
     <span class='ocr_line' id='line_1_46' title="bbox 389 2907 1977 2986; baseline 0.006 -27"><span class='ocrx_word' id='word_1_314' title='bbox 389 2907 508 2978; x_wconf 80' lang='grc' dir='ltr'>ρίου</span> <span class='ocrx_word' id='word_1_315' title='bbox 546 2926 631 2971; x_wconf 87' lang='grc' dir='ltr'><strong>τε,</strong></span> <span class='ocrx_word' id='word_1_316' title='bbox 671 2911 766 2962; x_wconf 78' lang='grc' dir='ltr'><strong>καὶ</strong></span> <span class='ocrx_word' id='word_1_317' title='bbox 803 2911 1101 2978; x_wconf 84' lang='grc' dir='ltr'>διακονίας,</span> <span class='ocrx_word' id='word_1_318' title='bbox 1150 2916 1243 2968; x_wconf 73' lang='grc' dir='ltr'><strong>καὶ</strong></span> <span class='ocrx_word' id='word_1_319' title='bbox 1273 2914 1469 2979; x_wconf 70' lang='grc' dir='ltr'>ἄλλων,</span> <span class='ocrx_word' id='word_1_320' title='bbox 1511 2916 1725 2986; x_wconf 83' lang='grc' dir='ltr'>κίνησις</span> <span class='ocrx_word' id='word_1_321' title='bbox 1761 2917 1977 2984; x_wconf 84' lang='grc' dir='ltr'>ἐγένετο</span> 
     </span>
    </p>
   </div>
   <div class='ocr_carea' id='block_1_47' title="bbox 389 3001 1972 3081">
    <p class='ocr_par' dir='ltr' id='par_1_47' title="bbox 389 3001 1972 3081">
     <span class='ocr_line' id='line_1_47' title="bbox 389 3001 1972 3081; baseline 0.006 -29"><span class='ocrx_word' id='word_1_322' title='bbox 389 3001 668 3072; x_wconf 73' lang='grc' dir='ltr'>ἀναμέσον</span> <span class='ocrx_word' id='word_1_323' title='bbox 699 3001 810 3055; x_wconf 85' lang='grc' dir='ltr'><strong>τῶν</strong></span> <span class='ocrx_word' id='word_1_324' title='bbox 846 3004 1161 3076; x_wconf 88' lang='grc' dir='ltr'>μαρτύρων,</span> <span class='ocrx_word' id='word_1_325' title='bbox 1195 3007 1290 3061; x_wconf 81' lang='grc' dir='ltr'>καὶ</span> <span class='ocrx_word' id='word_1_326' title='bbox 1323 3009 1563 3078; x_wconf 86' lang='grc' dir='ltr'>τάραχος</span> <span class='ocrx_word' id='word_1_327' title='bbox 1597 3009 1697 3081; x_wconf 85' lang='grc' dir='ltr'><strong>οὐχ</strong></span> <span class='ocrx_word' id='word_1_328' title='bbox 1723 3009 1752 3060; x_wconf 81' lang='grc' dir='ltr'><em>ὁ</em></span> <span class='ocrx_word' id='word_1_329' title='bbox 1777 3007 1972 3080; x_wconf 63' lang='grc' dir='ltr'>τυχών</span> 
     </span>
    </p>
   </div>
   <div class='ocr_carea' id='block_1_48' title="bbox 393 3090 1978 3169">
    <p class='ocr_par' dir='ltr' id='par_1_48' title="bbox 393 3090 1978 3169">
     <span class='ocr_line' id='line_1_48' title="bbox 393 3090 1978 3169; baseline 0.004 -25"><span class='ocrx_word' id='word_1_330' title='bbox 393 3090 500 3144; x_wconf 82' lang='grc' dir='ltr'><strong>τῶν</strong></span> <span class='ocrx_word' id='word_1_331' title='bbox 532 3091 630 3161; x_wconf 85' lang='grc' dir='ltr'>μὲν</span> <span class='ocrx_word' id='word_1_332' title='bbox 660 3092 926 3160; x_wconf 86' lang='grc' dir='ltr'>λεγόντων</span> <span class='ocrx_word' id='word_1_333' title='bbox 956 3096 1082 3158; x_wconf 82' lang='grc' dir='ltr'>τοὺς</span> <span class='ocrx_word' id='word_1_334' title='bbox 1109 3095 1255 3160; x_wconf 76' lang='grc' dir='ltr'>ἅπαξ</span> <span class='ocrx_word' id='word_1_335' title='bbox 1285 3098 1724 3166; x_wconf 83' lang='grc' dir='ltr'>παραπεσόντας,</span> <span class='ocrx_word' id='word_1_336' title='bbox 1757 3099 1852 3150; x_wconf 74' lang='grc' dir='ltr'><strong>καὶ</strong></span> <span class='ocrx_word' id='word_1_337' title='bbox 1879 3098 1978 3169; x_wconf 84' lang='grc' dir='ltr'><strong>ἀρ-</strong></span> 
     </span>
    </p>
   </div>
   <div class='ocr_carea' id='block_1_49' title="bbox 389 3167 2046 3260">
    <p class='ocr_par' dir='ltr' id='par_1_49' title="bbox 389 3167 2046 3260">
     <span class='ocr_line' id='line_1_49' title="bbox 389 3167 2046 3260; baseline 0.006 -24"><span class='ocrx_word' id='word_1_338' title='bbox 389 3184 752 3254; x_wconf 77' lang='grc' dir='ltr'>νησαμένους,</span> <span class='ocrx_word' id='word_1_339' title='bbox 790 3186 884 3238; x_wconf 80' lang='grc' dir='ltr'>καὶ</span> <span class='ocrx_word' id='word_1_340' title='bbox 921 3187 980 3240; x_wconf 85' lang='grc' dir='ltr'><strong>ἐν</strong></span> <span class='ocrx_word' id='word_1_341' title='bbox 1013 3186 1352 3258; x_wconf 81' lang='grc' dir='ltr'>ἀνδρειότητι</span> <span class='ocrx_word' id='word_1_342' title='bbox 1395 3189 1469 3258; x_wconf 80' lang='grc' dir='ltr'>μὴ</span> <span class='ocrx_word' id='word_1_343' title='bbox 1506 3167 1973 3260; x_wconf 78' lang='grc' dir='ltr'>παραμείναντας,</span> <span class='ocrx_word' id='word_1_344' title='bbox 2003 3167 2046 3223; x_wconf 77' lang='lat' dir='ltr'><strong>C</strong></span> 
     </span>
    </p>
   </div>
   <div class='ocr_carea' id='block_1_50' title="bbox 391 3273 1972 3349">
    <p class='ocr_par' dir='ltr' id='par_1_50' title="bbox 391 3273 1972 3349">
     <span class='ocr_line' id='line_1_50' title="bbox 391 3273 1972 3349; baseline 0.004 -25"><span class='ocrx_word' id='word_1_345' title='bbox 391 3273 532 3344; x_wconf 84' lang='grc' dir='ltr'>μηδὲ</span> <span class='ocrx_word' id='word_1_346' title='bbox 553 3275 1022 3346; x_wconf 80' lang='grc' dir='ltr'>ἀγωνισαμένους,</span> <span class='ocrx_word' id='word_1_347' title='bbox 1045 3277 1120 3346; x_wconf 85' lang='grc' dir='ltr'>μὴ</span> <span class='ocrx_word' id='word_1_348' title='bbox 1140 3276 1248 3330; x_wconf 78' lang='grc' dir='ltr'>δεῖν</span> <span class='ocrx_word' id='word_1_349' title='bbox 1267 3277 1549 3341; x_wconf 80' lang='grc' dir='ltr'>ἀξιοῦσθαι</span> <span class='ocrx_word' id='word_1_350' title='bbox 1564 3281 1644 3342; x_wconf 86' lang='grc' dir='ltr'><strong>είς</strong></span> <span class='ocrx_word' id='word_1_351' title='bbox 1663 3280 1972 3349; x_wconf 84' lang='grc' dir='ltr'>μετάνοιαν,</span> 
     </span>
    </p>
   </div>
   <div class='ocr_carea' id='block_1_51' title="bbox 389 3361 1977 3438">
    <p class='ocr_par' dir='ltr' id='par_1_51' title="bbox 389 3361 1977 3438">
     <span class='ocr_line' id='line_1_51' title="bbox 389 3361 1977 3438; baseline 0.003 -22"><span class='ocrx_word' id='word_1_352' title='bbox 389 3361 482 3416; x_wconf 82' lang='grc' dir='ltr'>τνα</span> <span class='ocrx_word' id='word_1_353' title='bbox 507 3363 583 3434; x_wconf 82' lang='grc' dir='ltr'>μὴ</span> <span class='ocrx_word' id='word_1_354' title='bbox 607 3367 702 3417; x_wconf 78' lang='grc' dir='ltr'>καὶ</span> <span class='ocrx_word' id='word_1_355' title='bbox 734 3366 782 3417; x_wconf 81' lang='grc' dir='ltr'><strong>οἱ</strong></span> <span class='ocrx_word' id='word_1_356' title='bbox 809 3364 892 3417; x_wconf 80' lang='grc' dir='ltr'>ἔτι</span> <span class='ocrx_word' id='word_1_357' title='bbox 916 3365 1379 3436; x_wconf 88' lang='grc' dir='ltr'>περιλειφθέντες,</span> <span class='ocrx_word' id='word_1_358' title='bbox 1411 3366 1630 3422; x_wconf 76' lang='grc' dir='ltr'>ἔλαττον</span> <span class='ocrx_word' id='word_1_359' title='bbox 1656 3368 1977 3438; x_wconf 63' lang='grc' dir='ltr'>φροντίσανν</span> 
     </span>
    </p>
   </div>
   <div class='ocr_carea' id='block_1_52' title="bbox 389 3455 1976 3530">
    <p class='ocr_par' dir='ltr' id='par_1_52' title="bbox 389 3455 1976 3530">
     <span class='ocr_line' id='line_1_52' title="bbox 389 3455 1976 3530; baseline 0.003 -23"><span class='ocrx_word' id='word_1_360' title='bbox 389 3471 481 3518; x_wconf 86' lang='grc' dir='ltr'><strong>τες</strong></span> <span class='ocrx_word' id='word_1_361' title='bbox 511 3455 612 3525; x_wconf 83' lang='grc' dir='ltr'>τῆς</span> <span class='ocrx_word' id='word_1_362' title='bbox 631 3456 913 3527; x_wconf 77' lang='grc' dir='ltr'>ἐπιτιμίας</span> <span class='ocrx_word' id='word_1_363' title='bbox 937 3457 1025 3511; x_wconf 79' lang='grc' dir='ltr'>διὰ</span> <span class='ocrx_word' id='word_1_364' title='bbox 1048 3457 1146 3527; x_wconf 82' lang='grc' dir='ltr'>τὴν</span> <span class='ocrx_word' id='word_1_365' title='bbox 1174 3456 1431 3530; x_wconf 70' lang='grc' dir='ltr'>τοιαύτην</span> <span class='ocrx_word' id='word_1_366' title='bbox 1459 3458 1651 3512; x_wconf 85' lang='grc' dir='ltr'>θᾶττον</span> <span class='ocrx_word' id='word_1_367' title='bbox 1676 3459 1976 3530; x_wconf 81' lang='grc' dir='ltr'>γενομένην</span> 
     </span>
    </p>
   </div>
   <div class='ocr_carea' id='block_1_53' title="bbox 393 3545 1974 3621">
    <p class='ocr_par' dir='ltr' id='par_1_53' title="bbox 393 3545 1974 3621">
     <span class='ocr_line' id='line_1_53' title="bbox 393 3545 1974 3621; baseline 0.003 -22"><span class='ocrx_word' id='word_1_368' title='bbox 393 3545 576 3610; x_wconf 70' lang='grc' dir='ltr'>αὐτοῖς</span> <span class='ocrx_word' id='word_1_369' title='bbox 613 3547 983 3619; x_wconf 81' lang='grc' dir='ltr'>συγχώρησιν,</span> <span class='ocrx_word' id='word_1_370' title='bbox 1025 3548 1366 3619; x_wconf 79' lang='grc' dir='ltr'>ἐκτραπῶσι,</span> <span class='ocrx_word' id='word_1_371' title='bbox 1415 3551 1508 3602; x_wconf 76' lang='grc' dir='ltr'><strong>καὶ</strong></span> <span class='ocrx_word' id='word_1_372' title='bbox 1555 3551 1634 3613; x_wconf 86' lang='grc' dir='ltr'><strong>είς</strong></span> <span class='ocrx_word' id='word_1_373' title='bbox 1675 3551 1974 3621; x_wconf 84' lang='grc' dir='ltr'>ἐπαρνησι-</span> 
     </span>
    </p>
   </div>
   <div class='ocr_carea' id='block_1_54' title="bbox 394 3639 1975 3713">
    <p class='ocr_par' dir='ltr' id='par_1_54' title="bbox 394 3639 1975 3713">
     <span class='ocr_line' id='line_1_54' title="bbox 394 3639 1975 3713; baseline 0.003 -22"><span class='ocrx_word' id='word_1_374' title='bbox 394 3639 544 3692; x_wconf 66' lang='grc' dir='ltr'>θεῖαν</span> <span class='ocrx_word' id='word_1_375' title='bbox 575 3641 671 3692; x_wconf 71' lang='grc' dir='ltr'><strong>καὶ</strong></span> <span class='ocrx_word' id='word_1_376' title='bbox 710 3640 1139 3710; x_wconf 84' lang='grc' dir='ltr'>ἁθεμιτουργίαν</span> <span class='ocrx_word' id='word_1_377' title='bbox 1183 3641 1547 3713; x_wconf 79' lang='grc' dir='ltr'>Ἑλληνισμοῦ</span> <span class='ocrx_word' id='word_1_378' title='bbox 1600 3643 1814 3696; x_wconf 71' lang='grc' dir='ltr'>ἔλθωσι.</span> <span class='ocrx_word' id='word_1_379' title='bbox 1863 3644 1975 3698; x_wconf 82' lang='grc' dir='ltr'>Καὶ</span> 
     </span>
    </p>
   </div>
   <div class='ocr_carea' id='block_1_55' title="bbox 393 3727 1977 3806">
    <p class='ocr_par' dir='ltr' id='par_1_55' title="bbox 393 3727 1977 3806">
     <span class='ocr_line' id='line_1_55' title="bbox 393 3727 1977 3806; baseline 0.003 -23"><span class='ocrx_word' id='word_1_380' title='bbox 393 3727 458 3802; x_wconf 70' lang='grc' dir='ltr'>ἦν</span> <span class='ocrx_word' id='word_1_381' title='bbox 486 3731 710 3800; x_wconf 73' lang='grc' dir='ltr'>εὔλογον</span> <span class='ocrx_word' id='word_1_382' title='bbox 750 3732 811 3784; x_wconf 83' lang='grc' dir='ltr'><strong>τὸ</strong></span> <span class='ocrx_word' id='word_1_383' title='bbox 852 3735 980 3803; x_wconf 87' lang='grc' dir='ltr'>παρ’</span> <span class='ocrx_word' id='word_1_384' title='bbox 1020 3733 1200 3786; x_wconf 82' lang='grc' dir='ltr'>αὐτῶν</span> <span class='ocrx_word' id='word_1_385' title='bbox 1238 3733 1347 3786; x_wconf 83' lang='grc' dir='ltr'><strong>τῶν</strong></span> <span class='ocrx_word' id='word_1_386' title='bbox 1375 3735 1720 3805; x_wconf 83' lang='grc' dir='ltr'>ὁμολογητῶν</span> <span class='ocrx_word' id='word_1_387' title='bbox 1752 3735 1977 3806; x_wconf 84' lang='grc' dir='ltr'>λεγόμε-</span> 
     </span>
    </p>
   </div>
   <div class='ocr_carea' id='block_1_56' title="bbox 393 3817 1977 3898">
    <p class='ocr_par' dir='ltr' id='par_1_56' title="bbox 393 3817 1977 3898">
     <span class='ocr_line' id='line_1_56' title="bbox 393 3817 1977 3898; baseline 0.004 -25"><span class='ocrx_word' id='word_1_388' title='bbox 393 3837 500 3873; x_wconf 64' lang='grc' dir='ltr'>θον.</span> <span class='ocrx_word' id='word_1_389' title='bbox 540 3817 718 3874; x_wconf 84' lang='grc' dir='ltr'>Ἦσαν</span> <span class='ocrx_word' id='word_1_390' title='bbox 757 3822 813 3874; x_wconf 82' lang='grc' dir='ltr'>δὲ</span> <span class='ocrx_word' id='word_1_391' title='bbox 859 3825 906 3874; x_wconf 76' lang='grc' dir='ltr'>οἱ</span> <span class='ocrx_word' id='word_1_392' title='bbox 939 3823 1097 3878; x_wconf 84' lang='grc' dir='ltr'>τοῦτο</span> <span class='ocrx_word' id='word_1_393' title='bbox 1121 3823 1394 3892; x_wconf 83' lang='grc' dir='ltr'>λέγοντες,</span> <span class='ocrx_word' id='word_1_394' title='bbox 1420 3826 1706 3896; x_wconf 87' lang='grc' dir='ltr'>Μελήτιος,</span> <span class='ocrx_word' id='word_1_395' title='bbox 1742 3828 1835 3879; x_wconf 72' lang='grc' dir='ltr'><strong>καὶ</strong></span> <span class='ocrx_word' id='word_1_396' title='bbox 1865 3828 1977 3898; x_wconf 90' lang='grc' dir='ltr'><strong>Πη-</strong></span> 
     </span>
    </p>
   </div>
   <div class='ocr_carea' id='block_1_57' title="bbox 389 3911 1976 3989">
    <p class='ocr_par' dir='ltr' id='par_1_57' title="bbox 389 3911 1976 3989">
     <span class='ocr_line' id='line_1_57' title="bbox 389 3911 1976 3989; baseline 0.005 -27"><span class='ocrx_word' id='word_1_397' title='bbox 389 3911 539 3973; x_wconf 75' lang='grc' dir='ltr'>λεὺς,</span> <span class='ocrx_word' id='word_1_398' title='bbox 567 3912 662 3964; x_wconf 79' lang='grc' dir='ltr'><strong>καί</strong></span> <span class='ocrx_word' id='word_1_399' title='bbox 681 3929 827 3976; x_wconf 89' lang='grc' dir='ltr'>τινες</span> <span class='ocrx_word' id='word_1_400' title='bbox 859 3913 1009 3966; x_wconf 82' lang='grc' dir='ltr'>ἄλλοι</span> <span class='ocrx_word' id='word_1_401' title='bbox 1040 3915 1259 3978; x_wconf 83' lang='grc' dir='ltr'>πλείους</span> <span class='ocrx_word' id='word_1_402' title='bbox 1283 3915 1392 3969; x_wconf 85' lang='grc' dir='ltr'><strong>τῶν</strong></span> <span class='ocrx_word' id='word_1_403' title='bbox 1421 3917 1710 3989; x_wconf 87' lang='grc' dir='ltr'>μαρτύρων</span> <span class='ocrx_word' id='word_1_404' title='bbox 1733 3919 1824 3970; x_wconf 82' lang='grc' dir='ltr'><strong>καὶ</strong></span> <span class='ocrx_word' id='word_1_405' title='bbox 1847 3919 1976 3986; x_wconf 83' lang='grc' dir='ltr'>ὁμο·-</span> 
     </span>
    </p>
   </div>
   <div class='ocr_carea' id='block_1_58' title="bbox 388 4001 1976 4079">
    <p class='ocr_par' dir='ltr' id='par_1_58' title="bbox 388 4001 1976 4079">
     <span class='ocr_line' id='line_1_58' title="bbox 388 4001 1976 4079; baseline 0.005 -26"><span class='ocrx_word' id='word_1_406' title='bbox 388 4001 637 4072; x_wconf 81' lang='grc' dir='ltr'>λογητῶν</span> <span class='ocrx_word' id='word_1_407' title='bbox 679 4002 812 4075; x_wconf 59' lang='grc' dir='ltr'><strong>ἅμα</strong></span> <span class='ocrx_word' id='word_1_408' title='bbox 838 4005 1041 4067; x_wconf 85' lang='grc' dir='ltr'>αὐτοῖς.</span> <span class='ocrx_word' id='word_1_409' title='bbox 1085 4007 1257 4076; x_wconf 79' lang='grc' dir='ltr'>Ζῆλον</span> <span class='ocrx_word' id='word_1_410' title='bbox 1303 4008 1484 4061; x_wconf 78' lang='grc' dir='ltr'>τοίνυν</span> <span class='ocrx_word' id='word_1_411' title='bbox 1525 4009 1618 4060; x_wconf 86' lang='grc' dir='ltr'><strong>τὸν</strong></span> <span class='ocrx_word' id='word_1_412' title='bbox 1658 4007 1799 4079; x_wconf 84' lang='grc' dir='ltr'>ὑπὲρ</span> <span class='ocrx_word' id='word_1_413' title='bbox 1837 4007 1976 4061; x_wconf 86' lang='grc' dir='ltr'>Θεοῦ</span> 
     </span>
    </p>
   </div>
   <div class='ocr_carea' id='block_1_59' title="bbox 387 4092 1971 4167">
    <p class='ocr_par' dir='ltr' id='par_1_59' title="bbox 387 4092 1971 4167">
     <span class='ocr_line' id='line_1_59' title="bbox 387 4092 1971 4167; baseline 0.004 -23"><span class='ocrx_word' id='word_1_414' title='bbox 387 4092 853 4163; x_wconf 83' lang='grc' dir='ltr'>ἁναδεδειγμένοι,</span> <span class='ocrx_word' id='word_1_415' title='bbox 889 4094 1071 4164; x_wconf 83' lang='grc' dir='ltr'>δῆλον,</span> <span class='ocrx_word' id='word_1_416' title='bbox 1111 4096 1196 4149; x_wconf 85' lang='grc' dir='ltr'>ὅτι</span> <span class='ocrx_word' id='word_1_417' title='bbox 1234 4096 1473 4167; x_wconf 74' lang='grc' dir='ltr'>ἔπασχον</span> <span class='ocrx_word' id='word_1_418' title='bbox 1499 4097 1671 4151; x_wconf 87' lang='grc' dir='ltr'>ταῦτα</span> <span class='ocrx_word' id='word_1_419' title='bbox 1703 4096 1971 4164; x_wconf 85' lang='grc' dir='ltr'>λέγοντες.</span> 
     </span>
    </p>
   </div>
   <div class='ocr_carea' id='block_1_60' title="bbox 389 4184 1974 4258">
    <p class='ocr_par' dir='ltr' id='par_1_60' title="bbox 389 4184 1974 4258">
     <span class='ocr_line' id='line_1_60' title="bbox 389 4184 1974 4258; baseline 0.004 -23"><span class='ocrx_word' id='word_1_420' title='bbox 389 4185 675 4251; x_wconf 82' lang='grc' dir='ltr'>Ἐφασκον</span> <span class='ocrx_word' id='word_1_421' title='bbox 707 4184 784 4249; x_wconf 87' lang='grc' dir='ltr'>δὲ,</span> <span class='ocrx_word' id='word_1_422' title='bbox 819 4187 867 4237; x_wconf 84' lang='grc' dir='ltr'><strong>εί</strong></span> <span class='ocrx_word' id='word_1_423' title='bbox 888 4185 996 4256; x_wconf 79' lang='grc' dir='ltr'>ἄρα</span> <span class='ocrx_word' id='word_1_424' title='bbox 1027 4187 1164 4256; x_wconf 82' lang='grc' dir='ltr'>μετὰ</span> <span class='ocrx_word' id='word_1_425' title='bbox 1187 4187 1249 4240; x_wconf 87' lang='grc' dir='ltr'><strong>τὸ</strong></span> <span class='ocrx_word' id='word_1_426' title='bbox 1273 4187 1581 4241; x_wconf 87' lang='grc' dir='ltr'>παύσασθαι</span> <span class='ocrx_word' id='word_1_427' title='bbox 1618 4187 1708 4240; x_wconf 80' lang='grc' dir='ltr'><strong>τὸν</strong></span> <span class='ocrx_word' id='word_1_428' title='bbox 1735 4187 1974 4258; x_wconf 86' lang='grc' dir='ltr'>διωγμὸν</span> 
     </span>
    </p>
   </div>
   <div class='ocr_carea' id='block_1_61' title="bbox 387 4276 1970 4353">
    <p class='ocr_par' dir='ltr' id='par_1_61' title="bbox 387 4276 1970 4353">
     <span class='ocr_line' id='line_1_61' title="bbox 387 4276 1970 4353; baseline 0.004 -25"><span class='ocrx_word' id='word_1_429' title='bbox 387 4276 536 4346; x_wconf 83' lang='grc' dir='ltr'>μετὰ</span> <span class='ocrx_word' id='word_1_430' title='bbox 571 4277 764 4348; x_wconf 88' lang='grc' dir='ltr'>χρόνον</span> <span class='ocrx_word' id='word_1_431' title='bbox 791 4279 974 4332; x_wconf 85' lang='grc' dir='ltr'>ἱκανὸν</span> <span class='ocrx_word' id='word_1_432' title='bbox 998 4279 1237 4333; x_wconf 88' lang='grc' dir='ltr'>δίδοσθαι</span> <span class='ocrx_word' id='word_1_433' title='bbox 1271 4284 1386 4344; x_wconf 79' lang='grc' dir='ltr'>τοῖς</span> <span class='ocrx_word' id='word_1_434' title='bbox 1425 4282 1841 4353; x_wconf 88' lang='grc' dir='ltr'>προειρημένοις</span> <span class='ocrx_word' id='word_1_435' title='bbox 1872 4299 1970 4350; x_wconf 85' lang='grc' dir='ltr'>με·</span> 
     </span>
    </p>
   </div>
   <div class='ocr_carea' id='block_1_62' title="bbox 383 4370 1974 4444">
    <p class='ocr_par' dir='ltr' id='par_1_62' title="bbox 383 4370 1974 4444">
     <span class='ocr_line' id='line_1_62' title="bbox 383 4370 1974 4444; baseline 0.001 -23"><span class='ocrx_word' id='word_1_436' title='bbox 383 4370 612 4422; x_wconf 77' lang='grc' dir='ltr'>τὰνοιαν</span> <span class='ocrx_word' id='word_1_437' title='bbox 650 4371 708 4423; x_wconf 76' lang='grc' dir='ltr'><strong>ἐν</strong></span> <span class='ocrx_word' id='word_1_438' title='bbox 743 4372 920 4441; x_wconf 83' lang='grc' dir='ltr'>καιρῷ</span> <span class='ocrx_word' id='word_1_439' title='bbox 960 4371 1259 4442; x_wconf 84' lang='grc' dir='ltr'>γενομένης</span> <span class='ocrx_word' id='word_1_440' title='bbox 1301 4373 1543 4444; x_wconf 79' lang='grc' dir='ltr'>εἰρήνης,</span> <span class='ocrx_word' id='word_1_441' title='bbox 1588 4372 1682 4425; x_wconf 88' lang='grc' dir='ltr'>ἐὰν</span> <span class='ocrx_word' id='word_1_442' title='bbox 1724 4371 1810 4424; x_wconf 87' lang='grc' dir='ltr'>ἐπ’</span> <span class='ocrx_word' id='word_1_443' title='bbox 1842 4371 1974 4441; x_wconf 86' lang='grc' dir='ltr'>ἀλη-</span> 
     </span>
    </p>
   </div>
   <div class='ocr_carea' id='block_1_63' title="bbox 384 4461 1973 4534">
    <p class='ocr_par' dir='ltr' id='par_1_63' title="bbox 384 4461 1973 4534">
     <span class='ocr_line' id='line_1_63' title="bbox 384 4461 1973 4534; baseline 0 -20"><span class='ocrx_word' id='word_1_444' title='bbox 384 4461 547 4525; x_wconf 85' lang='grc' dir='ltr'>θείας</span> <span class='ocrx_word' id='word_1_445' title='bbox 573 4464 970 4534; x_wconf 85' lang='grc' dir='ltr'>μετανοήσωσι,</span> <span class='ocrx_word' id='word_1_446' title='bbox 994 4463 1089 4516; x_wconf 76' lang='grc' dir='ltr'><strong>καὶ</strong></span> <span class='ocrx_word' id='word_1_447' title='bbox 1112 4465 1324 4534; x_wconf 88' lang='grc' dir='ltr'>καρπὸν</span> <span class='ocrx_word' id='word_1_448' title='bbox 1348 4465 1450 4534; x_wconf 86' lang='grc' dir='ltr'>τῆς</span> <span class='ocrx_word' id='word_1_449' title='bbox 1478 4464 1765 4534; x_wconf 88' lang='grc' dir='ltr'>μετανοίας</span> <span class='ocrx_word' id='word_1_450' title='bbox 1794 4462 1973 4518; x_wconf 84' lang='grc' dir='ltr'>αὐτῶν</span> 
     </span>
    </p>
   </div>
   <div class='ocr_carea' id='block_1_64' title="bbox 2151 2173 3665 2250">
    <p class='ocr_par' dir='ltr' id='par_1_64' title="bbox 2151 2173 3665 2250">
     <span class='ocr_line' id='line_1_64' title="bbox 2151 2173 3665 2250; baseline -0.003 -14"><span class='ocrx_word' id='word_1_451' title='bbox 2151 2182 2216 2237; x_wconf 91' lang='lat' dir='ltr'><strong>ll.</strong></span> <span class='ocrx_word' id='word_1_452' title='bbox 2246 2181 2498 2250; x_wconf 86' lang='lat' dir='ltr'><strong>Cumque</strong></span> <span class='ocrx_word' id='word_1_453' title='bbox 2535 2178 2786 2234; x_wconf 89' lang='lat' dir='ltr'><strong>nonnulli</strong></span> <span class='ocrx_word' id='word_1_454' title='bbox 2837 2176 3159 2249; x_wconf 84' lang='lat' dir='ltr'><strong>martyrium</strong></span> <span class='ocrx_word' id='word_1_455' title='bbox 3203 2173 3439 2230; x_wconf 68' lang='lat' dir='ltr'><strong>feliciter</strong></span> <span class='ocrx_word' id='word_1_456' title='bbox 3463 2173 3665 2232; x_wconf 85' lang='lat' dir='ltr'><strong>subiis-</strong></span> 
     </span>
    </p>
   </div>
   <div class='ocr_carea' id='block_1_65' title="bbox 2081 2265 3662 2338">
    <p class='ocr_par' dir='ltr' id='par_1_65' title="bbox 2081 2265 3662 2338">
     <span class='ocr_line' id='line_1_65' title="bbox 2081 2265 3662 2338; baseline -0.004 -9"><span class='ocrx_word' id='word_1_457' title='bbox 2081 2282 2223 2338; x_wconf 89' lang='lat' dir='ltr'><strong>sent,</strong></span> <span class='ocrx_word' id='word_1_458' title='bbox 2266 2274 2360 2328; x_wconf 87' lang='lat' dir='ltr'><strong>alii</strong></span> <span class='ocrx_word' id='word_1_459' title='bbox 2385 2288 2518 2328; x_wconf 82' lang='lat' dir='ltr'><strong>vero</strong></span> <span class='ocrx_word' id='word_1_460' title='bbox 2555 2273 2624 2326; x_wconf 80' lang='lat' dir='ltr'><strong>ab</strong></span> <span class='ocrx_word' id='word_1_461' title='bbox 2660 2271 2851 2327; x_wconf 90' lang='lat' dir='ltr'><strong>eodem</strong></span> <span class='ocrx_word' id='word_1_462' title='bbox 2904 2268 3259 2331; x_wconf 76' lang='lat' dir='ltr'><strong>excidissent,</strong></span> <span class='ocrx_word' id='word_1_463' title='bbox 3305 2275 3360 2323; x_wconf 89' lang='lat' dir='ltr'><strong>et</strong></span> <span class='ocrx_word' id='word_1_464' title='bbox 3397 2265 3662 2323; x_wconf 79' lang='lat' dir='ltr'><strong>nefariam</strong></span> 
     </span>
    </p>
   </div>
   <div class='ocr_carea' id='block_1_66' title="bbox 2080 2356 3663 2431">
    <p class='ocr_par' dir='ltr' id='par_1_66' title="bbox 2080 2356 3663 2431">
     <span class='ocr_line' id='line_1_66' title="bbox 2080 2356 3663 2431; baseline -0.004 -13"><span class='ocrx_word' id='word_1_465' title='bbox 2080 2363 2348 2418; x_wconf 87' lang='lat' dir='ltr'><strong>idolorum</strong></span> <span class='ocrx_word' id='word_1_466' title='bbox 2389 2360 2835 2431; x_wconf 84' lang='lat' dir='ltr'><strong>superstitionem</strong></span> <span class='ocrx_word' id='word_1_467' title='bbox 2855 2357 3230 2421; x_wconf 83' lang='lat' dir='ltr'><strong>admisissent,</strong></span> <span class='ocrx_word' id='word_1_468' title='bbox 3259 2356 3396 2412; x_wconf 88' lang='lat' dir='ltr'><strong>adeo</strong></span> <span class='ocrx_word' id='word_1_469' title='bbox 3427 2366 3489 2413; x_wconf 88' lang='lat' dir='ltr'><strong>ut</strong></span> <span class='ocrx_word' id='word_1_470' title='bbox 3523 2357 3574 2411; x_wconf 91' lang='lat' dir='ltr'><strong>vi</strong></span> <span class='ocrx_word' id='word_1_471' title='bbox 3597 2371 3663 2412; x_wconf 89' lang='lat' dir='ltr'><strong>ac</strong></span> 
     </span>
    </p>
   </div>
   <div class='ocr_carea' id='block_1_67' title="bbox 2079 2451 3660 2523">
    <p class='ocr_par' dir='ltr' id='par_1_67' title="bbox 2079 2451 3660 2523">
     <span class='ocr_line' id='line_1_67' title="bbox 2079 2451 3660 2523; baseline -0.003 -13"><span class='ocrx_word' id='word_1_472' title='bbox 2079 2457 2412 2511; x_wconf 79' lang='lat' dir='ltr'><strong>necessitate</strong></span> <span class='ocrx_word' id='word_1_473' title='bbox 2466 2453 2861 2520; x_wconf 84' lang='lat' dir='ltr'><strong>sacriﬁcarent,</strong></span> <span class='ocrx_word' id='word_1_474' title='bbox 2907 2453 3072 2509; x_wconf 88' lang='lat' dir='ltr'><strong>iidem</strong></span> <span class='ocrx_word' id='word_1_475' title='bbox 3101 2461 3226 2523; x_wconf 89' lang='lat' dir='ltr'><strong>post</strong></span> <span class='ocrx_word' id='word_1_476' title='bbox 3249 2451 3461 2522; x_wconf 89' lang='lat' dir='ltr'><strong>lapsum</strong></span> <span class='ocrx_word' id='word_1_477' title='bbox 3487 2460 3542 2506; x_wconf 88' lang='lat' dir='ltr'><strong>et</strong></span> <span class='ocrx_word' id='word_1_478' title='bbox 3576 2466 3660 2508; x_wconf 89' lang='lat' dir='ltr'><strong>sa-</strong></span> 
     </span>
    </p>
   </div>
   <div class='ocr_carea' id='block_1_68' title="bbox 2080 2546 3665 2615">
    <p class='ocr_par' dir='ltr' id='par_1_68' title="bbox 2080 2546 3665 2615">
     <span class='ocr_line' id='line_1_68' title="bbox 2080 2546 3665 2615; baseline -0.004 -13"><span class='ocrx_word' id='word_1_479' title='bbox 2080 2547 2284 2603; x_wconf 78' lang='lat' dir='ltr'><strong>criﬂcia</strong></span> <span class='ocrx_word' id='word_1_480' title='bbox 2310 2546 2380 2601; x_wconf 92' lang='lat' dir='ltr'><strong>ad</strong></span> <span class='ocrx_word' id='word_1_481' title='bbox 2411 2546 2756 2601; x_wconf 81' lang='lat' dir='ltr'><strong>confessores</strong></span> <span class='ocrx_word' id='word_1_482' title='bbox 2796 2553 2851 2600; x_wconf 88' lang='lat' dir='ltr'><strong>et</strong></span> <span class='ocrx_word' id='word_1_483' title='bbox 2897 2553 3169 2615; x_wconf 87' lang='lat' dir='ltr'><strong>martyres</strong></span> <span class='ocrx_word' id='word_1_484' title='bbox 3202 2553 3572 2607; x_wconf 85' lang='lat' dir='ltr'><strong>accesserunt,</strong></span> <span class='ocrx_word' id='word_1_485' title='bbox 3603 2551 3665 2597; x_wconf 87' lang='lat' dir='ltr'><strong>ut</strong></span> 
     </span>
    </p>
   </div>
   <div class='ocr_carea' id='block_1_69' title="bbox 2079 2635 3665 2712">
    <p class='ocr_par' dir='ltr' id='par_1_69' title="bbox 2079 2635 3665 2712">
     <span class='ocr_line' id='line_1_69' title="bbox 2079 2635 3665 2712; baseline -0.003 -18"><span class='ocrx_word' id='word_1_486' title='bbox 2079 2639 2399 2712; x_wconf 67' lang='lat' dir='ltr'><strong>paenitentia</strong></span> <span class='ocrx_word' id='word_1_487' title='bbox 2448 2636 2879 2693; x_wconf 86' lang='lat' dir='ltr'><strong>misericordiam</strong></span> <span class='ocrx_word' id='word_1_488' title='bbox 2923 2637 3255 2692; x_wconf 88' lang='lat' dir='ltr'><strong>obtinerent.</strong></span> <span class='ocrx_word' id='word_1_489' title='bbox 3289 2635 3532 2703; x_wconf 87' lang='lat' dir='ltr'><strong>Quorum</strong></span> <span class='ocrx_word' id='word_1_490' title='bbox 3571 2636 3665 2691; x_wconf 87' lang='lat' dir='ltr'><strong>alii</strong></span> 
     </span>
    </p>
   </div>
   <div class='ocr_carea' id='block_1_70' title="bbox 2077 2728 3661 2796">
    <p class='ocr_par' dir='ltr' id='par_1_70' title="bbox 2077 2728 3661 2796">
     <span class='ocr_line' id='line_1_70' title="bbox 2077 2728 3661 2796; baseline -0.002 -9"><span class='ocrx_word' id='word_1_491' title='bbox 2077 2733 2282 2787; x_wconf 88' lang='lat' dir='ltr'><strong>milites</strong></span> <span class='ocrx_word' id='word_1_492' title='bbox 2326 2739 2502 2796; x_wconf 89' lang='lat' dir='ltr'><strong>erant,</strong></span> <span class='ocrx_word' id='word_1_493' title='bbox 2545 2729 2638 2784; x_wconf 87' lang='lat' dir='ltr'><strong>alii</strong></span> <span class='ocrx_word' id='word_1_494' title='bbox 2686 2743 2753 2784; x_wconf 81' lang='lat' dir='ltr'><strong>ex</strong></span> <span class='ocrx_word' id='word_1_495' title='bbox 2779 2728 2951 2783; x_wconf 89' lang='lat' dir='ltr'><strong>variis</strong></span> <span class='ocrx_word' id='word_1_496' title='bbox 2983 2729 3310 2784; x_wconf 89' lang='lat' dir='ltr'><strong>clericorum</strong></span> <span class='ocrx_word' id='word_1_497' title='bbox 3349 2728 3661 2794; x_wconf 90' lang='lat' dir='ltr'><strong>ordinibus,</strong></span> 
     </span>
    </p>
   </div>
   <div class='ocr_carea' id='block_1_71' title="bbox 2078 2819 3666 2893">
    <p class='ocr_par' dir='ltr' id='par_1_71' title="bbox 2078 2819 3666 2893">
     <span class='ocr_line' id='line_1_71' title="bbox 2078 2819 3666 2893; baseline -0.001 -17"><span class='ocrx_word' id='word_1_498' title='bbox 2078 2822 2437 2893; x_wconf 82' lang='lat' dir='ltr'><strong>presbyteris,</strong></span> <span class='ocrx_word' id='word_1_499' title='bbox 2470 2819 2742 2885; x_wconf 86' lang='lat' dir='ltr'><strong>diaconis,</strong></span> <span class='ocrx_word' id='word_1_500' title='bbox 2783 2834 2849 2874; x_wconf 89' lang='lat' dir='ltr'><strong>ac</strong></span> <span class='ocrx_word' id='word_1_501' title='bbox 2886 2819 3112 2889; x_wconf 88' lang='lat' dir='ltr'><strong>reliquis</strong></span> <span class='ocrx_word' id='word_1_502' title='bbox 3158 2821 3302 2876; x_wconf 89' lang='lat' dir='ltr'><strong>aliis.</strong></span> <span class='ocrx_word' id='word_1_503' title='bbox 3361 2819 3503 2875; x_wconf 79' lang='lat' dir='ltr'><strong>Hinc</strong></span> <span class='ocrx_word' id='word_1_504' title='bbox 3553 2835 3666 2875; x_wconf 90' lang='lat' dir='ltr'><strong>non</strong></span> 
     </span>
    </p>
   </div>
   <div class='ocr_carea' id='block_1_72' title="bbox 2076 2911 3669 2983">
    <p class='ocr_par' dir='ltr' id='par_1_72' title="bbox 2076 2911 3669 2983">
     <span class='ocr_line' id='line_1_72' title="bbox 2076 2911 3669 2983; baseline 0 -16"><span class='ocrx_word' id='word_1_505' title='bbox 2076 2913 2300 2967; x_wconf 87' lang='lat' dir='ltr'><strong>minima</strong></span> <span class='ocrx_word' id='word_1_506' title='bbox 2351 2913 2495 2968; x_wconf 84' lang='lat' dir='ltr'><strong>inter</strong></span> <span class='ocrx_word' id='word_1_507' title='bbox 2541 2917 2810 2983; x_wconf 85' lang='lat' dir='ltr'><strong>martyres</strong></span> <span class='ocrx_word' id='word_1_508' title='bbox 2843 2913 3138 2965; x_wconf 86' lang='lat' dir='ltr'><strong>commotio</strong></span> <span class='ocrx_word' id='word_1_509' title='bbox 3193 2925 3258 2966; x_wconf 89' lang='lat' dir='ltr'><strong>ac</strong></span> <span class='ocrx_word' id='word_1_510' title='bbox 3285 2911 3560 2967; x_wconf 88' lang='lat' dir='ltr'><strong>dissensio</strong></span> <span class='ocrx_word' id='word_1_511' title='bbox 3580 2918 3669 2967; x_wconf 87' lang='lat' dir='ltr'><strong>est</strong></span> 
     </span>
    </p>
   </div>
   <div class='ocr_carea' id='block_1_73' title="bbox 2076 3000 3665 3072">
    <p class='ocr_par' dir='ltr' id='par_1_73' title="bbox 2076 3000 3665 3072">
     <span class='ocr_line' id='line_1_73' title="bbox 2076 3000 3665 3072; baseline -0.001 -15"><span class='ocrx_word' id='word_1_512' title='bbox 2076 3007 2290 3064; x_wconf 80' lang='lat' dir='ltr'><strong>exorta,</strong></span> <span class='ocrx_word' id='word_1_513' title='bbox 2319 3001 2650 3072; x_wconf 73' lang='lat' dir='ltr'><strong>negantibus</strong></span> <span class='ocrx_word' id='word_1_514' title='bbox 2679 3001 2802 3054; x_wconf 89' lang='lat' dir='ltr'><strong>aliis</strong></span> <span class='ocrx_word' id='word_1_515' title='bbox 2827 3014 2941 3064; x_wconf 87' lang='lat' dir='ltr'><strong>eos,</strong></span> <span class='ocrx_word' id='word_1_516' title='bbox 2961 3000 3058 3070; x_wconf 91' lang='lat' dir='ltr'><strong>qui</strong></span> <span class='ocrx_word' id='word_1_517' title='bbox 3087 3001 3254 3056; x_wconf 90' lang='lat' dir='ltr'><strong>semel</strong></span> <span class='ocrx_word' id='word_1_518' title='bbox 3287 3001 3426 3072; x_wconf 90' lang='lat' dir='ltr'><strong>lapsi</strong></span> <span class='ocrx_word' id='word_1_519' title='bbox 3454 3010 3665 3069; x_wconf 81' lang='lat' dir='ltr'><strong>essent,</strong></span> 
     </span>
    </p>
   </div>
   <div class='ocr_carea' id='block_1_74' title="bbox 2080 3091 3669 3162">
    <p class='ocr_par' dir='ltr' id='par_1_74' title="bbox 2080 3091 3669 3162">
     <span class='ocr_line' id='line_1_74' title="bbox 2080 3091 3669 3162; baseline -0.001 -14"><span class='ocrx_word' id='word_1_520' title='bbox 2080 3107 2146 3148; x_wconf 90' lang='lat' dir='ltr'><strong>ac</strong></span> <span class='ocrx_word' id='word_1_521' title='bbox 2171 3091 2456 3147; x_wconf 85' lang='lat' dir='ltr'><strong>Christum</strong></span> <span class='ocrx_word' id='word_1_522' title='bbox 2486 3092 2872 3162; x_wconf 82' lang='lat' dir='ltr'><strong>abnegassent,</strong></span> <span class='ocrx_word' id='word_1_523' title='bbox 2905 3106 3005 3146; x_wconf 90' lang='lat' dir='ltr'><strong>nec</strong></span> <span class='ocrx_word' id='word_1_524' title='bbox 3033 3091 3411 3147; x_wconf 82' lang='lat' dir='ltr'><strong>fortitudinem</strong></span> <span class='ocrx_word' id='word_1_525' title='bbox 3443 3107 3508 3148; x_wconf 89' lang='lat' dir='ltr'><strong>ac</strong></span> <span class='ocrx_word' id='word_1_526' title='bbox 3537 3107 3669 3147; x_wconf 89' lang='lat' dir='ltr'><strong>con-</strong></span> 
     </span>
    </p>
   </div>
   <div class='ocr_carea' id='block_1_75' title="bbox 2077 3184 3666 3251">
    <p class='ocr_par' dir='ltr' id='par_1_75' title="bbox 2077 3184 3666 3251">
     <span class='ocr_line' id='line_1_75' title="bbox 2077 3184 3666 3251; baseline -0.001 -10"><span class='ocrx_word' id='word_1_527' title='bbox 2077 3184 2342 3241; x_wconf 87' lang='lat' dir='ltr'><strong>stantiam</strong></span> <span class='ocrx_word' id='word_1_528' title='bbox 2367 3184 2750 3247; x_wconf 85' lang='lat' dir='ltr'><strong>retinuissent,</strong></span> <span class='ocrx_word' id='word_1_529' title='bbox 2782 3191 2877 3237; x_wconf 92' lang='lat' dir='ltr'><strong>aut</strong></span> <span class='ocrx_word' id='word_1_530' title='bbox 2901 3191 3180 3238; x_wconf 89' lang='lat' dir='ltr'><strong>certamen</strong></span> <span class='ocrx_word' id='word_1_531' title='bbox 3197 3185 3490 3251; x_wconf 89' lang='lat' dir='ltr'><strong>obiissent,</strong></span> <span class='ocrx_word' id='word_1_532' title='bbox 3525 3185 3666 3240; x_wconf 79' lang='lat' dir='ltr'><strong>reci-</strong></span> 
     </span>
    </p>
   </div>
   <div class='ocr_carea' id='block_1_76' title="bbox 2075 3275 3668 3348">
    <p class='ocr_par' dir='ltr' id='par_1_76' title="bbox 2075 3275 3668 3348">
     <span class='ocr_line' id='line_1_76' title="bbox 2075 3275 3668 3348; baseline 0.001 -17"><span class='ocrx_word' id='word_1_533' title='bbox 2075 3276 2307 3348; x_wconf 86' lang='lat' dir='ltr'><strong>piendos</strong></span> <span class='ocrx_word' id='word_1_534' title='bbox 2330 3276 2398 3330; x_wconf 92' lang='lat' dir='ltr'><strong>ad</strong></span> <span class='ocrx_word' id='word_1_535' title='bbox 2428 3276 2810 3346; x_wconf 74' lang='lat' dir='ltr'><strong>ptenitentiam</strong></span> <span class='ocrx_word' id='word_1_536' title='bbox 2847 3291 2971 3331; x_wconf 88' lang='lat' dir='ltr'><strong>esse</strong></span> <span class='ocrx_word' id='word_1_537' title='bbox 3008 3293 3023 3333; x_wconf 87' lang='lat'>:</span> <span class='ocrx_word' id='word_1_538' title='bbox 3059 3291 3128 3330; x_wconf 94' lang='lat' dir='ltr'><strong>ne</strong></span> <span class='ocrx_word' id='word_1_539' title='bbox 3174 3275 3318 3331; x_wconf 81' lang='lat' dir='ltr'><strong>forte</strong></span> <span class='ocrx_word' id='word_1_540' title='bbox 3360 3277 3557 3347; x_wconf 85' lang='lat' dir='ltr'><strong>reliqui</strong></span> <span class='ocrx_word' id='word_1_541' title='bbox 3596 3279 3668 3333; x_wconf 89' lang='lat' dir='ltr'><strong>ob</strong></span> 
     </span>
    </p>
   </div>
   <div class='ocr_carea' id='block_1_77' title="bbox 2076 3367 3669 3438">
    <p class='ocr_par' dir='ltr' id='par_1_77' title="bbox 2076 3367 3669 3438">
     <span class='ocr_line' id='line_1_77' title="bbox 2076 3367 3669 3438; baseline 0.002 -15"><span class='ocrx_word' id='word_1_542' title='bbox 2076 3368 2361 3423; x_wconf 86' lang='lat' dir='ltr'><strong>celerrime</strong></span> <span class='ocrx_word' id='word_1_543' title='bbox 2418 3367 2763 3437; x_wconf 89' lang='lat' dir='ltr'><strong>impetratam</strong></span> <span class='ocrx_word' id='word_1_544' title='bbox 2815 3367 2886 3421; x_wconf 88' lang='lat' dir='ltr'><strong>ab</strong></span> <span class='ocrx_word' id='word_1_545' title='bbox 2919 3367 2988 3422; x_wconf 92' lang='lat' dir='ltr'><strong>iis</strong></span> <span class='ocrx_word' id='word_1_546' title='bbox 3018 3367 3414 3438; x_wconf 77' lang='lat' dir='ltr'><strong>indulgentiam</strong></span> <span class='ocrx_word' id='word_1_547' title='bbox 3455 3369 3669 3426; x_wconf 87' lang='lat' dir='ltr'><strong>minore</strong></span> 
     </span>
    </p>
   </div>
   <div class='ocr_carea' id='block_1_78' title="bbox 2075 3457 3666 3530">
    <p class='ocr_par' dir='ltr' id='par_1_78' title="bbox 2075 3457 3666 3530">
     <span class='ocr_line' id='line_1_78' title="bbox 2075 3457 3666 3530; baseline -0.001 -17"><span class='ocrx_word' id='word_1_548' title='bbox 2075 3473 2362 3530; x_wconf 63' lang='lat' dir='ltr'><strong>poenarum</strong></span> <span class='ocrx_word' id='word_1_549' title='bbox 2405 3468 2574 3525; x_wconf 88' lang='lat' dir='ltr'><strong>metu,</strong></span> <span class='ocrx_word' id='word_1_550' title='bbox 2606 3457 2783 3528; x_wconf 90' lang='lat' dir='ltr'><strong>abripi</strong></span> <span class='ocrx_word' id='word_1_551' title='bbox 2847 3473 2970 3514; x_wconf 89' lang='lat' dir='ltr'><strong>sese</strong></span> <span class='ocrx_word' id='word_1_552' title='bbox 3009 3466 3348 3530; x_wconf 88' lang='lat' dir='ltr'><strong>paterentur,</strong></span> <span class='ocrx_word' id='word_1_553' title='bbox 3385 3473 3450 3513; x_wconf 85' lang='lat' dir='ltr'><strong>ac</strong></span> <span class='ocrx_word' id='word_1_554' title='bbox 3497 3458 3666 3515; x_wconf 88' lang='lat' dir='ltr'><strong>Deum</strong></span> 
     </span>
    </p>
   </div>
   <div class='ocr_carea' id='block_1_79' title="bbox 2075 3549 3669 3621">
    <p class='ocr_par' dir='ltr' id='par_1_79' title="bbox 2075 3549 3669 3621">
     <span class='ocr_line' id='line_1_79' title="bbox 2075 3549 3669 3621; baseline -0.001 -16"><span class='ocrx_word' id='word_1_555' title='bbox 2075 3559 2358 3621; x_wconf 84' lang='lat' dir='ltr'><strong>negarent,</strong></span> <span class='ocrx_word' id='word_1_556' title='bbox 2393 3550 2862 3620; x_wconf 79' lang='lat' dir='ltr'><strong>exsecrandisque</strong></span> <span class='ocrx_word' id='word_1_557' title='bbox 2913 3565 2974 3605; x_wconf 92' lang='lat' dir='ltr'><strong>se</strong></span> <span class='ocrx_word' id='word_1_558' title='bbox 3015 3549 3300 3621; x_wconf 74' lang='lat' dir='ltr'><strong>gentilium</strong></span> <span class='ocrx_word' id='word_1_559' title='bbox 3331 3549 3506 3606; x_wconf 81' lang='lat' dir='ltr'><strong>sacris</strong></span> <span class='ocrx_word' id='word_1_560' title='bbox 3544 3551 3669 3620; x_wconf 87' lang='lat' dir='ltr'><strong>pol-</strong></span> 
     </span>
    </p>
   </div>
   <div class='ocr_carea' id='block_1_80' title="bbox 2075 3640 3668 3712">
    <p class='ocr_par' dir='ltr' id='par_1_80' title="bbox 2075 3640 3668 3712">
     <span class='ocr_line' id='line_1_80' title="bbox 2075 3640 3668 3712; baseline 0.001 -16"><span class='ocrx_word' id='word_1_561' title='bbox 2075 3642 2310 3698; x_wconf 90' lang='lat' dir='ltr'><strong>luerent.</strong></span> <span class='ocrx_word' id='word_1_562' title='bbox 2361 3642 2429 3696; x_wconf 87' lang='lat' dir='ltr'><strong>Et</strong></span> <span class='ocrx_word' id='word_1_563' title='bbox 2492 3649 2612 3698; x_wconf 89' lang='lat' dir='ltr'><strong>erat</strong></span> <span class='ocrx_word' id='word_1_564' title='bbox 2649 3642 2794 3712; x_wconf 90' lang='lat' dir='ltr'><strong>quod</strong></span> <span class='ocrx_word' id='word_1_565' title='bbox 2827 3642 2898 3697; x_wconf 89' lang='lat' dir='ltr'><strong>ab</strong></span> <span class='ocrx_word' id='word_1_566' title='bbox 2934 3641 3204 3711; x_wconf 85' lang='lat' dir='ltr'><strong>ejusmodi</strong></span> <span class='ocrx_word' id='word_1_567' title='bbox 3249 3640 3668 3698; x_wconf 82' lang='lat' dir='ltr'><strong>confessoribus</strong></span> 
     </span>
    </p>
   </div>
   <div class='ocr_carea' id='block_1_81' title="bbox 2075 3734 3671 3808">
    <p class='ocr_par' dir='ltr' id='par_1_81' title="bbox 2075 3734 3671 3808">
     <span class='ocr_line' id='line_1_81' title="bbox 2075 3734 3671 3808; baseline 0 -18"><span class='ocrx_word' id='word_1_568' title='bbox 2075 3735 2360 3791; x_wconf 90' lang='lat' dir='ltr'><strong>dicebatur</strong></span> <span class='ocrx_word' id='word_1_569' title='bbox 2393 3752 2424 3790; x_wconf 90' lang='lat' dir='ltr'><strong>a</strong></span> <span class='ocrx_word' id='word_1_570' title='bbox 2473 3737 2686 3791; x_wconf 90' lang='lat' dir='ltr'><strong>ratione</strong></span> <span class='ocrx_word' id='word_1_571' title='bbox 2737 3751 2850 3790; x_wconf 90' lang='lat' dir='ltr'><strong>non</strong></span> <span class='ocrx_word' id='word_1_572' title='bbox 2897 3736 3158 3791; x_wconf 89' lang='lat' dir='ltr'><strong>alienum.</strong></span> <span class='ocrx_word' id='word_1_573' title='bbox 3208 3734 3276 3790; x_wconf 84' lang='lat' dir='ltr'><strong>Hi</strong></span> <span class='ocrx_word' id='word_1_574' title='bbox 3309 3745 3468 3790; x_wconf 89' lang='lat' dir='ltr'><strong>erant</strong></span> <span class='ocrx_word' id='word_1_575' title='bbox 3503 3735 3671 3808; x_wconf 73' lang='lat'><strong>718</strong></span> 
     </span>
    </p>
   </div>
   <div class='ocr_carea' id='block_1_82' title="bbox 2077 3826 3666 3899">
    <p class='ocr_par' dir='ltr' id='par_1_82' title="bbox 2077 3826 3666 3899">
     <span class='ocr_line' id='line_1_82' title="bbox 2077 3826 3666 3899; baseline 0.001 -17"><span class='ocrx_word' id='word_1_576' title='bbox 2077 3828 2347 3891; x_wconf 86' lang='lat' dir='ltr'><strong>Meletius,</strong></span> <span class='ocrx_word' id='word_1_577' title='bbox 2405 3837 2458 3883; x_wconf 90' lang='lat' dir='ltr'><strong>et</strong></span> <span class='ocrx_word' id='word_1_578' title='bbox 2508 3827 2726 3895; x_wconf 82' lang='lat' dir='ltr'><strong>Peleus,</strong></span> <span class='ocrx_word' id='word_1_579' title='bbox 2747 3829 2952 3898; x_wconf 86' lang='lat' dir='ltr'><strong>aliique</strong></span> <span class='ocrx_word' id='word_1_580' title='bbox 3005 3826 3320 3898; x_wconf 90' lang='lat' dir='ltr'><strong>complures</strong></span> <span class='ocrx_word' id='word_1_581' title='bbox 3368 3836 3666 3899; x_wconf 89' lang='lat' dir='ltr'><strong>martyres,</strong></span> 
     </span>
    </p>
   </div>
   <div class='ocr_carea' id='block_1_83' title="bbox 2076 3919 3666 3991">
    <p class='ocr_par' dir='ltr' id='par_1_83' title="bbox 2076 3919 3666 3991">
     <span class='ocr_line' id='line_1_83' title="bbox 2076 3919 3666 3991; baseline 0.001 -16"><span class='ocrx_word' id='word_1_582' title='bbox 2076 3929 2128 3975; x_wconf 89' lang='lat' dir='ltr'><strong>et</strong></span> <span class='ocrx_word' id='word_1_583' title='bbox 2175 3919 2545 3984; x_wconf 83' lang='lat' dir='ltr'><strong>confessores,</strong></span> <span class='ocrx_word' id='word_1_584' title='bbox 2576 3936 2715 3991; x_wconf 92' lang='lat' dir='ltr'><strong>quos</strong></span> <span class='ocrx_word' id='word_1_585' title='bbox 2743 3919 2912 3975; x_wconf 84' lang='lat' dir='ltr'><strong>divini</strong></span> <span class='ocrx_word' id='word_1_586' title='bbox 2949 3921 3179 3977; x_wconf 89' lang='lat' dir='ltr'><strong>honoris</strong></span> <span class='ocrx_word' id='word_1_587' title='bbox 3223 3920 3407 3977; x_wconf 92' lang='lat' dir='ltr'><strong>studio</strong></span> <span class='ocrx_word' id='word_1_588' title='bbox 3439 3936 3505 3977; x_wconf 87' lang='lat' dir='ltr'><strong>ac</strong></span> <span class='ocrx_word' id='word_1_589' title='bbox 3547 3921 3666 3976; x_wconf 86' lang='lat' dir='ltr'><strong>zelo</strong></span> 
     </span>
    </p>
   </div>
   <div class='ocr_carea' id='block_1_84' title="bbox 2080 4011 3666 4078">
    <p class='ocr_par' dir='ltr' id='par_1_84' title="bbox 2080 4011 3666 4078">
     <span class='ocr_line' id='line_1_84' title="bbox 2080 4011 3666 4078; baseline 0.002 -13"><span class='ocrx_word' id='word_1_590' title='bbox 2080 4011 2465 4078; x_wconf 80' lang='lat' dir='ltr'><strong>inflammatos,</strong></span> <span class='ocrx_word' id='word_1_591' title='bbox 2494 4029 2616 4068; x_wconf 91' lang='lat' dir='ltr'><strong>cum</strong></span> <span class='ocrx_word' id='word_1_592' title='bbox 2636 4015 2752 4069; x_wconf 63' lang='lat' dir='ltr'><strong>hare</strong></span> <span class='ocrx_word' id='word_1_593' title='bbox 2779 4015 3046 4078; x_wconf 88' lang='lat' dir='ltr'><strong>dicerent,</strong></span> <span class='ocrx_word' id='word_1_594' title='bbox 3090 4014 3260 4071; x_wconf 79' lang='lat' dir='ltr'><strong>fuisse</strong></span> <span class='ocrx_word' id='word_1_595' title='bbox 3299 4031 3407 4070; x_wconf 88' lang='lat' dir='ltr'><strong>non</strong></span> <span class='ocrx_word' id='word_1_596' title='bbox 3435 4015 3666 4069; x_wconf 90' lang='lat' dir='ltr'><strong>dubium</strong></span> 
     </span>
    </p>
   </div>
   <div class='ocr_carea' id='block_1_85' title="bbox 2080 4103 3670 4176">
    <p class='ocr_par' dir='ltr' id='par_1_85' title="bbox 2080 4103 3670 4176">
     <span class='ocr_line' id='line_1_85' title="bbox 2080 4103 3670 4176; baseline 0.002 -19"><span class='ocrx_word' id='word_1_597' title='bbox 2080 4113 2182 4158; x_wconf 85' lang='lat' dir='ltr'><strong>est.</strong></span> <span class='ocrx_word' id='word_1_598' title='bbox 2215 4103 2481 4161; x_wconf 86' lang='lat' dir='ltr'><strong>Auctores</strong></span> <span class='ocrx_word' id='word_1_599' title='bbox 2510 4121 2673 4176; x_wconf 90' lang='lat' dir='ltr'><strong>porro</strong></span> <span class='ocrx_word' id='word_1_600' title='bbox 2703 4106 2865 4160; x_wconf 91' lang='lat' dir='ltr'><strong>iidem</strong></span> <span class='ocrx_word' id='word_1_601' title='bbox 2913 4114 3094 4170; x_wconf 90' lang='lat' dir='ltr'><strong>erant,</strong></span> <span class='ocrx_word' id='word_1_602' title='bbox 3132 4115 3193 4160; x_wconf 91' lang='lat' dir='ltr'><strong>ut</strong></span> <span class='ocrx_word' id='word_1_603' title='bbox 3216 4106 3516 4162; x_wconf 83' lang='lat' dir='ltr'><strong>secundum</strong></span> <span class='ocrx_word' id='word_1_604' title='bbox 3548 4122 3670 4175; x_wconf 90' lang='lat' dir='ltr'><strong>per-</strong></span> 
     </span>
    </p>
   </div>
   <div class='ocr_carea' id='block_1_86' title="bbox 2080 4195 3664 4268">
    <p class='ocr_par' dir='ltr' id='par_1_86' title="bbox 2080 4195 3664 4268">
     <span class='ocr_line' id='line_1_86' title="bbox 2080 4195 3664 4268; baseline -0.001 -17"><span class='ocrx_word' id='word_1_605' title='bbox 2080 4195 2438 4260; x_wconf 89' lang='lat' dir='ltr'><strong>secutionem,</strong></span> <span class='ocrx_word' id='word_1_606' title='bbox 2475 4197 2824 4267; x_wconf 88' lang='lat' dir='ltr'><strong>postjustum</strong></span> <span class='ocrx_word' id='word_1_607' title='bbox 2847 4196 3068 4267; x_wconf 92' lang='lat' dir='ltr'><strong>aliquod</strong></span> <span class='ocrx_word' id='word_1_608' title='bbox 3101 4199 3362 4268; x_wconf 90' lang='lat' dir='ltr'><strong>temporis</strong></span> <span class='ocrx_word' id='word_1_609' title='bbox 3401 4197 3664 4268; x_wconf 88' lang='lat' dir='ltr'><strong>spatium,</strong></span> 
     </span>
    </p>
   </div>
   <div class='ocr_carea' id='block_1_87' title="bbox 2080 4284 3667 4356">
    <p class='ocr_par' dir='ltr' id='par_1_87' title="bbox 2080 4284 3667 4356">
     <span class='ocr_line' id='line_1_87' title="bbox 2080 4284 3667 4356; baseline 0 -20"><span class='ocrx_word' id='word_1_610' title='bbox 2080 4298 2213 4352; x_wconf 91' lang='lat' dir='ltr'><strong>pace</strong></span> <span class='ocrx_word' id='word_1_611' title='bbox 2246 4284 2566 4347; x_wconf 90' lang='lat' dir='ltr'><strong>constituta,</strong></span> <span class='ocrx_word' id='word_1_612' title='bbox 2593 4285 2930 4355; x_wconf 72' lang='lat' dir='ltr'><strong>pmnitentia:</strong></span> <span class='ocrx_word' id='word_1_613' title='bbox 2961 4286 3068 4340; x_wconf 92' lang='lat' dir='ltr'><strong>illis</strong></span> <span class='ocrx_word' id='word_1_614' title='bbox 3097 4286 3253 4340; x_wconf 90' lang='lat' dir='ltr'><strong>locus</strong></span> <span class='ocrx_word' id='word_1_615' title='bbox 3273 4286 3667 4356; x_wconf 83' lang='lat' dir='ltr'><strong>indulgeretur,</strong></span> 
     </span>
    </p>
   </div>
   <div class='ocr_carea' id='block_1_88' title="bbox 2080 4373 3670 4447">
    <p class='ocr_par' dir='ltr' id='par_1_88' title="bbox 2080 4373 3670 4447">
     <span class='ocr_line' id='line_1_88' title="bbox 2080 4373 3670 4447; baseline 0 -19"><span class='ocrx_word' id='word_1_616' title='bbox 2080 4373 2126 4428; x_wconf 92' lang='lat' dir='ltr'><strong>si</strong></span> <span class='ocrx_word' id='word_1_617' title='bbox 2161 4374 2380 4443; x_wconf 90' lang='lat' dir='ltr'><strong>quidem</strong></span> <span class='ocrx_word' id='word_1_618' title='bbox 2402 4391 2531 4430; x_wconf 88' lang='lat' dir='ltr'><strong>vere</strong></span> <span class='ocrx_word' id='word_1_619' title='bbox 2563 4377 2709 4429; x_wconf 88' lang='lat' dir='ltr'><strong>illam</strong></span> <span class='ocrx_word' id='word_1_620' title='bbox 2726 4384 2779 4430; x_wconf 90' lang='lat' dir='ltr'><strong>et</strong></span> <span class='ocrx_word' id='word_1_621' title='bbox 2805 4391 2872 4430; x_wconf 84' lang='lat' dir='ltr'><strong>ex</strong></span> <span class='ocrx_word' id='word_1_622' title='bbox 2902 4375 3085 4429; x_wconf 90' lang='lat' dir='ltr'><strong>animo</strong></span> <span class='ocrx_word' id='word_1_623' title='bbox 3111 4377 3475 4447; x_wconf 88' lang='lat' dir='ltr'><strong>susciperent,</strong></span> <span class='ocrx_word' id='word_1_624' title='bbox 3506 4382 3670 4444; x_wconf 91' lang='lat' dir='ltr'><strong>atque</strong></span> 
     </span>
    </p>
   </div>
   <div class='ocr_carea' id='block_1_89' title="bbox 2079 4464 3672 4534">
    <p class='ocr_par' dir='ltr' id='par_1_89' title="bbox 2079 4464 3672 4534">
     <span class='ocr_line' id='line_1_89' title="bbox 2079 4464 3672 4534; baseline 0.001 -16"><span class='ocrx_word' id='word_1_625' title='bbox 2079 4464 2198 4533; x_wconf 91' lang='lat' dir='ltr'><strong>ejus</strong></span> <span class='ocrx_word' id='word_1_626' title='bbox 2219 4465 2430 4521; x_wconf 83' lang='lat' dir='ltr'><strong>fructus</strong></span> <span class='ocrx_word' id='word_1_627' title='bbox 2456 4467 2775 4522; x_wconf 83' lang='lat' dir='ltr'><strong>exhiberem</strong></span> <span class='ocrx_word' id='word_1_628' title='bbox 2813 4486 2826 4523; x_wconf 87' lang='lat'><strong>:</strong></span> <span class='ocrx_word' id='word_1_629' title='bbox 2853 4483 2954 4523; x_wconf 91' lang='lat' dir='ltr'><strong>nec</strong></span> <span class='ocrx_word' id='word_1_630' title='bbox 2987 4467 3063 4521; x_wconf 89' lang='lat' dir='ltr'><strong>ita</strong></span> <span class='ocrx_word' id='word_1_631' title='bbox 3089 4475 3293 4534; x_wconf 90' lang='lat' dir='ltr'><strong>tamen,</strong></span> <span class='ocrx_word' id='word_1_632' title='bbox 3328 4474 3387 4520; x_wconf 90' lang='lat' dir='ltr'><strong>ut</strong></span> <span class='ocrx_word' id='word_1_633' title='bbox 3409 4465 3672 4521; x_wconf 91' lang='lat' dir='ltr'><strong>eclericis</strong></span> 
     </span>
    </p>
   </div>
   <div class='ocr_carea' id='block_1_90' title="bbox 383 4533 1972 4628">
    <p class='ocr_par' dir='ltr' id='par_1_90' title="bbox 383 4533 1972 4626">
     <span class='ocr_line' id='line_1_90' title="bbox 383 4533 1972 4626; baseline 0.001 -22"><span class='ocrx_word' id='word_1_634' title='bbox 383 4533 878 4617; x_wconf 78' lang='grc' dir='ltr'>ἐπιδείξωνται-ού</span> <span class='ocrx_word' id='word_1_635' title='bbox 903 4551 1009 4624; x_wconf 84' lang='grc' dir='ltr'>μὴν</span> <span class='ocrx_word' id='word_1_636' title='bbox 1032 4553 1117 4606; x_wconf 79' lang='grc' dir='ltr'>ἵνα</span> <span class='ocrx_word' id='word_1_637' title='bbox 1147 4533 1376 4618; x_wconf 77' lang='grc' dir='ltr'>ἕκαστος</span> <span class='ocrx_word' id='word_1_638' title='bbox 1408 4533 1637 4626; x_wconf 78' lang='grc' dir='ltr'>δεξιωθῇ</span> <span class='ocrx_word' id='word_1_639' title='bbox 1672 4553 1782 4624; x_wconf 80' lang='grc'><strong>(55)</strong></span> <span class='ocrx_word' id='word_1_640' title='bbox 1815 4555 1872 4606; x_wconf 83' lang='grc' dir='ltr'><strong>ἐν</strong></span> <span class='ocrx_word' id='word_1_641' title='bbox 1894 4552 1972 4624; x_wconf 83' lang='grc' dir='ltr'>τῷ</span> 
     </span>
    </p>
   </div>
   <div class='ocr_carea' id='block_1_91' title="bbox 2076 4533 3669 4628">
    <p class='ocr_par' dir='ltr' id='par_1_91' title="bbox 2080 4556 3669 4628">
     <span class='ocr_line' id='line_1_91' title="bbox 2080 4556 3669 4628; baseline -0.002 -16"><span class='ocrx_word' id='word_1_642' title='bbox 2080 4557 2460 4628; x_wconf 86' lang='lat' dir='ltr'><strong>unusquisque</strong></span> <span class='ocrx_word' id='word_1_643' title='bbox 2503 4558 2800 4628; x_wconf 88' lang='lat' dir='ltr'><strong>pristinum</strong></span> <span class='ocrx_word' id='word_1_644' title='bbox 2848 4559 2906 4613; x_wconf 87' lang='lat' dir='ltr'><strong>in</strong></span> <span class='ocrx_word' id='word_1_645' title='bbox 2961 4557 3211 4616; x_wconf 87' lang='lat' dir='ltr'><strong>ordinem</strong></span> <span class='ocrx_word' id='word_1_646' title='bbox 3263 4556 3669 4621; x_wconf 87' lang='lat' dir='ltr'><strong>restitueretur,</strong></span> 
     </span>
    </p>
   </div>
   <div class='ocr_carea' id='block_1_92' title="bbox 466 4706 1492 4773">
    <p class='ocr_par' dir='ltr' id='par_1_92' title="bbox 466 4706 1492 4773">
     <span class='ocr_line' id='line_1_92' title="bbox 466 4706 1492 4773; baseline 0.001 -11"><span class='ocrx_word' id='word_1_647' title='bbox 466 4709 484 4739; x_wconf 77' lang='grc' dir='ltr'><strong>ί</strong></span> <span class='ocrx_word' id='word_1_648' title='bbox 515 4706 648 4762; x_wconf 87' lang='lat' dir='ltr'><strong>Cor.</strong></span> <span class='ocrx_word' id='word_1_649' title='bbox 684 4708 772 4761; x_wconf 83' lang='grc' dir='ltr'>ἐπ’</span> <span class='ocrx_word' id='word_1_650' title='bbox 809 4708 992 4764; x_wconf 82' lang='grc' dir='ltr'>αὐτόν.</span> <span class='ocrx_word' id='word_1_651' title='bbox 1071 4709 1092 4739; x_wconf 82' lang='grc'><strong><em>²</em></strong></span> <span class='ocrx_word' id='word_1_652' title='bbox 1125 4707 1254 4764; x_wconf 78' lang='lat' dir='ltr'><strong>Cor.</strong></span> <span class='ocrx_word' id='word_1_653' title='bbox 1281 4707 1492 4773; x_wconf 87' lang='grc' dir='ltr'>Θυσίας.</span> 
     </span>
    </p>
   </div>
   <div class='ocr_carea' id='block_1_93' title="bbox 453 4909 1961 4985">
    <p class='ocr_par' dir='ltr' id='par_1_93' title="bbox 453 4909 1961 4985">
     <span class='ocr_line' id='line_1_93' title="bbox 453 4909 1961 4985; baseline 0.004 -19"><span class='ocrx_word' id='word_1_654' title='bbox 453 4909 576 4985; x_wconf 60' lang='grc' dir='ltr'><strong>(δυ</strong></span> <span class='ocrx_word' id='word_1_655' title='bbox 619 4911 802 4965; x_wconf 81' lang='grc' dir='ltr'>Τοῦτο</span> <span class='ocrx_word' id='word_1_656' title='bbox 821 4911 929 4985; x_wconf 49' lang='grc' dir='ltr'>χείρ</span> <span class='ocrx_word' id='word_1_657' title='bbox 941 4913 1080 4978; x_wconf 77' lang='grc' dir='ltr'>ἔθος</span> <span class='ocrx_word' id='word_1_658' title='bbox 1097 4913 1197 4967; x_wconf 77' lang='grc' dir='ltr'>ἐπὶ</span> <span class='ocrx_word' id='word_1_659' title='bbox 1221 4914 1326 4968; x_wconf 76' lang='grc' dir='ltr'><strong>τὸν</strong></span> <span class='ocrx_word' id='word_1_660' title='bbox 1346 4916 1415 4969; x_wconf 81' lang='grc' dir='ltr'>ἐν</span> <span class='ocrx_word' id='word_1_661' title='bbox 1435 4915 1510 4983; x_wconf 79' lang='grc' dir='ltr'>τῇ</span> <span class='ocrx_word' id='word_1_662' title='bbox 1533 4915 1961 4985; x_wconf 77' lang='grc' dir='ltr'>Ἀλεξανδρείᾳ.</span> 
     </span>
    </p>
   </div>
   <div class='ocr_carea' id='block_1_94' title="bbox 379 4979 1965 5058">
    <p class='ocr_par' dir='ltr' id='par_1_94' title="bbox 379 4979 1965 5058">
     <span class='ocr_line' id='line_1_94' title="bbox 379 4979 1965 5058; baseline 0.004 -23"><span class='ocrx_word' id='word_1_663' title='bbox 379 4979 476 5058; x_wconf 65' lang='lat' dir='ltr'><strong>§ic</strong></span> <span class='ocrx_word' id='word_1_664' title='bbox 513 4981 571 5034; x_wconf 91' lang='lat' dir='ltr'><strong>in</strong></span> <span class='ocrx_word' id='word_1_665' title='bbox 599 4997 801 5058; x_wconf 77' lang='lat' dir='ltr'><strong>magno</strong></span> <span class='ocrx_word' id='word_1_666' title='bbox 830 4979 1366 5058; x_wconf 36' lang='lat' dir='ltr'><strong>&#39;l‘licmno_concilio,</strong></span> <span class='ocrx_word' id='word_1_667' title='bbox 1404 4979 1524 5038; x_wconf 79' lang='lat' dir='ltr'><strong>can.</strong></span> <span class='ocrx_word' id='word_1_668' title='bbox 1552 4989 1594 5058; x_wconf 12' lang='lat' dir='ltr'><strong>A6,</strong></span> <span class='ocrx_word' id='word_1_669' title='bbox 1619 5008 1630 5041; x_wconf 93' lang='lat'>:</span> <span class='ocrx_word' id='word_1_670' title='bbox 1657 4987 1736 5040; x_wconf 80' lang='grc' dir='ltr'><strong>Τὰ</strong></span> <span class='ocrx_word' id='word_1_671' title='bbox 1762 4979 1965 5058; x_wconf 76' lang='grc' dir='ltr'>ἀρχαία</span> 
     </span>
    </p>
   </div>
   <div class='ocr_carea' id='block_1_95' title="bbox 378 5051 1960 5128">
    <p class='ocr_par' dir='ltr' id='par_1_95' title="bbox 378 5051 1960 5128">
     <span class='ocr_line' id='line_1_95' title="bbox 378 5051 1960 5128; baseline 0.006 -26"><span class='ocrx_word' id='word_1_672' title='bbox 378 5052 477 5120; x_wconf 75' lang='grc' dir='ltr'>ἔθη</span> <span class='ocrx_word' id='word_1_673' title='bbox 509 5051 787 5128; x_wconf 62' lang='grc' dir='ltr'>κρατείτω</span> <span class='ocrx_word' id='word_1_674' title='bbox 827 5052 897 5128; x_wconf 77' lang='grc' dir='ltr'>τὰ</span> <span class='ocrx_word' id='word_1_675' title='bbox 939 5054 1312 5128; x_wconf 20' lang='grc' dir='ltr'>ἐνᾳᾼ-ἰγύπτ-ῳ,</span> <span class='ocrx_word' id='word_1_676' title='bbox 1338 5058 1436 5128; x_wconf 74' lang='grc' dir='ltr'><strong>καὶ</strong></span> <span class='ocrx_word' id='word_1_677' title='bbox 1465 5056 1660 5128; x_wconf 83' lang='grc' dir='ltr'>Λιϐύῃ,</span> <span class='ocrx_word' id='word_1_678' title='bbox 1696 5051 1960 5128; x_wconf 33' lang='grc' dir='ltr'>καὶῗῘῘεν-</span> 
     </span>
    </p>
   </div>
   <div class='ocr_carea' id='block_1_96' title="bbox 373 5122 1963 5196">
    <p class='ocr_par' dir='ltr' id='par_1_96' title="bbox 373 5122 1963 5196">
     <span class='ocr_line' id='line_1_96' title="bbox 373 5122 1963 5196; baseline 0.005 -24"><span class='ocrx_word' id='word_1_679' title='bbox 373 5122 640 5196; x_wconf 59' lang='grc' dir='ltr'>ταπὸλει,</span> <span class='ocrx_word' id='word_1_680' title='bbox 655 5122 793 5175; x_wconf 80' lang='grc' dir='ltr'>ὥστε</span> <span class='ocrx_word' id='word_1_681' title='bbox 819 5122 909 5196; x_wconf 81' lang='grc' dir='ltr'>τὸν</span> <span class='ocrx_word' id='word_1_682' title='bbox 928 5122 1385 5196; x_wconf 50' lang='grc' dir='ltr'>ἐνἈλεξανξδρείᾳ</span> <span class='ocrx_word' id='word_1_683' title='bbox 1421 5122 1715 5181; x_wconf 66' lang='grc' dir='ltr'>ἐπίσκοπον</span> <span class='ocrx_word' id='word_1_684' title='bbox 1747 5127 1963 5182; x_wconf 88' lang='grc' dir='ltr'>πάντων</span> 
     </span>
    </p>
   </div>
   <div class='ocr_carea' id='block_1_97' title="bbox 373 5191 1962 5266">
    <p class='ocr_par' dir='ltr' id='par_1_97' title="bbox 373 5191 1962 5266">
     <span class='ocr_line' id='line_1_97' title="bbox 373 5191 1962 5266; baseline 0.007 -24"><span class='ocrx_word' id='word_1_685' title='bbox 373 5191 593 5243; x_wconf 86' lang='grc' dir='ltr'>τούτων</span> <span class='ocrx_word' id='word_1_686' title='bbox 615 5191 760 5266; x_wconf 72' lang='grc' dir='ltr'>ἔχειν</span> <span class='ocrx_word' id='word_1_687' title='bbox 791 5192 891 5262; x_wconf 81' lang='grc' dir='ltr'><strong>τὴν</strong></span> <span class='ocrx_word' id='word_1_688' title='bbox 921 5192 1188 5266; x_wconf 83' lang='grc' dir='ltr'>ἐξουσίαν.</span> <span class='ocrx_word' id='word_1_689' title='bbox 1225 5191 1396 5250; x_wconf 78' lang='lat' dir='ltr'><strong>Porro</strong></span> <span class='ocrx_word' id='word_1_690' title='bbox 1455 5198 1508 5250; x_wconf 92' lang='lat' dir='ltr'><strong>in</strong></span> <span class='ocrx_word' id='word_1_691' title='bbox 1561 5198 1628 5252; x_wconf 87' lang='lat' dir='ltr'><strong>iis</strong></span> <span class='ocrx_word' id='word_1_692' title='bbox 1665 5198 1962 5266; x_wconf 84' lang='lat' dir='ltr'><strong>provinciis</strong></span> 
     </span>
    </p>
   </div>
   <div class='ocr_carea' id='block_1_98' title="bbox 375 5263 1961 5332">
    <p class='ocr_par' dir='ltr' id='par_1_98' title="bbox 375 5263 1961 5332">
     <span class='ocr_line' id='line_1_98' title="bbox 375 5263 1961 5332; baseline 0.005 -20"><span class='ocrx_word' id='word_1_693' title='bbox 375 5263 764 5332; x_wconf 80' lang='lat' dir='ltr'><strong>recensendis,</strong></span> <span class='ocrx_word' id='word_1_694' title='bbox 785 5279 906 5332; x_wconf 71' lang='lat' dir='ltr'><strong>qua:</strong></span> <span class='ocrx_word' id='word_1_695' title='bbox 931 5265 1273 5319; x_wconf 63' lang='lat' dir='ltr'><strong>Alexandriae</strong></span> <span class='ocrx_word' id='word_1_696' title='bbox 1302 5263 1749 5328; x_wconf 79' lang='lat' dir='ltr'><strong>contribuuntur,</strong></span> <span class='ocrx_word' id='word_1_697' title='bbox 1783 5267 1961 5321; x_wconf 88' lang='lat' dir='ltr'><strong>anim-</strong></span> 
     </span>
    </p>
   </div>
   <div class='ocr_carea' id='block_1_99' title="bbox 371 5330 1960 5408">
    <p class='ocr_par' dir='ltr' id='par_1_99' title="bbox 371 5330 1960 5408">
     <span class='ocr_line' id='line_1_99' title="bbox 371 5330 1960 5408; baseline 0.004 -25"><span class='ocrx_word' id='word_1_698' title='bbox 371 5330 819 5408; x_wconf 46' lang='lat' dir='ltr'><strong>advertendum—</strong></span> <span class='ocrx_word' id='word_1_699' title='bbox 858 5335 1300 5408; x_wconf 32' lang='lat' dir='ltr'><strong>e‘st,__disti_ng_ui</strong></span> <span class='ocrx_word' id='word_1_700' title='bbox 1357 5338 1424 5408; x_wconf 78' lang='lat' dir='ltr'><strong>ab</strong></span> <span class='ocrx_word' id='word_1_701' title='bbox 1481 5337 1785 5408; x_wconf 85' lang='lat' dir='ltr'><strong>Epiphanio</strong></span> <span class='ocrx_word' id='word_1_702' title='bbox 1860 5337 1960 5406; x_wconf 83' lang='grc' dir='ltr'><strong>τὴν</strong></span> 
     </span>
    </p>
   </div>
   <div class='ocr_carea' id='block_1_100' title="bbox 372 5399 1956 5476">
    <p class='ocr_par' dir='ltr' id='par_1_100' title="bbox 372 5399 1956 5476">
     <span class='ocr_line' id='line_1_100' title="bbox 372 5399 1956 5476; baseline 0.004 -23"><span class='ocrx_word' id='word_1_703' title='bbox 372 5399 694 5476; x_wconf 49' lang='lat' dir='ltr'><strong>Maps-manv</strong></span> <span class='ocrx_word' id='word_1_704' title='bbox 738 5410 794 5456; x_wconf 87' lang='lat' dir='ltr'><strong>et</strong></span> <span class='ocrx_word' id='word_1_705' title='bbox 845 5403 942 5476; x_wconf 68' lang='grc' dir='ltr'><strong>τήν</strong></span> <span class='ocrx_word' id='word_1_706' title='bbox 980 5399 1321 5476; x_wconf 61' lang='grc' dir='ltr'>ἣὶαρεώτῖδα.</span> <span class='ocrx_word' id='word_1_707' title='bbox 1366 5399 1687 5463; x_wconf 70' lang='grc' dir='ltr'><strong>Ριοιθὶιιάξυε</strong></span> <span class='ocrx_word' id='word_1_708' title='bbox 1727 5408 1822 5460; x_wconf 90' lang='lat' dir='ltr'><strong>lib.</strong></span> <span class='ocrx_word' id='word_1_709' title='bbox 1881 5399 1956 5471; x_wconf 72' lang='lat' dir='ltr'><strong>Iv,</strong></span> 
     </span>
    </p>
   </div>
   <div class='ocr_carea' id='block_1_101' title="bbox 371 5469 1958 5541">
    <p class='ocr_par' dir='ltr' id='par_1_101' title="bbox 371 5469 1958 5541">
     <span class='ocr_line' id='line_1_101' title="bbox 371 5469 1958 5541; baseline 0.008 -19"><span class='ocrx_word' id='word_1_710' title='bbox 371 5469 738 5541; x_wconf 71' lang='lat' dir='ltr'><strong>Mareotidem</strong></span> <span class='ocrx_word' id='word_1_711' title='bbox 767 5479 820 5526; x_wconf 88' lang='lat' dir='ltr'><strong>et</strong></span> <span class='ocrx_word' id='word_1_712' title='bbox 850 5469 1164 5528; x_wconf 68' lang='lat' dir='ltr'><strong>Marmot&#39;am</strong></span> <span class='ocrx_word' id='word_1_713' title='bbox 1199 5476 1271 5528; x_wconf 90' lang='lat' dir='ltr'><strong>ita</strong></span> <span class='ocrx_word' id='word_1_714' title='bbox 1304 5477 1584 5541; x_wconf 89' lang='lat' dir='ltr'><strong>discernit,</strong></span> <span class='ocrx_word' id='word_1_715' title='bbox 1603 5489 1661 5534; x_wconf 91' lang='lat' dir='ltr'><strong>ut</strong></span> <span class='ocrx_word' id='word_1_716' title='bbox 1689 5469 1958 5534; x_wconf 73' lang='lat' dir='ltr'><strong>Marasotis</strong></span> 
     </span>
    </p>
   </div>
   <div class='ocr_carea' id='block_1_102' title="bbox 369 5540 1954 5618">
    <p class='ocr_par' dir='ltr' id='par_1_102' title="bbox 369 5540 1954 5618">
     <span class='ocr_line' id='line_1_102' title="bbox 369 5540 1954 5618; baseline 0.008 -26"><span class='ocrx_word' id='word_1_717' title='bbox 369 5540 645 5618; x_wconf 59' lang='lat' dir='ltr'><strong>oppidum</strong></span> <span class='ocrx_word' id='word_1_718' title='bbox 671 5541 743 5618; x_wconf 73' lang='lat' dir='ltr'><strong>sit</strong></span> <span class='ocrx_word' id='word_1_719' title='bbox 759 5541 942 5612; x_wconf 82' lang='lat' dir='ltr'><strong>Libyae</strong></span> <span class='ocrx_word' id='word_1_720' title='bbox 969 5541 1244 5618; x_wconf 65' lang='lat' dir='ltr'><strong>Numidis,</strong></span> <span class='ocrx_word' id='word_1_721' title='bbox 1271 5546 1414 5601; x_wconf 90' lang='lat' dir='ltr'><strong>haud</strong></span> <span class='ocrx_word' id='word_1_722' title='bbox 1445 5549 1634 5618; x_wconf 90' lang='lat' dir='ltr'><strong>procul</strong></span> <span class='ocrx_word' id='word_1_723' title='bbox 1659 5549 1727 5601; x_wconf 90' lang='lat' dir='ltr'><strong>ab</strong></span> <span class='ocrx_word' id='word_1_724' title='bbox 1749 5545 1954 5614; x_wconf 86' lang='lat' dir='ltr'><strong>Oasite,</strong></span> 
     </span>
    </p>
   </div>
   <div class='ocr_carea' id='block_1_103' title="bbox 369 5609 1958 5686">
    <p class='ocr_par' dir='ltr' id='par_1_103' title="bbox 369 5609 1958 5686">
     <span class='ocr_line' id='line_1_103' title="bbox 369 5609 1958 5686; baseline 0.008 -24"><span class='ocrx_word' id='word_1_725' title='bbox 369 5621 430 5686; x_wconf 72' lang='lat' dir='ltr'><strong>at</strong></span> <span class='ocrx_word' id='word_1_726' title='bbox 455 5609 504 5662; x_wconf 54' lang='grc' dir='ltr'>⁷ό</span> <span class='ocrx_word' id='word_1_727' title='bbox 534 5609 1294 5686; x_wconf 32' lang='grc' dir='ltr'>Μαρεόίτης-ρτονὶῃείομείι.</span> <span class='ocrx_word' id='word_1_728' title='bbox 1342 5609 1460 5672; x_wconf 75' lang='lat' dir='ltr'><strong>sive</strong></span> <span class='ocrx_word' id='word_1_729' title='bbox 1496 5617 1701 5674; x_wconf 88' lang='lat' dir='ltr'><strong>Nomus</strong></span> <span class='ocrx_word' id='word_1_730' title='bbox 1730 5633 1793 5672; x_wconf 85' lang='lat' dir='ltr'><strong>ac</strong></span> <span class='ocrx_word' id='word_1_731' title='bbox 1819 5609 1958 5686; x_wconf 51' lang='lat' dir='ltr'><strong>prae;</strong></span> 
     </span>
    </p>
   </div>
   <div class='ocr_carea' id='block_1_104' title="bbox 374 5681 1954 5756">
    <p class='ocr_par' dir='ltr' id='par_1_104' title="bbox 374 5681 1954 5756">
     <span class='ocr_line' id='line_1_104' title="bbox 374 5681 1954 5756; baseline 0.008 -25"><span class='ocrx_word' id='word_1_732' title='bbox 374 5682 599 5756; x_wconf 49' lang='lat' dir='ltr'><strong>rectura</strong></span> <span class='ocrx_word' id='word_1_733' title='bbox 630 5681 697 5735; x_wconf 85' lang='lat' dir='ltr'><strong>ad</strong></span> <span class='ocrx_word' id='word_1_734' title='bbox 732 5681 995 5756; x_wconf 45' lang='lat' dir='ltr'><strong>Mariam,</strong></span> <span class='ocrx_word' id='word_1_735' title='bbox 1014 5683 1130 5756; x_wconf 74' lang='lat' dir='ltr'><strong>sive</strong></span> <span class='ocrx_word' id='word_1_736' title='bbox 1160 5684 1512 5742; x_wconf 81' lang='lat' dir='ltr'><strong>Mareotidem</strong></span> <span class='ocrx_word' id='word_1_737' title='bbox 1538 5681 1876 5756; x_wconf 54' lang='lat' dir='ltr'><strong>lacumque:</strong></span> <span class='ocrx_word' id='word_1_738' title='bbox 1899 5689 1954 5744; x_wconf 90' lang='lat' dir='ltr'><strong>in</strong></span> 
     </span>
    </p>
   </div>
   <div class='ocr_carea' id='block_1_105' title="bbox 371 5749 1956 5828">
    <p class='ocr_par' dir='ltr' id='par_1_105' title="bbox 371 5749 1956 5828">
     <span class='ocr_line' id='line_1_105' title="bbox 371 5749 1956 5828; baseline 0.006 -24"><span class='ocrx_word' id='word_1_739' title='bbox 371 5749 621 5828; x_wconf 65' lang='lat' dir='ltr'><strong>Egypto</strong></span> <span class='ocrx_word' id='word_1_740' title='bbox 647 5761 924 5828; x_wconf 66' lang='lat' dir='ltr'><strong>censetur.</strong></span> <span class='ocrx_word' id='word_1_741' title='bbox 965 5752 1176 5828; x_wconf 61' lang='lat' dir='ltr'><strong>Plinius</strong></span> <span class='ocrx_word' id='word_1_742' title='bbox 1205 5771 1342 5828; x_wconf 78' lang='lat' dir='ltr'><strong>vero</strong></span> <span class='ocrx_word' id='word_1_743' title='bbox 1370 5757 1642 5828; x_wconf 82' lang='lat' dir='ltr'><strong>Mareotas</strong></span> <span class='ocrx_word' id='word_1_744' title='bbox 1673 5749 1820 5812; x_wconf 79' lang='lat' dir='ltr'><strong>velut</strong></span> <span class='ocrx_word' id='word_1_745' title='bbox 1859 5775 1956 5828; x_wconf 85' lang='lat' dir='ltr'><strong>po-</strong></span> 
     </span>
    </p>
   </div>
   <div class='ocr_carea' id='block_1_106' title="bbox 364 5822 1953 5944">
    <p class='ocr_par' dir='ltr' id='par_1_106' title="bbox 364 5822 1953 5944">
     <span class='ocr_line' id='line_1_106' title="bbox 364 5822 1953 5944; baseline 0.008 -73"><span class='ocrx_word' id='word_1_746' title='bbox 364 5822 568 5944; x_wconf 45' lang='lat' dir='ltr'><strong>pﬂnn‘;</strong></span> <span class='ocrx_word' id='word_1_747' title='bbox 591 5824 882 5893; x_wconf 88' lang='lat' dir='ltr'><strong>quemdam</strong></span> <span class='ocrx_word' id='word_1_748' title='bbox 908 5825 965 5879; x_wconf 91' lang='lat' dir='ltr'><strong>in</strong></span> <span class='ocrx_word' id='word_1_749' title='bbox 993 5823 1289 5881; x_wconf 83' lang='lat' dir='ltr'><strong>Mareotide</strong></span> <span class='ocrx_word' id='word_1_750' title='bbox 1323 5825 1486 5898; x_wconf 81' lang='lat' dir='ltr'><strong>Libya</strong></span> <span class='ocrx_word' id='word_1_751' title='bbox 1523 5830 1752 5884; x_wconf 73' lang='lat' dir='ltr'><strong>collocat</strong></span> <span class='ocrx_word' id='word_1_752' title='bbox 1777 5822 1874 5884; x_wconf 62' lang='lat' dir='ltr'><strong>lib:</strong></span> <span class='ocrx_word' id='word_1_753' title='bbox 1899 5846 1953 5894; x_wconf 77' lang='grc' dir='ltr'><strong>ν,</strong></span> 
     </span>
    </p>
   </div>
   <div class='ocr_carea' id='block_1_107' title="bbox 362 5905 586 5958">
    <p class='ocr_par' dir='ltr' id='par_1_107' title="bbox 362 5905 586 5958">
     <span class='ocr_line' id='line_1_107' title="bbox 362 5905 586 5958; baseline -0.009 -13"><span class='ocrx_word' id='word_1_754' title='bbox 362 5905 496 5958; x_wconf 86' lang='lat' dir='ltr'><strong>cap.</strong></span> <span class='ocrx_word' id='word_1_755' title='bbox 532 5905 586 5944; x_wconf 85' lang='grc' dir='ltr'>ο.</span> 
     </span>
    </p>
   </div>
   <div class='ocr_carea' id='block_1_108' title="bbox 2149 4926 3662 4998">
    <p class='ocr_par' dir='ltr' id='par_1_108' title="bbox 2149 4926 3662 4998">
     <span class='ocr_line' id='line_1_108' title="bbox 2149 4926 3662 4998; baseline 0.001 -15"><span class='ocrx_word' id='word_1_756' title='bbox 2149 4927 2263 4998; x_wconf 75' lang='lat'><strong>(52)</strong></span> <span class='ocrx_word' id='word_1_757' title='bbox 2297 4930 2760 4997; x_wconf 76' lang='grc' dir='ltr'>Παραπεσόντες</span> <span class='ocrx_word' id='word_1_758' title='bbox 2788 4926 2902 4986; x_wconf 82' lang='grc' dir='ltr'><strong>οὖν</strong></span> <span class='ocrx_word' id='word_1_759' title='bbox 2927 4931 3025 4984; x_wconf 81' lang='grc' dir='ltr'>καὶ</span> <span class='ocrx_word' id='word_1_760' title='bbox 3056 4931 3374 4998; x_wconf 80' lang='grc' dir='ltr'>θύσαντες.</span> <span class='ocrx_word' id='word_1_761' title='bbox 3415 4930 3662 4986; x_wconf 83' lang='lat' dir='ltr'><strong>Tametsi</strong></span> 
     </span>
    </p>
   </div>
   <div class='ocr_carea' id='block_1_109' title="bbox 2075 4998 3662 5071">
    <p class='ocr_par' dir='ltr' id='par_1_109' title="bbox 2075 4998 3662 5071">
     <span class='ocr_line' id='line_1_109' title="bbox 2075 4998 3662 5071; baseline 0.001 -19"><span class='ocrx_word' id='word_1_762' title='bbox 2075 4998 2432 5071; x_wconf 71' lang='lat' dir='ltr'><strong>impetrandae</strong></span> <span class='ocrx_word' id='word_1_763' title='bbox 2491 5001 2836 5071; x_wconf 13' lang='lat' dir='ltr'><strong>rpmnitentia:</strong></span> <span class='ocrx_word' id='word_1_764' title='bbox 2897 5016 3064 5054; x_wconf 87' lang='lat' dir='ltr'><strong>causa</strong></span> <span class='ocrx_word' id='word_1_765' title='bbox 3119 5002 3185 5055; x_wconf 90' lang='lat' dir='ltr'><strong>ad</strong></span> <span class='ocrx_word' id='word_1_766' title='bbox 3247 5010 3517 5071; x_wconf 88' lang='lat' dir='ltr'><strong>martyres</strong></span> <span class='ocrx_word' id='word_1_767' title='bbox 3579 5002 3662 5054; x_wconf 87' lang='lat' dir='ltr'><strong>id—</strong></span> 
     </span>
    </p>
   </div>
   <div class='ocr_carea' id='block_1_110' title="bbox 2075 5068 3656 5141">
    <p class='ocr_par' dir='ltr' id='par_1_110' title="bbox 2075 5068 3656 5141">
     <span class='ocr_line' id='line_1_110' title="bbox 2075 5068 3656 5141; baseline 0.001 -21"><span class='ocrx_word' id='word_1_768' title='bbox 2075 5068 2227 5141; x_wconf 82' lang='lat' dir='ltr'><strong>circo</strong></span> <span class='ocrx_word' id='word_1_769' title='bbox 2282 5069 2597 5141; x_wconf 79' lang='lat' dir='ltr'><strong>confugisse</strong></span> <span class='ocrx_word' id='word_1_770' title='bbox 2641 5072 2813 5124; x_wconf 87' lang='lat' dir='ltr'><strong>videri</strong></span> <span class='ocrx_word' id='word_1_771' title='bbox 2873 5072 3106 5138; x_wconf 86' lang='lat' dir='ltr'><strong>possint,</strong></span> <span class='ocrx_word' id='word_1_772' title='bbox 3161 5073 3304 5141; x_wconf 92' lang='lat' dir='ltr'><strong>quod</strong></span> <span class='ocrx_word' id='word_1_773' title='bbox 3363 5068 3527 5126; x_wconf 84' lang='lat' dir='ltr'><strong>iidem</strong></span> <span class='ocrx_word' id='word_1_774' title='bbox 3579 5073 3656 5123; x_wconf 92' lang='lat' dir='ltr'><strong>illi</strong></span> 
     </span>
    </p>
   </div>
   <div class='ocr_carea' id='block_1_111' title="bbox 2073 5137 3657 5210">
    <p class='ocr_par' dir='ltr' id='par_1_111' title="bbox 2073 5137 3657 5210">
     <span class='ocr_line' id='line_1_111' title="bbox 2073 5137 3657 5210; baseline 0 -18"><span class='ocrx_word' id='word_1_775' title='bbox 2073 5138 2315 5210; x_wconf 85' lang='lat' dir='ltr'><strong>episcopi</strong></span> <span class='ocrx_word' id='word_1_776' title='bbox 2342 5137 2544 5203; x_wconf 77' lang='lat' dir='ltr'><strong>forent,</strong></span> <span class='ocrx_word' id='word_1_777' title='bbox 2575 5155 2604 5192; x_wconf 88' lang='lat' dir='ltr'><strong>a</strong></span> <span class='ocrx_word' id='word_1_778' title='bbox 2631 5141 2836 5210; x_wconf 89' lang='lat' dir='ltr'><strong>quibus</strong></span> <span class='ocrx_word' id='word_1_779' title='bbox 2859 5137 2909 5193; x_wconf 87' lang='lat' dir='ltr'><strong>id</strong></span> <span class='ocrx_word' id='word_1_780' title='bbox 2939 5137 3383 5196; x_wconf 46' lang='lat' dir='ltr'><strong>obtineri—debuit</strong></span> <span class='ocrx_word' id='word_1_781' title='bbox 3409 5161 3422 5195; x_wconf 88' lang='lat'>:</span> <span class='ocrx_word' id='word_1_782' title='bbox 3454 5141 3657 5194; x_wconf 86' lang='lat' dir='ltr'><strong>nihilo-</strong></span> 
     </span>
    </p>
   </div>
   <div class='ocr_carea' id='block_1_112' title="bbox 2073 5209 3650 5280">
    <p class='ocr_par' dir='ltr' id='par_1_112' title="bbox 2073 5209 3650 5280">
     <span class='ocr_line' id='line_1_112' title="bbox 2073 5209 3650 5280; baseline 0.001 -20"><span class='ocrx_word' id='word_1_783' title='bbox 2073 5209 2256 5262; x_wconf 91' lang='lat' dir='ltr'><strong>minus</strong></span> <span class='ocrx_word' id='word_1_784' title='bbox 2284 5218 2519 5280; x_wconf 82' lang='lat' dir='ltr'><strong>veterem</strong></span> <span class='ocrx_word' id='word_1_785' title='bbox 2551 5210 2617 5263; x_wconf 88' lang='lat' dir='ltr'><strong>ad</strong></span> <span class='ocrx_word' id='word_1_786' title='bbox 2653 5209 2818 5264; x_wconf 83' lang='lat' dir='ltr'><strong>ritum</strong></span> <span class='ocrx_word' id='word_1_787' title='bbox 2862 5210 3116 5266; x_wconf 78' lang='lat' dir='ltr'><strong>fortassis</strong></span> <span class='ocrx_word' id='word_1_788' title='bbox 3169 5212 3320 5265; x_wconf 92' lang='lat' dir='ltr'><strong>istud</strong></span> <span class='ocrx_word' id='word_1_789' title='bbox 3371 5213 3650 5280; x_wconf 86' lang='lat' dir='ltr'><strong>pertinet;</strong></span> 
     </span>
    </p>
   </div>
   <div class='ocr_carea' id='block_1_113' title="bbox 2075 5279 3648 5350">
    <p class='ocr_par' dir='ltr' id='par_1_113' title="bbox 2075 5279 3648 5350">
     <span class='ocr_line' id='line_1_113' title="bbox 2075 5279 3648 5350; baseline 0.001 -19"><span class='ocrx_word' id='word_1_790' title='bbox 2075 5292 2186 5350; x_wconf 74' lang='lat' dir='ltr'><strong>quo</strong></span> <span class='ocrx_word' id='word_1_791' title='bbox 2221 5280 2404 5348; x_wconf 91' lang='lat' dir='ltr'><strong>lapsos</strong></span> <span class='ocrx_word' id='word_1_792' title='bbox 2455 5279 2523 5333; x_wconf 90' lang='lat' dir='ltr'><strong>ad</strong></span> <span class='ocrx_word' id='word_1_793' title='bbox 2550 5288 2818 5350; x_wconf 87' lang='lat' dir='ltr'><strong>martyres</strong></span> <span class='ocrx_word' id='word_1_794' title='bbox 2858 5281 3061 5334; x_wconf 85' lang='lat' dir='ltr'><strong>adiisse</strong></span> <span class='ocrx_word' id='word_1_795' title='bbox 3103 5282 3337 5344; x_wconf 90' lang='lat' dir='ltr'><strong>scimus,</strong></span> <span class='ocrx_word' id='word_1_796' title='bbox 3371 5279 3427 5332; x_wconf 81' lang='lat' dir='ltr'><strong>ut</strong></span> <span class='ocrx_word' id='word_1_797' title='bbox 3482 5281 3552 5333; x_wconf 89' lang='lat' dir='ltr'><strong>ab</strong></span> <span class='ocrx_word' id='word_1_798' title='bbox 3579 5281 3648 5332; x_wconf 88' lang='lat' dir='ltr'><strong>iis</strong></span> 
     </span>
    </p>
   </div>
   <div class='ocr_carea' id='block_1_114' title="bbox 2075 5347 3648 5419">
    <p class='ocr_par' dir='ltr' id='par_1_114' title="bbox 2075 5347 3648 5419">
     <span class='ocr_line' id='line_1_114' title="bbox 2075 5347 3648 5419; baseline -0.001 -18"><span class='ocrx_word' id='word_1_799' title='bbox 2075 5347 2291 5419; x_wconf 84' lang='lat' dir='ltr'><strong>libellos</strong></span> <span class='ocrx_word' id='word_1_800' title='bbox 2319 5365 2406 5419; x_wconf 9' lang='lat' dir='ltr'><strong>ac,</strong></span> <span class='ocrx_word' id='word_1_801' title='bbox 2437 5350 2646 5405; x_wconf 85' lang='lat' dir='ltr'><strong>litteras</strong></span> <span class='ocrx_word' id='word_1_802' title='bbox 2686 5347 2754 5404; x_wconf 81' lang='lat' dir='ltr'><strong>ad</strong></span> <span class='ocrx_word' id='word_1_803' title='bbox 2800 5349 3073 5405; x_wconf 87' lang='lat' dir='ltr'><strong>antistites</strong></span> <span class='ocrx_word' id='word_1_804' title='bbox 3103 5359 3367 5419; x_wconf 89' lang='lat' dir='ltr'><strong>peterent,</strong></span> <span class='ocrx_word' id='word_1_805' title='bbox 3405 5365 3648 5419; x_wconf 87' lang='lat' dir='ltr'><strong>quorum</strong></span> 
     </span>
    </p>
   </div>
   <div class='ocr_carea' id='block_1_115' title="bbox 2066 5417 3646 5488">
    <p class='ocr_par' dir='ltr' id='par_1_115' title="bbox 2066 5417 3646 5488">
     <span class='ocr_line' id='line_1_115' title="bbox 2066 5417 3646 5488; baseline -0.001 -16"><span class='ocrx_word' id='word_1_806' title='bbox 2066 5417 2335 5488; x_wconf 77' lang='lat' dir='ltr'><strong>beneﬁcio</strong></span> <span class='ocrx_word' id='word_1_807' title='bbox 2396 5418 2450 5472; x_wconf 89' lang='lat' dir='ltr'><strong>in</strong></span> <span class='ocrx_word' id='word_1_808' title='bbox 2501 5419 2771 5488; x_wconf 86' lang='lat' dir='ltr'><strong>integrum</strong></span> <span class='ocrx_word' id='word_1_809' title='bbox 2819 5417 3258 5475; x_wconf 80' lang='lat' dir='ltr'><strong>restituerentur.</strong></span> <span class='ocrx_word' id='word_1_810' title='bbox 3316 5420 3390 5473; x_wconf 87' lang='lat' dir='ltr'><strong>De</strong></span> <span class='ocrx_word' id='word_1_811' title='bbox 3422 5417 3646 5488; x_wconf 40' lang='lat' dir='ltr'><strong>“quibus</strong></span> 
     </span>
    </p>
   </div>
   <div class='ocr_carea' id='block_1_116' title="bbox 2065 5486 3646 5559">
    <p class='ocr_par' dir='ltr' id='par_1_116' title="bbox 2065 5486 3646 5559">
     <span class='ocr_line' id='line_1_116' title="bbox 2065 5486 3646 5559; baseline 0 -19"><span class='ocrx_word' id='word_1_812' title='bbox 2065 5486 2326 5558; x_wconf 79' lang='lat' dir='ltr'><strong>frequens</strong></span> <span class='ocrx_word' id='word_1_813' title='bbox 2349 5497 2435 5544; x_wconf 83' lang='lat' dir='ltr'><strong>est</strong></span> <span class='ocrx_word' id='word_1_814' title='bbox 2464 5486 3007 5559; x_wconf 46' lang='lat' dir='ltr'><strong>apud—Cyprianum,</strong></span> <span class='ocrx_word' id='word_1_815' title='bbox 3041 5491 3265 5546; x_wconf 90' lang='lat' dir='ltr'><strong>Tertull.</strong></span> <span class='ocrx_word' id='word_1_816' title='bbox 3301 5506 3365 5543; x_wconf 87' lang='lat' dir='ltr'><strong>ac</strong></span> <span class='ocrx_word' id='word_1_817' title='bbox 3413 5486 3646 5542; x_wconf 54' lang='lat' dir='ltr'><strong>creterris</strong></span> 
     </span>
    </p>
   </div>
   <div class='ocr_carea' id='block_1_117' title="bbox 2061 5562 2287 5615">
    <p class='ocr_par' dir='ltr' id='par_1_117' title="bbox 2061 5562 2287 5615">
     <span class='ocr_line' id='line_1_117' title="bbox 2061 5562 2287 5615; baseline 0.018 -4"><span class='ocrx_word' id='word_1_818' title='bbox 2061 5562 2287 5615; x_wconf 88' lang='lat' dir='ltr'><strong>mentio.</strong></span> 
     </span>
    </p>
   </div>
   <div class='ocr_carea' id='block_1_118' title="bbox 2141 5692 3651 5774">
    <p class='ocr_par' dir='ltr' id='par_1_118' title="bbox 2141 5692 3651 5774">
     <span class='ocr_line' id='line_1_118' title="bbox 2141 5692 3651 5774; baseline 0.009 -31"><span class='ocrx_word' id='word_1_819' title='bbox 2141 5692 2254 5774; x_wconf 52' lang='grc' dir='ltr'><strong>(ὅςῆ)</strong></span> <span class='ocrx_word' id='word_1_820' title='bbox 2397 5693 2526 5761; x_wconf 81' lang='grc' dir='ltr'><strong>μὴν</strong></span> <span class='ocrx_word' id='word_1_821' title='bbox 2551 5698 2654 5774; x_wconf 62' lang='grc' dir='ltr'><strong>ὶγα</strong></span> <span class='ocrx_word' id='word_1_822' title='bbox 2677 5699 2936 5774; x_wconf 76' lang='grc' dir='ltr'>ἕκαστος</span> <span class='ocrx_word' id='word_1_823' title='bbox 2957 5697 3229 5774; x_wconf 68' lang='grc' dir='ltr'>ὃεξιωθῇ.</span> <span class='ocrx_word' id='word_1_824' title='bbox 3274 5701 3469 5774; x_wconf 82' lang='lat' dir='ltr'><strong>Clerici</strong></span> <span class='ocrx_word' id='word_1_825' title='bbox 3507 5711 3651 5774; x_wconf 80' lang='lat' dir='ltr'><strong>post</strong></span> 
     </span>
    </p>
   </div>
   <div class='ocr_carea' id='block_1_119' title="bbox 2065 5766 3644 5832">
    <p class='ocr_par' dir='ltr' id='par_1_119' title="bbox 2065 5766 3644 5832">
     <span class='ocr_line' id='line_1_119' title="bbox 2065 5766 3644 5832; baseline 0.009 -20"><span class='ocrx_word' id='word_1_826' title='bbox 2065 5766 2441 5828; x_wconf 67' lang='lat' dir='ltr'><strong>paenitentiam</strong></span> <span class='ocrx_word' id='word_1_827' title='bbox 2496 5766 2770 5832; x_wconf 88' lang='lat' dir='ltr'><strong>publicam</strong></span> <span class='ocrx_word' id='word_1_828' title='bbox 2829 5769 2896 5820; x_wconf 88' lang='lat' dir='ltr'><strong>ad</strong></span> <span class='ocrx_word' id='word_1_829' title='bbox 2946 5771 3389 5824; x_wconf 82' lang='lat' dir='ltr'><strong>communionem</strong></span> <span class='ocrx_word' id='word_1_830' title='bbox 3447 5766 3644 5826; x_wconf 66' lang='lat' dir='ltr'><strong>laiieam</strong></span> 
     </span>
    </p>
   </div>
   <div class='ocr_carea' id='block_1_120' title="bbox 2064 5836 3643 5910">
    <p class='ocr_par' dir='ltr' id='par_1_120' title="bbox 2064 5836 3643 5910">
     <span class='ocr_line' id='line_1_120' title="bbox 2064 5836 3643 5910; baseline 0.009 -29"><span class='ocrx_word' id='word_1_831' title='bbox 2064 5845 2459 5910; x_wconf 74' lang='lat' dir='ltr'><strong>nonnunquam</strong></span> <span class='ocrx_word' id='word_1_832' title='bbox 2479 5836 2706 5910; x_wconf 78' lang='lat' dir='ltr'><strong>redacti.</strong></span> <span class='ocrx_word' id='word_1_833' title='bbox 2728 5836 2876 5891; x_wconf 79' lang='lat' dir='ltr'><strong>Alias</strong></span> <span class='ocrx_word' id='word_1_834' title='bbox 2895 5839 3099 5893; x_wconf 89' lang='lat' dir='ltr'><strong>honore</strong></span> <span class='ocrx_word' id='word_1_835' title='bbox 3113 5855 3175 5893; x_wconf 86' lang='lat' dir='ltr'><strong>ac</strong></span> <span class='ocrx_word' id='word_1_836' title='bbox 3193 5840 3454 5910; x_wconf 80' lang='lat' dir='ltr'><strong>dignitate</strong></span> <span class='ocrx_word' id='word_1_837' title='bbox 3470 5843 3643 5906; x_wconf 82' lang='lat' dir='ltr'><strong>salva,</strong></span> 
     </span>
    </p>
   </div>
   <div class='ocr_carea' id='block_1_121' title="bbox 2067 5900 3644 5970">
    <p class='ocr_par' dir='ltr' id='par_1_121' title="bbox 2067 5900 3644 5970">
     <span class='ocr_line' id='line_1_121' title="bbox 2067 5900 3644 5970; baseline 0.012 -18"><span class='ocrx_word' id='word_1_838' title='bbox 2067 5903 2136 5952; x_wconf 87' lang='lat' dir='ltr'><strong>ab</strong></span> <span class='ocrx_word' id='word_1_839' title='bbox 2165 5905 2310 5956; x_wconf 89' lang='lat' dir='ltr'><strong>onmi</strong></span> <span class='ocrx_word' id='word_1_840' title='bbox 2331 5900 2611 5959; x_wconf 72' lang='lat' dir='ltr'><strong>iunctione</strong></span> <span class='ocrx_word' id='word_1_841' title='bbox 2633 5905 2900 5961; x_wconf 76' lang='lat' dir='ltr'><strong>duntaxat</strong></span> <span class='ocrx_word' id='word_1_842' title='bbox 2928 5919 2981 5962; x_wconf 86' lang='lat' dir='ltr'><strong>et</strong></span> <span class='ocrx_word' id='word_1_843' title='bbox 3000 5900 3471 5966; x_wconf 73' lang='lat' dir='ltr'><strong>administratione</strong></span> <span class='ocrx_word' id='word_1_844' title='bbox 3516 5900 3644 5970; x_wconf 56' lang='lat' dir='ltr'><strong>sub;</strong></span> 
     </span>
    </p>
   </div>
  </div>
