4138 6396
447 381 552 440 13Ὶ

1861 393 1920 449 S.
1962 391 2308 450 EPIPHANII

3625 388 3737 451 188

447 503 542 560 sed
581 510 639 560 ut
668 515 791 574 post
821 506 1042 577 aliquod
1080 516 1296 579 tempus
1332 510 1399 564 ad
1458 510 1755 568 Ecclesium
1794 529 1860 568 ac
1886 530 2032 570 com-

2147 519 2263 590 ίδίῳ
2288 517 2498 588 κλήρῳ,
2531 512 2667 568 ἀλλὰ
2695 511 2833 584 μετὰ
2860 512 3052 584 χρόνου
3087 512 3367 584 διάστημα
3403 510 3734 579 συνάγεσθαι

445 598 762 652 munionem
786 599 1066 656 admissus
1094 601 1148 654 in
1183 603 1394 672 reliqua
1423 605 1609 674 populi
1659 606 2034 672 multitudine,

445 704 556 742 non
613 691 755 745 inter
809 693 1048 763 reliquos
1097 706 1436 750 censeretur.
1491 696 1728 767 Eratque
1781 697 1917 762 haec,
1956 699 2035 754 uti

443 779 578 842 dixi,
619 797 648 834 a
705 783 952 841 veritatis
981 800 1170 842 amore
1199 787 1481 856 profecta,
1522 797 1576 843 et
1616 789 1788 844 divini
1819 790 2035 846 ardoris

442 875 760 944 plenissima
800 879 960 934 ratio.

519 965 603 1019 Ill.
633 963 836 1020 Contra
869 969 1255 1026 sanctissimus
1287 971 1502 1038 Petrus,
1537 980 1725 1042 utpote
1761 973 2033 1044 benignus

445 1071 509 1110 ac
540 1056 875 1123 misericors,
916 1069 970 1115 et
1003 1062 1148 1116 velut
1181 1065 1493 1118 communis
1518 1066 1762 1118 omnium
1808 1081 2030 1136 parens,

444 1147 532 1204 his
553 1150 675 1204 illos
704 1153 889 1207 verbis
910 1154 1238 1210 obsecrabat
1265 1157 1666 1212 :Admittamus
1686 1158 1830 1221 illos,
1859 1173 2032 1228 quan-

442 1243 737 1313 doquidem
767 1247 976 1314 peccati
1013 1263 1108 1302 eos
1140 1248 1385 1317 panitet,
1419 1265 1483 1304 ac
1514 1251 1894 1320 pmniteutiam
1923 1251 2033 1306 illis

440 1335 865 1400 constituamus,
888 1345 947 1392 ut
984 1339 1052 1393 ad
1085 1339 1383 1394 Ecclesiam
1412 1341 1708 1406 assideant,
1742 1356 1918 1410 neque
1940 1349 2034 1395 aut.

441 1424 616 1496 ipsos,
637 1436 731 1480 aut
754 1428 986 1484 clericos
1018 1445 1338 1485 aversemur
1357 1431 1466 1500 (his
1489 1432 1633 1486 enim
1668 1431 1849 1486 verbis
1871 1447 2031 1485 usum

439 1534 562 1574 esse
602 1521 876 1575 constanti
943 1519 1088 1575 fama
1132 1522 1471 1594 didicimus),
1515 1539 1583 1578 Ie
1631 1535 1683 1579 et
1719 1523 1948 1594 pudore,
1978 1532 2034 1578 et

439 1609 706 1665 dilatione
736 1612 828 1665 illa
858 1614 1140 1684 temporis,
1172 1616 1266 1684 qui
1298 1617 1466 1670 semel
1513 1631 1624 1685 prae
1663 1616 2035 1673 imbecillitate

439 1709 494 1754 et
521 1703 734 1772 ignavia
773 1718 804 1757 a
841 1704 1061 1759 diabolo
1104 1708 1358 1761 concussi
1411 1721 1477 1760 ac
1529 1707 1841 1762 labefactati
1881 1716 2030 1775 sunt,

441 1792 658 1861 penitus
712 1793 1048 1860 desciscant,
1107 1810 1209 1848 nec
1282 1795 1581 1849 remedium
1640 1796 1808 1848 ullum
1875 1796 2033 1849 adhi-

2139 612 2196 663 ἐν
2224 613 2292 680 τῇ
2331 605 2631 676 Ἐκκλησία
2659 606 2753 658 καὶ
2781 605 2839 658 ἐν
2862 606 2929 674 τῇ
2961 605 3240 676 κοινωνίᾳ,
3273 605 3331 657 ἐν
3362 603 3441 674 τῷ
3467 605 3731 674 τάγματι,

2137 703 2232 756 καὶ¹
2259 701 2360 754 οὐκ
2380 702 2437 753 ἐν
2455 699 2698 769 κλήροις.
2725 697 2836 750 Καὶ
2860 692 2933 768 ἦν
2963 697 3260 768 φιλάληθες
3286 697 3381 750 καὶ
3401 695 3564 768 ζήλου
3590 695 3730 766 πλῆ-

2139 811 2232 866 ρες
2260 810 2438 848 τουτο.

2205 970 2280 1024 l".
2323 971 2381 1023 ὐ
2419 970 2477 1023 δέ
2506 967 2815 1037 ἀγιώτατος
2850 967 3078 1039 Πέτρος,
3107 964 3482 1035 εὔσπλαγχνος
3510 964 3608 1027 ὣν,
3634 963 3727 1015 καὶ

2135 1063 2211 1127 ὡς
2249 1063 2432 1133 πατὴρ
2466 1061 2686 1114 πάντων
2729 1061 3014 1132 ὑπάρχων,
3059 1059 3238 1112 ἐδέετο
3279 1058 3374 1111 καὶ
3403 1055 3726 1109 καθικέτευε

2133 1153 2327 1221 λέγων·
2363 1150 2654 1221 Δεξώμεθα
2688 1151 2886 1211 αὐτοὺς
2916 1147 3332 1221 μετανοοῦντας,
3357 1147 3451 1200 καὶ
3476 1145 3726 1215 τάξωμεν

2135 1249 2318 1310 αὐτοῖς
2353 1247 2643 1317 μετάνοιαν
2669 1247 2748 1309 είς
2781 1245 2841 1298 τὺ
2879 1241 3360 1316 παρακαθέζεσθαι
3391 1243 3454 1311 τῇ
3495 1239 3724 1308 Ἐκκλη-

2137 1335 2248 1407 σίᾳ,
2280 1337 2375 1389 καὶ
2403 1335 2478 1407 μὴ
2502 1335 2941 1406 ἀποστρέψωμεν
2965 1332 3182 1396 αὐτοὺς,
3212 1332 3352 1402 μήτε
3385 1331 3476 1383 τὸν
3499 1328 3718 1399 κλῆρον,

2135 1427 2210 1492 ὡς
2240 1430 2268 1480 6
2292 1430 2372 1492 είς
2399 1431 2550 1498 ἡμᾶς
2590 1426 2759 1480 ἐλθὼν
2789 1426 2945 1495 λόγος
2983 1425 3248 1496 περιέχει,
3286 1424 3493 1494 μήποτε
3534 1424 3614 1484 είς
3641 1423 3724 1473 ai-

2137 1520 2338 1591 σχύνην
2380 1521 2474 1574 καὶ
2507 1520 2595 1574 διὰ
2634 1519 2916 1592 παρολκὴν
2956 1518 3050 1572 τοῦ
3085 1518 3276 1589 χρόνου
3321 1517 3371 1568 οί
3420 1514 3568 1580 ἅπαξ
3617 1512 3723 1567 ὑπὸ

2135 1613 2430 1685 ἀνανδρίας
2459 1613 2554 1665 καὶ
2596 1611 2881 1672 ἀσθενείας
2919 1609 3023 1662 ὑπὸ
3049 1608 3295 1662 διαϐόλου
3324 1605 3722 1668 ἐπισεισθέντες

2137 1705 2231 1757 καὶ
2261 1703 2768 1774 παρασαλευόμενοι
2789 1701 3012 1764 τελείως
3043 1699 3382 1770 ἐκτραπῶσι,
3407 1698 3502 1751 καὶ
3533 1697 3606 1768 μὴ
3638 1699 3721 1749 ία-

2138 1795 2322 1848 θῶσινο
2367 1796 2443 1859 ὡς
2488 1794 2631 1848 κατά
2676 1794 2736 1847 τὸ
2764 1792 3192 1865 γεγραμμένον·
3220 1791 3311 1861 Μὴ
3369 1789 3719 1861 ἐκτραπῆναι

441 1882 628 1949 beant,
679 1885 1142 1952 quemadmodum
1175 1901 1368 1941 sacrae
1417 1884 1639 1941 Littera:
1676 1887 2032 1957 praecipiunt:

2140 1887 2201 1940 τὸ
2243 1887 2438 1958 χωλὸν,
2474 1887 2691 1958 ἰαθῆναι
2738 1887 2798 1940 δὲ
2853 1885 3073 1957 μᾶλλον.
3115 1883 3224 1936 Καὶ
3273 1878 3340 1954 ἦν
3371 1881 3467 1953 μέν
3489 1880 3582 1934 τοῦ
3610 1880 3718 1933 Πέ-

438 1972 559 2029 Νοη
578 1977 815 2044 perverti
881 1977 1163 2040 claudum,
1211 1977 1307 2032 sed
1360 1978 1542 2032 sanari
1599 1978 1804 2048 potius.
1843 1977 2037 2044 Quam-

439 2064 632 2121 obrem
673 2065 818 2121 Petri
851 2069 1070 2137 quidem
1103 2073 1281 2123 oratio
1304 2070 1371 2124 ad
1401 2071 1745 2126 clementiam
1781 2071 2036 2126 humani-

439 2163 716 2228 tatemque
738 2161 1043 2228 spectabat,
1082 2161 1281 2217 Meletii
1323 2178 1452 2217 vero
1496 2178 1560 2217 ac
1600 2162 1878 2218 fautorum
1912 2165 2034 2232 ejus

439 2247 713 2316 veritatis,
747 2265 814 2307 ac
843 2249 1013 2305 divini
1046 2253 1261 2308 ardoris
1285 2254 1654 2324 patrocinium
1689 2268 2028 2327 susceperat.

438 2336 577 2392 Cum
605 2354 736 2411 ergo
769 2356 800 2394 a
835 2357 893 2396 se
917 2342 1150 2399 invicem
1179 2344 1396 2401 diversa
1427 2348 1716 2414 sentirent,
1746 2364 1813 2402 ex
1835 2365 2028 2404 eorum

439 2445 563 2500 quae
594 2432 856 2502 utrinque
887 2435 974 2504 pic
1017 2451 1082 2491 ac
1123 2438 1378 2508 religiose
1421 2438 1840 2510 proferebantur
1873 2457 2035 2496 occa-

439 2524 595 2578 sione
636 2532 692 2578 et
727 2526 910 2595 specie
937 2527 1175 2583 schisma
1202 2529 1498 2585 conflatum
1530 2540 1633 2588 est.
1669 2533 1878 2588 Etenim
1914 2535 2020 2589 Pe-

438 2619 560 2669 trus
594 2617 1045 2689 archiepiscopus
1086 2635 1212 2674 cum
1254 2625 2030 2683 animadverteretconsilium

439 2722 603 2761 suum
642 2707 1003 2766 humanitatis
1042 2713 1420 2782 plenissimum
1467 2716 1774 2774 Meletianis
1807 2719 2032 2775 minime

438 2798 733 2868 placuisse.
784 2799 932 2870 quod
978 2802 1288 2859 ardentiore
1340 2805 1510 2860 divini
1578 2807 1805 2862 honoris
1847 2808 2031 2863 studio

444 2888 762 2960 ﬂagrarent,
800 2892 981 2948 medio
1001 2894 1055 2948 in
1078 2909 1298 2950 carcere
1327 2897 1572 2966 pallium,
1603 2899 1745 2968 quod
1775 2899 2030 2954 lodicium

441 2979 664 3048 dicitur,
698 2983 801 3038 veli
842 2983 1018 3039 instat:
1062 2987 1402 3058 oppandens,
1431 2990 1754 3059 proclamari
1793 2990 2030 3045 adiaco-

440 3089 513 3129 no
539 3075 704 3143 jussit
738 3092 750 3126 :
789 3075 892 3142 Qui
916 3092 1126 3132 mecum
1159 3081 1424 3144 sentiunt,
1447 3081 1633 3136 hucad
1662 3098 1747 3138 me
1775 3084 2028 3146 veniant;

442 3165 753 3235 quiMeletii
780 3169 1025 3237 opinioni
1065 3168 1268 3235 favent,
1296 3172 1363 3228 ad
1389 3172 1683 3228 Meletiuut.
1711 3172 1867 3240 Quod
1887 3190 2013 3229 cum

2138 1995 2268 2049 τρου
2294 1981 2322 2032 6
2343 1978 2499 2048 λόγος
2523 1979 2663 2049 ὑπὲρ
2698 1978 2882 2041 ἐλέους
2912 1978 3006 2030 καὶ
3042 1975 3472 2046 φιλανθρωπίας,
3499 1973 3593 2026 καὶ
3623 1972 3719 2026 τοῦ

2136 2069 2432 2142 Μελητίου,
2463 2072 2558 2124 καὶ
2580 2071 2689 2124 τῶν
2715 2072 2830 2142 ἆμα
2861 2069 3030 2141 αὐτῷ,
3056 2070 3195 2140 ὑπὲρ
3223 2068 3478 2139 ἀληθείας
3511 2066 3602 2119 καὶ
3627 2066 3720 2135 ςή-

2135 2167 2248 2222 λου.
2291 2168 2567 2221 Ἐντεῦθεν
2593 2168 2681 2221 διὰ
2698 2167 2794 2220 τοῦ
2823 2165 3113 2237 προσώπου
3140 2165 3239 2233 τῆς
3262 2163 3369 2217 ἀπὸ
3395 2160 3719 2232 ἀμφοτέρων

2133 2259 2397 2330 δοκούσης
2432 2259 2692 2322 εὐσεϐοῦς
2721 2257 3034 2320 ὑποθέσεως
3064 2256 3124 2308 τὸ
3159 2254 3363 2324 σχίσμα
3407 2252 3716 2323 γεγένηται,

2133 2348 2243 2402 τῶν
2281 2348 2378 2419 μέν
2412 2348 2571 2402 τοῦτο
2607 2347 2944 2417 φασκόντων,
2992 2344 3102 2397 τῶν
3139 2344 3195 2396 δέ
3225 2342 3401 2396 τοῦτο.
3441 2342 3569 2395 Ὅτε
3608 2343 3718 2410 γὰρ

2133 2435 2273 2495 εἶδεν
2303 2441 2346 2505 ,ὁ
2388 2439 2821 2512 ἀρχιεπίσκοπος
2871 2438 3098 2510 Πέτρος,
3148 2438 3230 2490 ὅτι
3271 2435 3606 2504 ἀντέστησαν
3648 2436 3716 2504 τῇ

2135 2531 2298 2603 βουλῇ
2321 2532 2422 2601 τῆς
2448 2530 2612 2585 αὑτοῦ
2635 2529 3046 2602 φιλανθρωπίας
3076 2531 3124 2582 ei
3153 2529 3280 2599 περὶ
3301 2526 3392 2580 τὸν
3421 2527 3715 2597 Μελήτιον,

2132 2623 2280 2693 ζήλῳ
2311 2621 2476 2692 θεὶκῷ
2508 2621 2912 2692 περισσοτέρως
2957 2619 3267 2690 φερόμενοι,
3313 2615 3716 2686 καταπέτασμα

2130 2714 2292 2777 αὐτὸς
2320 2716 2348 2766 ό
2374 2714 2577 2784 Πέτρος
2614 2712 2837 2781 ἐποίησε
2871 2711 3033 2780 μέσον
3063 2711 3163 2779 τῆς
3193 2707 3461 2778 φυλακῆς,
3500 2708 3718 2778 ἱμάτιον

2131 2806 2460 2871 ἐκπετάσας,
2487 2804 2728 2859 τουτέστι
2757 2803 3028 2865 λωδίκιον,
3070 2802 3168 2855 εἴτ’
3203 2798 3296 2854 οὖν
3323 2799 3546 2854 πάλλιον
3567 2800 3710 2868 (δι),

2129 2898 2226 2952 καὶ
2258 2894 2501 2970 κηρύξας
2542 2896 2791 2950 διακόνου
2822 2895 2862 2966 ⁸.,
2911 2895 2992 2947 ὅτι
3030 2894 3240 2956 υἴτινές
3281 2893 3388 2945 είσι
3429 2893 3528 2962 τῆς
3574 2891 3716 2963 ἐμῆς

2129 2991 2372 3061 γνώμης.
2428 2986 2846 3059 παρελθέτωσαν
2894 2985 3030 3054 πρὸς
3085 2986 3172 3056 μέ·
3230 2985 3324 3038 καὶ
3371 2984 3566 3046 οἵτινες
3619 2983 3716 3054 τῆς

2129 3081 2399 3152 Μελητίου
2436 3080 2661 3150 γνώμης
2699 3077 3041 3147 τυγχάνουσι,
3093 3077 3234 3148 πρὸς
3273 3075 3563 3147 Μελήτιον.
3604 3075 3716 3132 Καὶ

2131 3173 2358 3247 διῃρέθη
2392 3172 2454 3224 τὸ
2485 3172 2582 3241 μὲν
2613 3169 2815 3239 πλῆθος
2851 3169 2967 3238 ἅμα
2991 3168 3266 3238 Μελητίῳ,
3301 3167 3615 3221 ἐπισκόπων
3635 3184 3717 3232 τε,

447 3256 523 3309 ita
555 3255 756 3312 factum
818 3268 983 3326 esset,
1017 3263 1194 3316 diviso
1226 3264 1281 3317 in
1327 3277 1510 3334 partes
1544 3267 1765 3335 populo,
1807 3269 2020 3337 episco:

2136 3243 2234 3319 καί
2250 3263 2517 3334 μοναχῶν,
2536 3263 2628 3315 καὶ
2650 3279 2751 3332 πρε
2761 3260 2919 3312 σϐυτέ
2930 3277 3057 3330 ρων,
3081 3259 3174 3311 καὶ
3195 3259 3369 3311 ἄλλων
3396 3257 3713 3329 ταγμάτωψ

453 3365 671 3420 porum,
738 3353 1131 3408 monachorum
1192 3363 1246 3411 et
1298 3359 1738 3427 presbyterorum
1796 3375 1859 3412 ac
1903 3360 2029 3413 reli—

444 3457 680 3511 quorum
713 3443 970 3498 ordinum
1005 3446 1180 3516 major
1202 3463 1464 3504 numerus
1504 3466 1624 3504 sese
1645 3450 1710 3504 ad
1754 3449 2027 3505 Meletium

449 3532 734 3600 adjunxit,
775 3535 939 3602 pauci
977 3535 1195 3604 quidem
1253 3538 1637 3608 episcoporum
1682 3547 1737 3592 et
1797 3540 2028 3594 aliorum

445 3621 669 3679 Petrum
705 3626 1178 3698 archiepiscopum
1218 3631 1391 3684 secuti
1438 3640 1585 3685 sunt.
1621 3631 1741 3697 Quo
1773 3647 1841 3686 ex
1892 3640 2030 3686 tem-

449 3731 586 3786 pore
626 3731 818 3786 preces
849 3734 912 3772 ac
943 3720 1212 3774 sacrificia
1270 3733 1606 3794 czeterasque
1651 3739 1842 3779 onmes
1874 3739 2036 3780 etcre-

449 3809 665 3863 monias
685 3811 922 3880 separati
956 3827 985 3865 a
1013 3828 1070 3867 se
1098 3812 1328 3868 invicem
1353 3816 1628 3870 obierunt.

522 3897 686 3967 719
741 3898 871 3954 Post
937 3900 1054 3954 haec
1113 3900 1310 3959 Petrus
1360 3906 1626 3975 martyrio
1673 3904 1902 3959 affectus
1924 3912 2029 3967 est,

449 3987 759 4043 Alexandro
829 4006 1148 4048 successore
1208 3995 1439 4059 relicto;
1488 3995 1575 4048 hic
1605 3995 1751 4049 enim
1788 4002 1912 4064 post
1938 3993 2033 4052 Pe-

450 4089 593 4136 trum
622 4081 1005 4139 Alexandrina:
1022 4085 1284 4142 Ecclesia:
1306 4089 1630 4158 praepositus
1653 4097 1756 4143 est.
1783 4086 2030 4140 Meletius

452 4188 584 4227 vero
604 4188 728 4228 cum
752 4176 875 4231 aliis
901 4178 1179 4248 plerisque
1213 4182 1520 4250 relegatus,
1563 4189 1617 4235 et
1657 4180 1724 4234 ad
1763 4179 2035 4233 Phantasia

452 4266 675 4320 metalla
731 4267 1024 4324 damnatus
1056 4279 1162 4326 est.
1193 4269 1326 4326 Post
1358 4272 1489 4326 illud
1533 4279 1749 4342 tempus
1787 4270 2036 4326 Meletius

527 4399 545 4432 ⁸
574 4398 704 4456 For.
729 4401 818 4455 διὰ
840 4401 980 4459 διακ.

2133 3359 2305 3427 ὀλίγοι
2342 3357 2399 3411 δέ
2446 3354 2724 3418 παντελῶς
2775 3353 2891 3423 ἅμα
2939 3351 3130 3423 Πέτρῳ
3163 3350 3242 3421 τῷ
3282 3350 3719 3421 ἀρχιεπισκόπῳ,

2137 3447 2427 3502 ἐπίσκοποί
2452 3464 2512 3498 τε
2535 3445 2627 3499 καὶ
2655 3443 2802 3498 ἄλλοι
2829 3442 3019 3510 ὀλίγοι.
3044 3441 3153 3494 Καὶ
3179 3440 3362 3494 λοιπὸν
3405 3432 3550 3492 οὗτοι
3596 3439 3714 3492 κατ’

2143 3540 2280 3593 ίδίαν
2311 3539 2558 3609 ηῦχοντο,
2590 3537 2682 3589 καὶ¹
2729 3527 2875 3588 οῦτοι
2922 3535 3040 3587 κατ’
3084 3533 3240 3597 ίδίαν,
3280 3533 3375 3586 καὶ
3418 3532 3517 3596 τὰς
3555 3531 3719 3594 ἄλλας

2139 3631 2448 3703 ἱερουργίας
2483 3627 2742 3692 ὡσαύτως
2770 3626 2999 3688 ἕκαστος
3033 3625 3139 3681 ἰδία
3167 3624 3432 3678 ἐπετέλει.

2208 3889 2419 3942 Γίνεται
2449 3887 2504 3940 δέ
2541 3887 2746 3958 Πέτρον
2772 3885 3116 3956 μαρτυρῆσαι
3141 3884 3274 3954 (55),
3307 3884 3402 3937 καὶ
3433 3883 3720 3954 ἐτελειώθη

2136 3984 2165 4036 6
2195 3981 2482 4052 μακάριος,
2521 3980 2761 4049 διάδοχον
2792 3977 3126 4048 καταλείψας
3171 3977 3516 4048 Ἀλέξανδρον
3554 3978 3610 4029 ἐν
3652 3980 3719 4048 τῇ

2152 4072 2548 4145 Ἀλεξανδρείᾳ.
2578 4072 2750 4135 Αὐτὸς
2773 4070 2881 4142 γὰρ
2909 4071 3210 4140 διαδέχεται
3239 4070 3331 4122 τὸν
3362 4069 3550 4140 θ’ρόνον
3581 4069 3723 4140 μετὰ

2141 4167 2232 4220 τὸν
2258 4165 2653 4236 προειρημένον
2681 4165 2907 4235 Πέτρον.
2933 4162 3204 4233 Μελήτιος
3224 4162 3279 4215 δὲ
3306 4163 3400 4214 καὶ
3422 4161 3570 4215 ἄλλοι
3593 4160 3723 4214 πολ-

2143 4259 2225 4312 λοὶ
2251 4256 2526 4330 ἐξορισμῷ
2556 4256 2849 4322 ὑπέπεσον,
2884 4254 3334 4327 ὑπερορισθέντες
3365 4256 3423 4307 ἐν
3449 4256 3564 4314 τοῖς
3591 4255 3722 4310 Φαι-

457 4559 790 4636 moti_sunt.
841 4562 1190 4636 Ancyranum
1221 4580 1398 4636 conc.
1439 4579 1563 4618 can.
1596 4566 1649 4630 l,
1685 4565 2036 4636 presbyteros
2071 4569 2114 4625 D
2140 4563 2234 4636 qui
2255 4562 2428 4636 coacti
2454 4562 2788 4636 pqanitentize
2798 4561 3044 4636 speciem
3069 4558 3478 4636 adumbrat-ant,
3499 4559 3720 4614 asacris

458 4629 823 4704 sacrificatos,
847 4633 939 4702 qui
961 4629 1147 4702 postea
1168 4634 1238 4689 ad
1262 4643 1541 4690 certamen
1571 4629 1867 4700 redierint;
1881 4636 2036 4704 jubet

455 4699 556 4770 τῆς
583 4700 682 4776 μέν
709 4699 880 4776 τιμῆς
901 4699 1168 4776 τῆς-κατά
1201 4705 1469 4776 καθέδραν
1499 4706 1765 4776 μετέχειν,
1803 4699 2038 4776 προσφέ-

459 4770 678 4847 ρεινλδέ
723 4770 1028 4847 αὖτρὺςίλῆγ
1053 4775 1299 4847 -όμιλεῖν,
1341 4770 1387 4846 ἠ’
1413 4770 1550 4847 βλως
1601 4770 1933 4847 λειτουργεῖν
1960 4770 2035 4828 ’τι

457 4839 894 4926 τῶνμὶερατοικῶν
922 4839 1236 4926 μῂξέξ-έῖναι.
1269 4839 1428 4912 Quod
1452 4847 1593 4926 idem
1611 4861 1751 4926 .can.
1781 4839 2032 4926 sequenti

457 4909 527 4964 de
549 4909 796 4986 diaconis
823 4909 1198 4986 constituitur,
1231 4909 1363 4970 cum
1384 4932 1470 4978 eo,
1504 4923 1560 4969 ut
1580 4917 1625 4969 si
1659 4931 1798 4985 quos
1821 4909 2036 4986 episco-

379 5049 387 5058 ,Α
457 4995 562 5058 pus
586 4981 940 5058 humilitatis,
993 4987 1348 5058 pcenitentiaz,
1399 5002 1464 5058 ac
1501 4981 1714 5041 caeteris
1747 4987 1814 5058 id
1857 4981 2036 5058 'genus

371 5049 408 5124 ἒξ
458 5049 943 5124 οίῐὶρίἱείιιεὶεηθε
993 5049 1459 5121 animadverterit,
1514 5073 1639 5110 cum
1710 5057 1791 5111 eis
1850 5049 2036 5114 mitius

378 5123 420 5197 ξ
460 5129 624 5197 atque
666 5123 962 5197 humanius
992 5127 1187 5197 possit
1229 5141 1410 5196 agere.
1453 5127 1523 5179 At
1555 5126 1664 5181 Leo
1693 5143 1831 5197 papa
1859 5143 1946 5196 ep.
1978 5129 2032 5191 '5,

377 5191 409 5242 τὲ·
461 5191 693 5266 clericos
717 5194 786 5247 ab
816 5195 1088 5252 haereticis
1121 5191 1456 5252 revertentes
1483 5207 1607 5266 post
1631 5191 2034 5266 pceni'tent'iam,

392 5265 401 5315 ᾳ
462 5261 580 5335 sine
603 5263 713 5335 ulla
755 5280 851 5332 spe
894 5268 1253 5335 promotionis
1288 5268 1344 5321 in
1379 5261 1571 5321 eodem
1603 5261 1822 5322 manere
1846 5261 2038 5323 ordine

461 5329 724 5409 decrevit,
833 5329 942 5409 quo
976 5335 1216 5409 fuerant.
1256 5337 1329 5409 At
1376 5338 1504 5391 olim
1544 5337 1762 5392 clericis
1781 5353 1925 5409 mgre
1952 5339 2036 5392 in-

460 5401 611 5480 dulta
634 5401 977 5484 poenitentia.
1012 5405 1139 5484 Ideo
1164 5407 1218 5484 in
1251 5408 1593 5484 Arausicano
1623 5424 1638 5462 ι
1672 5450 1687 5473 ,
1725 5401 2038 5484 οοηῖ4,ιιο-

460 5471 708 5526 minatim
736 5488 960 5532 cavetur
990 5496 1003 5530 :
1041 5476 1413 5531 Paenitentiam
1437 5471 1857 5532 desiderantibus
1877 5471 2038 5532 etiam

465 5542 673 5618 ctericis
706 5562 828 5618 _nou
882 5547 1212 5618 negandum.
1250 5548 1451 5603 Verum
1503 5549 1599 5617 qui
1659 5551 2037 5618 pcenitentiam

464 5611 758 5685 aliquando
810 5611 1083 5685 publicam
1107 5615 1392 5684 obiissent,
1417 5611 1674 5674 ordinari.
1695 5620 1850 5675 nefas
1896 5627 2036 5682 erat,

464 5695 622 5758 ςρῐιο.
678 5683 850 5758 Tolet.
899 5702 939 5750 ι,
982 5703 1105 5743 can.
1136 5689 1192 5742 2.
1226 5683 1638 5758 Ηὶηοοριοιιιε
1694 5689 2038 5744 Milevitanus

464 5750 563 5806 lib.
605 5755 1052 5830 _Il:_1nvenistis.
1108 5760 1304 5826 inquit,
1360 5750 1571 5829 pueros.
1607 5761 1684 5814 De
1731 5762 2039 5830 paenitentia

464 5823 770 5892 sauciastis,
802 5843 862 5881 ne
883 5829 1048 5899 aliqui
1076 5823 1316 5884 ordinari
1334 5823 1642 5898 potuissent.
1663 5823 1743 5887 lta
1757 5833 1842 5889 vel
1859 5833 2038 5903 pueri,

2139 4630 2425 4689 ordinibus
2456 4633 2665 4702 rejecti.
2700 4632 2757 4685 In
2789 4631 2974 4686 Carth.
3001 4647 3054 4697 v,
3075 4645 3177 4684 can
3210 4631 3296 4702 il.
3325 4630 3606 4686 decretum
3626 4638 3713 4684 est

2140 4721 2210 4760 ne
2256 4701 2616 4786 presbyteris,
2641 4703 2746 4786 .vel
2795 4701 3042 4786 diaconis
3077 4701 3346 4786 gravioris
3375 4703 3549 4770 culpae
3578 4715 3714 4780 con-

2140 4771 2327 4835 victis,
2367 4771 2598 4840 ideoque
2624 4771 2992 4843 deponendis.
3009 4786 3212 4843 manus
3243 4779 3506 4840 tanquam
3533 4772 3717 4841 poeni-

2139 4847 2406 4905 tantibus,
2455 4845 2537 4899 vel
2575 4842 2834 4913 tanquam
2875 4842 3143 4913 fidelibus
3173 4843 3341 4913 laicis
3379 4843 3719 4913 imponatur.

2137 4918 2257 4983 Quo
2287 4914 2661 4985 et_Augustini
2691 4911 2866 4985 Ἱοοιιξ
2893 4912 2981 4966 ille
3006 4911 3244 4985 pertinet
3289 4912 3385 4966 lib.
3432 4928 3447 4966 ι
3476 4913 3552 4985 De
3575 4911 3719 4985 bapt.

2137 4981 2308 5039 contr.
2330 4981 2553 5048 Dondt.,
2579 4999 2701 5053 cap.
2722 4985 2747 5036 1
2775 4981 2856 5036 :N
2861 4999 2946 5035 am
2969 4983 3103 5034 sicut
3117 4983 3410 5044 redeuntes,
3437 4983 3525 5050 qui
3545 4983 3724 5053 prius-

2137 5073 2298 5126 quam
2330 5057 2627 5109 recederent
2650 5052 2907 5123 lraptizati
2921 5061 3063 5126 sunt,
3082 5068 3184 5105 non
3201 5053 3629 5126 req‘apti‘zantur:
3646 5052 3722 5103 ita

2140 5121 2410 5180 redeuntes
2426 5126 2515 5196 qui
2539 5121 2846 5196 priusquam
2863 5122 3157 5196 recederent
3181 5121 3412 5196 ordinati
3443 5131 3586 5185 sunt,
3620 5137 3722 5196 non

2139 5199 2318 5267 utique
2344 5190 2897 5267 rursus'ordinantui,
2927 5192 3014 5267 sed
3029 5202 3124 5267 aut
3153 5192 3555 5267 administrant,
3584 5190 3720 5258 quod

2140 5261 2677 5339 adiitinistrabant,si
2707 5265 2803 5317 hoc
2837 5262 3087 5316 Ecclesia:
3114 5263 3323 5339 utilitas
3335 5261 3722 5339 _postulat;aut

2139 5341 2187 5391 si
2218 5355 2319 5391 non
2367 5336 2769 5395 administrant,
2801 5343 3193 5410 sacramentum
3229 5331 3724 5410 ordina_tionis_sute

2143 5417 2318 5462 tamen
2337 5416 2546 5478 gerunt,
2562 5416 2611 5459 et
2636 5405 2752 5458 ideo
2772 5405 2860 5478 Acis
2891 5419 3078 5478 manus
3093 5404 3270 5478 ‘Iaigos
3293 5419 3399 5478 non
3412 5403 3718 5478 imponi-tur.

2213 5467 2359 5549 (54)"
2375 5467 2651 5530 Τουτέστι
2673 5473 2977 5549 λωδίκιον,
3001 5473 3107 5549 εἴτ’
3130 5469 3246 5527 οὖν
3279 5467 3564 5549 «dum.
3591 5467 3722 5549 Pal-

2141 5541 2272 5601 lium
2301 5541 2446 5602 enim
2475 5562 2574 5616 pro
2601 5544 2796 5617 quavis
2821 5551 2994 5617 Vjeste,
3017 5543 3179 5597 etiam
3203 5541 3443 5617 stragula
3463 5541 3719 5617 sumitur.

2213 5617 2328 5690 ‘55)
2356 5608 2594 5690 Γίνεται
2619 5608 2720 5668 ’δὲ
2770 5613 2997 5690 Πέτρον
3038 5608 3429 5690 μαρτυρῆὀ-αι..
3465 5608 3540 5664 De
3580 5609 3724 5690 Petri

2143 5679 2468 5743 successore
2487 5688 2734 5758 dicemus
2768 5684 2835 5738 ad
2867 5679 3184 5758 sequentem
3225 5681 3500 5758 haeresim,
3542 5679 3723 5758 mni-.1;

2147 5775 2271 5812 nam
2304 5765 2359 5812 et
2388 5758 2685 5828 plurimum
2717 5757 2772 5812 in
2802 5768 2866 5810 ea
2901 5747 3217 5808 narratione
3270 5750 3440 5806 falsus
3481 5758 3566 5805 est
3592 5747 3724 5824 Εμ-

2146 5829 2404 5901 phauius.
