4138 6396
398 385 507 444 189

1026 389 1394 450 ADVERSUS
1422 393 1764 452 HIERESES
1797 394 1925 450 LIB.
1959 394 2021 452 II.
2057 395 2220 452 TOM.
2265 395 2403 452 ll.-—-
2432 395 2707 452 HIERES.
2747 397 2981 453 LXVIII.

3571 389 3675 453 ιον

401 500 612 570 νησίοις
640 500 924 571 μετάλλοις
955 502 1091 572 (56).
1117 506 1226 561 Καὶ
1251 507 1372 560 τότε
1396 508 1582 564 λοιπὸν
1610 512 1657 564 οί
1692 511 1980 581 συρόμενοι

2095 526 2211 566 cum
2272 514 2528 569 omnibus
2565 514 2675 570 illis
2718 512 3144 578 confessoribus,
3183 512 3275 582 qui
3330 511 3490 566 tracti
3524 512 3679 568 abre-

399 594 557 657 ὄντες
587 595 918 665 ὁμολογηταὶ
945 596 1062 667 ἅμα
1093 598 1371 671 Μελητίῳ,
1402 602 1498 655 καὶ
1530 603 1692 667 αὐτὸς
1717 603 1983 673 Μελήτιος

399 687 464 738 ἐν
501 687 569 756 τῇ
616 687 830 757 είρκτῇ,
881 688 1025 742 κατὰ
1068 689 1167 760 τὴν
1206 691 1535 764 ὁδοιπορίαν,
1583 695 1702 748 καθ’
1749 695 1984 766 ἑκάστην

401 773 588 845 χώραν
621 777 716 829 καὶ
749 777 870 830 καθ’
904 778 1134 834 ἕκαστον
1175 780 1339 836 τόπον
1375 782 1722 855 διερχόμενος
1753 786 1986 839 καθίστα

399 866 719 938 κληρικοὺς,
746 869 1079 935 ἐπισκόπους
1101 889 1161 924 τε
1184 874 1276 926 καὶ
1307 875 1729 948 πρεσϐυτέρους,
1755 878 1848 932 καὶ
1869 877 1986 930 δια·

399 959 619 1028 κόνους,
649 962 744 1014 καὶ
766 962 1032 1034 ᾠκοδόμει
1060 964 1355 1036 ἐκκλησίας
1385 967 1539 1032 ίδίας·
1570 971 1664 1022 καὶ
1692 969 1815 1022 οὔτε
1841 961 1986 1022 οὗτοι

406 1048 614 1114 τούτοις
635 1052 973 1118 ἐκοινώνουν,
1004 1053 1126 1107 οὔτε
1150 1055 1348 1109 ἐκεῖνοι
1377 1057 1606 1121 τούτοις.
1643 1060 1986 1130 Ἐπὲγραφον

405 1142 460 1194 δὲ
496 1141 728 1206 ἕκαστος
759 1144 817 1196 ἐν
849 1147 914 1216 τῇ
951 1145 1059 1217 ίδίᾳ⁵
1094 1147 1382 1218 ἐκκλησίᾳ,
1422 1151 1470 1202 οί
1503 1149 1600 1220 μὲν
1633 1149 1740 1202 ἀπὸ
1763 1148 1857 1202 τοῦ
1885 1149 1989 1202 Πέ-

405 1248 535 1302 τρου
565 1232 956 1305 διαδεξάμενοι,
979 1236 1193 1307 ἔχοντες
1218 1239 1316 1302 τάς
1345 1238 1510 1304 οὔσας
1535 1242 1769 1312 ἀρχαίας
1788 1241 1985 1313 ἐκκλη-

403 1326 548 1388 σίας,
590 1326 672 1378 ὅτι
717 1327 1010 1398 Ἐκκλησία
1038 1330 1322 1404 καθολικὴ,
1364 1335 1414 1385 ot
1458 1333 1514 1387 δὲ
1555 1335 1662 1386 ἀπὸ
1693 1333 1984 1404 Μελητίου,

414 1417 712 1488 Ἐκκλησία
745 1420 1056 1492 μαρτύρων.
1099 1423 1262 1476 Ὅθεν
1295 1424 1390 1478 καὶ⁹
1427 1427 1485 1476 ἐν
1527 1425 1986 1494 Ἐλευθεροπόλει,

404 1513 502 1565 καὶ
527 1513 586 1564 ἐν
616 1511 787 1584 Γάζῃ,
819 1515 914 1567 καὶ
950 1515 1007 1567 ἐν
1039 1514 1197 1587 Αίλίᾳ
1229 1516 1517 1588 παρελθὼν
1555 1519 1583 1570 ὁ
1620 1518 1781 1582 αὐτὸς
1805 1519 1990 1590 Μελή-

404 1618 518 1665 τιος
551 1600 781 1665 πολλοὺς
803 1602 976 1668 οὕτως
1007 1603 1404 1676 ἐχειροτόνησε.
1440 1605 1553 1660 Καὶ
1578 1605 1800 1675 γέγονεν
1826 1608 1988 1662 αὐτὸν

403 1695 824 1766 χρονοτριϐῆσαι
849 1695 906 1748 ἐν
927 1698 1038 1760 τοῖς
1056 1699 1472 1770 προειρημένοις
1494 1699 1794 1770 μετάλλοις.
1829 1700 1989 1754 Ἀλλά

405 1784 615 1856 μεταξὺ
653 1785 980 1840 ἀπολύονται
1007 1787 1115 1841 τῶν
1149 1789 1426 1860 μετάλλων
1461 1793 1509 1844 οί
1549 1790 1898 1863 ὀμολογηταὶ,
1938 1792 1994 1845 οῖ

2091 604 2280 674 ptique
2304 619 2428 659 eum
2451 620 2517 660 eo
2548 605 2781 669 fuerant,
2823 613 2930 660 tam
2972 604 3027 658 in
3062 618 3284 658 carcere
3317 618 3479 673 quam
3508 603 3561 656 in
3587 603 3676 656 iti-

2091 710 2223 750 nere
2269 712 2333 751 ac
2355 711 2744 766 quamcunque
2784 699 3057 766 regionem
3094 695 3382 764 locumque
3415 708 3676 764 peragra-

2093 792 2196 848 ret,
2231 786 2305 839 ibi
2331 787 2584 849 clericos,
2605 787 2914 856 episcopos,
2964 787 3311 858 presbyteros
3335 795 3388 841 et
3415 786 3677 842 diaconos

2093 875 2350 940 instituit,
2374 892 2436 931 ac
2460 877 2702 948 privatas
2735 879 2996 933 ecclesias
3017 878 3282 941 fundavit,
3311 893 3436 932 cum
3456 877 3676 932 interim

2094 979 2198 1019 nec
2233 964 2287 1019 hi
2327 980 2451 1020 cum
2484 967 2616 1028 illis.
2645 982 2746 1022 nec
2769 967 2847 1021 illi
2881 983 3006 1022 cum
3037 968 3123 1022 his
3154 983 3444 1022 commune
3469 965 3679 1036 aliquid
3793 1023 3796 1026 ,

2094 1055 2378 1111 baberent.
2420 1056 2591 1112 Porro
2631 1073 2787 1114 suam
2844 1060 3078 1130 quisque
3115 1060 3402 1116 ecclesiam
3447 1060 3678 1115 diversis

2095 1147 2408 1204 nominibus
2462 1149 2841 1205 inscribebat:
2877 1167 3004 1206 nam
3085 1151 3234 1207 Petri
3290 1167 3674 1215 successores,

2093 1253 2262 1308 penes
2318 1254 2460 1308 quos
2489 1249 2704 1296 veteres
2753 1251 2910 1296 erant
2953 1241 3233 1307 Ecclesiae,
3260 1245 3547 1299 catholicae
3576 1243 3680 1300 Ec-

2094 1329 2278 1385 clesia:
2336 1331 2556 1384 titulum
2611 1333 2988 1402 usurpabant;
3042 1333 3318 1391 Meletiani
3373 1333 3677 1392 Ecelesiam

2094 1425 2418 1489 martyrum.
2490 1419 2662 1490 lgitur
2749 1421 3249 1492 Eleutheropolim,
3326 1425 3529 1479 Gazam
3627 1435 3682 1481 et

2096 1507 2300 1564 Alliam
2348 1509 2634 1580 profectus
2665 1511 2913 1570 Meletius
2959 1515 3251 1586 plerosque
3295 1517 3361 1570 ad
3401 1533 3523 1573 eum
3564 1533 3682 1572 mo-

2095 1600 2224 1655 dum
2275 1601 2570 1657 ordinavit.
2624 1603 2949 1675 Acciditque
2993 1615 3050 1660 ut
3105 1606 3173 1660 ad
3214 1608 3432 1661 metalla
3471 1608 3681 1664 diutius

2094 1692 2452 1750 detineretur.
2493 1694 2599 1750 Sed
2634 1697 2703 1753 ab
2736 1698 2805 1752 iis
2832 1697 3050 1752 tandem
3085 1698 3438 1756 confessores
3465 1701 3681 1756 liberati

2096 1794 2246 1848 sunt,
2274 1793 2386 1839 tam
2414 1787 2507 1856 qui
2532 1786 2694 1843 Petro
2739 1787 2998 1844 favebant
3029 1789 3232 1861 (adhuc
3257 1791 3403 1846 enim
3431 1791 3681 1861 complu-

403 1895 467 1930 τε
491 1877 588 1930 τοῦ
619 1879 817 1950 μέρους
845 1881 1052 1950 Πέτρου
1079 1877 1239 1952 (ἦσαν
1289 1881 1397 1954 γὰρ
1441 1882 1523 1936 ἐτι
1559 1883 1788 1953 πολλοὶ),
1824 1884 1920 1937 καὶ
1943 1887 1992 1939 οἱ

2095 1888 2183 1930 res
2209 1876 2413 1945 erant),
2475 1893 2639 1946 quam
2703 1877 2998 1935 Meletiani.
3055 1878 3160 1945 Qui
3213 1881 3430 1950 quidem
3474 1883 3530 1936 in
3569 1895 3684 1940 me-

402 1968 503 2021 τοῦ
533 1970 826 2041 Μελητίου.
865 1970 1002 2025 Οὔτε
1032 1971 1140 2044 γὰρ
1179 1974 1237 2025 ἐν
1275 1977 1388 2037 τοῖς
1425 1975 1714 2046 μετάλλοις
1745 1975 1996 2045 ἀλλήλοις

402 2059 749 2127 ἐκοινώνουν,
785 2060 820 2132 ἦ
855 2062 1200 2134 συνηύχοντο.
1247 2064 1458 2118 Γίνεται
1501 2065 1556 2118 δέ
1593 2067 1684 2120 τὸν
1721 2066 1994 2138 Μελήτιον

404 2149 491 2204 ἐτι
528 2152 808 2224 διατρίψαι
848 2155 908 2208 ἐν
947 2154 1138 2226 κόσμῳ
1175 2155 1389 2226 χρόνον,
1452 2155 1598 2211 ὥστε
1644 2159 1994 2228 συνακμάσαι

404 2243 504 2297 καὶ
553 2245 888 2320 Ἀλεξάνδρῳ
920 2247 999 2319 τῷ
1028 2248 1122 2302 τοῦ
1156 2249 1364 2319 Πέτρου
1394 2249 1642 2320 διαδόχῳ,
1676 2250 1745 2304 τά
1775 2250 1904 2320 φίλα
1934 2267 1995 2304 τε

405 2335 578 2406 ἔχειν’
614 2338 886 2410 ἐμερίμνα
921 2357 978 2393 τε
1012 2339 1081 2394 τά
1114 2340 1370 2412 περὶτῆς
1416 2341 1740 2412 Ἐκκλησίας
1772 2342 1868 2396 καὶ
1906 2342 1996 2396 πί-

409 2442 605 2490 στεως.
646 2427 824 2501 Ἐφην
854 2430 962 2502 γὰρ
1001 2429 1278 2497 πολλάκις,
1313 2431 1394 2485 ὅτι
1425 2431 1576 2485 οὐδὲν
1627 2427 1740 2501 εἶχε
1778 2431 1993 2504 παρηλ-

405 2517 515 2586 λαγ
522 2518 704 2589 μένον.

483 2612 561 2666 Δ’.
589 2611 764 2676 Αὐτὸς
789 2611 899 2683 γὰρ
939 2607 1091 2678 οὗτος
1132 2614 1160 2666 ὁ
1189 2614 1480 2685 Μελήτιος,
1519 2617 1578 2668 ἐν
1621 2614 1996 2687 Ἀλεξανδρείᾳ

407 2704 726 2774 γενόμενος,
758 2706 980 2759 κάκεῖσε
1000 2706 1293 2777 διατρίϐων
1320 2708 1532 2777 χρόνον,
1562 2708 1700 2780 ἔχων
1737 2708 1874 2762 ίδίαν
1893 2709 1994 2779 τὴν

416 2794 641 2860 σύναξιν
685 2798 783 2852 σὺν
819 2800 934 2862 τοῖς
975 2799 1148 2866 ίδίοις,
1179 2799 1269 2857 τὸν
1303 2800 1520 2871 Ἀρειον
1568 2798 1852 2871 ἐφώρασεν
1901 2801 1996 2854 ἀν-

413 2886 650 2955 ενέγκας
693 2889 787 2941 ἐπὶ
832 2889 924 2942 τὸν
989 2888 1357 2963 Ἀλέξανδρον.
1427 2890 1516 2954 Ὠς
1548 2890 1787 2961 ἐηχήθη
1821 2889 1877 2943 δὲ
1903 2891 1994 2943 τὸν

419 2979 639 3049 Ἀρειον
677 2981 736 3032 ἐν
771 2982 894 3043 ταῖς
936 2980 1103 3034 αὐτοῦ
1145 2980 1470 3052 ἐξηγήσεσιν
1505 2980 1610 3046 ἔξω
1641 2981 1736 3035 τοῦ
1772 2999 1993 3054 προκει-

417 3069 581 3140 μένου
611 3070 713 3140 τῆς
743 3072 980 3136 πίστεως
1008 3071 1295 3142 βεϐηκότα·
1329 3068 1399 3144 ἦν
1431 3073 1541 3144 γὰρ
1575 3067 1727 3137 οὗτος
1761 3075 1818 3126 ἐν
1855 3073 1996 3126 Βαυ-

413 3162 554 3233 κάλῃ
600 3166 668 3234 τῇ
722 3164 1020 3238 Ἐκκλησία
1055 3164 1198 3220 οὕτω
1230 3164 1538 3238 καλουμένῃ
1589 3165 1993 3235 Ἀλεξανδρείας

411 3255 805 3326 πρεσϐύτερος.
861 3254 997 3308 Καθ’
1048 3255 1283 3328 ἐκάστην
1335 3255 1442 3328 γὰρ
1490 3253 1571 3315 εἷς
1627 3254 1993 3327 πρεσϐύτερός

411 3348 560 3400 ἐστιν
595 3346 1037 3418 ἀποτεταγμένος
1067 3366 1080 3379 ο
1127 3343 1271 3418 ἦσαν
1305 3347 1413 3418 γὰρ
1457 3346 1647 3400 πολλαὶ
1683 3346 1989 3416 ἐκκλησίαι,

410 3436 506 3500 νῦν
533 3437 590 3491 δὲ
626 3437 865 3503 πλείους,
901 3439 994 3491 καὶ
1019 3438 1169 3509 αὐτῷ
1196 3441 1230 3510 ἡ
1274 3438 1570 3508 Ἐκκλησία
1597 3439 1990 3509 ἐγκεχείριστο·

413 3530 517 3595 κᾶν
539 3546 601 3582 τε
639 3529 798 3593 ἀλλος
831 3531 927 3583 σὺν
953 3529 1101 3601 αὐτῷ
1126 3527 1214 3602 ἦν·
1253 3522 1328 3583 ὧν
1348 3529 1509 3583 ἕνεκα
1529 3531 1808 3600 γενόμενοι
1835 3531 1893 3582 ἐν
1915 3531 1992 3599 τῷ

407 3623 562 3692 τόπῳ
585 3621 816 3693 λέξομεν
841 3624 983 3677 κατά
1008 3623 1332 3695 λεπτότητα,
1357 3625 1447 3677 ὅτε
1469 3623 1627 3695 χρεία
1652 3624 1780 3693 περὶ
1802 3621 1991 3675 τούτου

411 3711 589 3765 ἐσται·
611 3713 734 3766 ἐπεὶ
756 3708 849 3766 οὖν
872 3712 1122 3785 ἐφώρασε
1149 3715 1242 3767 τὸν
1267 3715 1484 3784 ¹Ἀρειον
1505 3714 1809 3777 σπουδαίως
1849 3713 1995 3765 Ἀλέ-

414 3803 658 3874 ξανδρος,
691 3804 1034 3872 συγκαλέσας
1063 3806 1398 3868 ἐπισκόπους
1425 3806 1516 3858 καὶ
1548 3804 1787 3869 σύνοδον,
1811 3804 1993 3876 ἐζήτει

410 3893 578 3958 ἀξιῶν
619 3896 750 3966 περ)⁸
781 3895 1038 3961 πίστεως,
1082 3899 1177 3950 καὶ
1219 3897 1464 3951 ἀπαιτῶν
1495 3896 1587 3950 τὸν
1622 3897 1841 3968 Ἀρειον
1867 3899 1995 3967 περὶ

409 3983 510 4054 τῆς
535 3986 595 4038 ἐν
619 3985 768 4056 αὐτῷ
792 3986 1209 4059 ἐγκισσηΘείσης
1237 3987 1414 4058 λύμης
1443 3991 1541 4060 τῆς
1566 3987 1902 4056 κακοδοξίας.
1936 3989 1995 4042 Ὀ

410 4075 469 4140 δέ
501 4077 716 4146 ’Ἄρειος
749 4077 810 4129 οὐ
836 4076 942 4148 μὴν
974 4079 1274 4148 ἠρνήσατο,
1309 4079 1448 4134 ἀλλά
1481 4078 1575 4133 καὶ
1609 4080 1746 4150 μετὰ
1769 4096 1993 4150 τετριμ-

415 4166 576 4234 μένου
611 4165 928 4238 προσώπου,
962 4167 1036 4231 ώς
1076 4165 1241 4240 εἶχεν,
1275 4171 1448 4233 οὕτως
1490 4172 1842 4242 ἁπεκρίνατο.
1887 4170 1997 4223 Καὶ

411 4258 554 4338 ἐξεοῖ
585 4259 685 4330 μὲν
729 4258 1074 4333 Ἀλέξανδρος
1104 4263 1266 4320 αὐτὸν
1295 4263 1396 4334 τῆς
1437 4263 1784 4342 Ἐκκλησίας’
1817 4263 1996 4330 ἐξεοῦ-

409 4366 503 4402 ται
535 4349 594 4402 δὲ
621 4349 739 4420 ἅμα
769 4349 917 4421 αὐτῷ
950 4350 1151 4422 πλῆθος
1176 4352 1334 4415 πολὺ,
1362 4355 1410 4405 oi
1434 4353 1526 4406 ἀπ’
1554 4351 1717 4407 αὑτοῦ
1747 4370 1996 4424 κεχραμ-

415 4443 592 4514 μένοι,
638 4442 1084 4512 παρθενευουσῶν
1135 4446 1229 4498 καὶ
1272 4445 1446 4499 ἄλλων
1493 4445 1787 4518 κληρικῶν.
1842 4447 1902 4499 'O
1937 4446 1996 4500 δὲ

415 4537 660 4608 Ἄρειος,
694 4536 1028 4607 ἀποδράσας,
1058 4537 1150 4590 ἐπὶ
1185 4539 1283 4610 τὴν
1313 4538 1686 4593 Παλαιστίνων
1719 4540 1995 4594 στέλλεται

407 4628 514 4700 τὴν
550 4629 794 4700 πορείαν.
843 4631 931 4683 Ἐν
970 4630 1310 4701 Νικομηδείᾳ
1344 4631 1403 4684 δέ
1445 4631 1702 4698 ἀνελθὼν,
1738 4633 2002 4708 κάκεῖθεν

409 4721 631 4791 γράψας
667 4722 959 4786 ἐπιστολὰς
1001 4721 1350 4793 Ἀλεξάνδρῳ.
1385 4723 1482 4794 οὐχ
1525 4723 1850 4793 ὑπερέδίπιινε
1896 4723 2001 4800 ﬁl“.

410 4813 584 4867 αὐτοῦ
625 4813 946 4879 κακοδοξίας
987 4815 1088 4886 τὴν
1133 4814 1370 4886 μανιώδη
1406 4815 1662 4869 διάνοιαν.
1712 4815 1873 4869 Ἀλλά
1897 4834 1994 4886 μευ

408 4904 551 4968 ταξὺ
588 4905 768 4972 ὀλίγου
805 4903 900 4958 τοῦ
929 4905 1141 4976 χρόνου,
1175 4906 1268 4959 τοῦ
1302 4906 1466 4960 αὐτοῦ
1520 4906 1866 4979 Ἀλεξάνδρου
1896 4907 1992 4960 τοῦ

408 4996 573 5066 ἁγίου
603 4997 903 5051 ἐπισκόπου
947 4999 1348 5071 Ἀλεξανδρείας
1376 4998 1869 5072 ἐπιμελησαμένου,
1899 4999 1995 5052 καὶ

409 5090 736 5159 κινήσαντος
765 5090 856 5144 τὸν
884 5091 1152 5162 μακάριον
1178 5093 1606 5156 Κωνσταντῖνον,
1633 5094 1994 5164 συνεκρότησε

412 5180 634 5234 σύνοδον
665 5183 724 5234 ἐν
753 5184 820 5252 τῇ
852 5183 901 5235 Ν
909 5183 1059 5254 ικαίᾳ
1086 5186 1152 5254 τῇ
1193 5183 1364 5238 πόλει.
1397 5187 1508 5238 Kal.
1541 5184 1994 5256 ἀναθεματίζεται

412 5273 517 5343 μὲν
548 5275 581 5344 ἡ
627 5273 838 5345 Ἀρείου
869 5275 1098 5346 αἵρεσις,
1137 5275 1275 5346 μετὰ
1300 5275 1362 5328 τὸ
1392 5276 1687 5330 ἀποθανεῖν
1715 5277 1894 5331 αὐτόν.
1921 5277 1994 5331 Τὸ

412 5362 637 5434 πρῶτον
663 5364 762 5434 μὲν
789 5363 899 5436 γάρ
927 5367 1145 5436 ἠρνεῖτο
1173 5368 1252 5430 είς
1279 5367 1571 5440 πρόσωπον
1601 5367 1695 5421 τοῦ
1722 5370 1993 5442 μακαρίου

485 5519 604 5590 (56)
641 5518 742 5573 Ἐν
769 5521 894 5587 τοῖς
914 5523 1262 5590 Φαινησίοις
1287 5522 1631 5590 μετάλλοις.
1665 5523 1908 5578 Meminit
1933 5525 1987 5578 in

409 5591 609 5644 eadem
632 5594 1016 5648 persecutione
1030 5592 1360 5647 declaranda
1383 5592 1787 5648 Phaenesiornm
1807 5595 1991 5648 metal-

411 5661 597 5732 [orum
633 5661 906 5732 Eusebius
928 5678 1022 5716 vm
1045 5663 1183 5716 libro
1211 5663 1610 5732 inAppendice,
1644 5665 1723 5718 vel
1746 5679 1866 5732 cap.
1889 5665 1984 5719 i7:

412 5731 546 5804 Τοῖς
576 5731 718 5804 κατὰ
743 5733 919 5786 Φαινῶ
961 5733 1061 5804 τῆς
1093 5731 1453 5804 Παλαιστίνης
1482 5732 1680 5804 χαλκοῦ
1707 5731 1991 5804 μετάλλοις

409 5801 544 5861 τοὺς
573 5801 782 5866 πάντας
829 5801 1185 5874 παραδίδωσι.
1217 5802 1390 5869 Quam
1410 5801 1841 5861 ’horrenda'baae
1873 5821 1989 5860 me-

2098 1967 2245 2022 tallis
2278 1982 2308 2021 a
2342 1978 2534 2023 mutua
2572 1972 2960 2027 communione
2999 1971 3370 2037 abstinebant,
3404 1987 3468 2027 ac
3495 1988 3566 2028 ne
3599 1973 3676 2028 si-

2096 2058 2208 2112 mul
2237 2057 2456 2128 quidem
2492 2060 2742 2116 orabant.
2793 2061 3043 2117 Meletius
3071 2077 3204 2117 vero
3243 2061 3336 2116 diu
3371 2070 3560 2133 postea
3595 2078 3684 2119 su-

2095 2157 2307 2220 perstes
2341 2148 2445 2203 fuit
2477 2151 2650 2206 :adeo
2673 2160 2733 2205 ut
2760 2167 2885 2207 cum
2935 2153 3250 2209 Alexandro
3281 2170 3499 2224 quoque
3533 2153 3678 2209 Petri

2095 2257 2421 2298 successore
2445 2241 2717 2310 ﬂoruerit,
2753 2259 2878 2299 cum
2923 2260 3098 2316 eoque
3130 2245 3554 2303 familiaritatem
3581 2247 3680 2302 ha-

2094 2333 2314 2402 buerit;
2348 2335 2677 2407 praecipuam
2729 2351 2894 2406 porro
2921 2337 3180 2394 Ecclesiae
3222 2338 3461 2410 ﬁdeique
3487 2353 3678 2393 curam

2094 2427 2284 2496 gessit.
2325 2425 2483 2493 Nam,
2509 2436 2569 2482 ut
2591 2445 2735 2498 saepe
2758 2430 2896 2488 dixi.
2921 2431 3058 2485 nihil
3083 2431 3154 2486 ab
3182 2445 3248 2486 ea
3277 2431 3556 2487 diversum
3585 2441 3682 2486 aut

2095 2519 2333 2572 alienum
2363 2519 2573 2574 docuit.

2166 2604 2255 2662 IV.
2301 2607 2611 2673 Quinetiam
2669 2623 2794 2663 cum
2839 2608 2982 2664 idem
3034 2606 3393 2666 Alexandriae
3433 2609 3684 2668 Meletius

2094 2707 2260 2760 esset,
2303 2699 2488 2770 ibique
2532 2700 2776 2770 privatos
2807 2716 2932 2755 cum
2972 2703 3089 2758 suis
3128 2712 3432 2758 conventus
3473 2703 3685 2758 habens

2094 2789 2413 2859 aliquandiu
2455 2790 2771 2855 mansisset,
2800 2792 2990 2846 Arium
3023 2809 3053 2846 a
3095 2809 3154 2849 se
3182 2794 3582 2865 deprehensum
3610 2795 3682 2850 ad

2093 2883 2464 2937 Alexandrum
2520 2883 2735 2948 detulit,
2783 2899 2909 2939 cum
2943 2899 3070 2942 eum
3119 2888 3424 2957 accepisset
3453 2902 3482 2940 a
3518 2899 3683 2942 rectae

2093 2975 2220 3030 ﬁdei
2255 2990 2424 3046 scopo
2475 2976 2532 3031 in
2581 2975 2885 3047 Scripturis
2920 2977 3066 3048 apud
3115 2980 3375 3049 populum
3416 2981 3684 3049 interpre-

2092 3067 2276 3123 tandis
2331 3069 2610 3124 aberrare.
2675 3068 2839 3124 Arius
2891 3070 3036 3124 enim
3087 3069 3336 3124 Baucalae
3391 3070 3682 3140 cujusdam

2096 3160 2240 3232 apud
2299 3161 2684 3217 Alexandriam
2746 3159 3012 3217 Ecclesiae
3055 3162 3343 3233 presbyter
3377 3170 3515 3217 erat.
3544 3161 3679 3216 Nam

2098 3253 2400 3324 unicuique
2446 3253 2722 3318 Ecclesia,
2756 3268 2879 3323 quae
2909 3262 3023 3308 tum
3080 3255 3266 3309 multas
3297 3262 3475 3318 erant,
3519 3255 3683 3308 hodie

2094 3359 2228 3398 vero
2277 3345 2464 3414 plures
2511 3351 2661 3406 sunt,
2709 3358 2846 3412 suus
2900 3342 3303 3397 attribuebatur
3347 3342 3678 3412 presbyter:

2095 3451 2202 3506 qua
2255 3436 2468 3491 ratione
2522 3434 2922 3505 procurandam
2972 3433 3276 3490 Ecclesiam
3327 3433 3474 3487 illam
3515 3432 3681 3488 Arius

2095 3533 2434 3596 susceperat,
2466 3528 2582 3582 sive
2613 3526 2738 3595 quis
2766 3525 2909 3580 alius
2943 3524 3235 3596 adjunctus
3275 3524 3325 3579 ei
3383 3522 3579 3587 fuerat,
3613 3523 3682 3579 de

2092 3620 2294 3690 quibus
2351 3633 2452 3674 suo
2519 3619 2658 3685 loco,
2707 3633 2830 3674 cum
2876 3617 2930 3670 id
2959 3632 3184 3672 necesse
3219 3617 3344 3679 erit,
3369 3615 3682 3670 accuratius

2093 3727 2342 3781 agemus.
2368 3710 2722 3782 Deprehenso
2756 3709 2923 3780 igitur
2965 3707 3112 3774 Ario,
3140 3706 3447 3763 Alexander
3477 3705 3683 3760 indicto

2094 3807 2480 3874 episcoporum
2533 3805 2768 3859 concilio
2799 3803 2868 3859 de
2897 3802 3003 3858 ﬁde
3056 3801 3353 3872 diligenter
3406 3797 3680 3867 inquisiit,

2095 3897 2246 3952 etab
2277 3896 2411 3950 Ario
2460 3910 2642 3965 prava:
2692 3910 2756 3950 ac
2808 3893 3135 3964 perniciosa:
3197 3891 3345 3946 illius
3380 3889 3679 3960 opinionis,

2097 4005 2258 4060 quam
2279 3989 2463 4042 animo
2476 3995 2826 4057 conceperat,
2865 3987 3141 4040 rationem
3158 3984 3355 4051 exegit.
3386 3981 3486 4035 Hie
3515 3981 3682 4036 Arius

2097 4080 2236 4134 nihil
2279 4078 2653 4149 tergiversari,
2711 4086 2806 4132 aut
2845 4077 3216 4142 dissimulare,
3250 4075 3412 4146 720
3434 4073 3529 4128 sed
3561 4089 3682 4143 per-
3737 4075 3744 4083 '

2098 4171 2256 4226 fricta
2290 4170 2492 4234 fronte,
2527 4170 2604 4224 uti
2656 4185 2716 4224 se
2750 4185 2838 4225 res
2883 4167 3138 4233 habebat,
3177 4166 3479 4236 respondit.
3507 4166 3679 4231 Quam

2096 4264 2170 4319 ob
2201 4278 2314 4317 rem
2371 4259 2682 4316 Alexander
2709 4275 2834 4315 eum
2885 4275 2953 4315 ex
2986 4257 3228 4313 Ecclesia
3267 4257 3596 4318 deturbavit,
3625 4263 3681 4310 et

2099 4372 2225 4411 cum
2254 4371 2320 4411 eo
2359 4355 2552 4426 ingens
2580 4353 2851 4424 virginum
2879 4367 2944 4405 ac
2982 4359 3304 4405 caeterorum
3331 4349 3678 4410 clericorum,

2097 4464 2238 4520 quos
2299 4447 2391 4502 ille
2438 4445 2784 4515 depravarat,
2841 4443 2923 4498 vis
2971 4443 3213 4512 ejicitur.
3236 4442 3349 4496 Sub
3375 4441 3489 4494 haec
3519 4441 3680 4494 Arius

2098 4540 2314 4609 fugiens
2339 4540 2395 4594 in
2433 4538 2781 4593 Palaestinam
2821 4535 2974 4590 abiit.
3003 4533 3128 4588 Inde
3156 4533 3525 4588 Nicomediam
3553 4546 3681 4600 pro-

2097 4630 2299 4696 fectus,
2327 4644 2393 4684 ex
2418 4644 2482 4685 ea
2509 4628 2645 4683 urbe
2674 4627 2886 4682 litteras
2914 4624 2980 4680 ad
3023 4625 3396 4680 Alexandrum
3419 4624 3589 4686 dedit,
3620 4623 3677 4676 in

2095 4724 2297 4794 quibus
2327 4722 2396 4777 ab
2427 4724 2622 4776 insana
2676 4729 2858 4775 mente
2904 4734 2969 4774 ac
3005 4719 3215 4774 furioso
3260 4719 3512 4790 dogmate
3566 4732 3675 4771 non

2093 4817 2347 4873 recessit.
2403 4813 2606 4871 Verum
2638 4814 2801 4884 paulo
2827 4821 2972 4883 post,
3008 4809 3301 4866 Alexandri
3338 4809 3675 4865 sanctissimi

2096 4908 2440 4966 Alexandriae
2472 4907 2715 4978 episcopi
2749 4905 2936 4977 studio
2994 4912 3050 4959 et
3089 4903 3334 4967 hortatu,
3360 4902 3532 4956 beata:
3560 4916 3676 4956 me-

2099 5003 2288 5058 morias
2313 5000 2711 5056 Constantinus
2760 4996 3029 5069 synodum
3081 4997 3136 5050 in
3164 4995 3298 5048 urbe
3334 4991 3511 5047 Nicaea
3543 5007 3676 5048 con-

2101 5104 2309 5167 gregat,
2344 5095 2436 5150 ubi
2463 5095 2575 5148 Arii
2599 5093 2794 5164 dogma
2822 5103 2944 5162 post
2964 5091 3084 5160 ejus
3099 5097 3328 5145 mortem
3356 5088 3673 5142 damnatum

2099 5199 2203 5244 est.
2235 5187 2510 5256 Principio
2537 5185 2682 5240 enim
2717 5199 2901 5239 coram
2951 5185 3278 5252 imperatore
3312 5179 3674 5234 Constantino

2100 5279 2372 5334 inﬁciatus
2413 5277 2608 5341 fuerat,
2638 5283 2692 5330 et
2748 5275 3053 5330 cavillando
3100 5289 3163 5328 ac
3213 5270 3522 5327 simulando
3546 5286 3670 5324 cum

2100 5377 2248 5426 recta
2277 5371 2380 5425 ﬁde
2404 5375 2791 5432 consentanea,
2833 5363 3193 5436 jurejurando
3231 5365 3391 5418 etiam
3430 5363 3672 5432 interpo-

2099 5523 2472 5597 talla_fuerint,
2502 5524 2662 5597 docet
2699 5522 2900 5597 Athan.
2942 5519 3110 5597 Epist
3139 5518 3224 5597 _ac_l
3261 5518 3430 5597 solit.,
3465 5515 3666 5597 p.658:

2100 5596 2194 5649 ubi
2223 5585 2546 5664 Eutychium
2567 5585 3002 5664 bypodiaeonum
3024 5591 3096 5664 ab
3124 5589 3340 5664 Arianis
3371 5585 3668 5664 scribitan

2099 5665 2316 5718 metalla
2330 5655 2664 5717 'damnatu'ln
2695 5681 2706 5715 :
2733 5663 2844 5714 Kal.
2889 5659 3146 5732 μέταλλον
3185 5659 3284 5728 ούχ
3317 5657 3526 5732 ἀπλὸςξς,
3552 5655 3667 5709 ἀλλ’

2097 5737 2179 5798 είς
2211 5734 2272 5786 τὸ
2303 5733 2644 5805 τῆς-Φαινῶᾕ
2673 5732 2804 5805 ἐνεξα
2832 5725 2924 5784 καὶ
2955 5731 3148 5805 φονεὺς
3177 5725 3668 5805 καταδικαζόμενος

2098 5794 2282 5874 ὀλίγας
2316 5794 2529 5875 ἡμέρας
2562 5803 2717 5874 μόγις
2745 5794 2979 5855 δύναταί
2999 5801 3176 5870 ζῆσαι.
3215 5797 3348 5855 Vide
3375 5794 3664 5854 Ortelium.
