4138 6396
443 352 542 411 191

1840 356 1900 411 S.
1945 355 2290 412 EPIPHANII

3624 365 3726 420 £99.

443 473 573 536 sito,
604 471 818 528 locutus
876 470 1074 527 fuerat.
1126 470 1230 527 Cui
1283 470 1601 540 imperator,
1655 470 1737 526 Tu
1787 471 2030 542 quidem,

2145 476 2405 546 βασιλέως
2441 475 2875 537 Κωνσταντίνου,
2915 475 3008 528 καὶ
3044 475 3112 529 δι’
3137 476 3315 548 ὅρκων
3347 481 3726 550 προσεποιεῖτο

443 564 644 632 inquit,
680 563 727 617 si
752 579 879 618 vere
899 563 1122 632 juratus
1151 562 1651 632 sis,jusiurandum
1681 572 1833 618 tuum
1857 573 2036 619 ratum

443 667 584 722 esto,
615 663 670 711 et
705 657 970 712 innocens
997 658 1130 713 eris.
1186 656 1280 711 Sin
1313 657 1365 712 id
1404 657 1526 712 ficte
1549 673 1614 712 ac
1656 656 2038 714 fraudulenter

443 746 644 815 egeris,
678 747 768 801 ille
802 747 938 818 ipse,
972 763 1066 817 per
1116 763 1278 818 quem
1315 747 1540 817 jurasti,
1569 763 1598 800 a
1629 755 1682 802 te
1709 763 1900 816 poenas
1925 749 2040 802 exi-

443 846 536 909 gat
570 855 583 890 :
625 839 772 912 quod
828 841 1028 912 ipsum,
1066 847 1124 893 ut
1160 849 1346 910 postea
1403 840 1672 904 dicemus,
1725 841 1886 910 paulo
1915 849 2039 910 post

446 928 697 1000 contigit.
725 929 890 983 Arius
921 944 1050 984 vero
1082 944 1207 982 cum
1239 927 1306 983 de
1343 927 1564 984 Eusebii
1597 927 2035 985 Nicomediensis

446 1021 712 1091 episcopi,
764 1021 856 1090 qui
911 1021 1100 1075 eadem
1149 1037 1272 1076 cum
1307 1022 1426 1091 ipso
1477 1020 2036 1084 sentiebat,factione

446 1119 614 1176 esset,
646 1111 716 1166 ab
771 1126 838 1166 eo
885 1111 953 1166 ad
1004 1111 1391 1182 imperatorem
1428 1111 1727 1183 perductus
1763 1122 1869 1175 est,
1912 1121 2035 1167 tan-

446 1215 610 1270 quam
644 1199 893 1254 haeresim
917 1215 1072 1254 suam
1106 1200 1389 1270 abjuraret
1425 1217 1488 1255 ac
1519 1200 1828 1256 damnaret.
1879 1199 2036 1256 Ideo-

445 1307 553 1363 que
582 1293 877 1362 imperator
906 1291 1144 1348 Eusebio
1188 1294 1432 1356 mandat,
1467 1301 1525 1348 ut
1553 1293 1742 1347 Arium
1765 1294 2036 1348 Constan-

446 1384 672 1454 tinopoli
717 1383 784 1438 ad
808 1385 1249 1438 communionem
1294 1384 1628 1450 admitteret,
1664 1389 1770 1443 sub
1799 1387 2037 1440 Alexan~

446 1477 546 1532 dro
568 1477 850 1548 episcopo,
881 1478 976 1547 qui
1007 1476 1252 1546 ejusdem
1278 1491 1402 1531 cum
1450 1476 1826 1534 Alexandrino
1853 1478 2034 1533 nomi-

446 1571 534 1625 nis
558 1569 1223 1639 Constantinopolitmam
1257 1569 1441 1625 sedem
1467 1569 1708 1624 tenebat.

523 1741 588 1794 γ.
615 1741 721 1795 Per
752 1741 892 1796 idem
919 1753 1130 1810 tempus
1170 1740 1519 1795 Alexandriae
1552 1741 1730 1796 beata:
1758 1738 2034 1795 memorite

2144 567 2400 640 εἰρωνείᾳ
2418 566 2484 619 τὰ
2520 568 2619 637 τῆς
2644 565 2952 637 όρθοδοξίας
2984 567 3049 636 ῥή
3061 584 3224 637 ματα·
3247 569 3522 640 φήσαντος
3545 569 3604 624 δὲ
3633 567 3726 623 τοῦ

2143 658 2407 729 βασιλέως
2463 659 2599 729 πρὸς
2666 658 2848 724 αὑτὸν,
2894 660 2975 712 ὅτι
3015 660 3078 712 Εί
3124 661 3222 730 μὲν
3261 661 3574 716 δικαιότατα
3617 662 3723 714 ἁπ-

2141 751 2396 820 όμνυσαι,
2426 751 2720 822 πιστωθείη
2742 753 2770 806 ό
2797 751 2889 815 σος
2919 751 3099 821 ὅρκος,
3131 753 3226 806 καὶ
3253 753 3432 818 ἀθῶος
3455 753 3576 824 ἔσῃ’
3597 755 3643 806 εί
3669 753 3726 807 δὲ

2143 843 2354 906 δολίως,
2382 844 2502 896 καθ’
2527 837 2588 897 οὗ
2627 841 2874 913 ὤμοσας,
2910 844 3138 914 ποιήσαι
3167 845 3265 914 τὴν
3295 846 3438 902 κατὰ
3467 846 3562 900 σοῦ
3587 845 3720 898 ἐκδι-

2141 933 2284 987 κίαν·
2311 935 2446 1004 ὅπερ
2471 934 2570 986 οὐκ
2591 937 2669 996 εἰς
2697 938 2912 1004 μακρὰν
2945 933 3092 1003 αὑτῷ
3114 935 3360 1003 γέγονεν,
3391 935 3469 1000 ὡς
3500 934 3724 1006 ὕστερον

2143 1026 2398 1098 ἐροῦμεν.
2435 1027 2809 1098 Συμπράττων
2840 1025 3018 1081 τοίνυν
3047 1023 3202 1091 οὗτος
3231 1029 3262 1081 ὁ
3299 1029 3517 1100 Ἄρειος
3555 1028 3722 1084 Εὐσε-

2141 1117 2241 1190 ϐίῳ
2263 1119 2340 1190 τῷ
2365 1119 2651 1190 ἐπισκόπῳ
2684 1119 3072 1189 Νικομηδείας,
3101 1120 3169 1176 τὰ
3202 1119 3340 1176 αὐτὰ
3381 1119 3522 1173 οὓτω
3551 1119 3568 1150 ⁸
3600 1136 3705 1190 φρο

2140 1211 2343 1274 νοῦντι,
2371 1210 2717 1284 προσηνέχθη
2749 1210 2830 1281 τῷ
2855 1211 3004 1281 αὑτῷ
3044 1211 3272 1281 βασιλεῖ,
3313 1211 3389 1274 ὡς
3429 1211 3589 1281 δῆθεν
3631 1211 3716 1281 ἀρ·

2140 1302 2420 1374 νούμενος,
2442 1304 2534 1356 καὶ
2561 1303 2971 1374 ἀναθεματίζων
2996 1303 3095 1374 τὴν
3119 1303 3283 1356 αὐτοῦ
3305 1304 3538 1374 αἵρεσιν.
3567 1302 3728 1356 Ὅθεν

2140 1394 2355 1447 κελεύει,
2379 1395 2472 1447 καὶ
2503 1394 2791 1464 ἐπιτρέπει
2822 1393 3066 1463 Εὐσεὸίῳ
3104 1393 3194 1446 τὸν
3221 1394 3383 1446 αὐτὸν
3415 1391 3639 1457 συνάξαι
3670 1391 3730 1442 ἐν

2140 1484 2712 1540 Κωνσταντινουπόλει
2743 1484 2836 1536 ἐπὶ
2879 1482 3228 1553 Ἀλεξάνδρου
3257 1481 3559 1534 ἐπισκόπου
3583 1481 3732 1550 ὁμω-

2141 1578 2311 1650 νύμου
2340 1576 2436 1631 τοῦ
2473 1581 2530 1630 ἐν
2573 1575 2951 1646 Ἀλεξανδρείᾳ
2981 1574 3307 1640 ἐπισκόπου,
3339 1571 3491 1636 ὄντος
3523 1570 3582 1624 δέ
3607 1571 3729 1622 ἐπι-

2143 1671 2346 1726 σκόπου
2375 1669 3018 1732 Κωνσταντινουπόλεως.

2213 1761 2286 1814 E'.
2329 1761 2465 1830 Ἤδη
2515 1760 2571 1814 δὲ
2615 1762 2644 1812 ό
2689 1757 2998 1829 μακαρίτης
3041 1758 3155 1828 (57)
3214 1755 3560 1827 Ἀλέξανδρος
3601 1757 3631 1808 ό
3667 1753 3727 1807 ἐν

449 1834 756 1889 Alexander
811 1844 933 1904 post
989 1833 1214 1897 Meletii,
1259 1834 1326 1888 de
1362 1850 1468 1903 quo
1519 1832 1668 1897 dixi,
1707 1832 2042 1888 confessoris

2157 1824 2531 1927 Ἀλεξανδρείᾳ
2569 1824 2706 1926 μετα
2740 1824 3428 1924 τὴν-τελευτὴννΜελητίου
3464 1824 3559 1900 τοῦ
3595 1865 3728 1919 προ-

448 1927 685 1990 obitum,
719 1925 983 1980 adversus
1009 1925 1268 1980 Ecclesia:
1291 1925 1531 1978 schisma
1567 1924 1872 1978 vehementi
1901 1938 2042 1993 quo-

449 2018 576 2071 dam
625 2016 820 2071 ardore
877 2032 1177 2071 succensus
1234 2015 1594 2081 Meletianos,
1651 2015 1745 2085 qui
1796 2015 2041 2084 privatos

448 2121 758 2166 conventus
819 2109 1112 2173 habebant,
1174 2110 1382 2178 agitare
1438 2123 1503 2163 ac
1564 2123 1763 2164 vexare
1818 2118 1873 2162 et
1932 2107 2040 2164 vim

453 2203 714 2259 adhibere
761 2211 1028 2274 coeperat,
1089 2218 1158 2256 ne
1207 2203 1275 2255 ab
1307 2217 1415 2256 una
1455 2201 1759 2270 eademque
1794 2197 2042 2254 Ecclesia

451 2295 850 2350 contumaciter
883 2293 1284 2358 desciscerent;
1324 2293 1401 2345 illi
1452 2299 1646 2345 contra
1674 2289 2042 2345 detrectantes

453 2387 777 2443 tumultuari
833 2400 899 2440 ac
954 2383 1280 2455 perturbare
1327 2383 1532 2438 omnia.
1605 2382 1786 2446 Quare
1851 2396 2041 2451 perse—

454 2489 658 2548 quente
693 2491 811 2541 eos,
853 2485 908 2530 et
947 2484 1175 2545 urgente
1199 2475 1384 2527 acrius
1425 2473 1760 2536 Alexandro,
1789 2473 2042 2526 nonnulli

454 2591 484 2626 ο
514 2579 673 2625 sectae
707 2568 1006 2640 primariis,
1059 2582 1124 2620 ac
1157 2569 1357 2636 pietate
1387 2574 1442 2620 et
1476 2567 1676 2622 virtute
1696 2566 1855 2621 facile
1894 2567 2043 2636 prin-

453 2666 624 2735 cipes,
651 2671 710 2717 ut
741 2662 809 2715 iis
841 2659 1204 2715 incommodis
1232 2659 1600 2723 mederentur,
1627 2659 1694 2713 ad
1721 2661 2041 2716 comitatum

453 2756 685 2830 profecti
717 2762 868 2818 sunt,
905 2763 961 2806 ut
991 2753 1306 2822 imperatori
1343 2753 1736 2822 supplicarent,
1772 2755 1840 2808 ab
1871 2769 2044 2824 eoque

455 2851 796 2921 privatorum
835 2854 1206 2901 conventuum
1253 2845 1370 2898 sine
1410 2845 1524 2899 ullo
1555 2845 1942 2914 impedimento
1965 2845 2039 2898 fa-

456 2943 716 2998 cultatem
769 2939 1107 2994 obtinerent.
1168 2936 1248 2991 Ex
1298 2937 1387 2993 his
1437 2937 1698 3007 prmcipui
1733 2945 1892 2992 erant
1941 2936 2045 2990 Pa-

457 3035 722 3108 phnutius
753 3031 974 3104 quidam
1038 3031 1120 3085 vir
1149 3045 1380 3098 magnus
1409 3038 1463 3084 et
1502 3029 1852 3090 anachoreta,
1883 3029 2040 3101 721

457 3128 619 3199 cujus
650 3133 828 3181 mater
881 3123 1162 3179 Christum
1191 3123 1320 3177 olim
1359 3120 1614 3176 confessa
1645 3120 1843 3184 fuerat,
1875 3121 1968 3175 sed
1991 3127 2044 3176 et

462 3221 583 3289 ipse
611 3217 796 3286 aliqua
827 3230 894 3269 ex
932 3221 1088 3283 parte
1110 3211 1357 3266 eamdem
1381 3209 1781 3265 confessionem
1810 3209 2042 3264 obierat.

456 3312 592 3365 Cum
620 3322 685 3364 eo
721 3313 839 3362 erat
875 3314 929 3360 et
960 3303 1202 3358 Joannes
1256 3302 1476 3356 illorum
1526 3301 1840 3371 episcopus,
1875 3300 1958 3354 vir
1993 3309 2049 3357 et

460 3405 580 3474 ipse
603 3415 732 3456 cum
765 3399 961 3470 primis
999 3395 1352 3458 venerabilis,
1396 3408 1612 3448 necnon
1645 3399 1699 3446 et
1748 3390 2048 3446 Callinicus

461 3491 665 3548 Pelusii
695 3491 1006 3560 episcopus,
1044 3502 1169 3542 cum
1231 3486 1354 3540 aliis
1381 3483 1734 3553 quibusdam,
1756 3482 1851 3552 qui
1883 3483 2046 3553 hujus

459 3583 677 3639 consilii
707 3581 1002 3651 participes
1035 3577 1269 3632 fuerant.
1290 3575 1540 3642 Quicum
1569 3573 1636 3626 ad
1665 3573 2048 3643 imperatorem

461 3675 765 3735 venissent,
825 3681 881 3726 et
918 3670 1070 3725 adire
1116 3668 1338 3730 vellent,
1374 3666 1519 3737 pulsi
1556 3680 1621 3719 ac
1662 3663 1852 3733 rejecti
1888 3672 2043 3719 sunt.

464 3766 599 3822 Nam
629 3763 861 3818 Palatini
881 3761 1068 3817 audito
1092 3759 1505 3814 Meletianorum
1528 3755 1769 3821 nomine,
1786 3754 1917 3825 quid
1944 3755 2048 3811 hoc

465 3858 574 3914 sibi
597 3855 757 3912 vellet
792 3854 1132 3927 ignorantes,
1168 3849 1321 3904 adire
1354 3845 1653 3918 principem
1676 3841 1902 3899 minime
1925 3858 2048 3914 per-

465 3951 753 4006 miserunt.

542 4041 628 4096 Vl.
689 4041 838 4096 Inter
891 4037 1007 4092 haec
1054 4034 1436 4105 Paphnutius,
1475 4031 1718 4092 Joannes
1765 4051 1828 4092 ac
1867 4035 2048 4092 caeteri

465 4129 944 4200 Constantinopoli
1004 4139 1059 4182 et
1107 4125 1441 4181 Nicomediae
1487 4125 1791 4196 longiorem
1837 4141 2047 4182 moram

467 4225 773 4289 trahentes,
813 4237 938 4276 cum
965 4219 1205 4274 Eusebio
1233 4217 1572 4284 Nicomedia;
1599 4219 1859 4289 episcopo
1889 4219 2049 4273 fami-

471 4317 760 4372 liaritatem
785 4311 1144 4375 contrahunt,
1177 4309 1338 4379 eique
1364 4323 1478 4364 rem
1511 4322 1729 4363 omnem
1757 4309 2009 4379 aperiunt
2033 4324 2048 4375 ;

474 4413 744 4466 noverant
797 4404 943 4460 enim
991 4403 1139 4456 hunc
1172 4400 1316 4472 apud
1366 4401 1750 4472 imperatorem
1787 4400 1965 4473 gratia
1995 4408 2051 4457 et

544 4591 559 4620 ¹
595 4587 656 4643 F.
679 4583 875 4656 τούτῳ,
905 4585 988 4639 vel
1017 4580 1183 4651 αὐτῷ.

2142 1950 2435 2022 ειρημένου
2483 1945 2846 2018 όμολογητοῦ,
2897 1945 3057 2014 ζῆλον
3103 1941 3406 2012 ἀνειληφὼς
3453 1940 3594 1994 κατὰ
3632 1939 3726 1992 τοῦ

2143 2040 2442 2110 σχίσματος
2489 2037 2586 2108 τῆς
2647 2034 2996 2105 Ἐκκλησίας,
3047 2034 3222 2103 πάντη
3277 2033 3402 2096 τοὺς
3451 2031 3558 2100 ἰδίᾳ.
3607 2047 3727 2082 συν-

2144 2126 2397 2195 άγοντας.
2452 2126 2557 2178 ὑπὸ
2607 2123 2664 2176 δὲ
2707 2122 2976 2193 Μελητίου
3031 2120 3513 2190 καταλειφθέντας,
3556 2119 3728 2174 ἐδόκει

2141 2211 2437 2282 ταράσσειν
2473 2229 2531 2264 τε
2575 2211 2670 2265 καὶ
2712 2211 2980 2280 συνέχειν,
3025 2209 3311 2280 βιάζεσθαί
3345 2226 3428 2272 τε,
3471 2210 3618 2272 ὅπως
3650 2212 3728 2280 μὴ

2142 2303 2484 2374 ἁφηνιάσωσι
2510 2302 2610 2374 τῆς
2644 2303 2773 2374 μιᾶς
2807 2302 3155 2372 Ἐκκλησίας.
3189 2301 3255 2354 Οἱ
3281 2300 3434 2372 δὲμὴ
3465 2300 3719 2370 βουλόμε-

2143 2414 2225 2450 νοι
2265 2395 2590 2466 ἐτάραττον,
2641 2395 2736 2448 καὶ
2779 2393 3024 2466 ταραχὰς
3069 2395 3356 2464 ἐνήργουν.
3392 2393 3490 2446 Ἐκ
3535 2392 3736 2446 τούτου.

2145 2487 2460 2557 πιεζόμενοι
2487 2488 2582 2540 καὶ
2613 2487 2962 2556 συνεχόμενοι
3003 2485 3107 2538 ὑπὸ
3136 2483 3232 2536 τοῦ
3272 2483 3546 2555 μακαρίου
3575 2483 3727 2536 Ἀλεο

2144 2576 2763 2650 ξὰνδρου,’ἐπιχειροῦσί
2801 2594 2948 2640 τινες
2976 2576 3034 2642 ἐξ
3063 2575 3245 2628 αὐτῶν
3273 2575 3598 2646 ἀκρέμονες,
3634 2573 3730 2626 καὶ

2145 2671 2213 2724 τὰ
2246 2671 2486 2739 πρωτεῖα
2511 2667 2912 2739 ἀποφερόμενοι
2940 2666 2996 2719 ἐν
3027 2684 3087 2718 τε
3115 2665 3368 2736 εὐσεϐείᾳ
3393 2665 3485 2717 καὶ
3519 2667 3575 2716 ἐν
3607 2663 3724 2733 βίῳ,

2145 2762 2238 2815 καὶ
2270 2761 2575 2814 στέλλονται
2600 2761 2692 2813 ἐπ)⁹
2714 2760 2775 2812 τὸ
2806 2761 3113 2832 κομητᾶτον
3147 2757 3398 2827 ἐντυχίας
3428 2756 3610 2817 ἕνεκα,
3635 2753 3726 2807 τοῦ

2145 2855 2405 2924 ἐντυχεῖν,
2448 2851 2849 2921 καὶ.ἀνεθῆναι
2894 2849 2988 2904 τοῦ
3046 2849 3303 2917 συνάγειν
3353 2847 3478 2917 ἰδίᾳ,
3525 2845 3728 2916 καὶμὴ

2145 2946 2472 3000 κωλύεσθαι.
2517 2941 2625 2998 Ἦν
2668 2944 2725 2998 δὲ
2765 2941 3236 3011 Παφνούτιός(58)
3265 2957 3349 3004 τις
3392 2939 3566 3009 μέγας
3590 2937 3728 3008 ἀνὴρ

2147 3037 2523 3109 ἀναχωρητὴς,
2552 3037 2646 3090 καὶ
2669 3035 2828 3097 αὐτὸς
2859 3035 2972 3097 υίὸς
2994 3029 3390 3104 ὀμολογητρίας
3421 3027 3735 3099 τυγχάνων,

2072 3165 2114 3222 C
2147 3128 2538 3200 παραψάμενος
2569 3127 2664 3181 καὶ
2693 3126 2856 3189 αὐτὸς
2876 3123 3056 3187 ποσῶς
3078 3124 3173 3194 τῆς
3203 3121 3520 3192 ὁμολογίας,
3549 3118 3728 3222 Ἰωάν-

2152 3239 2248 3293 νης
2276 3238 2336 3274 τε
2366 3221 2661 3283 ἐπίσκοπος
2689 3219 2798 3272 τῶν
2825 3219 3025 3279 αὐτῶν,
3055 3216 3194 3287 ἀνὴρ
3223 3216 3317 3268 καὶ⁸
3350 3213 3508 3274 αὐτὸς
3531 3209 3728 3281 τιμιώ-

2149 3326 2329 3374 τατος,
2361 3308 2685 3372 Καλλίνικός
2711 3325 2770 3361 τε
2806 3309 2832 3360 ό
2865 3310 2924 3361 ἐν
2957 3305 3242 3377 Πηλουσίῳ
3275 3304 3593 3364 ἐπίσκοπος,
3633 3304 3728 3354 καὶ

2149 3401 2294 3456 ἄλλοι
2317 3401 2459 3464 τινὲς
2486 3403 2534 3454 οί
2558 3399 2714 3453 τοῦτο
2745 3399 3126 3469 ποιησάμενοι⁸
3155 3397 3376 3459 οἵτινες,
3403 3393 3726 3456 ἀπελθόντες

2149 3495 2244 3548 καὶ
2269 3493 2578 3564 ἐντυχόντες
2615 3491 2694 3562 τῷ
2733 3490 2942 3560 βασιλεῖ
2980 3488 3368 3559 ἀπετρέποντο,
3395 3487 3487 3539 καὶ
3511 3483 3726 3548 ἐξεὸάλέ

2147 3585 2318 3639 λοντο.
2338 3586 2401 3639 Οἱ
2427 3584 2534 3654 γὰρ
2559 3585 2617 3636 ἐν
2643 3581 2721 3653 τῷ
2748 3581 2993 3651 παλατίῳ
3023 3579 3354 3641 ἀκούσαντες
3374 3574 3726 3645 Μελητιανῶν

2148 3677 2338 3748 ὄνομα,
2369 3677 2463 3731 καὶ⁸
2491 3675 2811 3746 ἀγνοοῦντες
2839 3674 2889 3726 τί
2925 3673 2989 3728 ἂν
3017 3673 3110 3742 εἴη
3139 3672 3198 3724 τὸ
3229 3671 3487 3732 τοιοῦτον,
3513 3669 3573 3724 οὐ
3612 3685 3726 3720 συν·

2149 3769 2386 3842 εχὼρουν
2415 3768 2597 3834 αὐτοῖς
2630 3767 2871 3837 ἐντυχεῖν
2899 3764 2977 3834 τῷ
3007 3763 3234 3834 βασιλεῖ.

2222 4036 2310 4100 ς’.
2353 4033 2463 4086 Καὶ
2499 4032 2557 4084 ἐν
2581 4029 2756 4099 τούτῳ
2792 4026 3104 4098 συμϐέϐηκε
3139 4020 3556 4094 χρονοτριϐῆσαι
3601 4018 3732 4081 τοὺς·

2151 4125 2279 4196 περὶ
2303 4123 2657 4195 Παφνούτιον,
2707 4125 2798 4176 καὶ
2844 4123 3117 4194 Ἰωάννην,
3143 4121 3238 4175 καὶ
3277 4119 3498 4180 λοιποὺς
3526 4116 3618 4169 ἐπὶ⁸
3657 4115 3725 4168 τὰ

2155 4217 2296 4288 μέρη
2343 4217 2444 4286 τῆς
2502 4214 3126 4278 Κωνσταντινουπόλεως
3190 4213 3284 4266 καὶ
3336 4209 3721 4280 Νικομηδείας·

2151 4309 2284 4360 Τότε
2313 4307 2369 4360 δὲ
2401 4307 2700 4378 φιλιοῦνται
2743 4307 3024 4377 ἐπισκόπῳ
3062 4305 3428 4376 Νικομηδείας
3455 4302 3530 4373 τῷ
3561 4301 3725 4353 Εὐσε-

2152 4405 2274 4476 ϐίῳ,
2302 4405 2394 4458 καὶ
2426 4404 2786 4476 ἀναφέρουσιν
2813 4401 2960 4473 αὐτῷ
2985 4401 3053 4454 τὰ
3091 4399 3233 4456 κατὰ
3271 4397 3367 4468 τὴν
3399 4393 3567 4465 αὐτὴν
3597 4393 3724 4447 ὑπό-

545 4748 656 4819 (57)
695 4744 847 4811 Ἤδη
881 4742 1010 4819 βὲδ
1039 4737 1392 4819 μακαρίτης·
1451 4735 1772 4819 Excede!"
1831 4735 2043 4819 ρφείηε

2151 4737 2209 4793 in
2231 4737 2596 4819 conciliabit-lo
2625 4734 2792 4819 Tyrio
2831 4750 2929 4805 pro
2955 4730 3254 4819 Athanasio
3279 4725 3727 4819 adversusAr-ia:

471 4805 845 4886 consequens
876 4805 1115 4886 historia
1145 4805 1414 4886 _prodiit;
1447 4805 1740 4886 _Meletia_ni
1762 4807 2048 4886 vide-licet

473 4875 782 4958 cujuspiam
806 4880 1112 4958 nebulonis.
1145 4875 1341 4958 Iniqua
1363 4877 1615 4958 ‘primum
1645 4875 1779 4958 illud
1809 4876 2048 4958 falsissi-

479 4945 767 5019 tnum'est,
798 4951 1095 5022 superstite
1147 4945 1325 5003 adhuc
1371 4945 2048 5022 Alexandqueletianos

477 5046 602 5086 cum
631 5017 846 5081 Aria-nis
871 5017 1256 5091 conspirasse;
1287 5017 1434 5087 quod
1467 5017 1784 5091 Alexandro
1826 5018 2047 5091 demum

481 5107 696 5156 mortuo
714 5087 1190 5163 contigisse—docet
1215 5087 1551 5163 Athanasius
1575 5087 1727 5154 Apol.
1757 5087 1826 5163 2.
1852 5087 2048 5156 p.603.

479 5155 613 5224 Nam
652 5155 956 5222 Alexander
985 5162 1225 5216 nondum
1249 5175 1280 5214 v
1313 5158 1593 5212 mensibus
1615 5165 1738 5227 post
1767 5155 2046 5212 Nicaanum

481 5240 776 5294 concilium
818 5234 1050 5306 expletis
1086 5232 1338 5306 moritur.
1384 5227 1514 5282 Post
1539 5229 1659 5295 ejus
1689 5228 2050 5306 obitum__cum

486 5309 733 5363 Meletius
777 5297 1062 5376 per-idem
1108 5301 1218 5356 fere
1249 5309 1471 5376 tempus
1496 5299 1844 5376 e_3_tcessi_ssct,
1883 5297 2050 5376 Sfele—

485 5381 618 5433 tiani
647 5381 714 5433 ab
743 5367 976 5431 Eusebio
1004 5367 1406 5426 Nicomediensi
1434 5368 1710 5422 sollicitati
1742 5384 1866 5421 cum
1897 5367 2050 5419 Aria-

489 5464 680 5501 norum
715 5447 950 5500 factione
981 5445 1250 5497 coierunt.
1282 5440 1412 5505 Qum
1441 5439 1701 5493 historica
1735 5438 1909 5493 series
1942 5436 2054 5491 Me-

489 5517 672 5573 letiani
701 5515 1011 5584 impostoris
1033 5513 1271 5567 fabulam
1307 5509 1539 5584 jugulat.

561 5588 678 5656 (58)
705 5577 827 5640 'Hr
846 5585 923 5656 δὲ
949 5577 1343 5656 Παφνουξλιοςὲ.
1365 5577 1525 5656 ﬁlius
1565 5577 1651 5656 hic
1680 5593 1803 5633 esse
1827 5578 2050 5656 debetna

492 5647 690 5725 magno
727 5657 818 5710 illo
843 5647 1469 5725 Paphnhtithebaidis
1511 5649 1786 5725 episcopo,
1823 5649 1915 5725 qui
1956 5647 2051 5699 Ni-

495 5719 675 5798 eaana:
699 5719 939 5798 synodo'
961 5721 1227 5798 interfuit,
1269 5721 1490 5798 quique_
1523 5726 1576 5798 et
1618 5719 1732 5785 ipse
1765 5719 2048 5798 confessor

496 5787 1116 5861 exstitit,'Constantino
1166 5787 1304 5860 imp.
1342 5787 1722 5844 charissimus.
1767 5787 1866 5842 Hic
1899 5789 2045 5844 enim

2152 4825 2255 4864 nos
2278 4809 2502 4862 restitit.
2532 4796 2789 4860 Fortasse
2815 4796 2945 4859 vero
2981 4802 3300 4857 Meletianus
3323 4799 3448 4855 iste,
3472 4797 3564 4867 qui
3589 4796 3730 4852 hanc

2149 4880 2390 4934 fabulam
2423 4877 2794 4939 concinnavit,
2847 4875 2900 4926 in
2948 4872 3242 4943 Paphnutii
3283 4870 3502 4943 nomine
3534 4867 3720 4920 fucum

2151 4950 2386 5021 posteris
2414 4949 2558 5008 fecit.
2594 4957 2652 5002 ut
2681 4941 3096 5021 Paphnutiume
3121 4941 3530 5021 Meletianorum
3559 4952 3720 5018 grege

2151 5008 2462 5090 quempiam
2493 5034 2619 5090 cum
2652 5008 2825 5090 alte-Io
2847 5015 2938 5090 illo
2962 5014 3280 5090 confessore
3301 5017 3355 5064 et
3378 5009 3578 5088 insigni
3608 5008 3723 5060 viro

2151 5081 2485 5146 confuderit.
2552 5087 2694 5142 Sane
2753 5081 3363 5157 Paphnutiosaliquot
3435 5081 3729 5157 episcopos

2154 5167 2405 5216 recenset
2446 5160 2786 5214 Athanasius
2827 5151 2877 5210 in
2907 5154 3192 5221 Apologia;
3245 5151 3342 5228 sed
3397 5151 3490 5218 qui
3546 5151 3722 5228 ipsius

2155 5247 2336 5285 causa:
2375 5231 2641 5290 laverint,
2698 5243 2863 5281 unum
2925 5239 3051 5279 vero
3084 5220 3436 5296 monachum,
3468 5220 3720 5296 quiinsif

2155 5302 2368 5355 diarum
2401 5288 2906 5365 calumniarumque
2939 5302 3135 5365 contra
3181 5305 3240 5344 se
3286 5291 3353 5365 ab
3397 5288 3720 5365 Arianis.ct

2158 5370 2462 5426 Meletianis
2518 5360 2974 5437 exeogitatai-um_
3001 5364 3275 5437 particeps
3327 5360 3522 5437 fuerit}
3550 5360 3720 5437 cujus

2155 5425 2442 5510 epistolam
2490 5440 2552 5510 in
2603 5425 2753 5505 .4501.
2786 5425 3080 5510 ‘2_pro_fert.
3140 5425 3417 5510 Postremo
3468 5425 3720 5481 Callinici

2160 5503 2431 5567 Meletiani
2485 5509 2540 5563 in
2577 5503 2767 5564 eadem
2818 5503 2971 5574 Apol.
3020 5503 3287 5564 meminit,
3315 5510 3719 5576 _eu_t‘nque.cul.n

2157 5582 2338 5638 [sione
2387 5589 2441 5635 et
2484 5581 2814 5634 Eudaamone
2865 5567 3230 5631 subornatum
3281 5571 3348 5624 ab
3398 5567 3724 5646 Eusebianis

2157 5637 2446 5714 scribit,ut
2475 5651 2737 5709 falsorum
2766 5648 3059 5703 criminum
3087 5658 3238 5700 reum
3271 5655 3396 5698 sese
3430 5637 3499 5693 ad
3527 5637 3722 5706 imper.

2155 5724 2446 5780 deferrent.
