4138 6396
388 454 506 518 1ῦῦ

1000 460 1373 520 Αυνειιευε
1412 437 1757 521 ιωιιεεεε
1792 463 1924 520 LIB.
1967 463 1997 519 ι]

2100 427 2238 520 i‘OM.
2277 461 2346 519 ιι.
2383 492 2455 504 -
2495 462 2771 520 HERES.
2812 461 3045 520 vaut.

3597 464 3701 522 194

387 576 572 631 θεσιν.
607 576 871 651 ᾜδεισαν
904 578 1016 652 γὰρ
1051 581 1216 636 αὑτὸν
1264 581 1403 654 πρὸς
1449 577 1558 636 τὸν⁵
1589 582 1814 653 βασιλέα
1846 585 1997 637 Κων-

2110 583 2441 637 auctoritate
2503 583 2686 638 valere
2742 582 3067 653 plurimum.
3138 579 3242 636 Per
3304 580 3453 636 hunc
3514 582 3700 652 itaque

392 671 682 724 σταντῖνον
711 673 1035 745 παρρησίαν
1060 672 1224 746 ἔχειν,
1251 672 1463 738 ἀξιοῦσί
1488 692 1549 728 τε
1569 675 1732 728 αὑτὸν
1751 676 1820 728 δι’
1840 676 2005 729 αὐτοῦ

388 761 477 832 τῷ
502 761 717 832 βασιλεῖ
742 765 1133 837 γνωρισθῆναι.
1180 766 1241 820 '0
1286 767 1364 831 δὲ,
1400 765 1538 837 μετὰ
1581 766 1643 819 τὸ
1672 767 2004 838 ὑποσχέσθαι

390 854 600 917 αὐτοὺς
646 854 888 910 ἀνοίσειν
919 855 1000 928 τῷ
1035 856 1268 927 βασιλεῖ,
1310 858 1406 912 καὶ
1452 858 1680 928 ποιῆσαι
1717 859 1902 923 αὐτοῖς
1944 859 2006 911 τὸ

388 947 635 1017 πρᾶγμα
664 946 765 1018 τῆς
787 946 1046 1019 δεήσεως,
1082 950 1314 1003 αἰτεῖται
1339 949 1471 1022 παρ’
1497 949 1678 1003 αὐτῶν
1704 949 1766 1003 τὸ
1793 950 2004 1020 αἴτημα

386 1037 577 1104 τοῦτο,
608 1040 759 1104 ὅπως
781 1039 1044 1108 δέξωνται
1077 1042 1299 1114 Ἀρειον
1335 1040 1454 1113 μετ’
1488 1040 1667 1095 αὐτῶν
1705 1043 1787 1106 εἰς
1813 1058 2004 1095 κοινω-

388 1129 537 1193 νίαν,
569 1130 730 1203 δῆθεν
772 1132 1161 1205 προσποιητῶς
1200 1132 1364 1188 αὑτὸν
1393 1134 1490 1187 καὶ
1532 1134 1788 1206 εἰρωνείᾳ
1835 1151 2003 1205 μετα-

387 1220 643 1278 νοοῦντα.
681 1225 747 1277 Ol
780 1224 837 1279 δὲ
883 1226 1276 1298 ὑπισχνοῦνται
1309 1226 1473 1281 αὐτόν
1496 1227 1540 1282 ⁸.
1591 1228 1704 1281 Καὶ
1750 1226 2001 1281 ἐντεῦθεν

388 1314 701 1385 προσφέρει
750 1318 951 1382 αὑτοὺς
998 1317 1076 1391 τῷ
1127 1318 1356 1390 βασιλεῖ,
1392 1319 1488 1373 καὶ
1537 1320 1608 1374 τὰ
1650 1322 1772 1373 κατ’
1800 1321 2000 1386 αὑτοὺς

388 1402 661 1471 Εὐσέϐιος
700 1408 1046 1464 ἀναδιδάσκει
1070 1428 1083 1441 ·
1120 1412 1218 1465 καὶ
1260 1413 1622 1484 συγχωρεῖται
1655 1416 1769 1478 τοῖς
1812 1413 1999 1485 Μελη-

387 1499 603 1562 τιανοῖς
642 1498 830 1554 ἔκτοτε
875 1502 1000 1556 καθ’
1042 1504 1268 1568 ἑαυτοὺς
1316 1504 1597 1574 συνάγειν,
1642 1505 1736 1558 καὶ
1785 1504 1860 1576 μὴ
1894 1505 1999 1558 ὑπό

388 1605 561 1642 τινων
598 1591 896 1661 ὀχλεῖσθαι.
937 1594 1026 1659 Ὠς
1070 1595 1183 1648 εἴθε
1236 1595 1436 1666 μᾶλλον
1487 1598 1536 1650 οί
1595 1597 1749 1651 αὐτοὶ
1790 1599 1841 1652 οί
1898 1598 1997 1670 τὴν

389 1683 886 1757 ἀκροδικαιοσύνην
919 1687 1018 1758 τῆς
1064 1687 1325 1758 ἀληθείας
1363 1688 1782 1761 ἀναδεδεγμένοι
1817 1688 1999 1761 Μελη-

388 1777 570 1831 τιανοὶ
605 1778 745 1848 μετὰ
772 1778 883 1831 τῶν
913 1780 1343 1851 παραπεσόντων
1371 1782 1512 1852 μετὰ
1544 1782 1833 1853 μετάνοιαν
1855 1783 1999 1835 ἐκοι-

391 1866 652 1940 νώνησαν
700 1871 848 1942 ἥπερ
888 1871 1088 1943 Ἀρείῳ
1121 1873 1216 1926 καὶ
1257 1874 1372 1938 τοῖς
1422 1872 1518 1927 ἀπ’
1552 1871 1747 1927 αὑτοῦί
1799 1874 1995 1942 Γέγονε

387 1961 505 2033 γὰρ
532 1962 718 2026 αὐτοῖς
746 1961 909 2016 τοῦτο
929 1963 1074 2016 κατὰ
1100 1963 1199 2036 τὴν
1231 1963 1553 2036 παροιμίαν,
1592 1965 1675 2019 ὅτι
1703 1965 1996 2035 φεύγοντες

390 2052 486 2105 τὸν
534 2051 742 2106 καπνὸν
798 2054 880 2115 είς
935 2052 1047 2123 πῦρ
1086 2053 1361 2109 ἐνέπεσον.
1410 2053 1549 2107 Οὑτε
1605 2054 1717 2127 γὰρ
1779 2057 1995 2121 ’Ἀρειος

386 2144 628 2215 ἠδύνατο
681 2143 826 2214 ἔχειν
872 2144 1063 2199 στάσιν
1115 2145 1210 2199 καὶ
1257 2145 1596 2218 παρρησίαν,
1641 2144 1717 2216 μὴ
1759 2144 1847 2199 διὰ
1894 2145 1994 2216 τῆς

388 2236 654 2307 τοιαύτης
707 2236 1056 2300 ὑποθέσεως,
1103 2237 1227 2308 ἥτις
1266 2238 1492 2307 γέγονεν
1527 2238 1712 2302 αὐτοῖς
1761 2239 1855 2291 καὶ
1914 2241 1995 2302 είς

389 2327 559 2399 δεῦρο
613 2327 761 2400 κακὴ
810 2328 1099 2397 συνάφεια.
1151 2329 1536 2400 Συνεμίγησαν
1581 2328 1690 2402 γὰρ
1733 2330 1784 2382 οἱ
1827 2329 1996 2382 καθα-

396 2418 652 2490 ρεύοντές
684 2435 819 2472 ποτε
844 2420 944 2473 ικαὶ
971 2419 1311 2492 ἀκροδίκαιοι
1344 2421 1412 2491 τῇ
1456 2420 1637 2473 πίστει
1667 2419 1996 2492 Μελητιανοὶ

393 2510 543 2581 μετὰ
568 2510 680 2564 τῶν
704 2510 799 2564 τοῦ
843 2511 1055 2581 Ἀρείου
1091 2511 1350 2583 μαθητῶν
1372 2529 1384 2542 ·
1421 2512 1520 2565 καὶ
1549 2512 1599 2565 ol
1633 2512 1851 2576 πλείους
1894 2513 1995 2584 μὲν

391 2602 500 2675 ἤδη
525 2602 867 2674 ὲχράνθησαν
890 2606 958 2676 τῇ
992 2604 1087 2658 τοῦ
1135 2603 1347 2677 Ἀρείου
1375 2604 1730 2676 κακοπιστία,
1757 2605 1868 2659 ἀπὸ
1892 2604 1994 2676 τῆς

393 2694 637 2759 πίστεως
676 2696 1042 2767 ἐκτραπέντες
1072 2694 1129 2750 ὲν
1170 2696 1381 2760 τούτοις
1418 2698 1530 2760 τοῖς
1572 2697 1819 2768 χρόνοιςο
1850 2698 1993 2762 τινὲς

392 2788 474 2854 δὲ,
503 2790 555 2841 εἰ
583 2788 679 2843 καὶ
699 2787 921 2859 ἔμειναν
944 2787 1159 2859 ἔχοντες
1182 2788 1281 2860 τὴν
1306 2787 1564 2860 ἀληθινὴν
1585 2789 1789 2856 πίστιν,
1813 2789 1995 2860 ἔχουσι

399 2879 524 2951 μὲν,
569 2880 631 2933 οὑ
673 2879 779 2951 μὴν
817 2878 874 2933 δέ
927 2881 1066 2934 εἰσιν
1105 2879 1517 2951 ἀπηλλαγμένοι
1570 2880 1671 2950 τῆς
1718 2878 1993 2953 βορϐορώ-

392 2971 524 3036 δους
555 2971 825 3044 ῥυπαρίας
852 2971 941 3026 διὰ
973 2972 1073 3042 τὴν
1104 2971 1241 3044 πρὸς
1270 2971 1363 3025 τὸν
1392 2973 1609 3044 Ἀρειον
1639 2973 1736 3026 καὶ
1773 2974 1993 3045 Ἀρεια-

394 3065 525 3127 νοῦς
545 3065 850 3120 κοινωνίαν.
895 3064 1027 3118 Ἀπὸ
1048 3064 1105 3117 δὲ
1128 3064 1228 3136 τῆς
1254 3064 1662 3136 προειρημένης
1687 3064 1996 3131 ὑποθέσεως

395 3157 558 3228 ἔσχεν
577 3160 609 3229 ἡ
627 3159 761 3230 πρὸς
780 3157 1002 3223 τούτους
1021 3158 1285 3228 συνάφεια
1307 3157 1576 3229 Μελητίου
1592 3174 1655 3211 τε
1674 3160 1769 3211 καὶ
1784 3159 1996 3231 ’Δρεια-

396 3250 509 3304 νῶν
539 3250 863 3322 προφάσεις.

485 3341 647 3396 Ἀλλὰ
674 3342 881 3414 μεταξὺ
926 3341 1109 3413 ὀλίγου
1143 3341 1337 3414 χρόνου
1369 3339 1575 3413 (καθὼς
1602 3343 1622 3372 ²
1678 3338 1999 3411 ὑπεσχόμην

397 3436 578 3489 εἰπεῖν
612 3435 711 3507 τὴν
757 3434 1014 3490 ὑπόθεσιν
1053 3435 1290 3490 ἐνταῦθα
1323 3433 1713 3507 διηγήσομαι),
1758 3435 2002 3502 ἀναγκα-

395 3528 632 3600 ζομένου
646 3528 998 3601 Ἀλεξάνδρου
1012 3528 1107 3582 τοῦ
1127 3528 1229 3599 τῆς
1251 3526 1875 3589 Κωνσταντινουπόλεως
1888 3527 2003 3579 ὲπι-

399 3621 610 3675 σκὸπου
638 3621 972 3686 συνάξαιτὸν
995 3623 1235 3694 Ἀρειον,
1267 3623 1362 3675 καὶ
1391 3616 1557 3675 αὑτοῦ
1588 3618 1884 3691 εὐχομένου
1906 3620 2001 3673 καὶ

399 3713 781 3781 στενάξαντος,
803 3712 896 3768 καὶ
919 3713 1201 3777 κλίναντος
1218 3711 1291 3765 τὰ
1301 3711 1506 3782 γόνατα
1529 3728 1597 3764 πε
1607 3711 1658 3782 pl
1675 3710 1825 3782 ὥραν
1845 3710 1999 3763 ἐννά-

392 3823 501 3876 την
529 3805 616 3877 τῷ
639 3805 909 3877 Σαδὸάτῳ
936 3804 1167 3860 ἐνώπιον
1194 3804 1290 3858 τοῦ
1323 3802 1731 3875 θυσιαστηρίου,
1765 3801 1861 3856 τοῦ
1892 3802 2000 3856 Εὑ-

399 3897 597 3950 σεὸίου·
618 3897 890 3967 λέγοντος,
921 3900 1003 3953 ὅτι
1034 3900 1100 3952 Ei
1162 3899 1236 3970 μὴ
1290 3896 1611 3969 βουληθείης
1647 3896 1789 3951 ἑκὼν
1809 3895 1999 3950 τοῦτον

398 3989 565 4043 αὑτὸν
597 3987 844 4056 συνάξαι,
879 3990 1102 4053 ἄκοντάς
1121 4008 1218 4044 σου
1249 3991 1344 4044 σὺν
1361 3989 1487 4060 ἐμοὶ
1523 3987 1888 4041 εἰσελεύσεται
1927 3988 1997 4057 τῇ

400 4079 596 4151 αὓριον
633 4078 821 4151 ἡμέρᾳ
847 4079 1124 4150 ’Κυριακὴ
1163 4079 1220 4133 δὲ
1269 4080 1611 4149 ἐπέφωσκεν
1640 4077 1716 4143 ὡς
1740 4077 1797 4131 δὲ
1838 4076 1995 4148 ἔφην,

399 4170 706 4241 εὐξαμένου
753 4170 849 4224 τοῦ
890 4169 1264 4243 Ἀλεξάνδρου,
1301 4173 1398 4225 καὶ
1427 4171 1712 4243 δεηθέντος
1756 4169 1850 4226 τοῦ
1887 4173 1998 4226 Κυ-

402 4262 523 4332 ρίου
561 4259 721 4333 ἡμῶν
752 4260 787 4331 ἢ
826 4260 989 4314 αὑτὸν
1019 4262 1244 4333 ἐπᾶραι,
1277 4262 1366 4316 ἵνα
1402 4263 1476 4333 μὴ
1510 4262 1864 4335 συμμολυνθῇ
1917 4262 1996 4335 τῷ

411 4353 617 4425 Ἀρείῳ
639 4352 719 4425 τῷ
744 4352 887 4407 κατὰ
915 4352 1011 4407 τοῦ
1041 4354 1250 4427 Κυρίου
1282 4353 1760 4427 βλασφημήσαντι,
1783 4354 1817 4427 ἢ
1846 4355 2007 4426 ποιῆ-

400 4463 496 4499 σαι
531 4443 836 4516 παράδοξόν
863 4463 943 4512 τι,
967 4444 1044 4509 ὡς
1076 4446 1267 4500 εἴωθεν
1295 4450 1355 4500 ἐν
1384 4449 1547 4519 γενεᾷ
1574 4448 1671 4502 καὶ
1702 4448 1867 4519 γενεᾷ
1892 4465 1997 4501 πα·-

403 4532 810 4612 ραδοξοποιείν,
869 4540 971 4593 οὐκ
1022 4540 1104 4603 εἰς
1155 4539 1376 4611 μακρὰν
1427 4542 1461 4610 ή
1494 4539 1649 4612 Δεὐχὴ
1696 4540 1791 4594 τοῦ
1837 4540 1993 4609 ἁγίου

2109 674 2396 729 conciliari
2425 689 2485 730 se
2516 674 2842 745 imperatori
2888 688 2952 728 ac
2991 671 3220 744 perduci
3257 673 3558 743 postulant.
3592 671 3701 742 Qui

2107 782 2234 821 cum
2266 767 2479 837 prolixe
2514 766 2603 821 his
2653 766 2839 820 omnia
2871 764 3153 820 facturum
3187 781 3246 820 se
3274 766 3603 836 recepisset,
3638 774 3701 822 ut

2107 865 2161 915 et
2188 858 2258 915 de
2283 859 2504 914 illorum
2535 872 2706 914 causa
2742 858 2809 913 ad
2839 858 3230 928 imperatorem
3270 856 3524 923 referret,
3559 869 3616 913 et
3644 858 3699 916 id

2105 952 2254 1024 quod
2283 953 2545 1023 petebant
2573 952 2922 1023 impetraret,
2949 952 3197 1008 vicissim
3219 951 3327 1006 hoc
3351 950 3421 1007 ab
3457 941 3571 1009 illis
3598 968 3701 1025 po-

2107 1045 2293 1111 stulat,
2335 1054 2397 1100 ut
2427 1044 2625 1098 Arium
2664 1046 2719 1099 in
2752 1045 3201 1100 communionem
3228 1045 3561 1116 reciperent,
3604 1045 3701 1116 qui

2105 1137 2286 1193 ﬁctam
2322 1138 2756 1207 simulatamque
2803 1137 3187 1207 pmnitentiam
3227 1152 3343 1208 prae
3378 1153 3439 1193 se
3471 1138 3698 1194 tulerat.

2104 1227 2263 1295 Quod
2298 1228 2392 1286 ubi
2434 1227 2866 1298 spopondissent
2887 1267 2903 1292 ,
2937 1228 3006 1283 ad
3042 1227 3432 1299 imperatorem
3467 1242 3566 1284 eos
3603 1228 3700 1284 ad-

2102 1320 2259 1375 ducit
2291 1318 2604 1385 Eusebius,
2640 1319 2978 1390 exponitque
3012 1319 3145 1390 quid
3185 1320 3295 1377 illis
3343 1319 3549 1390 negotii
3583 1319 3697 1387 sit;

2103 1426 2167 1467 ac
2209 1419 2495 1483 postremo
2531 1411 2838 1467 Meletianis
2862 1411 2932 1466 ab
2962 1425 3027 1467 eo
3063 1420 3309 1482 tempore
3337 1411 3696 1482 permissum,

2101 1505 2357 1575 privatim
2410 1512 2469 1558 ut
2506 1505 2626 1560 sine
2666 1505 2776 1559 ulla
2822 1504 3154 1574 cujusquam
3199 1504 3454 1561 molestia
3496 1519 3700 1560 conve-

2100 1592 2219 1646 nire
2249 1600 2498 1662 possent.
2531 1591 2755 1647 Utinam
2804 1591 3081 1648 Meletiani
3127 1594 3242 1660 isti,
3282 1595 3376 1665 qui
3405 1595 3700 1651 exactissi-

2101 1697 2243 1736 mam
2296 1682 2525 1753 justitize
2571 1698 2637 1739 ac
2692 1684 2946 1740 veritatis
2988 1686 3260 1741 rationem
3302 1684 3544 1757 professi
3584 1685 3699 1743 fue-

2100 1783 2264 1847 rant,
2313 1791 2439 1831 cum
2488 1778 2557 1833 iis
2592 1778 2688 1848 qni
2740 1778 2882 1850 lapsi
2932 1788 3090 1832 erant
3141 1788 3265 1849 post
3310 1779 3693 1849 ptenitentiam

2100 1868 2543 1925 communionem
2588 1869 2817 1935 habere,
2848 1884 3015 1940 quam
3059 1885 3186 1924 cum
3214 1870 3441 1926 Arianis
3468 1872 3697 1927 maluis-

2102 1960 2254 2015 sent!
2289 1960 2535 2033 Contigit
2567 1961 2718 2017 enim
2760 1962 2873 2017 illis
2899 1959 3045 2032 quod
3082 1970 3169 2017 est
3203 1961 3258 2016 in
3289 1964 3601 2032 proverbio,
3635 1971 3696 2019 ut

2101 2052 2197 2121 qui
2247 2050 2460 2105 fumum
2513 2049 2802 2118 devitant,
2854 2051 2912 2106 in
2952 2053 3132 2123 ignem
3186 2050 3453 2108 incidant.
3505 2051 3696 2124 Neque

2101 2143 2248 2198 enim
2280 2144 2586 2199 consistere
2619 2142 2808 2208 Arius,
2844 2149 2937 2197 aut
2987 2142 3244 2198 ﬁduciam
3280 2144 3451 2199 ullam
3492 2143 3696 2202 habere

2101 2231 2394 2300 potuisset,
2426 2231 2535 2286 nisi
2564 2244 2685 2286 eam
2721 2238 2872 2286 esset
2918 2231 3269 2286 occasionem
3317 2240 3536 2301 nactus,
3570 2248 3695 2304 qua:

2102 2321 2401 2391 pessimam
2461 2320 2608 2375 inter
2660 2321 2787 2377 illos
2840 2320 2909 2375 ad
2962 2321 3290 2377 hodiernum
3338 2339 3518 2395 usque
3548 2324 3695 2380 diem

2101 2413 2457 2468 concordiam
2496 2413 2762 2469 devinxit.
2822 2414 3106 2486 Siquidem
3160 2413 3436 2470 Meletiani
3489 2415 3695 2472 sinceri

2101 2505 2376 2575 quondam
2424 2505 2659 2577 ﬁdeique
2708 2508 3041 2563 tenacissimi
3106 2523 3233 2562 cum
3285 2508 3504 2563 Arianis
3543 2523 3694 2565 eom-

2100 2597 2250 2654 misti
2292 2607 2457 2666 sunt;
2492 2607 2547 2653 et
2576 2599 2824 2670 plerique
2856 2598 2998 2656 falsa
3036 2600 3153 2654 Arii
3199 2599 3454 2655 doctrina
3502 2611 3694 2656 conta-

2101 2689 2293 2742 minati
2351 2702 2383 2742 a
2441 2696 2591 2743 recta
2644 2688 2751 2744 ﬁde
2794 2689 2902 2744 hoc
2961 2697 3207 2760 tempore
3255 2687 3690 2760 degenerarunt;

2101 2778 2355 2836 nonnulli
2387 2796 2525 2836 vero
2552 2781 2656 2837 etsi
2689 2790 3012 2837 constanter
3040 2780 3099 2836 in
3128 2796 3192 2837 ea
3223 2789 3648 2851 perseverarunt
3674 2796 3691 2846 ;

2102 2874 2173 2928 ob
2204 2875 2353 2929 illam
2377 2882 2559 2931 tamen
2598 2890 2723 2930 cum
2755 2874 2889 2931 Ario
2916 2875 3253 2946 Arianisque
3280 2874 3596 2931 societatem
3634 2876 3693 2930 in

2102 2980 2264 3021 cteno
2304 2965 2399 3023 illo
2433 2981 2498 3021 ac
2531 2967 2793 3023 sordibus
2845 2967 3147 3023 haeserunt.
3184 2966 3313 3023 Haec
3358 2967 3461 3023 fuit
3487 2973 3695 3024 mutua:

2103 3056 2246 3113 inter
2294 3057 2614 3115 Meletianos
2641 3067 2697 3116 et
2722 3058 2964 3116 Arianos
2988 3059 3401 3132 conjunctionis
3441 3060 3683 3117 occasio

2174 3340 2336 3412 722
2386 3339 2656 3397 Caeterum
2706 3341 2859 3398 brevi
2900 3342 3190 3412 interiecto
3241 3352 3491 3414 tempore
3538 3343 3690 3417 (jam

2102 3433 2249 3488 enim
2303 3433 2383 3488 uti
2432 3434 2715 3504 pollicitus
2768 3450 2891 3491 sum
2933 3436 3277 3493 narrationis
3324 3438 3523 3493 seriem
3560 3453 3690 3509 per-

2102 3533 2286 3582 texam
2312 3527 2351 3593 ),
2383 3541 2509 3581 cum
2543 3525 2855 3583 Alexander
2882 3526 3538 3600 Constantinopolitanus
3565 3529 3690 3601 epi-

2102 3633 2305 3689 scopus
2331 3618 2522 3674 Arium
2556 3619 2624 3674 ad
2653 3621 3100 3675 communionem
3133 3621 3427 3677 admittere
3464 3629 3691 3679 coactus

2101 3712 2169 3767 ad
2214 3727 2409 3784 preces
2436 3720 2491 3767 et
2520 3712 2761 3782 suspiria
2795 3710 3167 3783 confugisset,
3216 3711 3380 3769 ﬂexis
3406 3716 3559 3770 circa
3588 3713 3691 3769 ho-

2100 3820 2220 3860 ram
2272 3821 2476 3863 nonam
2534 3803 2759 3860 Sabbati
2821 3813 2952 3860 ante
2998 3806 3171 3861 altare
3222 3805 3488 3875 genibus,
3538 3806 3689 3877 quod

2099 3895 2374 3954 Eusebius
2423 3900 2499 3953 ita
2550 3898 2924 3954 comminatus
2969 3904 3119 3954 esset
3164 3916 3178 3954 :
3224 3897 3344 3953 Nisi
3386 3907 3582 3968 sponte
3631 3899 3690 3953 in

2099 3988 2544 4044 communionem
2570 3988 2725 4042 illum
2753 3987 3002 4059 recipere
3022 3988 3290 4053 volucris,
3307 3987 3553 4044 crastino
3575 3988 3691 4055 die,

2098 4088 2155 4136 te
2184 4081 2352 4136 etiam
2385 4079 2583 4147 invito,
2611 4095 2829 4136 mecum
2852 4079 3217 4152 ingredietur.
3233 4079 3478 4136 instabat
3500 4088 3689 4137 autem

2099 4173 2423 4231 Dominicus
2470 4170 2628 4242 dies;
2661 4188 2835 4244 quare
2873 4188 3000 4228 cum
3050 4172 3385 4238 Alexander,
3432 4180 3498 4227 ut
3543 4172 3691 4229 dixi-

2098 4281 2263 4332 mus,
2309 4262 2549 4320 orationi
2595 4278 2655 4321 se
2695 4262 2974 4326 dedisset,
3020 4270 3076 4318 et
3120 4276 3151 4316 a
3189 4261 3422 4317 Domino
3456 4261 3688 4333 supplex

2096 4365 2327 4430 peteret,
2360 4362 2422 4412 ut
2443 4356 2528 4412 vel
2550 4369 2611 4412 se
2632 4370 2699 4411 ex
2719 4353 2826 4409 hac
2853 4354 2964 4410 vita
2994 4355 3238 4419 tolleret,
3264 4370 3334 4410 ne
3356 4355 3494 4422 Arii,
3510 4354 3687 4426 quiin

2097 4448 2272 4505 Deum
2311 4446 2750 4504 contumeliosus
2790 4444 3007 4512 fuerat,
3060 4446 3388 4518 contagione
3415 4446 3690 4518 polluere-
3780 4438 3783 4439 ⁷

2095 4548 2216 4609 tur;
2269 4550 2364 4595 aut
2419 4539 2746 4595 inusitatum
2801 4538 3430 4610 quoddam-prodigium
3477 4537 3691 4602 ederet,

397 4631 736 4704 ἐπληροῦτοο
769 4632 912 4686 κατὰ
948 4632 1050 4699 τὰς
1087 4632 1288 4697 νύκτας
1321 4632 1579 4687 είσελθὼν
1607 4636 1636 4687 ὁ
1671 4635 1889 4705 Ἄρειος
1914 4635 1993 4697 είς

2100 4631 2409 4704 cujusmodi
2452 4631 2620 4688 certis
2655 4630 3002 4702 temporibus
3051 4629 3265 4686 eﬂicere
3310 4631 3482 4697 solet,
3522 4631 3691 4701 paulo

398 4730 575 4784 θᾶκον
599 4729 739 4801 πρὸς
766 4728 865 4788 τὰς
892 4727 1063 4782 αὐτοῦ
1087 4727 1276 4799 χρείας
1301 4726 1848 4799 παρασκευασθῆναι,
1874 4727 1994 4782 ἐλά-

398 4838 548 4887 κισε,
576 4822 831 4893 καθάπερ
853 4821 951 4876 καὶ
993 4819 1194 4884 Ἰούδας
1220 4820 1352 4873 ποτέ
1372 4836 1386 4851 ·
1424 4820 1520 4873 καὶ
1550 4818 1724 4884 οὕτως
1751 4819 1814 4873 τὸ
1839 4818 1992 4883 τέλος

368 4914 571 4989 ιαὺτοῦ
608 4915 835 4987 γέγονεν
858 4915 918 4967 ὲν
942 4913 1095 4985 τόπῳ
1122 4911 1348 4967 δυσώδει
1378 4912 1480 4981 τῆς
1502 4911 1865 4983 ἀκαθαρσίας.

466 5180 547 5235 Ζ’.
590 5176 748 5232 Μετὰ
793 5177 851 5230 δὲ
880 5176 1070 5231 τοῦτον
1103 5175 1195 5229 τὸν
1242 5173 1432 5247 χρόνον
1474 5172 1659 5228 λοιπὸν
1699 5173 1996 5228 ὲκαττύετο

393 5272 531 5346 περὶ
561 5268 582 5303 ³
611 5268 720 5324 τῶν
763 5268 956 5323 τούτου
996 5266 1253 5339 μαθητῶν
1291 5265 1361 5319 τὰ
1404 5266 1549 5319 κατὰ
1593 5266 1691 5337 τὴν
1724 5266 1993 5338 συσκευὴν

392 5364 503 5434 τῆς
555 5360 908 5434 Ἐκκλησίας.
957 5359 1245 5414 Ἐτελεύτα
1294 5355 1352 5413 δὲ
1396 5359 1741 5432 Ἀλέξανδρος
1777 5359 1807 5412 ὁ
1846 5359 1995 5413 Ἀλε-

394 5455 689 5526 ξανδρείας
721 5455 863 5526 μετὰ
900 5453 998 5525 τὴν
1031 5455 1090 5507 ἐν
1117 5453 1323 5523 Νικαίᾳ
1352 5451 1590 5508 σύνοδον.
1616 5452 1692 5505 Οὐ
1729 5452 1913 5524 παρῆν
1935 5452 1994 5506 δὲ

406 5548 735 5612 Ἀθανάσιος
762 5546 900 5619 μετὰ
922 5546 1016 5600 τὸν
1038 5545 1269 5601 θάνατον
1284 5545 1515 5618 Ἀρείου.
1533 5545 1788 5608 Διάκονος
1801 5543 1912 5617 γὰρ
1924 5539 1993 5616 ἦν

392 5640 523 5696 κατ’
542 5640 720 5693 ἐκεῖνο
743 5636 937 5709 καιροῦ
961 5634 1067 5691 ὑπὸ
1099 5633 1469 5707 Ἀλεξάνδρου,
1482 5636 1578 5690 καὶ
1603 5634 1883 5707 ἀπεστάλη
1898 5635 1991 5689 ὑπ’

392 5726 573 5789 αὑτοῦ
599 5730 682 5797 είς
693 5729 757 5784 τὸ
773 5729 1103 5801 ημητᾶτον.
1148 5726 1500 5799 Ἀλεξάνδρου
1528 5727 1586 5781 δὲ
1606 5726 1989 5785 ἐντειλαμένου

475 5916 496 5951 ³
517 5910 581 5973 F.
605 5914 777 5988 αὐτῷ.
852 5919 873 5951 ³
901 5913 1064 5974 Deest
1087 5914 1217 5988 γάρ.
1292 5913 1313 5949 ³
1342 5913 1469 5973 Cor.
1498 5914 1658 5989 παρά.

2099 4729 2222 4794 post
2273 4722 2450 4778 sancti
2500 4722 2605 4778 viri
2649 4723 2799 4793 quod
2849 4722 3067 4778 volebat
3124 4723 3440 4794 impetravit
3486 4723 3684 4779 oratio.

2095 4814 2264 4868 Arius
2308 4813 2457 4868 enim
2504 4812 2575 4869 de
2620 4819 2785 4869 nocte
2836 4812 3052 4868 levandi
3112 4812 3323 4868 ventris
3377 4813 3555 4884 gratia
3614 4814 3685 4869 ad

2095 4904 2288 4959 cellam
2327 4904 2555 4965 veniens
2592 4905 2808 4976 crepuit
2848 4904 3310 4974 quemadmodum
3339 4903 3513 4960 ludas
3552 4905 3683 4961 olim

2095 4996 2346 5066 proditor
2370 5036 2387 5060 ,
2417 5005 2474 5051 et
2509 4996 2566 5051 in
2616 4997 2837 5069 impuro
2878 4997 2975 5053 illo
3009 5010 3074 5054 ac
3113 4997 3308 5054 fando
3351 4998 3479 5054 loco
3519 4998 3682 5054 ﬁnem

2098 5089 2317 5145 vivendi
2344 5087 2495 5145 fecit.

2171 5179 2287 5236 Vll.
2331 5179 2646 5236 Secundum
2696 5181 2813 5237 haec
2860 5181 2932 5237 ab
2971 5184 3094 5253 ejus
3136 5182 3423 5253 discipulis
3451 5181 3682 5236 fraudu-

2099 5268 2249 5325 lenta
2296 5269 2388 5325 illa
2439 5280 2638 5326 contra
2686 5270 2990 5349 Ecclesiam
3047 5274 3183 5329 inita
3238 5275 3470 5331 consilia
3526 5281 3685 5339 sunt.

2099 5361 2411 5417 Alexander
2453 5378 2584 5419 vero
2631 5363 2979 5421 Alexandriae
3026 5366 3319 5437 episcopus
3359 5374 3482 5437 post
3511 5365 3682 5422 Nicat-

2100 5469 2230 5509 nam
2279 5453 2551 5526 synodum
2598 5456 2767 5524 obiit,
2823 5456 3053 5515 absente
3105 5465 3230 5529 post
3276 5457 3394 5515 Arii
3444 5464 3678 5514 mortem

2099 5544 2424 5648 Athanasio,
2474 5549 2569 5648 qui
2598 5546 2998 5648 diaconus-per
3047 5549 3183 5603 illud
3215 5556 3429 5620 tempus
3455 5549 3689 5648 ordine-1

2099 5642 2190 5692 tus
2230 5636 2301 5692 ab
2328 5636 2659 5705 Alexandro,
2695 5639 2765 5695 ab
2794 5638 2986 5696 eodem
3018 5641 3224 5698 missus
3255 5641 3323 5697 ad
3354 5636 3688 5723 comitatum:

2097 5728 2299 5787 fuerat.
2345 5730 2596 5805 Cumque
2626 5733 2871 5793 moriens
2901 5732 3215 5792 Alexander
3253 5734 3468 5791 nullum
3506 5733 3679 5791 alium
