4138 6396
425 339 533 396 (95

1834 335 1892 390 S.
1931 333 2276 389 EPIPHANII

3584 335 3688 393 {96

425 452 602 513 suﬂici
632 454 738 511 sibi
769 463 966 526 praeter
995 454 1355 512 Athanasium
1412 447 1755 522 mandasset,
1799 463 1857 510 ut
1896 463 2006 509 tam
2038 508 2039 512 η

2142 445 2316 523 ιηδένα
2349 444 2755 524 κατασταθῆναι
2787 453 2933 525 εἰμὴ
2976 452 3309 518 Ἀθανάσιον,
3340 455 3414 516 ὡς
3442 453 3602 516 αὑτός
3631 470 3689 505 τε

427 549 567 618 ipse,
601 562 768 617 quam
794 547 1006 612 clerici,
1035 557 1088 602 et
1125 547 1387 602 universa
1413 546 1549 602 adeo
1583 546 1830 602 Ecclesia
1861 547 2012 601 testi-

427 641 717 703 ficabatur,
757 638 1037 694 Meletiani
1091 639 1313 710 [Egypti
1364 639 1608 708 episcopi
1660 639 2009 693 occasionem

425 733 572 786 nacti
622 734 786 799 (nam
821 731 1154 786 Alexandria
1186 747 1468 802 nunquam
1505 740 1564 786 ut
1607 732 1726 785 alia:
1761 731 2012 785 civitates

425 825 565 878 duos
596 825 886 893 episcopos
913 823 1156 891 habuit),
1208 839 1336 878 cum
1368 823 1771 878 Alexandrinus
1800 824 2014 893 episco-

425 931 530 985 pus
562 917 817 978 abesset,
851 914 1133 969 Theonam
1170 915 1462 985 quemdam
1493 917 1854 970 substituunt.
1894 915 2014 980 Quo

425 1008 648 1077 quidem
687 1014 812 1076 post
854 1008 1073 1061 tertium
1114 1022 1357 1062 mensem
1395 1017 1641 1070 mortuo,
1682 1008 1846 1076 paulo
1885 1013 2012 1076 post

440 1098 776 1152 Athanasius
820 1098 1059 1152 advenit.
1114 1096 1252 1150 Tum
1303 1098 1542 1167 undique
1593 1106 1784 1152 coacto
1827 1099 2016 1154 ortho-

429 1191 699 1244 doxorum
747 1190 983 1244 concilio
1033 1189 1086 1243 in
1137 1189 1509 1244 Alexandrina
1563 1189 1693 1244 sede
1733 1191 2020 1244 constitui-

429 1289 554 1346 tur;
611 1281 780 1349 eique
835 1279 1171 1350 postliminio
1219 1280 1458 1351 dignitas
1513 1281 1566 1334 in
1614 1281 1706 1334 illa
1741 1281 2012 1344 redditur,

431 1371 526 1442 qui
560 1377 614 1426 et
652 1371 851 1440 dignus
891 1378 1046 1430 erat,
1099 1380 1153 1424 et
1199 1377 1309 1423 tam
1357 1369 1451 1424 Dei
1498 1371 1810 1436 voluntate,
1852 1387 2015 1442 quam

430 1461 576 1516 beati
609 1459 906 1515 Alexandri
941 1459 1203 1529 suffragio
1237 1468 1290 1514 et
1312 1461 1570 1516 mandato
1603 1461 1942 1531 designatus.

507 1750 638 1808 Post
683 1753 798 1808 haec
841 1754 1182 1809 Athanasids
1217 1755 1288 1809 ob
1329 1754 1462 1809 illud
1501 1753 1917 1811 Mclctianorum
1951 1751 2020 1811 ab

2113 547 2207 598 καὶ
2222 545 2271 598 οἱ
2300 545 2393 598 τοῦ
2412 546 2634 607 κανόνος
2664 545 3028 616 ἐμαρτύρουν,
3045 546 3138 599 καὶ
3159 546 3306 598 πᾶσα
3323 546 3355 616 ἡ
3373 545 3689 616 Ἐκκλησία,

2113 637 2400 708 λαϐόμενοι
2423 637 2615 708 καιρὸν
2633 640 2679 690 οἱ
2698 637 3122 707 κατὰΜελήτιον
3141 637 3249 708 (59)
3279 638 3577 690 ἐπίσκοπον
3597 637 3694 707 τῆς

2112 731 2726 798 Αἱγύπτου,ὲπισκόπου
2754 730 2827 800 μὴ
2861 730 3123 799 παρόντος
3157 732 3256 800 τῆς
3289 727 3694 800 Ἀλεξανδρείας

2115 823 2199 891 (οὐ
2228 823 2336 892 γάρ
2372 839 2501 874 ποτε
2533 824 2565 892 ἡ
2612 821 2991 892 Ἀλεξάνδρεια
3022 820 3114 874 δύο
3160 821 3488 883 ἐπισκόπους
3517 814 3692 890 ἔσχεν,

2114 913 2190 976 ὡς
2220 916 2274 966 αἱ
2304 913 2458 966 άλλαι
2493 914 2700 979 πόλεις)
2722 929 2737 944 ·
2774 912 3070 966 καθιστῶσι
3091 911 3266 965 τοίνυν
3289 908 3411 965 ἀντὶ
3453 911 3698 976 Ἀλεξάν-

2115 1001 2243 1072 δρου
2277 1001 2495 1054 Θεωνᾶν
2540 1019 2665 1056 τινα
2696 1002 2943 1071 ὀνόματι,
2972 1001 3032 1064 ὃς
3069 1001 3245 1071 μῆνας
3284 1005 3424 1073 τρεῖς
3468 1003 3698 1071 ποιήσας

2117 1091 2391 1145 ἐτελεύτα.
2426 1093 2535 1146 Kal.
2583 1092 2915 1164 παρεγένετο
2956 1091 3270 1156 Ἀθανάσιος
3320 1095 3438 1163 μετ’
3463 1095 3522 1146 ού
3563 1093 3696 1148 πολὺ

2124 1183 2261 1255 μετὰ
2298 1184 2396 1255 τὴν
2421 1184 2678 1254 τελευτὴν
2715 1184 2922 1238 Θεωνᾶ.
2959 1185 3068 1237 Καὶ
3102 1187 3166 1238 ἐκ
3210 1185 3541 1255 πανταχόθεν
3575 1203 3698 1238 συν-

2121 1275 2392 1348 εκροτήθη
2426 1271 2723 1346 ὀρθοδόξων
2753 1275 2986 1340 σύνοδος.
3017 1277 3128 1330 Καὶ
3169 1277 3342 1340 οὕτως
3369 1279 3699 1340 κατάστασις

2119 1366 2341 1433 γέγονεν
2376 1358 2564 1426 αὐτοῦ,
2600 1364 2695 1417 καὶ
2721 1363 2952 1435 ἀπεδόθη
2986 1365 3134 1436 αὐτῷ
3156 1369 3190 1420 ὁ
3224 1365 3409 1437 Θρόνος
3434 1367 3510 1437 τῷ
3541 1365 3697 1437 ἀξίῳ,

2120 1460 2216 1512 καὶ
2244 1451 2288 1526 ᾧ
2314 1453 2382 1529 ἦν
2406 1456 2807 1528 ἡτοιμασμένος
2849 1457 2988 1510 κατὰ
3015 1458 3113 1526 τὴν
3141 1451 3278 1510 Gem:
3308 1458 3575 1528 βούλησιν,
3608 1458 3702 1516 καὶ

2121 1551 2263 1604 κατὰ
2306 1550 2405 1619 τὴν
2460 1549 2729 1620 μακαρίου
2776 1548 3123 1620 Ἀλεξάνδρου
3162 1549 3466 1620 μαρτυρίαν
3498 1566 3556 1601 τε
3611 1549 3701 1602 καὶ

2121 1639 2360 1710 ἐντολήν.

2207 1732 2488 1786 Ἐντεῦθεν
2513 1732 2740 1806 ἄρχεται
2791 1729 3106 1794 Ἀθανάσιος
3137 1729 3504 1799 βιοφορεῖσθαί
3523 1746 3581 1781 τε
3612 1728 3704 1780 καὶ

435 1843 682 1898 Ecclesia
712 1844 982 1898 catholica
1013 1844 1311 1898 divortium
1360 1846 1602 1899 exerceri
1655 1845 2021 1916 aﬂlictarique

2142 1826 2410 1879 ιυπεῖσθαι
2441 1825 2530 1879 διὰ
2553 1803 2650 1878 *τὸν
2685 1823 2953 1895 μερισμὸν
2992 1824 3092 1893 τῆς
3127 1822 3472 1892 Ἐκκλησίας,
3509 1821 3616 1874 τῶν
3646 1828 3705 1874 τε

434 1935 620 2006 cmpit.
670 1933 844 2004 igitur
871 1935 1076 1988 hortari
1121 1935 1210 1989 ille
1244 1949 1307 1990 ac
1345 1936 1678 2005 supplicare,
1708 1937 2023 1994 detrectan-

438 2035 525 2082 tcs
553 2026 713 2097 723
748 2042 942 2097 urgere
979 2041 1042 2080 ac
1094 2042 1308 2096 cogere.
1350 2025 1571 2082 Solebat
1598 2038 1778 2083 autent
1815 2033 2025 2088 vicinas

440 2118 741 2182 Ecclcsias,
786 2135 986 2189 easque
1015 2120 1313 2188 pratsertim
1339 2135 1460 2188 qua:
1481 2119 1547 2173 ad
1574 2119 1919 2176 Mareotidem
1949 2125 2026 2175 Ia—

440 2227 567 2266 cum
606 2212 725 2266 sita!
759 2218 924 2271 sunt.
965 2210 1224 2266 invisere.
1279 2209 1443 2266 Forte
1480 2211 1646 2281 igitur
1685 2216 2031 2284 congregatis

443 2299 778 2366 Meletianis,
803 2301 1070 2358 diaconus
1099 2301 1319 2373 quidem
1349 2319 1416 2359 ex
1446 2305 1734 2360 Athanasii
1765 2306 2030 2360 comitatu

441 2408 570 2448 cum
605 2394 935 2463 quibusdam
968 2396 1035 2449 de
1059 2396 1280 2465 populo,
1314 2403 1374 2450 ut
1403 2396 1547 2451 fama
1577 2407 1682 2462 est,
1719 2398 2033 2466 irrumpens

449 2482 737 2539 candelam
798 2485 939 2556 (vas
978 2485 1111 2540 illud
1161 2485 1474 2555 quoddam)
1529 2489 1836 2558 confregit,
1890 2490 2035 2547 unde

441 2575 687 2647 jurgittm
737 2592 801 2630 ac
841 2593 1019 2648 pugna
1067 2579 1319 2633 conﬂata.
1375 2579 1511 2635 Hinc
1557 2581 1823 2638 adversus
1868 2584 2038 2637 Atha-

448 2668 666 2722 nasium
724 2668 952 2722 occultae
1000 2669 1317 2725 molitioncs
1357 2669 1687 2741 fraudesque
1730 2673 2035 2738 concitatae,

451 2757 843 2813 accusantibus
903 2756 1246 2823 Meletianis,
1300 2768 1354 2815 et
1403 2763 1907 2830 calumniantibus,
1971 2780 2036 2820 ac

452 2847 687 2902 conficta
717 2847 966 2919 quaedam
1013 2849 1432 2920 objicientibus,
1474 2849 1697 2909 Arianis
1747 2871 1874 2911 vero
1909 2850 2044 2909 alla-

453 2939 782 2999 borantibus
813 2949 867 2998 et
906 2941 1133 2998 consilia
1181 2945 1718 3004 communicantibus
1743 2991 1757 3015 ,
1819 2959 2046 3020 propter

457 3030 677 3089 insitam
725 3032 781 3087 in
823 3033 1184 3089 orthodoxam
1237 3032 1396 3092 fidem
1439 3037 1725 3093 invidiam.
1777 3035 1921 3112 Ergo
1965 3040 2045 3096 illi

2124 1919 2480 1990 Μελητιανῶν
2503 1919 2597 1972 καὶ
2625 1912 2728 1989 τῆς
2757 1915 3050 1986 καθολικῆς
3081 1915 3425 1985 Ἐκκλησίας.
3461 1913 3703 1979 Ἔπειθε,

2127 2011 2452 2083 παρεκάλει,
2483 2011 2576 2063 καὶ
2607 2011 2706 2064 οὐκ
2735 2009 3008 2081 ἠνείχοντο
3027 2026 3039 2038 ο
3078 2006 3407 2077 ἠνάγκαζεν,
3440 2005 3705 2070 ἐϐιάζετο.

2141 2103 2638 2176 Ἑπισκεπτόμενος
2666 2104 2722 2157 δὲ
2770 2101 3028 2165 πολλάκις
3057 2101 3264 2170 ἐγίνετο
3301 2100 3401 2163 τὰς
3445 2099 3710 2167 σύνεγγυς

2143 2196 2491 2267 Ἐκκλησίας,
2528 2196 2762 2266 μάλιστα
2790 2196 2888 2258 τὰς
2921 2193 3063 2247 κατὰ
3090 2191 3181 2245 τὸν
3206 2190 3559 2262 Μαραιώτην.
3605 2191 3714 2242 Κα.

2133 2290 2266 2343 ποτὲ
2315 2288 2671 2362 Μελητιανῶν
2703 2287 3042 2356 συναγόντων
3089 2286 3310 2354 γέγονεν
3339 2286 3403 2336 ὲκ
3445 2283 3539 2336 τοῦ
3575 2282 3712 2351 πλή-

2135 2380 2261 2445 Θους
2302 2379 2396 2433 τοῦ
2440 2381 2577 2451 μετὰ
2617 2379 2933 2433 Ἀθανάσιον
2966 2380 2983 2409 ί
3009 2377 3256 2431 διάκονόν
3306 2392 3427 2429 τινα
3469 2372 3715 2428 ἐπεισελά

2137 2470 2319 2533 θόντα,
2360 2469 2498 2540 μετὰ
2547 2470 2643 2522 καί
2680 2481 2842 2522 τινων
2870 2468 2978 2521 τῶν
3009 2467 3118 2522 ἀπὸ
3161 2465 3256 2521 τοῦ
3297 2466 3426 2520 λαοῦ
3457 2463 3714 2530 κατεάξαι

2139 2562 2406 2632 κανδῆλαν
2429 2560 2561 2632 (60),
2592 2562 2668 2625 ὼς
2700 2561 2812 2631 ἔχει
2841 2563 2870 2613 ό
2902 2560 3077 2628 λόγος,
3113 2560 3207 2612 καὶ
3242 2559 3424 2630 μάχην
3443 2556 3713 2627 γενέσθαι.

2152 2655 2432 2709 Ἐντεῦθεν
2466 2655 2498 2726 ἡ
2534 2655 2675 2709 κατὰ
2726 2653 3039 2708 Ἀθανασίου
3091 2653 3326 2721 συσκευὴ
3366 2652 3578 2720 γέγονε,
3611 2649 3719 2703 τῶν

2142 2746 2497 2818 Μελητιανῶν
2541 2745 3037 2816 κατηγορησάντων
3074 2743 3169 2796 καὶ
3202 2741 3722 2811 συκοφαντησάντων

2145 2839 2329 2902 αὐτὸν,
2365 2839 2527 2910 ἕτερα
2561 2837 2679 2891 ἀνθ’
2708 2837 2929 2907 ἑτέρων,
2978 2833 3272 2906 Ἀρειανῶν
3309 2834 3365 2887 δὲ
3397 2847 3723 2886 συνεσκευαδ

2149 2932 2383 3002 σμένων,
2417 2930 2510 2983 καὶ
2538 2929 2930 2982 συνεπιδόντων
2959 2928 3205 2990 ἑαυτοὺς,
3231 2925 3320 2980 διὰ
3350 2925 3440 2978 τὸν
3466 2925 3602 2995 πρὸς
3630 2923 3725 2992 τὴν

2148 3022 2312 3091 ἁγίαν
2342 3020 2476 3075 Θεοῦ
2509 3021 2693 3074 πίστιν
2725 3021 2819 3073 καὶ
2864 3017 3170 3090 ὀρθοδοξίαν
3203 3018 3414 3087 φθόνον.
3451 3017 3562 3071 Καὶ
3593 3019 3725 3070 ἀνα-

460 3140 574 3180 rem
610 3125 678 3180 ad
726 3125 1114 3196 imperatorem
1157 3127 1580 3184 Constantinum
1611 3106 1903 3188 deferunt:
1943 3151 2032 3190 cu-

2153 3113 2455 3168 κοινοῢνται
2482 3113 2560 3184 τῷ
2591 3112 2802 3184 βασιλεῖ
2833 3111 3244 3181 Κωνσταντίνῳ.
3277 3110 3536 3171 Εὐσέϐιος
3571 3110 3626 3162 δὲ
3661 3106 3728 3179 ἦν

458 3215 551 3284 jus
579 3216 746 3272 totius
773 3217 1025 3274 factionis
1053 3217 1379 3275 administer
1431 3237 1495 3275 ac
1536 3224 1756 3280 satelles
1787 3224 2041 3282 Nicome-

463 3307 672 3362 diensis
701 3307 973 3365 Eusebius
1008 3309 1133 3374 fuit,
1163 3326 1226 3365 ac
1259 3327 1414 3367 noxae
1442 3314 1588 3370 illius
1622 3317 1803 3371 omnis
1825 3317 2044 3385 artifex,

465 3413 587 3468 quae
625 3397 885 3456 Ecclesiae
930 3402 1134 3471 pariter
1182 3411 1236 3457 et
1287 3402 1590 3460 Athanasio
1623 3421 1772 3477 papa:
1821 3409 1890 3463 ab
1939 3410 2048 3465 illis

465 3495 551 3544 est
580 3489 848 3544 conscita.
883 3490 1250 3546 Accusatores
1298 3493 1481 3564 itaque
1531 3494 1917 3564 imperatorem
1960 3499 2052 3553 ad-

467 3589 661 3633 euntes
689 3594 785 3634 vas
813 3580 1084 3650 quoddam
1116 3589 1178 3635 ut
1219 3598 1379 3636 usum
1415 3584 1724 3640 divinorum
1761 3590 2052 3658 mysterio-

469 3681 590 3720 rum
627 3665 862 3721 fractum
894 3668 1254 3738 objiciebant.
1285 3671 1431 3741 quod
1459 3673 1778 3741 candelam,
1808 3684 1868 3729 ut
1905 3677 2050 3732 dixi-

469 3774 616 3823 mus,
646 3761 988 3830 appellavere
1021 3763 1289 3817 nonnulli.
1317 3763 1460 3830 Quin
1491 3775 1544 3819 et
1578 3765 1646 3820 de
1679 3767 1801 3822 aliis
1833 3783 2053 3838 quoque

467 3838 795 3906 criminibus
869 3861 1236 3919 accusarunt,
1307 3863 1361 3910 et
1411 3854 1467 3910 in
1506 3856 1699 3926 primis
1758 3857 2049 3914 Arsenium

469 3941 759 4013 quemdam
791 3941 1110 4000 Mareotidis
1143 3945 1526 4016 presbyterum
1557 3947 1625 4002 ab
1652 3963 1720 4003 eo
1748 3949 2050 4018 pulsatum,

469 4034 634 4104 cujus
672 4049 891 4089 manum
946 4037 1016 4091 ab
1064 4038 1349 4093 Athanasii
1396 4037 1607 4096 fautore
1659 4041 1894 4110 populo,
1938 4042 2054 4097 sive

467 4129 706 4198 ipsomet
745 4130 930 4196 potius
970 4131 1293 4198 Athanasio,
1339 4133 1647 4202 pr'ecisam,
1695 4149 1857 4202 quam
1888 4134 2055 4188 etiam

470 4221 537 4274 ad
571 4221 891 4274 comitatum
942 4221 1085 4275 intra
1131 4223 1375 4277 arculam
1403 4229 1636 4276 delatam
1677 4224 2050 4279 ostentabant.

548 4305 679 4363 Vlll.
701 4307 796 4362 His
815 4309 1038 4375 auditis,
1058 4311 1354 4381 imperator
1365 4312 1716 4368 vehementer
1736 4317 2052 4379 excanduit,

469 4413 596 4454 cum
629 4397 816 4453 divino
855 4399 1090 4468 quodam
1133 4401 1250 4455 zelo
1297 4402 1559 4471 majorem
1612 4404 1668 4458 in
1699 4406 1919 4460 modum
1959 4406 2055 4460 lla—

2147 3211 2176 3262 ό
2209 3205 2603 3280 προειρημένος
2621 3205 2721 3276 τῆς
2746 3203 3109 3276 Νικομηδείας
3132 3205 3160 3256 ὁ
3185 3201 3456 3272 ὑπουργὸς
3482 3201 3576 3255 τοῦ
3603 3219 3731 3254 παν-

2147 3298 2239 3362 τὸς
2271 3297 2450 3352 αὐτῶν
2501 3298 2864 3367 συστήματος,
2894 3285 2987 3348 κά).
3034 3295 3410 3364 συσκευαστὴς
3452 3294 3551 3363 τῆς
3589 3293 3729 3347 κατὰ

2147 3389 2248 3460 τὴν
2290 3385 2616 3460 Ἐκκλησίαν
2648 3404 2709 3440 τε
2759 3387 2853 3441 καὶ
2889 3387 2981 3439 τὸν
3020 3386 3208 3440 πάπαν
3265 3385 3582 3439 ’Δθανάσιον
3613 3385 3734 3454 βλάι

2152 3484 2274 3554 ϐης.
2305 3485 2369 3538 Oi
2393 3485 2689 3554 κατήγοροι
2719 3479 2813 3536 οὖν
2837 3482 3141 3554 προσῆλθον
3168 3482 3246 3552 τῷ
3276 3481 3505 3552 βασιλεῖ,
3538 3478 3732 3542 σκεῦός

2151 3591 2205 3627 τι
2249 3574 2563 3648 μυστηρίων
2614 3575 2865 3644 λέγοντες
2897 3569 3060 3637 εἶναι,
3097 3574 3235 3644 ὅπερ
3285 3571 3554 3642 κανδῆλαν
3589 3569 3732 3632 τινὲς

2153 3665 2382 3736 ἔφασαν,
2410 3668 2476 3738 ἢν
2509 3670 2791 3738 προεῖπον.
2825 3666 2993 3718 Ἀλλα
3029 3665 3087 3718 τέ
3116 3681 3239 3718 τινα
3271 3664 3610 3735 κατηγόρουν
3635 3661 3737 3730 φά-

2157 3778 2377 3823 σκοντες
2409 3759 2776 3832 πρεσϐύτερόν
2809 3777 2929 3813 τινα
2960 3758 3058 3811 τοῦ
3095 3755 3424 3828 Μαραιώτου
3462 3754 3734 3826 Ἀρσὲνιον

2154 3853 2546 3925 τετυπτῆσθαι,
2577 3856 2768 3907 τούτου
2803 3853 2855 3906 δὲ
2901 3847 2998 3922 τὴν
3024 3854 3184 3922 χεῖρα
3215 3851 3460 3921 μαχαίρᾳ
3483 3849 3590 3902 ὑπὸ
3626 3849 3735 3902 τῶν

2154 3948 2249 4003 τοῦ
2321 3946 2640 4000 Ἀθανασίου
2686 3945 2852 4010 λαῶν,
2911 3945 3089 3998 εἴτουν
3143 3942 3308 3996 αὐτοῦ
3379 3941 3734 4004 Ἀθανασίου,

2155 4040 2478 4112 τετμῆσθαι.
2528 4037 2888 4111 Ἐπεφέρυντο
2916 4035 3022 4107 γὰρ
3053 4035 3146 4088 καὶ
3179 4038 3337 4108 χεῖρα
3369 4037 3426 4088 ὲν
3452 4034 3532 4106 τῷ
3561 4051 3737 4106 κομηά

2155 4134 2325 4204 τάτῳ,
2352 4132 2448 4186 καὶ
2477 4129 2842 4195 ἐπεδείκνυον,
2869 4129 2992 4200 ἥτις
3015 4124 3083 4200 ἦν
3111 4130 3170 4180 ὲν
3201 4126 3592 4198 γλωσσοκόμῳ.

2233 4304 2314 4356 H'.
2353 4302 2540 4356 Ταῦτα
2560 4303 2588 4353 ὁ
2616 4301 2863 4371 βασιλεὺς
2886 4298 3148 4362 ἀκούσας,
3181 4297 3392 4367 αἴρεται
3420 4297 3519 4364 μὲν
3544 4295 3700 4366 θυμῷ
3719 4312 3732 4324 ·

2161 4394 2273 4466 εἶχε
2319 4395 2429 4467 γὰρ
2489 4391 2647 4464 ζῆλον
2687 4392 2864 4445 θεῖκὸν
2905 4395 2933 4446 ὁ
2973 4389 3309 4462 μακαρίτης·
3355 4390 3415 4442 ού
3466 4389 3572 4459 μὴν
3595 4384 3732 4460 ᾔδει,

471 4498 677 4559 graret,
707 4504 808 4544 nec
835 4488 960 4544 illos
994 4491 1428 4547 calumniatores
1463 4507 1587 4548 esse
1615 4503 1826 4556 nosset,
1861 4505 1956 4549 aut
1985 4511 2039 4552 ec

2155 4489 2236 4542 ὅτι
2261 4488 2593 4555 συκοφάνται
2612 4481 2771 4556 ἦσαν,
2793 4484 2859 4537 δι’
2874 4483 2932 4538 ὃν
2954 4485 3212 4554 προεῖπον
3228 4481 3385 4551 ζῆλον
3399 4480 3505 4534 τῶν
3535 4482 3738 4550 Ἀρεια-

471 4579 640 4633 livore
668 4578 818 4641 ferri,
853 4596 1013 4649 quem
1041 4581 1276 4636 Arianos
1306 4583 1568 4639 adversus
1594 4585 1866 4640 sinceram
1899 4587 2061 4642 fidem

473 4671 783 4740 suscepisse
824 4671 1085 4726 diximus.
1136 4670 1306 4740 Igitur
1338 4672 1467 4745 Tyri
1509 4676 1564 4728 in
1627 4674 1888 4732 thnice
1927 4693 2060 4733 con-

472 4762 660 4818 vocari
712 4762 980 4833 synodum
1018 4762 1194 4832 jubet,
1227 4764 1387 4835 eique
1414 4765 1624 4833 judicio
1657 4782 1894 4838 praeesse
1933 4784 2060 4823 cum

475 4851 599 4905 aliis
631 4852 911 4907 nonnullis
955 4852 1347 4910 Caesariensem
1381 4854 1704 4922 Eusebium,
1735 4859 1832 4928 qui
1866 4874 2058 4914 omnes

475 4941 534 4996 in
585 4941 916 4996 Arianorum
977 4942 1362 4998 inanissimum
1417 4946 1615 5014 dogma
1673 4949 2058 5016 propensiores

475 5042 654 5088 erant.
707 5031 844 5086 Cum
880 5033 967 5088 his
997 5050 1058 5088 ex
1102 5035 1370 5090 catholica
1407 5035 1628 5108 IEgypti
1677 5038 1919 5093 Ecclesia
1945 5080 1959 5104 ,
2003 5047 2058 5095 et

475 5123 780 5179 Athanasio
810 5124 1079 5194 subjecta,
1105 5126 1346 5196 episcopi
1373 5129 1597 5198 quidam
1628 5130 1875 5185 advocati
1901 5140 2054 5194 sunt,

479 5216 728 5288 primarii
761 5217 984 5287 quidem
1031 5235 1094 5272 ac
1126 5227 1450 5290 przestantcs
1479 5221 1618 5287 viri,
1653 5231 1814 5292 atque
1844 5224 2058 5295 egregia

554 5368 574 5400 ¹
606 5367 736 5425 Cor.
779 5371 1118 5428 Ἀθανασίου.
1197 5376 1216 5406 ⁹
1249 5374 1376 5430 Cor.
1407 5375 1880 5446 προσκεκλιμένοι.

559 5551 669 5626 (59)
706 5560 770 5610 Ol
798 5556 947 5626 κατὰ
966 5558 1286 5626 Μελήτιον.
1309 5554 1628 5626 Meletianos
1646 5553 1937 5626 episcopos
1968 5552 2053 5606 in~

481 5624 687 5696 t_ellige,
727 5643 834 5680 non
874 5624 1169 5688 Meletium,
1211 5627 1303 5696 qui
1344 5628 1452 5694 jam
1493 5641 1523 5680 e
1550 5625 1690 5679 vivis
1724 5631 2055 5696 excesserat.

482 5693 562 5818 ge
579 5697 769 5816 .‘hujus
793 5697 1036 5753 historiae
1070 5693 1357 5753 mendacio
1381 5699 1449 5751 ad
1481 5701 1799 5766 sequentem
1826 5694 2061 5750 baeresin

525 5777 593 5818 ICI
622 5780 720 5818 ur..

525 5777 720 5820 mitur.-

2162 4579 2268 4632 νῶν
2302 4579 2442 4632 κατὰ
2467 4579 2563 4647 τῆς
2591 4576 2920 4648 ὀρθοδοξίας.
2955 4573 3180 4628 Κελεύει
3207 4573 3265 4626 δὲ
3301 4572 3737 4644 συγκροτηθῆναι

2165 4670 2380 4724 σύνοδον
2410 4670 2553 4724 κατὰ
2581 4671 2682 4740 τὴν
2712 4669 2967 4739 Φοινίκην
2993 4670 3051 4720 ὲν
3090 4666 3252 4738 Τύρῳ
3281 4668 3348 4736 τῇ
3375 4665 3547 4719 πόλει.
3584 4666 3738 4720 Ἐκέ-

2161 4762 2320 4815 λευσε
2346 4761 2404 4813 δὲ
2437 4761 2682 4826 δικάζειν
2714 4760 2972 4814 Εὑσέϐιον
2989 4759 3081 4812 τὸν
3112 4757 3470 4827 Καισαρείας,
3516 4756 3611 4811 καὶ
3647 4757 3742 4811 άλ-

2162 4853 2287 4915 λους
2312 4853 2484 4916 τινάς.
2514 4849 2693 4904 ’Ἦσαν
2735 4852 2791 4904 δὲ
2824 4849 3292 4922 προσκεκλημένοι
3323 4851 3342 4878 ²
3373 4843 3517 4902 οὗτοι
3559 4849 3744 4912 ποσῶς

2169 4948 2368 5019 μᾶλλον
2402 4949 2468 5018 τῇ
2501 4946 2607 4999 τῶν
2654 4946 2944 5018 Ἀρειανῶν
2991 4942 3333 5015 χυδαιολογίᾳ
3353 4960 3367 4973 ·
3397 4943 3491 4995 καὶ
3522 4939 3748 5012 ἐκλήθη-

2168 5054 2266 5090 σαν
2299 5035 2586 5088 ἐπίσκοποι
2609 5036 2708 5106 τῆς
2738 5035 3013 5103 Αἰγύπτου
3042 5034 3144 5103 τῆς
3173 5032 3487 5103 καθολικῆς,
3517 5031 3610 5084 καὶ
3640 5029 3746 5084 ὑπὸ

2179 5131 2490 5185 Ἀθανάσιον
2516 5129 2820 5202 ἀκρέμονές
2845 5146 2988 5192 τινες
3039 5128 3233 5200 ἄνδρες
3259 5127 3352 5182 καὶ
3387 5125 3624 5196 μείζους,
3648 5123 3744 5176 καὶ

2166 5226 2224 5278 ὲν
2251 5223 2371 5293 Θεῷ
2403 5223 2617 5294 ἔχοντες
2642 5221 2877 5292 διαφανῆ
2903 5221 2995 5275 τὸν
3029 5220 3142 5292 βίον
3161 5235 3176 5251 ⁸
3212 5224 3269 5274 ὲν
3301 5215 3382 5284 οἷς
3408 5210 3481 5286 ἦν
3503 5217 3532 5270 ὁ
3567 5232 3743 5287 μακα-

2241 5550 2353 5619 (60)
2387 5547 2680 5614 Κατεάξαι
2729 5539 3062 5619 κᾳνδῆλαν.
3117 5549 3378 5615 Quaenam
3432 5565 3496 5606 ea
3533 5566 3640 5606 vox
3678 5551 3753 5604 sit

2167 5618 2727 5692 nondumLcomperi.
2762 5618 2987 5692 Certum
3033 5627 3127 5692 est,
3171 5623 3433 5692 ποτήριον
3487 5621 3749 5692 μυστικὸν

2168 5689 2534 5818 ἒιέἰεῗιεένίᾱθ
2560 5689 2762 5747 Athan.
2787 5689 2968 5758 ipsum
3011 5692 3067 5747 in
3099 5691 3274 5761 Apol.,
3296 5689 3745 5757 'Theodoretum,

2250 5778 2280 5816 a
2305 5777 2358 5817 ιο
2395 5801 2408 5816 .
