  <div class='ocr_page' id='page_1' title='image "/cluster/home/n/w/nwhite01/storage/ocr_20150623/42/nnc1.0046978682/122.png"; bbox 0 0 4138 6396; ppageno 0'>
   <div class='ocr_carea' id='block_1_1' title="bbox 387 388 492 450">
    <p class='ocr_par' dir='ltr' id='par_1_1' title="bbox 387 388 492 450">
     <span class='ocr_line' id='line_1_1' title="bbox 387 388 492 450; baseline 0.01 -3"><span class='ocrx_word' id='word_1_1' title='bbox 387 388 492 450; x_wconf 73' lang='lat' dir='ltr'><strong>I97</strong></span> 
     </span>
    </p>
   </div>
   <div class='ocr_carea' id='block_1_2' title="bbox 995 385 3002 447">
    <p class='ocr_par' dir='ltr' id='par_1_2' title="bbox 995 385 3002 447">
     <span class='ocr_line' id='line_1_2' title="bbox 995 385 3002 447; baseline -0 -1"><span class='ocrx_word' id='word_1_2' title='bbox 995 390 1370 447; x_wconf 78' lang='lat' dir='ltr'><strong>ADVERSUS</strong></span> <span class='ocrx_word' id='word_1_3' title='bbox 1407 388 1752 446; x_wconf 65' lang='lat' dir='ltr'><strong>HERESES</strong></span> <span class='ocrx_word' id='word_1_4' title='bbox 1789 385 1920 444; x_wconf 80' lang='lat' dir='ltr'><strong>LIB.</strong></span> <span class='ocrx_word' id='word_1_5' title='bbox 1956 385 2022 445; x_wconf 87' lang='lat' dir='ltr'><strong>ll.</strong></span> <span class='ocrx_word' id='word_1_6' title='bbox 2061 387 2228 446; x_wconf 81' lang='lat' dir='ltr'><strong>TOM.</strong></span> <span class='ocrx_word' id='word_1_7' title='bbox 2269 389 2334 447; x_wconf 88' lang='lat' dir='ltr'><strong>Il.</strong></span> <span class='ocrx_word' id='word_1_8' title='bbox 2357 423 2426 432; x_wconf 92' lang='lat'>—</span> <span class='ocrx_word' id='word_1_9' title='bbox 2453 389 2725 447; x_wconf 62' lang='lat' dir='ltr'><strong>HERES.</strong></span> <span class='ocrx_word' id='word_1_10' title='bbox 2768 390 3002 446; x_wconf 77' lang='lat' dir='ltr'><strong>LXVIII.</strong></span> 
     </span>
    </p>
   </div>
   <div class='ocr_carea' id='block_1_3' title="bbox 3569 392 3670 447">
    <p class='ocr_par' dir='ltr' id='par_1_3' title="bbox 3569 392 3670 447">
     <span class='ocr_line' id='line_1_3' title="bbox 3569 392 3670 447; baseline 0.01 -1"><span class='ocrx_word' id='word_1_11' title='bbox 3569 392 3670 447; x_wconf 67' lang='lat'><strong>198</strong></span> 
     </span>
    </p>
   </div>
   <div class='ocr_carea' id='block_1_4' title="bbox 383 505 1988 578">
    <p class='ocr_par' dir='ltr' id='par_1_4' title="bbox 383 505 1980 578">
     <span class='ocr_line' id='line_1_4' title="bbox 383 505 1980 578; baseline 0 -19"><span class='ocrx_word' id='word_1_12' title='bbox 383 506 547 578; x_wconf 81' lang='grc' dir='ltr'>ρίτης</span> <span class='ocrx_word' id='word_1_13' title='bbox 579 506 847 577; x_wconf 75' lang='grc' dir='ltr'>Ποτάμων</span> <span class='ocrx_word' id='word_1_14' title='bbox 883 508 912 560; x_wconf 98' lang='lat'><strong>6</strong></span> <span class='ocrx_word' id='word_1_15' title='bbox 951 507 1146 578; x_wconf 82' lang='grc' dir='ltr'><strong>μέγας,</strong></span> <span class='ocrx_word' id='word_1_16' title='bbox 1183 509 1211 560; x_wconf 92' lang='lat'><strong>6</strong></span> <span class='ocrx_word' id='word_1_17' title='bbox 1240 507 1342 577; x_wconf 77' lang='grc' dir='ltr'>τῆς</span> <span class='ocrx_word' id='word_1_18' title='bbox 1385 505 1712 578; x_wconf 78' lang='grc' dir='ltr'><strong>Ἡρακλείας</strong></span> <span class='ocrx_word' id='word_1_19' title='bbox 1758 507 1980 559; x_wconf 78' lang='grc' dir='ltr'>ἐπίσκο-</span> 
     </span>
    </p>
   </div>
   <div class='ocr_carea' id='block_1_5' title="bbox 2090 505 3671 578">
    <p class='ocr_par' dir='ltr' id='par_1_5' title="bbox 2090 507 3671 578">
     <span class='ocr_line' id='line_1_5' title="bbox 2090 507 3671 578; baseline 0.001 -18"><span class='ocrx_word' id='word_1_20' title='bbox 2090 508 2208 562; x_wconf 75' lang='grc' dir='ltr'>ιιίιῖι·</span> <span class='ocrx_word' id='word_1_21' title='bbox 2236 509 2529 563; x_wconf 90' lang='lat' dir='ltr'><strong>sanctitate</strong></span> <span class='ocrx_word' id='word_1_22' title='bbox 2555 514 2608 562; x_wconf 86' lang='lat' dir='ltr'><strong>et</strong></span> <span class='ocrx_word' id='word_1_23' title='bbox 2635 507 2900 577; x_wconf 73' lang='lat' dir='ltr'><strong>religione</strong></span> <span class='ocrx_word' id='word_1_24' title='bbox 2937 507 3172 578; x_wconf 71' lang='lat' dir='ltr'><strong>praediti,</strong></span> <span class='ocrx_word' id='word_1_25' title='bbox 3206 509 3347 564; x_wconf 88' lang='lat' dir='ltr'><strong>inter</strong></span> <span class='ocrx_word' id='word_1_26' title='bbox 3377 522 3515 577; x_wconf 91' lang='lat' dir='ltr'><strong>quos</strong></span> <span class='ocrx_word' id='word_1_27' title='bbox 3551 507 3671 564; x_wconf 86' lang='lat' dir='ltr'><strong>feli—</strong></span> 
     </span>
    </p>
   </div>
   <div class='ocr_carea' id='block_1_6' title="bbox 383 597 1976 669">
    <p class='ocr_par' dir='ltr' id='par_1_6' title="bbox 383 597 1976 669">
     <span class='ocr_line' id='line_1_6' title="bbox 383 597 1976 669; baseline 0.001 -19"><span class='ocrx_word' id='word_1_28' title='bbox 383 615 490 661; x_wconf 80' lang='grc' dir='ltr'><strong>πος</strong></span> <span class='ocrx_word' id='word_1_29' title='bbox 525 599 620 652; x_wconf 70' lang='grc' dir='ltr'><strong>καὶ</strong></span> <span class='ocrx_word' id='word_1_30' title='bbox 661 597 1034 669; x_wconf 74' lang='grc' dir='ltr'>ὁμολογητήςο</span> <span class='ocrx_word' id='word_1_31' title='bbox 1060 598 1198 652; x_wconf 86' lang='grc' dir='ltr'><strong>ἀλλά</strong></span> <span class='ocrx_word' id='word_1_32' title='bbox 1237 602 1330 652; x_wconf 70' lang='grc' dir='ltr'><strong>καὶ</strong></span> <span class='ocrx_word' id='word_1_33' title='bbox 1363 599 1414 652; x_wconf 82' lang='grc' dir='ltr'>οἱ</span> <span class='ocrx_word' id='word_1_34' title='bbox 1456 598 1566 650; x_wconf 84' lang='grc' dir='ltr'><strong>τῶν</strong></span> <span class='ocrx_word' id='word_1_35' title='bbox 1600 597 1976 668; x_wconf 84' lang='grc' dir='ltr'>Μελητιανῶν,</span> 
     </span>
    </p>
   </div>
   <div class='ocr_carea' id='block_1_7' title="bbox 385 688 1981 760">
    <p class='ocr_par' dir='ltr' id='par_1_7' title="bbox 385 688 1981 760">
     <span class='ocr_line' id='line_1_7' title="bbox 385 688 1981 760; baseline 0 -18"><span class='ocrx_word' id='word_1_36' title='bbox 385 689 627 759; x_wconf 82' lang='grc' dir='ltr'>μάλιστα</span> <span class='ocrx_word' id='word_1_37' title='bbox 665 692 712 742; x_wconf 86' lang='grc' dir='ltr'>οἱ</span> <span class='ocrx_word' id='word_1_38' title='bbox 746 690 840 742; x_wconf 85' lang='grc' dir='ltr'><strong>τοῦ</strong></span> <span class='ocrx_word' id='word_1_39' title='bbox 882 689 1202 751; x_wconf 82' lang='grc' dir='ltr'>Ἀθανασίου</span> <span class='ocrx_word' id='word_1_40' title='bbox 1232 688 1685 760; x_wconf 84' lang='grc' dir='ltr'>κατηγοροῦντες.</span> <span class='ocrx_word' id='word_1_41' title='bbox 1724 690 1981 760; x_wconf 82' lang='grc' dir='ltr'>Ζηλωτὴς</span> 
     </span>
    </p>
   </div>
   <div class='ocr_carea' id='block_1_8' title="bbox 382 781 1981 854">
    <p class='ocr_par' dir='ltr' id='par_1_8' title="bbox 382 781 1981 854">
     <span class='ocr_line' id='line_1_8' title="bbox 382 781 1981 854; baseline 0 -20"><span class='ocrx_word' id='word_1_42' title='bbox 382 782 445 835; x_wconf 87' lang='grc' dir='ltr'>δὲ</span> <span class='ocrx_word' id='word_1_43' title='bbox 474 782 552 834; x_wconf 82' lang='grc' dir='ltr'><strong>ὢν</strong></span> <span class='ocrx_word' id='word_1_44' title='bbox 583 782 725 854; x_wconf 82' lang='grc' dir='ltr'>ὑπὲρ</span> <span class='ocrx_word' id='word_1_45' title='bbox 756 781 1017 852; x_wconf 79' lang='grc' dir='ltr'><strong>ἀληθείας</strong></span> <span class='ocrx_word' id='word_1_46' title='bbox 1044 783 1139 835; x_wconf 79' lang='grc' dir='ltr'>καὶ</span> <span class='ocrx_word' id='word_1_47' title='bbox 1178 782 1486 853; x_wconf 82' lang='grc' dir='ltr'>ὀρθοδοξίας</span> <span class='ocrx_word' id='word_1_48' title='bbox 1515 785 1544 835; x_wconf 94' lang='lat'><strong>6</strong></span> <span class='ocrx_word' id='word_1_49' title='bbox 1583 783 1981 854; x_wconf 73' lang='grc' dir='ltr'><strong>προειρημένος</strong></span> 
     </span>
    </p>
   </div>
   <div class='ocr_carea' id='block_1_9' title="bbox 384 872 1980 945">
    <p class='ocr_par' dir='ltr' id='par_1_9' title="bbox 384 872 1980 945">
     <span class='ocr_line' id='line_1_9' title="bbox 384 872 1980 945; baseline -0.002 -18"><span class='ocrx_word' id='word_1_50' title='bbox 384 875 658 944; x_wconf 86' lang='grc' dir='ltr'>Ποτάμων</span> <span class='ocrx_word' id='word_1_51' title='bbox 691 876 719 926; x_wconf 94' lang='lat'><strong>6</strong></span> <span class='ocrx_word' id='word_1_52' title='bbox 748 873 1088 944; x_wconf 79' lang='grc' dir='ltr'><strong>μακαρίτης,</strong></span> <span class='ocrx_word' id='word_1_53' title='bbox 1123 872 1613 945; x_wconf 74' lang='grc' dir='ltr'>ὲλευθεροστομῶν,</span> <span class='ocrx_word' id='word_1_54' title='bbox 1641 875 1699 937; x_wconf 86' lang='grc' dir='ltr'>ὃς</span> <span class='ocrx_word' id='word_1_55' title='bbox 1728 873 1980 926; x_wconf 81' lang='grc' dir='ltr'>οὐδέποτε</span> 
     </span>
    </p>
   </div>
   <div class='ocr_carea' id='block_1_10' title="bbox 382 962 1982 1035">
    <p class='ocr_par' dir='ltr' id='par_1_10' title="bbox 382 962 1982 1035">
     <span class='ocr_line' id='line_1_10' title="bbox 382 962 1982 1035; baseline -0.003 -18"><span class='ocrx_word' id='word_1_56' title='bbox 382 965 579 1035; x_wconf 80' lang='grc' dir='ltr'>εἴληφε</span> <span class='ocrx_word' id='word_1_57' title='bbox 633 963 924 1034; x_wconf 81' lang='grc' dir='ltr'>πρόσωπόν</span> <span class='ocrx_word' id='word_1_58' title='bbox 975 979 1154 1026; x_wconf 72' lang='grc' dir='ltr'><strong>τινος⁸</strong></span> <span class='ocrx_word' id='word_1_59' title='bbox 1199 962 1292 1015; x_wconf 78' lang='grc' dir='ltr'>τὸν</span> <span class='ocrx_word' id='word_1_60' title='bbox 1343 962 1621 1033; x_wconf 78' lang='grc' dir='ltr'>ὀφθαλμὸν</span> <span class='ocrx_word' id='word_1_61' title='bbox 1650 964 1759 1035; x_wconf 86' lang='grc' dir='ltr'>γὰρ</span> <span class='ocrx_word' id='word_1_62' title='bbox 1812 965 1869 1015; x_wconf 82' lang='grc' dir='ltr'><strong>ἐν</strong></span> <span class='ocrx_word' id='word_1_63' title='bbox 1901 962 1982 1032; x_wconf 83' lang='grc' dir='ltr'>τῷ</span> 
     </span>
    </p>
   </div>
   <div class='ocr_carea' id='block_1_11' title="bbox 382 1052 1981 1125">
    <p class='ocr_par' dir='ltr' id='par_1_11' title="bbox 382 1052 1981 1125">
     <span class='ocr_line' id='line_1_11' title="bbox 382 1052 1981 1125; baseline -0.001 -18"><span class='ocrx_word' id='word_1_64' title='bbox 382 1053 614 1124; x_wconf 49' lang='grc' dir='ltr'>διωγῴ</span> <span class='ocrx_word' id='word_1_65' title='bbox 651 1053 740 1106; x_wconf 82' lang='grc' dir='ltr'>διὰ</span> <span class='ocrx_word' id='word_1_66' title='bbox 771 1053 869 1124; x_wconf 83' lang='grc' dir='ltr'>τὴν</span> <span class='ocrx_word' id='word_1_67' title='bbox 915 1053 1172 1124; x_wconf 87' lang='grc' dir='ltr'>ἀλήθειαν</span> <span class='ocrx_word' id='word_1_68' title='bbox 1219 1052 1538 1125; x_wconf 76' lang='grc' dir='ltr'>ἐτυφλώθηο</span> <span class='ocrx_word' id='word_1_69' title='bbox 1583 1054 1846 1125; x_wconf 80' lang='grc' dir='ltr'>ἑωρακὼς</span> <span class='ocrx_word' id='word_1_70' title='bbox 1886 1054 1981 1106; x_wconf 73' lang='grc' dir='ltr'><strong>τὸν</strong></span> 
     </span>
    </p>
   </div>
   <div class='ocr_carea' id='block_1_12' title="bbox 385 1144 1981 1216">
    <p class='ocr_par' dir='ltr' id='par_1_12' title="bbox 385 1144 1981 1216">
     <span class='ocr_line' id='line_1_12' title="bbox 385 1144 1981 1216; baseline -0.002 -17"><span class='ocrx_word' id='word_1_71' title='bbox 385 1147 652 1200; x_wconf 82' lang='grc' dir='ltr'>Εὑσέϐιον</span> <span class='ocrx_word' id='word_1_72' title='bbox 683 1145 1048 1216; x_wconf 77' lang='grc' dir='ltr'><strong>καθεζόμενον</strong></span> <span class='ocrx_word' id='word_1_73' title='bbox 1081 1145 1174 1198; x_wconf 76' lang='grc' dir='ltr'><strong>καὶ</strong></span> <span class='ocrx_word' id='word_1_74' title='bbox 1191 1145 1504 1210; x_wconf 81' lang='grc' dir='ltr'><strong>δικάζοντα,</strong></span> <span class='ocrx_word' id='word_1_75' title='bbox 1535 1146 1630 1199; x_wconf 79' lang='grc' dir='ltr'><strong>καὶ</strong></span> <span class='ocrx_word' id='word_1_76' title='bbox 1668 1144 1981 1198; x_wconf 85' lang='grc' dir='ltr'>Ἀθανάσιον</span> 
     </span>
    </p>
   </div>
   <div class='ocr_carea' id='block_1_13' title="bbox 384 1232 1981 1314">
    <p class='ocr_par' dir='ltr' id='par_1_13' title="bbox 384 1232 1981 1314">
     <span class='ocr_line' id='line_1_13' title="bbox 384 1232 1981 1314; baseline -0.001 -23"><span class='ocrx_word' id='word_1_77' title='bbox 384 1238 625 1305; x_wconf 75' lang='grc' dir='ltr'>ἑστῶτα,</span> <span class='ocrx_word' id='word_1_78' title='bbox 669 1237 1072 1308; x_wconf 80' lang='grc' dir='ltr'>καταπονηθεὶς</span> <span class='ocrx_word' id='word_1_79' title='bbox 1109 1240 1176 1314; x_wconf 77' lang='grc' dir='ltr'>τῇ</span> <span class='ocrx_word' id='word_1_80' title='bbox 1219 1237 1386 1309; x_wconf 80' lang='grc' dir='ltr'>λύπῃ,</span> <span class='ocrx_word' id='word_1_81' title='bbox 1421 1238 1514 1291; x_wconf 82' lang='grc' dir='ltr'><strong>καὶ</strong></span> <span class='ocrx_word' id='word_1_82' title='bbox 1557 1237 1857 1311; x_wconf 80' lang='grc' dir='ltr'>δακρύσας,</span> <span class='ocrx_word' id='word_1_83' title='bbox 1893 1232 1981 1290; x_wconf 77' lang='grc' dir='ltr'>οἷα</span> 
     </span>
    </p>
   </div>
   <div class='ocr_carea' id='block_1_14' title="bbox 383 1329 1981 1402">
    <p class='ocr_par' dir='ltr' id='par_1_14' title="bbox 383 1329 1981 1402">
     <span class='ocr_line' id='line_1_14' title="bbox 383 1329 1981 1402; baseline -0.001 -19"><span class='ocrx_word' id='word_1_84' title='bbox 383 1331 598 1399; x_wconf 87' lang='grc' dir='ltr'>γίνεται</span> <span class='ocrx_word' id='word_1_85' title='bbox 644 1334 794 1402; x_wconf 85' lang='grc' dir='ltr'><strong>παρά</strong></span> <span class='ocrx_word' id='word_1_86' title='bbox 831 1333 944 1392; x_wconf 84' lang='grc' dir='ltr'>τοῖς</span> <span class='ocrx_word' id='word_1_87' title='bbox 994 1329 1272 1400; x_wconf 79' lang='grc' dir='ltr'>ἀληθέσιν,</span> <span class='ocrx_word' id='word_1_88' title='bbox 1319 1329 1643 1382; x_wconf 83' lang='grc' dir='ltr'>ἀπετείνατο</span> <span class='ocrx_word' id='word_1_89' title='bbox 1692 1331 1846 1398; x_wconf 88' lang='grc' dir='ltr'>φωνῇ</span> <span class='ocrx_word' id='word_1_90' title='bbox 1885 1345 1981 1397; x_wconf 80' lang='grc' dir='ltr'>με-</span> 
     </span>
    </p>
   </div>
   <div class='ocr_carea' id='block_1_15' title="bbox 384 1417 1984 1493">
    <p class='ocr_par' dir='ltr' id='par_1_15' title="bbox 384 1417 1984 1493">
     <span class='ocr_line' id='line_1_15' title="bbox 384 1417 1984 1493; baseline -0.004 -17"><span class='ocrx_word' id='word_1_91' title='bbox 384 1423 531 1493; x_wconf 85' lang='grc' dir='ltr'>γάλῃ</span> <span class='ocrx_word' id='word_1_92' title='bbox 563 1421 806 1490; x_wconf 73' lang='grc' dir='ltr'>Εὑσεϐίῳ</span> <span class='ocrx_word' id='word_1_93' title='bbox 831 1420 1003 1489; x_wconf 86' lang='grc' dir='ltr'>λέγων</span> <span class='ocrx_word' id='word_1_94' title='bbox 1022 1438 1035 1450; x_wconf 77' lang='grc'><strong><em>⁸</em></strong></span> <span class='ocrx_word' id='word_1_95' title='bbox 1063 1421 1135 1472; x_wconf 81' lang='grc' dir='ltr'><strong>Σὺ</strong></span> <span class='ocrx_word' id='word_1_96' title='bbox 1159 1418 1387 1492; x_wconf 77' lang='grc' dir='ltr'>καθέζῃ,</span> <span class='ocrx_word' id='word_1_97' title='bbox 1417 1417 1665 1478; x_wconf 77' lang='grc' dir='ltr'>Εὑσέὸιε,</span> <span class='ocrx_word' id='word_1_98' title='bbox 1698 1419 1793 1472; x_wconf 72' lang='grc' dir='ltr'>καὶ</span> <span class='ocrx_word' id='word_1_99' title='bbox 1831 1419 1984 1470; x_wconf 88' lang='grc' dir='ltr'>Ἀθα-</span> 
     </span>
    </p>
   </div>
   <div class='ocr_carea' id='block_1_16' title="bbox 383 1510 1984 1584">
    <p class='ocr_par' dir='ltr' id='par_1_16' title="bbox 383 1510 1984 1584">
     <span class='ocr_line' id='line_1_16' title="bbox 383 1510 1984 1584; baseline -0.003 -16"><span class='ocrx_word' id='word_1_100' title='bbox 383 1517 577 1578; x_wconf 78' lang='grc' dir='ltr'>νάσιος</span> <span class='ocrx_word' id='word_1_101' title='bbox 607 1513 785 1577; x_wconf 86' lang='grc' dir='ltr'>ἀθῶος</span> <span class='ocrx_word' id='word_1_102' title='bbox 817 1513 894 1566; x_wconf 84' lang='grc' dir='ltr'>ὣν</span> <span class='ocrx_word' id='word_1_103' title='bbox 924 1512 1076 1584; x_wconf 80' lang='grc' dir='ltr'><strong>παρά</strong></span> <span class='ocrx_word' id='word_1_104' title='bbox 1102 1510 1196 1565; x_wconf 91' lang='grc' dir='ltr'><strong>σοῦ</strong></span> <span class='ocrx_word' id='word_1_105' title='bbox 1241 1512 1519 1583; x_wconf 78' lang='grc' dir='ltr'>κρίνεται;</span> <span class='ocrx_word' id='word_1_106' title='bbox 1547 1512 1643 1574; x_wconf 84' lang='grc' dir='ltr'><strong>Τίς</strong></span> <span class='ocrx_word' id='word_1_107' title='bbox 1669 1511 1882 1580; x_wconf 80' lang='grc' dir='ltr'>ἐνέγκοι</span> <span class='ocrx_word' id='word_1_108' title='bbox 1915 1511 1984 1563; x_wconf 86' lang='grc' dir='ltr'><strong>τά</strong></span> 
     </span>
    </p>
   </div>
   <div class='ocr_carea' id='block_1_17' title="bbox 384 1599 1980 1675">
    <p class='ocr_par' dir='ltr' id='par_1_17' title="bbox 384 1599 1980 1675">
     <span class='ocr_line' id='line_1_17' title="bbox 384 1599 1980 1675; baseline -0.004 -14"><span class='ocrx_word' id='word_1_109' title='bbox 384 1607 643 1670; x_wconf 88' lang='grc' dir='ltr'>τοιαῦτα;</span> <span class='ocrx_word' id='word_1_110' title='bbox 679 1605 821 1674; x_wconf 81' lang='grc' dir='ltr'>Λέγε</span> <span class='ocrx_word' id='word_1_111' title='bbox 858 1606 915 1657; x_wconf 84' lang='grc' dir='ltr'><strong>δέ</strong></span> <span class='ocrx_word' id='word_1_112' title='bbox 963 1620 1053 1675; x_wconf 89' lang='grc' dir='ltr'><strong>μοι</strong></span> <span class='ocrx_word' id='word_1_113' title='bbox 1100 1605 1184 1667; x_wconf 83' lang='grc' dir='ltr'><strong>σὺ,</strong></span> <span class='ocrx_word' id='word_1_114' title='bbox 1235 1605 1294 1656; x_wconf 84' lang='grc' dir='ltr'><strong>οὐ</strong></span> <span class='ocrx_word' id='word_1_115' title='bbox 1333 1605 1432 1656; x_wconf 85' lang='grc' dir='ltr'><strong>σὺν</strong></span> <span class='ocrx_word' id='word_1_116' title='bbox 1465 1605 1589 1674; x_wconf 76' lang='grc' dir='ltr'>ἐμοὶ</span> <span class='ocrx_word' id='word_1_117' title='bbox 1619 1599 1764 1674; x_wconf 79' lang='grc' dir='ltr'>ἦσθα</span> <span class='ocrx_word' id='word_1_118' title='bbox 1814 1605 1870 1658; x_wconf 85' lang='grc' dir='ltr'>ὲν</span> <span class='ocrx_word' id='word_1_119' title='bbox 1913 1605 1980 1674; x_wconf 76' lang='grc' dir='ltr'>τῇ</span> 
     </span>
    </p>
   </div>
   <div class='ocr_carea' id='block_1_18' title="bbox 384 1695 1979 1769">
    <p class='ocr_par' dir='ltr' id='par_1_18' title="bbox 384 1695 1979 1769">
     <span class='ocr_line' id='line_1_18' title="bbox 384 1695 1979 1769; baseline -0.001 -18"><span class='ocrx_word' id='word_1_120' title='bbox 384 1699 606 1769; x_wconf 82' lang='grc' dir='ltr'>φυλακῇ</span> <span class='ocrx_word' id='word_1_121' title='bbox 641 1699 735 1750; x_wconf 76' lang='grc' dir='ltr'>ἐπὶ</span> <span class='ocrx_word' id='word_1_122' title='bbox 765 1697 858 1750; x_wconf 84' lang='grc' dir='ltr'><strong>τοῦ</strong></span> <span class='ocrx_word' id='word_1_123' title='bbox 887 1696 1160 1766; x_wconf 84' lang='grc' dir='ltr'>διωγμοῦ;</span> <span class='ocrx_word' id='word_1_124' title='bbox 1195 1695 1368 1764; x_wconf 84' lang='grc' dir='ltr'><strong>Κάγὼ</strong></span> <span class='ocrx_word' id='word_1_125' title='bbox 1411 1697 1509 1766; x_wconf 85' lang='grc' dir='ltr'><strong>μὲν</strong></span> <span class='ocrx_word' id='word_1_126' title='bbox 1538 1695 1817 1767; x_wconf 84' lang='grc' dir='ltr'>ὀφθαλμὸν</span> <span class='ocrx_word' id='word_1_127' title='bbox 1869 1697 1979 1749; x_wconf 84' lang='grc' dir='ltr'>ἀπ-</span> 
     </span>
    </p>
   </div>
   <div class='ocr_carea' id='block_1_19' title="bbox 385 1783 1984 1858">
    <p class='ocr_par' dir='ltr' id='par_1_19' title="bbox 385 1783 1984 1858">
     <span class='ocr_line' id='line_1_19' title="bbox 385 1783 1984 1858; baseline -0.004 -16"><span class='ocrx_word' id='word_1_128' title='bbox 385 1787 666 1858; x_wconf 78' lang='grc' dir='ltr'>εϐαλόμην</span> <span class='ocrx_word' id='word_1_129' title='bbox 691 1787 831 1856; x_wconf 83' lang='grc' dir='ltr'>ὑπὲρ</span> <span class='ocrx_word' id='word_1_130' title='bbox 869 1784 1125 1856; x_wconf 82' lang='grc' dir='ltr'>ἀληθείας</span> <span class='ocrx_word' id='word_1_131' title='bbox 1145 1797 1158 1813; x_wconf 86' lang='grc'>⁶</span> <span class='ocrx_word' id='word_1_132' title='bbox 1192 1786 1257 1838; x_wconf 82' lang='grc' dir='ltr'><strong>σὺ</strong></span> <span class='ocrx_word' id='word_1_133' title='bbox 1297 1785 1354 1838; x_wconf 81' lang='grc' dir='ltr'>δὲ</span> <span class='ocrx_word' id='word_1_134' title='bbox 1397 1783 1520 1837; x_wconf 73' lang='grc' dir='ltr'>οὔτε</span> <span class='ocrx_word' id='word_1_135' title='bbox 1553 1784 1718 1856; x_wconf 83' lang='grc' dir='ltr'>φαίνῃ</span> <span class='ocrx_word' id='word_1_136' title='bbox 1745 1783 1984 1855; x_wconf 74' lang='grc' dir='ltr'>λελωϐη-</span> 
     </span>
    </p>
   </div>
   <div class='ocr_carea' id='block_1_20' title="bbox 2081 599 3672 670">
    <p class='ocr_par' dir='ltr' id='par_1_20' title="bbox 2081 599 3672 670">
     <span class='ocr_line' id='line_1_20' title="bbox 2081 599 3672 670; baseline 0 -16"><span class='ocrx_word' id='word_1_137' title='bbox 2081 601 2163 654; x_wconf 93' lang='lat' dir='ltr'><strong>cis</strong></span> <span class='ocrx_word' id='word_1_138' title='bbox 2209 601 2489 655; x_wconf 77' lang='lat' dir='ltr'><strong>memoriae</strong></span> <span class='ocrx_word' id='word_1_139' title='bbox 2545 615 2778 670; x_wconf 77' lang='lat' dir='ltr'><strong>magnus</strong></span> <span class='ocrx_word' id='word_1_140' title='bbox 2828 601 2917 655; x_wconf 91' lang='lat' dir='ltr'><strong>ille</strong></span> <span class='ocrx_word' id='word_1_141' title='bbox 2968 599 3194 655; x_wconf 90' lang='lat' dir='ltr'><strong>Potamo</strong></span> <span class='ocrx_word' id='word_1_142' title='bbox 3244 600 3350 654; x_wconf 85' lang='lat' dir='ltr'><strong>fuit</strong></span> <span class='ocrx_word' id='word_1_143' title='bbox 3397 599 3672 655; x_wconf 74' lang='lat' dir='ltr'><strong>Heraclea:</strong></span> 
     </span>
    </p>
   </div>
   <div class='ocr_carea' id='block_1_21' title="bbox 2080 689 3671 762">
    <p class='ocr_par' dir='ltr' id='par_1_21' title="bbox 2080 689 3671 762">
     <span class='ocr_line' id='line_1_21' title="bbox 2080 689 3671 762; baseline -0.001 -16"><span class='ocrx_word' id='word_1_144' title='bbox 2080 689 2372 762; x_wconf 87' lang='lat' dir='ltr'><strong>cpiscopus</strong></span> <span class='ocrx_word' id='word_1_145' title='bbox 2407 700 2462 746; x_wconf 92' lang='lat' dir='ltr'><strong>et</strong></span> <span class='ocrx_word' id='word_1_146' title='bbox 2496 691 2807 746; x_wconf 73' lang='lat' dir='ltr'><strong>confessor.</strong></span> <span class='ocrx_word' id='word_1_147' title='bbox 2837 691 3083 746; x_wconf 86' lang='lat' dir='ltr'><strong>Aderant</strong></span> <span class='ocrx_word' id='word_1_148' title='bbox 3113 700 3168 746; x_wconf 90' lang='lat' dir='ltr'><strong>et</strong></span> <span class='ocrx_word' id='word_1_149' title='bbox 3195 691 3470 746; x_wconf 83' lang='lat' dir='ltr'><strong>Meletiani</strong></span> <span class='ocrx_word' id='word_1_150' title='bbox 3499 690 3671 745; x_wconf 85' lang='lat' dir='ltr'><strong>Atha-</strong></span> 
     </span>
    </p>
   </div>
   <div class='ocr_carea' id='block_1_22' title="bbox 2081 782 3672 854">
    <p class='ocr_par' dir='ltr' id='par_1_22' title="bbox 2081 782 3672 854">
     <span class='ocr_line' id='line_1_22' title="bbox 2081 782 3672 854; baseline -0.001 -16"><span class='ocrx_word' id='word_1_151' title='bbox 2081 785 2221 839; x_wconf 87' lang='lat' dir='ltr'><strong>nasii</strong></span> <span class='ocrx_word' id='word_1_152' title='bbox 2248 785 2554 854; x_wconf 67' lang='lat' dir='ltr'><strong>praesertim</strong></span> <span class='ocrx_word' id='word_1_153' title='bbox 2587 791 2963 838; x_wconf 82' lang='lat' dir='ltr'><strong>accusatores.</strong></span> <span class='ocrx_word' id='word_1_154' title='bbox 2997 785 3066 837; x_wconf 89' lang='lat' dir='ltr'><strong>At</strong></span> <span class='ocrx_word' id='word_1_155' title='bbox 3099 785 3290 838; x_wconf 90' lang='lat' dir='ltr'><strong>beatus</strong></span> <span class='ocrx_word' id='word_1_156' title='bbox 3323 782 3554 836; x_wconf 85' lang='lat' dir='ltr'><strong>Potamo</strong></span> <span class='ocrx_word' id='word_1_157' title='bbox 3576 799 3672 836; x_wconf 84' lang='lat' dir='ltr'><strong>ve-</strong></span> 
     </span>
    </p>
   </div>
   <div class='ocr_carea' id='block_1_23' title="bbox 2080 875 3673 942">
    <p class='ocr_par' dir='ltr' id='par_1_23' title="bbox 2080 875 3673 942">
     <span class='ocr_line' id='line_1_23' title="bbox 2080 875 3673 942; baseline -0.003 -12"><span class='ocrx_word' id='word_1_158' title='bbox 2080 877 2260 932; x_wconf 85' lang='lat' dir='ltr'><strong>ritatis</strong></span> <span class='ocrx_word' id='word_1_159' title='bbox 2299 891 2364 931; x_wconf 87' lang='lat' dir='ltr'><strong>ac</strong></span> <span class='ocrx_word' id='word_1_160' title='bbox 2401 885 2566 932; x_wconf 86' lang='lat' dir='ltr'><strong>rectae</strong></span> <span class='ocrx_word' id='word_1_161' title='bbox 2618 876 2741 931; x_wconf 84' lang='lat' dir='ltr'><strong>fidei</strong></span> <span class='ocrx_word' id='word_1_162' title='bbox 2795 875 2991 930; x_wconf 90' lang='lat' dir='ltr'><strong>ardore</strong></span> <span class='ocrx_word' id='word_1_163' title='bbox 3034 885 3298 942; x_wconf 69' lang='lat' dir='ltr'><strong>aastuans,</strong></span> <span class='ocrx_word' id='word_1_164' title='bbox 3334 876 3418 930; x_wconf 87' lang='lat' dir='ltr'><strong>vir</strong></span> <span class='ocrx_word' id='word_1_165' title='bbox 3456 890 3673 931; x_wconf 89' lang='lat' dir='ltr'><strong>summa</strong></span> 
     </span>
    </p>
   </div>
   <div class='ocr_carea' id='block_1_24' title="bbox 2082 963 3675 1035">
    <p class='ocr_par' dir='ltr' id='par_1_24' title="bbox 2082 963 3675 1035">
     <span class='ocr_line' id='line_1_24' title="bbox 2082 963 3675 1035; baseline 0 -19"><span class='ocrx_word' id='word_1_166' title='bbox 2082 964 2342 1034; x_wconf 84' lang='lat' dir='ltr'><strong>loquendi</strong></span> <span class='ocrx_word' id='word_1_167' title='bbox 2381 965 2656 1028; x_wconf 87' lang='lat' dir='ltr'><strong>libertate,</strong></span> <span class='ocrx_word' id='word_1_168' title='bbox 2692 963 2787 1034; x_wconf 89' lang='lat' dir='ltr'><strong>qui</strong></span> <span class='ocrx_word' id='word_1_169' title='bbox 2824 965 2992 1019; x_wconf 89' lang='lat' dir='ltr'><strong>nullis</strong></span> <span class='ocrx_word' id='word_1_170' title='bbox 3024 980 3265 1035; x_wconf 89' lang='lat' dir='ltr'><strong>unquam</strong></span> <span class='ocrx_word' id='word_1_171' title='bbox 3298 981 3546 1035; x_wconf 68' lang='lat' dir='ltr'><strong>personae</strong></span> <span class='ocrx_word' id='word_1_172' title='bbox 3587 979 3675 1016; x_wconf 85' lang='lat' dir='ltr'><strong>ra-</strong></span> 
     </span>
    </p>
   </div>
   <div class='ocr_carea' id='block_1_25' title="bbox 2080 1055 3676 1128">
    <p class='ocr_par' dir='ltr' id='par_1_25' title="bbox 2080 1055 3676 1128">
     <span class='ocr_line' id='line_1_25' title="bbox 2080 1055 3676 1128; baseline 0 -19"><span class='ocrx_word' id='word_1_173' title='bbox 2080 1057 2286 1110; x_wconf 86' lang='lat' dir='ltr'><strong>tionem</strong></span> <span class='ocrx_word' id='word_1_174' title='bbox 2314 1056 2605 1118; x_wconf 85' lang='lat' dir='ltr'><strong>habuerat,</strong></span> <span class='ocrx_word' id='word_1_175' title='bbox 2642 1066 2696 1111; x_wconf 91' lang='lat' dir='ltr'><strong>et</strong></span> <span class='ocrx_word' id='word_1_176' title='bbox 2746 1072 2845 1128; x_wconf 92' lang='lat' dir='ltr'><strong>pro</strong></span> <span class='ocrx_word' id='word_1_177' title='bbox 2871 1057 3120 1111; x_wconf 83' lang='lat' dir='ltr'><strong>veritatis</strong></span> <span class='ocrx_word' id='word_1_178' title='bbox 3151 1055 3503 1112; x_wconf 75' lang='lat' dir='ltr'><strong>confessione</strong></span> <span class='ocrx_word' id='word_1_179' title='bbox 3541 1055 3676 1109; x_wconf 88' lang='lat' dir='ltr'><strong>alte-</strong></span> 
     </span>
    </p>
   </div>
   <div class='ocr_carea' id='block_1_26' title="bbox 2083 1147 3674 1217">
    <p class='ocr_par' dir='ltr' id='par_1_26' title="bbox 2083 1147 3674 1217">
     <span class='ocr_line' id='line_1_26' title="bbox 2083 1147 3674 1217; baseline -0.001 -17"><span class='ocrx_word' id='word_1_180' title='bbox 2083 1163 2204 1200; x_wconf 91' lang='lat' dir='ltr'><strong>rum</strong></span> <span class='ocrx_word' id='word_1_181' title='bbox 2236 1147 2291 1201; x_wconf 89' lang='lat' dir='ltr'><strong>in</strong></span> <span class='ocrx_word' id='word_1_182' title='bbox 2320 1148 2701 1217; x_wconf 89' lang='lat' dir='ltr'><strong>persecutione</strong></span> <span class='ocrx_word' id='word_1_183' title='bbox 2731 1148 2955 1201; x_wconf 92' lang='lat' dir='ltr'><strong>oculum</strong></span> <span class='ocrx_word' id='word_1_184' title='bbox 2985 1148 3262 1210; x_wconf 89' lang='lat' dir='ltr'><strong>amiserat,</strong></span> <span class='ocrx_word' id='word_1_185' title='bbox 3297 1149 3345 1202; x_wconf 90' lang='lat' dir='ltr'><strong>is</strong></span> <span class='ocrx_word' id='word_1_186' title='bbox 3374 1147 3674 1202; x_wconf 82' lang='lat' dir='ltr'><strong>Eusebium</strong></span> 
     </span>
    </p>
   </div>
   <div class='ocr_carea' id='block_1_27' title="bbox 2092 1237 3674 1309">
    <p class='ocr_par' dir='ltr' id='par_1_27' title="bbox 2092 1237 3674 1309">
     <span class='ocr_line' id='line_1_27' title="bbox 2092 1237 3674 1309; baseline -0.001 -17"><span class='ocrx_word' id='word_1_187' title='bbox 2092 1237 2370 1292; x_wconf 86' lang='lat' dir='ltr'><strong>sedentem</strong></span> <span class='ocrx_word' id='word_1_188' title='bbox 2442 1246 2496 1292; x_wconf 89' lang='lat' dir='ltr'><strong>et</strong></span> <span class='ocrx_word' id='word_1_189' title='bbox 2555 1237 2934 1306; x_wconf 86' lang='lat' dir='ltr'><strong>judicantem,</strong></span> <span class='ocrx_word' id='word_1_190' title='bbox 3006 1246 3245 1294; x_wconf 85' lang='lat' dir='ltr'><strong>stantem</strong></span> <span class='ocrx_word' id='word_1_191' title='bbox 3314 1237 3477 1309; x_wconf 63' lang='grc' dir='ltr'><strong>724ι</strong></span> <span class='ocrx_word' id='word_1_192' title='bbox 3543 1253 3674 1292; x_wconf 87' lang='lat' dir='ltr'><strong>vero</strong></span> 
     </span>
    </p>
   </div>
   <div class='ocr_carea' id='block_1_28' title="bbox 2083 1329 3672 1400">
    <p class='ocr_par' dir='ltr' id='par_1_28' title="bbox 2083 1329 3672 1400">
     <span class='ocr_line' id='line_1_28' title="bbox 2083 1329 3672 1400; baseline 0.002 -19"><span class='ocrx_word' id='word_1_193' title='bbox 2083 1329 2444 1384; x_wconf 79' lang='lat' dir='ltr'><strong>Athanasium</strong></span> <span class='ocrx_word' id='word_1_194' title='bbox 2497 1330 2852 1400; x_wconf 89' lang='lat' dir='ltr'><strong>conspicatus</strong></span> <span class='ocrx_word' id='word_1_195' title='bbox 2882 1331 3072 1386; x_wconf 88' lang='lat' dir='ltr'><strong>dolore</strong></span> <span class='ocrx_word' id='word_1_196' title='bbox 3103 1329 3392 1385; x_wconf 85' lang='lat' dir='ltr'><strong>confectus</strong></span> <span class='ocrx_word' id='word_1_197' title='bbox 3414 1372 3428 1395; x_wconf 94' lang='lat'><strong>,</strong></span> <span class='ocrx_word' id='word_1_198' title='bbox 3465 1339 3517 1384; x_wconf 87' lang='lat' dir='ltr'><strong>et</strong></span> <span class='ocrx_word' id='word_1_199' title='bbox 3549 1330 3672 1384; x_wconf 89' lang='lat' dir='ltr'><strong>illa-</strong></span> 
     </span>
    </p>
   </div>
   <div class='ocr_carea' id='block_1_29' title="bbox 2085 1420 3676 1492">
    <p class='ocr_par' dir='ltr' id='par_1_29' title="bbox 2085 1420 3676 1492">
     <span class='ocr_line' id='line_1_29' title="bbox 2085 1420 3676 1492; baseline 0.001 -19"><span class='ocrx_word' id='word_1_200' title='bbox 2085 1436 2370 1492; x_wconf 84' lang='lat' dir='ltr'><strong>crymaus,</strong></span> <span class='ocrx_word' id='word_1_201' title='bbox 2420 1420 2738 1489; x_wconf 49' lang='lat' dir='ltr'><strong>cujusmodi‘</strong></span> <span class='ocrx_word' id='word_1_202' title='bbox 2778 1421 3012 1476; x_wconf 83' lang='lat' dir='ltr'><strong>sinceris</strong></span> <span class='ocrx_word' id='word_1_203' title='bbox 3059 1421 3336 1476; x_wconf 84' lang='lat' dir='ltr'><strong>mentibus</strong></span> <span class='ocrx_word' id='word_1_204' title='bbox 3382 1420 3676 1474; x_wconf 82' lang='lat' dir='ltr'><strong>usuvenire</strong></span> 
     </span>
    </p>
   </div>
   <div class='ocr_carea' id='block_1_30' title="bbox 2085 1512 3669 1582">
    <p class='ocr_par' dir='ltr' id='par_1_30' title="bbox 2085 1512 3669 1582">
     <span class='ocr_line' id='line_1_30' title="bbox 2085 1512 3669 1582; baseline -0.001 -16"><span class='ocrx_word' id='word_1_205' title='bbox 2085 1513 2243 1568; x_wconf 85' lang='lat' dir='ltr'><strong>solet.</strong></span> <span class='ocrx_word' id='word_1_206' title='bbox 2284 1528 2480 1582; x_wconf 82' lang='lat' dir='ltr'><strong>magna</strong></span> <span class='ocrx_word' id='word_1_207' title='bbox 2511 1528 2644 1567; x_wconf 84' lang='lat' dir='ltr'><strong>voce</strong></span> <span class='ocrx_word' id='word_1_208' title='bbox 2667 1512 2932 1568; x_wconf 83' lang='lat' dir='ltr'><strong>adversus</strong></span> <span class='ocrx_word' id='word_1_209' title='bbox 2962 1513 3254 1568; x_wconf 85' lang='lat' dir='ltr'><strong>Eusebium</strong></span> <span class='ocrx_word' id='word_1_210' title='bbox 3285 1513 3532 1566; x_wconf 81' lang='lat' dir='ltr'><strong>invectus</strong></span> <span class='ocrx_word' id='word_1_211' title='bbox 3564 1519 3669 1567; x_wconf 90' lang='lat' dir='ltr'><strong>est.</strong></span> 
     </span>
    </p>
   </div>
   <div class='ocr_carea' id='block_1_31' title="bbox 2084 1600 3665 1674">
    <p class='ocr_par' dir='ltr' id='par_1_31' title="bbox 2084 1600 3665 1674">
     <span class='ocr_line' id='line_1_31' title="bbox 2084 1600 3665 1674; baseline -0.002 -17"><span class='ocrx_word' id='word_1_212' title='bbox 2084 1600 2183 1668; x_wconf 88' lang='lat' dir='ltr'><strong>Et,</strong></span> <span class='ocrx_word' id='word_1_213' title='bbox 2233 1600 2398 1668; x_wconf 86' lang='lat' dir='ltr'><strong>Tene,</strong></span> <span class='ocrx_word' id='word_1_214' title='bbox 2451 1605 2645 1674; x_wconf 80' lang='lat' dir='ltr'><strong>inquit,</strong></span> <span class='ocrx_word' id='word_1_215' title='bbox 2697 1603 2917 1668; x_wconf 84' lang='lat' dir='ltr'><strong>Eusebi,</strong></span> <span class='ocrx_word' id='word_1_216' title='bbox 2974 1603 3164 1658; x_wconf 90' lang='lat' dir='ltr'><strong>sedere</strong></span> <span class='ocrx_word' id='word_1_217' title='bbox 3223 1611 3276 1657; x_wconf 89' lang='lat' dir='ltr'><strong>et</strong></span> <span class='ocrx_word' id='word_1_218' title='bbox 3315 1603 3665 1657; x_wconf 88' lang='lat' dir='ltr'><strong>innocentem</strong></span> 
     </span>
    </p>
   </div>
   <div class='ocr_carea' id='block_1_32' title="bbox 2083 1692 3660 1764">
    <p class='ocr_par' dir='ltr' id='par_1_32' title="bbox 2083 1692 3660 1764">
     <span class='ocr_line' id='line_1_32' title="bbox 2083 1692 3660 1764; baseline 0.003 -20"><span class='ocrx_word' id='word_1_219' title='bbox 2083 1695 2443 1748; x_wconf 81' lang='lat' dir='ltr'><strong>Athanasium</strong></span> <span class='ocrx_word' id='word_1_220' title='bbox 2477 1710 2505 1747; x_wconf 91' lang='lat' dir='ltr'><strong>a</strong></span> <span class='ocrx_word' id='word_1_221' title='bbox 2539 1703 2592 1747; x_wconf 88' lang='lat' dir='ltr'><strong>te</strong></span> <span class='ocrx_word' id='word_1_222' title='bbox 2618 1693 2892 1764; x_wconf 87' lang='lat' dir='ltr'><strong>judicari?</strong></span> <span class='ocrx_word' id='word_1_223' title='bbox 2924 1692 3059 1759; x_wconf 88' lang='lat' dir='ltr'><strong>Quis</strong></span> <span class='ocrx_word' id='word_1_224' title='bbox 3096 1695 3199 1749; x_wconf 88' lang='lat' dir='ltr'><strong>ista</strong></span> <span class='ocrx_word' id='word_1_225' title='bbox 3230 1694 3505 1748; x_wconf 88' lang='lat' dir='ltr'><strong>sustinere</strong></span> <span class='ocrx_word' id='word_1_226' title='bbox 3530 1707 3660 1762; x_wconf 90' lang='lat' dir='ltr'><strong>pos-</strong></span> 
     </span>
    </p>
   </div>
   <div class='ocr_carea' id='block_1_33' title="bbox 2086 1785 3673 1856">
    <p class='ocr_par' dir='ltr' id='par_1_33' title="bbox 2086 1785 3673 1856">
     <span class='ocr_line' id='line_1_33' title="bbox 2086 1785 3673 1856; baseline 0.001 -17"><span class='ocrx_word' id='word_1_227' title='bbox 2086 1786 2192 1839; x_wconf 85' lang='lat' dir='ltr'><strong>sit?</strong></span> <span class='ocrx_word' id='word_1_228' title='bbox 2227 1785 2357 1853; x_wconf 90' lang='lat' dir='ltr'><strong>Dic,</strong></span> <span class='ocrx_word' id='word_1_229' title='bbox 2399 1786 2583 1849; x_wconf 89' lang='lat' dir='ltr'><strong>sodes,</strong></span> <span class='ocrx_word' id='word_1_230' title='bbox 2623 1803 2807 1840; x_wconf 91' lang='lat' dir='ltr'><strong>nonne</strong></span> <span class='ocrx_word' id='word_1_231' title='bbox 2840 1802 3054 1840; x_wconf 89' lang='lat' dir='ltr'><strong>mecum</strong></span> <span class='ocrx_word' id='word_1_232' title='bbox 3092 1787 3493 1856; x_wconf 86' lang='lat' dir='ltr'><strong>persecutionis</strong></span> <span class='ocrx_word' id='word_1_233' title='bbox 3532 1794 3673 1840; x_wconf 91' lang='lat' dir='ltr'><strong>tem-</strong></span> 
     </span>
    </p>
   </div>
   <div class='ocr_carea' id='block_1_34' title="bbox 387 1875 1988 1951">
    <p class='ocr_par' dir='ltr' id='par_1_34' title="bbox 387 1875 1982 1951">
     <span class='ocr_line' id='line_1_34' title="bbox 387 1875 1982 1951; baseline -0.003 -18"><span class='ocrx_word' id='word_1_234' title='bbox 387 1880 556 1951; x_wconf 85' lang='grc' dir='ltr'>μένον</span> <span class='ocrx_word' id='word_1_235' title='bbox 597 1897 652 1932; x_wconf 87' lang='grc' dir='ltr'><strong>τι</strong></span> <span class='ocrx_word' id='word_1_236' title='bbox 698 1879 838 1948; x_wconf 77' lang='grc' dir='ltr'>ἔχων</span> <span class='ocrx_word' id='word_1_237' title='bbox 879 1880 936 1931; x_wconf 83' lang='grc' dir='ltr'>ὲν</span> <span class='ocrx_word' id='word_1_238' title='bbox 982 1877 1063 1948; x_wconf 80' lang='grc' dir='ltr'>τῷ</span> <span class='ocrx_word' id='word_1_239' title='bbox 1104 1875 1342 1947; x_wconf 83' lang='grc' dir='ltr'>σώματι,</span> <span class='ocrx_word' id='word_1_240' title='bbox 1380 1875 1504 1930; x_wconf 77' lang='grc' dir='ltr'>οὔτε</span> <span class='ocrx_word' id='word_1_241' title='bbox 1555 1876 1982 1948; x_wconf 74' lang='grc' dir='ltr'>ἐμαρτύρησαςο</span> 
     </span>
    </p>
   </div>
   <div class='ocr_carea' id='block_1_35' title="bbox 2090 1875 3674 1951">
    <p class='ocr_par' dir='ltr' id='par_1_35' title="bbox 2090 1881 3674 1951">
     <span class='ocr_line' id='line_1_35' title="bbox 2090 1881 3674 1951; baseline 0.001 -19"><span class='ocrx_word' id='word_1_242' title='bbox 2090 1895 2218 1950; x_wconf 91' lang='lat' dir='ltr'><strong>pore</strong></span> <span class='ocrx_word' id='word_1_243' title='bbox 2253 1881 2306 1934; x_wconf 93' lang='lat' dir='ltr'><strong>in</strong></span> <span class='ocrx_word' id='word_1_244' title='bbox 2339 1881 2589 1934; x_wconf 89' lang='lat' dir='ltr'><strong>custodia</strong></span> <span class='ocrx_word' id='word_1_245' title='bbox 2642 1881 2832 1936; x_wconf 84' lang='lat' dir='ltr'><strong>fuisti?</strong></span> <span class='ocrx_word' id='word_1_246' title='bbox 2863 1882 3041 1951; x_wconf 88' lang='lat' dir='ltr'><strong>Atque</strong></span> <span class='ocrx_word' id='word_1_247' title='bbox 3070 1897 3169 1950; x_wconf 83' lang='lat' dir='ltr'><strong>ego</strong></span> <span class='ocrx_word' id='word_1_248' title='bbox 3197 1881 3416 1951; x_wconf 86' lang='lat' dir='ltr'><strong>quidem</strong></span> <span class='ocrx_word' id='word_1_249' title='bbox 3449 1881 3674 1935; x_wconf 89' lang='lat' dir='ltr'><strong>oculum</strong></span> 
     </span>
    </p>
   </div>
   <div class='ocr_carea' id='block_1_36' title="bbox 384 1967 1979 2040">
    <p class='ocr_par' dir='ltr' id='par_1_36' title="bbox 384 1967 1979 2040">
     <span class='ocr_line' id='line_1_36' title="bbox 384 1967 1979 2040; baseline -0.003 -17"><span class='ocrx_word' id='word_1_250' title='bbox 384 1969 530 2023; x_wconf 81' lang='grc' dir='ltr'><strong>ἀλλά</strong></span> <span class='ocrx_word' id='word_1_251' title='bbox 578 1970 814 2038; x_wconf 73' lang='grc' dir='ltr'>ἕστηκας</span> <span class='ocrx_word' id='word_1_252' title='bbox 875 1967 986 2032; x_wconf 79' lang='grc' dir='ltr'><strong>ζῶν</strong></span> <span class='ocrx_word' id='word_1_253' title='bbox 1042 1967 1210 2040; x_wconf 82' lang='grc' dir='ltr'>μηδὲν</span> <span class='ocrx_word' id='word_1_254' title='bbox 1263 1968 1806 2040; x_wconf 80' lang='grc' dir='ltr'>ἠκρωτηριασμένος.</span> <span class='ocrx_word' id='word_1_255' title='bbox 1856 1968 1979 2030; x_wconf 65' lang='grc' dir='ltr'><strong>Πῶς</strong></span> 
     </span>
    </p>
   </div>
   <div class='ocr_carea' id='block_1_37' title="bbox 385 2059 1980 2132">
    <p class='ocr_par' dir='ltr' id='par_1_37' title="bbox 385 2059 1980 2132">
     <span class='ocr_line' id='line_1_37' title="bbox 385 2059 1980 2132; baseline -0.002 -17"><span class='ocrx_word' id='word_1_256' title='bbox 385 2061 747 2132; x_wconf 84' lang='grc' dir='ltr'>ἀνεχώρησας</span> <span class='ocrx_word' id='word_1_257' title='bbox 793 2060 902 2113; x_wconf 81' lang='grc' dir='ltr'><strong>ἀπὸ</strong></span> <span class='ocrx_word' id='word_1_258' title='bbox 950 2061 1051 2131; x_wconf 83' lang='grc' dir='ltr'>τῆς</span> <span class='ocrx_word' id='word_1_259' title='bbox 1097 2059 1365 2129; x_wconf 83' lang='grc' dir='ltr'>φυλακῆς,</span> <span class='ocrx_word' id='word_1_260' title='bbox 1397 2062 1445 2112; x_wconf 85' lang='grc' dir='ltr'><strong>εί</strong></span> <span class='ocrx_word' id='word_1_261' title='bbox 1497 2061 1572 2132; x_wconf 81' lang='grc' dir='ltr'><strong>μὴ</strong></span> <span class='ocrx_word' id='word_1_262' title='bbox 1621 2061 1702 2113; x_wconf 86' lang='grc' dir='ltr'>ὅτι</span> <span class='ocrx_word' id='word_1_263' title='bbox 1747 2061 1980 2130; x_wconf 81' lang='grc' dir='ltr'>ὑπέσχου</span> 
     </span>
    </p>
   </div>
   <div class='ocr_carea' id='block_1_38' title="bbox 385 2148 1986 2222">
    <p class='ocr_par' dir='ltr' id='par_1_38' title="bbox 385 2148 1986 2222">
     <span class='ocr_line' id='line_1_38' title="bbox 385 2148 1986 2222; baseline 0 -18"><span class='ocrx_word' id='word_1_264' title='bbox 385 2156 503 2216; x_wconf 84' lang='grc' dir='ltr'>τοῖς</span> <span class='ocrx_word' id='word_1_265' title='bbox 544 2152 642 2222; x_wconf 86' lang='grc' dir='ltr'>τὴν</span> <span class='ocrx_word' id='word_1_266' title='bbox 672 2151 918 2220; x_wconf 87' lang='grc' dir='ltr'>ἀνάγκην</span> <span class='ocrx_word' id='word_1_267' title='bbox 952 2150 1047 2203; x_wconf 91' lang='grc' dir='ltr'><strong>τοῦ</strong></span> <span class='ocrx_word' id='word_1_268' title='bbox 1094 2149 1336 2220; x_wconf 81' lang='grc' dir='ltr'><strong>διωγμοῦ</strong></span> <span class='ocrx_word' id='word_1_269' title='bbox 1386 2151 1515 2221; x_wconf 81' lang='grc' dir='ltr'>ἡμῖν</span> <span class='ocrx_word' id='word_1_270' title='bbox 1557 2151 1883 2218; x_wconf 77' lang='grc' dir='ltr'>ἐπενέγκασι</span> <span class='ocrx_word' id='word_1_271' title='bbox 1923 2148 1986 2204; x_wconf 84' lang='grc' dir='ltr'>τὸ</span> 
     </span>
    </p>
   </div>
   <div class='ocr_carea' id='block_1_39' title="bbox 385 2239 1986 2314">
    <p class='ocr_par' dir='ltr' id='par_1_39' title="bbox 385 2239 1986 2314">
     <span class='ocr_line' id='line_1_39' title="bbox 385 2239 1986 2314; baseline -0.001 -18"><span class='ocrx_word' id='word_1_272' title='bbox 385 2242 651 2314; x_wconf 84' lang='grc' dir='ltr'>ἀθέμιτον</span> <span class='ocrx_word' id='word_1_273' title='bbox 680 2241 906 2312; x_wconf 80' lang='grc' dir='ltr'>πρᾶξαι,</span> <span class='ocrx_word' id='word_1_274' title='bbox 942 2242 974 2312; x_wconf 81' lang='grc' dir='ltr'>ἢ</span> <span class='ocrx_word' id='word_1_275' title='bbox 1006 2239 1287 2312; x_wconf 76' lang='grc' dir='ltr'>ἔπραξαςς</span> <span class='ocrx_word' id='word_1_276' title='bbox 1320 2241 1506 2294; x_wconf 90' lang='grc' dir='ltr'>Ταῦτα</span> <span class='ocrx_word' id='word_1_277' title='bbox 1537 2241 1778 2304; x_wconf 88' lang='grc' dir='ltr'>ἀκούσας</span> <span class='ocrx_word' id='word_1_278' title='bbox 1814 2242 1986 2294; x_wconf 82' lang='grc' dir='ltr'>Εὐσέ-</span> 
     </span>
    </p>
   </div>
   <div class='ocr_carea' id='block_1_40' title="bbox 385 2330 1988 2403">
    <p class='ocr_par' dir='ltr' id='par_1_40' title="bbox 385 2330 1988 2403">
     <span class='ocr_line' id='line_1_40' title="bbox 385 2330 1988 2403; baseline -0.001 -19"><span class='ocrx_word' id='word_1_279' title='bbox 385 2332 531 2397; x_wconf 76' lang='grc' dir='ltr'>ϐιος,</span> <span class='ocrx_word' id='word_1_280' title='bbox 564 2331 778 2403; x_wconf 75' lang='grc' dir='ltr'>αἴρεται</span> <span class='ocrx_word' id='word_1_281' title='bbox 815 2332 913 2401; x_wconf 88' lang='grc' dir='ltr'><strong>μὲν</strong></span> <span class='ocrx_word' id='word_1_282' title='bbox 951 2331 1030 2392; x_wconf 86' lang='grc' dir='ltr'><strong>είς</strong></span> <span class='ocrx_word' id='word_1_283' title='bbox 1062 2331 1454 2400; x_wconf 84' lang='grc' dir='ltr'>ἀγανάκτησιν,</span> <span class='ocrx_word' id='word_1_284' title='bbox 1484 2331 1579 2383; x_wconf 79' lang='grc' dir='ltr'><strong>καὶ</strong></span> <span class='ocrx_word' id='word_1_285' title='bbox 1603 2331 1839 2394; x_wconf 74' lang='grc' dir='ltr'>ἀναστὰς</span> <span class='ocrx_word' id='word_1_286' title='bbox 1879 2330 1988 2383; x_wconf 87' lang='grc' dir='ltr'>διέ-</span> 
     </span>
    </p>
   </div>
   <div class='ocr_carea' id='block_1_41' title="bbox 385 2421 1984 2494">
    <p class='ocr_par' dir='ltr' id='par_1_41' title="bbox 385 2421 1984 2494">
     <span class='ocr_line' id='line_1_41' title="bbox 385 2421 1984 2494; baseline 0 -18"><span class='ocrx_word' id='word_1_287' title='bbox 385 2424 522 2476; x_wconf 86' lang='grc' dir='ltr'>λυσε</span> <span class='ocrx_word' id='word_1_288' title='bbox 549 2423 1012 2493; x_wconf 73' lang='grc' dir='ltr'>τὸ-δικαστήριον,</span> <span class='ocrx_word' id='word_1_289' title='bbox 1039 2421 1232 2490; x_wconf 85' lang='grc' dir='ltr'>λέγων,</span> <span class='ocrx_word' id='word_1_290' title='bbox 1265 2423 1348 2475; x_wconf 82' lang='grc' dir='ltr'>ὅτι</span> <span class='ocrx_word' id='word_1_291' title='bbox 1381 2423 1445 2475; x_wconf 79' lang='lat' dir='ltr'><strong>El</strong></span> <span class='ocrx_word' id='word_1_292' title='bbox 1497 2421 1731 2476; x_wconf 77' lang='grc' dir='ltr'>ἐνταῦθα</span> <span class='ocrx_word' id='word_1_293' title='bbox 1775 2423 1984 2494; x_wconf 69' lang='grc' dir='ltr'>ἤλθετε,</span> 
     </span>
    </p>
   </div>
   <div class='ocr_carea' id='block_1_42' title="bbox 387 2512 1985 2588">
    <p class='ocr_par' dir='ltr' id='par_1_42' title="bbox 387 2512 1985 2588">
     <span class='ocr_line' id='line_1_42' title="bbox 387 2512 1985 2588; baseline -0.001 -18"><span class='ocrx_word' id='word_1_294' title='bbox 387 2517 488 2570; x_wconf 77' lang='grc' dir='ltr'><strong>καὶ</strong></span> <span class='ocrx_word' id='word_1_295' title='bbox 520 2516 659 2586; x_wconf 83' lang='grc' dir='ltr'>πρὸς</span> <span class='ocrx_word' id='word_1_296' title='bbox 693 2516 840 2587; x_wconf 77' lang='grc' dir='ltr'>ἡμᾶς</span> <span class='ocrx_word' id='word_1_297' title='bbox 866 2516 934 2570; x_wconf 78' lang='grc' dir='ltr'><strong>τά</strong></span> <span class='ocrx_word' id='word_1_298' title='bbox 967 2515 1192 2569; x_wconf 87' lang='grc' dir='ltr'>τοιαῦτα</span> <span class='ocrx_word' id='word_1_299' title='bbox 1228 2515 1560 2584; x_wconf 81' lang='grc' dir='ltr'>ἀντιλέγετε,</span> <span class='ocrx_word' id='word_1_300' title='bbox 1586 2515 1695 2587; x_wconf 78' lang='grc' dir='ltr'>ἄρα</span> <span class='ocrx_word' id='word_1_301' title='bbox 1726 2512 1818 2570; x_wconf 86' lang='grc' dir='ltr'><strong>οῦν</strong></span> <span class='ocrx_word' id='word_1_302' title='bbox 1849 2517 1985 2588; x_wconf 83' lang='grc' dir='ltr'>ἀλη-</span> 
     </span>
    </p>
   </div>
   <div class='ocr_carea' id='block_1_43' title="bbox 387 2601 1983 2679">
    <p class='ocr_par' dir='ltr' id='par_1_43' title="bbox 387 2601 1983 2679">
     <span class='ocr_line' id='line_1_43' title="bbox 387 2601 1983 2679; baseline -0.001 -17"><span class='ocrx_word' id='word_1_303' title='bbox 387 2609 645 2662; x_wconf 78' lang='grc' dir='ltr'>θεύουσιν</span> <span class='ocrx_word' id='word_1_304' title='bbox 669 2611 716 2662; x_wconf 79' lang='lat' dir='ltr'><strong>oi</strong></span> <span class='ocrx_word' id='word_1_305' title='bbox 753 2609 1050 2679; x_wconf 85' lang='grc' dir='ltr'>κατήγοροι</span> <span class='ocrx_word' id='word_1_306' title='bbox 1081 2607 1256 2678; x_wconf 84' lang='grc' dir='ltr'>ὑμῶν.</span> <span class='ocrx_word' id='word_1_307' title='bbox 1287 2609 1348 2660; x_wconf 88' lang='grc' dir='ltr'><strong>Εἰ</strong></span> <span class='ocrx_word' id='word_1_308' title='bbox 1380 2606 1489 2679; x_wconf 87' lang='grc' dir='ltr'>γὰρ</span> <span class='ocrx_word' id='word_1_309' title='bbox 1519 2601 1621 2660; x_wconf 82' lang='grc' dir='ltr'>ὧδε</span> <span class='ocrx_word' id='word_1_310' title='bbox 1647 2610 1983 2678; x_wconf 81' lang='grc' dir='ltr'>τυραννεῑτε,</span> 
     </span>
    </p>
   </div>
   <div class='ocr_carea' id='block_1_44' title="bbox 389 2681 1968 2770">
    <p class='ocr_par' dir='ltr' id='par_1_44' title="bbox 389 2681 1968 2770">
     <span class='ocr_line' id='line_1_44' title="bbox 389 2681 1968 2770; baseline -0.001 -17"><span class='ocrx_word' id='word_1_311' title='bbox 389 2691 576 2770; x_wconf 84' lang='grc' dir='ltr'>πολλῷ</span> <span class='ocrx_word' id='word_1_312' title='bbox 611 2699 808 2770; x_wconf 78' lang='grc' dir='ltr'>μᾶλλον</span> <span class='ocrx_word' id='word_1_313' title='bbox 838 2701 896 2752; x_wconf 81' lang='grc' dir='ltr'>ὲν</span> <span class='ocrx_word' id='word_1_314' title='bbox 923 2698 989 2770; x_wconf 81' lang='grc' dir='ltr'>τῇ</span> <span class='ocrx_word' id='word_1_315' title='bbox 1021 2698 1175 2769; x_wconf 81' lang='grc' dir='ltr'>ὑμῶν</span> <span class='ocrx_word' id='word_1_316' title='bbox 1207 2697 1449 2768; x_wconf 87' lang='grc' dir='ltr'>πατρίδι.</span> <span class='ocrx_word' id='word_1_317' title='bbox 1958 2681 1968 2704; x_wconf 81' lang='grc'><strong><em>⁸</em></strong></span> 
     </span>
    </p>
   </div>
   <div class='ocr_carea' id='block_1_45' title="bbox 2085 1969 3676 2041">
    <p class='ocr_par' dir='ltr' id='par_1_45' title="bbox 2085 1969 3676 2041">
     <span class='ocr_line' id='line_1_45' title="bbox 2085 1969 3676 2041; baseline -0.001 -17"><span class='ocrx_word' id='word_1_318' title='bbox 2085 1986 2184 2039; x_wconf 94' lang='lat' dir='ltr'><strong>pro</strong></span> <span class='ocrx_word' id='word_1_319' title='bbox 2213 1971 2442 2025; x_wconf 82' lang='lat' dir='ltr'><strong>veritate</strong></span> <span class='ocrx_word' id='word_1_320' title='bbox 2483 1971 2734 2040; x_wconf 89' lang='lat' dir='ltr'><strong>perdidi;</strong></span> <span class='ocrx_word' id='word_1_321' title='bbox 2771 1980 2826 2024; x_wconf 92' lang='lat' dir='ltr'><strong>tu</strong></span> <span class='ocrx_word' id='word_1_322' title='bbox 2860 1972 3008 2025; x_wconf 86' lang='lat' dir='ltr'><strong>nulla</strong></span> <span class='ocrx_word' id='word_1_323' title='bbox 3042 1973 3294 2041; x_wconf 89' lang='lat' dir='ltr'><strong>corporis</strong></span> <span class='ocrx_word' id='word_1_324' title='bbox 3326 1978 3479 2041; x_wconf 89' lang='lat' dir='ltr'><strong>parte</strong></span> <span class='ocrx_word' id='word_1_325' title='bbox 3511 1969 3676 2023; x_wconf 82' lang='lat' dir='ltr'><strong>muti-</strong></span> 
     </span>
    </p>
   </div>
   <div class='ocr_carea' id='block_1_46' title="bbox 2087 2061 3676 2133">
    <p class='ocr_par' dir='ltr' id='par_1_46' title="bbox 2087 2061 3676 2133">
     <span class='ocr_line' id='line_1_46' title="bbox 2087 2061 3676 2133; baseline 0 -19"><span class='ocrx_word' id='word_1_326' title='bbox 2087 2061 2232 2114; x_wconf 88' lang='lat' dir='ltr'><strong>latus</strong></span> <span class='ocrx_word' id='word_1_327' title='bbox 2257 2076 2338 2124; x_wconf 90' lang='lat' dir='ltr'><strong>es,</strong></span> <span class='ocrx_word' id='word_1_328' title='bbox 2375 2077 2552 2131; x_wconf 90' lang='lat' dir='ltr'><strong>neque</strong></span> <span class='ocrx_word' id='word_1_329' title='bbox 2581 2064 2908 2133; x_wconf 84' lang='lat' dir='ltr'><strong>martyrium</strong></span> <span class='ocrx_word' id='word_1_330' title='bbox 2945 2063 3184 2127; x_wconf 88' lang='lat' dir='ltr'><strong>subiisti,</strong></span> <span class='ocrx_word' id='word_1_331' title='bbox 3219 2062 3313 2118; x_wconf 75' lang='lat' dir='ltr'><strong>sed</strong></span> <span class='ocrx_word' id='word_1_332' title='bbox 3343 2063 3500 2116; x_wconf 91' lang='lat' dir='ltr'><strong>vivus</strong></span> <span class='ocrx_word' id='word_1_333' title='bbox 3531 2062 3676 2115; x_wconf 86' lang='lat' dir='ltr'><strong>inte-</strong></span> 
     </span>
    </p>
   </div>
   <div class='ocr_carea' id='block_1_47' title="bbox 2087 2154 3675 2223">
    <p class='ocr_par' dir='ltr' id='par_1_47' title="bbox 2087 2154 3675 2223">
     <span class='ocr_line' id='line_1_47' title="bbox 2087 2154 3675 2223; baseline 0 -16"><span class='ocrx_word' id='word_1_334' title='bbox 2087 2169 2292 2223; x_wconf 82' lang='lat' dir='ltr'><strong>gerque</strong></span> <span class='ocrx_word' id='word_1_335' title='bbox 2327 2155 2609 2210; x_wconf 88' lang='lat' dir='ltr'><strong>consistis.</strong></span> <span class='ocrx_word' id='word_1_336' title='bbox 2639 2155 2887 2220; x_wconf 86' lang='lat' dir='ltr'><strong>Quanam</strong></span> <span class='ocrx_word' id='word_1_337' title='bbox 2932 2156 3147 2211; x_wconf 87' lang='lat' dir='ltr'><strong>ratione</strong></span> <span class='ocrx_word' id='word_1_338' title='bbox 3185 2171 3216 2210; x_wconf 85' lang='lat' dir='ltr'><strong>e</strong></span> <span class='ocrx_word' id='word_1_339' title='bbox 3259 2154 3510 2209; x_wconf 91' lang='lat' dir='ltr'><strong>custodia</strong></span> <span class='ocrx_word' id='word_1_340' title='bbox 3545 2170 3675 2208; x_wconf 91' lang='lat' dir='ltr'><strong>evo-</strong></span> 
     </span>
    </p>
   </div>
   <div class='ocr_carea' id='block_1_48' title="bbox 2088 2245 3678 2318">
    <p class='ocr_par' dir='ltr' id='par_1_48' title="bbox 2088 2245 3678 2318">
     <span class='ocr_line' id='line_1_48' title="bbox 2088 2245 3678 2318; baseline 0.001 -19"><span class='ocrx_word' id='word_1_341' title='bbox 2088 2246 2252 2310; x_wconf 89' lang='lat' dir='ltr'><strong>lasti,</strong></span> <span class='ocrx_word' id='word_1_342' title='bbox 2305 2245 2412 2301; x_wconf 87' lang='lat' dir='ltr'><strong>nisi</strong></span> <span class='ocrx_word' id='word_1_343' title='bbox 2463 2246 2611 2316; x_wconf 92' lang='lat' dir='ltr'><strong>quod</strong></span> <span class='ocrx_word' id='word_1_344' title='bbox 2659 2247 3112 2318; x_wconf 89' lang='lat' dir='ltr'><strong>persecutoribus</strong></span> <span class='ocrx_word' id='word_1_345' title='bbox 3148 2247 3356 2301; x_wconf 84' lang='lat' dir='ltr'><strong>nostris</strong></span> <span class='ocrx_word' id='word_1_346' title='bbox 3400 2246 3678 2300; x_wconf 88' lang='lat' dir='ltr'><strong>nefarium</strong></span> 
     </span>
    </p>
   </div>
   <div class='ocr_carea' id='block_1_49' title="bbox 2092 2337 3675 2408">
    <p class='ocr_par' dir='ltr' id='par_1_49' title="bbox 2092 2337 3675 2408">
     <span class='ocr_line' id='line_1_49' title="bbox 2092 2337 3675 2408; baseline 0.001 -19"><span class='ocrx_word' id='word_1_347' title='bbox 2092 2337 2304 2391; x_wconf 82' lang='lat' dir='ltr'><strong>facinus</strong></span> <span class='ocrx_word' id='word_1_348' title='bbox 2331 2337 2703 2392; x_wconf 88' lang='lat' dir='ltr'><strong>admissurum</strong></span> <span class='ocrx_word' id='word_1_349' title='bbox 2736 2350 2786 2393; x_wconf 87' lang='lat' dir='ltr'><strong>te.</strong></span> <span class='ocrx_word' id='word_1_350' title='bbox 2819 2355 2943 2394; x_wconf 88' lang='lat' dir='ltr'><strong>esse</strong></span> <span class='ocrx_word' id='word_1_351' title='bbox 2966 2339 3244 2408; x_wconf 87' lang='lat' dir='ltr'><strong>recepisti,</strong></span> <span class='ocrx_word' id='word_1_352' title='bbox 3268 2339 3350 2392; x_wconf 86' lang='lat' dir='ltr'><strong>vel</strong></span> <span class='ocrx_word' id='word_1_353' title='bbox 3383 2340 3546 2392; x_wconf 82' lang='lat' dir='ltr'><strong>etiam</strong></span> <span class='ocrx_word' id='word_1_354' title='bbox 3576 2337 3675 2390; x_wconf 89' lang='lat' dir='ltr'><strong>ad-</strong></span> 
     </span>
    </p>
   </div>
   <div class='ocr_carea' id='block_1_50' title="bbox 2090 2425 3675 2498">
    <p class='ocr_par' dir='ltr' id='par_1_50' title="bbox 2090 2425 3675 2498">
     <span class='ocr_line' id='line_1_50' title="bbox 2090 2425 3675 2498; baseline 0.003 -22"><span class='ocrx_word' id='word_1_355' title='bbox 2090 2426 2338 2480; x_wconf 83' lang='lat' dir='ltr'><strong>misisti?</strong></span> <span class='ocrx_word' id='word_1_356' title='bbox 2368 2427 2496 2480; x_wconf 82' lang='lat' dir='ltr'><strong>Haec</strong></span> <span class='ocrx_word' id='word_1_357' title='bbox 2537 2425 2814 2483; x_wconf 88' lang='lat' dir='ltr'><strong>Eusebius</strong></span> <span class='ocrx_word' id='word_1_358' title='bbox 2845 2429 3074 2483; x_wconf 90' lang='lat' dir='ltr'><strong>audiens</strong></span> <span class='ocrx_word' id='word_1_359' title='bbox 3117 2442 3448 2498; x_wconf 78' lang='lat' dir='ltr'><strong>magnopere</strong></span> <span class='ocrx_word' id='word_1_360' title='bbox 3479 2426 3675 2491; x_wconf 86' lang='lat' dir='ltr'><strong>doluit,</strong></span> 
     </span>
    </p>
   </div>
   <div class='ocr_carea' id='block_1_51' title="bbox 2087 2519 3678 2590">
    <p class='ocr_par' dir='ltr' id='par_1_51' title="bbox 2087 2519 3678 2590">
     <span class='ocr_line' id='line_1_51' title="bbox 2087 2519 3678 2590; baseline 0.001 -19"><span class='ocrx_word' id='word_1_361' title='bbox 2087 2527 2141 2571; x_wconf 91' lang='lat' dir='ltr'><strong>et</strong></span> <span class='ocrx_word' id='word_1_362' title='bbox 2180 2525 2403 2588; x_wconf 91' lang='lat' dir='ltr'><strong>repente</strong></span> <span class='ocrx_word' id='word_1_363' title='bbox 2436 2534 2670 2590; x_wconf 79' lang='lat' dir='ltr'><strong>surgens</strong></span> <span class='ocrx_word' id='word_1_364' title='bbox 2703 2521 3000 2574; x_wconf 84' lang='lat' dir='ltr'><strong>concilium</strong></span> <span class='ocrx_word' id='word_1_365' title='bbox 3041 2520 3282 2584; x_wconf 86' lang='lat' dir='ltr'><strong>dimisit,</strong></span> <span class='ocrx_word' id='word_1_366' title='bbox 3314 2520 3498 2588; x_wconf 88' lang='lat' dir='ltr'><strong>itaque</strong></span> <span class='ocrx_word' id='word_1_367' title='bbox 3528 2519 3678 2573; x_wconf 88' lang='lat' dir='ltr'><strong>locu-</strong></span> 
     </span>
    </p>
   </div>
   <div class='ocr_carea' id='block_1_52' title="bbox 2088 2610 3678 2681">
    <p class='ocr_par' dir='ltr' id='par_1_52' title="bbox 2088 2610 3678 2681">
     <span class='ocr_line' id='line_1_52' title="bbox 2088 2610 3678 2681; baseline 0 -18"><span class='ocrx_word' id='word_1_368' title='bbox 2088 2616 2176 2664; x_wconf 91' lang='lat' dir='ltr'><strong>tus</strong></span> <span class='ocrx_word' id='word_1_369' title='bbox 2219 2617 2346 2664; x_wconf 90' lang='lat' dir='ltr'><strong>est:</strong></span> <span class='ocrx_word' id='word_1_370' title='bbox 2388 2610 2443 2664; x_wconf 86' lang='lat' dir='ltr'><strong>Si</strong></span> <span class='ocrx_word' id='word_1_371' title='bbox 2479 2613 2585 2664; x_wconf 89' lang='lat' dir='ltr'><strong>huc</strong></span> <span class='ocrx_word' id='word_1_372' title='bbox 2637 2612 2960 2667; x_wconf 75' lang='lat' dir='ltr'><strong>accedentes</strong></span> <span class='ocrx_word' id='word_1_373' title='bbox 3009 2619 3293 2681; x_wconf 86' lang='lat' dir='ltr'><strong>tantopere</strong></span> <span class='ocrx_word' id='word_1_374' title='bbox 3343 2611 3504 2665; x_wconf 91' lang='lat' dir='ltr'><strong>nobis</strong></span> <span class='ocrx_word' id='word_1_375' title='bbox 3542 2625 3678 2664; x_wconf 89' lang='lat' dir='ltr'><strong>con-</strong></span> 
     </span>
    </p>
   </div>
   <div class='ocr_carea' id='block_1_53' title="bbox 2087 2698 3678 2775">
    <p class='ocr_par' dir='ltr' id='par_1_53' title="bbox 2087 2698 3678 2775">
     <span class='ocr_line' id='line_1_53' title="bbox 2087 2698 3678 2775; baseline 0 -21"><span class='ocrx_word' id='word_1_376' title='bbox 2087 2701 2359 2758; x_wconf 88' lang='lat' dir='ltr'><strong>tradicere</strong></span> <span class='ocrx_word' id='word_1_377' title='bbox 2406 2703 2639 2769; x_wconf 89' lang='lat' dir='ltr'><strong>audetis,</strong></span> <span class='ocrx_word' id='word_1_378' title='bbox 2677 2721 2866 2760; x_wconf 86' lang='lat' dir='ltr'><strong>verum</strong></span> <span class='ocrx_word' id='word_1_379' title='bbox 2908 2713 2992 2760; x_wconf 91' lang='lat' dir='ltr'><strong>est</strong></span> <span class='ocrx_word' id='word_1_380' title='bbox 3046 2707 3296 2775; x_wconf 87' lang='lat' dir='ltr'><strong>profecto</strong></span> <span class='ocrx_word' id='word_1_381' title='bbox 3322 2703 3468 2774; x_wconf 91' lang='lat' dir='ltr'><strong>quod</strong></span> <span class='ocrx_word' id='word_1_382' title='bbox 3507 2698 3678 2756; x_wconf 86' lang='lat' dir='ltr'><strong>vestri</strong></span> 
     </span>
    </p>
   </div>
   <div class='ocr_carea' id='block_1_54' title="bbox 393 2788 3677 2865">
    <p class='ocr_par' dir='ltr' id='par_1_54' title="bbox 393 2788 3677 2865">
     <span class='ocr_line' id='line_1_54' title="bbox 393 2788 3677 2865; baseline -0 -20"><span class='ocrx_word' id='word_1_383' title='bbox 393 2800 761 2847; x_wconf 84' lang='lat' dir='ltr'><strong>accusatores</strong></span> <span class='ocrx_word' id='word_1_384' title='bbox 797 2790 1088 2860; x_wconf 87' lang='lat' dir='ltr'><strong>objiciunt.</strong></span> <span class='ocrx_word' id='word_1_385' title='bbox 1127 2788 1264 2844; x_wconf 87' lang='lat' dir='ltr'><strong>Nam</strong></span> <span class='ocrx_word' id='word_1_386' title='bbox 1291 2805 1416 2844; x_wconf 88' lang='lat' dir='ltr'><strong>cum</strong></span> <span class='ocrx_word' id='word_1_387' title='bbox 1456 2789 1559 2845; x_wconf 90' lang='lat' dir='ltr'><strong>hoc</strong></span> <span class='ocrx_word' id='word_1_388' title='bbox 1598 2789 1654 2844; x_wconf 91' lang='lat' dir='ltr'><strong>in</strong></span> <span class='ocrx_word' id='word_1_389' title='bbox 1685 2788 1806 2844; x_wconf 91' lang='lat' dir='ltr'><strong>loco</strong></span> <span class='ocrx_word' id='word_1_390' title='bbox 1831 2790 2173 2860; x_wconf 86' lang='lat' dir='ltr'><strong>tyrannidem</strong></span> <span class='ocrx_word' id='word_1_391' title='bbox 2202 2792 2498 2862; x_wconf 89' lang='lat' dir='ltr'><strong>quamdam</strong></span> <span class='ocrx_word' id='word_1_392' title='bbox 2551 2793 2874 2860; x_wconf 79' lang='lat' dir='ltr'><strong>exerceatis,</strong></span> <span class='ocrx_word' id='word_1_393' title='bbox 2922 2794 3096 2850; x_wconf 84' lang='lat' dir='ltr'><strong>multo</strong></span> <span class='ocrx_word' id='word_1_394' title='bbox 3147 2795 3200 2849; x_wconf 91' lang='lat' dir='ltr'><strong>id</strong></span> <span class='ocrx_word' id='word_1_395' title='bbox 3239 2794 3415 2865; x_wconf 80' lang='lat' dir='ltr'><strong>magis</strong></span> <span class='ocrx_word' id='word_1_396' title='bbox 3472 2792 3529 2845; x_wconf 92' lang='lat' dir='ltr'><strong>in</strong></span> <span class='ocrx_word' id='word_1_397' title='bbox 3580 2804 3677 2860; x_wconf 84' lang='lat' dir='ltr'><strong>pa-</strong></span> 
     </span>
    </p>
   </div>
   <div class='ocr_carea' id='block_1_55' title="bbox 388 2890 953 2948">
    <p class='ocr_par' dir='ltr' id='par_1_55' title="bbox 388 2890 953 2948">
     <span class='ocr_line' id='line_1_55' title="bbox 388 2890 953 2948; baseline -0.005 -1"><span class='ocrx_word' id='word_1_398' title='bbox 388 2892 502 2947; x_wconf 80' lang='lat' dir='ltr'><strong>tria</strong></span> <span class='ocrx_word' id='word_1_399' title='bbox 530 2900 714 2948; x_wconf 73' lang='lat' dir='ltr'><strong>vestra</strong></span> <span class='ocrx_word' id='word_1_400' title='bbox 750 2890 953 2946; x_wconf 90' lang='lat' dir='ltr'><strong>facitis.</strong></span> 
     </span>
    </p>
   </div>
   <div class='ocr_carea' id='block_1_56' title="bbox 465 2975 2057 3055">
    <p class='ocr_par' dir='ltr' id='par_1_56' title="bbox 465 2975 2057 3055">
     <span class='ocr_line' id='line_1_56' title="bbox 465 2975 2057 3055; baseline -0.006 -17"><span class='ocrx_word' id='word_1_401' title='bbox 465 2985 545 3040; x_wconf 79' lang='lat'><strong>8&#39;.</strong></span> <span class='ocrx_word' id='word_1_402' title='bbox 580 2980 715 3038; x_wconf 77' lang='grc' dir='ltr'>Εἶτα</span> <span class='ocrx_word' id='word_1_403' title='bbox 747 2982 1103 3055; x_wconf 76' lang='grc' dir='ltr'>ἐπεχείρησεν</span> <span class='ocrx_word' id='word_1_404' title='bbox 1132 2980 1398 3045; x_wconf 76' lang='grc' dir='ltr'>Εὐσέϐιος</span> <span class='ocrx_word' id='word_1_405' title='bbox 1432 2981 1525 3032; x_wconf 77' lang='grc' dir='ltr'>καὶ</span> <span class='ocrx_word' id='word_1_406' title='bbox 1559 2979 1609 3032; x_wconf 84' lang='grc' dir='ltr'><strong>οἱ</strong></span> <span class='ocrx_word' id='word_1_407' title='bbox 1643 2977 1758 3049; x_wconf 73' lang='grc' dir='ltr'>μετ’</span> <span class='ocrx_word' id='word_1_408' title='bbox 1787 2975 1983 3032; x_wconf 83' lang='grc' dir='ltr'>αὐτοῦ’</span> <span class='ocrx_word' id='word_1_409' title='bbox 2014 2980 2057 3038; x_wconf 85' lang='lat' dir='ltr'><strong>C</strong></span> 
     </span>
    </p>
   </div>
   <div class='ocr_carea' id='block_1_57' title="bbox 389 3070 1984 3136">
    <p class='ocr_par' dir='ltr' id='par_1_57' title="bbox 389 3070 1984 3136">
     <span class='ocr_line' id='line_1_57' title="bbox 389 3070 1984 3136; baseline -0.007 -5"><span class='ocrx_word' id='word_1_410' title='bbox 389 3079 492 3132; x_wconf 72' lang='grc' dir='ltr'><strong>καὶ</strong></span> <span class='ocrx_word' id='word_1_411' title='bbox 513 3075 906 3130; x_wconf 78' lang='grc' dir='ltr'>ἀποστέλλουσι</span> <span class='ocrx_word' id='word_1_412' title='bbox 934 3073 1028 3126; x_wconf 84' lang='grc' dir='ltr'><strong>δύο</strong></span> <span class='ocrx_word' id='word_1_413' title='bbox 1055 3072 1207 3136; x_wconf 85' lang='grc' dir='ltr'>τινάς</span> <span class='ocrx_word' id='word_1_414' title='bbox 1235 3071 1342 3126; x_wconf 85' lang='grc' dir='ltr'><strong>τῶν</strong></span> <span class='ocrx_word' id='word_1_415' title='bbox 1380 3072 1488 3125; x_wconf 86' lang='grc' dir='ltr'><strong>ἀπὸ</strong></span> <span class='ocrx_word' id='word_1_416' title='bbox 1520 3070 1825 3126; x_wconf 89' lang='grc' dir='ltr'>Παννονίων</span> <span class='ocrx_word' id='word_1_417' title='bbox 1863 3071 1984 3122; x_wconf 75' lang='grc' dir='ltr'>επι-</span> 
     </span>
    </p>
   </div>
   <div class='ocr_carea' id='block_1_58' title="bbox 393 3162 1985 3240">
    <p class='ocr_par' dir='ltr' id='par_1_58' title="bbox 393 3162 1985 3240">
     <span class='ocr_line' id='line_1_58' title="bbox 393 3162 1985 3240; baseline -0.005 -18"><span class='ocrx_word' id='word_1_418' title='bbox 393 3168 618 3222; x_wconf 87' lang='grc' dir='ltr'>σκόπων</span> <span class='ocrx_word' id='word_1_419' title='bbox 663 3167 733 3221; x_wconf 88' lang='grc' dir='ltr'><strong>τά</strong></span> <span class='ocrx_word' id='word_1_420' title='bbox 780 3168 992 3237; x_wconf 84' lang='grc' dir='ltr'>Ἀρείου</span> <span class='ocrx_word' id='word_1_421' title='bbox 1037 3166 1388 3240; x_wconf 78' lang='grc' dir='ltr'>φρονοῦντας,</span> <span class='ocrx_word' id='word_1_422' title='bbox 1438 3163 1741 3236; x_wconf 81' lang='grc' dir='ltr'>Ούρσάκιόν</span> <span class='ocrx_word' id='word_1_423' title='bbox 1779 3179 1839 3215; x_wconf 89' lang='grc' dir='ltr'><strong>τε</strong></span> <span class='ocrx_word' id='word_1_424' title='bbox 1890 3162 1985 3215; x_wconf 72' lang='grc' dir='ltr'>καὶ</span> 
     </span>
    </p>
   </div>
   <div class='ocr_carea' id='block_1_59' title="bbox 391 3252 1984 3330">
    <p class='ocr_par' dir='ltr' id='par_1_59' title="bbox 391 3252 1984 3330">
     <span class='ocr_line' id='line_1_59' title="bbox 391 3252 1984 3330; baseline -0.007 -15"><span class='ocrx_word' id='word_1_425' title='bbox 391 3260 698 3324; x_wconf 73' lang='grc' dir='ltr'>Οὐάλεντα,</span> <span class='ocrx_word' id='word_1_426' title='bbox 730 3261 811 3323; x_wconf 81' lang='grc' dir='ltr'><strong>είς</strong></span> <span class='ocrx_word' id='word_1_427' title='bbox 837 3277 899 3312; x_wconf 86' lang='grc' dir='ltr'><strong>τε</strong></span> <span class='ocrx_word' id='word_1_428' title='bbox 928 3261 1028 3330; x_wconf 81' lang='grc' dir='ltr'>τὴν</span> <span class='ocrx_word' id='word_1_429' title='bbox 1067 3258 1475 3330; x_wconf 81' lang='grc' dir='ltr'>Ἀλεξάνδρειαν</span> <span class='ocrx_word' id='word_1_430' title='bbox 1512 3256 1606 3309; x_wconf 67' lang='grc' dir='ltr'><strong>καλ⁵</strong></span> <span class='ocrx_word' id='word_1_431' title='bbox 1633 3252 1984 3326; x_wconf 85' lang='grc' dir='ltr'>Μαραιώτην,</span> 
     </span>
    </p>
   </div>
   <div class='ocr_carea' id='block_1_60' title="bbox 391 3347 1987 3425">
    <p class='ocr_par' dir='ltr' id='par_1_60' title="bbox 391 3347 1987 3425">
     <span class='ocr_line' id='line_1_60' title="bbox 391 3347 1987 3425; baseline -0.005 -18"><span class='ocrx_word' id='word_1_432' title='bbox 391 3353 525 3408; x_wconf 72' lang='grc' dir='ltr'>ἔνθα</span> <span class='ocrx_word' id='word_1_433' title='bbox 556 3354 742 3422; x_wconf 74' lang='grc' dir='ltr'>ἔλεγον</span> <span class='ocrx_word' id='word_1_434' title='bbox 771 3352 1098 3425; x_wconf 82' lang='grc' dir='ltr'>γεγενῆσθαι</span> <span class='ocrx_word' id='word_1_435' title='bbox 1129 3351 1198 3404; x_wconf 84' lang='grc' dir='ltr'>τὰ</span> <span class='ocrx_word' id='word_1_436' title='bbox 1231 3349 1606 3423; x_wconf 88' lang='grc' dir='ltr'>προειρημένα</span> <span class='ocrx_word' id='word_1_437' title='bbox 1631 3347 1724 3402; x_wconf 86' lang='grc' dir='ltr'><strong>τοῦ</strong></span> <span class='ocrx_word' id='word_1_438' title='bbox 1756 3347 1987 3410; x_wconf 85' lang='grc' dir='ltr'>σκεύους</span> 
     </span>
    </p>
   </div>
   <div class='ocr_carea' id='block_1_61' title="bbox 391 3435 1988 3513">
    <p class='ocr_par' dir='ltr' id='par_1_61' title="bbox 391 3435 1988 3513">
     <span class='ocr_line' id='line_1_61' title="bbox 391 3435 1988 3513; baseline -0.006 -16"><span class='ocrx_word' id='word_1_439' title='bbox 391 3444 495 3498; x_wconf 78' lang='grc' dir='ltr'><strong>καὶ</strong></span> <span class='ocrx_word' id='word_1_440' title='bbox 522 3444 632 3497; x_wconf 82' lang='grc' dir='ltr'><strong>τῶν</strong></span> <span class='ocrx_word' id='word_1_441' title='bbox 665 3442 840 3496; x_wconf 80' lang='grc' dir='ltr'>ἄλλων</span> <span class='ocrx_word' id='word_1_442' title='bbox 880 3441 1222 3513; x_wconf 85' lang='grc' dir='ltr'>πραγμάτων</span> <span class='ocrx_word' id='word_1_443' title='bbox 1253 3441 1350 3509; x_wconf 82' lang='grc' dir='ltr'>τῆς</span> <span class='ocrx_word' id='word_1_444' title='bbox 1389 3439 1588 3509; x_wconf 86' lang='grc' dir='ltr'>μάχης.</span> <span class='ocrx_word' id='word_1_445' title='bbox 1625 3438 1688 3490; x_wconf 87' lang='grc' dir='ltr'>Οί</span> <span class='ocrx_word' id='word_1_446' title='bbox 1731 3437 1788 3489; x_wconf 87' lang='grc' dir='ltr'>δὲ</span> <span class='ocrx_word' id='word_1_447' title='bbox 1821 3435 1988 3488; x_wconf 84' lang='grc' dir='ltr'>ἀπελ-</span> 
     </span>
    </p>
   </div>
   <div class='ocr_carea' id='block_1_62' title="bbox 393 3524 1984 3604">
    <p class='ocr_par' dir='ltr' id='par_1_62' title="bbox 393 3524 1984 3604">
     <span class='ocr_line' id='line_1_62' title="bbox 393 3524 1984 3604; baseline -0.008 -14"><span class='ocrx_word' id='word_1_448' title='bbox 393 3536 585 3600; x_wconf 84' lang='grc' dir='ltr'>θόντες</span> <span class='ocrx_word' id='word_1_449' title='bbox 631 3538 732 3590; x_wconf 76' lang='grc' dir='ltr'><strong>οὐκ</strong></span> <span class='ocrx_word' id='word_1_450' title='bbox 775 3536 957 3588; x_wconf 80' lang='grc' dir='ltr'>ἐκεῖνα</span> <span class='ocrx_word' id='word_1_451' title='bbox 1015 3534 1320 3604; x_wconf 84' lang='grc' dir='ltr'>ἀνήνεγκαν</span> <span class='ocrx_word' id='word_1_452' title='bbox 1367 3530 1468 3582; x_wconf 84' lang='grc' dir='ltr'><strong>ὅσα</strong></span> <span class='ocrx_word' id='word_1_453' title='bbox 1507 3525 1576 3600; x_wconf 81' lang='grc' dir='ltr'>ἦν</span> <span class='ocrx_word' id='word_1_454' title='bbox 1619 3527 1816 3598; x_wconf 81' lang='grc' dir='ltr'>ἀληθῆ,</span> <span class='ocrx_word' id='word_1_455' title='bbox 1870 3524 1984 3580; x_wconf 88' lang='grc' dir='ltr'>ἀλλ’</span> 
     </span>
    </p>
   </div>
   <div class='ocr_carea' id='block_1_63' title="bbox 393 3618 1990 3701">
    <p class='ocr_par' dir='ltr' id='par_1_63' title="bbox 393 3618 1990 3701">
     <span class='ocr_line' id='line_1_63' title="bbox 393 3618 1990 3701; baseline -0.009 -17"><span class='ocrx_word' id='word_1_456' title='bbox 393 3631 566 3701; x_wconf 74' lang='grc' dir='ltr'>ἕτερα</span> <span class='ocrx_word' id='word_1_457' title='bbox 594 3629 710 3683; x_wconf 78' lang='grc' dir='ltr'>ἀνθ’</span> <span class='ocrx_word' id='word_1_458' title='bbox 739 3627 940 3699; x_wconf 82' lang='grc' dir='ltr'>ἐτέρων</span> <span class='ocrx_word' id='word_1_459' title='bbox 968 3625 1496 3696; x_wconf 85' lang='grc' dir='ltr'>παραχωρήσαντες,</span> <span class='ocrx_word' id='word_1_460' title='bbox 1522 3620 1820 3691; x_wconf 75' lang='grc' dir='ltr'>ἐψεύσαντο</span> <span class='ocrx_word' id='word_1_461' title='bbox 1839 3636 1854 3650; x_wconf 78' lang='grc' dir='ltr'><strong>ο</strong></span> <span class='ocrx_word' id='word_1_462' title='bbox 1892 3618 1990 3671; x_wconf 79' lang='grc' dir='ltr'>καὶ</span> 
     </span>
    </p>
   </div>
   <div class='ocr_carea' id='block_1_64' title="bbox 395 3711 1992 3791">
    <p class='ocr_par' dir='ltr' id='par_1_64' title="bbox 395 3711 1992 3791">
     <span class='ocr_line' id='line_1_64' title="bbox 395 3711 1992 3791; baseline -0.006 -17"><span class='ocrx_word' id='word_1_463' title='bbox 395 3721 849 3791; x_wconf 79' lang='grc' dir='ltr'>ὲσυκοφάντησαν</span> <span class='ocrx_word' id='word_1_464' title='bbox 869 3719 960 3771; x_wconf 85' lang='grc' dir='ltr'><strong>τὸν</strong></span> <span class='ocrx_word' id='word_1_465' title='bbox 989 3716 1294 3788; x_wconf 73' lang='grc' dir='ltr'>μακαρίτην</span> <span class='ocrx_word' id='word_1_466' title='bbox 1309 3715 1496 3768; x_wconf 86' lang='grc' dir='ltr'>πάπαν</span> <span class='ocrx_word' id='word_1_467' title='bbox 1529 3713 1866 3766; x_wconf 85' lang='grc' dir='ltr'>Ἀθανάσιον.</span> <span class='ocrx_word' id='word_1_468' title='bbox 1882 3711 1992 3764; x_wconf 85' lang='grc' dir='ltr'>Κά-</span> 
     </span>
    </p>
   </div>
   <div class='ocr_carea' id='block_1_65' title="bbox 396 3803 1991 3883">
    <p class='ocr_par' dir='ltr' id='par_1_65' title="bbox 396 3803 1991 3883">
     <span class='ocr_line' id='line_1_65' title="bbox 396 3803 1991 3883; baseline -0.009 -15"><span class='ocrx_word' id='word_1_469' title='bbox 396 3818 560 3868; x_wconf 85' lang='grc' dir='ltr'>κεῖνα</span> <span class='ocrx_word' id='word_1_470' title='bbox 572 3814 629 3866; x_wconf 81' lang='grc' dir='ltr'><strong>δὲ</strong></span> <span class='ocrx_word' id='word_1_471' title='bbox 644 3813 720 3877; x_wconf 83' lang='grc' dir='ltr'>ὡς</span> <span class='ocrx_word' id='word_1_472' title='bbox 734 3810 908 3883; x_wconf 82' lang='grc' dir='ltr'>ἀληθῆ</span> <span class='ocrx_word' id='word_1_473' title='bbox 929 3811 1056 3864; x_wconf 72' lang='grc' dir='ltr'>ὅντα</span> <span class='ocrx_word' id='word_1_474' title='bbox 1071 3808 1410 3878; x_wconf 85' lang='grc' dir='ltr'>πλασάμενοι</span> <span class='ocrx_word' id='word_1_475' title='bbox 1429 3806 1719 3876; x_wconf 79' lang='grc' dir='ltr'>ἐγγράφως</span> <span class='ocrx_word' id='word_1_476' title='bbox 1735 3803 1991 3872; x_wconf 77' lang='grc' dir='ltr'>ἐνέγκαν-</span> 
     </span>
    </p>
   </div>
   <div class='ocr_carea' id='block_1_66' title="bbox 396 3895 1991 3976">
    <p class='ocr_par' dir='ltr' id='par_1_66' title="bbox 396 3895 1991 3976">
     <span class='ocr_line' id='line_1_66' title="bbox 396 3895 1991 3976; baseline -0.009 -14"><span class='ocrx_word' id='word_1_477' title='bbox 396 3925 491 3970; x_wconf 82' lang='grc' dir='ltr'><strong>τες</strong></span> <span class='ocrx_word' id='word_1_478' title='bbox 528 3906 794 3976; x_wconf 79' lang='grc' dir='ltr'>ἀνέφερον</span> <span class='ocrx_word' id='word_1_479' title='bbox 835 3905 930 3957; x_wconf 73' lang='grc' dir='ltr'><strong>ἐπὶ</strong></span> <span class='ocrx_word' id='word_1_480' title='bbox 966 3901 1064 3974; x_wconf 80' lang='grc' dir='ltr'>τὴν</span> <span class='ocrx_word' id='word_1_481' title='bbox 1094 3901 1309 3954; x_wconf 84' lang='grc' dir='ltr'>σύνοδον</span> <span class='ocrx_word' id='word_1_482' title='bbox 1335 3901 1427 3954; x_wconf 83' lang='grc' dir='ltr'><strong>τὸν</strong></span> <span class='ocrx_word' id='word_1_483' title='bbox 1469 3899 1598 3970; x_wconf 75' lang='grc' dir='ltr'>περὶ</span> <span class='ocrx_word' id='word_1_484' title='bbox 1619 3895 1878 3950; x_wconf 74' lang='grc' dir='ltr'>Εὐσέϐιον</span> <span class='ocrx_word' id='word_1_485' title='bbox 1898 3895 1991 3948; x_wconf 74' lang='grc' dir='ltr'><strong>καὶ</strong></span> 
     </span>
    </p>
   </div>
   <div class='ocr_carea' id='block_1_67' title="bbox 395 3987 1990 4065">
    <p class='ocr_par' dir='ltr' id='par_1_67' title="bbox 395 3987 1990 4065">
     <span class='ocr_line' id='line_1_67' title="bbox 395 3987 1990 4065; baseline -0.008 -14"><span class='ocrx_word' id='word_1_486' title='bbox 395 4000 528 4062; x_wconf 79' lang='grc' dir='ltr'>τοὺς</span> <span class='ocrx_word' id='word_1_487' title='bbox 549 3998 565 4028; x_wconf 83' lang='grc'>¹</span> <span class='ocrx_word' id='word_1_488' title='bbox 581 3997 773 4058; x_wconf 77' lang='grc' dir='ltr'>ἄλλους</span> <span class='ocrx_word' id='word_1_489' title='bbox 789 3995 865 4060; x_wconf 85' lang='grc' dir='ltr'>ὡς</span> <span class='ocrx_word' id='word_1_490' title='bbox 887 3993 1198 4065; x_wconf 85' lang='grc' dir='ltr'>εἱσύστερον</span> <span class='ocrx_word' id='word_1_491' title='bbox 1216 3991 1420 4056; x_wconf 76' lang='grc' dir='ltr'>ἔδειξαν</span> <span class='ocrx_word' id='word_1_492' title='bbox 1446 3988 1831 4060; x_wconf 77' lang='grc' dir='ltr'>μετανοοῦντες</span> <span class='ocrx_word' id='word_1_493' title='bbox 1847 3987 1920 4040; x_wconf 78' lang='grc' dir='ltr'><strong>Οὐ</strong></span> <span class='ocrx_word' id='word_1_494' title='bbox 1931 4004 1990 4056; x_wconf 81' lang='grc' dir='ltr'>ρ-</span> 
     </span>
    </p>
   </div>
   <div class='ocr_carea' id='block_1_68' title="bbox 401 4078 1992 4158">
    <p class='ocr_par' dir='ltr' id='par_1_68' title="bbox 401 4078 1992 4158">
     <span class='ocr_line' id='line_1_68' title="bbox 401 4078 1992 4158; baseline -0.008 -15"><span class='ocrx_word' id='word_1_495' title='bbox 401 4090 593 4152; x_wconf 86' lang='grc' dir='ltr'>σάκιος</span> <span class='ocrx_word' id='word_1_496' title='bbox 613 4089 707 4141; x_wconf 80' lang='grc' dir='ltr'><strong>καὶ</strong></span> <span class='ocrx_word' id='word_1_497' title='bbox 729 4087 965 4158; x_wconf 80' lang='grc' dir='ltr'>Οὐάλης,</span> <span class='ocrx_word' id='word_1_498' title='bbox 1004 4084 1142 4155; x_wconf 87' lang='grc' dir='ltr'><strong>μετά</strong></span> <span class='ocrx_word' id='word_1_499' title='bbox 1187 4083 1444 4136; x_wconf 80' lang='grc' dir='ltr'>λιὸέλλων</span> <span class='ocrx_word' id='word_1_500' title='bbox 1487 4079 1874 4153; x_wconf 85' lang='grc' dir='ltr'>προσελθόντες</span> <span class='ocrx_word' id='word_1_501' title='bbox 1913 4078 1992 4150; x_wconf 83' lang='grc' dir='ltr'><strong>τῷ</strong></span> 
     </span>
    </p>
   </div>
   <div class='ocr_carea' id='block_1_69' title="bbox 402 4171 1994 4253">
    <p class='ocr_par' dir='ltr' id='par_1_69' title="bbox 402 4171 1994 4253">
     <span class='ocr_line' id='line_1_69' title="bbox 402 4171 1994 4253; baseline -0.008 -18"><span class='ocrx_word' id='word_1_502' title='bbox 402 4181 690 4253; x_wconf 78' lang='grc' dir='ltr'>μακαρίτῃ</span> <span class='ocrx_word' id='word_1_503' title='bbox 727 4177 930 4246; x_wconf 86' lang='grc' dir='ltr'>Ἰουλίῳ</span> <span class='ocrx_word' id='word_1_504' title='bbox 980 4175 1057 4246; x_wconf 85' lang='grc' dir='ltr'>τῷ</span> <span class='ocrx_word' id='word_1_505' title='bbox 1087 4175 1373 4245; x_wconf 82' lang='grc' dir='ltr'>ὲπισκόπῳ</span> <span class='ocrx_word' id='word_1_506' title='bbox 1421 4171 1660 4243; x_wconf 85' lang='grc' dir='ltr'>Ῥώμης,</span> <span class='ocrx_word' id='word_1_507' title='bbox 1715 4172 1994 4241; x_wconf 85' lang='grc' dir='ltr'>ὑπεραπο-</span> 
     </span>
    </p>
   </div>
   <div class='ocr_carea' id='block_1_70' title="bbox 398 4263 1994 4344">
    <p class='ocr_par' dir='ltr' id='par_1_70' title="bbox 398 4263 1994 4344">
     <span class='ocr_line' id='line_1_70' title="bbox 398 4263 1994 4344; baseline -0.008 -17"><span class='ocrx_word' id='word_1_508' title='bbox 398 4273 724 4344; x_wconf 82' lang='grc' dir='ltr'>λογούμενοι</span> <span class='ocrx_word' id='word_1_509' title='bbox 755 4271 848 4324; x_wconf 87' lang='grc' dir='ltr'><strong>τοῦ</strong></span> <span class='ocrx_word' id='word_1_510' title='bbox 879 4269 1058 4324; x_wconf 82' lang='grc' dir='ltr'>αὐτῶν</span> <span class='ocrx_word' id='word_1_511' title='bbox 1086 4267 1431 4338; x_wconf 81' lang='grc' dir='ltr'>σφάλματος·</span> <span class='ocrx_word' id='word_1_512' title='bbox 1463 4266 1546 4318; x_wconf 83' lang='grc' dir='ltr'><strong>ὅτι</strong></span> <span class='ocrx_word' id='word_1_513' title='bbox 1592 4263 1994 4333; x_wconf 82' lang='grc' dir='ltr'>Ἐσυκοφαντή-</span> 
     </span>
    </p>
   </div>
   <div class='ocr_carea' id='block_1_71' title="bbox 2161 2969 3681 3044">
    <p class='ocr_par' dir='ltr' id='par_1_71' title="bbox 2161 2969 3681 3044">
     <span class='ocr_line' id='line_1_71' title="bbox 2161 2969 3681 3044; baseline 0.003 -18"><span class='ocrx_word' id='word_1_514' title='bbox 2161 2969 2256 3027; x_wconf 81' lang='lat' dir='ltr'><strong>IX.</strong></span> <span class='ocrx_word' id='word_1_515' title='bbox 2301 2969 2399 3028; x_wconf 84' lang='lat' dir='ltr'><strong>His</strong></span> <span class='ocrx_word' id='word_1_516' title='bbox 2426 2973 2531 3028; x_wconf 91' lang='lat' dir='ltr'><strong>hoc</strong></span> <span class='ocrx_word' id='word_1_517' title='bbox 2563 2974 2726 3029; x_wconf 90' lang='lat' dir='ltr'><strong>modo</strong></span> <span class='ocrx_word' id='word_1_518' title='bbox 2759 2975 3068 3039; x_wconf 89' lang='lat' dir='ltr'><strong>transactis,</strong></span> <span class='ocrx_word' id='word_1_519' title='bbox 3093 2974 3238 3029; x_wconf 89' lang='lat' dir='ltr'><strong>aliud</strong></span> <span class='ocrx_word' id='word_1_520' title='bbox 3287 2975 3545 3044; x_wconf 86' lang='lat' dir='ltr'><strong>quiddam</strong></span> <span class='ocrx_word' id='word_1_521' title='bbox 3570 2975 3681 3031; x_wconf 89' lang='lat' dir='ltr'><strong>Eu-</strong></span> 
     </span>
    </p>
   </div>
   <div class='ocr_carea' id='block_1_72' title="bbox 2095 3063 3682 3136">
    <p class='ocr_par' dir='ltr' id='par_1_72' title="bbox 2095 3063 3682 3136">
     <span class='ocr_line' id='line_1_72' title="bbox 2095 3063 3682 3136; baseline 0.005 -22"><span class='ocrx_word' id='word_1_522' title='bbox 2095 3063 2282 3119; x_wconf 89' lang='lat' dir='ltr'><strong>sebius</strong></span> <span class='ocrx_word' id='word_1_523' title='bbox 2320 3078 2446 3117; x_wconf 90' lang='lat' dir='ltr'><strong>cum</strong></span> <span class='ocrx_word' id='word_1_524' title='bbox 2497 3065 2614 3119; x_wconf 92' lang='lat' dir='ltr'><strong>suis</strong></span> <span class='ocrx_word' id='word_1_525' title='bbox 2668 3066 3004 3135; x_wconf 67' lang='lat' dir='ltr'><strong>aggreditur.</strong></span> <span class='ocrx_word' id='word_1_526' title='bbox 3057 3063 3192 3118; x_wconf 86' lang='lat' dir='ltr'><strong>Nam</strong></span> <span class='ocrx_word' id='word_1_527' title='bbox 3238 3065 3378 3121; x_wconf 90' lang='lat' dir='ltr'><strong>duos</strong></span> <span class='ocrx_word' id='word_1_528' title='bbox 3413 3069 3682 3136; x_wconf 88' lang='lat' dir='ltr'><strong>quosdam</strong></span> 
     </span>
    </p>
   </div>
   <div class='ocr_carea' id='block_1_73' title="bbox 2085 3150 3683 3223">
    <p class='ocr_par' dir='ltr' id='par_1_73' title="bbox 2085 3150 3683 3223">
     <span class='ocr_line' id='line_1_73' title="bbox 2085 3150 3683 3223; baseline 0.004 -19"><span class='ocrx_word' id='word_1_529' title='bbox 2085 3150 2389 3206; x_wconf 73' lang='lat' dir='ltr'><strong>Pannonia:</strong></span> <span class='ocrx_word' id='word_1_530' title='bbox 2457 3155 2738 3223; x_wconf 85' lang='lat' dir='ltr'><strong>episcopis</strong></span> <span class='ocrx_word' id='word_1_531' title='bbox 2795 3154 2907 3207; x_wconf 87' lang='lat' dir='ltr'><strong>Arii</strong></span> <span class='ocrx_word' id='word_1_532' title='bbox 2960 3153 3243 3218; x_wconf 86' lang='lat' dir='ltr'><strong>asseclas,</strong></span> <span class='ocrx_word' id='word_1_533' title='bbox 3281 3152 3562 3210; x_wconf 86' lang='lat' dir='ltr'><strong>Ursatium</strong></span> <span class='ocrx_word' id='word_1_534' title='bbox 3626 3165 3683 3210; x_wconf 92' lang='lat' dir='ltr'><strong>et</strong></span> 
     </span>
    </p>
   </div>
   <div class='ocr_carea' id='block_1_74' title="bbox 2087 3241 3680 3311">
    <p class='ocr_par' dir='ltr' id='par_1_74' title="bbox 2087 3241 3680 3311">
     <span class='ocr_line' id='line_1_74' title="bbox 2087 3241 3680 3311; baseline 0.002 -15"><span class='ocrx_word' id='word_1_535' title='bbox 2087 3241 2370 3298; x_wconf 83' lang='lat' dir='ltr'><strong>Valentem</strong></span> <span class='ocrx_word' id='word_1_536' title='bbox 2403 3244 2797 3298; x_wconf 80' lang='lat' dir='ltr'><strong>Alexandriam</strong></span> <span class='ocrx_word' id='word_1_537' title='bbox 2842 3255 2894 3298; x_wconf 86' lang='lat' dir='ltr'><strong>et</strong></span> <span class='ocrx_word' id='word_1_538' title='bbox 2931 3244 2989 3298; x_wconf 93' lang='lat' dir='ltr'><strong>in</strong></span> <span class='ocrx_word' id='word_1_539' title='bbox 3034 3243 3385 3299; x_wconf 90' lang='lat' dir='ltr'><strong>Mareotidem</strong></span> <span class='ocrx_word' id='word_1_540' title='bbox 3432 3248 3680 3311; x_wconf 86' lang='lat' dir='ltr'><strong>mittunt,</strong></span> 
     </span>
    </p>
   </div>
   <div class='ocr_carea' id='block_1_75' title="bbox 2087 3335 3684 3406">
    <p class='ocr_par' dir='ltr' id='par_1_75' title="bbox 2087 3335 3684 3406">
     <span class='ocr_line' id='line_1_75' title="bbox 2087 3335 3684 3406; baseline 0.002 -16"><span class='ocrx_word' id='word_1_541' title='bbox 2087 3335 2182 3390; x_wconf 92' lang='lat' dir='ltr'><strong>ubi</strong></span> <span class='ocrx_word' id='word_1_542' title='bbox 2214 3335 2538 3405; x_wconf 78' lang='lat' dir='ltr'><strong>superiores</strong></span> <span class='ocrx_word' id='word_1_543' title='bbox 2571 3349 2763 3390; x_wconf 88' lang='lat' dir='ltr'><strong>omnes</strong></span> <span class='ocrx_word' id='word_1_544' title='bbox 2827 3335 2950 3389; x_wconf 89' lang='lat' dir='ltr'><strong>illas</strong></span> <span class='ocrx_word' id='word_1_545' title='bbox 2984 3335 3178 3390; x_wconf 88' lang='lat' dir='ltr'><strong>turbas</strong></span> <span class='ocrx_word' id='word_1_546' title='bbox 3201 3377 3217 3401; x_wconf 91' lang='lat'><strong>,</strong></span> <span class='ocrx_word' id='word_1_547' title='bbox 3265 3335 3560 3406; x_wconf 82' lang='lat' dir='ltr'><strong>jurgiaque</strong></span> <span class='ocrx_word' id='word_1_548' title='bbox 3610 3338 3684 3392; x_wconf 89' lang='lat' dir='ltr'><strong>ob</strong></span> 
     </span>
    </p>
   </div>
   <div class='ocr_carea' id='block_1_76' title="bbox 2086 3427 3684 3498">
    <p class='ocr_par' dir='ltr' id='par_1_76' title="bbox 2086 3427 3684 3498">
     <span class='ocr_line' id='line_1_76' title="bbox 2086 3427 3684 3498; baseline 0 -14"><span class='ocrx_word' id='word_1_549' title='bbox 2086 3446 2184 3486; x_wconf 89' lang='lat' dir='ltr'><strong>vas</strong></span> <span class='ocrx_word' id='word_1_550' title='bbox 2215 3431 2502 3494; x_wconf 89' lang='lat' dir='ltr'><strong>violatum,</strong></span> <span class='ocrx_word' id='word_1_551' title='bbox 2537 3437 2592 3484; x_wconf 91' lang='lat' dir='ltr'><strong>et</strong></span> <span class='ocrx_word' id='word_1_552' title='bbox 2645 3428 2750 3482; x_wconf 90' lang='lat' dir='ltr'><strong>alia</strong></span> <span class='ocrx_word' id='word_1_553' title='bbox 2792 3428 2845 3482; x_wconf 92' lang='lat' dir='ltr'><strong>id</strong></span> <span class='ocrx_word' id='word_1_554' title='bbox 2876 3443 3051 3498; x_wconf 80' lang='lat' dir='ltr'><strong>genus</strong></span> <span class='ocrx_word' id='word_1_555' title='bbox 3086 3427 3361 3482; x_wconf 89' lang='lat' dir='ltr'><strong>accidisse</strong></span> <span class='ocrx_word' id='word_1_556' title='bbox 3405 3445 3684 3484; x_wconf 89' lang='lat' dir='ltr'><strong>memora-</strong></span> 
     </span>
    </p>
   </div>
   <div class='ocr_carea' id='block_1_77' title="bbox 2087 3518 3684 3590">
    <p class='ocr_par' dir='ltr' id='par_1_77' title="bbox 2087 3518 3684 3590">
     <span class='ocr_line' id='line_1_77' title="bbox 2087 3518 3684 3590; baseline -0.001 -14"><span class='ocrx_word' id='word_1_557' title='bbox 2087 3521 2239 3576; x_wconf 88' lang='lat' dir='ltr'><strong>bant.</strong></span> <span class='ocrx_word' id='word_1_558' title='bbox 2273 3520 2352 3574; x_wconf 94' lang='lat' dir='ltr'><strong>llli</strong></span> <span class='ocrx_word' id='word_1_559' title='bbox 2387 3521 2662 3590; x_wconf 79' lang='lat' dir='ltr'><strong>legatione</strong></span> <span class='ocrx_word' id='word_1_560' title='bbox 2692 3535 2795 3573; x_wconf 91' lang='lat' dir='ltr'><strong>sua</strong></span> <span class='ocrx_word' id='word_1_561' title='bbox 2829 3518 3002 3573; x_wconf 85' lang='lat' dir='ltr'><strong>functi</strong></span> <span class='ocrx_word' id='word_1_562' title='bbox 3033 3535 3148 3574; x_wconf 89' lang='lat' dir='ltr'><strong>rem</strong></span> <span class='ocrx_word' id='word_1_563' title='bbox 3181 3535 3294 3574; x_wconf 90' lang='lat' dir='ltr'><strong>non</strong></span> <span class='ocrx_word' id='word_1_564' title='bbox 3347 3520 3561 3575; x_wconf 91' lang='lat' dir='ltr'><strong>sincere</strong></span> <span class='ocrx_word' id='word_1_565' title='bbox 3598 3521 3684 3576; x_wconf 90' lang='lat' dir='ltr'><strong>uti</strong></span> 
     </span>
    </p>
   </div>
   <div class='ocr_carea' id='block_1_78' title="bbox 2091 3611 3686 3681">
    <p class='ocr_par' dir='ltr' id='par_1_78' title="bbox 2091 3611 3686 3681">
     <span class='ocr_line' id='line_1_78' title="bbox 2091 3611 3686 3681; baseline -0.001 -13"><span class='ocrx_word' id='word_1_566' title='bbox 2091 3628 2151 3668; x_wconf 92' lang='lat' dir='ltr'><strong>se</strong></span> <span class='ocrx_word' id='word_1_567' title='bbox 2194 3613 2481 3677; x_wconf 90' lang='lat' dir='ltr'><strong>habuerat,</strong></span> <span class='ocrx_word' id='word_1_568' title='bbox 2526 3612 2622 3666; x_wconf 91' lang='lat' dir='ltr'><strong>sed</strong></span> <span class='ocrx_word' id='word_1_569' title='bbox 2653 3611 2792 3666; x_wconf 90' lang='lat' dir='ltr'><strong>falsa</strong></span> <span class='ocrx_word' id='word_1_570' title='bbox 2818 3611 3070 3681; x_wconf 62' lang='lat' dir='ltr'><strong>quaedam</strong></span> <span class='ocrx_word' id='word_1_571' title='bbox 3118 3618 3172 3665; x_wconf 91' lang='lat' dir='ltr'><strong>et</strong></span> <span class='ocrx_word' id='word_1_572' title='bbox 3203 3612 3435 3665; x_wconf 83' lang='lat' dir='ltr'><strong>conficta</strong></span> <span class='ocrx_word' id='word_1_573' title='bbox 3469 3611 3686 3667; x_wconf 82' lang='lat' dir='ltr'><strong>detule-</strong></span> 
     </span>
    </p>
   </div>
   <div class='ocr_carea' id='block_1_79' title="bbox 2090 3702 3684 3771">
    <p class='ocr_par' dir='ltr' id='par_1_79' title="bbox 2090 3702 3684 3771">
     <span class='ocr_line' id='line_1_79' title="bbox 2090 3702 3684 3771; baseline -0.001 -12"><span class='ocrx_word' id='word_1_574' title='bbox 2090 3712 2255 3770; x_wconf 87' lang='lat' dir='ltr'><strong>runt;</strong></span> <span class='ocrx_word' id='word_1_575' title='bbox 2288 3704 2460 3759; x_wconf 88' lang='lat' dir='ltr'><strong>multa</strong></span> <span class='ocrx_word' id='word_1_576' title='bbox 2510 3703 2777 3758; x_wconf 86' lang='lat' dir='ltr'><strong>adversus</strong></span> <span class='ocrx_word' id='word_1_577' title='bbox 2809 3703 3032 3757; x_wconf 88' lang='lat' dir='ltr'><strong>beatum</strong></span> <span class='ocrx_word' id='word_1_578' title='bbox 3082 3715 3280 3771; x_wconf 86' lang='lat' dir='ltr'><strong>papam</strong></span> <span class='ocrx_word' id='word_1_579' title='bbox 3317 3702 3684 3758; x_wconf 79' lang='lat' dir='ltr'><strong>Athanasium</strong></span> 
     </span>
    </p>
   </div>
   <div class='ocr_carea' id='block_1_80' title="bbox 2093 3791 3684 3862">
    <p class='ocr_par' dir='ltr' id='par_1_80' title="bbox 2093 3791 3684 3862">
     <span class='ocr_line' id='line_1_80' title="bbox 2093 3791 3684 3862; baseline -0.005 -9"><span class='ocrx_word' id='word_1_580' title='bbox 2093 3797 2323 3853; x_wconf 91' lang='lat' dir='ltr'><strong>subdole</strong></span> <span class='ocrx_word' id='word_1_581' title='bbox 2353 3803 2407 3850; x_wconf 89' lang='lat' dir='ltr'><strong>et</strong></span> <span class='ocrx_word' id='word_1_582' title='bbox 2436 3792 2778 3849; x_wconf 91' lang='lat' dir='ltr'><strong>calumniose</strong></span> <span class='ocrx_word' id='word_1_583' title='bbox 2808 3791 3140 3856; x_wconf 89' lang='lat' dir='ltr'><strong>commenti,</strong></span> <span class='ocrx_word' id='word_1_584' title='bbox 3173 3807 3294 3862; x_wconf 67' lang='lat' dir='ltr'><strong>quae</strong></span> <span class='ocrx_word' id='word_1_585' title='bbox 3317 3793 3536 3862; x_wconf 87' lang='lat' dir='ltr'><strong>quidem</strong></span> <span class='ocrx_word' id='word_1_586' title='bbox 3580 3806 3684 3862; x_wconf 90' lang='lat' dir='ltr'><strong>pro</strong></span> 
     </span>
    </p>
   </div>
   <div class='ocr_carea' id='block_1_81' title="bbox 2092 3881 3684 3955">
    <p class='ocr_par' dir='ltr' id='par_1_81' title="bbox 2092 3881 3684 3955">
     <span class='ocr_line' id='line_1_81' title="bbox 2092 3881 3684 3955; baseline -0.004 -14"><span class='ocrx_word' id='word_1_587' title='bbox 2092 3888 2240 3942; x_wconf 91' lang='lat' dir='ltr'><strong>veris</strong></span> <span class='ocrx_word' id='word_1_588' title='bbox 2271 3896 2325 3942; x_wconf 94' lang='lat' dir='ltr'><strong>et</strong></span> <span class='ocrx_word' id='word_1_589' title='bbox 2355 3884 2652 3955; x_wconf 89' lang='lat' dir='ltr'><strong>compertis</strong></span> <span class='ocrx_word' id='word_1_590' title='bbox 2700 3885 2754 3938; x_wconf 91' lang='lat' dir='ltr'><strong>in</strong></span> <span class='ocrx_word' id='word_1_591' title='bbox 2797 3892 2916 3936; x_wconf 88' lang='lat' dir='ltr'><strong>acta</strong></span> <span class='ocrx_word' id='word_1_592' title='bbox 2957 3882 3262 3937; x_wconf 89' lang='lat' dir='ltr'><strong>referentes</strong></span> <span class='ocrx_word' id='word_1_593' title='bbox 3320 3884 3374 3935; x_wconf 89' lang='lat' dir='ltr'><strong>in</strong></span> <span class='ocrx_word' id='word_1_594' title='bbox 3413 3881 3684 3952; x_wconf 84' lang='lat' dir='ltr'><strong>synodum</strong></span> 
     </span>
    </p>
   </div>
   <div class='ocr_carea' id='block_1_82' title="bbox 2094 3974 3684 4045">
    <p class='ocr_par' dir='ltr' id='par_1_82' title="bbox 2094 3974 3684 4045">
     <span class='ocr_line' id='line_1_82' title="bbox 2094 3974 3684 4045; baseline -0.006 -9"><span class='ocrx_word' id='word_1_595' title='bbox 2094 3982 2160 4036; x_wconf 87' lang='lat' dir='ltr'><strong>ad</strong></span> <span class='ocrx_word' id='word_1_596' title='bbox 2197 3979 2495 4034; x_wconf 82' lang='lat' dir='ltr'><strong>Eusebium</strong></span> <span class='ocrx_word' id='word_1_597' title='bbox 2520 3987 2573 4032; x_wconf 92' lang='lat' dir='ltr'><strong>et</strong></span> <span class='ocrx_word' id='word_1_598' title='bbox 2603 3977 2745 4030; x_wconf 90' lang='lat' dir='ltr'><strong>alios</strong></span> <span class='ocrx_word' id='word_1_599' title='bbox 2777 3974 3050 4029; x_wconf 84' lang='lat' dir='ltr'><strong>deferunt.</strong></span> <span class='ocrx_word' id='word_1_600' title='bbox 3095 3975 3152 4029; x_wconf 93' lang='lat' dir='ltr'><strong>ld</strong></span> <span class='ocrx_word' id='word_1_601' title='bbox 3183 3975 3331 4045; x_wconf 92' lang='lat' dir='ltr'><strong>quod</strong></span> <span class='ocrx_word' id='word_1_602' title='bbox 3381 3974 3585 4031; x_wconf 90' lang='lat' dir='ltr'><strong>Ursatii</strong></span> <span class='ocrx_word' id='word_1_603' title='bbox 3627 3983 3684 4030; x_wconf 89' lang='lat' dir='ltr'><strong>et</strong></span> 
     </span>
    </p>
   </div>
   <div class='ocr_carea' id='block_1_83' title="bbox 2092 4067 3682 4136">
    <p class='ocr_par' dir='ltr' id='par_1_83' title="bbox 2092 4067 3682 4136">
     <span class='ocr_line' id='line_1_83' title="bbox 2092 4067 3682 4136; baseline -0.003 -12"><span class='ocrx_word' id='word_1_604' title='bbox 2092 4070 2344 4125; x_wconf 78' lang='lat' dir='ltr'><strong>Valentis</strong></span> <span class='ocrx_word' id='word_1_605' title='bbox 2393 4068 2745 4122; x_wconf 88' lang='lat' dir='ltr'><strong>confessione</strong></span> <span class='ocrx_word' id='word_1_606' title='bbox 2791 4074 2981 4136; x_wconf 89' lang='lat' dir='ltr'><strong>postea</strong></span> <span class='ocrx_word' id='word_1_607' title='bbox 3019 4067 3358 4121; x_wconf 89' lang='lat' dir='ltr'><strong>declaratum</strong></span> <span class='ocrx_word' id='word_1_608' title='bbox 3401 4075 3519 4129; x_wconf 91' lang='lat' dir='ltr'><strong>est,</strong></span> <span class='ocrx_word' id='word_1_609' title='bbox 3555 4083 3682 4120; x_wconf 91' lang='lat' dir='ltr'><strong>cum</strong></span> 
     </span>
    </p>
   </div>
   <div class='ocr_carea' id='block_1_84' title="bbox 2094 4152 3683 4232">
    <p class='ocr_par' dir='ltr' id='par_1_84' title="bbox 2094 4152 3683 4232">
     <span class='ocr_line' id='line_1_84' title="bbox 2094 4152 3683 4232; baseline -0.003 -16"><span class='ocrx_word' id='word_1_610' title='bbox 2094 4160 2418 4232; x_wconf 75' lang='lat' dir='ltr'><strong>pmnitentia</strong></span> <span class='ocrx_word' id='word_1_611' title='bbox 2466 4157 2618 4211; x_wconf 88' lang='lat' dir='ltr'><strong>ducti</strong></span> <span class='ocrx_word' id='word_1_612' title='bbox 2670 4152 2818 4210; x_wconf 83' lang='lat' dir='ltr'><strong>Julio</strong></span> <span class='ocrx_word' id='word_1_613' title='bbox 2866 4156 3116 4211; x_wconf 81' lang='lat' dir='ltr'><strong>Romano</strong></span> <span class='ocrx_word' id='word_1_614' title='bbox 3171 4157 3417 4227; x_wconf 76' lang='lat' dir='ltr'><strong>pontifici</strong></span> <span class='ocrx_word' id='word_1_615' title='bbox 3468 4157 3683 4212; x_wconf 82' lang='lat' dir='ltr'><strong>libellos</strong></span> 
     </span>
    </p>
   </div>
   <div class='ocr_carea' id='block_1_85' title="bbox 2095 4249 3680 4320">
    <p class='ocr_par' dir='ltr' id='par_1_85' title="bbox 2095 4249 3680 4320">
     <span class='ocr_line' id='line_1_85' title="bbox 2095 4249 3680 4320; baseline -0.005 -12"><span class='ocrx_word' id='word_1_616' title='bbox 2095 4254 2436 4317; x_wconf 87' lang='lat' dir='ltr'><strong>obtulerunt,</strong></span> <span class='ocrx_word' id='word_1_617' title='bbox 2472 4250 2674 4320; x_wconf 84' lang='lat' dir='ltr'><strong>quibus</strong></span> <span class='ocrx_word' id='word_1_618' title='bbox 2717 4264 2960 4304; x_wconf 88' lang='lat' dir='ltr'><strong>errorem</strong></span> <span class='ocrx_word' id='word_1_619' title='bbox 3011 4265 3174 4303; x_wconf 91' lang='lat' dir='ltr'><strong>suum</strong></span> <span class='ocrx_word' id='word_1_620' title='bbox 3223 4249 3680 4318; x_wconf 83' lang='lat' dir='ltr'><strong>deprecabantur.</strong></span> 
     </span>
    </p>
   </div>
   <div class='ocr_carea' id='block_1_86' title="bbox 404 4341 1988 4437">
    <p class='ocr_par' dir='ltr' id='par_1_86' title="bbox 404 4341 1988 4437">
     <span class='ocr_line' id='line_1_86' title="bbox 404 4341 1988 4437; baseline -0.008 -18"><span class='ocrx_word' id='word_1_621' title='bbox 404 4341 585 4437; x_wconf 83' lang='grc' dir='ltr'>σαμεν</span> <span class='ocrx_word' id='word_1_622' title='bbox 620 4365 713 4417; x_wconf 81' lang='grc' dir='ltr'><strong>τὸν</strong></span> <span class='ocrx_word' id='word_1_623' title='bbox 753 4363 944 4416; x_wconf 84' lang='grc' dir='ltr'>πάπαν</span> <span class='ocrx_word' id='word_1_624' title='bbox 982 4360 1334 4414; x_wconf 68' lang='grc' dir='ltr'>Ἀθανάσιοψ</span> <span class='ocrx_word' id='word_1_625' title='bbox 1369 4356 1510 4411; x_wconf 89' lang='grc' dir='ltr'><strong>ἀλλά</strong></span> <span class='ocrx_word' id='word_1_626' title='bbox 1551 4355 1698 4421; x_wconf 88' lang='grc' dir='ltr'>δέξαι</span> <span class='ocrx_word' id='word_1_627' title='bbox 1728 4357 1874 4426; x_wconf 83' lang='grc' dir='ltr'>ἡμᾶς</span> <span class='ocrx_word' id='word_1_628' title='bbox 1908 4357 1988 4418; x_wconf 88' lang='grc' dir='ltr'><strong>είς</strong></span> 
     </span>
    </p>
   </div>
   <div class='ocr_carea' id='block_1_87' title="bbox 2090 4341 3681 4437">
    <p class='ocr_par' dir='ltr' id='par_1_87' title="bbox 2093 4341 3681 4413">
     <span class='ocr_line' id='line_1_87' title="bbox 2093 4341 3681 4413; baseline -0.005 -11"><span class='ocrx_word' id='word_1_629' title='bbox 2093 4344 2458 4407; x_wconf 88' lang='lat' dir='ltr'><strong>Calumniam,</strong></span> <span class='ocrx_word' id='word_1_630' title='bbox 2491 4342 2835 4413; x_wconf 89' lang='lat' dir='ltr'><strong>inquiebant,</strong></span> <span class='ocrx_word' id='word_1_631' title='bbox 2863 4353 3059 4396; x_wconf 90' lang='lat' dir='ltr'><strong>contra</strong></span> <span class='ocrx_word' id='word_1_632' title='bbox 3091 4356 3288 4410; x_wconf 89' lang='lat' dir='ltr'><strong>papam</strong></span> <span class='ocrx_word' id='word_1_633' title='bbox 3317 4341 3681 4395; x_wconf 89' lang='lat' dir='ltr'><strong>Athanasium</strong></span> 
     </span>
    </p>
   </div>
   <div class='ocr_carea' id='block_1_88' title="bbox 399 4447 1992 4526">
    <p class='ocr_par' dir='ltr' id='par_1_88' title="bbox 399 4447 1992 4526">
     <span class='ocr_line' id='line_1_88' title="bbox 399 4447 1992 4526; baseline -0.009 -13"><span class='ocrx_word' id='word_1_634' title='bbox 399 4458 695 4515; x_wconf 76' lang='grc' dir='ltr'>κοινωνίαν</span> <span class='ocrx_word' id='word_1_635' title='bbox 723 4456 817 4510; x_wconf 75' lang='grc' dir='ltr'><strong>καὶ</strong></span> <span class='ocrx_word' id='word_1_636' title='bbox 845 4456 926 4519; x_wconf 79' lang='grc' dir='ltr'><strong>είς</strong></span> <span class='ocrx_word' id='word_1_637' title='bbox 963 4454 1271 4526; x_wconf 84' lang='grc' dir='ltr'>μετάνοιαν.</span> <span class='ocrx_word' id='word_1_638' title='bbox 1309 4451 1418 4505; x_wconf 72' lang='grc' dir='ltr'><strong>Καὶ</strong></span> <span class='ocrx_word' id='word_1_639' title='bbox 1463 4449 1600 4521; x_wconf 74' lang='grc' dir='ltr'>πρὸς</span> <span class='ocrx_word' id='word_1_640' title='bbox 1628 4447 1788 4502; x_wconf 82' lang='grc' dir='ltr'>αὐτὸν</span> <span class='ocrx_word' id='word_1_641' title='bbox 1813 4448 1870 4500; x_wconf 84' lang='grc' dir='ltr'><strong>δὲ</strong></span> <span class='ocrx_word' id='word_1_642' title='bbox 1900 4447 1992 4500; x_wconf 86' lang='grc' dir='ltr'><strong>τὸν</strong></span> 
     </span>
    </p>
   </div>
   <div class='ocr_carea' id='block_1_89' title="bbox 416 4541 1991 4618">
    <p class='ocr_par' dir='ltr' id='par_1_89' title="bbox 416 4541 1991 4618">
     <span class='ocr_line' id='line_1_89' title="bbox 416 4541 1991 4618; baseline -0.008 -13"><span class='ocrx_word' id='word_1_643' title='bbox 416 4551 735 4605; x_wconf 80' lang='grc' dir='ltr'>Ἀθανάσιον</span> <span class='ocrx_word' id='word_1_644' title='bbox 765 4550 886 4612; x_wconf 88' lang='grc' dir='ltr'>ταῖς</span> <span class='ocrx_word' id='word_1_645' title='bbox 917 4547 1098 4600; x_wconf 83' lang='grc' dir='ltr'>αὐτῶν</span> <span class='ocrx_word' id='word_1_646' title='bbox 1123 4547 1423 4618; x_wconf 75' lang='grc' dir='ltr'>ἐχρήσαντο</span> <span class='ocrx_word' id='word_1_647' title='bbox 1449 4543 1748 4614; x_wconf 80' lang='grc' dir='ltr'>ἐγγράφοις</span> <span class='ocrx_word' id='word_1_648' title='bbox 1779 4541 1866 4594; x_wconf 89' lang='grc' dir='ltr'><strong>διά</strong></span> <span class='ocrx_word' id='word_1_649' title='bbox 1892 4558 1991 4611; x_wconf 90' lang='grc' dir='ltr'>με-</span> 
     </span>
    </p>
   </div>
   <div class='ocr_carea' id='block_1_90' title="bbox 400 4631 1993 4708">
    <p class='ocr_par' dir='ltr' id='par_1_90' title="bbox 400 4631 1993 4708">
     <span class='ocr_line' id='line_1_90' title="bbox 400 4631 1993 4708; baseline -0.009 -10"><span class='ocrx_word' id='word_1_650' title='bbox 400 4644 626 4706; x_wconf 84' lang='grc' dir='ltr'>τανοίας</span> <span class='ocrx_word' id='word_1_651' title='bbox 660 4641 1002 4695; x_wconf 87' lang='grc' dir='ltr'>συστάσεσιν.</span> <span class='ocrx_word' id='word_1_652' title='bbox 1049 4637 1315 4708; x_wconf 84' lang='grc' dir='ltr'>Ὀρῶντος</span> <span class='ocrx_word' id='word_1_653' title='bbox 1351 4636 1408 4688; x_wconf 83' lang='grc' dir='ltr'>δὲ</span> <span class='ocrx_word' id='word_1_654' title='bbox 1439 4635 1534 4687; x_wconf 87' lang='grc' dir='ltr'><strong>τοῦ</strong></span> <span class='ocrx_word' id='word_1_655' title='bbox 1564 4633 1720 4686; x_wconf 89' lang='grc' dir='ltr'>πάπα</span> <span class='ocrx_word' id='word_1_656' title='bbox 1764 4631 1993 4684; x_wconf 84' lang='grc' dir='ltr'>Ἀθανα-</span> 
     </span>
    </p>
   </div>
   <div class='ocr_carea' id='block_1_91' title="bbox 404 4722 1992 4802">
    <p class='ocr_par' dir='ltr' id='par_1_91' title="bbox 404 4722 1992 4802">
     <span class='ocr_line' id='line_1_91' title="bbox 404 4722 1992 4802; baseline -0.008 -15"><span class='ocrx_word' id='word_1_657' title='bbox 404 4735 525 4788; x_wconf 82' lang='grc' dir='ltr'>σὶου</span> <span class='ocrx_word' id='word_1_658' title='bbox 552 4733 702 4795; x_wconf 76' lang='grc' dir='ltr'>ὄντος</span> <span class='ocrx_word' id='word_1_659' title='bbox 729 4733 786 4784; x_wconf 84' lang='grc' dir='ltr'><strong>έν</strong></span> <span class='ocrx_word' id='word_1_660' title='bbox 813 4733 880 4802; x_wconf 79' lang='grc' dir='ltr'>τῇ</span> <span class='ocrx_word' id='word_1_661' title='bbox 912 4729 1074 4801; x_wconf 84' lang='grc' dir='ltr'>Τύρῳ</span> <span class='ocrx_word' id='word_1_662' title='bbox 1103 4729 1326 4799; x_wconf 88' lang='grc' dir='ltr'>βαρεῖαν</span> <span class='ocrx_word' id='word_1_663' title='bbox 1354 4725 1454 4797; x_wconf 85' lang='grc' dir='ltr'><strong>τὴν</strong></span> <span class='ocrx_word' id='word_1_664' title='bbox 1490 4725 1612 4778; x_wconf 87' lang='grc' dir='ltr'>τότε</span> <span class='ocrx_word' id='word_1_665' title='bbox 1639 4722 1906 4793; x_wconf 85' lang='grc' dir='ltr'>συσκευὴν</span> <span class='ocrx_word' id='word_1_666' title='bbox 1929 4723 1992 4775; x_wconf 82' lang='grc' dir='ltr'>ὲκ</span> 
     </span>
    </p>
   </div>
   <div class='ocr_carea' id='block_1_92' title="bbox 400 4811 1988 4892">
    <p class='ocr_par' dir='ltr' id='par_1_92' title="bbox 400 4811 1988 4892">
     <span class='ocr_line' id='line_1_92' title="bbox 400 4811 1988 4892; baseline -0.009 -14"><span class='ocrx_word' id='word_1_667' title='bbox 400 4822 767 4892; x_wconf 76' lang='grc' dir='ltr'>πανταχόθεν,</span> <span class='ocrx_word' id='word_1_668' title='bbox 803 4819 970 4891; x_wconf 82' lang='grc' dir='ltr'>πρινὴ</span> <span class='ocrx_word' id='word_1_669' title='bbox 1019 4816 1282 4871; x_wconf 74' lang='grc' dir='ltr'>εἰσελθεῖν</span> <span class='ocrx_word' id='word_1_670' title='bbox 1327 4816 1407 4879; x_wconf 90' lang='grc' dir='ltr'><strong>είς</strong></span> <span class='ocrx_word' id='word_1_671' title='bbox 1442 4815 1504 4868; x_wconf 72' lang='grc' dir='ltr'>τὸ</span> <span class='ocrx_word' id='word_1_672' title='bbox 1542 4813 1914 4884; x_wconf 85' lang='grc' dir='ltr'>δικαστήριον,</span> <span class='ocrx_word' id='word_1_673' title='bbox 1955 4811 1988 4882; x_wconf 78' lang='grc' dir='ltr'><strong>ἢ</strong></span> 
     </span>
    </p>
   </div>
   <div class='ocr_carea' id='block_1_93' title="bbox 402 4905 1991 4987">
    <p class='ocr_par' dir='ltr' id='par_1_93' title="bbox 402 4905 1991 4987">
     <span class='ocr_line' id='line_1_93' title="bbox 402 4905 1991 4987; baseline -0.008 -17"><span class='ocrx_word' id='word_1_674' title='bbox 402 4920 488 4979; x_wconf 84' lang='grc' dir='ltr'>εἰς</span> <span class='ocrx_word' id='word_1_675' title='bbox 521 4917 813 4987; x_wconf 85' lang='grc' dir='ltr'>πρόσωπον</span> <span class='ocrx_word' id='word_1_676' title='bbox 857 4912 925 4965; x_wconf 85' lang='grc' dir='ltr'>τὰ</span> <span class='ocrx_word' id='word_1_677' title='bbox 976 4909 1457 4980; x_wconf 87' lang='grc' dir='ltr'>συκοφαντούμενα</span> <span class='ocrx_word' id='word_1_678' title='bbox 1489 4907 1548 4974; x_wconf 83' lang='grc' dir='ltr'><strong>ἐξ</strong></span> <span class='ocrx_word' id='word_1_679' title='bbox 1594 4905 1991 4961; x_wconf 84' lang='grc' dir='ltr'>ἀντικαταστά-·</span> 
     </span>
    </p>
   </div>
   <div class='ocr_carea' id='block_1_94' title="bbox 400 4997 1990 5076">
    <p class='ocr_par' dir='ltr' id='par_1_94' title="bbox 400 4997 1990 5076">
     <span class='ocr_line' id='line_1_94' title="bbox 400 4997 1990 5076; baseline -0.009 -13"><span class='ocrx_word' id='word_1_680' title='bbox 400 5025 550 5070; x_wconf 86' lang='grc' dir='ltr'>σεως</span> <span class='ocrx_word' id='word_1_681' title='bbox 578 5007 825 5076; x_wconf 84' lang='grc' dir='ltr'>γένηται,</span> <span class='ocrx_word' id='word_1_682' title='bbox 855 5003 1072 5074; x_wconf 89' lang='grc' dir='ltr'>νύκτωρ</span> <span class='ocrx_word' id='word_1_683' title='bbox 1111 5001 1494 5071; x_wconf 83' lang='grc' dir='ltr'>ἀναχωρήσας,</span> <span class='ocrx_word' id='word_1_684' title='bbox 1538 4999 1821 5068; x_wconf 86' lang='grc' dir='ltr'>ἀνέρχεται</span> <span class='ocrx_word' id='word_1_685' title='bbox 1853 4997 1990 5067; x_wconf 84' lang='grc' dir='ltr'>πρὸς</span> 
     </span>
    </p>
   </div>
   <div class='ocr_carea' id='block_1_95' title="bbox 398 5086 1990 5164">
    <p class='ocr_par' dir='ltr' id='par_1_95' title="bbox 398 5086 1990 5164">
     <span class='ocr_line' id='line_1_95' title="bbox 398 5086 1990 5164; baseline -0.01 -9"><span class='ocrx_word' id='word_1_686' title='bbox 398 5101 820 5155; x_wconf 82' lang='grc' dir='ltr'>Κωνσταντῖνον</span> <span class='ocrx_word' id='word_1_687' title='bbox 845 5098 924 5160; x_wconf 84' lang='grc' dir='ltr'>εἰς</span> <span class='ocrx_word' id='word_1_688' title='bbox 952 5095 1014 5147; x_wconf 83' lang='grc' dir='ltr'><strong>τὸ</strong></span> <span class='ocrx_word' id='word_1_689' title='bbox 1035 5095 1364 5164; x_wconf 84' lang='grc' dir='ltr'>κομητᾶτον,</span> <span class='ocrx_word' id='word_1_690' title='bbox 1395 5091 1488 5144; x_wconf 72' lang='grc' dir='ltr'><strong>καὶ</strong></span> <span class='ocrx_word' id='word_1_691' title='bbox 1508 5089 1808 5161; x_wconf 89' lang='grc' dir='ltr'>προσφέρει</span> <span class='ocrx_word' id='word_1_692' title='bbox 1841 5086 1990 5158; x_wconf 82' lang='grc' dir='ltr'>αὐτῷ</span> 
     </span>
    </p>
   </div>
   <div class='ocr_carea' id='block_1_96' title="bbox 395 5180 1994 5252">
    <p class='ocr_par' dir='ltr' id='par_1_96' title="bbox 395 5180 1994 5252">
     <span class='ocr_line' id='line_1_96' title="bbox 395 5180 1994 5252; baseline -0.009 -6"><span class='ocrx_word' id='word_1_693' title='bbox 395 5194 472 5247; x_wconf 85' lang='grc' dir='ltr'><strong>τά</strong></span> <span class='ocrx_word' id='word_1_694' title='bbox 508 5195 629 5245; x_wconf 83' lang='grc' dir='ltr'>κατ’</span> <span class='ocrx_word' id='word_1_695' title='bbox 663 5191 824 5244; x_wconf 84' lang='grc' dir='ltr'>αὑτὸν</span> <span class='ocrx_word' id='word_1_696' title='bbox 853 5188 1244 5242; x_wconf 88' lang='grc' dir='ltr'>ἀναδιδάσκων.</span> <span class='ocrx_word' id='word_1_697' title='bbox 1285 5185 1344 5236; x_wconf 90' lang='lat'><strong>&#39;0</strong></span> <span class='ocrx_word' id='word_1_698' title='bbox 1373 5183 1449 5247; x_wconf 81' lang='grc' dir='ltr'><strong>δὲ,</strong></span> <span class='ocrx_word' id='word_1_699' title='bbox 1474 5182 1553 5235; x_wconf 76' lang='grc' dir='ltr'>ἔτι</span> <span class='ocrx_word' id='word_1_700' title='bbox 1591 5180 1734 5252; x_wconf 80' lang='grc' dir='ltr'>λύπῃ</span> <span class='ocrx_word' id='word_1_701' title='bbox 1758 5180 1994 5250; x_wconf 79' lang='grc' dir='ltr'>φερόμε-</span> 
     </span>
    </p>
   </div>
   <div class='ocr_carea' id='block_1_97' title="bbox 396 5274 1992 5353">
    <p class='ocr_par' dir='ltr' id='par_1_97' title="bbox 396 5274 1992 5353">
     <span class='ocr_line' id='line_1_97' title="bbox 396 5274 1992 5353; baseline -0.009 -14"><span class='ocrx_word' id='word_1_702' title='bbox 396 5303 518 5348; x_wconf 84' lang='grc' dir='ltr'>νος,</span> <span class='ocrx_word' id='word_1_703' title='bbox 552 5285 647 5337; x_wconf 68' lang='grc' dir='ltr'>καὶ</span> <span class='ocrx_word' id='word_1_704' title='bbox 669 5281 905 5353; x_wconf 78' lang='grc' dir='ltr'>νομίζων</span> <span class='ocrx_word' id='word_1_705' title='bbox 937 5281 1011 5351; x_wconf 87' lang='grc' dir='ltr'>μή</span> <span class='ocrx_word' id='word_1_706' title='bbox 1037 5296 1113 5349; x_wconf 89' lang='grc' dir='ltr'><strong>πη</strong></span> <span class='ocrx_word' id='word_1_707' title='bbox 1155 5277 1264 5349; x_wconf 78' lang='grc' dir='ltr'>ἄρα</span> <span class='ocrx_word' id='word_1_708' title='bbox 1295 5275 1648 5346; x_wconf 85' lang='grc' dir='ltr'>ἀληθεύουσιν</span> <span class='ocrx_word' id='word_1_709' title='bbox 1668 5274 1718 5326; x_wconf 87' lang='grc' dir='ltr'>οἱ</span> <span class='ocrx_word' id='word_1_710' title='bbox 1755 5289 1992 5342; x_wconf 61' lang='grc' dir='ltr'>κατηγο»</span> 
     </span>
    </p>
   </div>
   <div class='ocr_carea' id='block_1_98' title="bbox 404 5363 1998 5450">
    <p class='ocr_par' dir='ltr' id='par_1_98' title="bbox 404 5363 1998 5450">
     <span class='ocr_line' id='line_1_98' title="bbox 404 5363 1998 5450; baseline -0.009 -19"><span class='ocrx_word' id='word_1_711' title='bbox 404 5380 701 5450; x_wconf 83' lang='grc' dir='ltr'>ρήσαντες,</span> <span class='ocrx_word' id='word_1_712' title='bbox 727 5374 982 5444; x_wconf 78' lang='grc' dir='ltr'>ψεύδεται</span> <span class='ocrx_word' id='word_1_713' title='bbox 1024 5372 1082 5424; x_wconf 85' lang='grc' dir='ltr'>δὲ</span> <span class='ocrx_word' id='word_1_714' title='bbox 1113 5373 1141 5424; x_wconf 88' lang='grc' dir='ltr'>ὁ</span> <span class='ocrx_word' id='word_1_715' title='bbox 1185 5366 1640 5436; x_wconf 84' lang='grc' dir='ltr'>ἀπολογούμενος,</span> <span class='ocrx_word' id='word_1_716' title='bbox 1686 5364 1763 5416; x_wconf 81' lang='grc' dir='ltr'><strong>έτι</strong></span> <span class='ocrx_word' id='word_1_717' title='bbox 1811 5363 1998 5433; x_wconf 80' lang='grc' dir='ltr'>ἐχαλέ-</span> 
     </span>
    </p>
   </div>
   <div class='ocr_carea' id='block_1_99' title="bbox 402 5455 2000 5528">
    <p class='ocr_par' dir='ltr' id='par_1_99' title="bbox 402 5455 2000 5528">
     <span class='ocr_line' id='line_1_99' title="bbox 402 5455 2000 5528; baseline -0.012 -4"><span class='ocrx_word' id='word_1_718' title='bbox 402 5487 593 5524; x_wconf 75' lang='grc' dir='ltr'>παινε.</span> <span class='ocrx_word' id='word_1_719' title='bbox 623 5467 1053 5528; x_wconf 85' lang='grc' dir='ltr'>Χαλεπαίνοντος</span> <span class='ocrx_word' id='word_1_720' title='bbox 1083 5463 1139 5516; x_wconf 79' lang='grc' dir='ltr'>δὲ</span> <span class='ocrx_word' id='word_1_721' title='bbox 1177 5459 1363 5524; x_wconf 78' lang='grc' dir='ltr'>αὐτοῦ,</span> <span class='ocrx_word' id='word_1_722' title='bbox 1386 5462 1415 5514; x_wconf 93' lang='lat'><strong>6</strong></span> <span class='ocrx_word' id='word_1_723' title='bbox 1458 5457 1645 5520; x_wconf 87' lang='grc' dir='ltr'>πάπας</span> <span class='ocrx_word' id='word_1_724' title='bbox 1686 5455 2000 5516; x_wconf 84' lang='grc' dir='ltr'>Ἀθανάσιος</span> 
     </span>
    </p>
   </div>
   <div class='ocr_carea' id='block_1_100' title="bbox 401 5546 2002 5632">
    <p class='ocr_par' dir='ltr' id='par_1_100' title="bbox 401 5546 2002 5632">
     <span class='ocr_line' id='line_1_100' title="bbox 401 5546 2002 5632; baseline -0.013 -15"><span class='ocrx_word' id='word_1_725' title='bbox 401 5564 570 5632; x_wconf 76' lang='grc' dir='ltr'>λόγον</span> <span class='ocrx_word' id='word_1_726' title='bbox 601 5561 771 5632; x_wconf 72' lang='grc' dir='ltr'>βαρὺν</span> <span class='ocrx_word' id='word_1_727' title='bbox 803 5559 880 5630; x_wconf 82' lang='grc' dir='ltr'><strong>τῷ</strong></span> <span class='ocrx_word' id='word_1_728' title='bbox 910 5557 1119 5629; x_wconf 86' lang='grc' dir='ltr'>βασιλεῖ</span> <span class='ocrx_word' id='word_1_729' title='bbox 1161 5552 1490 5615; x_wconf 74' lang='grc' dir='ltr'>ἐπετείνετο,</span> <span class='ocrx_word' id='word_1_730' title='bbox 1522 5549 1599 5613; x_wconf 86' lang='grc' dir='ltr'>ὡς</span> <span class='ocrx_word' id='word_1_731' title='bbox 1645 5549 1727 5600; x_wconf 87' lang='grc' dir='ltr'>ὅτι</span> <span class='ocrx_word' id='word_1_732' title='bbox 1780 5546 2002 5599; x_wconf 87' lang='grc' dir='ltr'>Δικάσει</span> 
     </span>
    </p>
   </div>
   <div class='ocr_carea' id='block_1_101' title="bbox 403 5636 2006 5728">
    <p class='ocr_par' dir='ltr' id='par_1_101' title="bbox 403 5636 2006 5728">
     <span class='ocr_line' id='line_1_101' title="bbox 403 5636 2006 5728; baseline -0.016 -17"><span class='ocrx_word' id='word_1_733' title='bbox 403 5655 620 5728; x_wconf 80' lang='grc' dir='ltr'>Κύριος</span> <span class='ocrx_word' id='word_1_734' title='bbox 653 5652 921 5724; x_wconf 86' lang='grc' dir='ltr'>ἀναμέσον</span> <span class='ocrx_word' id='word_1_735' title='bbox 952 5646 1088 5721; x_wconf 77' lang='grc' dir='ltr'>ἐμοῦ</span> <span class='ocrx_word' id='word_1_736' title='bbox 1117 5645 1212 5702; x_wconf 68' lang='grc' dir='ltr'>καὶ</span> <span class='ocrx_word' id='word_1_737' title='bbox 1239 5643 1352 5711; x_wconf 91' lang='grc' dir='ltr'>σοῦ,</span> <span class='ocrx_word' id='word_1_738' title='bbox 1381 5643 1539 5697; x_wconf 87' lang='grc' dir='ltr'>ὁποῖα</span> <span class='ocrx_word' id='word_1_739' title='bbox 1569 5639 1662 5694; x_wconf 76' lang='grc' dir='ltr'><strong>καὶ</strong></span> <span class='ocrx_word' id='word_1_740' title='bbox 1687 5636 1850 5700; x_wconf 76' lang='grc' dir='ltr'>αὐτὸς</span> <span class='ocrx_word' id='word_1_741' title='bbox 1875 5652 2006 5707; x_wconf 85' lang='grc' dir='ltr'>συμ-</span> 
     </span>
    </p>
   </div>
   <div class='ocr_carea' id='block_1_102' title="bbox 495 5825 754 5883">
    <p class='ocr_par' dir='ltr' id='par_1_102' title="bbox 495 5825 754 5883">
     <span class='ocr_line' id='line_1_102' title="bbox 495 5825 754 5883; baseline 0 0"><span class='ocrx_word' id='word_1_742' title='bbox 495 5827 513 5861; x_wconf 85' lang='grc'>¹</span> <span class='ocrx_word' id='word_1_743' title='bbox 546 5825 606 5883; x_wconf 83' lang='lat' dir='ltr'><strong>F.</strong></span> <span class='ocrx_word' id='word_1_744' title='bbox 635 5827 754 5883; x_wconf 84' lang='grc' dir='ltr'>τῶν.</span> 
     </span>
    </p>
   </div>
   <div class='ocr_carea' id='block_1_103' title="bbox 2101 4432 3684 4500">
    <p class='ocr_par' dir='ltr' id='par_1_103' title="bbox 2101 4432 3684 4500">
     <span class='ocr_line' id='line_1_103' title="bbox 2101 4432 3684 4500; baseline -0.004 -7"><span class='ocrx_word' id='word_1_745' title='bbox 2101 4438 2439 4500; x_wconf 82' lang='lat' dir='ltr'><strong>struximus;</strong></span> <span class='ocrx_word' id='word_1_746' title='bbox 2489 4443 2546 4488; x_wconf 88' lang='lat' dir='ltr'><strong>tu</strong></span> <span class='ocrx_word' id='word_1_747' title='bbox 2584 4448 2713 4487; x_wconf 89' lang='lat' dir='ltr'><strong>vero</strong></span> <span class='ocrx_word' id='word_1_748' title='bbox 2755 4433 2821 4487; x_wconf 88' lang='lat' dir='ltr'><strong>ad</strong></span> <span class='ocrx_word' id='word_1_749' title='bbox 2854 4432 3296 4486; x_wconf 91' lang='lat' dir='ltr'><strong>communionem</strong></span> <span class='ocrx_word' id='word_1_750' title='bbox 3329 4439 3382 4485; x_wconf 92' lang='lat' dir='ltr'><strong>et</strong></span> <span class='ocrx_word' id='word_1_751' title='bbox 3415 4433 3684 4500; x_wconf 82' lang='lat' dir='ltr'><strong>poeniten-</strong></span> 
     </span>
    </p>
   </div>
   <div class='ocr_carea' id='block_1_104' title="bbox 2098 4524 3683 4595">
    <p class='ocr_par' dir='ltr' id='par_1_104' title="bbox 2098 4524 3683 4595">
     <span class='ocr_line' id='line_1_104' title="bbox 2098 4524 3683 4595; baseline -0.004 -10"><span class='ocrx_word' id='word_1_752' title='bbox 2098 4532 2232 4585; x_wconf 89' lang='lat' dir='ltr'><strong>tiam</strong></span> <span class='ocrx_word' id='word_1_753' title='bbox 2273 4544 2377 4583; x_wconf 91' lang='lat' dir='ltr'><strong>nos</strong></span> <span class='ocrx_word' id='word_1_754' title='bbox 2412 4527 2661 4581; x_wconf 85' lang='lat' dir='ltr'><strong>admitte.</strong></span> <span class='ocrx_word' id='word_1_755' title='bbox 2697 4524 2812 4580; x_wconf 90' lang='lat' dir='ltr'><strong>lmo</strong></span> <span class='ocrx_word' id='word_1_756' title='bbox 2837 4534 2894 4580; x_wconf 91' lang='lat' dir='ltr'><strong>et</strong></span> <span class='ocrx_word' id='word_1_757' title='bbox 2920 4525 3064 4594; x_wconf 89' lang='lat' dir='ltr'><strong>apud</strong></span> <span class='ocrx_word' id='word_1_758' title='bbox 3107 4525 3287 4595; x_wconf 91' lang='lat' dir='ltr'><strong>ipsum</strong></span> <span class='ocrx_word' id='word_1_759' title='bbox 3319 4526 3683 4579; x_wconf 88' lang='lat' dir='ltr'><strong>Athanasium</strong></span> 
     </span>
    </p>
   </div>
   <div class='ocr_carea' id='block_1_105' title="bbox 2098 4613 3683 4689">
    <p class='ocr_par' dir='ltr' id='par_1_105' title="bbox 2098 4613 3683 4689">
     <span class='ocr_line' id='line_1_105' title="bbox 2098 4613 3683 4689; baseline -0.006 -12"><span class='ocrx_word' id='word_1_760' title='bbox 2098 4623 2289 4678; x_wconf 90' lang='lat' dir='ltr'><strong>eadem</strong></span> <span class='ocrx_word' id='word_1_761' title='bbox 2321 4621 2375 4674; x_wconf 92' lang='lat' dir='ltr'><strong>in</strong></span> <span class='ocrx_word' id='word_1_762' title='bbox 2409 4621 2618 4689; x_wconf 83' lang='lat' dir='ltr'><strong>scripto</strong></span> <span class='ocrx_word' id='word_1_763' title='bbox 2651 4618 3056 4688; x_wconf 90' lang='lat' dir='ltr'><strong>supplicatione</strong></span> <span class='ocrx_word' id='word_1_764' title='bbox 3093 4616 3178 4671; x_wconf 90' lang='lat' dir='ltr'><strong>usi</strong></span> <span class='ocrx_word' id='word_1_765' title='bbox 3212 4623 3360 4670; x_wconf 91' lang='lat' dir='ltr'><strong>sunt.</strong></span> <span class='ocrx_word' id='word_1_766' title='bbox 3393 4613 3540 4669; x_wconf 87' lang='lat' dir='ltr'><strong>lnter</strong></span> <span class='ocrx_word' id='word_1_767' title='bbox 3567 4615 3683 4668; x_wconf 59' lang='lat' dir='ltr'><strong>haec</strong></span> 
     </span>
    </p>
   </div>
   <div class='ocr_carea' id='block_1_106' title="bbox 2096 4706 3684 4780">
    <p class='ocr_par' dir='ltr' id='par_1_106' title="bbox 2096 4706 3684 4780">
     <span class='ocr_line' id='line_1_106' title="bbox 2096 4706 3684 4780; baseline -0.006 -12"><span class='ocrx_word' id='word_1_768' title='bbox 2096 4713 2434 4768; x_wconf 87' lang='lat' dir='ltr'><strong>Athanasius</strong></span> <span class='ocrx_word' id='word_1_769' title='bbox 2479 4727 2602 4765; x_wconf 92' lang='lat' dir='ltr'><strong>cum</strong></span> <span class='ocrx_word' id='word_1_770' title='bbox 2635 4709 2778 4780; x_wconf 89' lang='lat' dir='ltr'><strong>apud</strong></span> <span class='ocrx_word' id='word_1_771' title='bbox 2809 4708 3013 4778; x_wconf 88' lang='lat' dir='ltr'><strong>Tyrum</strong></span> <span class='ocrx_word' id='word_1_772' title='bbox 3047 4722 3266 4778; x_wconf 82' lang='lat' dir='ltr'><strong>gravem</strong></span> <span class='ocrx_word' id='word_1_773' title='bbox 3297 4721 3361 4758; x_wconf 86' lang='lat' dir='ltr'><strong>ac</strong></span> <span class='ocrx_word' id='word_1_774' title='bbox 3393 4706 3684 4759; x_wconf 88' lang='lat' dir='ltr'><strong>vehemen-</strong></span> 
     </span>
    </p>
   </div>
   <div class='ocr_carea' id='block_1_107' title="bbox 2099 4798 3680 4872">
    <p class='ocr_par' dir='ltr' id='par_1_107' title="bbox 2099 4798 3680 4872">
     <span class='ocr_line' id='line_1_107' title="bbox 2099 4798 3680 4872; baseline -0.008 -11"><span class='ocrx_word' id='word_1_775' title='bbox 2099 4815 2206 4861; x_wconf 90' lang='lat' dir='ltr'><strong>tem</strong></span> <span class='ocrx_word' id='word_1_776' title='bbox 2239 4806 2377 4858; x_wconf 91' lang='lat' dir='ltr'><strong>hanc</strong></span> <span class='ocrx_word' id='word_1_777' title='bbox 2401 4804 2866 4872; x_wconf 88' lang='lat' dir='ltr'><strong>conspirationem</strong></span> <span class='ocrx_word' id='word_1_778' title='bbox 2895 4816 3018 4855; x_wconf 89' lang='lat' dir='ltr'><strong>esse</strong></span> <span class='ocrx_word' id='word_1_779' title='bbox 3047 4806 3317 4865; x_wconf 88' lang='lat' dir='ltr'><strong>cerneret,</strong></span> <span class='ocrx_word' id='word_1_780' title='bbox 3358 4798 3680 4867; x_wconf 89' lang='lat' dir='ltr'><strong>priusquam</strong></span> 
     </span>
    </p>
   </div>
   <div class='ocr_carea' id='block_1_108' title="bbox 2099 4890 3731 4967">
    <p class='ocr_par' dir='ltr' id='par_1_108' title="bbox 2099 4890 3731 4967">
     <span class='ocr_line' id='line_1_108' title="bbox 2099 4890 3731 4967; baseline -0.007 -15"><span class='ocrx_word' id='word_1_781' title='bbox 2099 4898 2154 4952; x_wconf 91' lang='lat' dir='ltr'><strong>in</strong></span> <span class='ocrx_word' id='word_1_782' title='bbox 2178 4898 2446 4967; x_wconf 89' lang='lat' dir='ltr'><strong>judicium</strong></span> <span class='ocrx_word' id='word_1_783' title='bbox 2478 4895 2744 4966; x_wconf 88' lang='lat' dir='ltr'><strong>prodiret,</strong></span> <span class='ocrx_word' id='word_1_784' title='bbox 2775 4900 2868 4946; x_wconf 90' lang='lat' dir='ltr'><strong>aut</strong></span> <span class='ocrx_word' id='word_1_785' title='bbox 2901 4907 3093 4946; x_wconf 86' lang='lat' dir='ltr'><strong>omnes</strong></span> <span class='ocrx_word' id='word_1_786' title='bbox 3133 4891 3252 4945; x_wconf 62' lang='lat' dir='ltr'><strong>ista}</strong></span> <span class='ocrx_word' id='word_1_787' title='bbox 3277 4890 3566 4943; x_wconf 78' lang='lat' dir='ltr'><strong>calumnia:</strong></span> <span class='ocrx_word' id='word_1_788' title='bbox 3592 4902 3682 4941; x_wconf 89' lang='lat' dir='ltr'><strong>co-</strong></span> <span class='ocrx_word' id='word_1_789' title='bbox 3725 4959 3731 4967; x_wconf 31' lang='lat'><strong>.</strong></span> 
     </span>
    </p>
   </div>
   <div class='ocr_carea' id='block_1_109' title="bbox 2098 4977 3675 5052">
    <p class='ocr_par' dir='ltr' id='par_1_109' title="bbox 2098 4977 3675 5052">
     <span class='ocr_line' id='line_1_109' title="bbox 2098 4977 3675 5052; baseline -0.008 -7"><span class='ocrx_word' id='word_1_790' title='bbox 2098 5006 2214 5045; x_wconf 90' lang='lat' dir='ltr'><strong>ram</strong></span> <span class='ocrx_word' id='word_1_791' title='bbox 2246 4991 2372 5050; x_wconf 88' lang='lat' dir='ltr'><strong>sibi,</strong></span> <span class='ocrx_word' id='word_1_792' title='bbox 2405 4999 2458 5042; x_wconf 91' lang='lat' dir='ltr'><strong>et</strong></span> <span class='ocrx_word' id='word_1_793' title='bbox 2494 5004 2559 5042; x_wconf 82' lang='lat' dir='ltr'><strong>ex</strong></span> <span class='ocrx_word' id='word_1_794' title='bbox 2591 4986 2822 5040; x_wconf 80' lang='lat' dir='ltr'><strong>adverso</strong></span> <span class='ocrx_word' id='word_1_795' title='bbox 2855 4983 3247 5052; x_wconf 87' lang='lat' dir='ltr'><strong>objicerentur,</strong></span> <span class='ocrx_word' id='word_1_796' title='bbox 3280 4980 3347 5034; x_wconf 93' lang='lat' dir='ltr'><strong>de</strong></span> <span class='ocrx_word' id='word_1_797' title='bbox 3379 4989 3536 5033; x_wconf 90' lang='lat' dir='ltr'><strong>nocte</strong></span> <span class='ocrx_word' id='word_1_798' title='bbox 3561 4977 3675 5033; x_wconf 88' lang='lat' dir='ltr'><strong>dis-</strong></span> 
     </span>
    </p>
   </div>
   <div class='ocr_carea' id='block_1_110' title="bbox 2099 5070 3673 5138">
    <p class='ocr_par' dir='ltr' id='par_1_110' title="bbox 2099 5070 3673 5138">
     <span class='ocr_line' id='line_1_110' title="bbox 2099 5070 3673 5138; baseline -0.009 -4"><span class='ocrx_word' id='word_1_799' title='bbox 2099 5079 2300 5134; x_wconf 88' lang='lat' dir='ltr'><strong>cedens</strong></span> <span class='ocrx_word' id='word_1_800' title='bbox 2343 5079 2398 5131; x_wconf 90' lang='lat' dir='ltr'><strong>in</strong></span> <span class='ocrx_word' id='word_1_801' title='bbox 2446 5077 2770 5131; x_wconf 88' lang='lat' dir='ltr'><strong>comitatum</strong></span> <span class='ocrx_word' id='word_1_802' title='bbox 2817 5073 2886 5128; x_wconf 87' lang='lat' dir='ltr'><strong>ad</strong></span> <span class='ocrx_word' id='word_1_803' title='bbox 2925 5070 3347 5126; x_wconf 85' lang='lat' dir='ltr'><strong>Constantinum</strong></span> <span class='ocrx_word' id='word_1_804' title='bbox 3400 5073 3673 5138; x_wconf 85' lang='lat' dir='ltr'><strong>properat,</strong></span> 
     </span>
    </p>
   </div>
   <div class='ocr_carea' id='block_1_111' title="bbox 2099 5153 3728 5242">
    <p class='ocr_par' dir='ltr' id='par_1_111' title="bbox 2099 5153 3728 5242">
     <span class='ocr_line' id='line_1_111' title="bbox 2099 5153 3728 5242; baseline -0.009 -16"><span class='ocrx_word' id='word_1_805' title='bbox 2099 5172 2278 5242; x_wconf 91' lang='lat' dir='ltr'><strong>deque</strong></span> <span class='ocrx_word' id='word_1_806' title='bbox 2331 5177 2444 5223; x_wconf 89' lang='lat' dir='ltr'><strong>tota</strong></span> <span class='ocrx_word' id='word_1_807' title='bbox 2502 5185 2561 5223; x_wconf 88' lang='lat' dir='ltr'><strong>re</strong></span> <span class='ocrx_word' id='word_1_808' title='bbox 2612 5169 2902 5222; x_wconf 89' lang='lat' dir='ltr'><strong>certiorem</strong></span> <span class='ocrx_word' id='word_1_809' title='bbox 2964 5165 3116 5218; x_wconf 92' lang='lat' dir='ltr'><strong>illum</strong></span> <span class='ocrx_word' id='word_1_810' title='bbox 3167 5161 3318 5216; x_wconf 89' lang='lat' dir='ltr'><strong>facit.</strong></span> <span class='ocrx_word' id='word_1_811' title='bbox 3379 5153 3728 5230; x_wconf 64' lang='lat' dir='ltr'><strong>Imperatori</strong></span> 
     </span>
    </p>
   </div>
   <div class='ocr_carea' id='block_1_112' title="bbox 2101 5251 3726 5331">
    <p class='ocr_par' dir='ltr' id='par_1_112' title="bbox 2101 5251 3726 5331">
     <span class='ocr_line' id='line_1_112' title="bbox 2101 5251 3726 5331; baseline -0.01 -13"><span class='ocrx_word' id='word_1_812' title='bbox 2101 5264 2283 5318; x_wconf 90' lang='lat' dir='ltr'><strong>adhuc</strong></span> <span class='ocrx_word' id='word_1_813' title='bbox 2309 5263 2499 5318; x_wconf 91' lang='lat' dir='ltr'><strong>dolore</strong></span> <span class='ocrx_word' id='word_1_814' title='bbox 2530 5261 2691 5331; x_wconf 76' lang='lat'><strong>725</strong></span> <span class='ocrx_word' id='word_1_815' title='bbox 2718 5266 3028 5314; x_wconf 89' lang='lat' dir='ltr'><strong>commotus</strong></span> <span class='ocrx_word' id='word_1_816' title='bbox 3048 5297 3064 5322; x_wconf 92' lang='lat'><strong>,</strong></span> <span class='ocrx_word' id='word_1_817' title='bbox 3096 5269 3160 5310; x_wconf 91' lang='lat' dir='ltr'><strong>ac</strong></span> <span class='ocrx_word' id='word_1_818' title='bbox 3185 5269 3313 5309; x_wconf 87' lang='lat' dir='ltr'><strong>vera</strong></span> <span class='ocrx_word' id='word_1_819' title='bbox 3345 5268 3467 5308; x_wconf 91' lang='lat' dir='ltr'><strong>esse</strong></span> <span class='ocrx_word' id='word_1_820' title='bbox 3493 5251 3677 5321; x_wconf 89' lang='lat' dir='ltr'><strong>suspi-</strong></span> <span class='ocrx_word' id='word_1_821' title='bbox 3719 5256 3726 5267; x_wconf 90' lang='lat'><strong><em>&#39;</em></strong></span> 
     </span>
    </p>
   </div>
   <div class='ocr_carea' id='block_1_113' title="bbox 2097 5342 3678 5424">
    <p class='ocr_par' dir='ltr' id='par_1_113' title="bbox 2097 5342 3678 5424">
     <span class='ocr_line' id='line_1_113' title="bbox 2097 5342 3678 5424; baseline -0.013 -11"><span class='ocrx_word' id='word_1_822' title='bbox 2097 5363 2280 5419; x_wconf 89' lang='lat' dir='ltr'><strong>catus,</strong></span> <span class='ocrx_word' id='word_1_823' title='bbox 2307 5370 2429 5424; x_wconf 68' lang='lat' dir='ltr'><strong>qua:</strong></span> <span class='ocrx_word' id='word_1_824' title='bbox 2455 5361 2809 5407; x_wconf 89' lang='lat' dir='ltr'><strong>accusatores</strong></span> <span class='ocrx_word' id='word_1_825' title='bbox 2844 5353 3269 5420; x_wconf 86' lang='lat' dir='ltr'><strong>proposuerant,</strong></span> <span class='ocrx_word' id='word_1_826' title='bbox 3301 5342 3518 5398; x_wconf 89' lang='lat' dir='ltr'><strong>mentiri</strong></span> <span class='ocrx_word' id='word_1_827' title='bbox 3549 5357 3678 5396; x_wconf 85' lang='lat' dir='ltr'><strong>vero</strong></span> 
     </span>
    </p>
   </div>
   <div class='ocr_carea' id='block_1_114' title="bbox 2100 5434 3680 5506">
    <p class='ocr_par' dir='ltr' id='par_1_114' title="bbox 2100 5434 3680 5506">
     <span class='ocr_line' id='line_1_114' title="bbox 2100 5434 3680 5506; baseline -0.011 -3"><span class='ocrx_word' id='word_1_828' title='bbox 2100 5456 2421 5503; x_wconf 89' lang='lat' dir='ltr'><strong>accusatum</strong></span> <span class='ocrx_word' id='word_1_829' title='bbox 2453 5445 2842 5506; x_wconf 86' lang='lat' dir='ltr'><strong>Athanasium,</strong></span> <span class='ocrx_word' id='word_1_830' title='bbox 2869 5441 3006 5494; x_wconf 89' lang='lat' dir='ltr'><strong>nihil</strong></span> <span class='ocrx_word' id='word_1_831' title='bbox 3033 5439 3103 5494; x_wconf 90' lang='lat' dir='ltr'><strong>de</strong></span> <span class='ocrx_word' id='word_1_832' title='bbox 3130 5436 3415 5492; x_wconf 88' lang='lat' dir='ltr'><strong>iracundia</strong></span> <span class='ocrx_word' id='word_1_833' title='bbox 3447 5434 3680 5489; x_wconf 89' lang='lat' dir='ltr'><strong>remitte-</strong></span> 
     </span>
    </p>
   </div>
   <div class='ocr_carea' id='block_1_115' title="bbox 2100 5527 3682 5607">
    <p class='ocr_par' dir='ltr' id='par_1_115' title="bbox 2100 5527 3682 5607">
     <span class='ocr_line' id='line_1_115' title="bbox 2100 5527 3682 5607; baseline -0.011 -11"><span class='ocrx_word' id='word_1_834' title='bbox 2100 5543 2217 5596; x_wconf 91' lang='lat' dir='ltr'><strong>bat.</strong></span> <span class='ocrx_word' id='word_1_835' title='bbox 2251 5540 2410 5607; x_wconf 83' lang='lat' dir='ltr'><strong>Quod</strong></span> <span class='ocrx_word' id='word_1_836' title='bbox 2456 5539 2650 5594; x_wconf 90' lang='lat' dir='ltr'><strong>videns</strong></span> <span class='ocrx_word' id='word_1_837' title='bbox 2694 5534 3029 5590; x_wconf 87' lang='lat' dir='ltr'><strong>Athanasius</strong></span> <span class='ocrx_word' id='word_1_838' title='bbox 3079 5533 3194 5586; x_wconf 89' lang='lat' dir='ltr'><strong>acri</strong></span> <span class='ocrx_word' id='word_1_839' title='bbox 3235 5529 3390 5585; x_wconf 90' lang='lat' dir='ltr'><strong>illum</strong></span> <span class='ocrx_word' id='word_1_840' title='bbox 3431 5527 3682 5582; x_wconf 87' lang='lat' dir='ltr'><strong>oratione</strong></span> 
     </span>
    </p>
   </div>
   <div class='ocr_carea' id='block_1_116' title="bbox 2103 5617 3685 5704">
    <p class='ocr_par' dir='ltr' id='par_1_116' title="bbox 2103 5617 3685 5704">
     <span class='ocr_line' id='line_1_116' title="bbox 2103 5617 3685 5704; baseline -0.013 -14"><span class='ocrx_word' id='word_1_841' title='bbox 2103 5631 2471 5704; x_wconf 81' lang='lat' dir='ltr'><strong>perstrinxit:</strong></span> <span class='ocrx_word' id='word_1_842' title='bbox 2511 5629 2586 5687; x_wconf 90' lang='lat' dir='ltr'><strong>De</strong></span> <span class='ocrx_word' id='word_1_843' title='bbox 2620 5637 2694 5696; x_wconf 88' lang='lat' dir='ltr'><strong>te,</strong></span> <span class='ocrx_word' id='word_1_844' title='bbox 2735 5625 2935 5698; x_wconf 92' lang='lat' dir='ltr'><strong>inquit,</strong></span> <span class='ocrx_word' id='word_1_845' title='bbox 2969 5639 3034 5680; x_wconf 91' lang='lat' dir='ltr'><strong>ac</strong></span> <span class='ocrx_word' id='word_1_846' title='bbox 3066 5639 3154 5680; x_wconf 85' lang='lat' dir='ltr'><strong>me</strong></span> <span class='ocrx_word' id='word_1_847' title='bbox 3187 5621 3460 5694; x_wconf 71' lang='lat' dir='ltr'><strong>iudicabit</strong></span> <span class='ocrx_word' id='word_1_848' title='bbox 3498 5617 3685 5674; x_wconf 82' lang='lat' dir='ltr'><strong>Domi-</strong></span> 
     </span>
    </p>
   </div>
  </div>
