4138 6396
461 385 566 444 199

1882 377 1939 432 S.
1983 375 2332 432 ΕΡΙΡΗΑΝΙΙ

3643 371 3749 429 200

461 521 587 571 nus,
615 500 763 574 quod
793 507 848 556 et
886 501 1002 572 ipse
1036 497 1440 553 mediocritatis
1481 510 1616 551 mea
1643 495 2056 550 calumniatori-

2174 496 2356 563 ρωνεῖς
2383 496 2496 558 τοῖς
2531 493 2932 563 συκοφαντοῦσι
2959 493 3056 564 τὴν
3090 492 3364 565 ἡμετέραν
3395 491 3747 564 μετριότητα.

461 595 568 650 bus
603 591 948 648 assentiaris.
979 587 1188 644 Deinde
1217 585 1364 640 datis
1399 601 1430 639 a
1471 584 1684 656 synodo
1716 583 1784 637 ad
1819 584 2054 654 impera-

462 693 638 737 torem
688 679 892 734 litteris
942 678 998 731 in
1062 675 1320 731 exsilium
1377 675 1652 744 relegatur
1695 673 2053 726 Athanasius.

461 775 681 830 Absens
713 772 918 844 quippe
943 769 1228 840 depositus
1258 777 1364 832 est,
1389 783 1515 821 cum
1537 767 1603 821 ad
1635 776 1836 821 catera
1863 781 2058 820 recens

464 868 555 921 illa
587 865 851 936 principis
891 861 1226 916 accessisset
1258 858 1508 915 offensio.
1541 859 1839 915 Duodecim
1871 859 2063 928 itaque

460 962 545 1016 vel
581 957 846 1014 tredecim
877 954 1040 1010 annis
1067 953 1122 1008 in
1146 951 1302 1008 Italia
1333 954 1556 1008 mansit.
1586 973 1588 975 >
1663 969 1666 972 ’

533 1137 606 1194 Χ.
661 1136 775 1192 Sub
803 1135 952 1199 hac,
988 1142 1048 1189 ut
1079 1133 1354 1205 frequenti
1389 1132 1675 1187 hominum
1707 1147 1927 1188 rumore
1972 1131 2059 1186 di-

465 1232 747 1302 vulgatum
774 1237 878 1294 est,
897 1227 1167 1283 Arsenius
1205 1227 1316 1290 ille,
1341 1227 1432 1296 qui
1457 1224 1667 1296 pridem
1701 1240 1730 1278 a
1763 1223 2062 1278 calumnia-

466 1322 682 1377 toribus
717 1319 863 1373 inter
898 1324 1146 1372 mortuos
1187 1316 1602 1380 numerabatur,
1638 1315 1836 1384 cuique
1868 1330 2062 1386 ampu-

467 1423 583 1468 tata
631 1426 828 1467 manus
880 1409 1168 1465 dicebatur
1193 1448 1207 1473 ,
1245 1407 1300 1461 in
1331 1407 1535 1463 Arabia
1571 1415 1823 1477 repertus
1877 1414 1976 1461 est.
2010 1405 2062 1462 ls

467 1504 615 1558 enim
673 1502 977 1555 Athanasio
1012 1541 1028 1567 ,
1084 1515 1208 1554 cum
1263 1499 1316 1553 in
1381 1492 1576 1554 exsilio
1637 1497 1818 1551 adhuc
1872 1505 2060 1563 esset,

469 1596 714 1666 seipsum
763 1592 1028 1663 prodidit.
1081 1590 1255 1658 Quem
1299 1591 1387 1645 ille
1417 1590 1593 1654 clam,
1633 1597 1691 1642 ut
1725 1590 2061 1660 accepimus,

480 1687 806 1744 arcessitum
828 1725 843 1750 ,
901 1700 1028 1740 mox
1070 1692 1129 1738 ut
1163 1682 1416 1745 advenit,
1475 1696 1661 1735 coram
1688 1680 1984 1736 Constante
2011 1687 2065 1734 et

469 1779 800 1836 Constantio
831 1778 1182 1835 Constantini
1219 1777 1367 1839 ﬁliis,
1404 1778 1494 1847 qui
1533 1785 1646 1830 tum
1695 1774 1836 1831 forte
1862 1789 2063 1830 conve-

2173 586 2452 641 Ἐντεῦθεν
2496 585 2784 658 συμϐαίνει
2814 584 2975 638 αὐτὸν
3001 582 3189 656 ἐξορίᾳ.
3223 587 3518 640 ὑποπεσεῖν
3557 585 3666 638 ἀπό
3692 602 3751 638 τε

2159 677 2266 730 τῶν
2295 678 2618 748 γραφέντων
2647 677 2754 730 ἀπὸ
2781 677 2881 748 τῆς
2913 678 3132 731 συνόδου
3173 675 3250 747 τῷ
3284 676 3514 747 βασιλεῖ.
3557 677 3752 731 Ἀπόν-

2159 785 2252 833 τος
2293 769 2401 843 γὰρ
2430 769 2597 823 αὐτοῦ
2646 769 2970 839 καθαίρεσιν
3017 769 3297 822 ποιοῦνται
3332 767 3522 833 αὑτοῦ,
3559 769 3654 822 καὶ
3694 767 3755 834 ὲξ

2158 853 2234 914 ῶν
2262 861 2292 912 6
2325 861 2584 932 βασιλεὺς
2616 861 2976 933 παροξυνθεὶς
3000 862 3137 934 πρὸς
3160 859 3322 914 αὑτὸν
3348 861 3617 915 ἐλυπεῖτο.
3643 861 3755 914 Καὶ

2164 953 2318 1024 μένει
2352 955 2410 1006 ὲν
2464 956 2577 1018 τοῖς
2629 955 2822 1026 μέρεσι
2883 955 2983 1025 τῆς
3023 953 3251 1018 Ἰταλίας
3303 953 3415 1026 (61)
3463 954 3556 1007 ἐπὶ
3609 953 3754 1009 ἔτεσι

2161 1045 2333 1099 πλείω
2358 1044 2564 1099 δώδεκα
2590 1046 2623 1118 ἢ
2654 1045 3050 1119 δεκατέσσαρα.

2233 1139 2290 1192 I'.
2345 1137 2520 1201 Πολὺς
2553 1137 2611 1190 δὲ
2664 1138 2961 1210 μετέπειτα
2990 1138 3176 1210 ᾄδεται
3221 1138 3396 1208 λόγος,
3456 1138 3530 1203 ὼς
3566 1137 3758 1210 Ἀρσέ-

2163 1249 2274 1296 νιος
2307 1232 2336 1284 6
2363 1230 2531 1284 πάλαι
2573 1231 2631 1286 ἐν
2676 1231 2934 1285 τεθνεῶσι
2982 1231 3134 1304 παρά
3164 1231 3516 1302 συκοφαντῶν
3549 1249 3755 1300 καταγ-

2163 1323 2505 1394 γελλόμενος,
2541 1323 2637 1376 καὶ
2659 1324 2758 1394 τὴν
2791 1326 2950 1396 χεῖρα
2991 1324 3294 1395 τετμῆσθαι
3329 1323 3637 1394 λεγόμενος,
3669 1321 3758 1376 εὖ·

2167 1432 2328 1486 ρηται
2354 1416 2412 1469 ὲν
2439 1417 2551 1478 τοῖς
2580 1415 2775 1486 μέρεσι
2805 1415 2904 1486 τῆς
2933 1415 3213 1486 Ἀραϐίας.
3239 1417 3349 1469 Καὶ
3388 1416 3464 1480 ὡς
3498 1416 3756 1486 ἀνήγγει-

2165 1509 2256 1562 λεν
2302 1508 2492 1563 ὲαυτὸν
2530 1508 2667 1572 ὅλως
2709 1510 2738 1561 6
2785 1509 3059 1580 Ἀρσένιος
3107 1508 3186 1580 τῷ
3240 1509 3400 1582 πάπα
3450 1507 3758 1578 Ἀθανασίῳ

2166 1603 2280 1656 ὕντι
2315 1605 2373 1656 ὲν
2399 1605 2464 1674 τῇ
2501 1602 2706 1674 ὲξορίᾳ,
2739 1604 2831 1656 καὶ
2865 1603 2960 1656 τοῦ
2993 1605 3144 1658 πάπα
3168 1603 3490 1656 Ἀθανασίου
3533 1601 3756 1672 λεληθό-

2167 1711 2275 1757 τως
2299 1693 2461 1747 αὑτὸν
2499 1693 3018 1764 μεταστειλαμένου,
3052 1692 3128 1756 ὡς
3161 1694 3192 1763 ή
3234 1694 3314 1755 εἰς
3352 1693 3501 1763 ἡμᾶς
3529 1689 3759 1745 ἐλθοῦσα

2170 1789 2325 1856 φήμη
2359 1785 2625 1856 περιέχει,
2668 1787 2761 1839 καὶ
2792 1785 2957 1839 αὐτοῦ
2993 1785 3270 1857 Ἀρσενίου
3311 1785 3446 1857 πρὸς
3475 1783 3567 1837 τὸν
3595 1782 3757 1836 αὑτὸν

469 1880 687 1934 nerant,
706 1873 913 1933 vivum,
936 1880 992 1926 et
1021 1871 1209 1924 ambas
1237 1884 1433 1923 manus
1460 1868 1749 1923 habentem
1779 1867 2061 1937 produxit.

2174 1851 2481 1949 μακαρίτην
2514 1851 2832 1932 Ἀθανάσιον
2870 1851 3183 1948 γενομένου,
3218 1851 3366 1948 ὁμοῦ-
3399 1894 3457 1929 τε
3515 1876 3606 1928 ἐπὶ
3647 1877 3760 1938 τοῖς

470 1963 592 2032 Quo
627 1963 772 2019 facto
818 1979 985 2034 penes
1021 1969 1377 2017 accusatores
1409 1975 1518 2014 non
1553 1959 1717 2015 modo
1755 1959 2064 2024 calumnia,

473 2056 570 2112 sed
620 2057 785 2112 etiam
839 2055 909 2111 ob
955 2054 1334 2109 circumlatam
1389 2053 1536 2108 illam
1585 2053 1786 2108 mortui
1844 2068 2068 2108 manum

473 2150 688 2205 violata
719 2149 1102 2219 sepulcrorum
1149 2147 1432 2220 religionis
1472 2146 1681 2201 crimen
1716 2145 1954 2211 resedit;
2003 2159 2069 2200 ac

472 2241 738 2308 deinceps
775 2239 969 2310 ingens
1003 2237 1151 2293 risus
1184 2253 1251 2294 ex
1307 2237 1402 2291 tali
1443 2243 1706 2306 tantaque
1757 2234 1940 2290 fabula
1965 2275 1980 2300 ,
2014 2242 2070 2291 et

475 2335 769 2390 admiratio
792 2339 1112 2387 consecuta.
1135 2330 1324 2402 Neque
1353 2331 1490 2386 satis
1520 2328 1908 2396 conveniebat,
1935 2330 2069 2401 quid

475 2430 543 2486 de
599 2431 1064 2496 accusatoribus,
1107 2438 1206 2485 aut
1256 2445 1353 2484 reo
1412 2429 1529 2499 ipso
1561 2468 1575 2492 ,
1627 2429 1804 2498 deque
1855 2427 2069 2483 eateris

475 2519 738 2574 omnibus
770 2520 1063 2575 dicendum
1124 2520 1424 2576 videretur.
1461 2519 1595 2585 Qua
1652 2517 1700 2574 si
1751 2519 2070 2589 singillatim

476 2627 706 2666 narrare
737 2613 997 2678 voluero,
1053 2612 1359 2682 longiorem
1400 2612 1710 2666 orationem
1760 2611 2067 2666 instituam.

477 2702 608 2759 Post
636 2703 986 2758 Constantini
1041 2704 1288 2768 obitum,
1321 2702 1658 2759 Athanasius
1711 2702 1808 2773 qui
1856 2718 2070 2758 summa

479 2801 534 2852 in
586 2797 831 2852 omnium
885 2797 1218 2852 auctoritate
1276 2806 1330 2852 et
1378 2797 1590 2868 gratia,
1623 2810 1688 2850 ac
1742 2811 1855 2850 non
1908 2795 2072 2850 modo

481 2890 663 2943 Roma
692 2930 706 2954 ,
744 2888 841 2944 sed.
884 2895 939 2942 et
993 2887 1165 2942 Italia
1214 2887 1384 2943 totius
1413 2926 1429 2952 ,
1462 2886 1573 2940 imo
1611 2892 1667 2940 et
1719 2885 2072 2955 imperatoris

476 2978 712 3049 ejusque
765 2977 1067 3034 liberorum
1102 2977 1422 3034 Constantis
1459 2990 1526 3031 ac
1576 2974 1931 3031 Constantini
1975 2992 2074 3047 ap-

477 3071 808 3144 probatione
839 3068 1095 3133 tlorebat,
1154 3069 1223 3124 ab
1261 3067 1350 3124 his
1390 3068 1607 3123 duobus
1647 3067 2072 3132 imperatoribus

2169 1969 2300 2039 περὶ
2323 1967 2588 2022 Κώνσταν
2619 1969 2714 2022 καὶ
2747 1968 3117 2024 Κωνστάντιον
3148 1971 3263 2033 τοῖς
3305 1970 3440 2031 υἱοῖς
3472 1969 3762 2021 Κώνσταν-

2167 2061 2314 2114 τίνου
2348 2061 2660 2132 γενομένοις
2690 2063 2828 2133 ἅμα,
2871 2064 2900 2116 6
2953 2063 3052 2133 μὲν
3082 2057 3399 2124 Ἀθανάσιος
3431 2061 3521 2114 τὸν
3567 2059 3761 2132 Ἀρσέ-

2169 2167 2281 2204 νιον
2307 2149 2547 2203 ἐδείκνυε
2579 2149 2758 2215 ζῶντά
2792 2167 2873 2217 τε,
2901 2151 2993 2204 καὶ
3021 2149 3114 2203 δύο
3136 2152 3326 2221 χεῖρας
3363 2149 3571 2221 ἔχοντα.
3595 2148 3764 2201 Συκο-

2171 2242 2401 2313 φαντίας
2443 2261 2502 2296 τε
2535 2242 2722 2297 λοιπὸν
2766 2245 2815 2296 οἱ
2860 2244 3154 2314 κατήγοροι
3199 2243 3360 2296 αίτιοι
3397 2242 3456 2294 οὐ
3489 2241 3647 2313 μόνον
3673 2241 3764 2293 εὑ-

2175 2336 2442 2408 ρίσκοντο,
2473 2333 2609 2388 ἀλλά
2652 2333 2746 2387 καὶ¹
2793 2332 3182 2404 τυμϐωρυχίας
3228 2332 3317 2386 διὰ
3358 2334 3456 2404 τήν
3489 2348 3619 2385 ποτε
3658 2348 3762 2384 περ

2174 2426 2536 2499 ριφερομένην
2583 2426 2780 2498 νεκρὰν
2827 2429 3005 2498 χεῖρα.
3046 2424 3327 2479 Ἐντεῦθεν
3375 2424 3438 2478 τὸ
3496 2425 3595 2496 μὲν
3653 2425 3763 2478 πᾶν

2171 2520 2379 2587 γελοῖον
2415 2515 2502 2590 ἦν,
2540 2519 2634 2573 καὶ
2664 2518 2924 2589 ἔκπληξις
2951 2517 3045 2571 τοῦ
3077 2517 3322 2571 τοιούτου
3373 2517 3464 2570 καὶ
3505 2514 3762 2570 τοσούτου

2172 2611 2736 2683 δραματουργήματος
2781 2611 2876 2664 καὶ
2919 2610 3155 2682 ἀπορίας
3202 2611 3243 2677 ⁵,
3275 2610 3337 2663 τὸ
3381 2608 3461 2672 τίς
3505 2608 3572 2662 ἂν
3618 2611 3763 2664 εἴποι

2172 2703 2303 2775 περί
2336 2721 2396 2756 τε
2425 2703 2532 2757 τῶν
2559 2701 3078 2775 κατηγορησάντων,
3111 2701 3238 2774 περί
3288 2719 3349 2754 τε
3392 2701 3488 2754 τοῦ
3532 2716 3766 2771 κατηγο-

2177 2795 2464 2867 ρουμένου,
2516 2794 2644 2866 περί
2699 2811 2759 2847 τε
2811 2794 2919 2847 τῶν
2976 2793 3150 2848 ἀλλων
3205 2792 3447 2856 πάντων,
3492 2785 3567 2846 ὧν
3622 2791 3766 2846 κατά

2177 2889 2342 2960 μέρος
2371 2890 2542 2942 εἰπεῖν
2581 2888 2748 2941 πολὺν
2791 2887 3054 2941 ἀναλώσω
3087 2886 3298 2958 χρόνον.
3330 2886 3766 2959 Τελευτήσαντος

2173 2979 2230 3032 δὲ
2274 2980 2720 3045 Κωνσταντίνου,
2768 2980 2862 3033 τοῦ
2915 2981 3076 3034 πάπα
3123 2979 3445 3033 Ἀθανασίου
3493 2981 3551 3033 ὲν
3599 2979 3764 3050 πολλῇ

2175 3071 2458 3144 παρρησία
2491 3071 2587 3124 καὶ
2634 3071 3003 3142 εὐδοκιμήσει,
3039 3071 3136 3124 καὶ
3175 3069 3420 3135 δεξιώσει
3460 3070 3680 3142 Ῥώμης
3706 3089 3767 3124 τε

478 3171 602 3234 post
631 3169 862 3217 mortem
899 3160 1144 3232 parentis
1175 3160 1232 3214 in
1263 3159 1563 3230 Egyptum
1604 3157 1936 3222 remittitur,
1984 3172 2073 3213 as-

2175 3161 2270 3215 καὶ
2312 3163 2492 3232 πάσης
2526 3160 2783 3225 Ἰταλίας,
2843 3162 2938 3214 καὶ
2988 3160 3124 3233 πρὸς
3174 3161 3339 3216 αὑτὸν
3380 3161 3472 3214 τὸν
3520 3161 3766 3232 βασιλέα,

480 3258 749 3311 sentiente
778 3254 1104 3309 Constantio
1128 3295 1144 3321 ,
1175 3253 1269 3324 qui
1306 3262 1421 3307 tum
1454 3251 1762 3306 Antiochia
1809 3252 2071 3306 versaba-

2176 3254 2268 3306 καὶ
2299 3255 2425 3316 τοὺς
2452 3253 2616 3306 αὐτοῦ
2655 3253 2851 3316 παῖδας
2895 3252 3277 3308 Κωνστάντιον
3303 3254 3396 3308 καὶ
3429 3252 3693 3306 Κώνσταν
3723 3255 3765 3316 ⁹,

480 3352 588 3397 tur.
624 3341 798 3411 Cujus
830 3342 910 3397 rei
941 3341 1139 3397 seriem
1174 3357 1241 3397 ex
1282 3343 1447 3396 trium
1483 3341 1876 3411 imperatorum
1929 3341 2072 3397 datis

479 3431 550 3487 ad
581 3432 1012 3496 Alexandrinos,
1064 3439 1119 3486 et
1140 3429 1510 3487 Athanasium
1543 3431 1726 3502 ipsum
1762 3431 1964 3486 litteris
1989 3431 2075 3486 di-

479 3524 738 3579 dicimus.
777 3522 856 3577 lta
882 3523 974 3578 ille
1003 3522 1122 3579 sedi
1151 3538 1266 3578 sua
1294 3522 1586 3578 restitutus
1619 3529 1724 3587 est,
1758 3532 1884 3592 post
1911 3523 2075 3594 726

479 3617 807 3687 Gregorium
829 3655 844 3681 ,
877 3630 1040 3687 quem
1087 3614 1362 3671 exsulanti
1396 3613 1699 3670 Athanasio
1736 3614 1927 3669 Ariani
1954 3614 2074 3670 suf-

483 3710 750 3764 fecerant.

2175 3342 2564 3397 ἀποστέλλεται
2585 3345 2652 3396 ὲκ
2686 3343 2795 3395 τῶν
2833 3341 2926 3395 δύο
2949 3340 3212 3411 βασιλέων
3250 3341 3391 3412 μετὰ
3409 3342 3510 3412 τὴν
3539 3340 3635 3394 τοῦ
3667 3358 3766 3411 με-

2175 3436 2340 3504 γάλου
2363 3433 2774 3488 Κωνσταντίνου
2802 3433 3081 3505 τελευτὴν,
3115 3434 3461 3487 Κωνσαντίου
3490 3433 3642 3497 ὄντος
3672 3434 3768 3486 ἐπὶ

2175 3527 2272 3598 τῆς
2315 3525 2669 3596 Ἀντιοχείας,
2718 3525 2814 3578 καὶ
2861 3524 3302 3588 συνευδοκοῦντος
3345 3524 3488 3578 ἰδίων
3519 3524 3540 3556 ⁸
3567 3541 3628 3577 τε
3669 3524 3766 3578 καὶ

2176 3618 2470 3690 ἐγγράφων
2528 3616 2859 3671 ἐπιστολῶν·
2918 3617 3072 3689 παρά
3113 3617 3224 3671 τῶν
3275 3616 3442 3689 τριῶν
3496 3615 3765 3688 βασιλέων

2176 3709 2422 3780 ἔγνωμεν
2447 3707 2760 3780 γραφεισῶν
2791 3710 2903 3771 τοῖς
2927 3708 3333 3782 Ἀλεξανδρεῦσι
3367 3708 3464 3762 καὶ
3504 3707 3656 3780 αὐτῷ
3689 3708 3768 3779 τῷ

481 3807 641 3878 πάπᾳ
669 3804 1000 3876 Ἀθανασίῳ·
1034 3804 1130 3858 καὶ
1169 3803 1454 3868 καθέζεται
1500 3802 1661 3856 πάλιν
1703 3804 1783 3867 εἰς
1819 3804 1912 3856 τὸν
1958 3804 2146 3878 θρόνον
2193 3807 2330 3878 μετὰ
2377 3807 2469 3860 τὸν
2511 3804 2888 3877 διαδεξάμενον
2938 3805 3102 3860 αὐτὸν
3161 3805 3266 3859 ὑπὸ
3322 3805 3432 3859 τῶν
3471 3803 3767 3878 ’Δρειανῶν

481 3898 803 3970 πεμφθέντα
833 3897 872 3949 Γ
877 3896 1156 3967 ρηγόριον,
1193 3896 1281 3948 ὅτε
1314 3890 1382 3966 ἦν
1424 3896 1482 3947 ὲν
1530 3896 1593 3964 τῇ
1629 3893 1816 3967 ὲξορίᾳ
1850 3894 2194 3963 Ἀθανάσιος.

555 3988 645 4044 Xl.
682 3985 789 4043 Sed
835 4004 1056 4043 rursum
1098 4002 1253 4042 nova
1286 3987 1362 4041 illi
1399 3986 1576 4040 turba
1623 4001 1687 4040 ac
1723 3988 2014 4044 calumnia
2039 4005 2071 4044 a

486 4082 768 4152 Stephano
799 4080 1029 4151 ejusque
1078 4079 1309 4136 asseclis
1344 4078 1488 4150 apud
1520 4077 1906 4135 Constantium
1940 4096 2076 4136 eon-

483 4171 645 4237 llata,
677 4171 880 4241 quibus
905 4171 1088 4226 denuo
1117 4169 1186 4225 de
1213 4169 1344 4225 sede
1367 4183 1466 4225 sua
1497 4170 1690 4239 pulsus
1716 4178 1822 4226 est.
1855 4171 2080 4226 lterum-

485 4281 594 4336 que
621 4263 888 4319 Leontius
915 4264 1206 4318 eunuchus
1235 4262 1389 4316 illum
1415 4277 1541 4316 eum
1576 4262 1696 4317 suis
1734 4263 1838 4316 alia
1869 4262 2079 4317 machi-

485 4357 710 4412 natione
745 4355 1020 4428 perculit,
1051 4370 1152 4426 per
1183 4370 1348 4425 quam
1387 4353 1597 4424 ejectus
1627 4393 1642 4420 ,
1675 4369 1739 4409 ac
1765 4353 1962 4410 deinde
1987 4369 2078 4408 re-

487 4452 714 4506 stitutus
763 4457 894 4515 est;
935 4463 1065 4502 nam
1131 4462 1258 4502 eum
1308 4445 1580 4517 Georgius
1633 4461 1665 4499 a
1718 4445 2080 4501 Constantino

2238 3991 2338 4044 lA’.
2369 3989 2538 4043 Πάλιν
2560 3990 2616 4044 δὲ
2646 3988 3049 4060 συνεσκευάσθη
3079 3989 3214 4061 πρὸς
3249 3991 3626 4045 Κωνστάντιον
3659 3992 3768 4045 ἀπὸ

2178 4081 2287 4135 τῶν
2336 4083 2465 4152 περὶ
2514 4081 2806 4151 Στέφανον,
2863 4081 2956 4134 καὶ
3002 4079 3274 4149 ἐξεώσθηο
3324 4080 3420 4134 καὶ
3467 4082 3767 4151 μετέπειτα

2182 4172 2345 4226 πάλιν
2381 4172 2784 4242 συνεσκευάσθη
2811 4172 2918 4226 ἀπὸ
2945 4171 3052 4224 τῶν
3084 4172 3211 4241 περὶ⁸
3243 4171 3492 4225 Λεόντιον
3517 4172 3608 4226 τὸν
3632 4173 3764 4226 ἀπδ-

2184 4282 2373 4329 κοπον,
2402 4266 2496 4318 καὶ
2546 4265 2672 4329 τοὺς
2709 4265 2827 4336 ἅμα
2872 4266 3076 4328 αὐτοῖς.
3108 4264 3301 4318 Ἔνθεν
3351 4266 3558 4334 ἐγίνετο
3609 4266 3768 4320 ⁶ιιῦτὸν

2187 4357 2563 4418 ἐκϐάλλεσθαι,
2601 4357 2695 4411 καὶ
2737 4358 2899 4411 πάλιν
2941 4358 3308 4429 εἰσφέρεσθαι.
3350 4356 3620 4430 Γεώργιος
3659 4360 3766 4430 γὰρ

2187 4449 2292 4502 ὑπὸ
2318 4447 2695 4502 Κωνσταντίου
2737 4448 3147 4515 ἀποστέλλεται,
3181 4449 3276 4502 καὶ
3305 4449 3579 4520 ὑποχωρεῖ
3613 4450 3771 4504 Ἀθαυ

488 4543 694 4598 missus
721 4549 908 4607 esset,
948 4538 1292 4593 Athanasius
1343 4537 1471 4608 fuga
1504 4552 1564 4592 se
1602 4536 1917 4592 subducens
1973 4537 2073 4592 ali-

2181 4542 2384 4605 νάσιος,
2434 4541 2657 4612 κρυόεὶς
2700 4541 2890 4613 χρόνον
2929 4541 3071 4603 τινὰ,
3121 4541 3226 4605 ἓως
3265 4543 3353 4595 ὅτε
3408 4543 3436 4594 6
3494 4541 3768 4614 Γεώργιος

488 4634 733 4704 quandiu
764 4632 1022 4697 delituit,
1058 4631 1235 4686 donec
1267 4629 1540 4700 Georgius
1588 4628 1910 4685 interfectus
1949 4638 2074 4686 est:

489 4740 599 4796 quo
649 4734 892 4794 tempore
938 4722 1194 4778 Julianus
1245 4721 1590 4792 imperabat,
1634 4722 1728 4792 qui
1764 4729 1889 4792 post
1933 4722 2079 4777 Con-

491 4814 683 4871 stantii
715 4815 927 4869 obitum
975 4813 1043 4868 ad
1082 4813 1367 4884 gentilium
1409 4813 1857 4884 superstitionem
1898 4813 2081 4868 desci-

487 4919 666 4966 verat.
718 4909 935 4965 Etenim
973 4906 1334 4963 Alexandrini
1370 4904 1665 4976 Georgium
1709 4914 1892 4961 vetere
1925 4907 1982 4960 in
2013 4906 2080 4960 il-

491 5005 604 5058 lum
645 5002 772 5058 odio
814 5007 1114 5071 concepto,
1145 4999 1392 5054 occisum
1437 5005 1899 5061 concremarunt,
1929 4997 2080 5067 ejus-

491 5112 600 5167 que
649 5096 866 5151 ciueres
914 5095 971 5149 in
1021 5099 1218 5149 ventos
1254 5101 1599 5162 sparserunt.
1631 5087 1829 5146 Postea
1857 5089 2079 5146 Juliano

493 5190 548 5243 in
579 5188 808 5245 Perside
848 5195 1090 5253 mortuo,
1125 5183 1391 5247 Iovianus
1429 5185 1608 5240 felicis
1640 5185 1915 5239 memoria
1946 5199 2077 5238 suc-

492 5274 680 5338 cessit.
706 5281 811 5348 Qui
841 5279 1442 5346 honoriﬁcentissimis,
1469 5277 1708 5348 fideique
1739 5277 2078 5347 plenissimis

2183 4633 2453 4707 ἀνῃρέθη·
2505 4633 2564 4686 ὲν
2610 4625 2655 4701 ᾧ
2704 4634 2880 4704 χρόνῳ
2936 4633 3282 4689 ἐϐασίλευσεν
3329 4635 3634 4701 Ἰουλιανὸς,
3674 4640 3768 4692 καὶ

2185 4727 2265 4789 είς
2309 4723 2661 4795 Ἐλληνισμὸν
2716 4725 2927 4797 ἐτράπη
2981 4725 3119 4796 μετὰ
3159 4727 3260 4797 τὴν
3306 4728 3566 4798 τελευτὴν
3615 4731 3773 4784 Κων-

2187 4815 2455 4870 σταντίου·
2496 4816 2888 4888 Ἀλεξανδρέων
2927 4815 3034 4888 γὰρ
3084 4818 3244 4888 μῆνιν
3289 4821 3648 4891 τηρησάντων
3691 4821 3767 4892 τῷ

2184 4906 2464 4981 Γεωργίῳ,
2511 4907 2697 4961 τοῦτον
2749 4909 3110 4976 ἀπέκτειναν,
3155 4911 3251 4964 καὶ
3294 4911 3632 4976 καύσαντες,
3677 4914 3767 4967 καὶ

2185 5001 2390 5071 τέφραν
2420 5001 2764 5070 ποιήσαντες,
2798 5002 2877 5064 είς
2928 5002 3162 5072 ἀνέμους
3203 5003 3555 5074 ὲσκόρπισαν.
3609 5005 3768 5059 Ἀπο-

2186 5095 2432 5157 θανόντος
2451 5094 2508 5146 δὲ
2531 5093 2624 5146 τοῦ
2654 5093 2942 5147 Ἰουλιανοῦ
2968 5096 3024 5149 ὲν
3046 5097 3112 5166 τῇ
3135 5097 3378 5166 Περσίδι,
3405 5097 3499 5150 καὶ
3522 5097 3767 5164 διαδεξα-

2187 5189 2347 5257 μένου
2389 5186 2451 5240 τὸ
2501 5185 2770 5256 βασίλειον
2808 5184 3064 5240 Ἰοϐιανοῦ
3107 5187 3203 5241 τοῦ
3253 5189 3581 5261 μακαρίτου,
3629 5189 3762 5260 μετὰ

2183 5276 2385 5349 πολλῆς
2427 5278 2618 5348 τιμῆς,
2654 5277 2750 5332 καὶ
2792 5278 3121 5346 ἀξιοπίστων
3153 5281 3496 5351 γραμμάτων
3522 5281 3762 5353 γράψαν-

567 5421 581 5452 ¹
612 5418 676 5474 F.
707 5417 930 5493 ἀπορία.
1002 5419 1025 5451 ²
1055 5417 1119 5472 ιθ.
1152 5419 1563 5473 Κωνσταντῖνον
1587 5416 1987 5483 Κωνστάντιον,
2015 5433 2073 5472 κο

2174 5416 2393 5472 ,ώνσταν
2425 5434 2439 5484 ;
2473 5416 2569 5473 sed
2608 5417 2726 5473 hac
2749 5426 3028 5487 corrupta.
3105 5415 3126 5448 ³
3149 5414 3209 5470 F.
3244 5415 3321 5480 ὡς
3347 5415 3407 5480 ἐξ
3431 5415 3495 5470 ίδ.

568 5573 679 5646 (61)
712 5576 821 5630 Καὶ
838 5577 1007 5645 μένει
1040 5576 1111 5630 ἐν
1137 5576 1262 5642 τοῖς
1294 5575 1505 5646 μέρεσι
1525 5577 1638 5645 τῆς
1668 5576 1938 5643 Ἰταλίας.
1969 5574 2076 5632 Ne-

496 5660 603 5714 que
643 5646 775 5701 illud
804 5663 993 5701 verum
1023 5654 1130 5709 est,
1183 5654 1267 5702 tot
1303 5663 1480 5702 annos
1507 5649 1564 5702 in
1587 5647 1778 5702 Galliis
1807 5647 2074 5714 hasisse;

502 5731 610 5769 non
667 5716 811 5769 enim
869 5717 1106 5786 amplius
1162 5733 1326 5786 quam
1382 5734 1559 5774 annos
1613 5735 1674 5779 ιι,
1734 5733 1952 5772 menses
1997 5733 2072 5782 IV,

498 5786 786 5846 exsulavit,
815 5794 874 5839 ut
903 5796 1131 5843 testatur
1153 5787 1845 5843 TheodoretusNideAnn.
1869 5787 2073 5843 Eccles.

500 5856 720 5912 an.'538.
751 5854 977 5928 Reliqua
1012 5859 1350 5916 narrationis
1383 5859 1568 5931 hujus,
1599 5874 1720 5930 quae
1747 5858 1801 5914 in
1824 5859 2075 5930 sequenti

2183 5589 2416 5632 numero
2467 5574 2611 5630 haud
2644 5575 2861 5630 sincera
2893 5581 3046 5637 sunt,
3079 5571 3338 5629 Historiis
3371 5572 3762 5630 ecclesiastici!

2182 5655 2238 5701 et
2273 5645 2569 5700 Annalibus
2624 5645 2951 5699 Baronianis
2991 5647 3113 5700 luce
3159 5644 3395 5698 clariora
3447 5652 3601 5700 sunt.
3631 5644 3762 5710 Qua

2184 5725 2242 5771 tu
2271 5717 2422 5770 illinc
2448 5724 2683 5786 repetes.
2719 5714 2836 5769 Sub
2875 5715 3237 5786 Constantino
3267 5716 3603 5786 imperatore
3635 5723 3761 5786 ante

2180 5783 2574 5857 relegationem
2623 5785 2936 5853 Athanasii,
2971 5784 3188 5842 Arsenii
3250 5783 3445 5840 drama
3509 5785 3761 5858 contigit,

2182 5874 2293 5914 non
2327 5865 2451 5929 post
2483 5858 2636 5915 illius
2671 5858 2902 5913 obitum.
