4138 6396
339 421 448 479 2M

1087 417 1460 475 ADVERSUS
1494 413 1836 472 IMZRESES
1873 411 1999 470 LIB.
2036 413 2100 469 II.
2143 415 2309 473 TOM.
2351 419 2504 474 ll.—
2543 418 2816 476 HERES.
2853 421 3042 478 LXIX.

3501 423 3608 483 20‘!

341 556 438 602 τος
478 536 558 608 τῷ
586 535 870 608 ἐπισκόπῳ
907 535 1239 608 Ἀθανασίῳ,
1273 538 1371 590 καὶ
1405 533 1917 609 μεταστειλαμένου,

2035 533 2233 593 litteris
2259 536 2326 591 ad
2358 538 2718 593 Athanasium
2751 539 2992 609 scriptis,
3019 538 3086 594 ad
3129 553 3251 595 sese
3276 539 3428 594 illum
3479 555 3608 594 evo-

339 627 825 700 περιπτυξαμένου
857 645 917 681 τε
945 629 1129 695 αὐτὸν,
1161 630 1256 682 καὶ
1275 631 1696 694 ἀποστείλαντος
1729 630 1809 691 είς
1836 629 1926 684 τὸν

341 720 480 773 [διον
503 719 724 791 θρόνον,
766 718 928 772 πάλιν
958 719 1340 792 ἀπολαϐούσης
1375 722 1476 793 τῆς
1511 723 1672 791 ἁγίας
1703 721 1927 791 Ἐκκλη-

339 812 471 876 σίας
498 813 591 865 τὸν
615 811 936 873 ἐπίσκοπον,
969 813 1065 864 καὶ
1094 812 1229 882 πρὸς
1251 812 1430 879 ὀλίγον
1456 812 1922 884 παρακληθείσης,

336 902 767 973 τελευτήσαντος
801 902 900 956 τοῦ
927 902 1208 967 Ἰοϐιανοῦ,
1250 904 1309 958 ἐν
1337 907 1451 967 τοῖς
1488 905 1671 968 αὐτοῖς
1710 904 1870 958 πάλιν
1897 907 1926 958 ό

342 994 620 1066 μακάριος
651 993 969 1058 Ἀθανάσιος
999 994 1284 1076 διωγμοῖς,
1318 996 1417 1050 καὶ
1448 999 1687 1068 φήμαις,
1715 998 1807 1051 καὶ
1828 1014 1924 1050 τα-

341 1088 543 1155 ραχαῖς
564 1085 812 1157 ἐφέρετο.
835 1086 910 1140 Οὐ
943 1085 1050 1158 μὴν
1075 1087 1182 1139 ἀπὸ
1214 1087 1314 1157 τῆς
1342 1087 1672 1158 Ἐκκλησίας
1704 1087 1798 1140 καὶ
1827 1087 1923 1140 τοῦ

339 1176 536 1248 θρόνου
598 1178 956 1248 μετεκινήθη·
1013 1176 1409 1249 Ἀλεξανδρέων
1467 1178 1525 1231 δὲ
1579 1178 1922 1250 πρεσϐευσα-

341 1271 529 1340 μένων
558 1270 696 1342 ὑπὲρ
720 1270 886 1324 αὑτοῦ
905 1310 920 1331 ,
959 1270 1054 1324 καὶ
1084 1271 1263 1340 πάσης
1299 1273 1400 1342 τῆς
1441 1270 1650 1334 πόλεως
1686 1269 1923 1335 ἀξιωσά-

339 1378 469 1432 σης,
495 1359 636 1431 μετά
662 1362 679 1392 ¹
704 1361 797 1413 τὸν
821 1360 1071 1426 Λούκιον,
1097 1363 1194 1415 καὶ
1217 1361 1308 1415 τὸν
1337 1361 1432 1416 νῦν
1451 1361 1509 1416 Ἀ
1521 1362 1728 1431 ρειανὸν
1757 1379 1926 1415 κατα-

339 1453 609 1523 σταθῆναι
629 1453 724 1506 ὲπὶ
753 1451 932 1524 ξένης,
954 1452 1097 1523 τάχα
1129 1453 1187 1505 δέ
1211 1455 1232 1485 ¹
1262 1453 1581 1524 Ἀντιοχείᾳ,
1612 1453 1708 1508 καὶ
1727 1453 1924 1506 πολλά-

336 1563 431 1610 at;
463 1545 927 1618 παρακαλέσαντα
967 1545 1061 1600 τὸν
1106 1545 1328 1616 βασιλέα
1370 1547 1644 1602 Οὐάλεντα
1685 1548 1924 1602 ἀποστα-

337 1636 504 1708 λῆναι
538 1640 618 1698 είς
636 1637 726 1690 τὸν
745 1640 846 1710 τῆς
872 1637 1278 1710 Ἀλεξανδρείας
1303 1639 1511 1710 θρόνον,
1541 1641 1634 1693 καὶ⁵
1653 1638 1816 1694 αὐτοῦ
1836 1640 1923 1693 διὰ

333 1731 444 1802 τὴν
478 1729 588 1783 τῶν
612 1729 761 1783 λαῶν
789 1731 1033 1802 ταραχὴν
1069 1733 1143 1804 μὴ
1192 1731 1538 1804 βουληθέντος
1576 1733 1736 1787 αὑτὸν
1762 1731 1924 1798 ἐξεῶ-

339 1838 456 1876 σαι.
487 1813 669 1894 Πέρας
700 1820 754 1890 τ’
783 1816 896 1884 οὖν,
917 1822 1005 1875 ὅτε
1038 1821 1292 1876 ἐτελεύτα
1314 1826 1342 1877 ὁ
1366 1824 1552 1887 πάπας
1580 1823 1918 1889 Ἀθανάσιος,

2032 641 2205 694 cans,
2263 639 2386 698 post
2431 630 2858 687 humanissimos
2929 632 3250 702 complexus
3299 631 3369 686 ad
3419 631 3605 686 sedem

2033 733 2187 772 suam
2215 719 2441 777 dimisit.
2481 723 2557 776 Ita
2589 732 2779 778 sancta
2807 723 3072 788 Ecclesia,
3105 724 3364 793 episcopo
3386 739 3488 779 suo
3515 737 3605 776 re-

2032 818 2211 878 cepto,
2244 812 2494 865 nonnihil
2522 813 2704 867 solatii
2737 812 2946 867 habuit.
3002 810 3204 868 Verum
3257 819 3474 867 mortuo
3504 808 3604 866 Jo-

2033 901 2217 966 viano,
2253 902 2446 958 iisdem
2479 920 2699 960 rursum
2731 903 3070 960 Athanasius
3109 904 3387 973 periculis,
3413 918 3478 958 ac
3504 919 3603 957 ru-

2032 992 2277 1047 moribus
2317 1003 2370 1049 et
2400 995 2579 1052 turbis
2611 995 2919 1052 conﬂictari
2961 997 3145 1066 coepit.
3176 996 3502 1066 Quanquam
3533 995 3602 1052 de

2031 1080 2273 1138 Ecclesia
2307 1099 2372 1138 ac
2423 1086 2552 1142 sede
2601 1100 2700 1142 sua
2751 1086 2979 1141 minimc
3029 1085 3278 1155 dejectns
3311 1093 3412 1141 est.
3463 1081 3602 1138 Nam

2028 1173 2528 1232 Alexandrinorum
2557 1178 2752 1234 civitas
2787 1178 3044 1234 universa
3070 1178 3340 1248 publicam
3375 1191 3474 1248 pro
3510 1176 3603 1230 illo

2029 1263 2356 1336 legationem
2391 1283 2455 1324 ac
2504 1269 2964 1340 supplicationem
3010 1261 3290 1335 decrevit;
3348 1283 3472 1323 cum
3525 1269 3605 1322 in-

2030 1357 2187 1411 terim
2232 1357 2438 1415 Lucins
2491 1375 2560 1416 ex
2600 1361 2805 1416 Ariana
2855 1361 3133 1425 factione,
3179 1361 3278 1430 qui
3335 1359 3603 1430 hodieque

2029 1445 2215 1513 sedet,
2262 1449 2553 1518 peregrina
2610 1449 2666 1504 in
2717 1449 2940 1521 regione
2981 1463 3076 1512 ac,
3104 1447 3210 1502 nisi
3255 1447 3449 1511 fallor,
3489 1446 3605 1500 An-

2028 1536 2245 1593 tiochiae
2282 1547 2501 1596 creatus
2534 1541 2826 1611 episcopus
2852 1581 2870 1608 ,
2914 1541 3144 1595 multum
3184 1537 3331 1610 apud
3366 1539 3600 1607 impera-

2027 1636 2201 1682 torem
2235 1627 2516 1685 Valentem
2548 1632 2823 1694 instaret,
2856 1637 2916 1684 ut
2951 1627 3373 1684 Alexandrinam
3407 1627 3476 1680 ad
3510 1641 3600 1681 se-

2027 1719 2150 1774 dem
2181 1720 2511 1786 mitteretur,
2539 1722 2834 1792 imperator
2867 1737 2996 1777 vero
3029 1721 3344 1791 popularem
3376 1719 3600 1775 seditio-

2027 1826 2151 1865 nem
2185 1813 2394 1869 veritus
2420 1813 2693 1884 expellere
2725 1814 3013 1869 noluisset.
3044 1811 3288 1866 Tandem
3316 1824 3448 1865 vero
3477 1818 3601 1880 post

336 1885 625 1983 ἀπεστάλη
667 1885 916 1978 Λούκιος,
957 1913 1128 1968 πολλά
1176 1915 1322 1968 κοικά
1358 1885 1730 1986 ἐνδειξάμενος
1759 1919 1827 1986 τῇ

2026 1905 2308 1961 Athanasii
2338 1913 2569 1962 mortem
2608 1905 2924 1962 submissus
2964 1911 3049 1960 est
3090 1903 3296 1958 Lucius
3319 1944 3334 1970 ,
3373 1901 3466 1972 qui
3497 1885 3601 1956 Ec-

335 2005 662 2076 Ἐκκλησία,
687 2008 756 2077 τῇ
788 2023 848 2058 τε
878 2005 1052 2070 πόλει,
1084 2008 1195 2070 τοῖς
1226 2006 1393 2072 λαοῖς,
1436 2010 1549 2071 τοῖς
1585 2009 1922 2071 ἐπισκόποις,

335 2101 455 2160 τοῖς
493 2098 777 2169 κληρικοῖς
821 2100 934 2160 τοῖς
969 2097 1074 2150 ὑπὸ
1095 2098 1418 2152 Ἀθανασίου
1452 2095 1593 2164 οὖσι,
1634 2100 1727 2153 καὶ
1764 2099 1925 2153 αὐτὸν

337 2191 399 2243 ἐν
434 2190 640 2262 ἑκάστῃ
665 2191 965 2262 Ἐκκλησία
999 2189 1399 2262 διαδεξαμένοις
1418 2191 1459 2257 ³,
1496 2192 1591 2245 καὶ
1628 2191 1820 2262 Πέτρῳ
1847 2191 1925 2263 τῷ

339 2283 484 2353 μετά
539 2283 858 2336 Ἀθανάσιον
911 2283 1306 2337 κατασταθέντι
1362 2284 1590 2354 διαδόχῳ
1645 2283 1812 2338 αὑτοῦ
1866 2285 1925 2337 ἐν

335 2373 742 2446 Ἀλεξανδρείᾳ.
1489 2375 1506 2392 ⁸

409 2464 599 2517 Ταῦτα
624 2465 730 2530 ἐως
761 2466 861 2538 τῆς
899 2465 1060 2536 δεῦρο
1101 2466 1434 2536 πέπρακται,
1474 2465 1581 2519 τῶν
1629 2465 1728 2536 μὲν
1757 2465 1928 2537 ἐξορι-

337 2553 581 2608 σθέντων
616 2554 929 2608 ἐπισκόπων
966 2573 1024 2609 τε
1072 2558 1165 2611 καὶ
1204 2557 1588 2628 πρεσϐυτέρων
1620 2557 1713 2610 καὶ
1743 2557 1927 2611 διακό-

335 2665 470 2711 νων,
511 2647 685 2702 ἄλλων
713 2648 769 2702 δὲ
804 2649 1104 2719 κεφαλικὴν
1147 2649 1417 2720 τιμωρίαν
1447 2649 1793 2702 ὑποστάντων
1833 2651 1925 2703 ἐπὶ

335 2739 443 2809 τῆς
490 2738 937 2811 Ἀλεξανδρείας,
999 2741 1204 2810 ἑτέρων
1261 2740 1320 2794 δὲ
1379 2740 1920 2812 θηριομαχησάντων,

335 2829 791 2901 παρθενευουσῶν
836 2832 893 2886 δὲ
933 2832 1402 2899 ἀποκτανθεισῶν,
1441 2836 1537 2888 καὶ
1583 2835 1793 2888 πολλῶν
1832 2835 1926 2889 άλ-

336 2921 447 2975 λων
477 2923 854 2994 ἀπολομένων.
895 2924 985 2979 Ἐν
1041 2926 1254 2990 τούτοις
1300 2926 1380 2980 ἔτι
1425 2927 1583 2999 δεῦρο
1625 2928 1846 2999 φέρεται
1888 2929 1920 2998 ἡ

336 3012 642 3084 Ἐκκλησία
687 3013 782 3067 τοῦ
824 3015 981 3079 θεοῦ,
1013 3016 1119 3070 ἀπὸ
1161 3018 1261 3088 τῆς
1296 3018 1698 3090 προειρημένης
1731 3019 1925 3072 ὑποθέ-

337 3119 482 3166 σεως
523 3104 632 3157 τῶν
670 3104 1018 3160 Μελετιανῶν
1067 3109 1162 3160 καὶ
1203 3107 1314 3161 τῶν
1341 3108 1658 3179 Ἀρειανῶν,
1701 3109 1808 3163 τῶν
1835 3111 1922 3164 διὰ

2026 1997 2274 2062 clesiam,
2301 1999 2574 2054 civitatem
2596 2039 2612 2065 ,
2641 1999 2874 2070 plebem,
2906 1997 3196 2067 episc0pos
3245 2010 3310 2049 ac
3365 1994 3597 2050 clericos

2027 2092 2305 2150 Athanasii
2366 2093 2652 2156 fautores,
2692 2099 2749 2146 et
2799 2090 2894 2160 qui
2954 2091 3007 2145 in
3058 2088 3288 2160 singulis
3335 2085 3599 2142 Eeclesiis

2025 2184 2465 2242 communionem
2530 2197 2656 2238 cum
2721 2182 2817 2237 illo
2867 2180 3222 2243 retinebant,
3275 2192 3488 2234 necnon
3541 2187 3598 2232 et

2025 2276 2244 2332 Petrum
2277 2278 2458 2347 ipsum
2512 2275 2801 2331 Athanasii
2860 2287 3239 2330 successorem
3294 2271 3596 2327 innumeris

2024 2367 2187 2420 malis
2217 2366 2416 2421 all'ecit.
3683 2435 3688 2438 _

2095 2454 2223 2510 Haec
2271 2463 2442 2516 sunt,
2498 2468 2620 2524 quae
2673 2453 2742 2508 ad
2788 2452 3110 2508 hodiernum
3171 2466 3346 2522 usque
3381 2457 3596 2522 tempus

2025 2547 2372 2613 Alexandriae
2409 2556 2538 2602 sunt
2593 2554 2776 2617 gesta:
2825 2544 2917 2600 ubi
2971 2543 3246 2615 episcopi,
3293 2544 3594 2615 presbyteri

2023 2645 2080 2692 et
2109 2637 2324 2691 diaconi
2374 2637 2572 2707 partim
2609 2636 2831 2705 relegati
2860 2673 2876 2699 ,
2911 2635 3106 2705 partim
3140 2634 3358 2704 capitali
3392 2634 3598 2705 suppli-

2024 2728 2111 2784 cio
2142 2727 2390 2793 multati,
2421 2727 2582 2798 ’127
2614 2728 2810 2796 partim
2835 2725 2902 2780 ad
2931 2726 3138 2781 bestias
3165 2725 3448 2789 damnati;
3483 2726 3594 2780 vir-

2023 2822 2178 2891 gines
2205 2835 2369 2890 porro
2401 2834 2574 2874 sacra
2615 2835 2740 2874 cum
2790 2819 3067 2890 plerisque
3094 2818 3219 2874 aliis
3270 2817 3588 2874 interfecta.

2024 2911 2155 2978 Quae
2183 2910 2402 2982 quidem
2432 2911 2770 2966 calamitates
2816 2911 3113 2966 etiamnum
3162 2908 3461 2965 Ecclesiam
3499 2909 3596 2964 Dei

2023 3010 2299 3071 exercent,
2333 3019 2399 3057 ex
2447 3018 2510 3057 ea
2559 3017 2726 3072 quam
2779 3001 3011 3072 exposui
3074 3000 3491 3056 Meletianornm
3539 3011 3596 3056 et

2022 3095 2349 3149 Arianorum
2389 3095 2626 3149 coitione
2652 3094 2962 3149 concitatae.
2995 3091 3100 3160 Qui
3133 3092 3356 3163 quidem
3402 3092 3592 3147 Ariani

333 3196 598 3250 τοιούτων
645 3197 863 3268 τρόπων
907 3199 1220 3269 ἐσχηκότων
1270 3202 1369 3272 τὴν
1423 3203 1632 3264 στάσιν,
1689 3203 1784 3255 κα)⁸
1827 3202 1917 3257 τοῦ

2026 3185 2128 3240 hac
2159 3187 2370 3241 ratione
2396 3186 2647 3251 stabiliti,
2677 3186 2837 3256 impii
2858 3185 3127 3256 dogmatis
3147 3185 3440 3239 factionem
3461 3187 3594 3239 ’cor-

332 3287 621 3358 ἐνισχῦσαι
653 3289 714 3341 τὸ
744 3289 878 3343 αὐτὸ
919 3289 1168 3362 σύστημα
1205 3291 1306 3362 τῆς
1330 3292 1667 3357 κακοδοξίας,
1702 3294 1843 3365 φημὶ
1865 3295 1917 3348 δὲ

2025 3279 2375 3336 roborarunt.
2414 3278 2521 3334 Sed
2555 3279 2670 3334 haec
2721 3278 2907 3334 omnia
2959 3280 3013 3334 in
3049 3279 3297 3349 proxima
3324 3277 3593 3333 adversus

335 3376 656 3447 Ἀρειανῶν.
687 3377 780 3432 Ἐν
824 3380 990 3468 δὲδτῷ
1017 3382 1159 3434 κατά
1183 3383 1394 3454 Ἀρείου
1429 3384 1634 3455 ἐλέγχῳ
1663 3385 1806 3438 κατὰ
1830 3386 1920 3439 λε-

332 3468 473 3521 πτὸν
499 3470 629 3540 περὶ
650 3469 866 3524 πάντων
887 3469 1276 3543 διηγησόμεθα.
1309 3475 1720 3548 Ὑπερϐἠσομαι
1744 3479 1800 3532 δὲ
1826 3481 1920 3533 καὶ

329 3559 546 3632 ταύτην
573 3561 670 3633 τὴν
705 3561 963 3617 ὑπόθεσιν
984 3582 996 3594 ·
1027 3565 1118 3618 ἐπὶ
1153 3565 1208 3618 δὲ
1250 3565 1420 3637 αὐτὴν
1445 3569 1543 3638 τὴν
1577 3568 1685 3622 τῶν
1709 3571 1921 3642 Ἀρειαο

331 3652 443 3706 νῶν
469 3653 684 3725 αἵρεσιν
709 3657 1136 3728 παρελεύσομαι,
1168 3657 1300 3712 Θεὸν
1336 3660 1760 3725 ἐπικαλούμενος
1795 3662 1919 3733 βοη-

332 3745 429 3799 θὸν
455 3746 539 3817 τῷ
565 3748 781 3820 φοϐερῷ
815 3750 988 3821 τούτῳ
1007 3752 1100 3803 καὶ
1125 3752 1484 3824 πολυκεφάλῳ
1512 3753 1727 3825 ἑρπετῷ
1781 3755 1918 3826 πρὸς

333 3839 522 3910 μάχην
549 3840 804 3905 πελάζειν
831 3845 1260 3914 παρερχόμενος.

655 3955 844 4008 ΚΑΤΑ
881 3957 1016 4010 ΤΩΝ
1056 3958 1578 4012 ΑΡΕΙΟΜΑΝῘΤΩΝ
1588 4001 1601 4024 ,

323 4045 565 4117 Αἵρεσις
613 4047 1072 4173 τεσσαρακοστὲὴ
1112 4050 1296 4138 ἐνάτη
1317 4090 1333 4116 ,
1386 4053 1424 4119 ἡ
1470 4053 1567 4107 καὶ
1609 4053 1913 4124 ἑξηκοστὴ

1051 4137 1217 4173 ram.

1051 4137 1217 4187 νατη.

403 4214 482 4264 A'.
520 4211 755 4274 Τούτους
783 4213 910 4275 τοὺς
934 4214 1062 4284 περὶ
1092 4213 1182 4267 τὸν
1213 4213 1477 4267 Μελέτιον
1503 4215 1595 4269 καὶ
1631 4214 1724 4268 τοῦ
1754 4217 1912 4285 ἁγίου

328 4305 546 4374 Πέτρου
593 4304 1000 4379 Ἀλεξανδρείας
1055 4307 1355 4360 ἐπισκόπου
1403 4308 1625 4378 χρόνους
1679 4309 1914 4380 καθεξῆς

327 4397 638 4468 διαδέχεται
679 4399 893 4468 ’Ἄρειος
939 4398 1032 4451 καὶ
1073 4399 1121 4450 οἱ
1162 4399 1257 4450 ἀπ’
1292 4399 1458 4452 αὐτοῦ
1515 4401 1817 4469 Ἀρειανοὶ,
1855 4403 1912 4456 ἐν

327 4489 547 4562 χρόνοις
579 4489 838 4560 ἀκμάσας
885 4488 1234 4560 Ἀλεξάνδρου
1266 4490 1360 4542 τοῦ
1401 4491 1558 4559 ἁγίου
1589 4491 1910 4557 ἐπισκόπου,

2022 3369 2210 3424 Arium
2261 3369 2633 3438 disputatione
2671 3368 2984 3423 accuratius
3033 3376 3197 3423 erunt
3248 3367 3588 3437 explicanda,

2022 3459 2089 3514 ad
2122 3474 2309 3530 quam,
2345 3460 2602 3530 praesenti
2623 3458 2940 3513 narratione
2969 3457 3259 3528 praeterita,
3285 3471 3591 3513 sermonem

2019 3549 2299 3604 conferam
2327 3590 2342 3616 ,
2394 3549 2686 3619 implorata
2731 3548 2884 3619 prius
2930 3562 3034 3618 ope
3081 3545 3206 3614 Dei,
3257 3562 3419 3619 quam
3466 3562 3590 3602 cum

2022 3639 2271 3695 horribili
2321 3638 2416 3694 illo
2467 3653 2532 3692 ac
2584 3638 2897 3709 multicipiti
2939 3649 3192 3708 serpente
3222 3638 3278 3692 in
3313 3645 3592 3694 certamen

2017 3729 2365 3787 descendam.

2397 3951 2680 4008 CONTRA
2717 3950 3189 4006 ARIOMANITAS
3208 3990 3223 4014 ,

2229 4042 2360 4108 Quae
2391 4053 2468 4097 est
2497 4042 2711 4096 hwresis
2741 4040 2925 4095 XLIX
2950 4081 2966 4107 ,
3001 4043 3108 4095 sive
3134 4039 3343 4096 LXIX.

2082 4216 2126 4272 l.
2166 4216 2297 4272 Post
2326 4218 2609 4287 superiora
2638 4215 2729 4269 illa
2748 4213 2948 4270 Meletii
2971 4229 3032 4269 ac
3051 4213 3198 4268 Petri
3226 4213 3586 4269 Alexandrini

2013 4310 2253 4380 episcOpi
2284 4317 2529 4378 tempora
2561 4307 2728 4360 Arius
2754 4305 3052 4375 Arianique
3097 4305 3345 4376 proxime
3392 4319 3588 4360 conse-

2014 4409 2276 4472 quuntur.
2308 4401 2402 4456 Ille
2449 4398 2554 4454 sub
2598 4397 2912 4452 Alexandro
2951 4395 3098 4452 Petri
3134 4412 3457 4453 successore
3493 4394 3589 4450 llo-

2014 4495 2168 4560 ruit;
2207 4508 2238 4547 a
2271 4507 2381 4562 quo
2426 4506 2539 4546 non
2593 4490 2713 4544 sine
2745 4504 2940 4558 magna
2972 4489 3338 4544 commotione
3394 4489 3588 4560 ingen-

325 4579 426 4632 τοῦ
477 4579 724 4648 διαδόχου
789 4579 1034 4650 Πέτρου,
1089 4580 1184 4633 τοῦ
1241 4580 1557 4645 καθελόντος
1611 4582 1702 4634 τὸν
1749 4583 1911 4637 αὐτόν

2020 4587 2165 4656 lique
2231 4592 2424 4640 coacta
2478 4583 2690 4655 synodo
2745 4581 3067 4652 proﬂigatus
3122 4591 3224 4639 est.
3279 4583 3586 4640 Alexander

326 4671 554 4742 Ἀρειον
583 4671 674 4724 διὰ
703 4671 904 4741 πολλῆς
939 4673 1210 4742 κινήσεως
1254 4672 1348 4725 καὶ
1383 4673 1624 4744 μεγάλης
1669 4674 1908 4728 συνόδου.

322 4763 659 4834 Ἀπεκίνησε
687 4764 796 4836 γὰρ
829 4763 1024 4826 αὑτὸν,
1059 4764 1152 4817 καὶ
1198 4763 1418 4828 ἐξέϐαλε
1445 4767 1544 4836 τῆς
1582 4765 1910 4838 Ἐκκλησίας

321 4875 386 4909 τε
428 4857 524 4909 καὶ
557 4857 658 4926 τῆς
689 4856 924 4919 πόλεως,
974 4855 1050 4918 ὡς
1105 4855 1249 4926 μέγα
1294 4856 1464 4910 κακὸν
1519 4857 1781 4928 φοιτῆσαν
1828 4857 1908 4929 τῷ

322 4949 449 5022 βίῳ.
477 4949 617 5000 Φασὶ
642 4947 700 5000 δὲ
728 4948 891 5001 αὐτὸν
917 4947 1085 5002 Λίϐυν
1119 4947 1199 5018 τῷ
1228 4947 1402 5016 γένει,
1441 4950 1498 5000 ἐν
1528 4949 1908 5022 Ἀλεξανδρείᾳ

317 5018 786 5111 δὲ’πρεσϐύτερον
821 5039 1108 5108 γεγονότα.
1142 5039 1202 5103 ὃς
1232 5040 1528 5110 προΐστατο
1552 5043 1650 5110 τῆς
1675 5018 1907 5111 Ἐκκληξ

321 5132 450 5194 σίας
489 5133 591 5203 τῆς
640 5130 967 5194 Βαυκάλεως
1017 5131 1161 5184 οὕτω
1204 5130 1563 5201 καλουμένης.
1593 5130 1755 5184 Ὅσαι
1796 5130 1904 5200 γὰρ

318 5223 619 5293 ἐκκλησίαι
647 5225 747 5293 τῆς
767 5220 1209 5294 καθολικῆς(62“)
1226 5221 1552 5292 Ἐκκλησίας
1572 5223 1629 5275 ἐν
1652 5221 1902 5288 Ἀλεξαν-

315 5316 481 5386 δρείᾳ
522 5313 629 5367 ὑπὸ
661 5315 758 5367 ἕνα
796 5313 1228 5384 ἀρχιεπίσκοπον
1255 5309 1445 5377 οὖσαι,
1489 5314 1584 5367 καὶ
1617 5313 1736 5366 κατ’
1769 5313 1904 5367 ἰδίαν

313 5403 548 5468 ταύταις
579 5404 998 5475 ἐπιτεταγμένοι
1029 5404 1135 5456 εἰσὶ
1166 5402 1526 5474 πρεσϐύτεροι
1563 5403 1651 5457 διὰ
1685 5404 1782 5466 τὰς
1818 5404 1905 5456 ἐκ·

314 5493 720 5567 κλησιαστικάς
758 5492 948 5565 χρείας
992 5491 1103 5546 τῶν
1135 5492 1460 5564 οἰκητόρων,
1495 5487 1737 5564 πλησίων
1774 5493 1904 5547 ἐκάο

393 5635 413 5666 ³
443 5633 515 5687 F.
544 5632 631 5688 τό.
708 5635 728 5665 ²
763 5631 826 5690 F.
861 5633 942 5686 ἐν.
1019 5632 1042 5664 ³
1077 5633 1211 5688 Cor.
1241 5631 1580 5704 δεξαμένοις.

341 5741 350 5747 0
390 5767 528 5837 (62⁸)
548 5763 857 5837 Ὅσαι-γὰρ
882 5764 1207 5833 ἐκκλησίαι
1237 5763 1348 5832 τῆς
1371 5763 1719 5837 meantem.
1762 5764 1900 5837 Vide

313 5838 372 5894 in
401 5835 704 5908 'Appendice
725 5835 1168 5889 Dissertationum
1196 5850 1316 5902 qua!
1349 5835 1416 5890 ad
1437 5836 1581 5891 hunc
1609 5835 1791 5896 locum
1829 5836 1897 5894 de

639 5935 910 5994 PurOL.
937 5934 1053 5995 Gn.
1093 5933 1286 5994 XLII.

2013 4678 2156 4733 enim
2187 4677 2342 4730 illum
2377 4674 2559 4746 ejecit,
2615 4683 2778 4744 atque
2801 4689 2868 4729 ex
2895 4673 3136 4730 Ecclesia
3165 4683 3219 4729 ct
3247 4676 3402 4743 urbe,
3438 4677 3583 4732 velut

2012 4771 2204 4840 ingens
2229 4767 2502 4838 quoddam
2543 4767 2742 4821 malum
2770 4808 2785 4831 ,
2832 4765 2977 4836 quod
3017 4767 3084 4820 ad
3114 4767 3334 4821 humani
3367 4771 3583 4838 generis

2011 4861 2304 4931 perniciem
2338 4858 2690 4929 grassabatur
2710 4897 2724 4921 ,
2757 4857 3163 4912 exterminavit.
3194 4855 3400 4912 Ferunt
3426 4859 3580 4913 illum

2011 4968 2077 5007 ex
2107 4951 2274 5022 Libya
2327 4949 2620 5004 oriundum
2663 4949 3006 5004 Alexandriae
3039 4950 3420 5020 presbyterum
3463 4967 3586 5008 esse

2009 5044 2221 5098 factum
2248 5081 2263 5104 ,
2299 5042 2392 5112 qui
2415 5049 2530 5096 tttm
2568 5040 2927 5098 Baucalensis
2981 5041 3270 5112 cujusdam
3327 5042 3584 5097 Ecclesia!

2008 5134 2386 5205 praefecturam
2412 5132 2651 5203 gerebat.
2682 5133 2894 5188 Etenim
2943 5142 3210 5205 quotquot
3239 5135 3585 5192 Alexandria:

2006 5225 2286 5281 catholicae
2335 5227 2736 5282 communionis
2763 5226 3008 5281 ecclesiae
3036 5238 3164 5282 sunt
3193 5267 3208 5290 ,
3249 5228 3343 5281 uni
3403 5228 3586 5282 archi-

2004 5317 2263 5387 episcopo
2295 5317 2597 5386 subjectae,
2657 5333 2791 5374 suus
2848 5318 3045 5386 cuique
3110 5318 3440 5388 praepositus
3501 5329 3583 5373 est

2005 5406 2310 5477 presbyter,
2333 5406 2435 5476 qui
2455 5407 2830 5462 ecclesiastica
2865 5421 3088 5461 munera
3116 5407 3185 5461 iis
3215 5406 3582 5469 administrat,

2003 5500 2094 5570 qui
2141 5498 2296 5554 circa
2324 5499 2591 5555 ecclesias
2623 5499 2744 5554 illas
2789 5498 3062 5565 habitant,
3114 5512 3418 5567 eorumque
3450 5513 3582 5552 con-

2001 5761 2516 5836 chorepiscoporum
2535 5766 2875 5822 institutione
2887 5765 3164 5820 adnotavit
3175 5762 3580 5836 Petavinslcum

2001 5837 2294 5909 prolixiora
2324 5834 2435 5893 aint
2464 5846 2523 5891 ut
2555 5837 2698 5893 inter
2723 5847 2882 5894 notas
2922 5839 3101 5894 locum
3131 5835 3385 5891 habeant.
3421 5834 3580 5890 Emr.

3231 5932 3271 5991 7
