4138 6396
371 427 490 484 205

1008 421 1378 482 ADVERSUS
1414 422 1760 481 [IERESES
1798 421 1927 480 LIB.
1967 423 2031 481 ll.
2072 423 2235 480 TOM.
2275 419 2342 480 11.
2382 421 2739 480 —IUERES.
2782 421 2966 478 LXIX.

3534 427 3640 483 206

373 542 695 613 ἐτύγχανεν,
751 537 978 611 ὕστερον
1031 541 1344 596 Λικινιανὸν
1407 541 1596 610 γέγονε
1639 541 1959 612 γυμνάσιον,

2065 552 2252 613 postea
2279 541 2621 597 Licinianum
2673 541 3038 612 gymnasium,
3071 539 3184 594 sive
3221 539 3448 595 basilica
3507 540 3636 609 fuit;

375 635 559 688 είτουν
593 631 886 704 βασίλειον.
913 631 1225 686 Μετέπειτα
1255 630 1312 685 δὲ
1342 633 1400 686 ἐν
1428 632 1640 703 χρόνοις
1672 634 1964 688 Κωνσταν-

375 725 497 779 τίου
530 724 709 791 ἔδοξεν
750 724 917 795 αὐτὴν
948 723 1365 797 οἰκοδομηθῆναι
1394 724 1717 796 ἐκκλησίαν,
1757 725 1966 796 Γρηγο-

383 817 501 886 ρίου
525 816 617 869 τοῦ
649 815 991 886 Μελητιανοῦ
1025 815 1162 887 (66),
1196 817 1290 870 καὶ
1321 815 1596 888 Ἀρειανοῦ
1635 818 1961 890 ἀρξαμένου,

377 906 769 971 τελειώσαντος
800 907 858 960 δὲ
893 907 1210 960 Ἀθανασίου
1248 907 1342 961 τοῦ
1391 907 1684 980 μακαρίου,
1728 909 1823 962 καὶ
1861 926 1964 963 πα-

378 999 510 1072 τρὸς
556 1001 657 1070 τῆς
709 997 1038 1070 ὀρθοδοξίας,
1078 997 1376 1069 καυθείσης
1418 998 1476 1052 δέ
1523 998 1618 1052 ἐπὶ
1647 996 1960 1063 ’ἰουλιανοῦ,

379 1088 480 1142 καὶ
525 1085 682 1150 αὖθις
721 1086 1142 1158 ὰνακτισθείσης
1183 1087 1274 1140 ὑπ’
1315 1087 1480 1141 αὐτοῦ
1519 1085 1613 1140 τοῦ
1660 1087 1963 1158 μακαρίτου

394 1180 713 1234 Ἀθανασίου
728 1178 824 1232 τοῦ
845 1179 1166 1233 ἐπισκόπου.
1189 1177 1377 1232 Ἀλλαι
1392 1178 1449 1232 δέ
1469 1181 1574 1233 είσι
1590 1178 1804 1243 πλείους
1825 1179 1961 1249 (67),

379 1272 458 1335 ὡς
490 1271 647 1342 ἔφην,
681 1270 958 1324 Διονυσίου
1007 1268 1313 1340 καλουμένη
1345 1269 1629 1341 ἐκκλησία,
1671 1270 1766 1324 καὶ
1805 1272 1838 1341 ὴ
1869 1269 1962 1323 τοῦ

379 1361 591 1426 Θεωνᾶ,
619 1362 714 1415 καὶ
743 1363 778 1432 ή
825 1361 1077 1432 Πιερίου,
1117 1360 1212 1414 καὶ
1243 1361 1610 1433 Σεραπίωνος,
1653 1361 1748 1414 καὶ
1781 1362 1815 1432 ἡ
1865 1363 1966 1432 τῆς

381 1453 682 1525 Περσαίας,
707 1453 799 1506 καὶ
835 1454 870 1523 ἡ
907 1451 1003 1505 τοῦ
1039 1451 1239 1517 Διζύας
1273 1453 1314 1518 ⁸,
1345 1452 1439 1506 καὶ
1478 1453 1510 1520 ή
1543 1451 1638 1504 τοῦ
1662 1452 1962 1515 Μενδιδίου,

381 1544 479 1598 καὶ
523 1546 558 1615 ή
592 1542 890 1607 ’Λννιανοῦ,
918 1543 1013 1597 καὶ
1063 1545 1097 1613 ή
1149 1543 1250 1612 τῆς
1286 1543 1628 1608 Βαυκάλεως,
1661 1546 1754 1598 καὶ
1785 1545 1962 1600 ἄλλαι.

395 1635 485 1688 Ἐν
516 1637 615 1707 μιᾷ
645 1635 704 1688 δὲ
727 1635 934 1690 τούτων
962 1635 1266 1698 Κόλλουθός
1292 1652 1376 1699 τις
1406 1636 1672 1707 ὑπῆρχεν,
1707 1639 1764 1690 ἐν
1801 1636 1964 1708 ἑτέρᾳ

380 1727 442 1781 δέ
479 1727 826 1800 Καρπὼνης,
877 1730 938 1782 ἐν
974 1729 1108 1799 ἄλλῃ
1148 1728 1205 1782 δὲ
1248 1729 1574 1800 Σαρματᾶς,
1617 1730 1712 1784 καὶ
1750 1731 1966 1800 Ἀρειος

379 1814 538 1885 οὗτος
562 1822 594 1874 6
624 1820 1018 1893 προειρημένος
1061 1820 1188 1890 μίαν
1228 1821 1338 1874 τῶν
1382 1821 1794 1893 προειρημένων
1829 1838 1964 1875 κατ-

2075 633 2271 689 dcinde
2319 632 2623 703 imperante
2655 631 2982 688 Constantio
3031 631 3288 686 aediﬁcari
3339 633 3396 686 in
3451 647 3514 687 ca
3546 648 3637 688 cc-

2063 725 2287 781 ciesiam
2320 723 2543 794 placuit.
2578 722 2746 794 quue
2807 737 2947 794 opus
2985 738 3016 777 a
3054 721 3318 794 Gregorio
3354 723 3640 779 Meletiano

2062 824 2118 871 et
2139 814 2343 870 Ariano
2373 812 2710 880 inchoatum,
2747 827 2777 866 a
2804 812 2965 868 beato
2995 811 3298 868 Athanasio
3321 811 3640 868 orthodoxae

2065 905 2345 976 religionis
2370 911 2597 975 parente
2626 902 2694 958 ad
2731 905 2933 959 exitum
2965 903 3288 974 perductum
3319 910 3440 967 est,
3486 913 3542 959 et
3570 904 3642 959 ab

2062 996 2253 1052 eodem
2289 1005 2514 1068 postea,
2549 1010 2674 1051 cum
2716 995 2821 1051 sub
2855 992 3076 1050 Juliano
3106 993 3459 1066 deﬂagrasset
3483 1036 3500 1060 ,
3551 995 3639 1050 in-

2064 1097 2389 1144 stauratum.
2422 1087 2627 1144 Praeter
2664 1087 2808 1142 hanc
2845 1102 2975 1143 vero
3006 1087 3126 1142 aliae
3158 1095 3288 1143 sunt
3319 1091 3536 1158 plures,
3578 1095 3639 1143 ut

2062 1178 2334 1244 diximus,
2368 1179 2516 1233 velut
2561 1177 2802 1249 Dionysii
2831 1177 3086 1240 ecclesia,
3127 1177 3386 1235 Theonae.
3443 1178 3634 1242 Pierii,

2065 1270 2400 1341 Serapionis,
2426 1269 2657 1332 Persem,
2682 1269 2879 1342 Dizyae,
2909 1269 3188 1337 Mendidii,
3211 1271 3466 1337 Anniani,
3497 1271 3640 1326 Bau-

2063 1364 2222 1427 calis,
2252 1373 2306 1419 et
2329 1371 2558 1419 caeteras.
2602 1362 2804 1418 Harum
2854 1378 3020 1418 unam
3067 1364 3354 1420 Colluthus
3402 1366 3639 1421 admini-

2065 1455 2274 1510 strabat
2296 1494 2313 1519 ,
2369 1454 2532 1508 aliam
2571 1453 2886 1525 Carpones,
2921 1454 3082 1512 aliam
3117 1455 3424 1524 Sarmatas;
3457 1457 3552 1514 sed
3583 1463 3640 1515 et

2064 1548 2230 1603 Arius
2278 1547 2384 1604 iste
2433 1563 2594 1603 unam
2625 1565 2692 1604 ex
2728 1549 3167 1604 commemoratis
3193 1548 3301 1605 illis
3347 1549 3635 1605 ecclesiam

2065 1639 2307 1708 regebat.
2339 1636 2476 1692 Cum
2505 1645 2684 1692 autem
2763 1639 2962 1708 singuli
3008 1639 3363 1693 commissum
3403 1637 3507 1694 sibi
3537 1653 3637 1708 po-

2068 1728 2252 1798 pulum
2287 1743 2382 1798 per
2427 1736 2599 1784 statos
2649 1737 2703 1783 et
2745 1727 3016 1784 solemnes
3073 1737 3376 1784 conventus
3422 1728 3641 1798 publice

2066 1819 2366 1883 docerent,
2406 1820 2776 1877 dissensiones
2806 1821 2861 1874 in
2893 1820 3088 1892 vulgus
3127 1829 3468 1892 sparserunt.
3525 1822 3639 1878 Ita-

382 1910 526 1981 έχων
578 1908 927 1978 Ἐκκλησίαν.
959 1909 1228 1973 ’Ἕκαστος
1280 1909 1337 1962 δὲ
1395 1910 1601 1964 τούτων
1649 1910 1805 1982 δῆλον
1853 1910 1960 1982 (68)

2067 1929 2175 1984 que
2201 1913 2290 1969 alii
2325 1914 2390 1968 ad
2423 1913 2613 1968 Arium
2645 1911 3025 1979 adhaeserant,
3065 1911 3158 1967 alii
3202 1913 3269 1967 ad
3298 1912 3637 1979 Colluthum,

382 1999 529 2054 κατὰ
549 1998 649 2072 τὴν
676 1997 990 2070 εἰθισμένην
1028 1996 1246 2065 σύναξιν
1274 1999 1364 2053 τὸν
1404 1999 1553 2071 αὑτῷ
1593 1999 1963 2070 πεπιστευμέ-

382 2108 473 2144 νον
523 2089 652 2143 λαὸν
692 2087 978 2152 διδάσκων,
1036 2087 1096 2140 ἐν
1143 2089 1264 2152 ταῖς
1307 2087 1628 2160 ἐξηγήσεσιν
1673 2087 1790 2160 ἔριν
1841 2088 1961 2142 τινὰ

382 2180 638 2235 ἐνέϐαλον
684 2180 745 2232 ἐν
797 2176 876 2248 τῷ
925 2176 1060 2248 λαῷ.
1117 2178 1227 2231 Καὶ
1270 2179 1320 2231 oi
1377 2179 1475 2250 μὲν
1526 2178 1960 2248 προσεκλίθησαν

395 2273 609 2346 Ἀρείῳ,
629 2274 818 2344 ,ἕτεροι
847 2271 906 2325 δὲ
937 2271 1243 2342 Κολλούθῳ,
1263 2271 1412 2326 ἄλλοι
1436 2272 1492 2326 δὲ
1519 2271 1798 2346 Καρπώνῃ
1823 2272 1958 2344 (69),

381 2367 560 2438 ἐτεροι
588 2366 646 2420 δὲ
666 2367 945 2438 Σαρματᾷ.
987 2366 1075 2430 Ὦς
1115 2363 1209 2420 οὖν
1251 2365 1498 2436 ἐξηγεῖτο
1533 2365 1760 2428 ἕκαστος
1799 2367 1858 2419 ἐν
1893 2367 1960 2437 τῇ

385 2459 498 2528 lata
529 2457 850 2530 Ἐκκλησία,
895 2457 1052 2520 ἄλλος
1090 2456 1218 2511 ἄλλο
1267 2474 1340 2518 τι,
1385 2455 1480 2508 καὶ
1516 2455 1676 2519 ἄλλος
1715 2454 1863 2522 ἄλλο,
1896 2456 1961 2509 ἐκ

381 2554 484 2625 τῆς
532 2553 921 2626 προσκλήσεως
953 2555 975 2585 ¹
1041 2552 1138 2605 καὶ
1199 2549 1419 2604 ἐπαίνου
1462 2549 1520 2602 δὲ
1557 2548 1651 2602 τοῦ
1699 2549 1826 2620 παρ’
1863 2548 1962 2601 αὺ-

380 2644 516 2707 τῶν,
548 2645 598 2698 οἱ
628 2644 727 2716 μὲν
755 2641 1178 2704 Κολλουθιανοὺς
1214 2639 1440 2702 ἐαυτοὺς
1471 2637 1781 2709 ὠνόμασαν,
1814 2636 1963 2691 ἄλλοι

381 2736 442 2790 δὲ
469 2733 800 2807 Ἀρειανούς.
841 2736 952 2787 Καὶ
983 2733 1092 2804 γὰρ
1138 2734 1168 2786 6
1212 2729 1509 2794 Κόλλουθος
1550 2729 1673 2784 τινὰ
1719 2728 1832 2798 (70;
1860 2745 1966 2780 πα-

389 2827 813 2900 ρατετραμμένα
860 2827 1131 2893 ἐδίδαξεν·
1169 2825 1284 2879 ἀλλ’
1321 2824 1422 2877 οὐκ
1458 2823 1734 2894 ἐνέμεινεν
1771 2823 1805 2892 ἡ
1839 2820 1966 2874 τοὺ-

2067 2007 2157 2062 alii
2185 2007 2490 2078 Carponm,
2539 2007 2628 2061 alii
2675 2004 2940 2060 Sarmata;
2967 2013 3153 2075 partes
3199 2004 3532 2072 tuebantur;
3584 2013 3640 2061 et

2067 2109 2191 2153 cum
2244 2099 2300 2153 in
2346 2113 2446 2154 sua
2495 2098 2726 2169 quisque
2773 2098 3005 2153 ecclesia
3051 2097 3190 2152 alius
3239 2097 3438 2168 aliquid
3475 2096 3640 2152 inter-

2075 2189 2342 2258 pretando
2371 2196 2726 2258 proponeret,
2765 2195 2928 2258 prout
2959 2189 3014 2242 in
3063 2203 3507 2259 unumquemque
3556 2186 3640 2242 fa-

2065 2294 2198 2334 vore
2220 2295 2283 2333 ac
2315 2279 2624 2334 laudatione
2657 2281 3040 2349 propensiores
3085 2288 3277 2342 erant,
3328 2279 3419 2334 alii
3462 2278 3639 2335 Colluo

2066 2371 2313 2433 Ihianos,
2362 2371 2598 2427 Arianos
2636 2371 2724 2425 alii
2757 2387 2879 2428 sese
2908 2371 3286 2427 nominabant.
3325 2369 3538 2442 Quippe
3583 2378 3640 2427 et

2065 2462 2352 2519 Colluthus
2391 2462 2527 2518 falsa
2561 2463 2805 2534 quaedam
2840 2478 2906 2518 ac
2957 2462 3251 2534 depravata
3292 2462 3509 2529 docuit;
3541 2462 3637 2519 sed

2065 2554 2187 2623 ejus
2216 2563 2364 2610 secta
2417 2553 2674 2610 diuturna
2711 2571 2820 2610 non
2871 2553 3010 2617 fuit,
3051 2555 3344 2625 statimque
3373 2554 3638 2626 dissipata

2069 2655 2172 2699 est.
2215 2644 2370 2710 Quod
2423 2647 2630 2701 utinam
2671 2653 2726 2702 et
2773 2645 2887 2701 Arii
2943 2646 3163 2702 furiosa:
3209 2646 3285 2700 illi
3320 2656 3520 2714 sectae,
3550 2647 3636 2702 vel

2075 2733 2378 2790 inﬁdelitati
2407 2737 2621 2806 potius,
2671 2744 2764 2792 aut
2791 2737 2840 2794 si
2879 2737 3053 2792 mavis
3099 2753 3278 2808 pravae
3307 2736 3454 2804 fidei,
3505 2753 3638 2794 con-

2071 2826 2283 2895 tigisset
2310 2827 2322 2880 !

381 2939 479 2978 του
511 2923 741 2993 αἵρεσις,
792 2921 904 2974 ἀλλ’
943 2920 1105 2984 εὐθὺς
1141 2917 1560 2990 διεσκορπίσθηο
1610 2916 1687 2980 ὡς
1728 2915 1841 2969 εἴθε
1869 2917 1963 2971 καὶ
1990 2918 2022 2990 ἡ
2045 2903 2374 2992 τοῦ”Δρείου
2400 2923 2876 2996 ἐμϐεϐροντημένη
2903 2924 3105 2990 πίστις,
3161 2926 3361 2998 μᾶλλον
3411 2925 3468 2980 δὲ
3518 2927 3639 2982 ἀπι-

383 3014 531 3081 στία,
557 3014 671 3068 ἔστι
708 3014 765 3067 δὲ
810 3013 1008 3084 μᾶλλον
1028 3011 1384 3066 κακοπιστίαῑ

456 3106 533 3162 1".
573 3105 880 3176 Ἐπάρματι
916 3103 1026 3175 γὰρ
1065 3103 1252 3175 ἀρθεὶς
1285 3104 1314 3156 6
1343 3101 1520 3174 γέρων
1549 3100 1645 3155 τοῦ
1674 3101 1992 3173 προκειμέ-’

2135 3098 2300 3169 729
2335 3098 2426 3154 lll.
2467 3099 2638 3156 Porro
2667 3101 2884 3159 inﬂatus
2930 3104 3188 3174 opinione
3225 3109 3309 3162 sui
3347 3124 3513 3166 senex
3541 3111 3634 3169 ille

381 3213 480 3249 νου
511 3195 723 3266 ἐξέστη.
753 3191 862 3248 Ἧν
883 3194 941 3248 δὲ
969 3195 1068 3264 τὴν
1088 3194 1306 3266 ἡλικίαν
1328 3193 1673 3265 ὑπερμήκης,
1716 3191 1960 3263 κατηφὴς

2070 3205 2102 3245 a
2127 3206 2292 3262 scopo
2320 3192 2567 3248 veritatis
2610 3193 2830 3249 excidit.
2872 3194 2995 3249 Fuit
3025 3195 3111 3251 hic
3155 3201 3468 3267 proceriore
3519 3211 3634 3258 sta—

381 3287 447 3340 τδ
467 3284 625 3352 εἶδος,
655 3286 1126 3358 ἐσχηματισμένος
1162 3285 1239 3350 ὼς
1269 3285 1441 3349 δόλιος
1477 3284 1618 3352 ὄφις,
1661 3282 1960 3352 ὑποκλέψαι

380 3379 682 3448 δυνάμενος
739 3378 922 3430 πᾶσαν
972 3377 1177 3431 ἄκακον
1231 3375 1481 3447 καρδίαν,
1527 3374 1618 3428 διὰ
1659 3373 1753 3426 τοῦ
1795 3371 1959 3426 αὑτοῦ

382 3469 696 3540 πανούργου
717 3468 1124 3541 προσχήματος.
1178 3467 1496 3539 Ἢμιφόριον
1530 3466 1638 3539 γὰρ
1669 3469 1698 3520 6
1724 3465 1963 3528 τοιοῦτος

381 3562 475 3618 ἀεὶ
503 3561 617 3634 (71)
637 3562 734 3615 καὶ
765 3561 1062 3616 κολοὸίωνα
1089 3559 1549 3630 ὲνδιδυσκόμενος,
1575 3556 1777 3626 γλυκὺς
1795 3551 1865 3629 ἦν
1893 3557 1960 3628 τῇ

458 3718 478 3750 ⁸
505 3733 596 3786 7p.
623 3716 772 3782 Διζύ.
846 3717 868 3748 ³
895 3713 956 3769 F.
977 3713 1364 3786 προσκλίσεως.

464 3890 578 3961 (66)
617 3891 964 3961 Γρηγορίου
999 3888 1107 3961 τοῦ
1167 3886 1584 3961 Μελητζανοῦη
1639 3883 1960 3961 Gregorium

379 3955 768 4030 Cappadocem
799 3955 1084 4028 intelligit;
1115 3961 1212 4030 qui,
1253 3973 1319 4030 ex
1369 3957 1711 4030 Antiochena
1752 3955 1961 4027 synodo

385 4026 776 4087 Alexandriam
826 4026 1052 4088 missus,
1088 4026 1148 4084 et
1189 4027 1489 4082 Athanasio
1526 4026 1790 4095 deposito
1831 4040 1958 4095 suc:

384 4117 582 4157 cessor
614 4100 776 4154 datus
803 4106 909 4153 est.
947 4098 1051 4153 Sed
1095 4099 1238 4153 idem
1295 4107 1484 4166 postea
1539 4093 1612 4150 in‘
1641 4093 1954 4166 Sardicensi

382 4170 626 4228 concilio
652 4169 908 4224 redactus
933 4171 988 4222 in
1011 4169 1280 4229 ordinem,
1298 4165 1642 4220 Athanasius
1667 4181 1799 4220 vero
1833 4165 1952 4220 sedi

386 4256 506 4296 suae
521 4241 832 4304 restitutus,
856 4254 1167 4308 quanquam
1200 4237 1477 4299 Socrates,
1512 4243 1566 4290 et
1613 4235 1950 4290 Sozomenus

383 4309 739 4381 Gregorium,
763 4309 907 4381 quod
931 4309 1255 4381 Arianorum
1271 4321 1493 4381 causam
1517 4321 1710 4374 parum
1735 4313 1961 4360 strenue

384 4377 760 4444 promoveret,
782 4377 796 4379 “
821 4380 890 4432 ab
919 4378 1138 4432 Arianis
1192 4377 1328 4444 ipsis
1356 4384 1624 4430 remotum
1685 4385 1959 4431 asserunt.

462 4450 576 4520 (67)
609 4449 827 4520 Ἀλλαι
844 4448 917 4520 ,δέ
947 4452 1066 4502 εισι
1091 4445 1628 4520 πλείουςητιιθοηω
1647 4446 1853 4520 _dic_ta_m
1873 4460 1965 4500 ec-

389 4516 617 4576 clesiam
657 4519 905 4573 condidit
935 4519 1258 4582 Alexander,
1295 4516 1382 4571 cui
1419 4517 1686 4570 successit
1717 4516 1961 4568 Athana-

389 4591 534 4653 sius,
577 4597 636 4642 ιιι
667 4589 822 4658 Apol;
860 4589 1034 4657 prima
1065 4587 1461 4658 testaturipse.
1493 4585 1766 4658 Atprzeter
1796 4585 1953 4658 istas,

389 4674 539 4737 quas
577 4654 913 4737 Epiphanius
967 4667 1230 4737 recenset,
1275 4655 1381 4737 alia
1437 4654 1540 4737 [uit
1575 4654 1611 4726 ἦ
1646 4655 1956 4737 καλευμένη

386 4723 638 4798 Κυρίου,
655 4723 892 4793 Domini,
930 4743 1030 4798 pro
1047 4743 1158 4797 quo
1182 4725 1411 4798 Latinus
1444 4723 1714 4798 interpres
1744 4723 1957 4798 Quirini

388 4793 662 4859 reddidit;
695 4799 855 4868 quasi
900 4793 1046 4869 esset
1066 4793 1331 4869 Κυρίνου.
1360 4793 1540 4849 Locus
1581 4793 1665 4850 est
1694 4797 1750 4849 in
1776 4794 1954 4864 Epist.

385 4869 466 4924 ad
484 4867 776 4934 solitarios,
799 4883 919 4939 pag.
942 4867 1067 4939 662.

469 4939 581 5007 (68)
624 4931 922 5003 Ἕκάᾰτός
947 4935 1016 4989 δὲ
1048 4937 1274 5007 τούτῳν
1301 4931 1672 5007 δῆλονηιλεε.
1704 4932 1960 5007 forte-ﬁ-

385 5003 488 5062 λον
531 5003 636 5062 ὅτι.
685 5007 856 5062 Porro
911 5009 965 5060 in
1023 5005 1256 5075 singulis
1306 5005 1375 5075 iis
1422 5003 1672 5075 ecclesiis
1726 5003 1959 5075 quilibet

388 5081 680 5150 presbyter
712 5079 956 5147 privatas
993 5071 1229 5150 sAyna'xes
1263 5073 1473 5150 agebat.
1494 5071 1615 5150 _Se_d
1643 5071 1765 5127 cum
1789 5073 1960 5150 Atha-

388 5142 743 5218 ilasii'opera
772 5161 968 5218 magna
1017 5142 1072 5200 in
1115 5147 1234 5218 dies
1284 5142 1350 5198 ad
1385 5142 1682 5196 Ecclesium
1713 5144 1960 5218 accessio

391 5221 572 5282 lieret,
610 5213 889 5272 arctiora'
913 5216 1005 5269 illa
1049 5216 1250 5285 templa
1307 5227 1431 5285 esse
1460 5220 1744 5285 coeperunt
1775 5229 1789 5266 :
1823 5213 1960 5265 adeo

384 5281 616 5357 quidem
661 5295 722 5341 ut
749 5287 806 5341 in
831 5281 1306 5357 synaxibusfquze
1337 5281 1778 5357 Quadragesimae
1825 5289 1961 5357 tein-

388 5351 530 5429 pore
556 5356 778 5429 ﬁebant,
796 5351 1036 5429 plerique
1053 5351 1368 5429 inconferta
1392 5352 1552 5429 turba
1570 5351 1960 5429 propemodum

385 5420 519 5482 elisi
545 5442 608 5480 ac
636 5420 913 5497 prmio—cati
931 5420 1162 5497 fuerint;
1187 5426 1245 5477 ἐν
1276 5423 1396 5497 ταῖς
1429 5420 1679 5497 συνάξεσι
1701 5420 1802 5490 τῆς
1837 5437 1961 5473 τεσ-

388 5489 774 5571 σαρακοστῆς,
811 5495 905 5571 ιῴὶ
952 5491 1395 5571 interpresaliud
1425 5504 1600 5571 agens.
1626 5489 1962 5571 Ifentécoaten

385 5561 584 5621 vei-tit.
621 5561 819 5621 ldeoin
843 5561 1430 5621 Paschaliceiebritate
1453 5561 1682 5630 pervicit
1706 5561 1960 5630 populus,

389 5637 531 5712 iitin
563 5636 757 5704 majori
782 5635 1202 5712 _il_|a__ecclesia,
1225 5645 1418 5712 _quam
1448 5629 1751 5712 (λίθεοι-θείῃ
1780 5629 1964 5712 foca-

387 5707 552 5767 bant,
580 5699 797 5760 tametsi
823 5706 1067 5760 dedicata
1096 5699 1336 5759 nondum
1356 5708 1521 5771 esset,
1545 5699 1768 5771 synaxis
1789 5699 1961 5765 ﬁeret,

391 5775 469 5828 ad
491 5791 722 5844 eamque
749 5792 816 5831 ex
855 5776 1109 5830 omnibus
1155 5771 1404 5844 ecclesiis
1436 5768 1623 5844 tideles
1661 5784 1960 5826 concurre-

388 5853 542 5900 rent.
577 5839 774 5901 Narrat
805 5846 856 5901 id
890 5844 1222 5900 Athanasius
1248 5841 1397 5910 Apol.
1430 5839 1475 5894 l.

2067 3295 2209 3347 tura,
2255 3283 2402 3338 tristi
2449 3283 2564 3338 oris
2602 3285 2798 3354 specie,
2847 3295 3065 3358 totaque
3094 3290 3341 3359 corporis
3389 3293 3637 3364 contigue

2068 3376 2303 3440 ratione,
2329 3374 2542 3430 subdoli
2571 3379 2840 3446 serpentis
2872 3379 3067 3444 instar,
3099 3381 3165 3436 ad
3192 3381 3436 3438 fraudem
3457 3391 3512 3440 et
3535 3385 3637 3442 fal-

2069 3464 2261 3519 laciam
2307 3466 2633 3536 composita,
2685 3468 2758 3522 ita
2808 3475 2868 3523 ut
2912 3470 3112 3526 callido
3163 3472 3258 3527 illo
3299 3479 3636 3548 externoque

2065 3556 2255 3612 habitu
2285 3555 2446 3613 facile
2475 3559 2905 3629 simplicioribus
2935 3561 3135 3618 animis
3165 3564 3468 3636 obreperet.
3497 3566 3632 3624 Nam

2136 3885 2248 3954 (69)
2287 3886 2498 3939 ’Ἄλλοι
2519 3884 2587 3938 δὲ
2625 3885 2938 3955 Καρπώνῃ.
2972 3887 3072 3955 Qui
3112 3891 3180 3945 ab
3224 3891 3534 3948 Alexandro
3559 3894 3632 3950 ob

2063 3954 2320 4034 Arianam
2359 3955 2636 4034 perﬁdiam
2661 3954 3266 4034 _ejectus’a_h;E_cclesia
3307 3977 3337 4016 a
3367 3963 3632 4034 Gregorio

2063 4028 2116 4078 in
2142 4026 2423 4101 Athanasii
2451 4026 2872 4101 locuni__intruso
2895 4029 2960 4101 ad
2985 4027 3186 4101 Julium
3203 4030 3401 4101 Papam
3429 4026 3632 4088 missus

2061 4095 2520 4174 QSI,‘ltl‘i|)S€lli§l
2552 4093 2726 4174 iulius
2759 4097 2812 4150 in
2843 4098 3074 4174 epistola
3114 4093 3366 4167 testatur,
3385 4118 3550 4174 quam
3573 4104 3628 4158 in

2060 4165 2214 4234 Apol.
2252 4165 2288 4218 2
2307 4165 2962 4234 descripsitAthanasius.

2129 4235 2252 4311 (70)
2279 4235 2386 4287 Καὶ
2423 4233 2585 4311 repp
2615 4235 2957 4311 [removeas
2977 4237 3130 4293 τινά.
3176 4239 3418 4294 Meminit
3465 4241 3630 4311 hujus

2060 4303 2288 4374 epistola
2325 4303 2603 4374 synodalis
2631 4305 2699 4359 ab
2717 4303 3084 4362 Alexandrino
3111 4311 3344 4365 concilio
3378 4313 3429 4365 in
3461 4303 3628 4368 causa

2061 4375 2344 4452 Athanasii
2374 4375 2597 4452 scripta,
2626 4374 2769 4443 apud
2788 4377 3036 4433 eumdem
3065 4378 3327 4452 Athanas.
3346 4382 3626 4452 Apologﬂ.

2063 4443 2164 4498 Hic
2184 4459 2306 4523 cum
2348 4446 2631 4523 presbyter
2661 4453 2827 4523 esset,
2865 4450 3252 4523 pro_epi_scopo
3279 4443 3626 4523 seseges'sit,

2065 4523 2120 4568 et
2155 4514 2529 4568 ordinationes
2577 4514 2830 4567 instituit.
2867 4514 2990 4570 Sed
3034 4514 3114 4572 'ab
3152 4514 3284 4574 Osio
3314 4528 3368 4573 ct
3393 4514 3631 4575 Aiexan-

1993 4561 2036 4617 θ
2059 4584 2226 4659 _drino
2255 4583 2808 4659 co_nci|io_pristin_um
2831 4585 2882 4638 in
2915 4561 3622 4659 ordineiiivgoinpiiisus‘esi.

2059 4653 2203 4707 Idem
2232 4663 2286 4708 et
2317 4653 2549 4708 heresin
2579 4655 2902 4721 peculiarem
2936 4663 3136 4722 tenuit;
3171 4668 3227 4712 ut
3257 4653 3424 4713 Deum
3454 4661 3627 4715 male-

2058 4740 2178 4799 ειιῃι
2218 4723 2472 4799 factorem
2531 4739 2633 4776 non
2672 4724 3043 4799 gsse_diceret,
3096 4737 3155 4782 ut
3200 4731 3539 4799 Augustinus
3575 4742 3628 4785 et

2059 4791 2390 4848 Philastrius
2415 4793 2633 4868 docent.
2664 4791 2826 4868 Quod
2852 4795 2918 4868 de
2949 4797 3016 4851 iis
3049 4799 3205 4852 malis
3244 4791 3623 4868 alicipiendnm

2057 4871 2161 4941 est,
2192 4879 2313 4941 qua:
2350 4878 2446 4937 per
2471 4879 2590 4918 sese
2623 4863 2784 4941 bona,
2815 4863 2937 4920 ideo
2970 4868 3110 4921 mala
3161 4863 3444 4935 dicuntur,
3477 4870 3626 4941 quod

2059 4933 2124 4986 ad
2144 4932 2420 5003 malorum
2446 4945 2637 5001 pmnas
2663 4932 2994 5003 inﬂiguntur.

2131 5002 2243 5072 (71)
2287 5003 2628 5078 Ἠμιερρρέον
2652 5001 2760 5078 γᾴρ
2782 5001 2825 5058 ’ὁ
2843 5005 3112 5078 τοιοῦτος
3147 5007 3262 5062 ἀει.
3305 5009 3628 5078 Ἡμιφόριον

2131 5027 2243 5072 (η)
2303 5027 2628 5071 ημιδρυριυν
2652 5027 2760 5072 γαρ
2791 5027 3112 5073 οτοιουτος
3147 5027 3262 5062 ast.
3323 5027 3510 5078 ημιφο
3552 5027 3627 5074 ιον

2058 5071 2202 5148 idem
2225 5080 2308 5126 est
2331 5072 2476 5148 quod
2513 5071 2900 5148 llesy_cli_io,_ac
2941 5073 3472 5148 δυίιίτεήμιφάριον,
3516 5027 3627 5133 ῗιοο

2058 5153 2142 5196 est
2170 5140 2915 5215 ﬁptauipa‘riou.'Palladius
2965 5146 3018 5198 in
3072 5140 3312 5200 Historia
3336 5140 3623 5215 Lauriacg.

2061 5210 2224 5298 quem
2275 5210 2407 5298 citat
2458 5210 2748 5298 Meursius,
2809 5213 2986 5298 πάντα
3030 5216 3199 5298 αὐτῆς
3250 5216 3340 5285 (de
3391 5210 3624 5298 Melania

2058 5280 2396 5355 Juniore)_'ca
2431 5281 2632 5355 σηρικᾲ
2672 5283 2936 5355 ὴμιφόρια
2964 5280 3364 5355 καταλύμματα
3389 5290 3501 5351 τοῖς
3531 5288 3624 5340 θυ·

2063 5351 2409 5422 σιαστηρίοιςί
2464 5351 2791 5422 ἐδωρήσατο.
2848 5351 3099 5422 Utraque
3155 5351 3291 5410 voce
3339 5356 3624 5413 dimidiata

2061 5421 2606 5488 vestis’exprimitur.
2639 5421 2921 5475 Colobium
2956 5421 3164 5477 curiam
3195 5427 3423 5478 tunicam
3457 5427 3600 5480 inter

2063 5491 2267 5560 pretari
2290 5488 2729 5562 possis._Proprie
2759 5491 2978 5561 quidem
3009 5509 3131 5562 qua:
3159 5496 3388 5552 manicis
3409 5505 3616 5562 careat,

2064 5559 2128 5614 ac
2151 5560 2558 5629 decurtatasit.
2590 5559 2660 5614 De
2688 5559 2795 5629 qua
2849 5559 3094 5617 nonnihil
3145 5562 3212 5617 ad
3255 5559 3620 5620 Themistiuni

2063 5630 2322 5703 diximus.
2355 5628 2458 5703 Sed
2478 5643 2584 5682 non
2625 5628 2806 5685 minus
2830 5639 2954 5701 apte
2982 5633 3064 5687 sic
3095 5633 3354 5703 appellari
3382 5636 3620 5699 videtur,

2064 5699 2215 5774 quod
2245 5714 2354 5774 non
2392 5699 2551 5774 ultra
2603 5707 2818 5769 pectus,
2863 5699 3025 5774 atque
3080 5699 3339 5774 humeros
3391 5714 3621 5774 pateret,

2063 5759 2220 5892 quasi
2276 5759 2622 5822 dimidiatum.
2651 5759 2814 5824 esset
2857 5759 3102 5840 pallium.
3141 5759 3418 5842 Siquidem
3469 5759 3618 5829 κολοέ

2104 5839 2235 5892 ιῶνα
2278 5839 2446 5892 latum
2500 5839 2712 5892 clavum
2763 5841 3033 5892 nominari
3082 5851 3268 5892 censet
3311 5845 3492 5892 Acm:
3531 5843 3618 5892 cui

2104 5839 2235 5894 ιῶνα
2278 5839 2446 5892 latum
2500 5839 2712 5894 clavum
2763 5839 3268 5913 uoniinari.censet
3311 5845 3493 5908 Acro;
3531 5843 3621 5900 cui
