4138 6396
379 373 491 430 ‘209

1078 373 1450 432 ADVERSUS
1487 376 1836 435 HIERESES
1872 379 2000 436 LIB.
2045 379 2107 436 ll.
2151 382 2314 440 ΤΟΜ.
2357 383 2420 440 ll.
2446 415 2514 426 —
2554 382 2833 438 ll/EHES.
2871 383 3065 438 LXIX-

3557 388 3659 448 210

380 491 553 585 αὐτόν
577 507 742 557 τινες,
769 489 919 546 ἄλλοι
954 491 1012 546 δὲ
1044 493 1207 549 αὑτὸν
1235 493 1547 553 ἀπώσαντο.
1573 500 1888 555 Μετέπειτα
1919 501 1978 556 δὲ

2093 516 2142 560 ut
2175 506 2240 560 ad
2274 523 2436 562 aures
2471 506 2768 562 Alexandri
2795 505 3040 576 episcopi
3081 507 3290 576 perlata
3321 517 3471 577 sunt,
3497 523 3664 585 ency-

381 585 466 646 είς
519 575 634 636 ὦτα
690 583 910 655 ἔρχεται
955 585 1050 639 τοῦ
1099 589 1400 644 ἐπισκόπου
1459 593 1832 666 Ἀλεξάνδρου,
1882 597 1978 651 καὶ

381 679 588 749 γράφει
622 679 907 743 ἐπιστολὰς
946 681 1288 750 ἐγκυκλίους,
1319 684 1524 749 αἵτινες
1572 688 1724 758 παρὰ
1757 689 1980 758 φιλοκά-

381 769 499 833 λοις
528 769 608 823 ἔτι
639 769 902 834 σώζονται
937 773 1014 836 ὠς
1050 773 1140 828 τὸν
1177 774 1410 846 ἀριθμὸν
1445 776 1836 850 ἐϐδομήκοντα,
1869 781 1979 835 τῶν

384 862 705 916 ἐπισκόπων
728 863 965 938 ἑκάστῳ,
996 865 1243 938 Εὑσεϐίῳ
1269 868 1431 932 εὐθὺς
1460 868 1536 940 τῷ
1559 873 1617 925 ἐν
1647 873 1976 945 Καισαρείᾳ,

384 952 588 1024 περιῆν
617 953 743 1024 γάρ,
778 954 875 1008 καὶ
907 956 1180 1030 Μακαρίῳ
1211 958 1622 1032 Ἰεροσολύμων,
1666 963 1981 1036 Ἀσκληπιῷ

385 1046 448 1098 ἐν
486 1045 654 1119 Γάζῃ,
710 1048 959 1120 Λογγίνῳ
1003 1051 1062 1102 ἐν
1119 1050 1443 1117 Ἀσκάλωνι,
1491 1055 1758 1128 Μακρίνῳ
1800 1057 1878 1128 τῷ
1922 1059 1980 1110 ἐν

399 1138 632 1210 Ἰαμνίᾳ,
670 1139 766 1194 xui
793 1141 992 1208 ἄλλοις,
1043 1141 1101 1196 ἓν
1149 1160 1212 1196 τε
1250 1147 1316 1216 τῇ
1358 1146 1584 1221 Φοινίκῃ
1621 1150 1830 1219 Ζήνωνι
1875 1168 1980 1206 τινι

385 1231 603 1302 ἀρχαίῳ
627 1235 684 1286 ἐν
709 1232 891 1305 Τύρῳ,
922 1235 1016 1288 καὶ
1039 1235 1240 1302 ἄλλοις,
1269 1237 1386 1308 ἅμα
1406 1239 1502 1292 καὶ
1527 1241 1585 1293 ἐν
1605 1243 1672 1312 τῇ
1696 1243 1866 1316 Κοίλῃ
1889 1245 1982 1298 Συ-

387 1323 501 1395 ρίᾳ.
556 1325 643 1387 Ὠς
672 1321 766 1380 οῦν
799 1326 1184 1398 ἀπεστάλησαν
1206 1330 1265 1382 αἱ
1290 1331 1594 1398 ἐπιστολαὶ,
1626 1334 1980 1406 μεμφόμεναι

383 1416 515 1478 τοὺς
547 1417 709 1470 αὑτὸν
754 1417 1211 1489 ὑποδεξαμένους,
1266 1421 1495 1487 ἕκαστος
1545 1424 1853 1499 ἀντέγραψε
1901 1428 1980 1500 τῷ

337 1585 342 1588 _
389 1511 653 1582 μακαρίῳ
696 1511 1031 1584 Ἀλεξάνδρῳ
1064 1514 1522 1588 ἀπολογούμενος,
1563 1520 1660 1574 xui
1689 1523 1740 1574 οί
1776 1522 1874 1592 μὲν
1901 1525 1980 1576 εἰ·

389 1603 595 1672 ρωνείᾳ
618 1602 982 1674 γεγράφασιν,
1013 1603 1161 1658 ἄλλοι
1185 1606 1243 1659 δέ
1282 1610 1338 1662 ἐν
1370 1609 1619 1682 ἀληθείᾳο
1651 1614 1700 1666 οἱ
1725 1615 1825 1683 μὲν
1850 1615 1982 1668 ὑπο-

386 1692 641 1764 δέχεσθαι
667 1693 880 1759 τοῦτον,
903 1695 1052 1754 ἄλλοι
1078 1695 1137 1750 δὲ
1169 1699 1312 1752 κατά
1339 1699 1564 1768 ἄγνοιαν
1600 1703 1975 1775 ὑποδέχεσθαι’

387 1787 569 1857 ἕτεροι
602 1785 658 1839 δὲ
691 1787 1014 1855 φάσκοντες,
1057 1789 1134 1853 ὡς
1171 1789 1258 1844 διὰ
1286 1793 1384 1863 τῆς
1412 1794 1684 1864 ὑποδοχῆς
1719 1797 1978 1868 κερδῆσαι

389 1876 555 1930 αὑτὸν
580 1877 1027 1949 ἀπολογούμενοι.
1059 1879 1237 1953 Πολλή
1263 1882 1348 1946 τίς
1377 1883 1523 1938 ἐστιν
1552 1887 1585 1956 ή
1615 1890 1742 1959 περὶ
1774 1889 1980 1942 τούτων

388 1965 667 2030 ὑπόθεσις.

462 2058 542 2114 E'.
587 2059 900 2116 Μετέπειτα
929 2062 985 2116 δὲ
1014 2065 1089 2129 ὡς
1112 2063 1255 2134 ἔγνω
1276 2069 1305 2121 6
1337 2069 1575 2140 Ἀρειος,
1595 2070 1678 2125 ὅτι
1703 2072 1984 2129 ἐπιστολαὶ

391 2151 705 2223 ἠνέχθησαν
737 2156 852 2218 τοῖς
885 2156 1206 2222 ἐπισκόποις
1230 2159 1429 2230 πάντη,
1455 2162 1550 2215 καὶ
1573 2161 1760 2217 λοιπὸν
1789 2181 1989 2219 παντα-

390 2244 550 2315 χόθεν
574 2245 939 2317 ἀπηλαύνετΟ,
970 2249 1067 2302 xui
1089 2249 1272 2303 οὑκέτι
1297 2269 1382 2315 τις
1418 2252 1582 2306 αὑτὸν
1610 2256 1988 2328 προσ-ἐλαμϐά-

388 2355 516 2393 νετο
559 2337 593 2410 ἢ
637 2340 688 2392 οἱ
719 2340 885 2394 αὑτοῦ
933 2341 1204 2413 συνεργοίο
1242 2344 1501 2409 Εὐσέϐιος
1550 2345 1660 2418 γὰρ
1697 2349 1726 2400 6
1759 2347 1988 2412 παλαιὸς

387 2426 572 2500 γέρων
632 2429 977 2502 Νικομηδεὺς
1027 2433 1055 2486 6
1115 2432 1273 2502 λόγος
1314 2436 1329 2466 ¹
1365 2435 1515 2507 αὑτῷ
1564 2437 1834 2510 ὑπῆρχεν,
1869 2440 1989 2510 ἅμα

390 2519 681 2592 Λουκιανῷ
728 2521 786 2574 ἐν
829 2521 1170 2596 Νικομηδείᾳ
1209 2525 1324 2596 (74)
1363 2527 1782 2599 συμϐεϐιωκὼς.
1830 2531 1991 2586 Ἀλλά

392 2610 491 2666 καὶ
524 2613 776 2678 Λεόντιος
796 2616 826 2668 6
847 2615 1124 2681 ἀπόκοπος
1151 2619 1210 2670 ἐν
1239 2618 1557 2692 Ἀντιοχείᾳ,
1579 2619 1730 2676 οὔπω
1752 2622 1851 2695 τὴν
1869 2625 1988 2678 ἐπι-

395 2702 609 2771 σκοπὴν
656 2706 1110 2778 πεπιστευμένος,
1143 2709 1238 2762 καὶ
1263 2709 1410 2764 ἄλλοι
1443 2712 1609 2777 τινέςο
1649 2714 1774 2768 ἐπεὶ
1809 2711 1900 2770 οὖν
1928 2718 1992 2770 ἐκ

393 2795 494 2866 τῆς
517 2794 687 2866 αὐτῆς
711 2795 804 2851 τοῦ
827 2797 1152 2870 δηλητηρίου
1185 2801 1417 2874 φατρίας
1438 2796 1585 2857 οῦτοι
1613 2800 1989 2880 πάντεςῆσαν,

393 2887 717 2959 ὑποδέχεται
747 2890 845 2958 μὲν
886 2891 1048 2945 αὑτὸν
1075 2892 1335 2958 Εὐσέϐιος
1361 2895 1538 2967 χρόνῳ
1573 2899 1763 2969 ίκανῷ·
1785 2899 1908 2954 ὅθεν
1927 2901 1992 2972 δὴ

395 2981 684 3044 ἐπιστολὰς
710 2982 890 3054 πάσης
910 2984 1176 3056 φλυαρίας
1197 2988 1680 3060 ἐμπεπλησμένας,
1711 2993 1996 3064 περιεχούσ-

397 3089 499 3136 σας
548 3075 728 3129 πᾶσαν
772 3075 935 3130 αὑτοῦ
981 3078 1082 3148 τὴν
1120 3080 1416 3147 κακόδοξονη
1456 3082 1660 3146 πίστιν,
1709 3084 1927 3154 γράψας
1966 3087 1996 3139 ὁ

2080 601 2248 654 clicas
2301 601 2371 654 ad
2415 601 2663 671 singulos
2707 600 3002 672 episcopos
3035 601 3250 658 litteras
3303 603 3484 668 dedit,
3543 620 3665 675 quae

2081 691 2355 762 hodiemte
2400 693 2774 748 studiosorum
2807 693 2865 748 in
2904 691 3162 747 manibus
3201 700 3516 758 versantur,
3563 709 3666 750 nu-

2083 800 2238 840 mero
2266 785 2379 841 fere
2409 785 2775 857 septuaginta.
2809 784 3048 857 Scripsit
3071 786 3214 842 inter
3239 785 3378 841 alios
3395 786 3462 840 ad
3493 784 3664 842 Euse-

2080 880 2230 933 bium
2266 879 2532 935 Caasarete
2573 880 2916 950 episcopum,
2945 879 3043 951 qul
3076 876 3257 934 adhuc
3284 887 3588 949 supererat,
3611 885 3666 934 et

2080 971 2146 1024 ad
2189 970 2486 1026 Macarium
2534 970 3079 1044 Hierosolymorum,
3120 968 3432 1039 Asclepium
3475 969 3663 1030 Gazae.

2085 1062 2394 1130 Longinum
2445 1063 2773 1129 Ascalonis,
2831 1061 3134 1117 Macrinum
3183 1060 3410 1115 Jamniae
3458 1060 3669 1130 episco-

2081 1166 2249 1221 pum,
2296 1163 2352 1206 et
2387 1153 2543 1208 alios.
2595 1152 2729 1208 Item
2781 1153 2836 1206 in
2886 1151 3226 1206 Phoenielam
3273 1149 3341 1204 ad
3391 1147 3665 1202 Zenonem

2081 1243 2373 1313 quemdam
2400 1245 2685 1314 antiquum
2718 1243 2847 1315 Tyri
2879 1244 3221 1313 episcopum,
3242 1250 3298 1297 et
3323 1241 3481 1296 alios.
3517 1238 3669 1294 Scri-

2081 1337 2191 1405 psit
2223 1343 2279 1392 et
2325 1334 2389 1390 in'
2419 1336 2606 1390 Coelen
2635 1335 2870 1407 Syriam.
2901 1334 3084 1390 Missis
3115 1335 3202 1388 his
3251 1333 3520 1404 epistolis,
3557 1332 3671 1402 qui-

2080 1427 2184 1481 bus
2219 1441 2315 1482 eos
2355 1426 2664 1492 incusabat,
2695 1426 2792 1496 qui
2834 1425 3026 1480 Arium
3071 1431 3418 1494 receperant,
3463 1421 3666 1478 rescri-

2080 1533 2240 1588 psere
2257 1518 2324 1573 ad
2348 1519 2717 1574 Alexandrum
2742 1517 2965 1588 singuli,
2995 1516 3218 1586 quidam
3249 1514 3670 1570 dissimulanter

2083 1621 2136 1664 et
2161 1607 2381 1671 callide,
2415 1607 2508 1661 alii
2540 1623 2606 1660 ex
2632 1606 2816 1660 animo
2841 1613 2894 1659 et
2913 1603 3150 1659 sincere.
3186 1602 3264 1656 Ac
3290 1600 3541 1656 nonnulli
3567 1616 3666 1655 ex-

2082 1710 2299 1771 ceptum
2337 1715 2367 1753 a
2398 1715 2458 1755 se
2499 1697 2776 1753 hominem
2822 1696 3115 1767 negabant.
3144 1695 3238 1752 alii
3275 1710 3374 1765 per
3400 1695 3667 1764 ignoran-
3726 1728 3734 1733 -

2083 1793 2213 1845 tiam
2258 1789 2586 1846 admissum.
2625 1788 2793 1842 Erant
2819 1795 2873 1842 et
2898 1786 2991 1856 qui
3028 1800 3094 1841 eo
3129 1800 3189 1840 se
3243 1783 3479 1860 consilio
3518 1797 3672 1838 rece-

2085 1884 2232 1954 pisse
2267 1882 2588 1944 laterentur,
2629 1888 2689 1934 ut
2709 1895 2833 1935 eum
2878 1878 3017 1933 lucri
3047 1876 3314 1934 facerent.
3357 1875 3416 1931 In
3451 1889 3667 1931 summa

2083 1976 2235 2031 varia
2266 1976 2573 2030 litterarum
2607 1981 2929 2046 argumenta
2962 1972 3202 2028 fuerunt.

2157 2067 2223 2123 V.
2275 2067 2344 2122 At
2391 2066 2558 2123 Arius
2607 2068 2701 2122 ubi
2750 2067 2986 2137 scriptas
3034 2065 3104 2119 ad
3144 2078 3338 2118 omnes
3380 2060 3672 2131 episcopos

2086 2161 2298 2218 litteras
2337 2160 2627 2230 comperit,
2653 2174 2777 2214 cum
2803 2157 2871 2212 ab
2890 2155 3150 2212 omnibus
3176 2153 3384 2224 passim
3411 2151 3671 2208 exclusus

2087 2271 2119 2310 a
2151 2254 2369 2310 nemine
2389 2294 2405 2320 ,
2440 2258 2805 2325 praeterquam
2835 2264 2867 2304 a
2898 2247 3212 2304 fautoribus
3244 2245 3384 2310 suis,
3420 2244 3674 2314 suscipe-

2087 2353 2260 2414 retur,
2294 2359 2529 2416 quorum
2571 2344 2829 2414 princeps
2869 2349 2989 2397 erat
3025 2338 3299 2395 Eusebius
3344 2335 3538 2407 grandi
3574 2334 3672 2389 ad-

2088 2437 2313 2494 modum
2353 2445 2485 2491 natu
2531 2431 2967 2490 Nicomediensis
3017 2431 3347 2501 episcopus;
3397 2426 3494 2498 qui
3543 2441 3670 2481 cum

2090 2529 2332 2586 Luciano
2395 2524 2726 2582 Nicomedia:
2781 2524 2947 2580 simul
3012 2522 3226 2577 vixerat
3286 2538 3300 2574 :
3353 2532 3565 2574 necnon
3617 2526 3674 2573 et

2090 2616 2354 2672 Leontius
2394 2613 2640 2671 eviratus
2663 2612 2990 2676 Antiochiae,
3024 2611 3268 2666 nondum
3301 2609 3671 2679 episcopalem

2091 2709 2160 2764 ad
2185 2707 2368 2764 sedem
2397 2713 2704 2778 promotus,
2735 2703 2935 2774 aliique
2969 2702 3219 2757 nonnulli
3249 2720 3263 2756 :
3302 2716 3428 2758 eum
3447 2714 3579 2770 ergo
3606 2715 3676 2755 ex

2092 2801 2402 2874 pernicioso
2444 2800 2594 2855 illius
2632 2798 2889 2854 sodalitio
2930 2811 3122 2851 omnes
3153 2795 3230 2849 illi
3261 2802 3470 2858 essent,
3515 2808 3675 2848 eum-

2092 2911 2200 2966 que
2226 2895 2319 2949 diu
2365 2891 2512 2963 apud
2553 2907 2613 2947 se
2651 2889 2922 2944 Eusebius
2971 2887 3276 2952 habuisset,
3307 2885 3571 2957 epistolas
3607 2885 3676 2938 ad

2093 2989 2242 3042 hunc
2284 2987 2460 3057 ipsum
2508 2982 2804 3039 Eusebium
2850 2979 3074 3050 scripsit
3108 2993 3378 3049 nugarum
3419 2977 3677 3048 plenissi-

2095 3095 2238 3144 mas,
2279 3079 2480 3150 quibus
2513 3076 2738 3146 impium
2772 3087 2936 3128 omne
2967 3072 3168 3142 dogma
3207 3068 3528 3141 complexus
3567 3079 3675 3125 est.

396 3166 563 3229 αὐτὸς
604 3168 820 3237 Ἀρειος
869 3168 1116 3239 Εύσεδίῳ
1156 3169 1237 3242 τῷ
1272 3173 1330 3225 ἐν
1368 3173 1724 3246 Νικομηδείᾳ,
1763 3177 1989 3248 μηδέπω

2098 3172 2423 3240 Quanquam
2466 3169 2708 3224 nondum
2742 3164 3118 3222 Nicomediam
3146 3163 3212 3218 ad
3243 3163 3396 3218 illum
3431 3170 3675 3218 venerat.

397 3257 614 3328 φθάσας
638 3260 772 3330 πρὸς
796 3260 960 3315 αὑτὸν
990 3262 1047 3315 ἐν
1072 3263 1432 3336 Νικομηδείᾳ,
1456 3266 1607 3320 οὐδὲν
1629 3267 1790 3321 πλέον
1817 3268 1930 3322 ἀλλ’
1952 3269 1986 3341 ἢ

398 3348 470 3402 τά
501 3349 641 3402 αὑτά
679 3353 840 3404 ὁποῖα
883 3354 976 3405 καὶ
1025 3354 1240 3426 ἐφρόνει
1273 3359 1331 3410 ἐν
1360 3358 1552 3422 αὑταῖς
1589 3360 1837 3427 ἐντάξας,
1868 3364 1987 3416 κατ’

399 3441 608 3495 ἐκεῖνον
635 3442 724 3500 τὸν
755 3445 947 3516 καιρὸν
975 3447 1490 3518 ἐπραγματεύσατο·
1529 3451 1588 3515 ἐξ
1629 3446 1705 3506 ὧν
1739 3454 1870 3524 μίαν
1903 3455 1991 3508 ὲλο

401 3534 604 3589 θοῦσαν
641 3536 720 3600 εἰς
754 3536 854 3600 τάς
885 3539 1161 3610 ἡμετέρας
1193 3543 1381 3612 χεῖρας
1420 3543 1654 3598 ἐνταῦθα
1694 3545 1992 3615 ἀναγκαῖον

400 3628 701 3700 ἡγησάμην
729 3630 1088 3701 παραθέσθαι,
1115 3632 1261 3697 ὅπως
1288 3633 1445 3688 ἴδοιεν
1473 3637 1524 3687 οἱ
1553 3637 1990 3708 ἐντυγχάνοντες,

401 3718 487 3771 ὃτι
518 3716 579 3771 οὗ
612 3736 662 3771 τι
692 3720 834 3773 κατά
859 3737 1002 3785 τινος
1031 3724 1587 3795 σεσυκοφαντημένως
1609 3728 1936 3800 εἰρήκαμεν,
1956 3729 1991 3800 ἦ

404 3807 662 3880 λέγομεν.
697 3810 806 3863 Καὶ
839 3808 984 3864 ἐστιν
1021 3811 1137 3882 ἤδει

897 4009 1226 4080 Ἐπιστολὴ
1275 4013 1516 4082 Ἀρείου.

486 4123 577 4188 ς’.
621 4120 812 4192 Κυρίῳ
844 4122 1208 4192 ποθεινοτάτῳ
1263 4124 1537 4199 ἀνθρώπῳ
1595 4128 1730 4182 Θεοῦ
1796 4130 1992 4202 πιστῷ,

407 4213 679 4286 όρθοδόξῳ
714 4213 979 4285 Εὑσεϐίῳ,
1015 4215 1233 4285 ’Ἄρειος
1279 4218 1309 4269 6
1346 4216 1673 4291 διωκόμενος
1709 4223 1813 4276 ὑπὸ
1848 4223 1997 4278 Ἀλε-

408 4305 640 4377 ξάνδρου
674 4307 834 4358 πάπα
879 4305 1078 4369 ἀδίκως
1109 4305 1196 4360 διὰ
1230 4307 1328 4378 τὴν
1367 4311 1542 4364 πάντα
1582 4313 1820 4367 νικῶσαν
1864 4315 1999 4386 ἁλή-

411 4398 590 4464 θειαν,
661 4393 728 4470 ἧς
773 4399 869 4453 xui
928 4400 992 4452 σὺ
1049 4400 1463 4474 ὑπερασπίζεις,
1529 4405 1584 4458 ἐν
1649 4407 1837 4480 Κυρίῳ
1880 4409 1999 4478 χαί-

414 4508 557 4564 ρειν.

488 4581 596 4635 Τοῦ
629 4583 834 4654 πατρός
875 4600 977 4654 μου
1030 4586 1339 4656 Ἀμμωνίου
1376 4590 1454 4651 εἰς
1496 4589 1594 4660 τὴν
1639 4588 2001 4662 Νικομήδειαν

413 4675 775 4745 ἀφικομένου,
830 4675 1052 4745 εὑλογον
1105 4677 1202 4730 xui
1257 4677 1608 4750 ὀφειλόμενον
1665 4680 1840 4752 ἐφάνη
1911 4701 2002 4754 μοι

414 4764 864 4838 προσαγορεῦσαί
902 4783 961 4818 σε
998 4765 1064 4818 δι’
1095 4765 1281 4833 αὑτοῦ,
1311 4767 1447 4839 ὁμοῦ
1483 4787 1543 4822 τε
1577 4770 1671 4823 xui
1694 4772 2006 4842 ὑπομνῆσαι

420 4857 526 4926 τὴν
553 4855 795 4927 ἔμφυτόν
823 4875 919 4912 σου
949 4859 1170 4930 ἀγάπην
1199 4867 1293 4913 καὶ
1319 4860 1576 4927 διάθεσιν,
1605 4862 1670 4931 ἢν
1700 4861 1843 4933 ἔχεις
1871 4865 2006 4935 πρὸς

413 4948 548 5010 τοὺς
584 4949 846 5017 ἀδελφοὺς
899 4951 988 5004 διὰ
1019 4951 1110 5004 τὸν
1139 4951 1274 5004 Θεὸν
1305 4953 1399 5004 xui
1428 4953 1520 5004 τὸν
1552 4951 1785 5022 Χριστὸν
1811 4953 1998 5019 αὑτοῦ,

415 5042 504 5093 ὅτι
535 5039 787 5111 μεγάλως
821 5043 970 5113 ἡμᾶς
999 5042 1256 5115 ἐκπορθεί
1293 5044 1386 5096 xui
1408 5041 1613 5109 διώκει,
1641 5044 1734 5097 xui
1759 5046 1869 5098 πᾶν
1902 5062 2003 5099 κα-

417 5133 519 5186 κὸν
554 5136 696 5186 κινεί
717 5133 832 5204 (75)
861 5134 982 5187 καθ’
1008 5135 1163 5206 ἡμῶν
1185 5139 1214 5189 6
1243 5136 1560 5203 ἐπίσκοπος,
1593 5136 1732 5190 ὥστε
1753 5138 2005 5205 ἐκδιῶξαι

416 5228 574 5297 ἡμᾶς
609 5228 674 5280 ἐκ
701 5229 803 5299 τῆς
837 5229 1064 5293 πόλεως,
1101 5229 1176 5294 ὡς
1206 5229 1525 5301 ἀνθρώπους
1561 5230 1776 5296 ἀθέους,
1817 5232 2003 5304 ἐπειδὴ

415 5321 484 5373 οὺ
530 5319 932 5390 συμφωνοῦμεν
978 5323 1128 5394 αὐτῷ
1162 5324 1398 5395 όημοσίᾳ
1429 5323 1658 5392 λέγοντι·
1714 5324 1823 5377 Ἀεὶ
1851 5325 2003 5388 Θεὸς,

503 5479 518 5509 ¹
551 5479 678 5532 Cor.
706 5477 827 5542 ὅλος
849 5480 1022 5549 αὐτῷ.

503 5633 618 5706 (74)
656 5636 815 5706 "Alia
855 5633 1170 5700 Λουκιανῷ
1210 5635 1280 5688 ἐν
1322 5635 1706 5704 Νικομηδείᾳρ
1768 5634 2013 5690 Luciano

429 5705 788 5762 sanctissimo
819 5716 1079 5778 martyre,
1108 5722 1271 5776 quem
1305 5706 1668 5778 nihilominus
1699 5707 1883 5760 Ariani
1911 5723 2010 5773 pa-

434 5783 662 5831 tronum
699 5775 1091 5848 auctoremque
1123 5775 1280 5833 Suum
1301 5775 1694 5847 jactabant.De
1716 5792 1824 5846 quo
1850 5777 2012 5847 paulo

433 5856 579 5917 post.

2092 3269 2272 3338 Atque
2316 3267 2402 3320 hae
2441 3262 2665 3334 quidem
2714 3261 2962 3332 epistolae
2989 3258 3125 3314 nihil
3169 3256 3319 3312 aliud
3357 3257 3672 3318 continent,

2093 3361 2252 3433 731
2291 3365 2491 3429 praeter
2522 3354 2792 3411 doctrinae
2842 3369 2956 3410 suae
3005 3351 3466 3416 declarationem,
3513 3363 3679 3420 quam

2092 3469 2190 3525 per
2235 3451 2368 3506 illud
2403 3459 2620 3518 tempus
2647 3447 2972 3503 elaboravit.
3006 3444 3210 3500 Harum
3241 3457 3430 3508 unam,
3458 3456 3580 3512 quae
3609 3440 3680 3494 ad

2093 3552 2313 3601 nostras
2358 3556 2557 3597 manus
2596 3539 2868 3610 pervenit,
2901 3540 3004 3593 hoc
3049 3538 3169 3592 loco
3208 3535 3560 3592 subscribere
3584 3549 3681 3588 ne-

2093 3633 2402 3691 cessarium
2452 3630 2663 3702 putavi,
2703 3638 2764 3684 ut
2799 3628 2895 3700 qui
2927 3642 3050 3685 eam
3082 3625 3338 3698 legerint,
3375 3623 3683 3694 intelligant

2093 3725 2232 3781 nihil
2273 3739 2304 3778 a
2334 3722 2492 3779 nobis
2527 3729 2720 3778 contra
2766 3720 3083 3793 quempiam
3129 3717 3476 3774 calumniose
3504 3715 3686 3786 jacta-

2096 3831 2212 3876 tum
2243 3819 2404 3883 alias,
2434 3823 2530 3872 aut
2557 3815 2929 3888 impraesentia
2952 3816 3169 3885 jactari.
3203 3812 3300 3869 Est
3326 3819 3508 3867 autem
3539 3809 3685 3880 ejus-

2095 3912 2241 3969 modi
2285 3930 2299 3966 :

2695 4022 2813 4076 Arii
2841 4021 3089 4092 epistola.

2170 4133 2259 4189 Vl.
2301 4134 2528 4194 Domino
2557 4132 2940 4197 dilectissimo,
2984 4130 3102 4185 viro
3143 4127 3262 4194 Dei,
3300 4127 3467 4193 ﬁdeli,
3498 4125 3686 4181 ortho-

2099 4227 2245 4282 doxo
2277 4225 2535 4291 Eusebio,
2571 4226 2756 4291 Arius,
2785 4239 2947 4295 quem
2981 4221 3294 4277 Alexander
3319 4235 3457 4292 papa
3480 4219 3688 4290 injuste

2101 4320 2170 4375 ob
2210 4319 2492 4376 victricem
2539 4317 2787 4371 omnium
2823 4317 3108 4370 veritatem
3145 4313 3476 4384 insequitur,
3524 4311 3684 4381 cujus

2099 4421 2154 4468 et
2185 4421 2240 4466 tu
2274 4419 2648 4482 propugnator
2680 4425 2758 4476 es,
2797 4409 2850 4462 in
2886 4406 3118 4460 Domino
3147 4406 3400 4461 salutem.

2177 4592 2314 4648 Cum
2360 4592 2685 4649 Ammonius
2709 4587 2880 4663 pater
2916 4607 3072 4645 meus
3101 4588 3475 4644 Nicomediam
3517 4586 3684 4658 proli-

2105 4685 2431 4749 cisceretur,
2461 4699 2572 4740 non
2602 4683 2766 4739 modo
2798 4683 2999 4738 rationi
3021 4685 3551 4746 consentaneum,et
3570 4677 3686 4732 olli-

2105 4777 2194 4833 cio
2227 4777 2464 4847 quodam
2489 4792 2519 4830 a
2550 4792 2637 4832 me
2659 4776 2900 4832 debitum
2945 4775 3153 4846 putavi,
3184 4773 3278 4829 tibi
3309 4783 3368 4828 ut
3403 4771 3500 4843 per
3532 4771 3686 4825 illum

2109 4871 2342 4926 salutem
2367 4869 2639 4934 dicerem,
2663 4884 2883 4940 unaque
2911 4867 3167 4922 charitati
3197 4873 3323 4930 tum,
3359 4880 3423 4920 ac
3456 4863 3690 4918 benevo-

2112 4961 2313 5024 lentiae,
2343 4975 2450 5030 qua
2477 4967 2700 5030 pr0pter
2722 4958 2911 5022 Deum,
2940 4957 3168 5027 ejusque
3183 4954 3464 5010 Christum
3489 4951 3690 5009 fratres

2113 5051 2465 5121 prosequeris
2499 5050 2847 5119 subjicerem,
2873 5063 3038 5118 quam
3069 5062 3172 5104 nos
3200 5047 3550 5102 vehementer
3574 5045 3692 5116 epi~

2111 5159 2314 5214 scopus
2360 5143 2610 5206 infestet,
2659 5149 2822 5212 atque
2861 5140 3137 5196 hostiliter
3182 5139 3542 5210 insequatur,
3589 5152 3692 5191 nec

2112 5235 2282 5290 ullum
2331 5235 2456 5288 mali
2486 5249 2659 5305 genus
2701 5247 2811 5288 non
2848 5232 3141 5288 adversum
3180 5245 3282 5285 nos
3311 5235 3688 5292 commoveat,

2114 5342 2289 5395 usque
2335 5340 2402 5380 eo
2443 5334 2502 5379 ut
2536 5341 2636 5380 nos
2664 5324 2826 5380 etiam
2859 5323 3006 5377 velut
3039 5322 3236 5391 impios
3278 5337 3343 5377 ac
3394 5320 3566 5376 Deum
3596 5335 3694 5375 ne-

2193 5634 2305 5705 (75)
2348 5633 2457 5688 Καὶ
2485 5629 2827 5705 πᾶν-κακὸν
2878 5627 3048 5705 κιξθεῖ.
3094 5626 3220 5705 Leg.
3254 5641 3321 5705 ex
3350 5625 3696 5705 Tlteo'loreto

2121 5697 2217 5758 lib'.
2253 5697 2299 5769 ι,
2323 5719 2446 5772 cap.
2480 5703 2532 5765 5,
2577 5703 2667 5755 ubi
2707 5702 2832 5753 lucc
2863 5701 3049 5753 eadem
3090 5698 3318 5772 cpistola
3361 5697 3686 5772 continetur,

2122 5764 2297 5827 πάντα
2327 5764 2700 5833 κάλωνκινεῖ,
2731 5786 2934 5824 omnem
2959 5764 3436 5822 movet—rudentem.
3462 5764 3694 5820 Notissi-

2125 5860 2271 5899 mum
2303 5853 2385 5900 est
2412 5843 2781 5909 proverbium.
