4138 6396
382 375 496 430 215

990 375 1364 434 ADVERSUS
1402 375 1744 433 lMEIRESES
1781 375 1909 430 LIB.
1951 376 2014 431 Il.
2057 374 2221 432 TOM.
2261 373 2326 430 ll.
2354 369 2716 428 —HA'SRES.
2758 371 2943 427 LXIX.

3535 365 3642 426 2ιῦ

451 493 528 545 Ζ’.
581 489 742 545 Ἀλλά
771 490 866 546 καὶ
889 489 1054 562 ἄλλην
1085 491 1196 546 ἀπὸ
1216 491 1584 564 Νικομηδείας
1623 491 1701 562 τῷ
1728 492 1969 562 άγιωτάι

2145 486 2260 544 Vll.
2298 487 2475 544 Aliam
2505 499 2765 561 praeterea
2796 484 3114 542 Nicomedia
3137 484 3204 540 ad
3233 482 3638 547 samtissimum

378 599 457 653 τῳ
490 580 649 653 πάπᾳ
679 569 1014 652 Ἀλεξάνδρῳ
1041 582 1334 650 ἀπολογίας
1369 583 1528 653 χάριν
1554 583 1712 654 δῆθεν
1735 587 1964 653 γραφεῖ-

380 689 507 738 σαν,
546 674 641 725 καὶ
667 673 836 744 χείρω
864 672 1026 726 πάλιν
1051 674 1152 744 τῆς
1185 673 1348 727 αὑτοῦ
1387 673 1620 737 ίοὸολίας
1647 674 1964 746 ἀπαραλεί-

381 781 535 827 πτως
561 763 900 835 βλασφήμων
927 766 1186 837 ῥημάτων
1215 765 1701 838 ἐμπεπλησμένην,
1741 767 1834 821 καὶ
1869 767 1962 820 ὑπ’

379 855 552 909 αὑτοῦ
595 859 653 910 ὲν
706 858 1083 932 Ἀλεξανδρείᾳ
1120 858 1535 932 ἀπεσταλμένην
1590 860 1958 932 ὑπετάξαμεν.

382 950 495 1001 Καὶ
527 947 674 1002 ἐστιν
702 949 818 1020 ήδε·

573 1061 896 1130 Ἐπιστολὴ
938 1061 1164 1132 Ἀρείου
1186 1064 1338 1132 πρὸς
1371 1063 1786 1132 Ἀλέξανδρον.

455 1175 732 1246 Μακαρίῳ
789 1178 951 1246 πάπᾳ.
1008 1176 1103 1229 καὶ
1162 1175 1447 1247 ὲπισκόπῳ
1494 1173 1654 1248 ἡμῶν
1715 1174 1968 1242 Ἀλεξάν-

383 1264 501 1336 δρῳ
537 1267 586 1317 oi
631 1264 993 1338 πρεσϐύτεροι
1035 1267 1130 1319 καὶ¹
1161 1267 1212 1320 οἱ
1245 1266 1484 1320 διάκονοι
1528 1268 1587 1320 ὲν
1623 1267 1813 1338 Κυρίῳ
1845 1267 1966 1338 χαί-

390 1371 526 1426 ρειν.

469 1469 537 1522 Ἦ
565 1467 746 1532 πίστις
793 1468 950 1540 ήμῶν
999 1469 1033 1539 ή
1074 1468 1141 1522 ἐκ
1169 1468 1470 1540 προγόνων,
1510 1468 1576 1540 ἢν
1604 1467 1700 1522 καὶ
1737 1467 1846 1523 άπὸ
1871 1468 1964 1522 σοῦ

390 1561 813 1635 μεμαθήκαμεν,
851 1562 1086 1634 μακάριε
1135 1563 1314 1628 πάπα,
1354 1561 1498 1615 ἔστιν
1533 1560 1697 1630 αὕτη·
1737 1560 1966 1630 Οἴδαμεν

387 1653 489 1706 ’ἐνα
515 1653 646 1706 Θεὸν
673 1655 830 1724 μόνον
859 1638 1172 1725 ἀγέννητον,
1206 1653 1366 1724 μόνον
1387 1652 1574 1720 ἀΐδιον,
1613 1652 1773 1724 μόνον
1802 1653 1968 1724 ἄναρ-

391 1761 506 1816 χον,
538 1744 697 1814 μόνον
719 1744 992 1812 ἀληθινὸν,
1029 1745 1329 1800 ἀθανασίαν
1353 1743 1564 1815 έχοντα,
1599 1745 1760 1815 μόνον
1782 1744 1966 1813 σοφὸν,

394 1833 557 1903 μόνον
602 1835 823 1903 ἀγαθὸν,
869 1835 1028 1906 μόνον
1067 1835 1350 1906 δυνάστην,
1399 1835 1558 1905 μόνον
1593 1835 1788 1906 κριτὴν
1831 1834 1968 1890 πάν-

390 1942 523 1987 των,
555 1925 850 1998 διοικητὴν,
883 1927 1183 1997 οἰκονόμον,
1225 1926 1514 1997 ἄτρεπτον,
1545 1927 1641 1980 καὶ
1679 1925 1972 1980 ἀναλλοίω-

389 2037 505 2085 τον,
532 2020 760 2084 δίκαιον,
805 2021 900 2074 καὶ
928 2021 1153 2090 ἀγαθὸν,
1183 2021 1349 2092 νόμου
1395 2021 1491 2076 καὶ
1525 2021 1840 2092 προφητῶν,
1860 2020 1973 2085 ,καὶ

391 2113 604 2182 Καινῆς
633 2112 908 2183 Διαθήκης
934 2112 1122 2166 τοῦτον
1145 2113 1276 2166 Θεὸν
1301 2114 1636 2184 γεννήσαντα
1663 2113 1789 2165 Υίὸν
1815 2130 1972 2183 μονοε-

393 2204 527 2274 γενῆ
551 2203 657 2274 πρὸ
680 2206 888 2275 χρόνων
916 2205 1170 2268 αἰωνίων,
1194 2204 1259 2257 δι’
1285 2198 1346 2257 οὗ
1370 2205 1462 2257 καὶ
1484 2207 1609 2268 τοὺς
1631 2204 1852 2268 αἰῶνας,
1881 2205 1974 2257 καὶ

392 2295 465 2348 τὰ
509 2296 672 2349 λοιπὰ
704 2297 990 2368 πεποίηκε·
1025 2299 1366 2368 γεννήσαντα
1397 2296 1454 2350 δὲ
1493 2297 1555 2349 οὑ
1586 2296 1825 2365 δοκήσει,
1859 2295 1972 2348 ἀλλ’

392 2388 644 2460 ἀληθείᾳο
679 2389 1059 2460 ὑποστήσαντα
1079 2389 1135 2442 δὲ
1164 2388 1276 2460 ἰδίῳ
1298 2387 1579 2460 θελήματι,
1598 2388 1865 2458 ἄτρεπτον
1881 2387 1976 2440 καὶ

394 2481 771 2546 ἀναλλοίωτον,
801 2481 1005 2552 κτίσμα
1031 2481 1123 2534 τοῦ
1147 2480 1281 2533 Θεοῦ
1311 2480 1536 2542 τέλειον,
1570 2479 1800 2550 ἁλλόὑχ
1814 2479 1888 2543 ὡς
1917 2479 1976 2533 ἓν

395 2575 506 2628 τῶν
535 2574 874 2645 κτισμάτων,
910 2575 1177 2645 γέννημα,
1214 2573 1327 2626 ἀλλ’
1352 2573 1449 2643 οὑχ
1475 2572 1549 2638 ὠς
1571 2572 1628 2625 ἓν
1650 2571 1758 2625 τῶν
1783 2589 1976 2644 γεννη-

400 2667 607 2738 μάτων
633 2666 739 2720 οὐδ’
769 2667 846 2730 ὠς
877 2666 1228 2730 Οὑαλεντῖνος
1252 2665 1522 2738 προϐολὴν
1549 2665 1663 2736 (78)
1696 2665 1756 2718 τὸ
1781 2665 1978 2735 γέννη·

399 2775 479 2830 μα
504 2757 598 2811 τοῦ
620 2758 833 2830 Πατρὸς
856 2759 1231 2828 ἐδογμάτισεν·
1260 2759 1368 2811 οὐδ’
1393 2758 1464 2822 ὡς
1492 2759 1788 2828 Μανιχαῖος
1814 2759 1979 2829 μέρος

396 2848 681 2918 ὁμοοὺσιον
713 2849 807 2901 τοῦ
837 2848 1047 2920 [ἰατρὸς
1089 2847 1151 2900 τὸ
1192 2847 1439 2918 γέννημα
1484 2849 1833 2918 εἰσηγήσατο·
1869 2846 1977 2900 οὐδ’

395 2937 474 3000 ὡς
501 2937 789 3000 Σαὸέλλιος
810 2940 838 2990 6
861 2937 957 3008 τὴν
989 2937 1193 3007 μονάδα
1224 2937 1448 3007 διαιρῶν
1476 2937 1772 3008 υίοπάτορα
1803 2932 1974 2990 εἶπενο

397 3026 508 3080 οὐδ’
540 3026 616 3089 ὡς
651 3027 900 3098 Ἱέρακας
933 3025 1123 3096 λύχνον
1154 3025 1262 3079 ἀπὸ
1293 3023 1508 3096 λύχνου,
1544 3026 1578 3098 ἢ
1609 3027 1684 3090 ὡς
1725 3026 1980 3098 λαμπάδα

399 3120 481 3181 εἰς
509 3117 622 3170 δύο·
655 3118 775 3171 οὐδὲ
800 3118 890 3171 τὸν
919 3118 1048 3171 ὄντα
1079 3118 1341 3190 πρότερον
1373 3114 1596 3190 ὕστερον
1625 3119 1976 3191 γεννηθέντα,

2069 594 2264 651 papam
2288 581 2656 636 Alexandrum
2684 580 2843 652 quasi
2874 577 3174 636 excusandi
3195 577 3281 633 sui
3306 577 3476 648 gratia
3504 583 3643 632 scrt-

2069 676 2178 742 psit
2215 674 2373 744 longe
2435 675 2717 745 superiore
2770 673 2862 728 illa
2894 665 3314 742 pejorem,quae
3343 676 3459 724 tota
3494 668 3644 722 illius

2069 768 2157 816 est
2202 778 2429 828 veneno,
2479 778 2545 819 ac
2593 761 3004 818 contumeliosis
3049 760 3106 814 in
3145 759 3388 814 divinum
3439 772 3643 812 numen

2069 853 2298 910 vocibus
2340 854 2562 922 referta,
2605 870 2770 926 quam
2819 851 3242 909 Alexandrinam
3289 850 3461 906 misit.
3510 848 3643 903 Eam

2073 957 2174 1000 nos
2206 944 2605 1015 subjiciendam
2637 945 2970 1016 putavimus.

2401 1054 2647 1124 Epistola
2675 1054 2793 1109 Arii
2825 1054 2893 1107 ad
2927 1053 3315 1108 Alexandrum.

2140 1169 2307 1226 Beato
2356 1185 2509 1242 papae
2542 1178 2597 1226 et
2626 1171 2882 1241 episcopo
2912 1177 3102 1224 nostro
3151 1165 3482 1232 Alexandro,
3515 1176 3640 1234 pre-

2071 1262 2274 1334 sbyteri
2302 1272 2356 1319 et
2382 1260 2619 1326 diaconi,
2655 1267 2886 1317 salutem
2918 1262 2978 1315 in
3014 1260 3266 1315 Domino.

2144 1479 2308 1537 Fides
2329 1479 2422 1536 illa
2458 1495 2626 1552 quam
2651 1488 2758 1537 eta
2788 1479 3088 1550 majoribus
3130 1479 3464 1550 accepimus,
3517 1485 3571 1532 et
3611 1493 3642 1532 a

2072 1579 2128 1628 te
2154 1573 2466 1635 didicimus.
2504 1572 2822 1628 beatissime
2850 1587 3009 1643 papa,
3053 1571 3323 1643 ejusmodi
3354 1581 3440 1627 est
3470 1587 3483 1623 :
3516 1569 3647 1626 Cre-

2073 1669 2255 1724 dimus
2296 1682 2466 1722 unum
2483 1651 2651 1722 Deum
2673 1705 2690 1730 ,
2742 1666 2919 1720 solum
2948 1665 3269 1736 ingenitum,
3296 1662 3470 1720 solum
3489 1670 3648 1717 aeter-

2075 1772 2227 1822 num,
2281 1755 2458 1822 solum
2505 1754 2767 1825 principio
2841 1766 3139 1818 carentem,
3205 1753 3385 1809 solum
3431 1767 3644 1818 verum,

2077 1847 2254 1902 solum
2305 1846 2688 1909 immortalem,
2722 1846 2899 1901 solum
2953 1845 3274 1915 sapientem,
3321 1843 3498 1899 solum
3550 1844 3648 1899 bo-

2077 1950 2232 1999 num,
2266 1934 2442 1990 solum
2478 1942 2885 2004 praepotentem,
2914 1935 3092 1989 solum
3110 1933 3377 2004 iudicem,
3400 1933 3648 1988 omnium

2076 2027 2473 2083 moderatorem
2521 2035 2576 2081 et
2621 2027 3151 2088 administratorem,
3233 2025 3520 2080 immotum
3595 2030 3650 2078 et

2079 2116 2493 2181 immutabilem,
2527 2117 2758 2187 justum,
2808 2117 3042 2184 bonum,
3081 2113 3220 2185 legis
3263 2126 3320 2174 et
3357 2114 3651 2186 prOplieta—

2080 2222 2221 2271 rum,
2257 2222 2320 2262 ac
2359 2206 2494 2262 Novi
2529 2207 2864 2264 Testamenti
2896 2209 3104 2279 pariter
3145 2205 3353 2272 Deum,
3403 2206 3496 2277 qui
3529 2205 3653 2260 uni-

2079 2300 2320 2371 genitum
2361 2297 2561 2354 Filium
2610 2309 2738 2356 ante
2780 2301 3114 2372 sempiterna
3161 2306 3405 2368 tempora
3437 2295 3649 2368 genuit,

2081 2406 2178 2460 per
2215 2406 2376 2461 quem
2415 2401 2470 2447 et
2504 2394 2727 2456 saecula,
2757 2399 2813 2448 et
2845 2393 3058 2461 reliqua
3103 2389 3412 2460 procreavit
3439 2389 3648 2444 omnia.

2081 2480 2348 2537 Genuisse
2380 2498 2547 2553 porro
2573 2483 2809 2539 dicimus
2843 2483 3044 2552 reipsa,
3081 2495 3202 2536 non.
3232 2479 3419 2551 specie
3469 2490 3655 2544 tenus,

2082 2587 2147 2627 ac
2173 2573 2560 2630 subsistentem
2583 2575 2734 2629 illum
2761 2585 2954 2644 suapte
2981 2574 3262 2628 voluntate
3291 2572 3640 2634 condidisse;

2081 2662 2374 2732 ejusmodi,
2405 2672 2463 2717 ut
2490 2679 2668 2734 neque
2698 2663 2970 2725 converti,
2999 2679 3178 2734 neque
3208 2662 3422 2717 mutari.
3442 2660 3619 2732 possit
3638 2677 3664 2728 ;,

2082 2755 2380 2826 perfectam
2417 2755 2512 2811 Dei
2542 2765 2872 2819 creaturam,
2906 2755 2999 2812 sed
3034 2771 3142 2810 non
3175 2763 3436 2825 tanquam
3470 2767 3657 2808 rerum

2084 2855 2388 2901 creatarum
2433 2848 2670 2918 aliquam
2705 2846 2912 2902 :l‘etum
2955 2847 3200 2912 itidem,
3235 2846 3332 2902 sed
3380 2860 3489 2900 non
3539 2852 3660 2898 tan-

2084 2954 2245 3007 quam
2291 2955 2458 2994 unum
2488 2957 2518 2995 e
2551 2941 2760 2995 caneris
2794 2955 2934 3004 ;nec
2975 2927 3434 3010 quemadmodum
3472 2935 3660 2991 Valen-

2085 3031 2235 3087 tinus
2269 3031 2637 3092 asseverabat,
2659 3032 3006 3087 emissionem
3037 3027 3328 3101 quamdam
3363 3028 3517 3082 illum
3540 3042 3662 3082 esse

2086 3118 2262 3176 Patris
2313 3119 2522 3174 fetum:
2562 3129 2657 3175 aut
2708 3129 2768 3174 ut
2815 3119 3149 3174 Manichacus
3199 3116 3450 3172 eumdem
3507 3116 3661 3169 illum

399 3211 434 3282 ἢ
477 3211 860 3264 ὲπικτισθέντα
894 3213 973 3274 είς
1003 3210 1150 3274 Υίδν,
1180 3209 1252 3275 ὡς
1297 3210 1393 3264 καὶ
1421 3212 1485 3264 σὺ
1521 3211 1704 3276 αὐτὸς,
1745 3212 1979 3283 μακάριε

2089 3209 2253 3264 fetu-In
2300 3221 2505 3281 partem
2545 3226 2668 3266 esse
2707 3211 2844 3265 dixit
2893 3209 3041 3264 Patri
3087 3207 3661 3273 consubstantialem;

402 3304 582 3366 πάπα,
627 3306 684 3356 ὲν
725 3303 864 3376 μέσῃ
890 3320 948 3356 τε
979 3303 1245 3375 ἐκκλησίᾳ
1285 3305 1379 3358 καὶ
1418 3305 1678 3378 συνεδρίῳ
1725 3306 1982 3360 πλειστά-

400 3413 491 3455 κις
523 3398 647 3454 τοὺς
675 3396 845 3449 ταῦτα
878 3398 1345 3468 εἰσηγησαμένους
1387 3399 1794 3470 ἀπηγόρευσαςο
1831 3399 1978 3465 ἀλλ’,

404 3489 483 3562 ὡς
525 3487 726 3558 φαμὲν,
771 3487 1034 3556 θελήματι
1076 3486 1169 3541 τοῦ
1203 3487 1337 3541 Θεοῦ
1382 3488 1488 3560 πρὸ
1519 3490 1725 3560 χρόνων
1753 3491 1849 3544 κα)⁸
1877 3492 1982 3562 πρὸ

404 3561 618 3634 αἶὼνων
649 3577 957 3636 κτισθέντα,
986 3579 1159 3632 καὶτὸ
1188 3578 1287 3649 ζῇν
1317 3579 1412 3631 καὶ
1446 3579 1506 3632 τὸ
1533 3579 1671 3634 εἶναι
1711 3581 1863 3652 παρὰ
1887 3561 1981 3634 τοῦ

401 3673 618 3743 Πατρὸς
641 3671 918 3742 εἰληφότα,
947 3671 1042 3725 καὶ
1069 3671 1166 3736 τὰς
1188 3670 1344 3736 δόξας
1366 3673 1869 3743 συνυποστήσαντος
1889 3675 1985 3727 au-

400 3761 483 3832 τῷ
519 3760 612 3814 τοῦ
644 3761 887 3832 Πατρός’
921 3761 982 3813 οὑ
1012 3759 1119 3831 γὰρ
1148 3762 1176 3812 6
1205 3761 1397 3830 Πατήρ
1417 3759 1539 3822 δοὺς
1574 3759 1724 3830 αὑτῷ
1764 3761 1982 3819 πάντων

2087 3319 2266 3375 neque
2300 3313 2356 3359 ut
2388 3303 2663 3362 Sabellius
2697 3306 2789 3376 qui
2831 3307 3091 3360 unitatem
3121 3304 3330 3364 divisit,
3362 3309 3418 3358 et
3464 3300 3662 3355 Filium

2086 3395 2300 3452 Patrem
2335 3399 2665 3468 appellavit;
2703 3415 2812 3454 non
2843 3399 3002 3470 733
3029 3401 3156 3454 item
3191 3405 3250 3452 ut
3267 3394 3549 3460 Hieracas,
3578 3394 3664 3447 lu-

2087 3504 2307 3544 cernam
2341 3506 2372 3546 e
2417 3491 2660 3555 lucerna,
2715 3499 2810 3544 aut
2860 3491 3161 3560 lampadem
3205 3489 3260 3543 in
3305 3485 3443 3541 duas
3482 3491 3666 3554 partes

2088 3581 2338 3645 divisam,
2368 3597 2545 3653 neque
2575 3599 2702 3638 vero
2722 3583 3014 3653 ejusmodi,
3038 3590 3098 3637 ut
3118 3597 3242 3638 cum
3262 3580 3416 3652 prius
3447 3577 3662 3636 fuisset.

2089 3681 2278 3742 postea
2329 3673 2401 3729 sit
2447 3674 2702 3743 genitus,
2761 3690 2825 3730 ac
2867 3675 3049 3730 denuo
3102 3680 3320 3729 creatus
3356 3671 3412 3726 in
3446 3667 3666 3723 Filium.

2093 3763 2561 3830 Quemadmodum
2593 3773 2655 3819 tu
2693 3765 2831 3836 ipse,
2855 3764 3173 3820 beatissime
3200 3776 3361 3833 papa,
3397 3757 3576 3814 media
3613 3756 3668 3810 in

402 3853 504 3926 τὴν
554 3853 917 3925 κληρονομίαν
963 3853 1255 3934 ὲστέρησεν
1304 3851 1493 3905 ἑαυτὸν
1520 3851 1580 3904 τὸ
1611 3853 1628 3883 ¹
1675 3853 1979 3925 άγεννήτως

2089 3857 2340 3922 ecclesia,
2381 3866 2435 3912 et
2465 3873 2728 3914 consessu
2767 3871 3140 3929 saepenumero
3177 3854 3272 3926 qui
3304 3854 3419 3909 haec
3450 3865 3667 3907 assere-

403 3944 552 4015 ἒχειν
576 3943 857 4014 ὲν⁶έαυτῷ.
893 3944 1052 4015 Πηγὴ
1080 3945 1189 4014 γάρ
1216 3943 1331 3996 ἐστι
1354 3943 1592 3998 πάντων.

2090 3957 2212 4002 rent
2243 3949 2529 4016 refutasti;
2562 3950 2680 4015 sed,
2717 3958 2776 4005 ut
2804 3950 3064 4014 diximus,
3098 3947 3194 4003 Dei
3222 3948 3504 4003 voluntate
3536 3951 3663 3997 ante

405 4043 680 4107 tempora,
712 4045 766 4091 et
809 4037 1007 4092 saacula
1044 4036 1227 4090 omnia
1283 4043 1548 4099 creatum,
1603 4041 1663 4089 ut
1700 4034 1924 4102 viveret,
1979 4045 2142 4108 atque
2190 4046 2359 4107 esset,
2410 4056 2443 4096 a
2478 4039 2641 4099 Patre
2685 4043 2962 4112 accepisse
3004 4039 3329 4096 conﬁtemur
3366 4055 3386 4092 :.
3417 4035 3554 4090 adeo
3601 4042 3661 4086 ut

403 4127 598 4183 eadem
629 4129 723 4183 illa
754 4129 1029 4184 creatione
1061 4128 1289 4198 gloriam
1325 4128 1375 4183 ei
1414 4126 1574 4182 Pater
1611 4127 2065 4201 splendoremque
2111 4134 2404 4190 contulerit
2455 4153 2468 4188 :
2507 4149 2684 4205 neque
2719 4134 2865 4189 enim
2919 4132 3342 4190 existimandum
3396 4136 3503 4189 est.
3557 4125 3659 4180 Pa-

407 4227 571 4285 trem,
615 4235 738 4274 cum
774 4222 1018 4274 omnium
1051 4236 1236 4276 rerum
1309 4219 1809 4316 chpossessionem
1878 4223 2136 4290 traderet,
2182 4227 2284 4282 sibi
2325 4226 2429 4298 ipsi
2476 4227 2620 4297 quod
2666 4226 2905 4297 ingenita
2948 4224 3183 4296 quadam
3217 4222 3274 4277 in
3335 4235 3394 4277 se
3444 4217 3658 4273 ratione

402 4315 725 4370 continebat
752 4316 1038 4370 ademisse.
1081 4314 1226 4370 Fons
1250 4314 1396 4370 enim
1425 4314 1516 4369 ille
1540 4315 1784 4369 omnium
1815 4325 1918 4370 est.

481 4409 564 4463 H'.
600 4407 763 4460 Ὥστε
813 4411 958 4480 τρεῖς
1017 4408 1152 4461 εἰσιν
1210 4406 1553 4471 ὑποστάσεις,
1604 4405 1814 4478 Πατὴρ,
1851 4407 1979 4470 Υἱὸς

2159 4405 2294 4464 Vill.
2329 4407 2693 4475 Quamobrem
2743 4416 2856 4463 tres
2912 4414 3043 4462 sunt
3089 4404 3435 4476 hypostases,
3484 4399 3663 4465 Pater,

404 4502 504 4558 καί
537 4500 690 4569 ὄργιον
717 4499 958 4571 Πνεῦμα.
980 4500 1092 4552 Καὶ
1109 4501 1137 4553 6
1166 4499 1264 4570 μὲν
1285 4499 1416 4562 Θεὸς
1444 4499 1615 4562 αἴτιος
1633 4497 1744 4551 τῶν
1771 4497 1979 4552 πάντων

2095 4497 2288 4562 Filius,
2325 4499 2563 4568 Spiritus
2597 4508 2843 4554 sanctus.
2881 4497 2946 4552 Et
2975 4495 3196 4567 quidem
3228 4493 3393 4558 Deus,
3423 4507 3547 4547 cum
3579 4507 3668 4546 re-

404 4594 695 4665 τυγχάνων
721 4594 867 4648 ἐστὶν
893 4591 1144 4664 ἄναρχος,
1177 4591 1504 4664 μονώτατος·
1534 4591 1563 4643 6
1579 4591 1636 4644 δὲ
1669 4591 1816 4655 Υἱὸς,
1834 4591 1979 4662 ἀχρό

2098 4605 2220 4645 rum
2252 4590 2497 4645 omnium
2524 4605 2691 4646 causa
2723 4589 2823 4654 sit,
2851 4589 3002 4644 solus
3035 4603 3101 4643 ex
3136 4585 3392 4641 omnibus
3416 4583 3667 4654 principii

487 4747 503 4779 ¹
535 4746 593 4802 F.
618 4746 734 4801 τοῦ.

482 4905 598 4977 (τε)
640 4904 784 4977 om:
827 4905 909 4977 ac

482 4905 598 4977 (78)
640 4904 776 4958 Οὐδ’
827 4905 909 4970 ὡς
965 4901 1362 4967 Οὐαλεντῖνος
1405 4899 1731 4969 προϐολήν;
1767 4897 1990 4952 Hieron.
2093 4895 2366 4968 προϐολήν
2401 4893 2725 4948 Valentinus
2758 4890 3171 4960 productionem
3205 4889 3479 4958 ejusmodi
3507 4903 3668 4943 voca-

406 4976 567 5040 Apol.
591 4978 629 5030 2
652 4978 703 5029 in
748 4974 871 5042 Ruf.
905 4973 1142 5028 Habetur
1169 4972 1422 5042 Dialogus
1453 4969 1592 5038 apud
1618 4969 1828 5042 Graecos
1866 4967 1994 5042 0_ri-
2092 4967 2353 5042 1)_at,Aqua
2377 4971 2718 5042 procreatum
2751 4963 2819 5016 ab
2849 4959 3334 5042 EonibuS_Jesutn
3365 4959 3666 5042 asserebat.

965 4901 1362 4967 Οὐαλεντῖνος
1405 4899 1731 4969 προϐολήν;
1767 4897 1990 4969 Hieron.

2092 4959 2207 5030 bat,
2247 4959 2353 5034 qua
2377 4971 2718 5034 procreatum
2751 4959 2819 5016 ab
2849 4961 3120 5034 monibus
3149 4959 3334 5034 Iesum
3365 4959 3666 5014 asserebat.

407 5039 578 5118 genis,
605 5057 653 5100 et
679 5039 910 5118 candidi
950 5039 1340 5118 Vatentiniauw:
1365 5039 1944 5118 ha'reseosdefensoris
1976 5053 1995 5090 :

410 5111 515 5186 (in)
546 5134 672 5185 quos
704 5117 837 5168 duos
868 5113 1189 5186 Aridabatas
1231 5111 1595 5186 ιίὶςιίςιιίὶιιιείιξιςΔ
1628 5113 1766 5186 inter
1798 5125 1854 5186 se
1879 5125 1996 5186 spe-

411 5178 586 5240 ctasse
635 5203 714 5240 me
747 5188 938 5252 fateor.
979 5184 1118 5237 Dicit
1151 5178 1444 5244 Candidus,
1488 5179 1685 5252 Filium
1719 5180 1784 5233 de
1817 5178 1996 5252 Patris

409 5273 527 5313 esse
575 5251 896 5315 substantia,
928 5271 1111 5307 errans
1141 5254 1194 5306 in
1224 5269 1282 5305 eo
1313 5253 1450 5321 quod
1481 5251 1750 5321 προϐολήν
1780 5251 1992 5302 asserit.

413 5326 464 5380 E
495 5325 699 5394 regione
725 5325 974 5394 Origenes
989 5323 1150 5392 juxta
1181 5319 1367 5394 Arium
1399 5332 1448 5373 at
1478 5319 1797 5394 Eunomia»:
1842 5335 2000 5394 [epu-

409 5387 570 5467 gnat;
591 5413 709 5450 eum
734 5395 810 5450 vel
825 5387 1100 5467 prolatum
1115 5409 1244 5467 esse.
1268 5391 1570 5467 vel__uatum,
1591 5408 1652 5467 ne
1675 5387 1997 5467 Deus_Pater

412 5459 685 5521 dividatur
710 5467 762 5519 in
792 5459 988 5533 partes.
1022 5462 1296 5533 Marianus
1334 5460 1644 5533 Hieronymi
1672 5459 1996 5533 sch_o_liastes

416 5536 688 5609 προϐολήν
744 5529 834 5590 hic
892 5532 1223 5609 esse‘credit
1262 5529 1645 5609 excellentialn,
1678 5539 1731 5584 et
1760 5529 1990 5609 ἐξοχήνε

413 5598 476 5663 εἰ
500 5598 684 5662 errare
707 5611 993 5674 propterea
1016 5601 1347 5674 Candidum,
1370 5601 1513 5674 quod
1556 5599 1786 5674 Patrem
1803 5598 1989 5652 excel-

416 5668 722 5733 lentiorem'
739 5668 874 5728 Filio
889 5673 1114 5728 diceret.
1148 5671 1255 5726 Sed
1286 5668 1428 5724 aliud
1450 5679 1535 5726 est
1560 5668 1803 5741 προϐολή
1821 5682 1982 5741 quam

414 5746 748 5804 excellentia.
781 5743 966 5814 Neque
989 5743 1131 5814 enim
1151 5751 1299 5814 recte
1325 5743 1594 5814 quispiam
1607 5738 1855 5814 ’προϐολή
1881 5738 1989 5791 dici

419 5825 637 5889 potest;
669 5817 771 5872 hoc
798 5806 895 5872 εει’
912 5813 1230 5871 excellentia
1255 5806 1466 5884 majore
1492 5806 1768 5884 praeditus.
1802 5806 1990 5878 Itaque

2092 5028 2717 5103 Nimir'uln'composito
2776 5047 2840 5085 ac
2889 5032 3211 5103 constituto
3240 5028 3562 5103 Pteromate,
3613 5035 3668 5082 et

2100 5105 2280 5161 Eone
2326 5099 2594 5166 restituto,
2615 5102 2682 5157 de
2741 5101 3014 5156 communi
3067 5099 3310 5154 omnium
3364 5100 3665 5159 voluntate,

2095 5193 2232 5250 cum_
2256 5175 2635 5246 unusquisque
2664 5172 2826 5242 'quod
2864 5169 3667 5250 inalbebat“praestantissimum

2100 5247 2395 5306 conferret,
2421 5236 2645 5299 'nov'um
2680 5236 2967 5310 quemdam
2996 5236 3266 5310 prodiisse
3296 5237 3489 5300 fetum,
3513 5236 3667 5310 vide-

2098 5319 2223 5371 licet
2267 5305 2472 5374 Iesum.
2524 5315 2640 5367 sive
2692 5305 3081 5366 Christum-ct
3139 5308 3497 5362 Salvatorem.
3530 5305 3668 5374 Vide
3729 5330 3731 5332 ·

2096 5386 2301 5441 Ηιετεε.
2335 5387 2421 5448 5i,
2457 5371 2604 5437 num.
2649 5381 2744 5446 15;
2779 5380 2870 5435 ubi
2897 5379 3105 5454 .{Eonas
3133 5393 3323 5454 omnes
3345 5378 3425 5454 ait
3461 5371 3668 5454 προϐα-
3715 5424 3723 5454 Ξ

2094 5456 2278 5516 λέσθαι
2338 5445 2630 5524 πρόϐλημα
2680 5445 2759 5515 είς
2813 5449 2977 5524 τιμὴν
3003 5449 3112 5524 ,καὶ
3142 5447 3300 5524 δόξαν
3333 5445 3426 5524 τοῦ
3468 5445 3664 5524 Βυθιοᾷ.
3717 5447 3723 5456 ’

2092 5515 2220 5583 Hinc
2269 5532 2354 5580 est
2383 5515 2773 5578 Valeiitiniana
2831 5515 3351 5590 προϐολήε-Αιίοίιιιξ
3378 5515 3666 5590 ⁸προϐολήν

2104 5597 2262 5652 Verbi
2289 5595 2686 5665 productionem
2727 5585 3000 5665 appellare
3053 5585 3504 5665 i_|ihil__pi'oli'ibet_.
3542 5585 3603 5637 Et
3635 5600 3666 5637 a

2090 5655 2352 5738 Gregorio
2388 5665 2645 5738 Νιιιῑιιιηἶ
2689 5655 3010 5730 ειείετὶείιιιε
3053 5655 3308 5714 Patribus
3339 5655 3500 5720 Verbi
3533 5670 3668 5726 προ-

2091 5733 2281 5802 σολέὺς
2308 5737 2468 5791 Pater
2503 5733 2834 5788 nominatur.
