4138 6396
379 385 487 441 217

1019 381 1402 440 ADVERSUS
1439 380 1786 440 HERESES
1824 379 1952 436 LIB.

2099 379 2264 434 TOM.
2304 378 2372 435 ll.
2405 407 2476 421 ο·-
2513 374 2790 433 ΗᾹΞΒΕΞ.
2832 372 3019 430 LXIX.

3540 372 3648 429 218

377 521 495 570 νον,
524 504 622 557 καὶ
648 503 919 573 ἀρνεῖσαι,
935 503 1124 573 τάχιον
1145 506 1174 557 ὀ
1199 503 1419 558 πάντων
1437 503 1715 574 Δεσπότης
1747 503 1963 572 ἐλέγξαι

2077 518 2229 572 quam
2272 500 2560 556 celerrime
2587 507 2644 556 te
2673 499 2744 552 ab
2775 497 3022 553 omnium
3060 493 3292 549 Domino
3329 492 3642 574 convictum

380 614 445 650 σε
473 595 608 666 ἔχει,
643 595 875 666 μάλιστα
902 594 1026 649 καθ’
1054 591 1120 651 οὖν
1141 594 1384 667 ὤμοσας.
1406 596 1570 650 Ὅθεν
1591 596 1684 648 καὶ
1706 595 1964 667 ἐφωράθη

377 687 450 740 τὰ
500 685 640 740 αὐτὰ
689 684 922 756 φρονῶν,
960 686 1056 740 καὶ
1108 688 1188 750 είς
1221 685 1516 757 πρόσωπον
1555 684 1652 738 106
1705 684 1969 755 βασιλέως

379 778 642 848 ἠλέγχθη.
694 778 862 832 Πάλιν
912 778 970 831 δὲ
1026 779 1288 842 ὡσαύτως
1340 780 1579 850 ἠρνεῖτο·
1639 778 1734 831 καὶ
1783 775 1968 829 πολλοὶ

381 872 547 926 αὐτοῦ
592 873 1004 944 ὑπερασπιστώ⁵
1052 871 1406 943 ὑπερεδέοντο
1442 870 1532 924 διὰ
1563 867 1827 922 Εὐσεϐίου
1875 865 1966 922 106

381 964 772 1034 Νικομηδείας.
811 963 986 1034 Ὂμοῦ
1036 964 1093 1017 δέ
1139 964 1286 1035 ζήλῳ
1329 963 1590 1035 ἐπαρθεὶς
1620 961 1731 1034 (82)
1762 965 1790 1015 ὁ
1817 960 1970 1032 βαοι-

383 1055 532 1117 λευς,
565 1056 660 1108 καὶ
690 1054 981 1125 ἐπιστολὴν
1009 1053 1253 1124 μεγάλην
1281 1053 1568 1122 ἐγκύκλιον
1593 1052 1690 1122 ὅλῃ
1722 1053 1788 1122 τῇ
1837 1052 1969 1103 Ῥω-

389 1143 557 1214 μανίᾳ
585 1144 830 1216 γέγραφε
867 1143 1009 1198 κατὰ
1039 1143 1251 1214 ’Δρείου
1276 1145 1372 1196 καὶ
1397 1142 1498 1213 τῆς
1525 1141 1688 1196 αὐτοῦ
1706 1141 1966 1204 πίστεως,

385 1236 567 1306 πάσης
596 1235 790 1305 σοφίας
830 1235 1081 1306 ἔμπλεων
1129 1235 1224 1288 καὶ
1266 1232 1535 1305 ἀληθινῶν
1573 1232 1852 1305 ῥημάτων·
1895 1230 1970 1293 ὡς

384 1329 484 1382 καὶ
516 1328 654 1399 αὕτη
692 1331 772 1391 εἰς
824 1327 904 1380 ἔτι
949 1327 1109 1398 δεῦρο
1161 1326 1313 1397 παρὰ
1368 1324 1677 1395 φιλοκάλοις
1716 1321 1967 1386 σώζεται,

385 1421 717 1490 περιέχουσα
732 1419 827 1491 τὴν
848 1421 1040 1490 ἀρχήν·
1073 1438 1093 1469 ‹
1118 1415 1837 1478 ΚωνσταντῖνοςιΣεϐαο-τὸς,
1871 1412 1970 1484 μέ-

383 1527 589 1578 γιστος.
628 1511 847 1580 ’Ἄρειος
869 1511 965 1562 καὶ
1003 1508 1272 1580 Ἀρειανοὶ
1292 1506 1462 1568 κακὸς
1493 1506 1788 1577 ἑρμηνεὺς,
1810 1502 1972 1555 αὑτό-

384 1599 754 1672 χρημαείκών
782 1617 841 1652 τε
870 1600 966 1652 καὶ
985 1597 1207 1668 ἀνδριάς
1225 1597 1342 1648 ἐστι
1367 1593 1462 1647 τοῦ
1482 1592 1751 1646 διαϐόλου.
1781 1610 1800 1641 ι
1835 1587 1970 1645 Εἶτα

388 1689 510 1761 μεθ’
539 1690 725 1760 ἕτερα,
753 1690 848 1742 καὶ
881 1689 1018 1761 μετὰ
1049 1688 1108 1740 τὸ
1141 1686 1340 1756 πολλὴν
1366 1685 1502 1756 πρὸς
1527 1683 1689 1737 αὐτὸν
1719 1680 1970 1734 ἐκθέσθαι

387 1783 455 1835 ἐκ
488 1782 648 1835 θείων
684 1783 880 1850 λογίων
906 1781 1238 1850 ἀντιλογίαν,
1259 1779 1354 1833 καὶ
1378 1777 1507 1840 ἔπος
1534 1775 1642 1831 ἀπὸ
1672 1773 1767 1828 τοῦ
1801 1774 1969 1844 Ὀμή-

387 1891 485 1946 ρου
518 1875 654 1946 πρὸς
705 1875 868 1928 αὑτὸν
927 1870 1289 1944 σχετλιασμοῦ
1337 1870 1498 1922 ἓνεκα
1553 1865 1969 1936 ἀποτεινόμενος
2005 1855 2046 1905 Β

386 1967 679 2037 παρέθετο,
715 1968 854 2038 ὅπερ
894 1969 990 2020 καὶ
1019 1966 1152 2020 αὐτὸ
1198 1965 1495 2032 ἀναγκαῖον
1528 1959 1761 2014 ἐνταῦθα
1793 1975 1969 2028 παρα-

387 2056 580 2110 θέσθαι
653 2056 956 2127 ἡγησάμην
1019 2056 1116 2108 καὶ
1177 2053 1358 2106 ἐστιν·
1418 2052 1554 2118 Ἀγε
1613 2049 1677 2120 δὴ
1761 2048 1914 2110 ἄδδες
1949 2048 1966 2076 ¹

390 2147 580 2218 ’Δρειε
613 2147 748 2218 (85),
788 2147 1030 2201 ἀσπίδων
1065 2144 1248 2217 χρεία.
1296 2143 1390 2213 Μή
1425 2159 1490 2211 γε
1523 2142 1588 2194 σὺ
1614 2140 1772 2193 τοῦτο
1816 2139 1972 2208 ποιή-

388 2256 511 2314 σῃς,
548 2239 883 2310 ἱκετεύομενο
919 2238 1192 2309 ἐπισχέτω
1238 2236 1296 2290 δέ
1326 2253 1388 2289 σε
1415 2238 1449 2307 ἡ
1477 2233 1610 2302 γοῦν
1653 2231 1972 2303 Ἀφροδίτης

386 2330 592 2402 ὁμιλία.

460 2448 518 2499 l'.
548 2443 880 2514 Βουλομένου
915 2441 1094 2497 τοίνυν
1120 2441 1214 2495 τοῦ
1249 2441 1462 2512 Ἀρείου
1493 2441 1552 2494 ἐν
1576 2443 1642 2512 τῇ
1679 2443 1972 2495 Κωνσταν-

384 2537 691 2591 τινουπόλει
713 2535 849 2606 ὁμοῦ
879 2533 1233 2606 συναχθῆναι,
1257 2533 1519 2587 Εὐσεϐίου
1545 2532 1968 2602 ἀναγκάζοντος,

387 2633 482 2684 καὶ
530 2630 598 2684 τὰ
629 2629 841 2702 μεγάλα
889 2628 1040 2701 παρὰ
1094 2628 1358 2699 βασιλέως
1393 2627 1669 2698 ἰσχύοντος
1696 2628 1788 2681 καὶ
1830 2644 1972 2697 παρ-

386 2722 732 2793 ενοχλοῦντος
753 2722 830 2793 τῷ
852 2723 911 2775 ἐν
943 2720 1514 2774 Κωνσταντινουπόλει
1543 2721 1829 2790 ἐπισκόπῳ
1851 2721 1972 2774 κατ’

387 2814 565 2866 ἐκεῖνο
613 2811 826 2883 καιροῦ,
859 2812 1116 2865 κάκείνου
1171 2810 1247 2882 μὴ
1298 2809 1622 2880 βουλομένου
1651 2812 1766 2881 μετ’
1810 2810 1973 2865 αὑτοῦ

388 2904 749 2976 συναχθῆναι,
793 2906 932 2976 μήτε
975 2906 1054 2968 είς
1085 2902 1374 2957 κοινωνίαν
1419 2903 1586 2957 αὑτοῦ
1643 2902 1833 2969 ἐλθεῖν,
1881 2905 1976 2957 καὶ

389 2999 838 3070 βιοφορουμένου,
889 2997 983 3050 καὶ
1019 2996 1314 3059 στένοντος,
1362 2994 1458 3048 τοῦ
1507 2994 1564 3048 δὲ
1591 2994 1852 3047 Εύσεϐίου
1884 2994 1975 3047 λέ-

389 3107 598 3158 γοντος·
635 3090 698 3142 Εἰ
732 3089 806 3159 μὴ
849 3087 1027 3158 βούλει
1071 3088 1176 3157 ἰδίᾳ
1201 3089 1267 3158 τῇ
1297 3086 1634 3160 προαιρέσει,
1667 3088 1732 3156 τῇ
1788 3084 1976 3157 αὔριον

387 3183 594 3256 ἡμέρᾳ,
613 3181 899 3254 Κυριακῆς
921 3180 1369 3251 ἐπιφωσκούσης,
1407 3181 1503 3234 σὺν
1527 3181 1652 3252 ἐμοὶ
1673 3179 1975 3233 είσελεύσε-
2004 3220 2046 3276 C

389 3291 521 3337 ται,
569 3275 664 3328 καὶ⁵
709 3273 762 3326 τί
799 3271 1026 3326 δύνασαι
1077 3271 1337 3341 ποιῆσαι;
1400 3271 1460 3325 '0
1482 3271 1540 3324 δέ
1586 3269 1980 3334 εύλαϐέστατος

389 3367 690 3430 ἐπίσκοπος
723 3365 820 3418 καὶ
849 3364 981 3418 Θεὸν
1015 3363 1347 3434 φοϐούμενος
1387 3362 1758 3435 Ἀλέξανδρος,
1801 3365 1830 3417 ὁ
1881 3365 1981 3435 τῆς

391 3458 569 3528 αὐτῆς
597 3458 829 3528 ἀρίστης
863 3457 1067 3521 πόλεως
1096 3457 1392 3520 ἐπίσκοπος
1423 3457 1735 3527 (ὁμώνυμος
1769 3455 1880 3528 γὰρ
1913 3451 1981 3526 ῆν

391 3550 488 3604 καὶ
509 3543 662 3612 οὗτος
693 3547 772 3619 τῷ
811 3549 870 3600 ἐν
915 3547 1334 3618 Ἀλεξανδρείᾳ),
1363 3546 1430 3599 δι’
1462 3547 1591 3618 ὅλης
1615 3548 1718 3618 τῆς
1747 3546 1980 3620 ἡμέρας,

394 3640 578 3706 ἐξότου
623 3641 847 3711 ἤκουσε,
885 3639 982 3694 καὶ
1023 3641 1123 3709 τῆς
1169 3641 1382 3706 νυκτὸς,
1425 3638 1696 3702 στενάζων
1724 3639 1819 3692 καὶ
1859 3655 1984 3691 στυ-

393 3734 614 3802 γνάζων
660 3733 960 3787 διετέλεσεν
1012 3733 1310 3804 εὐχόμενος
1366 3733 1464 3786 καὶ
1511 3731 1844 3804 παρακαλῶν
1889 3731 1982 3784 τὸν

394 3829 553 3894 θεὸν,
585 3830 619 3901 ἢ
658 3829 822 3882 αὐτοῦ
853 3829 952 3900 τὴν
979 3827 1158 3900 ψυχὴν
1203 3827 1564 3899 παραλαϐεῖν,
1597 3827 1684 3880 ῖνα
1729 3825 1804 3897 μὴ
1843 3841 1982 3896 συμ-

401 3921 599 3996 μιανθῇ
631 3924 699 3992 τῇ
726 3920 821 3974 τοῦ
862 3920 1070 3993 Ἀρείου
1098 3919 1373 3991 κοινωνίᾳ,
1411 3919 1444 3991 ἢ
1485 3918 1707 3990 ποιῆσαί
1727 3935 1780 3970 τι
1807 3917 1984 3988 παρά-

396 4017 568 4081 δοξονο
609 4015 746 4086 ὅπερ
799 4013 895 4067 καὶ
951 4012 1169 4080 ἐγένετο
1220 4011 1416 4082 τούτῳ.
1469 4010 1577 4064 Τοῦ
1627 4011 1737 4081 γὰρ
1771 4009 1980 4080 Ἀρείου

398 4107 682 4181 προελθεῖν
710 4106 854 4160 κατὰ
870 4104 970 4169 τὰς
1000 4104 1203 4167 νύκτας
1233 4102 1576 4174 ἐπειχθέντος
1599 4103 1693 4155 ἐπὶ
1720 4100 1782 4154 τὸ
1807 4117 1985 4171 παρα-

401 4199 789 4270 σκευασθῆναι,
839 4199 1112 4270 διέρχεται
1163 4197 1326 4269 μέχρι
1375 4195 1468 4249 τοῦ
1515 4193 1844 4265 ἀφεδρῶνος,
1886 4191 1984 4246 καὶ

398 4294 547 4348 ἔνδον
581 4297 638 4348 ἐν
687 4296 800 4356 τοῖς
828 4291 1050 4354 ἀϐάτοις
1085 4288 1452 4361 καθεζόμενος
1499 4287 1698 4358 εὑρέθη
1739 4285 1984 4355 λακήσας

398 4388 496 4442 καὶ
522 4386 757 4448 έκπνους
773 4383 1031 4454 γεγονώς.
1080 4382 1169 4445 Ὠς
1197 4381 1254 4434 δὲ
1283 4379 1425 4434 οὕτω
1444 4378 1802 4450 κατείληπται
1826 4378 1884 4430 ἐν
1905 4375 1982 4446 τῷ

399 4477 626 4533 δυσώδει
655 4478 804 4547 τόπῳ
848 4474 1080 4537 ἀποδοὺς
1107 4471 1269 4526 αὑτοῦ
1312 4471 1383 4524 τὰ
1407 4471 1533 4542 τέλη
1565 4469 1700 4540 (84),
1730 4468 1983 4538 καθάπερ

401 4569 498 4624 καὶ
531 4566 796 4638 ἐξήμεσεν
822 4565 1132 4636 ἀκάθαρτον
1165 4562 1546 4617 κακοπιστίαν.

474 4661 580 4713 lA'.
607 4659 694 4722 Ὡς
721 4654 814 4711 οὖν
844 4656 1035 4711 ταῦτα’
1063 4654 1342 4726 ἐτελέσθη,
1367 4657 1397 4708 ὁ
1428 4654 1679 4726 βασιλεὺς
1710 4655 1979 4736 μέριμναν

401 4748 954 4818 συνεισενεγκάμενος
980 4749 1047 4819 τῇ
1081 4745 1398 4818 Ἐκκλησίᾳ,
1432 4745 1518 4799 διὰ
1553 4745 1615 4799 τὸ
1651 4746 1752 4817 ἠδη
1781 4746 1981 4800 πολλά-

401 4861 490 4906 κις
509 4843 738 4906 πολλοὺς
761 4843 839 4903 εἰς
859 4838 1121 4910 ἀλλήλους
1144 4838 1494 4911 διαφέρεσθαί
1537 4855 1595 4891 τε
1625 4839 1719 4891 καὶ
1746 4838 1982 4908 σχίσμα-

401 4951 474 4988 τα
499 4935 667 4989 πολλὰ
700 4931 863 4998 εἷναι,
918 4932 1310 5004 συνεκρότησεν
1356 4930 1734 5002 οίκουμενικὴν
1768 4930 1983 4985 σύνοδον

399 5019 478 5080 ὧν
504 5027 598 5080 καὶ
635 5026 704 5080 τὰ
733 5025 976 5096 ὀνόματα
992 5026 1072 5087 είς
1103 5023 1183 5077 ἔτι
1207 5022 1368 5095 δεῦρο
1392 5022 1623 5088 σώζεται
1650 5024 1980 5094 τριακοσίων

400 5117 538 5171 δέκα
575 5117 667 5170 καὶ
695 5115 838 5170 ὀκτὼ
872 5115 1204 5170 ἐπισκόπων
1237 5115 1330 5168 καὶ
1375 5113 1834 5184 ἀναθεματίζουσι
1881 5115 1981 5186 τὴν

403 5209 616 5280 Ἀρείου
643 5209 826 5262 πίστιν
854 5208 912 5261 ἐν
942 5211 1008 5279 τῇ
1043 5207 1290 5260 Νικαέων
1318 5205 1504 5270 πόλει,
1542 5205 1637 5258 καὶ
1661 5206 1982 5276 ὁμολογοῦσι

480 5369 495 5399 ¹
525 5367 744 5422 Mutilus
777 5369 946 5422 locus.
977 5365 1039 5422 F.
1071 5363 1262 5439 Ἆρες.

481 5526 593 5598 (82)
644 5525 823 5598 Ὁμοῦ
864 5523 941 5598 δὲ
980 5523 1135 5592 ζήλῳ
1167 5525 1463 5598 ἐπαρθείς.
1514 5524 1669 5580 Edita
1726 5525 1981 5598 est__h;ec

409 5595 755 5653 Constantini
808 5597 871 5648 ad
918 5596 1108 5648 Arium
1137 5603 1190 5649 et
1212 5596 1448 5665 grianos
1482 5597 1713 5665 epistola
1747 5611 1776 5648 a
1811 5595 1981 5650 Fede-

412 5669 529 5722 rico
561 5667 780 5721 lllorello
836 5681 980 5735 anno
1025 5665 1177 5719 l595.
1212 5663 1290 5719 Ex
1315 5682 1420 5735 qua
1458 5663 1832 5721 emendandus
1892 5666 1980 5720 hic

412 5737 700 5806 Epiphanii
755 5738 928 5790 locus.
959 5734 1088 5802 Leg.
1129 5737 1314 5806 itaque
1355 5737 1498 5790 hunc
1532 5737 1584 5789 in
1621 5737 1838 5792 modum
1863 5737 1982 5804 ejus

414 5805 630 5864 initium
664 5823 679 5860 :
711 5808 1116 5868 Κωνσταντῖνος
1171 5805 1435 5868 Σεϐαστὸς
1467 5806 1739 5875 Μέγιστος
1786 5807 1983 5876 Ἀρείῳ

417 5879 512 5935 καὶ
539 5879 856 5944 Ἀρειανοῖς,
905 5891 1024 5944 quae
1078 5883 1162 5934 est
1192 5877 1499 5945 inscriptio.
1543 5879 1743 5935 Deinde
1799 5877 1981 5941 Κακὺς

2083 5661 2154 5721 Ἀ

2069 597 2159 658 iri,
2191 592 2426 648 maxime
2445 607 2541 662 per
2563 606 2724 662 quem
2751 588 3143 660 jusjurandum
3169 565 3504 655 conceperis.
3529 583 3650 649 Quo

2068 701 2133 742 ex
2177 693 2422 755 tempore
2447 674 2641 739 iisdem
2672 683 2724 736 in
2745 680 3029 738 erroribus
3049 679 3258 734 haerere
3277 676 3651 747 deprehensus

2068 789 2134 828 ac
2163 789 2349 829 coram
2382 773 2632 844 principe
2661 772 2973 834 convictus,
3004 771 3202 825 iterum
3237 767 3513 822 inliciatus
3542 773 3647 821 est.

2069 865 2137 919 Et
2167 865 2414 936 plerique
2441 865 2590 920 illius
2627 864 2845 934 patroni
2879 877 2979 933 pro
3009 876 3076 917 eo
3109 875 3207 930 per
3238 858 3533 915 Eusebium
3560 857 3654 912 Ni-

2068 957 2326 1012 comedia
2356 957 2672 1026 episcopum
2723 955 2867 1025 apud
2911 954 3211 1024 principem
3254 959 3504 1022 egerunt.
3543 949 3652 1006 Sed

2070 1048 2431 1103 nihilominus
2455 1049 2756 1118 imperator
2795 1046 2994 1101 divinae
3024 1044 3150 1100 ﬁdei
3184 1044 3380 1099 ardore
3407 1057 3656 1098 commo-

2070 1149 2180 1204 tus,
2225 1138 2511 1208 epistolam
2541 1139 2676 1192 bene
2700 1137 2916 1208 longam
2939 1144 2995 1191 et
3015 1135 3349 1206 encyclicam
3373 1132 3441 1188 ad
3462 1147 3655 1188 omnes

2071 1229 2322 1285 Romano
2349 1230 2583 1300 imperio
2616 1229 2869 1285 subditos
2903 1229 3168 1284 adversus
3196 1228 3388 1282 Arium
3427 1225 3656 1296 ejusque

2069 1319 2272 1389 dogma-
2300 1320 2543 1388 scripsit,
2563 1318 2716 1373 omni
2739 1318 3010 1389 sapientia
3034 1333 3097 1372 ac
3117 1318 3349 1373 veritate
3371 1315 3654 1383 refertam,

2071 1427 2190 1483 qua!
2218 1411 2275 1465 in
2302 1412 2629 1466 hodiernum
2662 1426 2842 1482 usque
2867 1413 3011 1466 diem
3037 1412 3376 1466 eruditorum
3400 1412 3658 1469 manibus

2071 1503 2287 1558 teritur.
2307 1501 2711 1572 Hujusinitium
2734 1511 2852 1558 est:
2883 1523 2902 1554 «
2926 1502 3322 1559 Constantinus
3351 1503 3656 1574 Augustus,

2071 1595 2370 1660 maximus,
2406 1604 2516 1649 etc.
2553 1595 2716 1650 Arius
2753 1609 2876 1649 cum
2917 1595 3138 1652 Arianis
3181 1597 3358 1651 malus
3388 1596 3659 1667 interpres

2072 1685 2348 1756 ipsissima
2375 1693 2459 1741 est
2485 1701 2666 1757 imago
2695 1700 2764 1740 ac
2805 1685 3159 1741 simulacrum
3203 1686 3427 1741 diaboli.
3467 1703 3484 1738 ι
3516 1684 3657 1740 Tum

2070 1788 2198 1848 post
2227 1779 2332 1833 alia
2357 1779 2608 1849 quaedam
2651 1793 2716 1834 ac
2765 1779 2987 1850 longam
3036 1794 3102 1834 ex
3152 1779 3457 1850 Scripturis
3481 1779 3659 1834 sacris

2075 1871 2221 1925 illius
2255 1870 2669 1937 refutationem,
2715 1880 2993 1942 postremo
3025 1886 3244 1926 versum
3275 1872 3562 1941 quemdam
3589 1885 3660 1926 ex

2077 1960 2311 2015 llomero
2342 1976 2473 2016 cum
2495 1961 2874 2032 indignatione
2904 1976 2969 2015 ac
2997 1962 3281 2017 stomacho
3309 1969 3656 2032 contorquet,
3700 1971 3709 1987 ‘

2075 2068 2235 2121 quem
2268 2052 2355 2107 hic
2391 2051 2779 2107 ascribcndum
2827 2054 3034 2122 putavi.
3080 2053 3212 2124 Age,
3263 2053 3459 2122 inquit,
3512 2052 3659 2109 Mars

2075 2145 2194 2209 Ari,
2221 2144 2431 2217 elypeis
2465 2161 2603 2216 opus
2641 2154 2746 2202 est.
2780 2145 2984 2202 Verum
3014 2163 3083 2202 ne
3114 2148 3169 2202 id
3198 2147 3369 2203 facias
3399 2148 3660 2202 obsecra-

2077 2254 2224 2303 mus,
2264 2252 2328 2293 ac
2357 2245 2411 2294 te
2435 2239 2629 2294 saltem
2649 2239 2876 2294 Veneris
2906 2238 3246 2295 consuetudo
3277 2239 3552 2294 cohibeat.

2146 2453 2217 2508 Χ.
2265 2451 2395 2510 Post
2438 2453 2556 2509 haec
2595 2468 2724 2509 cum
2763 2453 2929 2511 Arius
2961 2453 3441 2525 Constantinopoli
3471 2453 3662 2510 catho-

2079 2545 2196 2600 lica:
2250 2545 2508 2601 Ecclesia:
2558 2546 3004 2602 communionem
3061 2546 3364 2612 aﬂ‘ectaret,
3422 2546 3664 2602 instante

2079 2637 2342 2692 violenter
2365 2636 2620 2702 Eusebio,
2647 2638 2740 2708 qui
2774 2637 2918 2708 apud
2948 2638 3334 2708 imperatorem
3367 2638 3664 2708 plurimum

2080 2735 2311 2797 poterat,
2356 2736 2412 2783 et
2456 2729 3133 2799 Constantinopolitanum
3181 2728 3500 2799 episcopum
3539 2741 3662 2780 mo-

2081 2820 2270 2876 lestius
2301 2829 2549 2892 urgente,
2576 2821 2668 2891 qui
2695 2821 3141 2875 communionem
3173 2819 3253 2874 illi
3284 2819 3416 2876 dare
3446 2820 3662 2884 nolens,

2079 2920 2134 2968 et
2167 2927 2262 2981 per
2287 2915 2397 2967 vim
2429 2928 2729 2984 oppressus
2763 2912 3190 2982 ingemiscehat;
3225 2926 3460 2983 eumque
3493 2909 3667 2965 Euse-

2083 3002 2205 3056 bius
2227 3003 2461 3071 jactaret
2494 3001 2646 3057 :Nisi
2672 3015 2867 3072 sponte
2902 3003 3035 3059 velis
3071 3003 3382 3066 admittere,
3419 3001 3665 3056 crastina

2081 3093 2223 3159 luce,
2259 3111 2381 3165 qua}
2427 3093 2706 3149 Dominica
2749 3095 2876 3161 erit,
2915 3110 3132 3149 mecum
3173 3095 3228 3148 in
3259 3094 3552 3150 ecclesiam
3583 3093 3667 3148 in-

2081 3187 2247 3240 trabit
2290 3185 2457 3255 :quid
2479 3193 2660 3240 autem
2698 3194 2890 3240 contra
2925 3200 3026 3240 nos
3052 3185 3280 3240 ellicies?
3305 3194 3417 3239 tum
3445 3185 3668 3239 demum

2080 3277 2527 3348 religiosissimus
2581 3279 2876 3347 episcOpus
2912 3293 2978 3331 ac
3012 3276 3180 3332 Deum
3209 3278 3410 3332 timens
3431 3275 3668 3331 Alexan-

2079 3369 2177 3424 der
2197 3368 2456 3424 Ecclesia:
2498 3369 2575 3423 illi
2609 3369 2919 3439 praefectus,
2967 3372 3060 3441 qui
3111 3367 3486 3425 Alexandrino
3547 3367 3668 3438 epi-

2082 3476 2250 3531 scopo
2288 3463 2637 3532 cognominis
2656 3470 2794 3526 erat,
2815 3464 2906 3518 ubi
2941 3463 3059 3518 haec
3095 3462 3286 3526 audiit,
3310 3469 3423 3516 tota
3469 3460 3558 3516 die
3602 3474 3670 3516 ac

2081 3566 2242 3610 nocte
2267 3569 2393 3608 cum
2423 3555 2582 3625 735
2612 3558 2817 3626 gemitu
2844 3571 2909 3611 ac
2935 3571 3173 3611 mmrorc
3195 3559 3248 3608 in
3271 3554 3520 3609 oratione
3544 3569 3671 3624 per-

2082 3647 2376 3716 severavit,
2429 3649 2656 3716 supplex
2691 3663 2722 3701 a
2757 3647 2868 3702 Deo
2919 3657 3133 3718 petens,
3183 3656 3244 3702 ut
3291 3649 3376 3703 vel
3423 3648 3664 3700 animam

2081 3750 2240 3790 suam
2303 3737 2592 3806 reciperet,
2631 3753 2698 3792 ne
2733 3754 2793 3793 se
2821 3739 2937 3792 Arii
2968 3741 3354 3794 communione
3379 3739 3664 3810 pollueret,
3693 3733 3696 3736 ί

2084 3837 2178 3882 aut
2197 3829 2525 3899 stupendum
2551 3829 2810 3904 quiddam
2827 3842 2881 3886 et
2903 3831 3229 3886 inusitatutn
3259 3831 3494 3888 faceret:
3521 3830 3668 3902 quod

2083 3919 2302 3988 quidem
2325 3921 2600 3990 posterius
2624 3921 2882 3977 obtinuit.
2917 3920 3053 3976 Nam
3075 3924 3239 3978 Arius
3263 3933 3429 3978 noctu
3457 3922 3668 3978 ventris

2082 4009 2296 4066 levandi
2343 4014 2520 4083 gratia
2570 4014 2826 4086 progredi
2878 4023 3135 4082 coactus,
3183 4022 3239 4070 et
3284 4014 3340 4068 in
3387 4029 3666 4069 secessum

2084 4102 2298 4170 abiens,
2331 4105 2389 4158 in
2429 4106 2544 4176 ipsa
2580 4107 2715 4161 cella
2753 4107 3007 4163 desidens
3049 4109 3282 4178 crepuit,
3319 4123 3384 4163 ac
3411 4116 3668 4164 mortuus

2082 4209 2168 4253 est
2196 4199 2476 4256 inventus.
2537 4202 2616 4256 lta
2647 4201 2976 4257 fetidissimo
3016 4203 3072 4258 in
3128 4202 3248 4257 loco
3287 4209 3534 4272 repertus
3559 4207 3666 4265 est,

2081 4307 2205 4347 cum
2238 4292 2499 4349 intestina
2545 4295 2730 4350 omnia
2772 4296 2998 4366 perinde
3033 4295 3312 4366 eiecisset,
3360 4305 3526 4367 atque
3563 4293 3666 4350 im-

2083 4385 2440 4456 purissimum
2469 4387 2668 4458 dogma
2705 4395 3008 4444 vomuerat.

2152 4663 2245 4718 XI.
2279 4666 2376 4720 nis
2403 4665 2470 4719 ad
2500 4679 2626 4720 eum
2652 4666 2872 4722 modum
2901 4670 3068 4739 gestis
3093 4670 3390 4740 imperator
3411 4668 3665 4726 Ecclesia

2082 4758 2400 4824 consulens,
2432 4773 2558 4813 cum
2594 4759 2732 4829 jam,
2777 4761 3054 4833 plerisque
3083 4776 3113 4815 a
3145 4777 3204 4816 se
3233 4763 3464 4818 invicem
3497 4761 3665 4818 dissi-

2085 4848 2364 4914 dentibus,
2392 4851 2545 4904 varia
2570 4863 2756 4906 essent
2786 4853 3507 4916 schismata,mcumenicam
3533 4869 3664 4926 syn-

2086 4941 2250 4996 odum
2305 4942 2511 5013 colligit
2556 4957 2790 4999 cccxvm
2833 4945 3235 5015 episcoporum,
3269 4961 3500 5016 quorum
3558 4961 3664 5000 no-

2089 5029 2236 5083 mina
2261 5030 2328 5084 ad
2351 5031 2457 5085 hoc
2492 5047 2669 5101 usque
2707 5039 2921 5104 tempus
2959 5039 3212 5088 exstant:
3239 5034 3291 5087 hi
3319 5032 3512 5087 Nicaem
3533 5047 3664 5086 con-

2089 5123 2314 5192 gregati,
2339 5123 2598 5178 damnato
2622 5125 2739 5179 Arii
2757 5125 3031 5195 dogmate,
3049 5126 3408 5180 orthodoxam
3439 5124 3661 5180 Patrum

2090 5211 2250 5266 tidem
2304 5213 2724 5281 immutabilem,
2773 5225 2826 5272 et
2873 5216 2942 5271 ab
2981 5215 3244 5286 apostolis
3286 5230 3350 5270 ac
3383 5215 3662 5287 prophetis

2087 5528 2938 5653 éPiLSTgtiigtsgxgézt’ﬁras.
2964 5599 3090 5653 Cor.
3108 5613 3175 5653 ex
3203 5597 3393 5653 eadem
3431 5597 3513 5653 eni

2159 5597 2716 5698 (temptandam;
2736 5601 2938 5670 Ἀρειε.
2964 5599 3090 5655 Cor.
3108 5613 3175 5654 ex
3203 5597 3393 5655 eadem
3431 5597 3664 5670 epistola

2312 5671 2608 5806 ⁴ξίῗτῗὲεὸῖοὺς
2643 5739 2829 5797 αὐτοῦ
2855 5739 2926 5796 τὰ
2948 5739 3113 5812 τέλη.
3155 5739 3294 5813 Τέλη
3327 5737 3419 5795 hic
3449 5752 3551 5811 pro
3576 5737 3664 5793 ίιι-

2091 5817 2300 5867 ιεδιιηῖε
2328 5821 2639 5867 sumuntur.
3261 5824 3268 5830 ‘
