4138 6396
447 305 556 364 219

1827 307 1885 364 S.
1929 302 2270 364 EPlPllANll

3609 316 3713 373 230

447 427 703 482 traditam
752 427 1099 490 conﬁrmant.
1148 428 1436 488 Postremo
1489 430 1582 486 ubi
1640 430 2018 502 subscripsere

2145 430 2227 500 τὴν
2257 431 2368 486 τῶν
2401 433 2667 518 Πατέρων
2709 430 2990 504 όρθόδοξον
3031 431 3214 487 πίστιν
3257 433 3352 486 καὶ
3377 433 3592 504 ἀκλινῆ,
3625 431 3715 488 καὶ

447 513 717 590 episcopi,
741 529 795 576 et
811 521 1070 576 Arianam
1099 521 1352 577 haeresim
1375 522 1727 578 anathemate
1742 522 2031 589 devovere,

455 611 666 681 synodo
689 610 814 667 linis
847 619 933 667 est
963 612 1272 682 impositus.
1311 610 1515 667 Eadem
1548 613 1604 666 in
1634 613 1846 684 synodo
1867 627 2033 668 cano-

449 715 550 756 nes
578 701 801 770 quidam
833 702 1198 758 ecclesiastici
1240 702 1446 757 conditi
1497 715 1648 771 sunt;
1700 719 1914 758 necnon
1977 711 2033 758 et

447 790 518 844 de
559 789 844 847 Paschatis
887 793 1209 848 celebritate
1251 795 1685 858 constituerunt,
1731 795 1811 850 uti
1843 802 2034 850 sancta

447 882 541 938 illa
575 884 1097 956 religiosissimaque
1133 885 1253 942 dies
1305 885 1499 943 eodem
1535 894 1782 956 tempore
1821 901 2033 942 summa

447 989 575 1029 cum
616 977 984 1032 consensione
1027 993 1092 1032 ac
1121 978 1420 1032 concordia
1460 979 1867 1045 celebraretur;
1907 993 2035 1032 nam

447 1071 609 1120 antea
645 1081 756 1120 non
786 1066 977 1122 eadem
1013 1069 1260 1123 omnium
1293 1076 1413 1124 erat
1441 1069 1770 1125 observatio.
1801 1068 2033 1136 Quidam

447 1157 592 1211 enim
616 1160 1048 1224 antevertebant,
1082 1160 1172 1213 alii
1206 1160 1388 1216 medio
1413 1168 1680 1231 tempore,
1709 1161 1800 1214 alii
1825 1167 2037 1230 postre-

447 1260 539 1298 mo
573 1261 790 1300 sacrum
831 1247 982 1302 illum
1020 1248 1162 1303 diem
1195 1250 1449 1320 agebant,
1498 1259 1571 1316 et,
1623 1256 1681 1304 ut
1727 1264 1838 1303 uno
1870 1249 2036 1303 verbo

447 1331 650 1398 dicam,
680 1350 893 1390 summa
921 1345 1040 1390 erat
1066 1352 1163 1407 per
1194 1337 1326 1392 illud
1359 1346 1574 1408 tempus
1605 1337 1877 1393 conlusio.
1905 1336 2037 1403 Quae

359 1462 363 1468 .
450 1424 634 1477 omnia
659 1425 811 1494 pacis
844 1425 1248 1482 constituendae
1281 1427 1457 1499 gratia
1501 1426 1645 1481 beati
1685 1427 2035 1482 Constantini

449 1531 618 1586 opera
642 1531 706 1570 ac
735 1516 920 1572 studio
951 1519 1209 1588 componi
1247 1518 1390 1574 Deus
1424 1519 1815 1590 pacilicarique
1840 1521 2033 1576 voluit.

448 1607 743 1679 Postquam
766 1610 931 1665 Arius
964 1611 1306 1682 proscriptus
1335 1619 1440 1675 est,
1473 1620 1777 1682 caeteraque
1805 1612 1907 1666 hoc
1929 1628 2038 1666 mo-

2135 524 2244 578 ἀπὸ
2286 523 2396 578 τῶν
2445 525 2759 578 ἀποστόλων
2811 525 2906 578 καὶ
2959 524 3253 595 προφητῶν
3298 524 3682 595 παραδοθεῖσαι
3699 563 3715 580 .

2147 615 2609 687 Ὑπογραψάντων
2640 616 2698 670 δέ
2745 616 2856 670 τῶν
2892 616 3203 670 ἐπισκόπων
3255 618 3335 679 εἰς
3365 616 3588 688 ταύτην,
3621 618 3715 670 καὶ

2110 700 2656 776 ’ἀναθεματισάντων
2693 703 2793 776 τὴν
2835 704 3268 776 Ἀρειομανίτιδα
3303 705 3535 776 αἵρεσιν,
3574 706 3716 761 οὑτω

2135 797 2447 868 γεγένηται.
2481 798 2634 868 ’Δμα
2682 796 2740 850 δέ
2789 797 2885 850 καὶ
2913 798 2971 849 ἐν
3001 795 3078 866 τῷ
3106 794 3256 867 αὑτῷ
3308 798 3536 862 κανόνας
3564 799 3715 864 τινὰς

2136 889 2336 958 ἔθηκαν
2368 890 2426 942 ἐν
2470 892 2536 960 τῇ
2573 889 2777 959 συνόδῳ
2831 887 3333 958 ἐκκλησιαστικοὺς·
3373 888 3509 958 ὁμοῦ
3539 889 3593 942 δέ
3623 891 3716 944 καὶ

2136 980 2264 1050 περὶ
2291 979 2384 1033 τοὺ
2408 980 2598 1050 Πάσχα
2625 977 2830 1052 ὥρισαν
2859 979 2985 1048 μίαν
3004 977 3196 1031 ἐνωσιν
3234 977 3327 1031 καὶ
3347 977 3595 1048 ὁμόνοιαν
3615 978 3716 1049 τὴν

2136 1072 2300 1141 ἁγίαν
2335 1072 2469 1124 Θεοὺ
2516 1071 2816 1142 πανάρετον
2848 1070 3064 1141 ἡμέραν
3090 1068 3355 1138 γίνεσθαι·
3383 1070 3569 1142 ἐπειδὴ
3598 1071 3714 1125 δια-

2137 1165 2317 1235 φόρως
2349 1163 2501 1234 παρά
2519 1179 2662 1217 τισιν
2683 1161 3031 1232 ἐφυλάττετο.
3073 1162 3136 1214 Ol
3168 1160 3266 1232 μὲν
3297 1161 3406 1233 γάρ
3441 1161 3714 1232 προελάμ-

2137 1259 2318 1322 ϐανον,
2351 1258 2402 1310 οἱ
2447 1257 2505 1310 δέ
2538 1255 2828 1328 ἐμέσαζον,
2873 1255 2923 1308 οἱ
2960 1253 3018 1307 δὲ
3066 1253 3358 1324 μετέπειτα
3407 1253 3714 1308 ἐπετέλουν·

2137 1353 2234 1406 καὶ
2286 1350 2472 1414 ἁπλῶς
2517 1349 2687 1421 πολλὴ
2721 1349 2922 1420 φράσις
2961 1349 2978 1381 ί
3019 1343 3090 1420 ἦν
3135 1349 3254 1402 κατ’
3287 1351 3465 1402 ἐκεῖνο
3500 1347 3716 1418 καιροῦ.

2138 1442 2355 1496 Τούτων
2392 1442 2448 1495 δέ
2476 1443 2505 1494 ὁ
2530 1441 2662 1504 Θεὸς
2708 1440 2772 1495 τὸ
2807 1440 3140 1512 κατόρθωμα
3169 1439 3259 1494 διὰ
3295 1440 3388 1494 τοῦ
3418 1439 3718 1512 μακαρίτου

2137 1535 2548 1589 Κωνσταντίνου
2599 1532 2930 1605 ἐϐράϐευσεν
2982 1533 3204 1604 εἰρήνης
3255 1531 3436 1602 χάριν.
3492 1531 3579 1595 Ὠς
3625 1526 3719 1584 οὗν

2138 1627 2538 1700 ἀνεθεματίσθη
2567 1628 2595 1680 ό
2629 1627 2870 1698 Ἀρειος,
2901 1624 2996 1678 καὶ
3042 1621 3216 1678 ταῦτα
3240 1623 3413 1687 οὑτως
3443 1622 3716 1694 ἐπράχθη,

448 1700 520 1753 do
553 1707 708 1770 gesta
743 1709 890 1764 sunt,
921 1701 1115 1756 eodem
1145 1717 1292 1756 anno
1325 1709 1540 1756 mortuo
1568 1701 1876 1758 Alexandro
1907 1703 2034 1758 Ale-

2145 1724 2196 1775 ἐν
2225 1721 2304 1792 τῷ
2329 1720 2476 1791 αὑτῷ
2499 1720 2606 1773 ἔτει
2637 1717 2870 1772 παύεται
2910 1716 3022 1788 (85)
3075 1715 3421 1786 Ἀλέξανδρος
3447 1714 3543 1768 τοὺ
3576 1714 3718 1785 βίου,

448 1790 778 1844 xandrinam
829 1790 1130 1846 Ecclesium
1199 1792 1443 1847 Achillas
1504 1793 1761 1848 obtinuit.
1828 1795 2030 1850 Contra

2145 1771 2562 1884 καὶ-διαδέχεται
2600 1771 2764 1865 αὑτὸν
2800 1771 3070 1880 Ἀχιλλές.
3102 1771 3227 1861 Ἦν.
3256 1771 3342 1860 δὲ⁸
3373 1771 3469 1861 καὶ
3500 1771 3719 1869 θεωνᾶς

449 1900 612 1954 quem
650 1883 918 1938 Meletiani
943 1883 984 1937 Τ
990 1885 1220 1940 heonam
1250 1895 1643 1956 opposuerant.
1670 1887 1881 1941 Achilla
1904 1903 2033 1944 vero

2145 1883 2500 1965 κατασταθεὶς
2553 1901 2659 1956 ὑπὸ
2705 1898 2814 1954 τῶν
2847 1896 3221 1967 Μελητιανῶν.
3257 1896 3391 1950 Τότε
3418 1895 3722 1964 διαδέχεται

449 1983 576 2046 post
621 1982 734 2030 tres
782 1989 1000 2028 menses
1039 1975 1320 2042 defuncto,
1378 1977 1714 2033 Athanasius
1766 1979 2036 2033 successit

448 2065 812 2120 Alexandrini
842 2065 1134 2132 diaconus,
1162 2068 1230 2122 ab
1257 2083 1432 2138 eoque
1462 2068 1529 2122 ad
1563 2069 1879 2124 comitatum
1906 2070 2036 2126 mis-

450 2171 568 2221 sus,
601 2156 692 2209 cui
741 2158 986 2214 moriens
1021 2158 1331 2213 Alexander
1359 2161 1739 2230 episcopatum
1769 2161 2038 2217 committi

450 2247 822 2302 mandaverat.
862 2247 1066 2304 Verum
1097 2266 1223 2306 cum
1257 2252 1372 2306 hanc
1411 2253 1482 2308 sit
1521 2253 1869 2310 Alexandriae
1903 2270 2039 2310 con-

450 2341 706 2404 suetudo,
767 2354 826 2396 ut
868 2350 990 2411 post
1034 2344 1279 2414 episc0pi
1322 2357 1553 2401 mortem
1597 2361 1888 2403 successor
1927 2364 2038 2403 non

453 2429 664 2486 diutius
695 2432 1005 2495 diﬂeratur,
1048 2435 1142 2489 sed
1176 2436 1408 2490 subinde
1438 2441 1590 2508 pacis
1623 2439 1836 2494 tuenda:
1864 2442 2037 2510 gratia

451 2523 802 2592 subrogetur,
843 2539 912 2576 ne
949 2523 1076 2578 aliis
1110 2525 1280 2589 hunc,
1323 2527 1446 2581 aliis
1479 2527 1630 2582 illum
1665 2532 2041 2600 amplectenti-

453 2614 559 2670 bus
585 2615 768 2684 jurgia
799 2615 855 2669 in
884 2618 1084 2686 vulgus
1112 2628 1165 2673 et
1192 2621 1576 2676 contentiones
1603 2624 1908 2689 exsistant;
1942 2625 2040 2679 ab-

452 2714 609 2761 sente
640 2708 944 2761 Athanasio
982 2709 1253 2762 Achillam
1299 2711 1636 2766 substituere
1665 2712 1827 2785 736
1862 2715 2037 2770 coacti

452 2808 602 2854 sunt.
642 2797 936 2854 Enimvero
967 2801 1125 2859 sedes
1154 2802 1202 2856 ei
1233 2817 1297 2855 ac
1331 2804 1684 2872 pontilicatus
1718 2806 2035 2872 debebatur,

453 2890 547 2960 qui
582 2898 636 2945 et
664 2906 693 2943 a
728 2890 836 2945 Deo
871 2902 1116 2958 vocatus,
1153 2903 1207 2948 et
1235 2910 1265 2946 a
1301 2894 1460 2948 beato
1496 2896 1807 2952 Alexandro
1835 2899 2041 2953 consti-

453 2989 606 3038 tutus
636 2984 832 3037 fuerat.
861 2983 964 3050 Qui
994 3000 1119 3038 mox
1148 2993 1207 3038 ut
1228 2987 1610 3041 Alexandriam
1646 2993 1814 3052 venit,
1843 2999 1898 3047 et
1928 2993 2041 3062 epi-

2147 1996 2393 2067 Ἀχιλλᾶν
2413 1995 2503 2048 τὸν
2533 1993 2828 2048 ἐπίσκοπον
2848 1990 3150 2060 ποιήσαντα
3175 1988 3350 2059 μῆνας
3373 1989 3523 2058 τρεῖς
3562 1987 3726 2040 Ἀθα-

2136 2089 2322 2151 νάσιος
2369 2090 2398 2141 ό
2439 2085 2770 2157 μακαρίτης,
2797 2082 2873 2137 ὢν
2913 2081 3034 2134 τότε
3063 2079 3309 2143 διάκονος
3348 2077 3723 2149 Ἀλεξάνδρου,

2138 2181 2233 2234 καὶ
2265 2181 2356 2234 ὑπ’
2402 2177 2568 2233 αὑτοῦ
2603 2175 3012 2246 ἀπεσταλμένος
3039 2172 3132 2227 ἐπὶ
3159 2172 3218 2225 τὸ
3263 2171 3590 2241 κομητᾶτον,
3617 2163 3663 2236 ᾧ
3695 2171 3728 2222 ό

2151 2273 2519 2344 Ἀλέξανδρος,
2557 2269 2765 2342 μέλλων
2805 2266 3084 2337 τελευτᾷν,
3120 2261 3490 2336 παρήγγειλεν
3522 2261 3728 2314 ἀποδο-

2140 2367 2300 2438 θῆναι
2329 2364 2425 2437 τὴν
2459 2361 2807 2417 ἐπισκοπίαν.
2843 2359 3007 2422 Ἐθος
3043 2357 3099 2411 δὲ
3127 2357 3184 2409 ἐν
3228 2352 3601 2423 Ἀλεξανδρεία
3645 2352 3728 2423 μὴ

2139 2459 2408 2532 χρονίζειν
2449 2455 2587 2527 μετὰ
2624 2452 2880 2522 τελευτὴν
2907 2448 3206 2503 ἐπισκόπου
3231 2447 3357 2509 τοὺς
3388 2441 3728 2512 καθισταμέ-

2138 2571 2282 2617 νους,
2311 2550 2425 2604 ἀλλ’
2479 2550 2596 2619 ἅμα
2628 2545 2876 2616 γίνεσθαι
2899 2545 3135 2615 ,εἰρήνης
3170 2541 3354 2603 ἕνεκα,
3383 2536 3477 2591 τοὺ
3516 2535 3590 2606 μὴ
3618 2551 3733 2587 πα-

2143 2638 2406 2711 ρατριϐὰς
2435 2635 2686 2706 γενέσθαι
2718 2637 2775 2690 ἐν
2807 2634 2919 2696 τοῖς
2965 2632 3134 2694 λαοῖς,
3177 2630 3284 2682 τῶν
3326 2628 3422 2699 μὲν
3452 2624 3602 2679 τόνδε
3633 2621 3731 2676 θε-

2137 2732 2358 2794 λόντων,
2387 2727 2495 2782 τῶν
2522 2728 2578 2781 δὲ
2605 2727 2775 2780 τόνδε.
2794 2725 3150 2794 Κατέστησαν
3179 2721 3235 2775 δὲ
3267 2720 3333 2774 δι’
3351 2719 3616 2787 ἀνάγκην,
3648 2714 3733 2786 μὴ

2138 2825 2405 2895 παρόντος
2466 2819 2807 2883 Ἀθανασίου,
2865 2817 3136 2888 Ἀχιλλᾶν.
3193 2815 3252 2867 ’θ
3311 2813 3368 2866 δὲ
3423 2810 3608 2883 θρόνος
3655 2803 3736 2895 ἦν

2138 2894 2234 2966 καὶ
2262 2913 2295 2982 ἡ
2328 2909 2597 2980 ἱερωσύνη
2637 2905 3034 2978 ἐτοιμαζομένη
3078 2902 3156 2973 τῷ
3191 2903 3254 2955 ἐκ
3287 2899 3422 2955 Θεοῦ
3455 2894 3737 2968 κεκλημέο

2139 3022 2236 3074 νῳ,
2289 3003 2385 3056 καὶ
2415 3000 2524 3054 ἀπὺ
2571 2999 2666 3053 τοὺ
2696 2997 3001 3068 μακαρίτου
3047 2992 3393 3064 Ἀλεξάνδρου
3414 2988 3733 3062 ὡρισμένῳ.

455 3089 658 3145 scapus
717 3087 938 3131 creatus
981 3086 1086 3142 est,
1133 3078 1438 3132 vehementi
1496 3080 1778 3150 religionis
1834 3083 2037 3139 ardore

2154 3095 2306 3149 Ἐπεὶ
2352 3089 2467 3156 οὖν,
2505 3091 2750 3154 ἐλθόντος
2799 3088 3117 3142 Ἀθανασίου
3161 3085 3297 3156 (86),
3329 3085 3424 3138 καὶ
3454 3099 3736 3173 καταστάς

455 3173 719 3228 mstuans,
749 3180 815 3220 ac
849 3165 1188 3236 deplorando
1225 3165 1485 3223 Ecclesiae
1524 3179 1670 3225 statu
1708 3182 2036 3242 commotus,

457 3271 584 3314 cum
619 3257 822 3328 ubique
848 3259 1260 3324 conventicula,
1296 3275 1360 3315 ac
1389 3261 1572 3332 populi
1611 3263 1847 3317 divortia
1877 3281 1908 3318 a
1932 3265 2043 3321 Me-

455 3349 676 3407 letianis
710 3350 921 3416 ﬂerent,
953 3350 1025 3404 ob
1054 3365 1173 3404 eam
1210 3365 1435 3405 causam
1480 3369 1645 3422 quam
1685 3370 1851 3425 supra
1884 3372 2048 3427 expo-

457 3443 690 3507 suimus,
723 3458 845 3496 cum
871 3442 938 3497 de
971 3441 1258 3497 Meletiano
1286 3443 1582 3500 schismate
1614 3460 1924 3516 ageremus,
1955 3449 2046 3504 ille

457 3534 735 3589 Ecr'lesias
789 3536 1114 3590 consociare
1167 3546 1221 3590 et
1272 3537 1338 3590 ad
1399 3539 1750 3592 concordiam
1799 3541 2046 3612 redigere

461 3626 712 3696 cupiens,
740 3627 1084 3696 increpandi,
1109 3628 1478 3682 comminandi
1512 3639 1566 3684 et
1595 3631 1850 3686 hortandi
1885 3633 2043 3689 linem

465 3716 672 3770 nullum
703 3715 958 3780 faciebat,
983 3718 1331 3772 auscultante
1361 3721 1597 3774 nemine.
1623 3722 1704 3775 Ex
1724 3738 1834 3791 quo
1855 3738 2047 3780 omnes

464 3811 569 3864 illa:
612 3819 803 3864 contra
855 3810 1033 3879 ipsum
1088 3811 1262 3866 turbae
1314 3811 1564 3867 conﬂata:
1607 3828 1671 3868 ac
1719 3825 2049 3885 comparatae

464 3909 615 3969 sunt,
656 3903 726 3956 ob
753 3903 1013 3956 eximium
1049 3904 1197 3958 illius
1233 3904 1509 3970 ardorem,
1545 3919 1609 3960 ac
1636 3909 1876 3962 studium
1907 3887 2048 3979 divi:

418 4071 426 4086 .
467 3998 616 4052 nitus
647 3996 702 4050 in
734 4012 856 4050 eum
906 4011 936 4048 a
985 3995 1094 4050 Deo
1144 3997 1426 4053 collatum.
1460 3999 1590 4065 Quae
1636 4015 1724 4057 res
1765 4017 1831 4057 eo
1876 4019 2051 4075 usque

471 4090 762 4160 processit,
812 4097 873 4143 ut
918 4089 1236 4159 frequenter
1285 4092 1476 4146 exsilia
1525 4096 1873 4158 sustinuerit,
1903 4098 2052 4152 etab

470 4183 714 4245 Arianis,
745 4182 838 4252 qui
869 4193 982 4235 tum
1019 4181 1227 4237 viribus
1255 4199 1319 4237 ac
1351 4186 1593 4254 potentia
1627 4186 1924 4256 pollebant,
1956 4204 2054 4258 per

473 4288 744 4329 summam
782 4272 1162 4343 indignitatem
1195 4277 1704 4333 excommunicatus
1735 4277 1921 4335 fuerit.
1953 4278 2053 4336 Ve-

470 4383 592 4423 rum
626 4367 692 4422 de
732 4365 793 4420 Β.
824 4366 1129 4421 Athanasio
1157 4365 1443 4423 hactenus.
1473 4367 1606 4434 Quae
1641 4371 1788 4425 enim
1827 4372 1892 4426 ad
1926 4387 2050 4428 eum

471 4459 796 4524 attinebant,
835 4459 1090 4530 supra’in
1126 4458 1415 4515 Meletiano
1444 4463 1744 4520 schismate
1777 4464 2051 4520 declarata
2085 4486 2130 4542 ι)

470 4567 618 4612 sunt.

541 4715 556 4745 ¹
587 4711 650 4766 F.
684 4710 902 4780 φὺρσις.

2146 3187 2350 3250 θέντος,
2378 3185 2532 3247 ὄντος
2579 3183 2708 3254 περὶ
2730 3180 2828 3252 τὴν
2863 3180 3045 3232 πίστιν
3093 3173 3334 3247 ζηλωτοῦ
3362 3173 3586 3244 σφόδρα,
3633 3172 3739 3227 καὶ

2144 3280 2244 3350 τῆς
2281 3277 2606 3347 Ἐκκλησίας
2632 3273 3098 3345 ὑπερπάσχοντος,
3129 3269 3228 3339 ἤδη
3257 3267 3529 3332 συνάξεων
3549 3263 3736 3335 πάντη

2118 3411 2123 3416 -
2146 3374 2240 3426 καὶ
2256 3371 2684 3439 ἀποσπάσματος
2711 3365 2819 3418 τῶν
2847 3363 2992 3417 λαῶν
3019 3361 3320 3431 γινομένων
3353 3358 3456 3411 ὑπὸ
3484 3356 3590 3410 τῶν
3613 3358 3738 3410 Με-

2145 3461 2411 3532 λητιανῶν
2465 3457 2814 3528 καλουμένων
2864 3455 2930 3509 δι’
2985 3455 3051 3526 ἢν
3081 3456 3137 3506 ἐν
3181 3455 3247 3522 τῇ
3297 3450 3425 3522 περὶ
3457 3447 3736 3519 Μελητίου

2148 3553 2401 3608 ὑποθέσει
2449 3551 2628 3606 αἰτίαν
2682 3546 3087 3620 προδεδήλωκα,
3141 3545 3237 3597 καὶ
3277 3541 3598 3614 βουλομένου
3630 3539 3738 3610 τὴν

2150 3647 2437 3706 συνὲνωσιν
2468 3645 2567 3715 τῆς
2607 3641 2928 3713 Ἐκκλησίας
2950 3636 3304 3710 ποιήσασθαι,
3336 3633 3601 3695 ἐνεκάλει,
3635 3633 3736 3686 καὶ

2150 3737 2386 3808 ἠπείλει,
2413 3735 2682 3789 ἐνουθέτει
2704 3751 2784 3797 τε,
2816 3732 2911 3786 καὶ
2937 3725 3562 3799 οὑδεὶς.ὴνείχετο.⁶Ὀθεν
3588 3725 3735 3778 πάν·-

2149 3849 2220 3886 τα
2249 3831 2314 3885 τὰ
2343 3831 2463 3884 κατ’
2497 3827 2660 3882 αὑτοῦ
2719 3825 3005 3896 κινηθέντα
3059 3825 3125 3877 ἐκ
3153 3821 3246 3874 τοῦ
3301 3817 3737 3892 ὑπερϐάλλοντος

2151 3926 2209 3978 ἐν
2230 3923 2377 3994 αὑτῷ
2405 3923 2587 3977 θεόθεν
2617 3921 2778 3993 ζήλου
2799 3917 3047 3990 ἐπράχθη
3085 3932 3143 3969 τε
3191 3915 3284 3967 καὶ
3301 3910 3734 3984 συνεσκευάσθη·

2153 4016 2293 4068 ὥστε
2327 4013 2422 4067 καὶ
2474 4011 2688 4082 ἐξορίας
2739 4008 2902 4063 αὑτὸν
2961 4007 3272 4076 ὑπομεῖναι,
3320 4003 3415 4057 καὶ
3460 4001 3563 4070 τῆς
3625 4001 3738 4054 τῶν

2167 4106 2458 4178 Ἀρειανῶν
2520 4101 2974 4175 μεταδυναστείας
3011 4103 3030 4131 ²
3075 4097 3414 4166 άδικωτάτης
3441 4095 3740 4163 ἀκοινωνη-

2155 4203 2298 4265 σίας.
2349 4198 2510 4252 Ἀλλὰ
2529 4199 2656 4269 περὶ⁵
2687 4195 2781 4249 τοῦ
2809 4193 3112 4266 μακαρίτου
3165 4189 3481 4244 Ἀθανασίου
3509 4186 3617 4251 ἓως
3647 4188 3739 4240 ἐν·

2155 4292 2328 4346 ταὺοα
2357 4290 2546 4361 ἐχέτω.
2597 4285 2836 4358 Ἐρρήθη
2871 4285 2979 4354 γάρ
3011 4281 3080 4336 τὰ
3115 4280 3236 4334 κατ’
3267 4279 3428 4332 αὑτὸν
3476 4275 3622 4330 κατὰ
3645 4275 3740 4329 λε-

2158 4384 2418 4436 πτότατον
2457 4380 2568 4433 ἅνω
2585 4379 2642 4431 ἐν
2672 4379 2737 4448 τῇ
2762 4374 3033 4431 Μελητίου
3069 4370 3344 4426 ὑποθέσει.

979 4713 999 4742 ²
1025 4709 1084 4766 F.
1116 4710 1254 4782 μετὰ
1279 4711 1524 4776 δυναστ.,
1557 4713 1652 4768 sed
1684 4724 1977 4785 corruptus
2007 4715 2099 4771 hic
2141 4715 2319 4769 locus.

545 4867 778 4940 (85)]Ει·
791 4859 870 4933 τῷ
893 4859 1051 4931 αὐτῷ
1077 4867 1196 4940 ἔτει
1213 4867 1484 4940 παύεται.
1503 4867 1756 4938 Quinque
1780 4870 2045 4925 mensibm

2168 4868 2410 4940 phanius
2443 4864 2689 4924 Achillae,
2726 4861 2818 4932 qui
2849 4855 3366 4940 postAlexandrum.
3385 4868 3417 4909 a
3446 4851 3740 4940 Catholicis

476 4925 602 5008 post
634 4925 908 4992 Nicmnam
953 4925 1298 5008 _s'ynoduni,i
1326 4938 1402 4989 ait
1446 4925 1711 4994 Athanas.
1748 4939 1904 5007 Apol.
1943 4941 1978 4993 2
2012 4925 2067 4995 et
2170 4925 2505 5008 substitutus
2535 4947 2640 5000 est,
2667 4925 2884 5008 menses
2907 4930 3244 5008 tribuittres,
3267 4925 3572 5008 eodemque
3603 4934 3737 5008 teulf

478 4997 881 5064 Theodoretus.
947 4997 1055 5061 Sed
1097 5025 1218 5078 qua:
1268 4997 1338 5062 de
1388 5007 1700 5062 Alexandro
1745 4997 2066 5066 successore
2169 5025 2309 5080 pore,
2352 4997 2636 5080 Theonam
2677 5021 2706 5057 a
2766 5001 3068 5080 Meletianis
3128 4997 3444 5052 ordinatum
3497 4997 3732 5049 asserili

478 5092 588 5134 tam
632 5081 736 5134 hoc
771 5080 912 5142 loco,
948 5093 1112 5145 quam
1171 5080 1223 5131 in
1277 5080 1558 5148 superiore
1590 5081 1786 5148 haeresi
1821 5096 1973 5134 num.
2007 5080 2063 5144 6,

484 5159 670 5207 narrat
717 5148 1072 5218 Epiphanius,
1114 5165 1238 5203 cum
1286 5148 1510 5204 historia
1559 5151 1710 5203 nullo
1740 5151 1902 5205 modo
1928 5166 2052 5205 con-

483 5221 748 5278 sentiunt.
773 5219 886 5273 Hoc
909 5221 1052 5272 enim
1077 5227 1538 5274 constatunortuo
1575 5221 1911 5282 Alexandro,
1937 5223 2061 5274 nul-

482 5294 594 5346 lum
635 5291 800 5343 alium
831 5290 1170 5344 successisse
1218 5299 1415 5359 prater
1457 5290 1818 5345 Athanasium
1847 5311 1861 5345 :
1887 5291 2052 5359 idque

483 5361 759 5418 communi
796 5361 1038 5414 omnium
1071 5361 1325 5415 ordinum
1359 5361 1637 5415 voluntate
1665 5376 1728 5415 ac
1758 5361 2052 5431 sullragio;

487 5434 564 5488 uti
603 5431 866 5502 synodica
897 5431 1249 5485 Alexandrini
1293 5446 1587 5502 consessus
1619 5431 1848 5500 epistola
1888 5440 2057 5485 testa-

486 5512 576 5558 tur
627 5500 771 5572 apud
821 5502 1020 5555 Athan.
1052 5502 1204 5570 Apol.
1230 5503 1284 5556 2.
1319 5500 1547 5556 Frustra
1605 5502 1769 5572 igitur
1824 5502 2057 5572 Epipha-

488 5575 614 5628 nius
653 5570 930 5644 _'Achill:un
981 5572 1290 5644 Alexandro
1340 5570 1693 5644 subrogatum
1727 5570 1880 5625 dicit.
1918 5570 2054 5625 Nam

564 5653 614 5698 st
652 5642 873 5697 Petrum
924 5640 1110 5698 sedem
1167 5643 1313 5698 illam
1356 5640 1554 5707 tenuit,
1585 5649 1640 5696 et
1679 5656 2056 5697 successorem

564 5659 614 5698 st
652 5659 873 5697 retrum
924 5659 1110 5698 senem
1167 5659 1313 5698 utam
1356 5659 1554 5707 tenuit,
1585 5659 1640 5696 et
1679 5659 2056 5697 successorem

489 5659 683 5770 mbuit
743 5712 1150 5784 Alexandrum;
1206 5713 1457 5784 seditque
1524 5728 1757 5784 annum,
1792 5711 2062 5784 duntaxat

494 5799 686 5852 unum,
711 5793 768 5839 ut
792 5782 1134 5854 Nicephorus
1178 5785 1232 5840 in
1279 5779 1537 5841 Chronico
1567 5783 1807 5855 scripsit.
1834 5783 1902 5838 At
1933 5779 2063 5855 Epi-

2167 5072 2320 5150 quod
2350 5094 2510 5132 nemo
2533 5078 2675 5150 aliu_s
2715 5072 2971 5150 prodidit.
3041 5140 3088 5150 __
3119 5141 3141 5150 Α
3320 5136 3332 5150 ⁹
3446 5131 3508 5150 ψ

2239 5131 2359 5219 (7876),
2388 5131 2550 5202 Ἐπεὶ
2589 5131 3021 5219 οὖν’ὲλθόζτος
3041 5136 3424 5219 Ἀθανασίοιλ
3446 5131 3734 5219 Nimisim;

2206 5197 2546 5287 ulfe'n’tei‘éi
2582 5197 2836 5287 rrolerve.
2870 5197 3221 5287 εειιιὲετθτίμε
3252 5208 3304 5261 in
3332 5197 3731 5287 APR°'!““?9.".‘!

2206 5235 2455 5283 uaentcr,
2483 5235 2537 5272 cl.
2582 5235 2834 5287 prOterve
2870 5235 3221 5266 hatllm'unua
3252 5235 3304 5261 ιιι
3332 5235 3637 5284 ημιζςυυιυυ
3667 5235 3731 5278 ιι).

2163 5235 2456 5358 Kicephori
2482 5285 2776 5341 Chronicon
2806 5283 2873 5337 de
2906 5279 3208 5358 Athanasio
3245 5291 3408 5358 suum
3441 5276 3732 5358 In-te‘rpoult

2161 5348 2465 5428 judicium;
2503 5365 2558 5411 et
2582 5367 2896 5428 quanquam
2937 5349 3144 5428 ingenti
3170 5348 3731 5428 animouveritatispa:

2168 5414 2465 5484 trociniuni
2513 5414 2826 5495 sus-cepisse
2875 5414 3134 5495 fateatur,
3174 5419 3296 5486 plus
3350 5414 3730 5495 illumutamen

2165 5481 2698 5570 qu—a'miioporteret;
2720 5495 2836 5551 suis
2862 5563 2874 5570 _
2906 5481 3205 5570 indulsisse
3248 5481 3648 5570 cupiditatibusl
3673 5485 3732 5570 ct

2166 5547 2330 5627 3.15.35
2356 5547 2915 5639 prblan‘i‘svaliq‘uando
2945 5558 3234 5639 miscuisse
3261 5547 3730 5639 docetiQuisulju:

2166 5623 2429 5696 theran‘as
2459 5641 2594 5694 istas
2624 5623 2782 5692 faeces
2837 5639 3047 5688 tantum
3092 5627 3194 5702 sibi
3245 5623 3732 5702 audaciasaumcre

2165 5695 2394 5767 miretur
2429 5709 2607 5780 potius
2637 5723 2800 5780 quam
2831 5698 3106 5760 communi
3132 5695 3346 5768 pietatis
3366 5695 3581 5748 nomine
3607 5704 3732 5746 suc-

2168 5782 2421 5842 censeat?
