4138 6396
361 379 468 441 9.9-1

1007 391 1376 450 anvensus
1415 375 1762 451 HAERESES
1799 395 1926 453 Lm.
1968 395 1980 448 ι

2081 395 2241 454 ΤΟΜ.
2285 397 2436 453 11.-
2463 397 2742 456 ΗᾹΞΒΕΒ.
2785 397 2971 454 LXIX.

3536 395 3644 452 (ὶἳὲ

441 516 540 568 IB'.
573 516 792 588 Ἄρειος
828 507 1009 570 τοίνυν
1040 507 1196 579 οὗτος
1226 498 1557 586 ὲνεπνεύσθη
1588 515 1694 589 ὑπὸ
1715 515 1952 570 διαϐολι-

2131 518 2249 574 XII.
2287 519 2471 574 Redeo
2498 521 2607 591 jam
2639 519 2706 574 ad
2741 520 2952 585 Arium,
2985 516 3078 585 qui
3116 512 3341 587 pessimi
3377 512 3641 569 daemonis

367 608 476 679 πῆς
512 609 811 680 ἐνεργείας,
860 610 954 663 καὶ
983 607 1409 681 ἀθυρογλώττως
1449 610 1766 679 ἀναισχυντὶ
1797 609 1959 681 φερό-

336 677 556 770 ’μινος,
607 677 818 772 ἐπῆρεν
874 699 1040 754 αὐτοῦ
1231 699 1478 768 γλῶτταν
1514 677 1655 754 κατά
1687 700 1781 754 τοῦ
1810 677 1956 755 tib—ian

341 785 351 808 ’
376 793 673 857 Δεσπότου,
691 787 754 849 ἐξ
780 793 957 864 ἀρχῆς
987 792 1147 862 δῆθεν
1168 790 1268 862 τὴν
1295 791 1446 862 παρὰ
1475 791 1553 862 τῷ
1585 791 1857 864 Σολομῶνι
1900 793 1957 845 ὲν

369 883 496 946 ταῖς
549 882 714 936 αὑτοῦ
766 883 1100 954 Παροιμίαις
1141 882 1350 950 λέξεσιν
1401 883 1736 955 ἑρμηνεῦσαι
1776 883 1960 954 βουλό-

376 990 561 1044 μενος,
585 973 669 1036 τὸ,
709 973 764 1026 '0
796 974 1013 1041 Κύριος
1029 971 1232 1027 ἐκτισέ
1247 991 1326 1042 με
1353 973 1555 1042 ἀρχὴν
1570 972 1726 1028 ὁδῶν
1749 973 1957 1038 αὐτοῦ,

374 1065 492 1134 ,πρὸ
515 1064 622 1120 τοῦ
652 1063 1235 1134 αὶῶνοςέθεμελίωσέ
1248 1080 1346 1134 με.
1391 1066 1492 1119 Ἐν
1517 1063 1678 1134 ἀρχῇ
1707 1063 1820 1133 πρὸ
1853 1063 1962 1118 τοῦ

375 1155 494 1224 τὴν
539 1156 657 1226 γῆν
707 1155 985 1225 ποιῆσαι,
1025 1155 1126 1210 καὶ
1163 1155 1278 1223 πρὸ
1334 1156 1442 1210 τοῦ
1497 1156 1605 1223 τὰς
1652 1157 1964 1224 ἀϐύσσους

376 1248 647 1317 ποιῆσαι,
680 1247 796 1319 πρὸ
833 1249 938 1304 τοῦ
968 1249 1287 1317 προελθεῖν
1309 1249 1418 1315 τὰς
1443 1250 1640 1320 πηγὰς
1669 1248 1787 1303 τῶν
1814 1249 1962 1306 ὑδά-

375 1357 518 1404 των,
567 1339 682 1410 πρὸ
739 1339 848 1394 τοῦ
905 1340 1012 1409 ὄρη
1057 1338 1442 1408 ἑδρασθῆναι,
1473 1339 1586 1409 πρὸ
1619 1339 1687 1392 δέ
1723 1339 1968 1395 πάντων

373 1433 622 1498 ,βουνῶν
664 1433 849 1504 γεννᾷ
895 1451 991 1504 με.
1041 1435 1234 1488 Ἔνθεν
1273 1433 1422 1506 αὑτῷ
1475 1435 1508 1506 ή
1553 1435 1830 1506 εἰσαγωγὴ
1865 1434 1968 1503 τῆς

376 1524 590 1596 πλάνης
619 1525 927 1596 γεγένηται,
948 1526 1058 1578 Καὶ
1090 1527 1188 1579 οὐκ
1213 1525 1433 1598 ᾐδέσθη,
1469 1527 1562 1580 καὶ
1583 1527 1632 1580 οἰ
1656 1526 1824 1581 αὑτοῦ
1857 1543 1962 1597 μα-

380 1620 564 1691 θηταὶ,
606 1619 810 1689 κτίσμα
863 1617 1160 1672 ἀποκαλεῖν
1190 1619 1282 1672 τὸν
1331 1618 1402 1672 τὰ
1452 1619 1632 1673 πάντα
1681 1619 1966 1683 κτίσαντα,

378 1712 472 1766 τὸν
503 1711 569 1764 ὲκ
612 1709 826 1781 Πατρὸς
857 1709 1104 1780 ἀχρόνως
1145 1709 1236 1762 καὶ
1270 1709 1525 1778 ἀνάρχως
1569 1707 1968 1778 γεγεννημένον

379 1804 573 1872 Λόγον.
602 1801 802 1855 Λοιπὸν
826 1801 883 1854 δὲ
908 1800 1015 1854 ἀπὺ
1038 1799 1131 1853 τοῦ
1165 1799 1283 1864 ἑνὸς
1305 1800 1495 1853 τούτου
1541 1799 1699 1868 λόγου
1739 1801 1818 1864 είς
1842 1799 1971 1852 πολ-

379 1894 482 1958 λάς
503 1894 597 1947 καὶ
629 1891 803 1955 κακὰς
835 1891 1056 1963 τρίϐους
1078 1891 1276 1953 ὲλάσας
1297 1891 1394 1961 τὴν
1417 1889 1610 1943 ἑαυτοῦ
1630 1889 1969 1960 κακότροπον
2002 1881 2043 1936 Β

381 1983 633 2056 γνώμην,
680 1982 774 2036 καὶ
801 1983 850 2035 oi.
906 1983 1002 2034 ἀπ’
1045 1980 1209 2034 αὑτοῦ
1257 1980 1491 2050 διάδοχοι
1533 1981 1721 2054 μυρία,
1756 1980 1849 2034 καὶ
1874 1981 1972 2033 ἐπ-

382 2075 566 2130 έκεινα
599 2077 678 2136 εἰς
697 2074 789 2127 τὸν
813 2072 940 2126 Υἱὺν
962 2072 1056 2125 τοῦ
1088 2071 1223 2125 Θεοῦ
1254 2071 1349 2124 καὶ
1373 2073 1452 2135 είς
1480 2071 1541 2124 τὸ
1573 2071 1726 2139 ἅγιον
1748 2069 1972 2140 Πνεῦμα

385 2165 774 2236 βλασφημῆσαι
822 2161 1206 2236 ἐπεχείρησαν.
1264 2161 1581 2232 Παρέλυσαν
1635 2161 1713 2224 δὲ,
1751 2159 1827 2224 ὡς
1883 2160 1960 2212 εί-

383 2234 618 2320 πεῖν,ήτδ
635 2258 820 2323 στῖφος
845 2253 940 2307 καὶ
971 2234 1070 2324 τήν
1097 2252 1349 2323 ὁμόνοιαν
1374 2252 1472 2322 τῆς
1497 2251 1658 2320 ἁγίας
1687 2251 1781 2305 καὶ
1802 2249 1964 2323 ὀρθοο

383 2347 534 2414 δόξου
557 2347 792 2409 πίστεως
830 2345 924 2399 καὶ
977 2344 1321 2414 Ἐκκλησίας,
1353 2342 1414 2396 οὐ
1441 2343 1528 2397 διὰ
1550 2343 1648 2414 τῆς
1675 2341 1858 2397 αὐτῶν
1891 2341 1976 2394 δυ-

384 2439 604 2510 νάμεως
651 2438 684 2509 ἢ
741 2437 951 2506 σοφίαςο
1003 2436 1171 2504 ὀλίγοι
1217 2435 1326 2506 γὰρ
1389 2435 1437 2488 οἱ
1489 2433 1922 2506 προσκληθέντες
1955 2433 1974 2464 ¹

387 2530 751 2601 ἠπατημένοι,
797 2527 984 2583 πολλοὶ
1015 2526 1070 2578 δὲ
1121 2527 1170 2578 οἱ
1221 2525 1508 2596 ὑποκρίσει
1540 2523 1973 2587 ὑπεισδύνοντες.

387 2620 582 2675 Πολλοὶ
609 2619 668 2672 δὲ
700 2617 795 2671 καὶ
821 2617 962 2671 κατὰ
992 2616 1114 2686 βίαν
1155 2615 1228 2686 μὴ
1260 2613 1476 2683 ἔχοντες
1512 2612 1684 2676 οὕτως
1731 2612 1977 2666 κοινωνοὶ

384 2713 502 2776 τοῖς
522 2711 704 2773 αὐτοῖς
727 2708 1107 2778 τυγχάνουσιν.
1139 2706 1327 2769 Οὐδεὶς
1354 2705 1410 2758 δὲ
1460 2703 1664 2758 τούτων
1697 2704 1974 2775 πρόξενος,

388 2803 530 2859 ἀλλά
562 2802 776 2874 πρῶτον
834 2801 932 2872 μὲν
977 2799 1269 2870 δοκιμασία
1319 2797 1548 2860 πιστῶν,
1607 2796 1867 2867 βασιλέων
1920 2795 1978 2848 δὲ

391 2894 834 2967 ὐπερασπισμδς,
855 2891 998 2964 ἁρχὴ
1025 2892 1123 2961 μὲν
1153 2889 1530 2951 Κωνστάντιος
1550 2889 1578 2940 ὁ
1618 2885 1888 2958 βασιλεὺς,
1908 2885 1978 2940 τὰ

396 2990 498 3062 μὲν
538 2988 671 3044 ἄλλα
697 2988 872 3042 πάντα
898 2987 1072 3056 πρᾶος
1106 2984 1201 3039 καὶ
1233 2983 1457 3052 ἀγαθὸς,
1490 2980 1567 3044 ὡς
1610 2981 1726 3044 υίὸς
1765 2977 1858 3030 τοῦ
1885 2998 1978 3049 με-

390 3082 560 3152 γάλου
600 3081 697 3133 καὶ
732 3077 938 3132 τελείου
969 3075 1381 3131 Κωνσταντίνου
1405 3071 1500 3126 τοῦ
1534 3070 1837 3136 θεοσεϐοῦς,
1888 3070 1982 3122 καὶ

393 3174 578 3228 πίστιν
613 3171 780 3244 ὀρθὴν
823 3168 1094 3241 ἀληθινῶς
1147 3166 1544 3236 πεφυλακότος,
1601 3164 1698 3218 καὶ
1726 3162 1891 3216 αὑτοῦ
1923 3163 1980 3215 δὲ

393 3263 490 3319 τοῦ
521 3259 896 3316 Κωνσταντίου
931 3259 1043 3330 (87)
1091 3256 1377 3320 θεοσεϐοῦς
1423 3255 1596 3319 ὄντος,
1650 3255 1742 3308 καὶ
1773 3253 1980 3322 ἀγαθοῦ

394 3351 540 3407 κατὰ
573 3349 800 3412 πολλοὺς
825 3349 1081 3420 τρόπους·
1113 3348 1171 3400 ὲν
1207 3345 1381 3417 τούτῳ
1410 3345 1466 3398 δὲ
1503 3344 1684 3414 μόνον,
1714 3344 1774 3398 ὲν
1798 3343 1875 3415 τῷ
1909 3343 1983 3416 μὴ

395 3443 540 3498 κατὰ
569 3442 670 3513 τὴν
698 3440 885 3494 πίστιν
915 3440 1011 3494 τοῦ
1055 3439 1258 3510 πατρὸς
1284 3437 1447 3491 αὐτὸν
1468 3436 1784 3500 ὡδευκέναι,
1813 3437 1983 3505 ἐσφάο
2013 3479 2016 3481 .

397 3536 488 3606 λη,
518 3535 619 3588 οὐκ
640 3534 732 3602 ἀφ’
773 3531 969 3586 ἑαυτοῦ
999 3531 1200 3596 αἰτίας,
1241 3528 1378 3584 ἀλλὰ
1405 3529 1514 3583 ἀπὸ
1541 3529 1651 3582 τῶν
1682 3529 1984 3600 μελλόντων

397 3626 583 3682 δοῦναι
624 3625 782 3696 λόγον
820 3626 900 3689 είς
947 3624 1162 3696 ἡμέραν
1189 3622 1426 3695 κρίσεως
1461 3621 1569 3675 τῶν
1599 3621 1818 3692 δοκήσει
1863 3623 1984 3674 ἐπι-

403 3719 621 3774 σκόπων
674 3716 1003 3787 λεγομένων,
1079 3713 1568 3786 παραφθειράντων
1621 3713 1678 3765 δὲ
1706 3712 1805 3784 τὴν
1851 3711 1986 3765 Θεοῦ

401 3809 661 3882 ἀληθινὴν
721 3809 925 3862 πίστιν·
973 3807 1172 3870 οἵτινες
1239 3806 1422 3877 ἔχουσι
1461 3805 1644 3859 δοῦναι
1687 3804 1845 3873 λόγον
1893 3803 1989 3857 καὶ

403 3902 544 3974 ὑπὲρ
573 3902 676 3972 τῆς
715 3901 973 3966 πίστεως,
1017 3899 1112 3953 καὶ
1141 3898 1283 3969 ὑπὲρ
1306 3897 1414 3951 τῶν
1445 3896 1701 3967 διωγμῶν
1726 3897 1823 3966 τῆς
1863 3896 1986 3948 Ἐκ-

403 3990 651 4062 κλησίας,
684 3990 779 4043 καὶ
802 3987 1072 4042 τοσούτων
1099 3987 1305 4052 κακῶν,
1338 3986 1434 4040 καὶ
1463 3985 1637 4055 φόνων
1660 3985 1767 4037 τῶν
1797 3985 1854 4037 ὲν
1870 3987 1989 4048 ταῖς

417 4085 766 4156 Ἐκκλησίαις
786 4082 970 4136 ἕνεκεν
985 4080 1162 4135 αὐτῶν
1177 4079 1579 4150 γεγενημένων,
1603 4077 1697 4132 καὶ
1717 4076 1824 4129 τῶν
1845 4076 1990 4129 λαῶν

402 4178 512 4232 τῶν
538 4178 597 4230 ἐν
626 4174 880 4246 ὑπαίθρῳ
911 4173 991 4226 ἐτι
1017 4172 1177 4244 δεῦρο
1208 4169 1478 4224 τοσούτων
1503 4169 1778 4241 μυριάδων
1811 4168 1990 4239 θλίψιν

406 4267 815 4340 ὑπομενουσῶν,
843 4266 939 4320 καὶ
968 4265 1106 4338 ὑπὲρ
1145 4261 1308 4318 αὑτοῦ
1346 4261 1438 4316 τοῦ
1483 4261 1786 4333 μακαρίτου
1837 4262 1992 4314 Κων-

409 4365 660 4420 σταντίου
701 4362 797 4418 τοῦ
829 4363 921 4417 ὑπ’
955 4360 1136 4416 αὐτῶν
1189 4359 1632 4431 πεπλανημένου,
1673 4359 1768 4412 καὶ
1802 4359 1992 4430 ἀγνοή-

411 4475 602 4522 σαντος
624 4457 723 4528 τὴν
753 4456 936 4510 πίστιν
962 4455 1062 4524 τῆς
1086 4452 1534 4525 όρθοδοξίας,καὶ
1561 4451 1879 4517 ὑπείξαντος
1903 4452 1995 4521 αρ-

2065 608 2244 663 aﬁlatu
2280 611 2393 680 pari
2428 610 2622 680 lingua:
2648 608 3105 663 immoderatione
3133 611 3188 660 et
3218 603 3556 674 impudentia
3582 617 3647 658 os

2065 719 2224 758 suum
2247 703 2510 758 adversus
2535 701 2823 757 Dominum
2849 701 3042 756 eﬁ‘erre
3065 716 3171 754 non
3198 696 3487 752 dubitavit.
3507 693 3644 751 Cum

2065 795 2317 865 inprimis
2373 795 2627 850 videlicet
2673 794 2983 848 Salomonis
3035 792 3183 846 illam
3237 792 3289 844 in
3337 787 3648 843 Proverbiis

2068 888 2395 942 sententiam
2432 887 2780 958 interpretari
2812 887 3013 940 vellet:
3055 883 3314 937 Dominus
3349 881 3545 935 creavit
3567 897 3646 934 "lc

2065 979 2379 1047 principium
2427 978 2630 1030 viarum
2684 992 2933 1040 suarum;
2977 984 3098 1028 ante
3148 973 3355 1029 sa'cula
3408 971 3649 1041 fundarit

2069 1086 2170 1134 me,
2211 1070 2265 1123 in
2292 1069 2443 1122 initio
2482 1079 2764 1138 antequam
2798 1079 2996 1122 terram
3041 1067 3255 1136 faceret,
3290 1076 3339 1120 et
3370 1080 3650 1135 antequam

2069 1170 2270 1216 crearet
2295 1160 2551 1230 abyssos;
2574 1171 2857 1231 antequam
2884 1159 3154 1230 prodirent
3177 1159 3346 1229 fontes
3369 1173 3647 1227 aquarum,

2071 1264 2348 1320 antequam
2378 1265 2576 1308 montes
2615 1254 2984 1322 ﬁrmarentur,
3015 1260 3135 1304 ante
3167 1267 3344 1305 omnes
3376 1249 3534 1303 colles
3562 1265 3651 1319 ge-

2072 1345 2186 1398 nuit
2214 1345 2352 1398 mc'.
2382 1343 2520 1398 llinc
2544 1345 2752 1398 erroris
2783 1343 2868 1398 sui
2905 1341 3282 1396 introducendi
3307 1340 3653 1394 occasionem

2073 1445 2269 1492 nactus
2296 1445 2401 1491 est.
2422 1435 2533 1490 Nec
2561 1435 2714 1489 illum
2746 1434 2937 1504 ejusve
2970 1432 3269 1502 discipulos
3301 1430 3492 1500 puduit
3524 1428 3651 1483 Ver-

2073 1529 2201 1584 bum
2245 1527 2398 1587 illnd.
2441 1527 2586 1598 quod
2626 1527 2808 1580 omnia
2854 1524 3078 1593 creavit,
3111 1523 3257 1594 quod
3287 1537 3317 1576 a
3349 1521 3512 1576 Patre
3540 1520 3656 1576 sine

2074 1629 2319 1691 tempore
2347 1620 2613 1690 initioque
2647 1620 2890 1690 genitum
2937 1625 3042 1680 est,
3091 1623 3402 1670 creaturam
3453 1613 3656 1669 dicere.

2075 1711 2192 1778 Qua
2222 1729 2287 1768 ex
2325 1729 2431 1767 una
2466 1727 2600 1767 voce
2626 1711 2882 1780 deinceps
2914 1709 2967 1763 in
2999 1709 3166 1763 multa
3198 1722 3262 1774 ac
3300 1721 3465 1777 prava
3495 1721 3644 1761 erro—

2076 1817 2198 1856 rum
2230 1801 2551 1856 diverticula
2597 1801 3027 1856 consceleratum
3063 1806 3298 1854 mentem
3337 1797 3657 1863 immittens,

2072 1909 2172 1949 nec
2205 1894 2322 1964 ipse
2351 1893 2534 1957 modo,
2567 1893 2660 1949 sed
2698 1893 2818 1964 ejus
2849 1899 2903 1946 et
2934 1893 3196 1946 doctrina:
3227 1899 3528 1946 sectatores
3557 1889 3645 1943 in-

2073 1986 2254 2042 ﬁnitas
2284 1986 2338 2040 in
2375 1985 2468 2040 Dei
2497 1984 2690 2040 Filium
2741 2000 2806 2040 ac
2845 1984 3109 2055 Spiritum
3155 1993 3408 2039 sanctum
3458 1989 3658 2036 contu-

2072 2079 2262 2133 melias
2296 2078 2570 2147 conjicere
2611 2093 2720 2132 non
2767 2078 3103 2132 dubitarunt.
3151 2075 3322 2132 Porro
3385 2074 3547 2130 iidem
3583 2074 3662 2129 illi

2073 2177 2278 2224 sanctae
2303 2177 2356 2224 et
2386 2168 2706 2224 orthodoxa:
2750 2169 2903 2233 ﬁdei,
2951 2181 3112 2240 atque
3142 2168 3398 2224 Ecclesia:
3439 2166 3663 2224 confer-

2074 2265 2187 2312 tum
2220 2258 2387 2311 veluti
2430 2257 2651 2328 globum
2699 2258 3164 2327 concordiamque
3213 2257 3519 2321 solverunt,
3550 2270 3664 2310 non

2073 2346 2182 2400 ulla
2214 2345 2443 2416 quidem
2477 2347 2720 2417 ipsorum
2756 2346 2808 2399 vi
2847 2356 2940 2400 aut
2969 2346 3240 2416 sapientia
3275 2365 3288 2401 :
3327 2348 3487 2416 pauci
3516 2345 3664 2401 enim

2075 2437 2142 2490 ab
2179 2437 2248 2491 iis
2291 2437 2532 2503 inducti,
2583 2453 2648 2492 ac
2681 2437 3039 2493 circumventi
3072 2449 3230 2504 sunt;
3264 2439 3358 2493 sed
3396 2438 3663 2509 plerique,

2076 2535 2170 2582 aut
2207 2544 2304 2599 per
2345 2529 2753 2584 simulationem
2810 2529 3163 2600 obrepentes,
3219 2538 3315 2583 aut
3361 2532 3411 2584 vi
3462 2530 3664 2597 coacti,

2076 2635 2202 2674 cum
2239 2621 2397 2691 longe
2441 2620 2588 2675 aliud
2636 2622 2690 2675 in
2738 2621 2925 2676 animo
2955 2620 3223 2686 foverent,
3257 2623 3440 2677 socios
3471 2638 3530 2677 se
3559 2621 3668 2676 illis

2077 2712 2236 2782 737
2273 2712 2663 2783 adjunxerunt.
2692 2711 2881 2784 Neque
2912 2731 3041 2770 vero
3074 2716 3126 2770 id
3159 2715 3382 2770 aliunde
3407 2714 3668 2771 concilia-

2078 2812 2192 2858 tuzn
2229 2813 2336 2867 est,
2387 2805 2492 2860 nisi
2542 2805 2687 2876 quod
2727 2805 2794 2860 ad
2832 2805 3073 2862 ﬁdelium
3124 2807 3506 2877 probationem
3553 2807 3606 2862 id
3638 2822 3668 2861 a

2081 2895 2188 2948 Deo
2215 2895 2542 2964 permissum
2569 2906 2673 2952 est.
2702 2899 2956 2954 Accessit
2986 2912 3040 2954 et
3073 2900 3465 2968 imperatorum
3495 2898 3669 2964 favor,

2081 2982 2241 3052 cujus
2288 2983 2504 3037 initium
2543 3001 2572 3039 a
2604 2984 2932 3042 Constantio
2981 2988 3317 3058 imperatore
3363 2988 3669 3058 profectum

2082 3081 2186 3128 est.
2241 3071 2344 3139 Qui
2377 3089 2501 3128 cum
2534 3077 2751 3132 caeteris
2797 3077 2850 3131 in
2880 3077 3046 3133 rebus
3078 3079 3453 3148 perhnmanns
3488 3095 3552 3134 ac
3580 3079 3671 3135 bo-

2085 3182 2190 3220 nns
2220 3174 2385 3230 esset,
2422 3176 2610 3236 utpote
2659 3169 2840 3239 magni
2889 3170 3054 3233 illius,
3086 3178 3138 3224 et
3178 3171 3235 3225 in
3267 3173 3415 3224 omni
3449 3172 3673 3227 virtutis

2083 3271 2284 3326 genere
2314 3257 2566 3327 perfecti.
2597 3260 2950 3330 religiosique
2980 3261 3328 3317 Constantini
3368 3263 3535 3328 ﬁlius.
3577 3264 3673 3334 qui

2087 3349 2358 3404 sinceram
2391 3365 2459 3404 ex
2491 3351 2673 3404 animo
2705 3352 2862 3405 ﬁdem
2902 3361 3227 3408 constanter
3267 3355 3536 3422 retinnit;
3578 3355 3675 3411 sed

2085 3447 2139 3496 et
2162 3439 2521 3494 Constantius
2551 3441 2670 3510 ipse
2705 3443 2827 3511 pius
2864 3444 3134 3513 alioquin,
3171 3459 3234 3498 ac
3268 3445 3459 3501 multis
3489 3448 3676 3515 probi-

2087 3533 2214 3586 tatis
2261 3533 2601 3586 ornamentis
2652 3534 2939 3602 pracditus,
2994 3535 3097 3590 hac
3138 3551 3247 3589 una
3283 3551 3342 3590 rc
3379 3537 3674 3600 aberravit,

2088 3623 2230 3694 quod
2266 3639 2374 3677 non
2409 3625 2677 3693 impressa
2713 3640 2742 3678 a
2779 3633 3007 3695 parente
3040 3625 3163 3680 ﬁdei
3197 3626 3426 3695 vestigia
3454 3635 3678 3682 secutus

2087 3720 2192 3768 est.
2223 3711 2378 3778 Quod
2435 3715 2614 3784 ipSum
2667 3723 2850 3769 tamen
2902 3730 3010 3768 non
3063 3715 3211 3769 illius
3250 3717 3411 3786 culpa
3453 3715 3674 3784 factum,

2089 3805 2182 3860 sed
2212 3806 2600 3860 nonnullorum
2626 3805 2839 3871 fraude,
2869 3808 2960 3876 qui
2995 3807 3164 3863 in-die
3190 3809 3385 3878 jndicii
3413 3813 3678 3865 rationem

2089 3896 2358 3966 reddituri
2393 3904 2553 3962 sunt;
2581 3899 2673 3966 qui
2698 3900 2885 3968 Specie
2907 3915 2970 3953 ac
2997 3902 3220 3955 nomine
3252 3909 3411 3957 tenus
3436 3901 3678 3971 episcopi

2092 3988 2364 4043 sinceram
2399 3987 2492 4042 Dei
2526 3989 2686 4042 ﬁdem
2728 3990 3160 4058 labefactarunt;
3206 4009 3236 4046 a
3263 3995 3462 4064 quibus
3489 3995 3678 4064 procul

2093 4080 2262 4134 dubio
2297 4095 2406 4133 non
2451 4081 2626 4150 ipsius
2680 4082 2842 4135 modo
2891 4083 3015 4139 ﬁdei
3068 4084 3348 4141 reddenda
3402 4088 3544 4139 ratio
3571 4092 3680 4149 est,

2093 4177 2191 4232 sed
2236 4178 2663 4232 insectationnm
2715 4174 2973 4230 Ecclesiae
3012 4177 3281 4242 omnium,
3312 4190 3378 4231 ac
3401 4185 3680 4230 tantarum

2093 4269 2494 4332 calamitatum,
2534 4275 2590 4323 et
2627 4268 2881 4332 caedium,
2919 4282 3041 4337 qua:
3070 4267 3124 4321 in
3160 4265 3436 4323 Eeclesias
3461 4267 3680 4322 illorum

2092 4375 2260 4417 causa
2309 4359 2568 4414 derivata:
2621 4367 2783 4424 sunt;
2849 4375 3064 4414 necnon
3100 4366 3154 4414 et
3194 4357 3534 4412 inﬁnitorum
3580 4357 3682 4412 ho-

2094 4455 2301 4509 minum
2331 4452 2586 4513 millium,
2618 4466 2740 4521 quae
2772 4452 2826 4506 in
2856 4451 3184 4507 hodiernum
3211 4467 3384 4521 usque
3415 4450 3558 4504 diem
3587 4465 3682 4504 va-

406 4553 521 4614 τοῐς
559 4551 634 4614 ὼς
691 4548 895 4622 ἱερεῦσι
937 4545 1081 4600 κατὰ
1126 4547 1368 4614 ἄγνοιαν,
1401 4544 1767 4615 ἀγνοήσαντες
1810 4543 1908 4613 τὴν
1935 4545 1980 4595 ἐι

2097 4545 2194 4599 riis
2233 4543 2495 4599 aerumnis
2540 4552 2698 4598 extra
2731 4543 2897 4599 urbes
2943 4559 3009 4599 ac
3054 4551 3200 4598 tecta
3254 4541 3682 4608 conﬂictantur;

407 4643 593 4706 αὐτοῖς
626 4641 831 4711 πλάνην
859 4638 960 4708 τῆς
990 4636 1313 4705 τυφλώσεως
1343 4635 1436 4689 καὶ
1457 4633 1819 4698 κακοπιστίας
1839 4650 1992 4702 γενο-

411 4735 581 4808 μένης
609 4735 674 4787 ὲκ
696 4731 942 4787 διαϐόλου
977 4729 1355 4800 παρασκευῆς.

408 4830 708 4901 eademque
734 4828 1040 4899 ignorantia
1071 4826 1136 4880 ad
1164 4825 1382 4879 illorum
1412 4837 1472 4879 se
1505 4830 1691 4891 utpote
1721 4821 2065 4877 sacerdotum
2125 4823 2510 4878 auctoritatem
2544 4821 2982 4874 accommodavit
3019 4860 3034 4886 ,

2098 4645 2379 4709 postremo
2408 4645 2462 4690 et
2492 4634 2636 4689 beati
2667 4650 2884 4704 quoque
2912 4632 3220 4689 Constantii
3257 4633 3312 4686 in
3343 4646 3586 4686 errorem
3616 4629 3682 4686 ab

2102 4728 2212 4782 illis
2263 4725 2494 4790 inducti,
2549 4724 2642 4794 qui
2701 4735 2864 4780 rectae
2918 4723 3043 4778 ﬁdei
3089 4723 3334 4794 regulam
3389 4720 3680 4791 ignoravit,

3097 4820 3244 4891 quod
3297 4819 3476 4890 ipsum
3527 4832 3683 4874 error

410 4925 650 4988 illorum,
681 4939 745 4979 ac
775 4923 1016 4983 caecitas,
1051 4921 1455 4990 depravataque
1489 4917 1644 4983 ﬁdes,
1677 4927 1734 4973 et
1765 4934 1832 4973 ex
1869 4919 2074 4973 diaboli
2118 4917 2363 4989 profecta
2400 4916 2632 4973 consilio
2661 4916 2874 4970 lateret.

480 5019 579 5072 II".
609 5017 872 5088 Δεύτερον
901 5016 981 5069 ἔτι
1008 5014 1255 5084 ὲνίσχυσε
1285 5012 1398 5085 (88)
1423 5013 1484 5066 τὺ
1514 5014 1718 5066 τούτων
1747 5013 1990 5084 ἑρπετῶ-

407 5110 498 5173 δες
531 5110 894 5181 ἐργαστήριον
927 5107 992 5160 δι’
1035 5105 1293 5159 Εὐσεϐίου
1340 5104 1434 5157 τοῦ
1475 5103 1854 5167 ὑπεισδύντος,
1890 5104 1994 5157 ικαὶ

411 5201 885 5274 παραφθείραντος
946 5199 1045 5270 τὴν
1101 5199 1268 5268 ἀκοὴν
1325 5197 1487 5251 πάλιν
1545 5196 1843 5258 Οὐάλεντος
1903 5195 1996 5250 τοῦ

413 5294 700 5357 θεοσεϐοῦς
733 5293 1029 5364 βασιλέως,
1069 5291 1165 5345 καὶ
1209 5288 1638 5352 εὐλαϐεστάτου,
1683 5288 1780 5340 καὶ
1814 5286 1998 5358 θεοφι-

493 5451 509 5484 ¹
537 5447 595 5502 F.
638 5447 1079 5518 προσκλιθὲντες.
1153 5447 1174 5477 ³
1209 5445 1371 5501 Prov.
1403 5461 1524 5510 vur,
1558 5443 1630 5498 22
1651 5459 1806 5515 seqq.

488 5564 601 5645 (87)
637 5565 744 5645 Kal
787 5561 1086 5645 αὑτοιᾎδὲ
1134 5561 1242 5645 ⁸ςοῦ
1297 5561 1744 5645 Ιςωνοοτςιντιου.
1807 5559 1998 5645 βὶηιίιε

416 5630 591 5704 Μία,
617 5650 682 5689 ac
727 5635 886 5704 longe
927 5633 1093 5704 etiam
1150 5631 1605 5687 honoriﬁcentius
1662 5641 1719 5704 et
1754 5630 1993 5704 uberius

417 5703 664 5772 ejusdem
715 5699 1064 5774 impératoris
1102 5703 1339 5774 elogium
1368 5709 1549 5774 exstat
1581 5701 1724 5771 apud
1753 5699 1992 5774 Nazian-

420 5770 614 5830 sianum
649 5775 706 5828 in
743 5770 928 5844 priore
955 5770 1348 5844 στηλιτειῑτικῷ
1370 5771 1544 5844 ειμιοά
1561 5770 1805 5844 oratorio
1826 5786 2002 5835 more,

421 5860 488 5902 ac
509 5844 726 5902 dicendi
746 5841 990 5916 impetu,
1020 5841 1077 5902 et
1103 5845 1289 5902 calore
1319 5841 1604 5915 profusum
1634 5841 1808 5916 magis
1835 5856 1999 5912 quam

2169 5011 2306 5068 Xlll.
2348 5012 2595 5068 Accessit
2641 5019 2698 5066 et
2745 5011 2849 5064 alia
2901 5025 3089 5075 causa,
3124 5025 3245 5079 quae
3289 5008 3415 5062 huic
3449 5024 3676 5080 serpen-

2105 5111 2219 5158 tum
2249 5102 2477 5158 oﬁicina:
2505 5103 2797 5172 plurimum
2817 5101 3016 5170 adjecit
3037 5101 3256 5162 virium,
3281 5100 3549 5154 Eusebius
3579 5099 3685 5156 sci-

2107 5195 2254 5264 licet,
2290 5195 2382 5264 qui
2414 5193 2611 5248 callide
2645 5209 2703 5248 se
2748 5193 3058 5254 insinuans,
3118 5191 3356 5246 Valentis
3408 5207 3570 5246 aures
3611 5190 3684 5260 pii

2104 5301 2170 5341 ac
2215 5285 2455 5357 religiosi
2490 5285 2860 5355 imperatoris,
2892 5299 2954 5338 ac
3005 5284 3171 5339 divini
3206 5283 3449 5339 numinis
3497 5298 3687 5337 aman-

2101 5570 2168 5613 ex
2203 5555 2282 5608 rei
2305 5554 2536 5610 veritate
2571 5556 2876 5625 profectum
2903 5553 3140 5608 videtur.

2173 5621 2610 5696 (88)-Δεύτερον
2638 5627 2729 5680 ἔτι
2773 5626 3090 5694 ὲνίσχυσε.
3140 5623 3262 5696 Non
3321 5621 3388 5678 ab
3420 5621 3682 5696 Eusebio,

2094 5696 2189 5756 sed
2204 5694 2272 5750 ab
2294 5694 2483 5749 Endox
2496 5694 2567 5762 io,
2588 5698 2678 5764 qui
2697 5695 3356 5764 Conslantinopolitanam
3376 5694 3569 5764 sedem
3587 5707 3684 5764 oc-

2107 5762 2691 5840 cuparat,_baptizatus
2713 5777 2798 5825 est
2812 5765 3033 5824 Valens.
3060 5762 3239 5833 Quare
3271 5780 3371 5837 pro
3398 5762 3684 5828 Εὐσεϐίου,

2107 5835 2246 5914 leg-t3,
2281 5835 2553 5902 Εὐδοξίου.
