4138 6396
475 273 584 330 2'23

1948 281 2006 334 S.
2052 280 2391 340 EPIPHANII

3643 293 3747 350 2‘21

476 393 679 448 tissimi
735 397 1000 470 corrupit.
1039 399 1143 466 Qui
1177 399 1326 470 quod
1389 402 1460 456 ab
1508 401 1602 456 illo
1662 401 1938 472 baptismo
1993 408 2063 456 sit

2165 403 2312 470 λοῦς.
2358 407 2575 481 Ἐπειδὴ
2609 409 2717 482 γὰρ
2757 412 2887 482 παρ’
2916 409 3080 466 αὐτοῦ
3106 411 3168 465 τὸ
3189 411 3412 484 λουτρὸν
3433 411 3748 484 ἐκομίσατο,

478 486 751 551 initiatus,
810 506 874 545 ea
927 507 1095 546 causa
1140 492 1396 547 videlicet
1433 492 1552 557 fuit,
1602 509 1700 547 cur
1735 494 1849 548 haec
1897 493 2065 548 factio

479 580 699 637 stabilis
734 597 798 636 ac
843 581 995 636 firma
1030 583 1377 640 consisteret.
1427 585 1563 638 Nam
1609 586 1814 656 alioqui
1844 585 2066 655 jamdu-

477 670 607 724 dum
653 672 740 725 vel
805 689 835 726 a
887 673 1228 730 mulierculis
1285 690 1351 729 ac
1404 675 1670 745 puerulis,
1729 691 1796 729 ne
1845 675 2065 730 adultos

474 775 923 828 commemorem,
948 765 1042 834 qui
1082 777 1245 820 rectae
1278 765 1403 820 ﬁdei
1437 781 1502 820 ac
1526 767 1807 837 religionis
1829 767 2067 821 exactis-

479 848 617 902 sima
651 850 881 904 scientia
913 852 1123 921 praediti
1157 863 1306 919 sunt,
1339 855 1409 910 ab
1443 855 1532 918 iis,
1569 856 1816 925 inquam,
1854 857 1946 926 qui
1981 857 2065 911 vel

479 941 803 995 tenuissima
856 944 1102 999 veritatis
1158 947 1350 999 notitia
1400 946 1608 1016 perfusi
1663 959 1812 1012 sunt,
1872 948 2064 1018 primis

479 1032 818 1100 temporibus
848 1034 1119 1089 confulati
1158 1037 1441 1108 fugatique
1467 1047 1678 1100 essent,
1711 1047 1973 1108 tanquam
2007 1049 2064 1095 et

480 1122 536 1177 in
578 1124 864 1179 Dominum
912 1131 1318 1190 contumeliosi.
1359 1139 1416 1185 et
1445 1131 1602 1185 alteri
1639 1132 1863 1202 quidam
1914 1133 2063 1187 illius

476 1211 881 1278 interfectores,
919 1232 983 1271 ac
1031 1216 1245 1273 Domini
1300 1221 1474 1276 nostri
1523 1220 1653 1276 Jesu
1692 1222 1897 1277 Christi
1941 1238 2066 1292 per-

479 1303 634 1359 fecta:
681 1307 985 1364 divinitatis
1019 1325 1305 1368 eversores
1351 1333 1364 1367 :
1417 1313 1467 1366 id
1515 1313 1663 1383 quod
1715 1314 2064 1384 imperatoris

478 1398 664 1452 favore
687 1414 750 1451 ac
776 1401 1081 1469 patrocinio
1103 1413 1486 1473 susceperunt,
1512 1413 1571 1458 ut
1600 1419 1792 1459 eorum
1813 1405 2063 1458 omnium

479 1489 750 1542 malorum
807 1501 1062 1548 auctores
1095 1503 1302 1556 essent.
1335 1509 1456 1563 quae
1500 1503 1553 1549 et
1581 1495 1848 1551 hactenus
1885 1496 2063 1550 exsti-

476 1588 683 1648 terunt,
713 1590 766 1636 et
803 1583 1072 1656 hodieque
1105 1602 1201 1656 per
1236 1586 1360 1641 illos
1393 1585 1755 1652 Alexandriae,
1809 1585 2065 1643 Nicome-

477 1673 614 1737 diae,
666 1677 717 1728 in
773 1674 1166 1747 MeSOpotamia
1217 1694 1280 1732 ac
1329 1677 1622 1733 Palaestina
1685 1679 2060 1744 concitantur,

478 1766 684 1836 ubique
719 1777 985 1830 praesente
1024 1785 1087 1823 ac
1130 1777 1450 1840 protegente
1487 1771 1755 1840 principe.

548 1858 714 1928 738
751 1858 893 1914 XIV.
932 1859 1298 1926 Quamobrem
1351 1879 1416 1916 ex
1469 1862 1572 1917 hac
1602 1878 1711 1917 una
1742 1878 1896 1930 voce,
1941 1880 2065 1935 quas

478 1947 534 2002 in
571 1946 886 2005 Proverbiis
923 1950 1236 2007 Salomonis
1288 1955 1484 2023 legitur
1518 1974 1532 2009 :
1568 1954 1826 2010 Dominus
1871 1959 2064 2010 creavit

474 2057 558 2094 me
596 2041 804 2095 initium
837 2044 1039 2096 viarum
1077 2061 1291 2098 suarum
1340 2047 1392 2100 in
1441 2063 1598 2116 opera
1651 2065 1749 2101 sua
1781 2049 1824 2112 ⁸,
1859 2056 2058 2102 οωιοτει

477 2132 549 2185 ab
603 2132 713 2188 illis
767 2136 1170 2206 excogitantur,
1227 2153 1347 2207 qua:
1399 2147 1676 2209 utcunque
1723 2139 1790 2192 ad
1844 2139 2064 2192 illorum

473 2223 782 2278 orationem
845 2227 1248 2282 accommodari
1295 2237 1548 2298 possunt,
1582 2241 1637 2284 et
1671 2229 1917 2285 eamdem
1963 2233 2064 2284 ha-

475 2315 606 2370 bere
643 2317 778 2381 vim,
830 2333 896 2373 ac
949 2330 1319 2376 consentanea
1350 2337 1473 2378 esse
1504 2322 1779 2388 videntur,
1813 2339 1937 2378 cum
1983 2331 2066 2378 ta-

475 2423 602 2462 men
635 2423 812 2477 neque
841 2425 1021 2465 sermo
1054 2412 1192 2482 ipse,
1240 2427 1341 2467 nec
1385 2413 1596 2484 reliqua
1625 2415 1793 2468 verba
1823 2414 1891 2468 de
1922 2413 2064 2468 divi-

477 2496 649 2552 nitate
680 2496 802 2552 Filii
839 2497 934 2554 Dei
974 2503 1306 2557 mentionem
1335 2504 1500 2558 ullam
1533 2505 1804 2573 ejusmodi
1836 2506 2060 2562 faciant.

472 2589 696 2644 Addunt
717 2598 772 2645 et
800 2592 906 2646 alia
933 2594 1179 2662 quaedam
1211 2594 1298 2650 his
1333 2596 1534 2652 similia
1566 2598 1710 2662 loca,
1735 2599 1885 2654 velut
1915 2600 2062 2670 quod

473 2682 546 2738 ab
576 2684 839 2754 Apostolo
868 2686 1132 2756 scriptum
1158 2697 1243 2743 est
1276 2707 1290 2744 :
1325 2689 1558 2758 Accipite
1596 2693 1895 2761 pontiﬁcem
1920 2709 2053 2747 con-

473 2777 718 2847 fessionis
753 2789 958 2841 vestm',
993 2777 1199 2847 ﬁdelem
1226 2781 1274 2833 ei
1323 2783 1414 2851 qui
1453 2783 1575 2850 fecit
1616 2785 1787 2852 ipsum
1813 2786 1870 2852 ’;
1920 2786 2050 2858 item

474 2885 541 2923 ex
571 2868 802 2926 Joannis
839 2869 1135 2939 Evangelio
1167 2890 1180 2926 :
1216 2870 1324 2926 llic
1373 2882 1450 2927 est
1483 2872 1546 2926 de
1577 2891 1677 2944 quo
1711 2873 1826 2928 dixi
1871 2875 2014 2929 vobis
2042 2890 2062 2929 :

475 2961 583 3028 Qui
608 2970 726 3028 post
755 2978 834 3016 me
862 2963 1018 3027 venit,
1046 2972 1168 3017 ante
1208 2980 1292 3018 me
1317 2963 1492 3033 {actus
1525 2975 1603 3020 est
1637 2965 1658 2997 ³
1683 2984 1699 3032 ;
1743 2975 1797 3021 et
1828 2967 1882 3021 in
1910 2969 2064 3024 Actis

474 3053 848 3122 apostolorum
876 3072 888 3108 :
916 3053 1116 3108 Notum
1147 3055 1290 3110 vobis
1324 3057 1414 3122 sit,
1445 3058 1615 3112 omnis
1644 3057 1832 3113 domus
1869 3059 2062 3125 Israel,
2091 3085 2133 3144 ο

473 3145 615 3217 quod
645 3146 783 3200 hunc
836 3146 1022 3201 Iesum
1061 3165 1210 3218 quem
1260 3165 1348 3203 vos
1388 3151 1756 3219 cruciﬁxistis,
1787 3163 1839 3206 et
1878 3151 2062 3207 Domi-

473 3253 600 3292 num
626 3247 677 3293 et
707 3237 978 3294 Christum
1001 3237 1186 3294 Iesum
1215 3239 1352 3295 Deus
1382 3240 1503 3310 fecit
1531 3241 1577 3295 ⁸.
1610 3243 1687 3296 Ac
1719 3243 1766 3298 si
1799 3258 1906 3313 qua
1938 3257 2069 3302 sunt

472 3329 689 3398 generis
741 3329 989 3399 ejusdem
1045 3332 1176 3386 alia.
1218 3331 1350 3398 Qua:
1399 3333 1582 3388 omnia
1631 3334 1698 3389 ad
1730 3336 2063 3402 cautionem,

474 3430 530 3474 et
559 3420 1020 3485 observationem,
1051 3430 1106 3477 et
1133 3423 1538 3492 propulsandos
1564 3423 1752 3480 hostes
1784 3426 1839 3480 in
1879 3442 2066 3496 prom—

475 3521 572 3584 ptu
631 3529 756 3569 esse
805 3514 1032 3568 debent.
1090 3513 1290 3570 Hostes
1338 3515 1486 3568 enim
1539 3530 1728 3570 revera
1780 3517 2066 3574 insidiato-

475 3620 676 3672 resque
711 3613 859 3661 sunt.
895 3607 973 3661 Ac
1009 3606 1199 3661 nescio
1247 3622 1316 3660 an
1360 3606 1427 3660 ad
1464 3606 1622 3676 ipsos
1642 3622 1946 3678 eorumque
1988 3609 2068 3666 si-

475 3697 636 3752 miles
686 3693 988 3768 Scriptura:
1045 3697 1201 3752 locus
1253 3697 1342 3752 illo
1395 3699 1688 3753 conveniat
1730 3718 1745 3754 :
1794 3699 2064 3773 Exsurgat

475 3787 645 3852 Deus,
676 3798 726 3843 et
749 3787 1071 3859 dissipentur
1100 3790 1301 3844 inimici
1332 3791 1446 3860 ejus
1476 3792 1524 3857 ',
1555 3807 1680 3847 cum
1710 3792 1929 3848 interim
1962 3793 2065 3848 do-

477 3881 693 3936 mestici
721 3895 844 3936 esse
875 3881 1184 3938 videantur.
1213 3881 1414 3938 Verum
1446 3885 1630 3940 nullus
1649 3895 1735 3940 est
1757 3869 2063 3942 domestico

475 3970 636 4026 hoste
668 3971 908 4028 deterior
940 3991 952 4028 :
986 3972 1202 4028 Inimici
1233 3977 1372 4030 enim
1403 3975 1630 4032 hominis
1673 3994 1854 4033 omnes
1887 3978 2064 4035 dome-

475 4065 596 4118 stici
641 4064 754 4134 ejus
784 4068 828 4121 ⁶.
863 4065 1018 4132 Quod
1049 4067 1228 4138 ipsum
1253 4068 1506 4126 fortassis
1547 4077 1606 4126 et
1634 4070 1691 4125 in
1725 4070 1850 4127 istis
1881 4072 2062 4127 locum

477 4157 661 4210 habet.

548 4247 667 4305 XV.
705 4247 840 4303 Nam
887 4249 1202 4306 rabidorum
1247 4266 1448 4307 canum
1503 4269 1657 4310 more
1690 4261 1951 4326 tanquam
2001 4256 2056 4312 in

2171 496 2261 550 διὰ
2312 493 2572 569 τοιαύτης
2613 500 2922 565 ὑποθέσεως
2967 501 3304 573 ἠδυνήθησαν
3340 497 3486 558 οὗτοι
3537 505 3748 576 στῆναι.

2182 588 2336 641 Ἐπεὶ
2371 589 2438 642 ἂν
2465 589 2698 643 ἔκπαλαι
2731 591 2826 644 καὶ
2860 591 2964 645 ὑπὸ
3003 593 3274 661 γυναικῶν
3305 594 3397 647 καὶ
3427 594 3746 666 παιδαρίων,

2166 677 2229 729 οὐ
2253 677 2395 746 λέγω
2415 678 2543 750 περὶ
2565 680 2671 733 τῶν
2695 681 3106 753 ἐντελεστέρων,
3130 683 3238 737 τῶν
3261 685 3359 755 τὴν
3386 688 3566 739 πᾶσαν
3600 687 3748 758 ἀκρί-

2167 768 2320 822 ϐειαν
2367 770 2466 840 τῆς
2497 769 2808 837 θεοσεϐείας
2845 774 2940 827 καὶ
2968 773 3202 839 πίστεως
3237 777 3336 847 τῆς
3365 777 3530 849 ὀρθῆς
3567 779 3745 846 ἐπιγι-

2169 863 2510 926 νωσκόντων,
2547 864 2682 918 ἀλλὰ
2713 865 2810 918 καὶ
2847 866 2952 920 ὑπὸ
3000 867 3105 920 τῶν
3151 886 3203 921 τι
3244 869 3351 921 ἀπὸ
3375 870 3596 940 μέρους,
3643 869 3748 925 κᾶν

2167 952 2226 1006 τὸ
2249 952 2408 1023 τυχὸν
2434 955 2536 1025 τῆς
2563 953 2819 1026 ἀληθείας
2850 956 3252 1027 ἐπισταμένων·
3282 959 3374 1011 καὶ
3401 959 3745 1030 ἐλεγχόμενοι

2165 1045 2274 1098 ἀπὸ
2296 1045 2404 1098 τῶν
2425 1046 2690 1109 παλαιῶν,
2709 1046 3012 1110 ἐδιώκοντο,
3033 1047 3108 1109 ὡς
3128 1049 3436 1120 βλάσφημοι
3452 1050 3741 1113 Δεσπότου,

2167 1137 2261 1188 καὶ
2294 1135 2536 1205 δεύτεροι
2562 1136 2899 1207 κυριοκτόνοι
2927 1136 3090 1199 τινὲς,
3116 1137 3207 1188 καὶ¹
3233 1136 3495 1208 ἀθετηταὶ
3522 1139 3620 1208 τῆς
3648 1139 3742 1192 τοῦ

2166 1227 2371 1298 Κυρίου
2400 1227 2557 1298 ἡμῶν
2600 1227 2773 1297 Ἰησοῦ
2807 1226 2992 1281 ἐνθέου
3021 1227 3373 1299 τελειότητος,
3404 1228 3493 1282 διὰ
3522 1227 3622 1298 τῆς
3649 1229 3741 1283 τοῦ

2167 1315 2432 1386 βασιλέως
2459 1317 2793 1387 προστασίας
2813 1335 2827 1351 ο
2856 1319 2994 1390 ὅπερ
3022 1320 3168 1372 ἐστὶν
3196 1319 3615 1391 ὑπερασπισμὸς
3648 1322 3745 1375 αύ-

2163 1407 2303 1470 τῶν,
2345 1411 2426 1472 εἰς
2464 1408 2524 1460 τὸ
2547 1410 2842 1481 ἐπιχειρεῖν
2889 1410 3066 1465 πάντα
3106 1409 3176 1464 τὰ
3221 1410 3366 1464 κακὰ
3403 1412 3502 1464 ὅσα
3530 1412 3741 1481 γέγονε,

2166 1500 2259 1552 καὶ
2290 1499 2370 1552 ἔτι
2396 1500 2462 1554 δι’
2493 1501 2672 1556 αὐτῶν
2695 1502 2902 1570 γίνεται
2930 1503 2990 1555 ἐν
3026 1502 3418 1574 Ἀλεξανδρείᾳ,
3443 1503 3536 1556 καὶ
3565 1506 3623 1557 ἐν
3648 1504 3742 1556 Νι-

2165 1591 2464 1664 κομηδείᾳ,
2496 1595 2552 1646 ἐν
2579 1594 2993 1666 Μεσοποταμίᾳ,
3041 1595 3100 1647 ἐν
3144 1593 3505 1666 Παλαιστίνῃ,
3539 1592 3620 1666 [ἡ]
3649 1593 3741 1648 τοῦ

2165 1682 2346 1736 αὐτῶν
2373 1683 2636 1754 παρόντος
2663 1685 2923 1754 βασιλέως
2959 1686 3260 1757 προστασία
3280 1686 3324 1740 ⁷.

2236 1863 2335 1916 ΙΔ¹.
2383 1863 2478 1915 Ἐκ
2513 1862 2715 1932 ταύτης
2751 1857 2844 1918 οὖν
2877 1863 2976 1935 τῆς
2999 1863 3196 1931 λέξεως
3213 1865 3314 1935 τῆς
3345 1868 3404 1919 ἐν
3443 1865 3523 1937 τῷ
3549 1884 3739 1938 παροι-

2168 1956 2369 2024 μιαστῇ
2401 1955 2823 2026 γεγραμμένης,
2855 1956 2934 2010 ὅτι
2961 1957 3175 2024 Κύριος
3205 1956 3411 2012 ἐκτισέ
3433 1975 3510 2027 με
3547 1959 3743 2027 ἀρχὴν

2166 2040 2322 2094 ὁδῶν
2341 2043 2526 2096 αὐτοῦ
2553 2045 2639 2108 είς
2673 2044 2817 2113 ἔργα
2843 2044 3033 2099 αὑτοῦ
3053 2086 3068 2110 ,
3101 2045 3288 2100 λοιπὸν
3327 2047 3397 2100 τὰ
3441 2048 3617 2102 πάντα
3645 2049 3743 2102 αύ-

2164 2135 2276 2195 τοῖς
2307 2135 2636 2200 ἐπινοεῖται,
2671 2135 2773 2189 ὃσα
2812 2153 2872 2190 τε
2908 2136 3129 2191 δύναται
3178 2137 3443 2209 σύμφωνα
3477 2139 3556 2208 τῷ
3600 2139 3743 2211 λόγῳ

2164 2219 2323 2292 εἶναι,
2359 2226 2453 2280 καὶ
2487 2227 2784 2298 ἰσορροπεῖ,
2817 2229 2913 2282 καὶ
2948 2229 3168 2285 δύναται
3197 2232 3461 2303 συνᾴδειν,
3493 2233 3616 2286 οὔτε
3647 2234 3744 2286 αὑ-

2163 2313 2258 2367 τοῦ
2302 2315 2396 2369 τοῦ
2425 2315 2582 2386 λόγου
2605 2358 2620 2380 ,
2655 2317 2779 2370 οὔτε
2821 2317 2930 2372 τῶν
2966 2319 3143 2374 ἄλλων
3183 2323 3446 2392 ῥημάτων
3478 2323 3610 2394 περὶ
3643 2323 3744 2395 τῆς

2165 2404 2414 2477 θεότητος
2441 2405 2534 2460 τοῦ
2579 2406 2712 2461 Υίοῦ
2737 2406 2831 2462 τοῦ
2864 2408 3000 2462 Θεοῦ
3040 2409 3278 2465 τοιοῦτόν
3308 2428 3362 2465 τι
3403 2413 3740 2481 φασκόντων.

2175 2497 2336 2552 Ἀλλὰ
2358 2498 2544 2552 λοιπὸν
2575 2499 2675 2553 ὅσα
2703 2501 2818 2554 ἐστὶ
2847 2501 3055 2566 τούτοις
3081 2503 3270 2573 ὃμοια,
3295 2501 3358 2556 τδ
3389 2504 3446 2557 ἐν
3473 2503 3552 2574 τῷ
3587 2505 3741 2557 Ἀπο-

2164 2590 2336 2661 στόλῳ
2366 2591 2770 2663 γεγραμμένον,
2796 2592 2878 2659 τὺ,
2907 2593 3172 2659 Δέξασθε
3201 2594 3308 2649 τὸν
3333 2594 3608 2664 ἀρχιερέα
3635 2593 3744 2663 τῆς

2164 2683 2486 2751 ὁμολογίας
2525 2681 2691 2753 ὑμῶν
2717 2684 2940 2740 πιστὸν
2976 2685 3122 2739 ὄντα
3165 2685 3246 2751 τῷ
3276 2685 3600 2753 ποιήσαντι
3639 2689 3743 2742 αὺ-

2163 2776 2298 2828 τόν·
2336 2777 2430 2829 καὶ
2467 2777 2526 2828 ἐν
2565 2775 2644 2847 τῷ
2675 2777 2816 2831 κατὰ
2857 2777 3112 2848 Ἰωάννην
3148 2777 3465 2848 Εὑαγγελίῳ
3493 2794 3742 2850 γεγραμ-

2167 2865 2326 2934 μένον
2350 2907 2364 2931 ,
2396 2867 2478 2919 ὅτι
2511 2863 2700 2934 Οὗτός
2741 2868 2873 2922 ἐστι
2915 2869 3049 2938 περὶ
3083 2864 3156 2925 οὗ
3187 2865 3360 2924 εἷπον
3397 2869 3569 2939 ὑμῖν,
3598 2869 3686 2924 ὅτι
3710 2874 3746 2925 ό

2163 2957 2358 3011 ὀπίσω
2379 2976 2500 3028 μου
2529 2955 2850 3030 ἐρχόμενος
2879 2961 3218 3032 ἔμπροσθέν
3239 2980 3360 3032 μου
3382 2961 3588 3033 γέγονε
3607 2980 3620 2992 ·
3651 2962 3745 3016 καὶ

2165 3051 2227 3104 τὸ
2273 3053 2332 3105 ἐν
2375 3055 2494 3116 ταῖς
2548 3053 2786 3123 Πράξεσι
2829 3055 3252 3126 γεγραμμένον,
3310 3057 3394 3111 ὅτι
3453 3057 3746 3110 Γνωστὸν

2167 3143 2309 3214 ὑμῖν
2353 3144 2509 3198 ἔστω
2553 3144 2672 3213 πᾶς
2712 3142 2875 3213 οἶκος
2929 3146 3195 3215 Ἰσραὴλ.
3243 3145 3333 3200 ὅτι
3376 3148 3594 3201 τοῦτον
3639 3147 3746 3200 τὸν

2180 3233 2443 3302 Ἰησοῦν,
2465 3235 2537 3290 ὃν
2554 3237 2992 3306 ἐσταυρώσατε,
3009 3237 3106 3291 καὶ
3127 3238 3345 3306 Κύριον
3369 3238 3466 3291 καὶ
3487 3238 3745 3307 Χριστὸν

2165 3325 2354 3380 αὐτὸν
2394 3329 2428 3382 ὀ
2467 3327 2613 3395 Θεὸς
2652 3329 2923 3397 ἐποίησε.
2970 3329 3082 3384 Καὶ
3125 3329 3259 3383 ἄλλα
3310 3329 3521 3394 τούτοις
3557 3331 3738 3400 ὃμοια.

2167 3419 2387 3472 ⁸⁸οπου
2414 3418 2523 3492 γὰρ
2571 3421 2653 3486 είς
2684 3423 3064 3494 παρατήρησιν
3119 3423 3199 3486 εἰς
3251 3421 3462 3493 ἐχθρῶν
3510 3421 3740 3491 ἄμυναν.

2179 3511 2396 3584 Ἐχθροὶ
2423 3515 2533 3585 γάρ
2575 3515 2716 3568 είσιν
2749 3514 2826 3578 ὡς
2863 3514 3080 3586 ἀληθῶς
3117 3515 3213 3569 καὶ
3252 3514 3545 3568 ἐπίϐουλοι.
3589 3513 3742 3583 Τάχα

2166 3604 2276 3676 γὰρ
2310 3605 2439 3678 περὶ
2464 3606 2643 3661 αὐτῶν
2667 3605 3001 3677 γέγραπται,
3030 3607 3124 3660 καὶ
3161 3606 3270 3660 τῶν
3298 3607 3482 3671 αὐτοῖς
3517 3607 3739 3678 ὁμοίων,

2163 3697 2246 3749 ὃτι
2301 3697 2642 3764 Ἀναστήσω
2678 3702 2712 3753 ό
2755 3697 2920 3766 Θεὸς.
2959 3699 3059 3753 καὶ
3099 3697 3744 3768 διασκορπισθήτωσαν

2164 3792 2218 3843 οί
2242 3788 2444 3858 ἐχθροὶ
2473 3789 2682 3846 αὐτοῦ.
2706 3789 2932 3844 Δοκοῦσι
2955 3790 3012 3843 δὲ
3035 3791 3130 3845 καὶ
3164 3791 3427 3845 οίκειακοὶ
3450 3787 3607 3846 εἶναι.
3641 3792 3744 3844 Οὑ-

2162 3881 2275 3944 δεὶς
2310 3881 2368 3934 δὲ
2404 3880 2601 3952 χείρων
2634 3881 2920 3935 οίκειακῶν
2953 3881 3181 3952 ἐχθρῶν.
3223 3881 3454 3950 Ἑχθροὶ
3487 3880 3598 3952 γὰρ
3637 3881 3743 3935 τοῦ

2162 3971 2476 4040 ἀνθρώπου
2513 3971 2780 4039 ἅπαντες
2817 3976 2870 4027 οι
2913 3971 3130 4041 ἄνδρες
3173 3971 3280 4027 τοῦ
3319 3973 3490 4027 οἷκου
3530 3972 3738 4028 αὑτοῦ.

2163 4065 2274 4119 Καὶ
2305 4063 2461 4118 τοῦτο
2487 4063 2628 4136 τάχα
2657 4065 2753 4118 καὶ
2782 4063 2909 4134 περὶ
2938 4063 3144 4118 τούτων
3183 4063 3505 4136 πληροῦται.

2233 4245 2333 4300 lE'.
2363 4245 2701 4316 ’Λναπηδῶσι
2712 4244 2820 4317 γὰρ
2834 4243 2910 4309 ὼς
2923 4244 2986 4298 λυ
2993 4245 3162 4316 σσητῆ
3170 4262 3261 4318 ρες
3273 4243 3432 4307 κύνες
3445 4245 3524 4308 είς
3534 4242 3627 4314 ἐχθ
3637 4241 3742 4312 ρῶν

476 4338 734 4392 inimicos
765 4338 1040 4394 insiliunt.
1087 4337 1165 4394 lta
1213 4355 1344 4396 vero
1385 4341 1597 4411 jactare
1627 4351 1681 4398 et
1719 4343 2058 4416 interrogare

2165 4335 2389 4408 ἄμυναν.
2416 4336 2524 4390 Καί
2548 4353 2697 4406 (pater
2719 4334 2841 4400 Πῶς
2862 4335 3040 4405 λέγεις
3055 4336 3181 4408 περὶ
3201 4333 3294 4390 τοῦ
3319 4334 3552 4389 Υίοῦτοῦ
3567 4335 3701 4390 Θεοῦ
3724 4352 3740 4401 ;

475 4431 658 4486 solent
686 4449 699 4484 :
739 4430 878 4496 Quid
909 4431 1050 4486 dicis
1076 4431 1143 4486 de
1170 4430 1262 4487 Dei
1298 4431 1476 4487 Filio?
1507 4433 1632 4490 Haec
1654 4436 1910 4492 nimirum
1939 4438 2062 4496 illo-

2167 4429 2353 4483 Ταῦτα
2380 4429 2488 4502 γὰρ
2512 4427 2691 4482 αὐτῶν
2713 4429 2830 4482 ἐστι
2853 4427 2920 4482 τὰ
2942 4427 3289 4498 τεχνάσματα
3311 4427 3409 4493 τῆς
3433 4428 3743 4499 εἰσαγωγῆς

475 4538 596 4578 rum
622 4522 852 4578 artificia
883 4535 1030 4590 sunt,
1056 4525 1258 4594 quibus
1289 4527 1439 4581 virus
1469 4543 1628 4582 suum
1661 4528 2058 4599 simpliciorum

2166 4524 2261 4578 τοῦ
2297 4522 2622 4594 δηλητηρίου
2651 4521 2830 4576 αὐτῶν
2864 4521 3000 4593 πρὸς
3027 4521 3150 4586 τοὺς
3183 4519 3419 4589 ἀφελεῖς.
3451 4520 3560 4574 Καὶ
3587 4519 3638 4572 τί
3664 4520 3743 4574 Ενι

475 4616 676 4670 animis
718 4615 1008 4669 instillant.
1046 4614 1372 4686 Quanquam
1407 4619 1540 4688 quid
1597 4618 1666 4674 ad
1720 4619 1837 4674 haec
1894 4620 2059 4691 adjici

2170 4616 2308 4686 μετά
2327 4615 2520 4678 ταῦτα,
2556 4615 2695 4686 μετὰ
2713 4614 2776 4667 τὸ
2799 4614 2978 4680 λέγειν
3003 4613 3130 4666 Υἱὸν
3155 4611 3324 4678 Θεοῦς
3353 4607 3424 4665 Ὦ
3450 4613 3657 4666 συνετοὶ
3685 4613 3743 4667 ἐν

472 4715 678 4778 potest,
733 4714 1022 4777 postquam
1059 4706 1153 4761 Dei
1185 4705 1357 4762 Filius
1386 4709 1690 4778 appellatus
1738 4712 1860 4766 est?
1888 4712 1932 4767 0
1960 4712 2061 4766 ho-

475 4797 654 4852 mines
692 4796 837 4866 apud
887 4797 1211 4868 semctipsos
1257 4801 1553 4875 sapientes,
1587 4811 1642 4857 et
1674 4803 1933 4874 Opinione
1959 4821 2060 4862 sua

475 4904 540 4945 ac
576 4890 760 4962 specie
810 4899 970 4944 tenus
1004 4891 1241 4945 eruditi!
1291 4891 1433 4958 Quid
1463 4901 1547 4948 est
1579 4895 1724 4963 quod
1767 4896 1834 4950 ad
1862 4912 2060 4953 nomen

478 4981 610 5038 Jesu
645 4982 823 5054 possit
868 4983 1151 5050 accedere,
1187 4984 1295 5039 nisi
1344 4985 1623 5056 legitimus
1649 4985 1829 5044 Patris
1863 4986 2056 5058 Filius,

475 5075 546 5128 ab
575 5090 750 5145 eoque
790 5073 1092 5144 productus
1137 5073 1378 5142 dicatur,
1426 5091 1529 5130 nec
1579 5076 1692 5130 ulla
1727 5079 1940 5135 ratione
1969 5079 2059 5135 di-

476 5168 706 5224 versus?
736 5167 840 5223 Sed
874 5166 1105 5222 subinde
1152 5183 1276 5222 cum
1308 5168 1421 5222 risu
1467 5185 1531 5223 ac
1562 5168 1800 5226 ludibrio
1848 5171 1930 5227 sic
1979 5174 2060 5228 in-

476 5259 709 5314 vadunt:
728 5259 1014 5326 Quomodo
1044 5274 1074 5313 a
1105 5258 1216 5313 Deo
1245 5274 1370 5314 esse
1400 5262 1616 5331 potest?
1645 5261 1803 5328 Quod
1831 5265 1875 5319 si
1907 5267 2060 5335 quis-

477 5350 624 5420 piam
665 5351 978 5406 sciscitetur
1008 5351 1151 5406 sitne
1184 5349 1357 5406 Filius
1391 5367 1587 5420 necne,
1621 5355 1785 5409 verbo
1840 5357 2056 5426 quidem

478 5438 678 5496 Filium
711 5457 834 5498 esse
865 5443 1217 5511 confitentur,
1266 5443 1448 5514 reipsa
1495 5460 1627 5500 vero
1667 5461 1733 5502 ac
1777 5451 2054 5508 sententia

574 5647 590 5677 ‘
619 5644 777 5701 Prov.
807 5663 928 5710 vm,
953 5649 1044 5704 22.
1148 5651 1170 5682 ³
1206 5649 1370 5706 Hebr.
1404 5667 1487 5714 Ill,
1515 5650 1568 5706 2.
1676 5651 1697 5684 ³
1726 5650 1862 5708 Joan
1896 5673 1937 5718 ι,
1963 5657 2054 5713 27.

482 5713 506 5750 ’
533 5715 658 5773 Cor.
698 5719 1015 5793 προστασίᾳ,
1090 5721 1111 5754 ⁸
1138 5720 1315 5778 Locus
1361 5713 1605 5779 delectus
1633 5723 1838 5796 aliquot
1865 5713 1995 5782 verb
2019 5744 2065 5785 s.

2167 4709 2400 4770 ἑαυτοῖς,
2445 4707 2540 4761 καὶ
2568 4704 2939 4776 ἐπιγνώμονες
2971 4704 3200 4759 ἐνώπιον
3229 4704 3409 4758 αὐτῶν
3428 4745 3443 4770 ,
3479 4703 3574 4758 καὶ
3617 4705 3742 4756 ἐπι-

2167 4801 2432 4870 στήμονες
2471 4798 2751 4862 δοκοῦντες
2793 4793 2964 4851 εἷναιῐ
3003 4797 3069 4850 Τί
3101 4796 3181 4849 ἔτι
3225 4795 3488 4867 προσθείη
3537 4812 3621 4859 τις
3665 4794 3744 4866 τῷ

2165 4893 2393 4963 ὀνόματι
2433 4891 2631 4962 Ἰησοῦ,
2666 4892 2715 4944 εί
2747 4892 2821 4962 μή
2852 4908 2904 4943 τι
2939 4889 3068 4944 Υἰὸν
3095 4891 3317 4960 γνήσιον
3359 4888 3507 4956 λέγοι
3541 4891 3607 4942 ἐκ
3634 4889 3742 4941 [Ια-

2163 4987 2290 5057 τρὸς
2314 4985 2462 5050 ὄντα,
2492 4984 2587 5038 καὶ
2628 4985 2729 5036 οὐκ
2758 4982 3152 5054 ἠλλοιωμένον;
3189 4977 3322 5034 Εἶτα
3355 4980 3514 5043 εὐθὺς
3549 4979 3742 5050 χλευα-

2163 5074 2360 5137 στικῶς
2394 5072 2710 5143 ἀναπηδῶσι
2729 5112 2744 5135 ,
2775 5072 3054 5140 λέγοντες·
3091 5071 3215 5133 Πῶς
3245 5069 3468 5123 δύναται
3500 5065 3638 5122 εἶναι
3676 5071 3742 5121 ἐκ

2159 5169 2326 5233 Θεοῦ;
2386 5163 2758 5238 Ἐρωτώμενοι
2796 5165 2875 5226 δὲ,
2907 5165 2989 5218 ὅτι
3022 5164 3138 5217 Οὐκ
3179 5163 3327 5215 ἐστιν
3360 5162 3515 5226 Υἱός;
3545 5161 3606 5214 τὸ
3641 5160 3740 5231 μὲν

2161 5260 2288 5323 Υἱὸς
2307 5259 2532 5328 ὀνόματι
2569 5255 2920 5328 ὁμολογοῦσι,
2948 5259 3016 5326 τῇ
3046 5255 3103 5308 δέ
3144 5254 3368 5325 δυνὰ⁹μει
3401 5255 3494 5306 καὶ
3531 5251 3741 5322 διανοίᾳ

2159 5351 2468 5423 ἀρνοῦνται,
2495 5348 2648 5402 νόθον
2678 5348 2836 5402 αὐτὸν
2861 5347 3175 5401 παντάπασι
3200 5345 3510 5415 βουλόμενοι
3531 5342 3736 5410 λέγειν,

2160 5444 2256 5498 καὶ
2283 5442 2382 5496 οὐκ
2408 5439 2685 5515 ἀληθινόν.
2715 5441 2778 5494 Ei
2803 5440 2936 5512 γὰρ,
2979 5440 3163 5510 φασὶν,
3197 5439 3261 5490 ἐκ
3297 5435 3432 5489 Θεοῦ
3465 5435 3619 5498 ἐστι,
3643 5435 3739 5487 καὶ

2162 5666 2184 5696 ⁸
2221 5665 2342 5720 Act.
2370 5665 2450 5732 ἠ,
2493 5662 2584 5718 30.
2695 5660 2714 5692 ⁵
2741 5656 2885 5714 Psal.
2932 5668 3099 5721 uvu,
3131 5651 3185 5706 2.
3288 5651 3314 5681 ⁸
3338 5647 3527 5703 Matth.
3560 5661 3614 5713 ι,
3641 5642 3733 5700 36.
