4138 6396
380 438 494 496 225

1133 437 1506 497 ADVERSUS
1540 441 1886 500 IlAﬂRESES
1924 443 2051 500 LIB.
2081 445 2147 502 11.
2193 444 2360 500 TOM.
2402 444 2542 500 ll.-—
2582 441 2860 501 ILEI‘tES.
2898 445 3085 504 LXIX.

3562 445 3673 504 226

384 556 677 624 ἐγέννησεν
699 551 758 618 ἐξ
787 549 953 604 αὑτοῦ
992 551 1021 604 ὁ
1043 550 1177 615 Θεὸς
1195 593 1209 618 ,
1239 553 1314 616 ὡς
1348 556 1542 620 εἰπεῖν,
1575 554 1634 620 ἐξ
1684 555 1822 619 ιδίας
1847 555 1978 610 ὑπο-

2087 565 2302 626 negant,
2345 573 2582 628 eumque
2625 558 2873 627 spurium
2919 558 3170 625 omnino,
3199 573 3300 614 nec
3348 572 3671 630 germanum

389 642 634 705 στάσεως
688 640 878 711 φύσει,
928 642 962 712 ἢ
1025 643 1091 696 ὲκ
1154 642 1253 713 τῆς
1307 643 1441 708 ἰδίας
1499 646 1722 712 οὐσίας,
1783 645 1980 701 οὑκοῦν

385 733 646 806 ιῖιγκώθη,
672 732 707 804 ἢ
730 733 904 805 τομὴν
930 732 1167 801 ἐδέξατο,
1190 733 1224 805 ἢ
1247 737 1305 788 ὲν
1329 734 1406 806 τῷ
1430 738 1622 808 γεννᾷν
1645 737 1977 810 ὲπλατύνθη,

385 826 420 897 ἢ
458 825 757 896 συνεστάλη
781 867 795 888 ,
825 825 860 897 ἦ
889 843 941 879 τι
981 825 1090 880 τῶν
1130 825 1274 880 κατὰ
1305 828 1374 882 τὰ
1410 829 1557 900 πάθη
1591 829 1658 883 τὰ
1693 831 1984 900 σωματικά

389 916 625 987 ὑπέστη.
662 917 774 970 Καὶ
819 917 882 971 τὸ
916 919 1024 971 πᾶν
1064 919 1170 972 εἱσι
1204 918 1626 990 χλευαζόμενοι,
1655 920 1726 976 τὰ
1773 922 1981 976 ἑαυτῶν

389 1012 467 1074 εἰς
503 1010 595 1064 τὸν
633 1010 766 1064 Θεὸν
801 1011 1194 1081 άναλογοῦντες
1215 1055 1230 1079 ,
1261 1013 1358 1067 καὶ
1391 1015 1485 1085 ἀφ’
1515 1015 1723 1070 ἑαυτῶν
1763 1017 1981 1070 εἰκάσαι

386 1104 482 1157 τὸν
522 1104 657 1158 Θεὸν
694 1105 1028 1176 βουλόμενοι.
1092 1105 1180 1158 Ἐν
1225 1104 1335 1178 γὰρ
1379 1105 1499 1176 Θεῷ
1547 1107 1698 1160 οὐδὲν
1750 1107 1829 1161 ἔνι
1873 1110 1982 1162 τῶν

387 1195 645 1250 τοιούτων
663 1213 679 1228 °
713 1196 932 1266 πνεῦμα
956 1196 1065 1268 γάρ
1094 1198 1122 1250 ὁ
1153 1196 1285 1261 Θεὸς
1303 1239 1318 1263 ,
1363 1197 1459 1251 καὶ
1485 1197 1577 1268 ἀφ’
1606 1199 1798 1252 ἑαυτοῦ
1831 1201 1984 1269 ἐγέν-

388 1304 520 1360 νησε
566 1288 658 1342 τὸν
687 1289 968 1359 Μονογενῆ
997 1290 1277 1360 ἀρρήτως,
1309 1291 1404 1344 καὶ
1441 1291 1860 1362 ἀκαταλήπτως,
1889 1294 1984 1348 καὶ

386 1384 695 1454 άχράντως.
730 1385 854 1447 Πῶς
888 1380 1013 1448 οὖν,
1041 1386 1228 1457 φησὶν,
1265 1387 1315 1439 εί
1345 1387 1410 1440 ὲκ
1453 1387 1552 1457 τῆς
1595 1387 1786 1450 οὐσίας
1817 1386 1981 1441 αὑτοῦ

389 1475 562 1537 ἐστιν,
594 1476 696 1528 οὑκ
724 1470 833 1530 οἶδε
856 1476 954 1547 τὴν
977 1476 1215 1549 ἡμέραν,
1246 1477 1324 1542 ὡς
1345 1477 1514 1546 λέγει,
1541 1479 1635 1534 καὶ
1664 1479 1762 1550 τὴν
1795 1479 1980 1551 ῶραν;

387 1567 534 1636 Περὶ
578 1566 649 1621 δὲ
675 1566 785 1636 τῆ⁶ς
828 1567 1055 1638 ἠμέρας
1081 1569 1322 1638 ἐκείνης
1364 1570 1403 1639 ἢ
1436 1569 1550 1640 τῆς
1589 1569 1746 1638 ὥρας
1784 1570 1985 1636 οὐδεὶς

389 1654 576 1726 οἶδεν,
611 1660 750 1714 οὔτε
788 1663 842 1714 oi
873 1659 1142 1730 ἄγγελοι,
1181 1661 1322 1715 οὔτε
1359 1663 1392 1715 ό
1427 1661 1580 1728 Υἱὸς,
1613 1665 1668 1715 sl
1688 1661 1774 1732 μὴ
1806 1665 1839 1716 ό
1865 1665 1985 1715 Πα-

390 1753 504 1823 τὴρ
523 1753 733 1823 μόνος.
765 1752 892 1818 Πῶς
912 1753 969 1806 δὲ
995 1755 1077 1816 είς
1107 1753 1286 1824 σάρκα
1319 1747 1506 1824 ἦλθεν,
1539 1755 1588 1806 εί
1619 1753 1767 1808 ἐστιν
1795 1756 1860 1808 ὲκ
1887 1753 1982 1808 τοῦ

393 1845 641 1916 Πατρός;
679 1844 799 1908 πῶς
853 1845 909 1898 δὲ
955 1843 1178 1898 ἐδύνατο
1223 1845 1256 1915 ἡ
1313 1843 1599 1917 άχώρητος
1641 1845 1824 1916 ἐκείνη
1877 1845 1982 1915 φύ-

2085 649 2352 704 allirmare
2397 649 2640 705 student.
2686 649 2826 705 Nam
2875 650 2947 715 si,
2999 651 3279 722 inquiunt,
3326 665 3357 705 a
3405 649 3518 706 Deo
3563 662 3671 716 est,

2083 754 2317 810 eumque
2369 739 2512 795 Deus
2557 757 2625 796 ex
2661 756 2783 796 sese
2825 741 3038 813 genuit,
3077 742 3183 798 hoc
3236 750 3320 798 est
3355 745 3574 812 pr0pria
3607 759 3677 798 ex

2084 833 2388 904 bypostasi,
2423 844 2518 889 aut
2545 835 2809 901 essentia,
2859 837 2943 892 vel
2996 846 3214 892 tumore
3258 836 3536 893 distentus
3566 845 3674 903 est,

2081 927 2165 981 vel
2197 935 2400 989 sectus,
2451 929 2536 983 vel
2585 929 2640 982 in
2691 929 3006 999 generando
3054 930 3347 998 dilatatus,
3401 940 3496 984 aut
3545 945 3680 984 con-

2083 1025 2294 1073 tractus
2330 1025 2438 1082 est,
2475 1028 2569 1074 aut
2600 1021 2840 1090 aliquam
2873 1037 3063 1076 earum
3116 1021 3493 1084 all‘ectionum,
3555 1038 3678 1093 qua:

2083 1111 2333 1180 corporis
2382 1112 2618 1182 propria:
2667 1122 2818 1177 sunt,
2868 1114 3203 1170 sustinuisse
3249 1115 3518 1169 dicendus
3569 1123 3675 1170 est.

2087 1201 2192 1257 Sed
2224 1204 2442 1258 ridicdli
2481 1205 2642 1274 plane
2669 1217 2820 1269 sunt,
2852 1206 2981 1261 dum
3017 1216 3268 1261 naturam
3301 1221 3456 1262 suam
3508 1205 3676 1278 739

2085 1309 2150 1347 ac
2173 1294 2546 1350 conditionem
2594 1297 2647 1350 in
2684 1296 2852 1351 Deum
2913 1297 3273 1362 transferunt,
3319 1314 3556 1368 eumque
3608 1313 3677 1353 ex

2085 1389 2282 1459 seipsis
2313 1390 2515 1458 lingere
2554 1399 2610 1444 et
2638 1389 2967 1444 adumbrare
3008 1399 3300 1446 conantur.
3352 1389 3496 1443 Nihil
3531 1389 3678 1444 enim

2086 1479 2226 1535 inest
2277 1479 2506 1535 istarum
2567 1495 2754 1534 rerum
2802 1479 2963 1536 Deo:
3017 1482 3107 1552 qui
3162 1483 3382 1552 quidem
3441 1482 3516 1552 Sp
3539 1483 3679 1537 ritus

2083 1579 2193 1637 cst,
2231 1579 2285 1624 et
2334 1572 2676 1641 unigenitum
2714 1571 2913 1628 Filium
2946 1587 3145 1629 arcana
3188 1575 3426 1644 quadam
3465 1575 3681 1628 ratione

2086 1661 2359 1731 genuerit,
2391 1677 2514 1733 qua:
2553 1677 2653 1717 nec
2687 1664 2948 1733 explicari
2995 1663 3178 1720 verbis
3213 1664 3408 1734 possit,
3443 1678 3545 1718 nec
3579 1677 3678 1717 co-

2085 1755 2346 1824 gitatione
2383 1755 2802 1825 comprehendi,
2833 1763 2888 1811 et
2925 1756 2993 1811 ab
3025 1756 3174 1810 omni
3211 1757 3330 1812 labe
3358 1771 3423 1811 ac
3461 1755 3679 1810 macula

2087 1846 2452 1902 remotissima
2495 1847 2588 1902 sit.
2626 1844 2826 1901 Verum
2861 1847 3066 1902 instant
3101 1864 3114 1900 :
3151 1857 3206 1903 et
3257 1845 3315 1901 Si
3359 1863 3428 1902 ex
3479 1847 3677 1917 ipsius,

393 1955 481 2002 σις
536 1939 717 2010 σάρκα
770 1937 1117 2000 ἐνδύσασθαι,
1173 1938 1225 1993 εί
1263 1931 1334 2008 ἦν
1382 1938 1451 1990 ὲκ
1480 1937 1574 1990 τοῦ
1601 1937 1816 2009 Πατρὸς
1841 1938 1984 1994 κατὰ

2090 1937 2368 2010 inquiunt,
2405 1939 2642 1995 essentia
2676 1940 2964 2008 prodierit,
2999 1940 3278 2010 quomodo
3301 1939 3495 2010 judicii
3529 1939 3676 1996 diem

392 2027 586 2098 φύσινς

2090 2039 2146 2085 ει
2174 2031 2388 2095 horam,
2425 2038 2487 2084 ut
2519 2031 2636 2100 ipse
2665 2041 2925 2095 testatur,
2955 2031 3205 2102 ignorat?
3235 2031 3314 2086 De
3341 2031 3446 2096 die,
3479 2031 3678 2102 inquit,

395 2124 494 2178 illo
531 2135 581 2178 et
609 2124 742 2178 hora
786 2141 938 2178 nemo
966 2127 1133 2191 novit,
1179 2141 1342 2195 neque
1371 2126 1566 2196 angeli,
1601 2141 1764 2196 neque
1790 2123 1992 2192 Filius,
2029 2127 2136 2180 nisi
2157 2126 2301 2180 solus
2336 2127 2560 2180 Pater’.
2593 2128 2674 2182 ΑιΙ
2702 2128 2814 2182 haec
2845 2129 2891 2182 si
2916 2144 2980 2182 ex
3030 2127 3192 2183 Patre
3241 2135 3347 2193 est,
3404 2127 3682 2200 quomodo

392 2216 681 2272 descendit
703 2217 770 2274 ad
803 2219 1066 2272 carnem?
1103 2226 1199 2274 aut
1252 2235 1376 2290 qua:
1435 2220 1584 2274 nulla
1632 2235 1694 2275 re
1737 2220 1862 2289 capi
1903 2220 2287 2290 continerique
2335 2228 2532 2274 natura
2569 2227 2772 2291 potest,
2831 2235 3055 2275 carnem
3090 2221 3289 2286 induit,
3337 2221 3382 2276 si
3418 2218 3682 2275 naturali-

394 2321 480 2367 ter
510 2329 540 2366 a
573 2312 730 2369 Patre
771 2315 1084 2384 processit?

465 2407 582 2474 ις’.
612 2409 720 2461 Καὶ
744 2409 844 2461 οὐκ
873 2409 1048 2463 οἴδασι
1083 2409 1201 2474 πῶς
1224 2413 1305 2475 είς
1334 2410 1540 2465 ἑαυτῶν
1569 2410 1832 2484 αἰσχύνην
1855 2410 1983 2475 τοὺς

391 2500 688 2569 λογισμοὺς
708 2497 929 2564 τούτους
955 2494 1393 2570 ὲπισυνάγουσιν.
1420 2504 1482 2556 Εί
1510 2501 1641 2574 γὰρ,
1674 2501 1762 2556 διὰ
1796 2503 1858 2556 τὸ
1886 2501 1983 2572 ὴλ-

391 2590 648 2645 λοιῶσθαι
677 2592 839 2645 αὑτὸν
868 2593 1021 2664 παρὰ
1055 2595 1155 2667 τὴν
1181 2594 1276 2648 τοῦ
1305 2596 1514 2665 Πατρὸς
1547 2596 1756 2660 οὐσίαν,
1797 2596 1982 2650 ἐνεδύ-

396 2700 527 2738 σατο
565 2687 768 2756 σάρκα,
798 2686 894 2738 καὶ
925 2688 982 2739 έν
1008 2688 1145 2758 αὑτῇ
1191 2688 1461 2754 πέπονθε,
1501 2690 1597 2742 καὶ
1627 2689 1976 2762 ἐσταυρώθηο

393 2775 726 2842 δειξάτωσαν
749 2780 903 2850 ἡμῖν,
929 2779 983 2831 τί
1009 2779 1116 2832 τῶν
1143 2779 1318 2833 ἄλλων
1345 2781 1732 2852 πνευματικῶν
1757 2782 1986 2852 κτισμά-

393 2883 525 2930 των,
566 2869 810 2938 καίτοιγε
845 2869 1042 2932 ὄντων,
1088 2869 1372 2926 ἐνεδύσατο
1410 2873 1608 2943 σάρκα.
1642 2875 1716 2927 Ob
1744 2873 1855 2947 γὰρ
1891 2873 1984 2927 δύ-

394 2975 584 3012 νανται
622 2961 697 3034 μὴ
726 2962 826 3031 οὑχ
855 2962 1139 3033 ὁμολογεῖν
1166 2964 1258 3016 τὸν
1293 2964 1419 3018 Υίὸν
1451 2967 1592 3036 ὑπὲρ
1629 2966 1828 3020 πάντα.
1865 2966 1984 3021 Κάν

393 3065 457 3103 τε
493 3052 700 3123 κτίσμα
743 3056 908 3110 αὑτὸν
959 3058 1190 3128 λέγοιεν,
1233 3059 1586 3130 ὁμολογοῦσιν
1630 3061 1794 3116 αὑτὸν
1841 3062 1984 3133 ὑπὲρ

393 3141 495 3194 ὅλα
525 3142 595 3196 τά
623 3144 898 3216 κτίσματα
942 3151 1131 3205 αὑτοῦ.
1177 3151 1339 3205 Ἀλλὰ
1383 3153 1474 3206 καὶ
1523 3153 1600 3217 ὡς
1633 3151 1983 3226 χαριζόμενοι

394 3231 581 3303 αὑτῷ,
630 3233 910 3305 βούλονται
968 3240 1132 3294 αὑτὸν
1182 3241 1507 3313 θεραπεύειν
1563 3242 1740 3313 λόγῳ,
1795 3243 1983 3315 ὥσπερ

396 3325 544 3395 χειρὶ
597 3329 696 3399 μιᾷ
752 3329 853 3400 μὲν
909 3331 1198 3396 παίοντες,
1249 3335 1313 3404 τῇ
1364 3334 1420 3386 δὲ
1467 3334 1600 3407 άλλη
1649 3335 1980 3404 ἀλείφοντες.

397 3415 570 3469 Τοῦτο
606 3419 714 3488 γὰρ
749 3419 993 3476 θέλουσιν
1021 3423 1208 3494 ῶσπερ
1239 3425 1299 3489 ἐξ
1327 3425 1462 3488 ἰδίας
1489 3427 1860 3498 προαιρέσεως
1892 3427 1983 3479 αὑ-

396 3508 477 3580 τῷ
505 3511 994 3583 προσχαρίσασθαι.
1022 3515 1132 3567 Καὶ
1154 3514 1370 3584 λέγουσι
1389 3531 1405 3547 ·
1439 3519 1662 3587 Κτίσμα
1704 3517 1801 3588 μὲν
1826 3518 1983 3587 λέγου-

401 3619 524 3672 μεν,
549 3601 662 3656 ἀλλ’
689 3604 789 3674 οὑχ
813 3604 889 3667 ὡς
916 3604 974 3658 ἓν
1002 3605 1111 3660 τῶν
1141 3609 1478 3678 κτισμάτων,
1507 3609 1604 3663 καὶ
1625 3610 1859 3681 ποίημα,
1890 3611 1984 3665 καὶ

397 3694 500 3764 υὺχ
526 3694 602 3758 ὡς
634 3694 692 3748 ἓν
725 3695 834 3749 τῶν
867 3697 1207 3769 ποιημάτων,
1238 3699 1332 3751 καὶ
1359 3700 1625 3772 γέννημα,
1659 3701 1753 3754 καὶ
1787 3702 1884 3773 οὐχ
1907 3704 1985 3766 ὡς

399 3782 460 3835 ἓν
490 3784 597 3837 τῶν
625 3785 980 3858 γεννημάτων
998 3805 1014 3820 ·
1039 3788 1127 3841 ἵνα
1151 3791 1208 3841 ὲν
1235 3788 1312 3859 τῷ
1336 3791 1532 3855 εἰπεῖν,
1562 3791 1662 3862 οὑχ
1686 3791 1762 3854 ὡς
1791 3791 1849 3845 ἓν
1875 3793 1984 3846 τῶν

397 3877 777 3947 γεννημάτων,
814 3879 1264 3952 ἀποστερήσωσιν
1307 3881 1468 3935 αὑτὸν
1505 3881 1607 3952 τῆς
1650 3883 1791 3937 κατά
1823 3883 1985 3954 φύσιν

399 3966 736 4038 γεννήσεως·
773 3968 866 4021 καὶ
895 3970 952 4022 ὲν
975 3967 1056 4039 τῷ
1077 3973 1269 4032 εἰπεῖν,
1296 3971 1394 4042 οὑχ
1420 3971 1496 4036 ὡς
1521 3972 1579 4026 ἓν
1607 3973 1716 4026 τῶν
1753 3974 1987 4046 κτισμά-

398 4075 511 4111 των
529 4098 543 4123 ,
563 4059 648 4112 ἵνα
669 4059 919 4130 ἀληθινὸν
937 4060 1140 4132 κτίσμα
1159 4062 1320 4114 αὑτὸν
1337 4063 1706 4132 ἁποφάνωσιν.
1731 4059 1856 4120 Οἶον
1877 4065 1986 4137 γὰρ

399 4148 498 4202 ἐάν
589 4151 813 4220 κτίσμα,
846 4152 1052 4223 κτίσμα
1073 4154 1324 4225 ὑπάρχει·
1358 4154 1459 4208 κᾶν
1483 4172 1542 4208 τε
1579 4157 1986 4228 μυριανταπλά-

403 4257 520 4294 σιον
549 4241 736 4296 ἐπάνω
768 4243 854 4314 εἴη
894 4244 1065 4314 ὄνομα
1104 4245 1247 4315 ἔχον,
1285 4246 1347 4299 τὸ
1385 4248 1518 4302 αὑτό
1559 4249 1676 4301 ἐστι
1709 4251 1820 4312 τοῖς
1852 4252 1986 4304 πᾶσι

400 4333 699 4404 κτίσμασιν
721 4333 1124 4406 ὲξισαζόμενον.
1154 4337 1230 4390 Οὑ
1265 4337 1373 4410 γὰρ
1398 4339 1481 4392 ὅτι
1516 4339 1668 4411 ἥλιος
1702 4341 1988 4412 φαιδρότε-

403 4444 498 4498 ρος
524 4427 636 4480 τῶν
658 4427 833 4482 ἄλλων
859 4430 996 4492 ἐστὶ,
1022 4429 1248 4484 δύναται
1279 4432 1352 4503 μὴ
1382 4427 1521 4487 εἶναι
1543 4435 1770 4506 κτίσμα,
1796 4435 1986 4508 ῶσπερ

2011 3201 2052 3259 C

2164 2408 2306 2463 XVI.
2349 2407 2459 2463 Nec
2494 2406 2630 2462 illud
2665 2405 2999 2477 intelligunt,
3035 2413 3239 2476 quanta
3284 2421 3383 2461 sua
3424 2423 3549 2462 cum
3597 2409 3681 2464 in-

2089 2503 2255 2558 famia
2306 2500 2620 2558 istiusmodi
2662 2500 3025 2570 cogitationes
3070 2499 3396 2570 suscipiant.
3449 2499 3582 2554 Nam
3631 2502 3679 2557 si

2087 2605 2373 2665 propterea
2407 2593 2552 2664 quod
2583 2607 2613 2646 a
2643 2591 2824 2648 Patris
2855 2588 3094 2646 essentia
3130 2591 3382 2646 diversus
3413 2599 3519 2656 est,
3550 2607 3678 2646 car-

2087 2700 2212 2739 nem
2270 2684 2518 2738 induisse
2567 2683 2793 2746 dicitur,
2840 2682 2895 2735 in
2951 2697 3124 2752 eaque
3175 2696 3373 2752 passus
3421 2689 3478 2736 ct
3525 2685 3678 2737 cruci

2089 2777 2334 2841 suﬂixus,
2387 2775 2549 2830 velim
2596 2774 2729 2829 illud
2776 2774 2935 2829 nobis
2967 2774 3283 2838 ostendant,
3323 2787 3573 2844 quasnam
3610 2789 3676 2830 ex

2089 2869 2432 2939 spiritalibus
2461 2866 2733 2921 creaturis
2763 2867 2868 2920 alia
2910 2871 3056 2934 (esse
3085 2866 3230 2920 enim
3261 2865 3529 2936 quasdam
3565 2881 3676 2921 non

2087 2960 2312 3015 dubium
2341 2968 2448 3030 est)
2487 2975 2710 3015 carnem
2760 2959 3078 3028 sumpserit.
3127 2957 3314 3028 Neque
3356 2959 3503 3012 enim
3552 2957 3679 3012 inti-

2087 3053 2222 3108 ciari
2278 3061 2512 3123 possunt
2559 3052 2762 3107 Filium
2813 3051 3078 3122 dignitate
3133 3051 3364 3121 reliquis
3417 3053 3678 3108 omnibus

2087 3145 2432 3197 antecellere.
2469 3144 2544 3197 Ac
2594 3142 2814 3198 tametsi
2868 3149 3181 3196 creaturam
3229 3141 3382 3194 illum
3427 3156 3552 3197 esse
3592 3142 3679 3194 di-

2087 3245 2236 3301 cant,
2286 3237 2645 3291 nihilominus
2693 3234 2952 3289 omnibus
2997 3234 3178 3304 ipsum
3235 3235 3507 3291 creaturis
3555 3235 3677 3304 ejus

2087 3336 2464 3400 anteponunt;
2499 3338 2665 3398 atque
2702 3327 2776 3380 ita
2809 3327 2958 3381 velut
2985 3325 3329 3396 gratiﬁcandi
3359 3341 3525 3380 causa
3555 3342 3677 3380 ver-

2093 3421 2180 3476 bis
2211 3433 2369 3476 tenus
2415 3421 2685 3474 demereri
2722 3435 2786 3474 ac
2820 3419 3115 3474 conciliare
3149 3418 3370 3473 student
3403 3437 3416 3472 :
3451 3419 3677 3488 perinde

2087 3526 2152 3566 ac
2197 3513 2291 3582 qui
2348 3512 2518 3565 altera
2570 3526 2736 3565 manu
2787 3511 3096 3574 verberant,
3153 3511 3320 3565 altera
3376 3510 3669 3578 inungunt.

2083 3601 2298 3671 Quippe
2325 3601 2456 3655 illud
2479 3603 2656 3671 ipsum
2687 3609 2882 3671 suapte
2901 3608 3095 3670 sponte
3109 3603 3257 3656 velut
3285 3599 3529 3655 beneﬁcii
3553 3601 3676 3654 loco

2086 3695 2358 3759 tribuunt,
2385 3703 2547 3764 atque
2581 3696 2654 3748 ita
2678 3693 2965 3747 dictitant:
2992 3707 3093 3748 nos
3127 3701 3434 3749 creaturam
3454 3693 3671 3764 quidem

2087 3787 2236 3841 illum
2258 3802 2380 3843 esse
2409 3785 2776 3847 dicimus,sed
2805 3801 2913 3840 non
2943 3791 3264 3840 exterarum
3295 3795 3674 3839 creaturarum

2084 3879 2296 3948 instar;
2329 3878 2456 3933 item
2489 3877 2771 3948 opiﬁcium
2797 3894 2919 3933 esse
2955 3877 3251 3940 credimus,
3294 3877 3390 3932 sed
3421 3894 3530 3932 non
3578 3892 3679 3933 cu-

2083 3947 2327 4040 jusinodi
2361 3976 2559 4024 caetera
2603 3969 2823 4040 Opiﬁcia
2857 3977 3021 4036 sunt;
3070 3970 3237 4024 letum
3269 3968 3516 4038 insuper,
3564 3984 3674 4025 non

2089 4071 2149 4116 ut
2184 4062 2328 4117 fetus
2356 4062 2446 4116 alii
2478 4068 2628 4125 sunt,
2669 4070 2730 4114 ut
2759 4076 2884 4115 cum
2919 4068 3243 4115 caeterorum
3285 4077 3408 4132 quae
3437 4063 3675 4132 gignun-

2087 4163 2179 4208 tur
2211 4169 2322 4208 non
2372 4154 2549 4208 instar
2589 4168 2713 4208 esse
2761 4153 3020 4220 dixerint,
3057 4154 3366 4208 naturalem
3415 4156 3463 4207 ei
3513 4168 3678 4222 gene-

2086 4245 2358 4300 rationem
2413 4244 2741 4311 detrahant;
2783 4253 2838 4298 et
2885 4257 3012 4297 cum
3064 4245 3292 4299 minime
3332 4245 3564 4316 alicujus
3607 4258 3676 4300 ει

2089 4337 2363 4392 creaturis
2394 4336 2629 4391 similem
2666 4337 3026 4403 asseruerint,
3059 4351 3242 4390 veram
3279 4337 3431 4390 illum
3459 4343 3677 4392 creatu-

2089 4444 2207 4484 ram
2264 4443 2388 4484 esse
2437 4428 2720 4483 deliniant.
2780 4425 2915 4481 Nam
2950 4427 3369 4498 cujusquemodi
3421 4437 3675 4483 creatura

403 4520 498 4574 καὶ
532 4521 560 4574 ὁ
588 4521 730 4585 λίθος
750 4538 764 4552 ο
800 4522 920 4575 οὐδὲ
950 4523 1034 4576 ὅτι
1064 4525 1098 4594 ἡ
1133 4524 1330 4595 σελήνη
1363 4527 1657 4597 ὑπερπαίει
1689 4528 1760 4581 τά
1785 4529 1984 4601 ἄστρα,

2093 4524 2271 4593 aliqua
2307 4522 2400 4585 sit,
2433 4528 2706 4590 gereatura
2751 4529 2933 4575 tamen
2991 4527 3106 4588 est;
3156 4535 3221 4575 ac
3267 4521 3394 4575 licet
3443 4520 3676 4576 inﬁnitis

402 4612 554 4682 παρὰ
579 4613 741 4666 τοῦτο
775 4615 877 4668 οὑκ
916 4613 1032 4670 ἐστι
1070 4615 1178 4670 τῶν
1216 4619 1729 4689 κτισμάτων.Ἰδοὺ
1766 4621 1877 4692 γὰρ
1910 4623 1986 4677 τὰ

399 4703 727 4771 σύμπαντα
777 4703 969 4759 δοῦλα
1012 4705 1114 4760 σά.
1161 4708 1302 4761 Ὅσα
1333 4709 1443 4781 γάρ
1489 4711 1666 4774 ἐστιν,
1716 4709 1775 4778 ἐξ
1817 4712 1984 4766 αὑτοῦ

401 4795 549 4847 ἐστιν
590 4795 884 4866 ἐκτισμένα
917 4798 1011 4851 καὶ
1049 4797 1242 4853 δοῦλαι
1275 4801 1305 4854 ὁ
1331 4799 1388 4853 δὲ
1413 4802 1723 4874 Μονογενὴς
1758 4803 1986 4874 ἀλήθειά

401 4885 539 4951 ἐστι,
574 4887 670 4939 καὶ
696 4889 724 4940 ὁ
757 4887 914 4956 λόγος
944 4889 1109 4943 αὑτοῦ
1140 4891 1392 4962 ἀληθινὸς
1418 4894 1692 4966 ὑπάρχει,
1732 4895 1809 4959 ὡς
1842 4895 1945 4968 ἔφη
1967 4913 1980 4926 ·

416 4977 558 5031 Ἐὰν
589 4978 756 5047 ὑμεῖς
785 4981 1031 5050 μείνητε
1056 4982 1126 5036 ὲν
1146 4981 1226 5049 τῷ
1255 4985 1417 5054 λόγῳ
1449 4984 1531 5050 τῷ
1562 4985 1715 5055 ἐμῷ,
1744 4987 1988 5056 ἀληθῶς

396 5073 661 5140 μαθηταί
671 5075 791 5143 μού
805 5075 963 5136 ἐστε,
981 5077 1078 5130 καὶ
1097 5077 1405 5147 γνώσεσθε
1424 5077 1540 5146 τὴν
1553 5078 1860 5146 ἀλήθειαν,
1887 5081 1987 5134 καὶ

401 5164 444 5230 ἡ
477 5163 730 5233 ἀλήθεια
763 5167 1148 5236 ἐλευθερώσει
1179 5167 1354 5238 ὑμᾶς.
1387 5171 1450 5223 Εἰ
1491 5170 1548 5224 δὲ
1579 5173 1607 5224 ὁ
1637 5171 1792 5240 λόγος
1820 5172 1986 5227 αὐτοῦ

403 5252 632 5324 ἀλήθεια
655 5255 911 5327 ὑπάρχει,
927 5259 1021 5312 καί
1044 5259 1317 5330 ἐλευθεροῖ
1334 5263 1458 5324 τοὺς
1474 5261 1657 5315 ἐλευθε
1666 5279 1758 5332 ρου
1766 5264 1983 5333 μένους,

405 5347 560 5418 πόσῳ
600 5364 666 5416 γε
707 5349 904 5420 μᾶλλον
943 5351 1107 5415 αὐτὸς
1135 5353 1416 5425 ἐλεύθερος
1455 5355 1726 5426 ὑπάρχει,
1760 5356 1985 5426 ἀλήθεια

405 5434 501 5499 ῶν,
561 5439 656 5492 καὶ
702 5438 1001 5512 ἐλευθερῶν
1055 5443 1183 5506 τοὺς
1236 5443 1384 5514 αὑτῷ
1431 5444 1786 5516 πειθομένους
1825 5446 1985 5512 ὄντας

402 5524 660 5596 δόὺλους;
708 5529 796 5583 διὰ
840 5533 902 5584 τὸ
948 5531 1238 5604 σύμπαντα
1276 5534 1438 5588 δοῦλα
1479 5530 1618 5590 εἶναι
1655 5537 1840 5602 αὐτοῦ,
1890 5538 1986 5590 καὶ

402 5617 500 5672 τοῦ
537 5620 749 5692 [ἰατρὸς
785 5622 972 5691 αὐτοῦ,
1003 5625 1096 5680 καὶ
1130 5625 1224 5678 τοὺ
1257 5627 1413 5695 ἁγίου
1444 5627 1761 5694 Πνεύματος
1791 5627 2013 5682 αὑτοῦ.ι

2092 4616 2340 4688 partibus
2369 4616 2720 4685 praistantlus
2753 4629 2951 4668 nomen
2990 4613 3253 4674 obtineat,
3287 4628 3409 4667 cum
3450 4613 3677 4682 reliquis

2092 4709 2450 4764 nihilominus
2501 4707 2774 4762 creaturis
2822 4705 3098 4776 adaequari
3132 4721 3358 4760 necesse
3392 4713 3496 4760 est.
3539 4703 3678 4758 Nam

2093 4817 2271 4872 neque
2300 4801 2402 4866 sol,
2436 4800 2583 4871 quod
2626 4801 2836 4871 reliqua
2872 4800 3163 4869 splendore
3193 4808 3434 4868 superet.
3467 4797 3678 4852 idcirco

2094 4895 2347 4946 creatura
2379 4906 2486 4945 non
2518 4906 2641 4945 esse
2669 4899 2871 4961 potest,
2905 4890 3130 4960 perinde
3164 4906 3228 4944 ae
3275 4890 3446 4959 lapis;
3498 4901 3678 4958 neque

2095 4982 2242 5053 quod
2278 4983 2408 5037 luna
2456 4983 2630 5039 stellis
2661 4983 2997 5054 splendidior
3040 4983 3144 5047 sit,
3177 4982 3249 5037 ob
3291 4982 3342 5035 id
3383 4996 3412 5034 a
3459 4987 3677 5035 creata-

2094 5091 2218 5129 rum
2275 5089 2458 5131 rerum
2507 5091 2742 5131 numero
2793 5075 3154 5131 secernitur:
3208 5073 3337 5128 Ecce
3391 5074 3530 5127 enim
3581 5072 3677 5141 (ait

2097 5165 2435 5237 Scriptura)_
2469 5166 2650 5218 omnia
2673 5167 2905 5219 serviunt
2937 5164 3030 5218 tibi
3062 5167 3082 5196 ²
3111 5182 3124 5217 :
3161 5163 3305 5236 quod
3335 5176 3676 5232 quaecunque

2091 5259 2310 5312 demum
2337 5259 2634 5322 exsistunt,
2662 5259 2730 5313 ab
2753 5272 2818 5312 eo
2839 5265 3023 5312 creata
3053 5256 3183 5319 sint,
3210 5256 3369 5326 eique
3397 5255 3671 5322 serviunt;

2089 5350 2405 5420 unigenitus
2424 5366 2551 5406 vero
2571 5348 2742 5405 Filius
2761 5351 2963 5405 veritas
2981 5359 3086 5412 est,
3101 5364 3164 5404 ac
3195 5364 3381 5403 verum
3398 5346 3671 5401 Verbum:

2089 5441 2143 5496 id
2172 5442 2317 5512 quod
2352 5443 2468 5513 ipse
2484 5451 2741 5498 testatur.
2770 5442 2853 5510 Si,
2886 5443 3084 5512 inquit,
3116 5441 3417 5494 manseritis
3437 5440 3486 5491 in
3517 5436 3674 5492 verbo

2089 5551 2223 5598 meo,
2259 5551 2373 5589 vere
2422 5534 2672 5604 discipuli
2706 5536 2806 5589 mei
2842 5535 3011 5599 eritis,
3055 5533 3218 5605 740
3262 5543 3310 5586 et
3351 5530 3674 5602 cognoscetis

2087 5628 2381 5696 veritatem,
2407 5639 2456 5685 et
2490 5631 2686 5685 veritas
2734 5630 2980 5684 liberabit
3009 5645 3096 5682 vos
3137 5629 3179 5682 ³.
3226 5628 3361 5682 Cum
3392 5626 3537 5679 enim
3575 5622 3673 5679 Dei

405 5709 647 5767 Verbum
681 5713 886 5770 veritas
918 5715 1010 5780 sit,
1055 5716 1265 5784 eisque,
1306 5719 1407 5788 qui
1467 5718 1525 5773 in
1583 5718 1886 5775 libertatem
1943 5727 2288 5788 asseruntur,
2360 5721 2508 5779 illam
2553 5721 2729 5794 ipsam
2784 5721 3093 5778 libertatem
3146 5717 3394 5782 tribuat,
3459 5721 3672 5789 quanto

482 5868 499 5897 ¹
543 5865 710 5926 Marc.
752 5883 876 5934 xm,
908 5868 999 5926 '52.

1077 5872 1098 5902 '
1135 5869 1494 5938 Psal.cxvm,
1530 5873 1618 5927 9|.
1697 5873 1716 5906 ³
1753 5871 1913 5930 Joan.
1943 5892 2064 5945 vui,
2095 5876 2184 5933 ⁸51.
