4138 6396
479 438 589 496 29.7

1863 434 1924 491 S.
1965 432 2306 489 EPIPHANII

3635 424 3739 486 2‘38

480 556 656 628 magis
681 557 786 612 erit
807 558 924 629 ipse
958 557 1118 623 liber,
1149 561 1343 625 utpote
1400 552 1496 624 qui
1531 552 1602 608 sit
1651 551 1881 617 veritas,
1916 566 2124 622 eosque
2174 551 2230 606 in
2278 551 2583 604 libertatem
2621 563 2690 604 ex
2740 546 3000 604 servitute
3036 541 3293 610 vindicet,
3339 542 3433 614 qui
3483 541 3587 597 sibi
3637 542 3739 610 ipst

481 664 690 704 morem
733 650 965 722 gerant?
1022 650 1293 718 Quoniam
1346 648 1533 703 omnia
1576 655 1687 702 tam
1741 648 1846 718 ipsi
1897 663 2065 719 quam
2102 647 2225 718 ejus
2257 647 2428 710 Patri,
2460 645 2688 717 Spiritui
2721 651 2913 701 sancto
2940 642 3204 698 serviunt.

552 736 716 794 XVII.
758 740 868 797 Sed
900 742 1033 796 illud
1080 741 1392 810 objiciunt:
1427 739 1715 806 Quomodo
1758 755 1817 795 se
1860 738 2060 793 infudit

2234 742 2331 793 IZ'.
2387 735 2519 793 Είτα
2573 738 2733 820 πάλιν
2779 737 3034 805 λέγουσί⁸
3089 735 3212 795 Πῶς
3268 731 3600 801 ἑνεδήμησεν
3661 726 3740 790 είς

481 832 538 884 In
571 845 816 898 carnem,
852 834 899 890 si
927 850 995 888 ex
1030 832 1213 889 Patris
1257 835 1497 888 essentia
1530 831 1843 902 processit?
1876 829 2068 884 Dicant

483 930 538 975 et
587 922 692 992 ipsi
725 938 827 977 cur
859 923 1059 994 angeli,
1093 923 1187 992 qui
1234 923 1406 993 ipsius
1455 923 1603 978 servi
1646 932 1795 986 sunt,
1844 935 2067 975 carnem

486 1012 712 1068 minime
760 1014 1141 1082 susceperint?
1175 1029 1277 1068 cur
1311 1029 1411 1068 nec
1445 1013 1782 1082 archangeli,
1815 1026 1916 1066 nec
1957 1025 2069 1065 coe-

486 1103 652 1159 lestes
690 1106 986 1168 exercitus,
1019 1121 1121 1160 nec
1163 1106 1362 1175 reliqui
1402 1120 1594 1161 onmes
1627 1104 1892 1176 spiritus?
1925 1103 2066 1169 Quid

484 1193 635 1264 quod
662 1200 717 1249 et
746 1195 910 1250 iidem
950 1195 1267 1250 inferiorem
1293 1211 1419 1250 esse
1456 1194 1596 1250 Filio
1632 1195 1894 1265 Spiritum
1922 1194 2066 1247 allir-

487 1294 662 1349 mant,
708 1294 762 1342 et
815 1288 1044 1342 alterius
1092 1295 1424 1350 creaturam,
1476 1301 1670 1356 nempe
1704 1283 1910 1340 Verbi?
1957 1283 2068 1338 Cur

485 1393 596 1432 non
633 1379 796 1448 igitur
839 1393 1063 1434 carnem
1114 1379 1352 1450 Spiritus
1409 1378 1606 1442 induit,
1656 1393 1780 1432 cum
1831 1392 1896 1431 ex
1955 1377 2067 1430 Arii

485 1471 756 1524 sententia
791 1470 962 1524 multo
989 1471 1162 1540 magis
1209 1471 1280 1524 sit
1308 1470 1454 1524 illius
1485 1484 1648 1539 quam
1677 1468 1800 1522 Filii
1832 1482 2068 1539 perstina

488 1559 811 1614 mutabilis?
839 1557 1320 1614 Verumenimvero
1351 1559 1500 1630 quod
1531 1559 1620 1614 ille
1649 1559 1920 1628 sapientia
1963 1557 2068 1611 Pa-

488 1652 591 1707 tris
621 1660 789 1715 esset.
819 1661 1033 1708 suamet
1063 1653 1239 1722 ipsius
1272 1653 1610 1722 perfectione
1640 1652 2068 1707 imbecillitatem

489 1749 738 1796 nostram
771 1741 1055 1811 suscipere
1083 1742 1274 1805 voluit,
1304 1750 1364 1796 ut
1406 1743 1569 1810 hujus
1607 1740 1797 1796 mundi
1827 1742 1976 1796 salus
2006 1742 2070 1794 il-

491 1834 600 1890 lius
630 1833 892 1889 beneficio
923 1842 1357 1904 compararetur.
1390 1833 1461 1887 At
1508 1834 1588 1888 illi
1641 1835 1784 1888 bona
1829 1833 1883 1887 in
1928 1834 2070 1887 mala

491 1933 915 1990 commutantes,
967 1925 1212 1996 ingratos
1248 1941 1370 1982 sese
1408 1926 1672 1995 praebent,
1717 1925 1854 1978 tanti
1905 1925 2070 1979 bene-

494 2016 601 2070 ﬁcii
631 2017 999 2082 immemores,
1053 2027 1216 2086 atque
1248 2018 1301 2070 in
1348 2015 1636 2070 Dominum
1682 2030 1842 2069 suum
1875 2022 2070 2068 contu-

2170 840 2367 906 σάρκα,
2399 833 2447 884 εί
2471 827 2538 902 ἦν
2569 833 2631 883 ὲκ
2659 830 2760 901 τῆς
2791 828 2884 884 τοῦ
2917 827 3130 899 Πατρδς
3155 825 3376 887 οὑσίας;
3409 824 3613 875 Εῖπωσι
3641 820 3739 873 τοία
3762 837 3779 872 ι

2167 944 2261 978 νυν
2287 925 2440 995 ἡμῖν,
2472 923 2592 986 πῶς
2630 922 2850 991 ἄγγελοι
2884 922 3060 991 σάρκα
3089 920 3188 971 οὑκ
3219 915 3428 980 ἔλαϐον,
3453 914 3603 975 ὄντες
3627 909 3741 964 δοῦ-

2167 1015 2248 1069 λοι
2278 1015 2475 1080 αὑτοῦ;
2508 1014 2624 1078 πῶς
2661 1013 2989 1084 ἀρχάγγελοι
3015 1030 3030 1075 ;
3063 1010 3180 1072 πῶς
3217 1005 3498 1077 πρατιαὶζ
3527 1002 3645 1066 πῶς
3675 1001 3742 1055 τὰ

2167 1108 2304 1162 ἄλλα
2334 1109 2507 1162 πάντα
2535 1107 2602 1160 τὰ
2632 1104 3008 1176 πνευματικὰς
3053 1101 3211 1155 Ἀλλὰ
3240 1101 3334 1154 xui
3359 1095 3741 1166 ὑποδεέστερόν

2169 1214 2333 1266 φασιν
2377 1192 2516 1249 εἶναι
2567 1195 2617 1247 οἱ
2671 1194 2902 1247 τοιοῦτοι
2955 1193 3015 1245 τὸ
3073 1190 3322 1260 Πνεῦμα,
3389 1189 3483 1241 xui
3542 1186 3744 1255 κτίσμα

2169 1289 2484 1358 κτίσματος,
2516 1287 2590 1350 ὡς
2610 1286 2774 1341 αὑτοῦ
2796 1286 2890 1339 τοῦ
2922 1286 3118 1353 Λόγου.
3148 1283 3270 1346 Πῶς
3299 1279 3390 1334 οὖν
3431 1280 3490 1332 τὸ
3526 1277 3744 1346 Πνεῦμα

2168 1381 2267 1432 οὐκ
2290 1379 2448 1432 ἔλαϐε
2471 1380 2667 1448 σάρκα,
2697 1378 2991 1448 δυνάμενον
3019 1377 3160 1446 ἔχειν
3196 1374 3486 1445 πρόσωπον
3515 1367 3745 1441 τρεπτδν

2171 1470 2309 1540 ὑπὲρ
2343 1469 2435 1522 τὸν
2476 1469 2624 1531 Υίδν,
2658 1469 2800 1521 κατὰ
2832 1468 2924 1521 τὸν
2953 1465 3116 1519 αὑτοῦ
3149 1464 3337 1532 λόγον;
3392 1460 3526 1514 Ἀλλ’
3562 1457 3745 1527 ἐπειδὴ

2171 1561 2329 1628 σοφία
2372 1556 2440 1631 ἦν
2476 1560 2570 1613 τοῦ
2609 1561 2841 1630 Πατρδς,
2889 1559 3155 1629 ηὑδὸκησε
3184 1556 3251 1608 δι’
3297 1552 3484 1606 ἑαυτοῦ
3531 1551 3628 1620 τῆς
3663 1566 3745 1601 τε-

2169 1653 2442 1724 λειότητος
2493 1653 2554 1704 τὸ
2593 1652 2859 1723 ἡμέτερον
2901 1649 3122 1712 ἀσθενὲς
3173 1645 3460 1700 ἀναλαϐεῖν
3485 1683 3498 1706 ,
3539 1643 3628 1695 ἵνα
3677 1640 3743 1692 δι’

2171 1746 2363 1800 ἑαυτοῦ
2391 1747 2539 1799 πᾶσα
2559 1745 2799 1816 σωτηρία
2819 1743 2896 1814 τῷ
2915 1742 3102 1812 κόσμῳ
3124 1739 3366 1808 γένηται.
3391 1736 3472 1788 Τὰ
3491 1735 3546 1787 δὲ
3567 1731 3746 1801 ἁγαθά

2171 1840 2252 1901 εἰς
2295 1837 2441 1890 κακά
2494 1837 2924 1907 μετατρέποντος
2977 1829 3394 1903 ἀχαριστοῦσιν,
3441 1828 3745 1898 ἀχάριστοι,

2172 1932 2267 1985 xui
2320 1929 2667 2001 ἀγνώμονες,
2718 1929 2812 1981 xui
2849 1925 3122 1981 Δεσπότου
3165 1923 3292 1976 ἰδίου
3336 1920 3619 1992 ὑϐρισταὶ,
3649 1917 3748 1971 xui

2178 2023 2507 2093 βλάσφημοι.
2547 2019 2628 2072 Tu
2666 2019 2722 2071 δὲ
2761 2017 2894 2072 ἄλλα
2939 2016 3121 2069 λοιπὸν
3158 2017 3256 2068 ὅσα
3279 2013 3554 2081 λέγοντες,
3585 2008 3749 2079 ἠλατ-

491 2111 702 2166 rneliosi
742 2111 960 2180 penitus
989 2119 1043 2164 et
1076 2110 1282 2177 injurii.
1332 2109 1534 2163 Eodem
1570 2109 1732 2162 modo
1777 2115 1831 2161 et
1879 2108 1934 2160 in
1967 2121 2073 2160 cae-

2184 2114 2439 2183 τωμένως
2467 2113 2740 2182 φρονοῦσι.
2765 2108 2887 2172 Πῶς
2917 2109 2974 2161 δὲ
3001 2108 3284 2160 ἐπείνασεν
3304 2145 3319 2170 ,
3349 2106 3396 2157 εἰ
3424 2098 3492 2173 ἦν
3528 2101 3625 2171 τῆς
3655 2098 3746 2154 τοῦ

490 2204 626 2260 teris
660 2203 733 2256 ita
764 2202 831 2257 de
862 2218 926 2258 co
958 2202 1220 2260 sentiunt,
1255 2210 1314 2254 ut
1348 2199 1588 2254 divinam
1635 2199 1687 2252 in
1731 2213 1798 2252 eo
1841 2197 2078 2267 dignita-

492 2301 604 2347 tem
649 2294 996 2347 imminuant.
1032 2293 1288 2359 Quinam,
1345 2291 1621 2361 inquiunt,
1673 2288 1886 2354 esuriit,
1933 2288 1977 2342 si
2011 2304 2076 2342 ex

493 2383 676 2440 Patris
713 2387 954 2441 essentia
999 2385 1240 2455 prodiit?
1286 2382 1359 2438 De
1412 2383 1524 2438 Deo
1570 2396 1772 2452 quippe
1806 2380 2072 2457 scriptum

493 2484 580 2530 est
612 2495 626 2531 :
661 2476 784 2530 Non
825 2478 1039 2541 csuriet,
1092 2492 1252 2546 neque
1283 2476 1462 2539 sitiet;
1496 2490 1657 2542 neque
1684 2482 1759 2526 est
1804 2471 2082 2540 investiga-

496 2571 572 2624 tio
605 2571 880 2639 sapientia:
917 2571 1067 2623 illius
1103 2571 1141 2621 ¹.
1181 2567 1281 2622 llic
1324 2579 1506 2622 autem
1547 2576 1600 2621 et
1630 2566 1845 2626 esuriit,
1875 2572 1929 2618 et
1963 2563 2084 2618 siti-

493 2662 593 2717 vit.
641 2660 882 2732 Fatigari
935 2659 1132 2715 deinde
1179 2675 1246 2714 ex
1293 2659 1510 2722 itinere,
1557 2665 1651 2712 aut
1705 2655 1896 2712 sedere
1944 2669 2082 2724 quo-

500 2749 664 2805 modo
689 2749 868 2820 potuit
909 2763 1035 2802 cum
1080 2747 1344 2817 scriptum
1400 2747 1471 2802 sit
1507 2767 1518 2800 :
1552 2745 1692 2799 Deus
1733 2761 1837 2798 non
1865 2743 2081 2796 labora-

498 2841 573 2896 bit
593 2842 648 2895 ’ἓ
670 2840 783 2896 ϐυτ
812 2855 944 2895 vero
976 2839 1094 2910 ipse
1117 2839 1283 2892 dixit:
1323 2837 1426 2904 Qui
1459 2838 1602 2892 misit
1630 2854 1706 2890 me
1721 2837 1882 2890 Pater
1909 2837 2083 2900 major

503 2935 720 2988 mest'
743 2933 936 2988 ?Alius
967 2941 1046 2987 est
1077 2931 1220 2987 enim
1237 2930 1330 3001 qui
1361 2929 1546 2993 mittit,
1563 2928 1701 2984 alius
1719 2931 1809 3000 qui
1828 2931 2080 2985 mittitur.

501 3024 618 3080 Nec
669 3025 962 3079 obscurum
992 3035 1077 3078 εει
1114 3021 1331 3076 Patrem
1364 3035 1473 3075 non
1511 3036 1634 3076 esse
1663 3019 1882 3086 Filium,
1911 3036 2084 3092 neque

501 3115 700 3171 Filium
744 3131 867 3172 esse
913 3113 1151 3170 Patrem.
1205 3113 1322 3168 Non
1369 3113 1514 3169 enim
1555 3114 1811 3168 assentiri
1847 3111 2086 3169 Sabellio

501 3224 818 3279 possumus,
840 3208 935 3279 qui
964 3207 1161 3261 Filium
1187 3205 1403 3260 Patrem
1427 3206 1583 3275 quasi
1613 3221 1781 3259 unum
1804 3205 2086 3261 eumdem-

497 3313 606 3368 que
633 3297 938 3352 constituit.
975 3295 1192 3365 Alioqui
1223 3311 1332 3349 non
1373 3295 1580 3350 diceret
1615 3313 1628 3349 :
1667 3296 1823 3351 Alius
1859 3305 1963 3362 est,
1989 3297 2084 3367 qui

2181 2207 2392 2277 Πατρὸς
2425 2205 2641 2267 οὑσίας;
2677 2203 2810 2274 Περὶ
2849 2201 2956 2272 γὰρ
2995 2199 3088 2253 τοῦ
3128 2198 3262 2252 Θεοῦ
3298 2197 3635 2266 γέγραπται·
3667 2193 3748 2244 Οὐ

2181 2297 2472 2362 πεινάσει,
2525 2296 2666 2350 οὐδὲ
2704 2293 2988 2362 διψήσει·
3041 2293 3178 2344 οὔτε
3228 2290 3400 2343 ἔστιν
3443 2285 3750 2352 ἐξεύρεσις

2180 2389 2291 2458 τῆς
2320 2388 2670 2458 φρονήσεως
2703 2385 2911 2440 αὐτοῦ.
2949 2379 3115 2445 Οὗτος
3139 2381 3195 2434 δὲ
3224 2379 3317 2433 xui
3340 2377 3593 2430 ἐπείνασε
3614 2414 3628 2438 ,
3656 2374 3750 2428 xui

2183 2480 2422 2549 ἐδίψησε.
2467 2479 2590 2542 Πῶς
2621 2479 2895 2548 κέκμηκεν
2924 2476 2988 2528 ὲκ
3012 2475 3111 2544 τῆς
3131 2470 3452 2542 ὁδοιπορίας,
3484 2467 3579 2521 xui
3618 2465 3748 2518 ἐκά-

2182 2571 2320 2635 Θισε,
2357 2571 2450 2624 xui
2483 2573 2566 2624 ὅτι
2597 2573 2629 2624 ό
2659 2568 2802 2633 Θεὸς
2833 2569 2904 2620 οὐ
2935 2564 3249 2628 κοπιάσειὶ
3289 2561 3411 2624 Πῶς
3447 2559 3524 2624 δὲ,
3563 2556 3747 2626 φησὶν.

2181 2658 2354 2727 εἶπεν,
2402 2662 2454 2714 '0
2487 2659 2856 2724 ἀποστείλας
2895 2674 2970 2728 με
3010 2657 3212 2722 Πατήρ
3252 2671 3369 2722 μου
3401 2646 3613 2720 μείζων
3631 2643 3748 2714 μού

2181 2756 2386 2817 ἑστιν;
2427 2753 2619 2816 Ἀλλος
2656 2751 2763 2823 γὰρ
2796 2754 2824 2804 6
2867 2748 3240 2812 ἀποστέλλων,
3276 2744 3430 2805 ἄλλος
3473 2740 3528 2793 δὲ
3560 2740 3587 2792 6
3625 2740 3753 2791 ἀπο-

2185 2847 2554 2918 στελλόμενος.
2600 2845 2710 2899 Καὶ
2761 2843 2915 2914 δῆλον
2937 2885 2952 2906 ,
2982 2843 3063 2894 ὅτι
3099 2843 3127 2893 6
3164 2837 3348 2908 Πατὴρ
3399 2836 3491 2889 οὑκ
3545 2833 3687 2884 ἔστιν
3723 2832 3752 2882 ὁ

2185 2939 2335 3002 Υἱὸς.
2380 2939 2472 2992 xui
2511 2939 2539 2988 6
2573 2937 2699 2999 Υἱὸς
2744 2937 2844 2988 οὑκ
2887 2934 3031 2986 ἔστιν
3063 2935 3092 2985 6
3130 2933 3336 3002 Πατήρ.
3369 2929 3441 2981 Οὐ
3477 2925 3584 2996 γάρ
3614 2922 3754 2976 κατά

2184 3031 2276 3084 τὸν
2298 3029 2582 3082 Σαϐἑλλιον
2611 3030 2772 3098 ἡμεῖς
2801 3027 3030 3097 λέγομεν
3049 3065 3065 3090 ,
3094 3024 3182 3076 τὸν
3209 3022 3433 3090 λέγοντα
3459 3017 3754 3086 υίοπάτορα

2186 3118 2326 3174 εἶναι
2350 3123 2392 3174 ⁵.
2421 3121 2484 3173 Ei
2514 3119 2588 3190 μὴ
2613 3118 2722 3190 γὰρ
2757 3113 2932 3188 εἶπεν,
2957 3118 3038 3169 ὅτι
3064 3115 3251 3177 Ἄλλος
3271 3114 3416 3166 ἐστὶν
3441 3115 3468 3164 6
3507 3109 3756 3164 ἀποστεί-

2185 3212 2283 3275 λας
2327 3228 2414 3280 με’
2447 3209 2571 3273 xui,
2613 3209 2955 3277 Ἁπέρχομαι
2991 3206 3140 3274 πρὸς
3180 3205 3285 3257 τὸν
3316 3203 3462 3256 Θεόν
3492 3219 3612 3270 μου
3659 3199 3755 3252 καί

2189 3305 2339 3360 Θεὸν
2379 3303 2566 3373 ὑμῶν,
2616 3300 2765 3369 πρὸς
2811 3298 2918 3352 τὸν
2952 3297 3181 3367 Πατέρα
3215 3314 3333 3364 μου
3389 3293 3487 3347 καὶ
3529 3291 3758 3358 Πατέρα

499 3385 651 3441 misit
698 3401 804 3441 me.
839 3384 905 3438 Et
939 3403 952 3438 :
1001 3385 1148 3439 Vada
1189 3385 1257 3439 ad
1293 3385 1461 3439 Deum
1506 3402 1697 3450 meum,
1721 3396 1770 3440 et
1810 3388 1976 3442 Deum
2005 3407 2081 3442 se-

2189 3395 2384 3464 ὺμῶν,
2417 3390 2556 3448 εἷπε.
2590 3393 2699 3446 Καὶ
2726 3391 2825 3444 οὑκ
2864 3392 2927 3444 ὲκ
2949 3391 3048 3459 τῆς
3083 3389 3175 3442 τοῦ
3205 3388 3338 3440 Θεοῦ
3369 3387 3553 3449 οὐσίας
3581 3387 3626 3438 oi
3659 3403 3761 3456 μα-

499 3489 716 3545 strum;
759 3479 979 3533 Patrem
1020 3496 1192 3534 meum
1225 3488 1273 3533 et
1299 3477 1515 3532 Patrem
1557 3489 1782 3534 uestrum
1807 3480 1847 3534 ⁸.
1897 3481 2087 3552 Neque

502 3585 633 3624 vero
669 3586 737 3624 ex
771 3570 958 3624 divina
991 3571 1230 3626 essentia
1274 3571 1598 3625 naturaliter
1630 3570 1798 3642 geniti
1835 3580 1964 3627 sunt
2010 3573 2089 3628 di-

505 3660 723 3730 sciptdi.
757 3659 824 3713 Et
854 3661 921 3716 iis
953 3669 1132 3716 tamen
1162 3661 1298 3715 dixit
1325 3680 1338 3716 :
1379 3661 1591 3714 Patrem
1623 3671 1874 3720 vestrum.

575 3750 778 3806 Verum
811 3753 905 3822 qui
939 3753 1040 3807 ista
1078 3752 1334 3822 jactitant
1366 3753 1697 3808 intolerabili
1725 3755 1963 3825 quodam
2002 3754 2091 3811 fu-

505 3858 631 3898 rore
664 3851 716 3897 et
769 3844 1009 3898 amentia
1063 3843 1334 3898 feruntur.
1368 3843 1578 3899 Etenim
1623 3846 1668 3900 si
1719 3847 1836 3900 solo
1868 3847 2090 3904 nomine

506 3934 734 4001 dicitur,
769 3951 871 3992 nec
918 3943 1119 3990 natura
1153 3935 1326 3992 Filius
1356 3945 1461 4003 est,
1503 3939 1856 4006 quantumvis
1905 3939 2089 4010 digni-

505 4033 619 4080 tate
675 4034 933 4097 superet,
994 4026 1133 4081 nihil
1185 4028 1255 4082 ab
1309 4028 1661 4097 reliquarum
1709 4037 2088 4084 creaturarum

509 4117 830 4174 conditione
857 4119 1046 4174 distat.
1081 4118 1217 4172 Nam
1246 4126 1301 4174 et
1328 4127 1422 4174 rex
1460 4120 1584 4174 licet
1608 4119 1764 4191 741
1791 4119 2085 4190 praafectis,

505 4223 571 4264 ac
617 4209 851 4264 militum
907 4210 1186 4281 magistris
1263 4211 1585 4273 antecellat,
1637 4226 1746 4264 non
1813 4211 1937 4266 ideo
1978 4228 2088 4267 non

504 4299 750 4369 ejusdem
793 4309 879 4356 est
912 4301 1072 4371 cujus
1104 4301 1285 4357 caeteri
1333 4301 1686 4366 conditionis,
1719 4309 1813 4356 aut
1843 4317 1952 4357 non
1996 4318 2090 4357 ea-

506 4391 630 4445 dem
683 4403 807 4443 cum
861 4390 970 4446 illis
1017 4391 1281 4446 servitute
1331 4392 1676 4455 continetur,
1717 4400 1974 4462 tanquam
2021 4408 2089 4448 ex

505 4482 696 4538 eadem
725 4483 1004 4538 creatione
1051 4482 1352 4547 derivatus,
1383 4493 1438 4540 et
1491 4485 1740 4540 mortalis
1774 4499 1884 4539 non
1929 4500 2088 4541 secus

506 4588 573 4628 ac
599 4573 692 4643 qui
728 4573 835 4628 sibi
866 4573 1098 4643 subjecti
1132 4582 1282 4629 sunt.
1331 4573 1595 4630 Similiter
1627 4591 1691 4630 ex
1727 4591 1791 4631 eo
1818 4577 1967 4647 quod
2001 4579 2085 4634 sol

508 4671 606 4718 aut
643 4665 770 4718 luna
829 4665 1101 4720 sideribus
1132 4673 1393 4736 praestant
1436 4667 1684 4738 reliquis,
1725 4684 1834 4724 non
1879 4669 2087 4726 idcirco

2191 3487 2352 3557 θηται
2383 3485 2524 3539 κατὰ
2556 3483 2715 3552 φύσιν
2755 3482 3141 3554 ἐγεννήθησαν.
3191 3480 3300 3534 Kui
3325 3479 3510 3548 ἔλεγεν
3553 3479 3757 3544 αὐτοῖς,

2188 3577 2419 3648 Πατέρα
2445 3576 2632 3646 ὑμῶν.

2259 3757 2434 3827 Πολλὴ
2457 3756 2514 3809 δὲ
2543 3752 2932 3826 φρενοδλάδεια
2969 3751 3078 3805 τῶν
3105 3749 3173 3804 τὰ
3214 3746 3439 3804 τοιαῦτα
3468 3745 3755 3816 λεγόντων.

2189 3851 2253 3904 Ei
2278 3849 2387 3921 γὰρ
2417 3847 2640 3918 ὀνόματι
2686 3846 2842 3918 μόνον
2878 3843 3156 3906 καλεῖται,
3197 3841 3293 3895 xui
3332 3841 3431 3894 οὑκ
3461 3839 3576 3894 ἔστι
3620 3839 3762 3894 κατά

2190 3940 2373 4010 φύσιν,
2403 3938 2554 3992 οὑδὲν
2577 3937 2819 4008 διαφέρει
2848 3934 2954 3988 τῶν
2988 3932 3160 3987 ἄλλων
3188 3932 3402 3986 πάντων
3427 3929 3760 4000 κτισμάτων,

2189 4031 2292 4086 κάν
2333 4049 2392 4084 τε
2433 4032 2489 4084 ὲν
2525 4031 2764 4100 ὑπεροχῇ
2801 4025 3109 4097 ἀξιώματος
3152 4025 3404 4096 ὑπάρχει.
3439 4023 3512 4077 Οὑ
3544 4021 3650 4093 γὰρ
3681 4022 3764 4074 ὅτι

2189 4124 2218 4176 6
2247 4123 2500 4194 βασιλεὺς
2534 4121 2790 4192 ὑπερέχει
2824 4118 2931 4172 τῶν
2959 4119 3212 4190 ἐπάρχων
3241 4120 3336 4172 xui
3362 4116 3764 4188 στρατηλατῶν,

2189 4216 2251 4269 οὑ
2279 4214 2430 4286 παρὰ
2462 4214 2619 4267 τοῦτο
2644 4214 2740 4266 οὑκ
2769 4213 2915 4266 ἔστιν
2945 4210 3274 4282 ὁμοιοπαθὴς
3301 4210 3408 4264 τῶν
3447 4210 3641 4271 ἄλλων,
3673 4209 3768 4263 xui

2191 4305 2473 4367 σύνδουλος
2501 4304 2602 4373 τῆς
2627 4304 2794 4372 αὑτῆς
2821 4303 3068 4366 κτίσεως,
3100 4301 3289 4372 θνητός
3321 4320 3402 4366 τις
3424 4302 3500 4355 ὣν
3534 4340 3551 4366 ,
3580 4301 3766 4372 ὥσπερ

2189 4397 2285 4451 xui
2307 4397 2354 4449 oi.
2387 4397 2477 4448 ὑπ’
2499 4395 2664 4448 αὑτοῦ
2693 4394 3001 4466 ἀρχόμενοι,
3032 4393 3142 4447 Kui
3157 4394 3254 4463 οὑχ
3273 4395 3354 4447 ὅτι
3378 4393 3406 4445 6
3426 4392 3574 4464 ἥλιος
3601 4393 3767 4464 ὑπερ-

2191 4491 2304 4562 έχει
2349 4489 2457 4542 τῶν
2486 4487 2659 4541 ἄλλων
2694 4488 2944 4558 ἄστρων,
2976 4486 3070 4540 xui
3095 4487 3129 4556 ἡ
3161 4485 3354 4556 σελήνη
3388 4487 3444 4537 ὲν
3478 4484 3632 4556 μέρει
3655 4523 3672 4548 ,
3705 4484 3766 4537 οὑ

2190 4580 2342 4653 παρὰ
2373 4579 2530 4633 τοῦτο
2562 4578 2662 4632 οὑκ
2687 4577 2825 4630 εἰσιν
2853 4576 3266 4647 ὑποτεταγμένα
3301 4578 3557 4646 στοιχεῖα,
3583 4576 3675 4630 καὶ
3698 4578 3765 4645 τῇ

2196 4672 2289 4726 τοῦ
2328 4671 2448 4735 ἑνὸς
2493 4669 2733 4734 διατάξει
2761 4666 3091 4739 δημιουργοῦ
3125 4683 3185 4718 τε
3225 4667 3320 4719 xui
3373 4667 3624 4730 κτίστου,
3667 4667 3771 4718 Πα-

507 4753 747 4809 obnoxia
771 4767 893 4808 esse
909 4754 1188 4827 “elementa
1218 4755 1495 4819 desinunt,
1515 4765 1569 4812 et
1596 4757 1756 4813 unius
1784 4759 2081 4816 conditoris

2189 4763 2337 4835 τρὸς,
2367 4762 2462 4815 xui
2486 4759 2638 4825 Υίοῦ,
2663 4761 2757 4813 xui
2781 4759 2936 4828 ἁγίου
2955 4757 3291 4827 Πνεὺματος.
3319 4757 3632 4813 ὑπείκοντα.
3659 4759 3772 4813 Καὶ

505 4852 564 4900 et
594 4843 838 4908 artiﬁcis,
869 4843 1065 4908 Patris,
1087 4860 1150 4898 ac
1191 4843 1315 4899 Filii
1358 4853 1412 4899 et
1453 4845 1690 4917 Spiritus
1737 4848 1938 4916 sancti,
1974 4865 2094 4904 mo-

508 4934 792 4990 deratione
823 4935 1088 5006 subjecta.
1119 4936 1306 5007 Neque
1333 4937 1479 5008 quod
1513 4939 1687 5010 angeli
1717 4940 1883 4996 rebus
1910 4945 2090 4996 omni-

509 5026 617 5082 bus
647 5028 1090 5097 aspectabilibus,
1116 5029 1360 5099 adeoque
1386 5031 1586 5087 creatis
1607 5033 1866 5090 omnibus
1899 5033 2093 5089 ordine

511 5132 579 5172 ac
625 5117 896 5188 dignitate
947 5121 1360 5190 prtestantiores
1409 5130 1559 5188 sunt,
1611 5131 1800 5194 utpote
1847 5125 1942 5195 qui
1990 5127 2095 5182 sub

513 5215 792 5278 aspectum
825 5209 1022 5265 cadere
1054 5219 1350 5281 nequeant,
1381 5219 1436 5267 et
1464 5213 1700 5282 primum
1742 5214 1925 5269 cultus
1965 5230 2092 5286 erga

512 5296 758 5351 divinum
789 5314 1014 5363 numen,
1045 5308 1100 5355 et
1149 5300 1398 5369 obsequii
1435 5303 1614 5356 locum
1661 5317 1725 5356 ac
1770 5303 2091 5374 dignitatem

512 5388 829 5456 obtineant;
859 5407 1020 5460 quem
1050 5392 1272 5448 assidue
1301 5393 1520 5464 hymnis
1563 5408 1628 5449 ac
1668 5391 1920 5451 laudibus
1946 5398 2094 5451 cele-

515 5476 709 5543 brant;
744 5495 776 5534 e
818 5495 928 5550 quo
970 5489 1026 5536 et
1071 5481 1408 5540 immortales
1434 5500 1542 5539 non
1572 5493 1768 5540 natura
1814 5496 1963 5556 sunt,
1996 5489 2092 5544 sed

515 5568 688 5638 gratia
732 5571 938 5626 conditi
971 5572 1040 5628 ab
1069 5589 1134 5629 eo
1162 5575 1256 5646 qui
1290 5575 1616 5633 immortalis
1643 5589 1750 5645 est,
1791 5589 1849 5637 et
1871 5581 1926 5636 in
1971 5596 2096 5638 sese

595 5722 612 5752 ί
643 5719 749 5776 lsa.
777 5723 979 5792 “,28.
1056 5728 1078 5758 ²
1100 5725 1234 5782 ibid.
1303 5727 1326 5760 ³
1360 5725 1518 5786 Joan.
1551 5746 1666 5799 xxv,
1693 5731 1787 5793 28.

2199 4854 2296 4923 οὐχ
2325 4852 2405 4905 ὅτι
2439 4851 2657 4919 ἄγγελοι
2692 4850 2993 4920 ὑπάρχουσι
3029 4848 3140 4919 (89)
3180 4848 3289 4901 τῶν
3317 4851 3526 4920 ὁρατῶν
3549 4889 3564 4914 ,
3592 4853 3686 4904 xui
3713 4854 3772 4906 ὲν

2197 4942 2348 5009 τάξει
2376 4943 2484 4996 τῶν
2511 4942 2706 5007 ἄλλων,
2743 4940 2958 5012 μείζους
2984 4941 3200 4994 πάντων
3233 4941 3389 5006 εἰσὶν,
3420 4936 3508 4995 οἷα
3526 4942 3590 5014 δὴ
3617 4944 3773 5013 ἀόραο

2198 5053 2282 5088 τοι
2321 5034 2652 5098 κτισθέντες,
2688 5035 2782 5087 xui
2811 5033 2873 5087 τδ
2913 5033 3127 5105 πρῶτον
3173 5033 3341 5105 γέρας
3375 5036 3476 5106 τῆς
3513 5034 3605 5088 τοῦ
3637 5036 3772 5088 Θεοῦ

2201 5126 2496 5199 Θεραπείας
2525 5126 3007 5197 ἀποκαρποὺμενοι
3036 5128 3094 5180 ἐν
3130 5127 3318 5198 ὕμνοις
3348 5127 3651 5198 διηνεκέσι·
3681 5129 3773 5182 xui

2200 5220 2456 5274 ἀθάνατοι
2502 5219 2644 5273 κατὰ
2682 5219 2840 5289 χάριν
2868 5219 2958 5272 ὑπ’
2997 5220 3160 5273 αὑτοῦ
3200 5221 3530 5283 κτισθέντες,
3565 5221 3660 5273 xui
3710 5222 3772 5273 οὑ

2201 5309 2343 5364 κατὰ
2379 5309 2574 5380 φύσιν,
2609 5308 2864 5363 ἀθάνατοί
2896 5328 2978 5372 τε,
3019 5310 3179 5380 φύσιν
3211 5311 3269 5375 ἐξ
3307 5310 3471 5364 αὑτοῦ
3501 5309 3594 5363 τοῦ
3640 5309 3773 5363 ἀθα-

2200 5400 2361 5453 νάτου
2412 5401 2507 5453 xui
2543 5400 2694 5463 ὄντος
2727 5403 2784 5454 ἐν
2814 5399 2991 5471 ἑαυτῷ
3031 5401 3144 5473 ζωὴ
3199 5403 3292 5455 xui
3323 5401 3592 5455 ἀθανασία
3640 5419 3772 5455 κατ-

2201 5489 2521 5558 αξιωθέντες
2549 5491 2833 5561 γενέσθαι,
2866 5493 2927 5544 οὐ
2962 5493 3108 5564 παρὰ
3152 5493 3309 5545 τοῦτο
3339 5493 3439 5545 οὑκ
3477 5493 3584 5545 eici
3624 5492 3773 5562 φόϐῳ

2200 5583 2295 5636 xui
2318 5583 2543 5655 τρόμῳ,
2582 5584 2676 5637 xui
2712 5583 2819 5637 ὑπὸ
2866 5584 3195 5654 ἀπολογίαν,
3237 5583 3328 5637 xui
3373 5583 3637 5650 ἐξέτασιν,
3677 5585 3774 5639 καὶ

1901 5737 1925 5768 ⁸
1950 5733 2110 5792 Joan.
2148 5750 2241 5804 xx,
2269 5737 2353 5791 l7.
2431 5740 2452 5770 ³
2477 5737 2721 5797 Vitiosus
2743 5739 2830 5795 hic
2859 5739 3024 5795 locus.

591 5838 704 5913 (89)
736 5844 842 5899 Καὶ
907 5845 1019 5914 οὐχ
1071 5845 1158 5902 ὅτι
1201 5847 1439 5920 ἄγγελοι
1481 5850 1839 5923 ὑπάρχουσι.
1896 5852 2074 5911 Scrib.

2184 5872 2208 5907 τε
2217 5854 2376 5928 ρέχου
2384 5871 2454 5909 σι.
