4138 6396
401 387 528 454 2Ξθ

1039 388 1406 446 ADVERSUS
1444 383 1786 442 H/ERESES
1824 381 1951 437 LIB.
1987 372 2056 436 ill.
2100 379 2264 435 TOM.
2307 377 2448 432 ll.—
2467 373 2746 468 ιλιῶιιεδ.
2793 372 2978 430 LXIX.

3546 366 3658 428 πο

402 514 672 573 κέλευσιν,
710 510 806 565 καὶ.
843 507 1156 581 προσταγὴν
1183 507 1279 579 τῆς
1320 505 1480 576 ἁγίας
1521 503 1774 575 θεότητος
1800 499 1978 554 δεδου-

2116 495 2188 550 ita
2219 495 2337 566 ipsa
2368 503 2453 549 est
2475 501 2530 548 et
2554 491 2962 553 immortalitas,
2991 485 3404 542 immortalitate
3431 482 3658 542 donati:

405 603 486 658 λω
492 603 661 675 μένοι.

481 860 589 915 ιη’.
625 859 817 912 Ἔνθεν
848 857 959 929 γάρ
986 857 1102 910 ἐστι
1147 855 1209 909 τὸ
1240 853 1570 926 ζητούμενον
1601 853 1700 923 τῆς
1728 850 1983 921 ἀληθείας

406 949 753 1022 ἀκρίὸασμα,
786 946 877 1000 τὸν
908 932 1035 999 Ϋίὸν
1073 945 1170 1015 μὲν
1194 944 1395 1012 λέγειν,
1428 943 1607 1010 λέγειν
1633 942 1690 994 δὲ
1724 942 1816 994 καὶ
1841 940 1984 1010 ἔχειν

406 1041 510 1110 οὐχ
537 1037 726 1100 ἁπλῶς
745 1035 916 1107 ὄνομά
931 1053 1003 1099 τι,
1035 1034 1169 1088 ἀλλὰ
1191 1035 1318 1087 Υίὸν
1348 1033 1490 1086 κατὰ
1524 1032 1683 1102 φύσιν
1705 1031 1853 1084 Υίόν.
1876 1031 1988 1085 Καὶ

408 1133 470 1185 ἐν
513 1131 645 1200 ἡμῖν
686 1127 796 1197 γὰρ
832 1124 1018 1178 πολλοὶ
1056 1123 1347 1194 καλοῦνται
1379 1123 1507 1185 υἱοὶ,
1546 1122 1620 1192 μὴ
1646 1121 1798 1184 ὅντες
1829 1119 1986 1190 ἡμῶν

410 1223 517 1276 υίοὶ
550 1219 693 1275 κατὰ
734 1219 918 1288 φύσιν.
978 1216 1040 1270 Oi
1083 1215 1139 1268 δὲ
1165 1215 1410 1286 ἀληθινοὶ⁵
1437 1215 1544 1268 υἱοὶ
1575 1217 1624 1267 οἱ
1657 1215 1870 1283 γνήσιοι
1894 1229 1991 1264 κα-

409 1314 651 1375 λοῦνται,
691 1309 905 1363 οἱκατὰ
938 1309 1099 1378 φύσιν
1129 1307 1216 1377 ὑφ’
1256 1307 1410 1378 ἡμῶν
1437 1304 1845 1375 γεγεννημένοι.
1877 1301 1990 1356 Καὶ

412 1409 465 1461 εί
491 1407 589 1478 μὲν
616 1400 710 1458 οῦν
729 1402 857 1464 Υἱὸς
888 1401 1048 1472 μόνον
1081 1400 1347 1462 ἐκαλεῖτο,
1369 1398 1444 1462 ὡς
1481 1397 1575 1450 καὶ
1597 1395 1798 1458 πάντες
1829 1392 1991 1464 ἐκλή-

414 1501 587 1568 θησαν
625 1497 733 1550 υἱοὶ
768 1492 937 1548 Θεοῦ·
990 1491 1099 1563 ἄρα
1135 1492 1284 1546 οὐδὲν
1316 1489 1619 1544 διαλλάττει
1651 1487 1759 1540 τῶν
1793 1485 1981 1540 ἀλλων.

412 1592 526 1644 Καί
545 1589 662 1652 πῶς
677 1587 753 1651 ὡς
773 1587 906 1650 Θεὸς
927 1585 1340 1657 προσκυνεῖται;
1374 1581 1522 1634 Ἔδει
1541 1575 1632 1632 οὖν
1655 1577 1748 1632 καὶ
1770 1576 1837 1630 τὰ
1860 1575 1995 1629 ἄλλα

415 1682 613 1742 πάντα,
647 1680 733 1747 ἐφ’
773 1676 867 1742 οὓς
899 1677 960 1730 τὸ
982 1679 1150 1746 ὄνομα
1182 1674 1280 1743 τῆς
1309 1671 1577 1734 υἱοθεσίας
1610 1668 1993 1739 ἐπικέκληται,

415 1775 539 1828 κατ’
568 1775 730 1827 αὐτὸν
763 1768 1205 1843 προσκυνεῖσθαι,
1228 1765 1414 1835 ἐπειδὴ
1441 1763 1546 1816 υἱοὶ
1565 1761 1700 1814 Θεοῦ
1721 1775 1996 1831 προσαγο-

2084 603 2193 642 non
2245 595 2425 640 tamen
2456 593 2742 656 prepterea
2765 598 2873 637 non
2898 588 3044 637 metu
3074 594 3138 634 ac
3162 587 3396 632 tremore
3429 575 3500 630 ita
3530 590 3662 629 con-

2084 678 2329 731 tinentur
2389 682 2484 740 ut,
2539 672 2817 742 exigenda:
2884 687 2914 726 a
2986 686 3046 727 se
3113 667 3310 724 rationi
3365 680 3430 719 ac
3467 664 3667 720 divinae

2086 767 2394 834 niajestatis
2419 763 2764 836 inquisitioni
2800 762 3142 832 imperioque
3167 758 3396 828 subjecti
3429 755 3560 812 sint.

2156 857 2343 914 XVIII.
2385 857 2527 912 Hinc
2571 857 2739 928 igitur
2789 863 3049 910 accurata
3100 853 3215 914 illa,
3277 851 3344 905 de
3371 864 3480 919 qua
3511 862 3664 918 qua:-

2086 950 2194 1004 stio
2221 957 2326 1012 est,
2385 947 2630 1003 veritatis
2670 944 2962 1016 repetenda
3006 943 3171 1008 ratio,
3221 948 3281 994 ut
3314 954 3438 994 cum
3468 937 3663 991 Filium

2087 1043 2337 1106 dicimus,
2407 1057 2514 1096 non
2539 1041 2742 1095 nudum
2773 1053 2939 1109 penes
2980 1036 3130 1090 illum
3165 1033 3406 1089 residere
3430 1029 3668 1085 vocabu-

2089 1135 2198 1189 lum
2260 1130 2771 1192 cxistimemus,sed
2799 1145 2922 1185 esse
2958 1139 3153 1183 natura
3190 1124 3409 1179 Filium.
3459 1122 3674 1191 Quippe

2101 1243 2167 1281 ex
2200 1241 2304 1280 usu
2338 1239 2556 1295 quoque
2589 1231 2780 1276 nostro
2815 1221 3104 1291 plerosque
3134 1218 3274 1272 ﬁlios
3298 1215 3670 1277 nominamus,

2091 1321 2184 1390 qui
2236 1327 2432 1374 natura
2494 1332 2837 1387 nequaquam
2899 1316 2992 1369 lilii
3051 1313 3226 1370 nostri
3280 1313 3410 1368 sint.
3451 1310 3521 1364 At
3559 1309 3673 1363 veri

2097 1410 2194 1464 ﬁlii
2234 1411 2476 1481 germani
2508 1409 2786 1468 dicuntur,
2819 1406 2912 1476 qui
2944 1404 3173 1458 naturali
3205 1418 3234 1456 a
3265 1402 3423 1455 nobis
3448 1415 3678 1470 genera-

2109 1500 2257 1553 tione
2301 1497 2588 1566 prodeunt.
2644 1495 2799 1560 Quod
2851 1493 2899 1549 si
2945 1493 3119 1548 Filius
3159 1492 3426 1544 duntaxat
3470 1503 3533 1541 ea
3582 1502 3674 1540 ra-

2096 1590 2245 1644 tione
2276 1588 2509 1645 Verbum
2541 1587 2877 1651 nominatur,
2909 1599 3015 1654 qua
3043 1584 3223 1638 caeteri
3249 1596 3440 1636 omnes
3461 1578 3552 1632 ﬁlii
3582 1577 3675 1632 Dei

2096 1681 2274 1735 vocati
2305 1687 2457 1743 sunt,
2489 1678 2626 1733 nihil
2658 1679 2825 1748 igitur
2856 1677 2926 1731 ab
2951 1675 3076 1730 aliis
3105 1671 3462 1742 discrepabit.
3497 1668 3678 1734 Quare

2099 1787 2200 1828 cur
2234 1781 2496 1842 tanquam
2537 1770 2677 1826 Deus
2725 1767 3022 1823 adoratur?
3072 1766 3223 1821 Nam
3250 1773 3304 1819 et
3345 1763 3422 1817 illi
3461 1776 3680 1832 quoque

420 1865 687 1936 ρεύονται.
736 1863 898 1917 Ἀλλά
926 1865 959 1933 ἡ
983 1860 1208 1932 ἀλήθεια
1236 1859 1337 1911 οὐκ
1360 1855 1470 1926 ἕχει
1492 1853 1686 1917 οὕτως,
1714 1852 1830 1906 ἀλλ’
1853 1845 1994 1904 οἶδεν

2113 1879 2307 1929 )mnes,
2339 1863 2406 1917 ad
2437 1877 2578 1932 quos
2624 1877 2820 1916 nomen
2865 1858 3000 1913 illud
3045 1857 3356 1928 adeptionis
3397 1855 3678 1918 convenit,

417 1955 507 2008 ἀεὶ
528 1955 624 2008 ἕνα
653 1953 914 2024 μονογενῆ
947 1951 1074 2004 Υίὸν
1097 1948 1231 2002 Θεοῦ
1251 1963 1264 1978 ·
1381 1945 1577 1999 πάντα
1608 1943 1879 2010 λατρεύει
1900 1941 1996 1994 καί

421 2047 782 2114 προσκυνεῖ,
833 2043 933 2099 καί
977 2042 1102 2097 πᾶν
1136 2041 1286 2110 γόνυ
1329 2038 1554 2107 κάμψει
1601 2035 1996 2103 ἐπουρανίων,

422 2162 444 2189 -.-.
460 2139 519 2192 al
546 2137 839 2206 ἐπιγείων,
861 2133 957 2186 καὶ
984 2130 1410 2200 καταχθονίων,
1430 2127 1529 2181 καὶ
1554 2125 1723 2181 πᾶσα
1748 2125 2000 2196 γλῶσσα

420 2223 954 2294 ἐξομολογήσεται,
991 2220 1080 2274 ὅτι
1107 2221 1318 2287 Κύριος
1373 2215 1602 2284 Ἰησοῦς
1633 2213 1887 2284 Χριστὸς
1913 2216 2000 2280 είς

420 2317 611 2381 δόξαν
655 2314 805 2369 Θεοῦ
836 2313 1088 2381 Πατρός.
1151 2309 1290 2363 Ἀλλ’
1323 2307 1447 2362 οὔτε
1484 2307 1546 2361 τὸ
1587 2306 1740 2376 ἅγιον
1773 2305 2001 2376 Πνεῦμα

422 2407 701 2474 ἐξισοῦται
726 2409 839 2470 τοῖς
871 2406 1050 2466 ἀλλοις
1085 2403 1421 2474 πνεύμασιν’
1479 2399 1666 2470 ἐπειδὴ
1707 2399 1764 2453 ἓν
1793 2401 1910 2452 ἐστι
1941 2399 2002 2452 τὸ

425 2497 648 2569 Πνεῦμα
666 2496 761 2550 τοῦ
789 2497 946 2560 Θεοῦ,
967 2493 1190 2565 Πνεῦμα
1219 2496 1284 2546 ὲκ
1308 2489 1522 2562 Πατρὸς
1545 2489 2000 2560 ἐκπορευόμενον,

424 2591 521 2643 καὶ
563 2589 658 2642 τοῦ
704 2587 834 2642 Υἰοῦ
885 2588 1180 2658 λαμϐάνον.
1224 2577 1383 2638 Οὗτοι
1435 2583 1492 2636 δὲ
1541 2581 1820 2653 βούλονται
1873 2580 2004 2634 αὐτὸ

424 2677 562 2735 εἶναι
579 2681 786 2750 κτίσμα
803 2680 1120 2749 κτίσματος.
1149 2679 1285 2730 Φασὶ
1307 2675 1532 2747 γὰρ,ὃτι
1557 2674 1733 2727 πάντα
1752 2673 1818 2726 δι’
1840 2671 2004 2725 αὑτοῦ

427 2772 640 2840 γέγονε,
669 2771 764 2824 καὶ
795 2771 964 2840 χωρὶς
990 2766 1155 2822 αὐτοῦ
1183 2767 1398 2836 ἐγένετο
1423 2765 1544 2818 οὐδὲ
1571 2765 1630 2819 ἓν
1649 2782 1662 2795 ·
1689 2766 1817 2835 ἄρα,
1850 2764 2003 2833 φασὶ,

431 2864 528 2918 καὶ
566 2863 628 2916 τὸ
661 2863 886 2933 Πνεῦμα
924 2863 989 2914 ἐκ
1029 2860 1138 2914 τῶν
1171 2859 1490 2930 ποιημάτων
1520 2857 1785 2928 ὑπάρχει·
1821 2855 2007 2925 ἐπειδὴ

429 2953 626 3008 πάντα
645 2953 716 3006 δι’
737 2952 922 3006 αὑτοῦ
939 2951 1166 3021 γέγονε.
1185 2950 1297 3004 Καὶ
1314 2948 1597 3018 ἀγνοοῦσιν
1617 2951 1664 3001 οἱ
1689 2947 1865 3018 μάτην
1884 2947 2010 2999 ἐαυ-

429 3048 540 3100 τῶν
570 3047 665 3119 τὴν
699 3045 878 3116 ψυχὴν
922 3043 1307 3107 ἀπολέσαντες,
1342 3042 1425 3095 ὅτι
1461 3040 1598 3095 ἄλλα
1637 3040 1756 3092 ἐστὶ
1801 3039 1869 3092 τὰ
1895 3037 1983 3090 κτί

433 3155 638 3209 σματα,
682 3139 777 3192 καὶ
799 3137 936 3191 ἄλλα
969 3137 1039 3190 τὰ
1065 3134 1260 3188 κτιστὰ
1281 3135 1320 3199 ί,
1361 3132 1572 3204 Πατὴρ,
1605 3131 1700 3185 καὶ
1728 3131 1876 3196 Υἱὸς,
1917 3129 2010 3183 καὶ

2103 1956 2368 2012 adorandi
2409 1955 2556 2009 illius
2586 1952 2842 2023 opinione
2874 1950 3116 2012 fuerant,
3144 1965 3267 2004 cum
3295 1946 3387 2002 Dei
3422 1946 3516 2000 ﬁlii
3548 1962 3684 2000 nun-

2111 2056 2399 2119 cupentur.
2450 2045 2614 2116 Atqui
2669 2045 2828 2113 longe
2875 2043 3034 2096 aliter
3079 2057 3200 2098 sese
3247 2040 3453 2095 veritas
3497 2039 3680 2102 habet,

2109 2154 2231 2210 quae
2259 2136 2591 2207 singularem
2618 2142 2672 2190 et
2704 2133 3042 2204 unigenitum
3074 2131 3170 2186 Dei
3198 2129 3392 2185 Filium
3419 2139 3681 2200 perpetuo

2106 2229 2380 2302 cognovit,
2421 2227 2512 2283 cui
2552 2227 2818 2288 serviunt,
2872 2239 3035 2294 quem
3078 2222 3310 2277 adorant
3352 2222 3560 2284 omnia,
3593 2219 3684 2275 cui

2108 2339 2259 2376 omne
2289 2337 2420 2392 genu
2449 2320 2689 2388 ﬂectetur
2724 2316 3039 2380 caalestium,
3087 2314 3414 2368 terrestrium
3433 2321 3483 2366 et
3516 2313 3682 2381 infer-

2109 2430 2319 2476 narum,
2352 2421 2400 2466 et
2434 2411 2603 2465 omnis
2629 2410 2813 2478 lingua
2847 2405 3200 2475 conﬁtebitur,
3227 2405 3478 2476 quoniam
3511 2403 3687 2456 Domi-

2109 2521 2205 2559 nus
2239 2503 2396 2557 Jesus
2430 2501 2672 2556 Christus
2703 2500 2759 2552 in
2796 2497 2969 2570 gloria
2997 2505 3075 2550 est
3098 2494 3196 2550 Dei
3229 2495 3411 2549 Patris
3432 2495 3470 2548 '.
3503 2493 3690 2564 Neque

2109 2613 2239 2653 vero
2290 2595 2526 2665 Spiritus
2565 2601 2790 2650 sanctus
2829 2605 2955 2646 cum
2998 2589 3228 2660 reliquis
3272 2587 3558 2659 spiritibus
3584 2587 3684 2641 ad-

2110 2687 2410 2758 aequandus
2439 2693 2542 2749 est,
2575 2700 2699 2740 cum
2753 2700 2897 2740 unus
2941 2683 3012 2737 sit
3049 2681 3142 2737 Dei
3184 2681 3421 2750 Spiritus
3454 2695 3482 2733 a
3524 2677 3686 2737 Patre

2114 2779 2415 2851 procedens
2435 2778 2476 2842 ³,
2511 2785 2564 2831 et
2595 2776 2662 2831 de
2681 2773 2818 2830 Filio
2834 2775 3108 2846 accipiens
3129 2773 3169 2828 ⁸.
3205 2773 3276 2826 At
3305 2772 3393 2828 isti
3421 2779 3689 2826 creatura:

2115 2871 2260 2924 hunc
2284 2883 2408 2924 esse
2436 2875 2743 2922 creaturam
2775 2873 3046 2921 asserunt.
3081 2864 3172 2918 Sic
3199 2864 3346 2918 enim
3377 2862 3646 2931 objiciunt
3671 2878 3686 2915 :

2114 2956 2251 3011 Cum
2295 2954 2478 3009 omnia
2525 2969 2623 3023 per
2674 2954 2852 3024 ipsum
2888 2952 3030 3006 facta
3069 2953 3202 3016 sint,
3235 2961 3287 3006 et
3314 2952 3434 3006 sine
3464 2952 3585 3020 ipso
3608 2949 3691 3004 I'a—

2115 3056 2266 3100 ctum
2317 3045 2390 3100 sit
2435 3045 2570 3099 nihil
2601 3045 2672 3112 ⁸;
2731 3059 2861 3114 ergo
2908 3045 3069 3098 etiam
3117 3042 3355 3113 Spiritus
3392 3042 3534 3096 inter
3571 3041 3694 3110 ejus

2117 3153 2278 3208 opera
2318 3135 2691 3190 numerandus
2732 3144 2854 3200 est,
2909 3134 3067 3206 742
3111 3135 3368 3204 quoniam
3401 3149 3492 3202 per
3525 3133 3697 3202 ipsum

435 3235 591 3303 ἃγιον
617 3233 864 3304 Πνεῦμα,
895 3225 974 3294 εἷς
998 3229 1130 3292 Θεὸς
1155 3227 1325 3298 Τριάς
1355 3228 1413 3279 ὲν
1444 3224 1692 3295 ἀληθεία,
1727 3224 1820 3276 καὶ
1844 3222 2007 3292 μονὰς

2113 3225 2256 3294 facta
2311 3233 2433 3278 sunt
2483 3225 2683 3279 omnia.
2735 3222 2842 3280 Sed
2865 3224 3049 3278 miseri
3077 3223 3346 3286 homines,
3373 3222 3466 3292 qui
3499 3229 3700 3276 temere

435 3327 495 3378 ἐν
522 3323 768 3395 ἐνὸτητι.·
807 3321 906 3375 Διά
947 3319 1105 3374 τοῦτο
1132 3317 1260 3389 γὰρ,
1307 3318 1389 3371 ὅτι
1430 3311 1509 3378 εἷς
1546 3315 1698 3378 Θεὸς,
1725 3313 1806 3366 ὅτι
1838 3313 1898 3364 οὐ
1922 3311 2014 3364 δύο

436 3415 701 3487 Πατέρες,
746 3413 870 3466 οὔτε
912 3412 1006 3466 δύο
1034 3411 1174 3474 Υἱοὶ,
1210 3408 1336 3462 οὗτε
1383 3407 1475 3460 δύο
1512 3405 1808 3476 Πνεύματα
1851 3403 2011 3471 ἆγια·

435 3504 534 3559 καὶ
577 3503 764 3574 ἐπειδὴ
799 3502 900 3555 οὐκ
947 3500 1225 3571 ἀλλότριος
1254 3500 1282 3552 ὁ
1307 3497 1435 3561 Υἱὸς
1466 3495 1560 3549 τοῦ
1604 3494 1816 3566 Πατρὸς
1837 3534 1852 3557 ,
1901 3493 2016 3546 ἀλλ’

435 3594 500 3660 ἐξ
518 3593 682 3649 αὐτοῦ
703 3592 1121 3664 γεγεννημένος,
1147 3591 1240 3643 καὶ
1264 3589 1364 3642 οὐκ
1401 3587 1678 3657 ἀλλότριον
1707 3584 1768 3637 τὸ
1793 3583 2017 3654 Πνεῦμα

435 3689 500 3742 τὸ
520 3687 708 3756 amv-
760 3685 874 3740 ἀλλ’
920 3687 949 3737 ὁ
990 3685 1087 3755 μὲν
1121 3682 1246 3745 Υἱὸς
1286 3678 1580 3751 μονογενὴς
1624 3675 2018 3745 γεγεννημένος

436 3777 709 3847 ἀνάρχως,
737 3774 1003 3845 ἀχρόνως,
1029 3773 1089 3825 τὸ
1117 3771 1174 3824 δὲ
1204 3770 1358 3840 ἅγιον
1380 3767 1624 3837 Πνεῦμα,
1653 3767 1729 3830 ὼς
1751 3760 1892 3819 οἶδεν
1921 3764 2019 3816 αὑ-

437 3868 529 3931 τὸς
565 3869 595 3922 ὁ
624 3865 815 3938 Πατὴρ
859 3865 951 3918 καὶ
986 3867 1015 3918 ὁ
1047 3862 1379 3932 Μονογενὴς,
1415 3859 1538 3913 οὕτε
1580 3857 1858 3930 γεννητὸν,
1893 3854 2017 3908 οὔτε

440 3957 677 4023 κτιστὸν,
720 3955 845 4009 οὔτε
891 3954 1172 4027 ἀλλότριον
1213 3953 1426 4024 Πατρὸς
1464 3951 1556 4004 καὶ
1598 3948 1750 4014 Υίοῦ,
1801 3948 1914 4002 ἀλλ’
1952 3949 2017 4000 ὲκ

440 4047 657 4118 Πατρὸς
688 4047 1139 4118 ἐκπορευόμενον,
1176 4045 1270 4098 καὶ
1297 4043 1391 4096 τοῦ
1423 4040 1554 4095 Υἱοῦ
1586 4041 1883 4113 λαμϐάνον.
1939 4040 2016 4094 Τὸ

439 4138 684 4208 Πνεῦμὰ
696 4156 817 4209 μου
840 4139 972 4210 γὰρ,
997 4137 1181 4208 φησὶν,
1201 4135 1535 4204 ἐφέστηκεν
1555 4132 1802 4202 ἐνμέσῳ
1823 4133 2015 4201 ὑμῶν·

441 4231 558 4292 καὶ,
603 4231 847 4300 "Elpias
875 4228 986 4282 τὸν
1023 4226 1283 4296 Χριστὸν
1303 4226 1372 4279 ἐν
1399 4226 1696 4294 Πνεύματι
1725 4225 1889 4294 ἁγίῳ.
1955 4222 2021 4278 Ei

443 4321 605 4386 αὐτὸς
631 4324 660 4374 ὁ
680 4321 992 4393 Μονογενὴς
1019 4319 1231 4392 χρίεται
1261 4322 1318 4374 ὲν
1339 4317 1640 4390 Πνεύματι,
1674 4317 1757 4381 τίς
1789 4317 2018 4385 ἐγκαλέ-

443 4429 530 4466 σει
551 4415 614 4484 τῇ
645 4413 778 4486 ἁγίᾳ
802 4413 991 4486 Τριάδι
1013 4429 1029 4478 ;

2121 3319 2336 3373 animas
2386 3332 2516 3372 suas
2559 3317 2824 3387 perdunt,
2869 3316 3005 3370 illud
3050 3317 3350 3385 ignorant:
3382 3315 3527 3367 aliud
3579 3327 3701 3368 esse

2121 3418 2425 3475 creaturas,
2460 3409 2608 3464 aliud
2637 3409 2954 3465 Creatorem
2995 3410 3194 3479 ipsum,
3232 3407 3470 3474 Patrem,
3502 3406 3698 3461 Filium

2121 3508 2177 3556 et
2210 3498 2475 3573 Spiritum
2506 3508 2756 3556 sanctum
2790 3517 2958 3556 unum
2996 3501 3184 3566 Deum,
3218 3502 3310 3571 qui
3353 3514 3541 3556 revera
3577 3499 3703 3554 Tri-

2125 3590 2270 3646 nitas
2305 3599 2409 3657 est,
2439 3599 2496 3646 et
2529 3591 2584 3646 in
2629 3591 3008 3662 singularitate
3053 3593 3257 3648 unitas.
3297 3592 3508 3662 Quippe
3556 3607 3703 3646 unus

2129 3682 2270 3738 Deus
2301 3690 2405 3748 est,
2435 3699 2546 3737 non
2575 3683 2684 3740 duo
2708 3683 2917 3747 Patres,
2950 3698 3126 3752 neque
3153 3682 3276 3737 Filii
3305 3671 3451 3750 duo,
3472 3683 3557 3738 vel
3591 3681 3701 3735 duo

2127 3772 2363 3842 Spiritus
2385 3774 2578 3829 sancti.
2604 3773 2713 3830 Nec
2741 3790 2771 3828 a
2797 3773 2958 3828 Patre
2989 3775 3200 3829 alienus
3238 3783 3322 3828 est
3353 3772 3557 3838 Filius;
3603 3773 3702 3828 sed

2124 3869 2193 3920 ab
2224 3867 2342 3937 ipso
2372 3868 2610 3938 genitus,
2645 3883 2748 3922 nec
2773 3868 2984 3923 alienus
3009 3869 3136 3922 item
3167 3867 3406 3938 Spiritus
3428 3874 3658 3922 sanctus
3685 3885 3700 3920 :

2122 3972 2190 4012 ex
2240 3958 2442 4029 quibus
2496 3959 2670 4014 Filius
2721 3959 3036 4030 unigenitus
3081 3960 3200 4016 sine
3252 3959 3362 4014 ullo
3411 3959 3565 4013 initio
3618 3959 3705 4012 vel

2123 4055 2367 4120 tempore
2396 4052 2616 4123 genitus
2644 4068 2658 4118 ;
2713 4049 2952 4120 Spiritus
2982 4061 3163 4106 autem
3201 4059 3425 4107 sanctus
3453 4067 3518 4106 eo
3543 4051 3706 4106 modo

2129 4157 2291 4212 quem
2323 4141 2484 4198 Pater
2509 4153 2565 4200 et
2602 4144 2922 4215 Unigenitus
2951 4153 3314 4218 cognoscunt,
3348 4161 3527 4216 neque
3557 4145 3709 4214 geni-

2129 4242 2220 4287 tus
2277 4247 2456 4305 neque
2503 4241 2725 4290 creatus
2769 4250 2800 4288 a
2843 4234 3005 4291 Patre
3041 4244 3096 4292 et
3133 4235 3270 4291 Filio
3301 4257 3314 4291 :
3349 4238 3444 4291 sed
3480 4251 3510 4290 a
3544 4235 3708 4291 Patre

2127 4324 2430 4393 procedens
2455 4332 2510 4380 et
2532 4325 2601 4380 de
2625 4323 2768 4380 Filio
2796 4327 3095 4397 accipiens.
3131 4329 3365 4398 Spiritus
3385 4329 3522 4382 enim
3539 4343 3707 4391 meus,

2125 4415 2325 4484 inquit,
2372 4423 2481 4469 stat
2520 4417 2576 4470 in
2613 4418 2784 4471 medio
2832 4419 2989 4472 vestri
3020 4418 3042 4449 ⁸
3070 4436 3086 4486 ;
3113 4429 3169 4474 et
3200 4437 3214 4472 :
3253 4417 3412 4473 Unxit
3439 4417 3708 4474 Christum

446 4510 502 4564 in
532 4507 735 4577 Spiritu
768 4519 953 4564 sancto
990 4509 1012 4542 ⁷
1035 4547 1049 4562 .
1082 4506 1141 4563 Si
1165 4505 1494 4578 Unigenitus
1531 4506 1650 4578 ipse
1692 4505 1900 4577 Spiritu
1955 4516 2146 4564 sancto
2197 4511 2456 4566 inunctus
2487 4511 2708 4578 dicitur,
2760 4512 2886 4583 quis
2943 4513 3348 4569 sanctissimam
3380 4511 3710 4566 Trinitatem

451 4599 675 4655 audebit
698 4598 1008 4655 incessere?

517 4712 618 4769 18'.
658 4706 793 4764 Εἶτα
820 4708 984 4764 πάλιν
1016 4708 1181 4779 φησὶν
1217 4708 1248 4763 ό
1293 4705 1567 4779 μανιώδης
1601 4707 1852 4779 ’Λρειοςο
1895 4705 2008 4770 Πῶς

2194 4702 2337 4758 ΧΙΧ.
2381 4703 2562 4775 Pergit
2585 4719 2715 4760 vero
2749 4704 2993 4762 furiosus
3032 4713 3196 4777 atque
3229 4721 3417 4764 amens
3443 4708 3625 4775 Arius,
3655 4719 3712 4766 et

445 4801 600 4860 εἶπεν
639 4806 668 4857 ὁ
704 4801 936 4874 Κύριος·
993 4801 1055 4854 Τί
1085 4817 1162 4870 με
1196 4799 1394 4870 λέγεις
1419 4799 1682 4869 ἀταθόν;
1717 4793 1824 4864 Εἷς
1857 4798 2030 4852 ἐστιν

446 4895 668 4967 ἀγαθὸς
683 4897 716 4949 ὀ
737 4895 882 4959 Θεός
894 4909 913 4956 ;
929 4893 1004 4956 ὡς
1025 4892 1192 4946 αὐτοῦ
1216 4891 1549 4964 ἀρνουμένου
1575 4891 1672 4962 τὴν
1694 4891 2024 4963 ἁγαθότητα.

448 4989 560 5044 Καὶ
583 4988 668 5051 τίς
691 4987 849 5049 ἀλλος
876 4984 1050 5049 οὕτως
1070 4983 1274 5052 ἀγαθὸς
1297 4982 1372 5047 ὡς
1397 4985 1426 5037 ὁ
1453 4984 1794 5054 Μονογενής;
1820 4982 1879 5046 ὃς
1899 4981 2029 5035 ἐδω-

447 5097 544 5134 κεν
565 5077 755 5133 ἑαυτὸν
777 5077 1090 5148 ἀντίλυτρον
1117 5074 1227 5128 τῶν
1245 5073 1532 5146 ἡμετέρων
1555 5073 1763 5145 ψυχῶν.
1793 5074 1901 5127 Καὶ
1926 5073 2028 5126 οὐκ

450 5170 625 5224 οίδασι
651 5167 786 5222 Θεοῦ
810 5166 909 5237 τὴν
933 5166 1161 5237 δύναμιν
1181 5165 1278 5220 καὶ
1300 5164 1398 5236 τὴν
1421 5163 1753 5234 ἀγαθὸτητα,
1777 5161 1900 5216 οὔτε
1927 5163 2027 5233 τὴν

449 5258 762 5330 οἰκονομίαν
797 5258 896 5329 τῆς
936 5255 1031 5310 τοῦ
1073 5255 1208 5310 Θεοῦ
1237 5256 1450 5326 σοφίας,
1490 5255 1710 5326 ψυχικοί
1751 5255 1902 5320 ὄντες
1936 5256 2032 5309 καὶ

455 5347 731 5418 σαρκικοί,
755 5344 1167 5417 ἀνακρινόμενοι
1207 5345 1316 5399 ἀπὸ
1348 5345 1503 5414 ἁγίου
1539 5345 1877 5416 Πνεύματος,
1906 5345 2034 5399 κοῦ-

454 5452 548 5506 φοι
577 5435 732 5499 ὄντες
755 5437 850 5489 ἀπ’
879 5434 1067 5498 αὑτοῦ,
1093 5434 1170 5507 μὴ
1200 5435 1417 5508 ἔχοντες
1443 5436 1542 5508 τὴν
1565 5437 1660 5490 τοῦ
1685 5437 1839 5504 ἁγίου
1863 5436 2034 5490 Πνεύ-

459 5543 628 5598 ματος
656 5525 883 5598 δωρεὰν,
912 5525 1011 5598 τὴν
1041 5526 1362 5596 σοφίζουσαν
1383 5527 1560 5582 πάντα
1589 5527 1895 5599 ἄνθρωπον.
1922 5527 2036 5581 Πά-

542 5702 558 5733 ¹
582 5699 697 5759 Nisi
747 5701 1004 5758 mendum
1034 5709 1147 5768 est,
1183 5703 1373 5758 κτιστά

1443 5717 1503 5760 ro
1532 5703 1783 5769 κτίζοντα
1812 5702 2016 5772 posuit.
2059 5771 2072 5773 Α
2092 5703 2113 5734 ¹
2143 5701 2375 5773 Philipp.
2408 5717 2470 5766 ιι,
2505 5703 2593 5760 I0.

542 5718 557 5733 -
583 5718 697 5759 rust
747 5718 1004 5758 mendum
1034 5718 1147 5768 est,
1183 5718 1373 5758 κτιστα
1443 5718 1503 5760 ro
1532 5718 1783 5769 κτιςοντα
1812 5718 2008 5772 posuit.

467 5770 557 5829 i5.
641 5772 664 5806 ⁸
693 5769 854 5829 Joan.
885 5787 927 5834 ι.
959 5771 1012 5826 '5.
1091 5773 1112 5804 ⁶
1139 5774 1274 5836 Agit.
1299 5789 1360 5836 ιι,
1523 5775 1544 5806 "
1580 5775 1700 5830 Act.
1726 5790 1781 5839 ι,
1825 5775 1913 5830 58.
2007 5779 2008 5802 ἢ

2113 5718 2375 5830 ιέ’“ὲ¹ὶξῖ¹ἷ’
2402 5718 2470 5832 iii

2127 4809 2248 4856 cur,
2299 4795 2497 4866 inquit,
2538 4795 2800 4852 Dominus
2825 4795 2962 4850 dixit
2989 4814 3004 4851 :
3035 4797 3177 4862 Quid
3205 4816 3286 4852 me
3314 4799 3450 4854 dicis
3477 4801 3666 4855 bonum
3685 4804 3714 4858 2

2133 4885 2278 4941 Unus
2328 4896 2408 4942 est
2455 4886 2620 4942 bonus
2665 4886 2809 4942 Deus
2841 4889 2899 4942 '?
2948 4891 3102 4960 quasi
3150 4889 3501 4944 bonitatema
3527 4906 3587 4946 se
3623 4890 3711 4947 his

2125 4981 2307 5034 verbis
2353 4979 2650 5050 abjudicet.
2701 4979 3024 5052 Quanquam
3080 4983 3206 5052 quis
3270 4982 3410 5038 alius
3467 4983 3712 5038 bonitate

2127 5087 2251 5125 cum
2285 5072 2566 5142 unigenito
2597 5071 2692 5128 Dei
2736 5071 2876 5128 Filio
2905 5074 3306 5143 comparandus
3345 5084 3464 5140 est,
3497 5075 3587 5146 qui
3624 5093 3711 5132 se-

2129 5165 2424 5234 metipsum
2474 5165 2810 5220 redimendis
2871 5166 3160 5221 animabus
3209 5168 3412 5222 nostris
3475 5169 3707 5237 pretium

2127 5255 2352 5310 obtulit?
2384 5253 2571 5325 Usque
2603 5271 2670 5312 eo
2699 5255 2939 5310 divinam
2978 5257 3087 5310 vim
3123 5264 3178 5312 et
3204 5257 3500 5312 bonitatem
3555 5258 3708 5330 igno-

2129 5352 2285 5411 rant;
2335 5361 2437 5401 nec
2481 5345 2628 5401 illius
2661 5347 2944 5417 sapientiae
2988 5347 3388 5417 providentiam
3433 5356 3486 5404 et
3531 5351 3706 5404 admi-

2129 5435 2514 5491 nistrationem
2566 5435 2902 5507 intelligunt,
2949 5439 3216 5492 animales
3249 5437 3520 5505 homines,
3569 5448 3623 5494 et
3651 5441 3710 5496 in

2133 5542 2353 5583 carnem
2395 5527 2560 5585 altius
2597 5528 2865 5595 immersi,
2901 5528 2994 5600 qui
3029 5543 3059 5584 a
3091 5529 3300 5600 Spiritu
3336 5539 3527 5586 sancto
3561 5531 3710 5602 diju-

2695 5707 2715 5740 ³
2753 5705 2910 5763 Joan.
2939 5721 3033 5771 xv,
3062 5703 3154 5762 26.
3233 5704 3254 5738 ⁸
3282 5704 3443 5764 Joan.
3475 5722 3588 5774 xvr,
3616 5705 3709 5779 14,
