4138 6396
425 286 533 344 235

1810 286 1869 342 S.
1910 284 2254 340 ΕΡΙΡΠΛΝΙΙ

3596 286 3706 347 936

426 405 627 477 quibus
661 405 778 461 haec
811 406 1107 478 appellatio
1153 406 1420 463 abusione
1455 406 1689 478 quadam
1722 407 2009 461 convenit:

2123 407 2298 461 πάντα
2345 407 2374 459 ὀ
2407 404 2539 470 Θεὸς
2594 405 2652 458 ἐν
2706 403 2871 476 σοφίᾳ
2924 403 3184 460 ἐπιτελεῖ.
3233 403 3349 458 Μία
3390 402 3449 458 δέ
3499 404 3647 458 ἐστιν
3676 409 3711 478 ἡ

425 497 629 570 quippe
672 498 819 555 Deus
873 501 1057 555 omnia
1102 501 1368 570 sapientia
1421 500 1653 571 perﬁcit.
1705 499 1812 555 Sed
1852 501 2013 555 unica

427 602 698 669 tamen_ac
726 594 1022 664 singularis
1043 604 1127 650 est
1151 596 1243 648 illa
1271 594 1451 651 Patris
1480 594 1771 665 sapientia,
1795 610 1861 648 ac
1885 595 2017 649 sub-

425 686 628 741 sistens
667 685 760 741 Dei
789 686 1053 742 Verbum.
1097 686 1285 759 Neque
1314 705 1445 744 vero
1477 688 1571 743 illo
1603 688 1889 758 sapientia:
1919 703 2017 742 vo-

426 776 623 832 cabulo
652 779 1025 849 constringor,
1065 785 1123 832 ut
1157 781 1223 832 ad
1257 778 1351 833 Dei
1381 777 1580 833 Filium
1604 778 1797 834 referri
1830 785 2015 847 putem

426 877 701 940 oportere.
737 869 857 925 Non
884 871 1031 925 enim
1056 870 1111 925 id
1134 879 1227 925 aut
1256 886 1285 924 a
1310 872 1603 926 Salomone
1625 871 2014 941 significatum,

428 967 525 1013 aut
555 960 625 1014 ab
658 962 906 1030 apostolo
938 961 1121 1031 aliquo
1154 961 1518 1027 declaratum,
1553 973 1647 1016 aut
1681 962 1736 1016 in
1771 960 2017 1033 Evange-

428 1050 504 1106 lio
532 1058 616 1106 est
660 1067 1004 1122 expressum.
1058 1052 1214 1119 Quod
1244 1053 1291 1109 si
1324 1052 1391 1108 de
1428 1053 1522 1108 Dei
1557 1052 1697 1107 Filio
1730 1062 2015 1124 utcunque

426 1142 809 1213 accipiendum
852 1143 1090 1207 videtur,
1141 1159 1252 1199 non
1299 1155 1383 1200 est
1413 1152 1592 1200 tamen
1627 1146 1815 1200 eadem
1853 1161 2017 1199 voca-

429 1235 541 1290 buli
577 1236 683 1297 vis.
735 1252 914 1306 neque
942 1252 1007 1291 ex
1051 1237 1286 1307 simplici
1330 1238 1621 1292 verborum
1668 1253 1805 1292 sono
1839 1238 1907 1292 de
1952 1253 2018 1292 eo

420 1328 778 1399 judicandum
809 1338 912 1386 est.
954 1329 1087 1384 Nam
1117 1345 1242 1385 cum
1272 1339 1419 1385 totus
1472 1330 1565 1386 ille
1612 1330 1753 1386 liber
1779 1345 1847 1384 ex
1888 1345 2015 1400 pro-

428 1420 633 1477 verbiis
653 1429 944 1478 contextus
965 1424 1057 1487 sit,
1071 1421 1336 1494 quidquid
1357 1431 1537 1478 autem
1562 1439 1655 1494 per
1670 1423 2018 1494 proverbium

424 1512 674 1577 effertur,
707 1514 858 1568 aliud
886 1514 1065 1570 verbis
1093 1530 1205 1585 pra:
1234 1531 1292 1571 se
1323 1513 1485 1581 ferat,
1513 1515 1661 1569 aliud
1695 1530 1861 1571 sensu
1894 1515 2016 1585 ipso

423 1622 519 1677 per
564 1608 880 1678 allegoriam
927 1607 1235 1679 signiﬁcet;
1278 1608 1325 1663 si
1360 1608 1529 1663 fuerit
1570 1609 1681 1673 illa,
1715 1622 1878 1676 quam
1925 1606 2016 1663 isti

424 1707 642 1771 putant,
678 1698 987 1755 Salomonis
1020 1716 1200 1764 mens,
1248 1710 1301 1755 et
1339 1699 1407 1753 ad
1445 1698 1538 1756 Dei
1573 1699 1771 1753 Filium
1807 1699 2017 1755 referre

2120 495 2256 552 οὖσα
2303 497 2467 567 σοφία
2513 495 2607 550 τοῦ
2641 496 2877 569 Πατρὸς,
2912 496 3006 550 καὶ
3043 495 3408 562 ὲνυπὸστατος
3445 497 3577 563 Θεδς
3610 500 3713 553 Λόο

2119 609 2233 659 γος.
2278 590 2420 644 Αὐτὸ
2464 589 2573 659 γάρ
2621 589 2683 643 τὸ
2731 591 2885 661 ῥῆμα
2928 590 2990 642 οὐ
3037 588 3256 652 πάντως
3304 589 3605 658 ἀναγκάζει
3644 608 3712 662 με

2121 684 2252 755 περὶ
2289 682 2383 737 τοῦ
2419 683 2551 737 Υἱοῦ
2596 682 2689 737 τοῦ
2724 682 2859 737 Θεοῦ
2896 682 3095 752 λέγειν.
3150 683 3227 736 UO
3272 684 3383 756 γὰρ
3415 685 3710 756 ἐδήλωσεν,

2120 775 2241 829 οὐδέ
2269 792 2354 839 τις
2392 775 2500 829 τῶν
2542 775 2857 829 ἀποστόλων
2902 776 3329 847 ἐμνημόνευσεν,
3352 771 3472 829 ἀλλ’
3500 775 3624 829 οὔτε
3651 777 3715 830 τὸ

2121 868 2473 937 Εὑαγγέλιον.
2503 869 2565 921 Ei
2595 868 2652 922 δὲ
2680 869 2789 939 ἄρα
2817 869 2946 939 περὶ
2973 868 3067 921 τοῦ
3097 868 3225 922 Υίοῦ
3260 867 3352 923 τοῦ
3383 866 3522 922 Θεοῦ
3554 869 3715 923 τοῦτο

2123 958 2483 1030 ἐλαμϐάνετο,
2523 958 2623 1012 οὐκ
2669 958 2785 1011 ἐστι
2836 958 3031 1012 ταυτὸν
3071 958 3133 1011 τὸ
3180 960 3365 1029 ῥῆμα,
3410 958 3536 1013 οὔτε
3576 961 3714 1033 πρὸς

2122 1050 2332 1105 εὐθεῖαν
2366 1050 2546 1122 κρίσιν
2595 1051 2866 1121 κείμενον.
2895 1051 3032 1122 Ὄλη
3081 1050 3191 1123 γὰρ
3216 1053 3249 1120 ἡ
3287 1050 3467 1122 βίϐλος
3514 1070 3712 1125 παροι-

2124 1143 2246 1212 μίαι
2280 1143 2571 1209 εἰσί’,πᾶν
2621 1143 2679 1195 δὲ
2730 1144 2791 1197 τὸ
2845 1142 3344 1215 παροιμιαζόμενον
3396 1145 3457 1198 οὐ
3515 1147 3712 1200 ταυτόν

2121 1237 2238 1288 ἐστι
2279 1238 2345 1306 τῇ
2384 1235 2646 1305 δυνάμει,
2696 1235 2833 1289 ἀλλὰ
2867 1235 3001 1307 ἄλλῃ
3052 1236 3152 1307 μὲν
3204 1238 3364 1308 ρήσει
3408 1237 3710 1308 διηγεῖται,

2120 1327 2255 1399 ἄλλῃ
2288 1328 2344 1381 δὲ
2371 1328 2598 1400 δυνάμει
2644 1329 3049 1401 άλληγορείται.
3091 1330 3155 1383 Ei
3200 1330 3379 1385 τοίνυν
3422 1329 3579 1383 τοῦτο
3620 1330 3713 1383 λέ-

2120 1436 2229 1488 γει,
2257 1420 2351 1475 καὶ
2380 1420 2622 1491 τολμῶσί
2656 1439 2801 1486 τινες
2839 1422 2934 1475 ἐπὶ
2970 1422 3061 1475 τὸν
3092 1422 3218 1476 Υίὸν
3252 1421 3345 1475 τοῦ
3390 1421 3527 1476 Θεοῦ
3554 1422 3715 1477 τοῦτο

2120 1512 2328 1584 φέρειν,
2368 1514 2445 1585 μὴ
2479 1514 2713 1582 γένοιτοί
2753 1516 2847 1569 ἐπὶ
2880 1518 2947 1586 τῇ
2982 1515 3197 1586 θεότητι
3234 1514 3402 1569 αὐτοῦ
3445 1515 3604 1569 τοῦτο
3649 1518 3712 1571 οὐ

2121 1608 2343 1678 φέρεται
2397 1606 2458 1660 τὸ
2514 1607 2686 1678 ῥῆμα.
2739 1609 2803 1661 Εἰ
2848 1608 2927 1673 δὲ,
2967 1608 3189 1662 δύναται
3240 1608 3299 1662 ὲν
3350 1610 3417 1679 τῇ
3462 1608 3714 1681 ἐνσάρκῳ

2121 1696 2286 1751 αὑτοῦ
2347 1696 2690 1769 πληροῦσθαι
2745 1699 3040 1770 παρουσίᾳ.
3083 1697 3302 1768 Ἐπειδὴ
3353 1698 3495 1770 γάρ·
3546 1698 3711 1767 Αὐτὴ

423 1766 674 1849 nonnulli
700 1791 967 1848 audeant:
1000 1793 1238 1863 primum
1259 1791 1325 1847 de
1348 1791 1636 1847 ditinitate
1659 1792 1833 1862 ipsius
1856 1792 1987 1846 intel
2003 1820 2015 1833 -

2123 1789 2157 1856 ἡ
2213 1787 2402 1856 σοφία
2444 1766 2839 1856 ᾠκοδόμησεν
2882 1766 3073 1857 ἑαυτῇ
3122 1788 3231 1841 τὸν
3279 1766 3474 1843 ὸῖκωὲ·
3522 1788 3614 1841 καὶ
3663 1766 3712 1842 εί

424 1883 595 1955 ligere
626 1883 854 1938 omnino
900 1880 1056 1937 nefas
1094 1894 1213 1948 est;
1267 1880 1486 1947 deinde,
1536 1881 1584 1935 si
1615 1880 1775 1945 forte,
1826 1880 1894 1935 ad
1928 1895 2017 1934 as-

426 1980 704 2042 sumptam
738 1971 808 2026 ab
832 1986 898 2026 eo
925 1971 1169 2025 hominis
1192 1979 1446 2025 naturam
1471 1970 1768 2025 convenire
1790 1971 2013 2041 poterit.

423 2061 879 2133 Quandoquidem
906 2079 921 2115 :
969 2061 1251 2132 Sapientia
1278 2064 1393 2133 ipsa
1424 2062 1525 2117 sibi
1556 2063 1773 2117 domum
1800 2070 2015 2118 exstru-

422 2156 563 2209 ait‘.
623 2153 779 2220 Quod
824 2155 871 2211 si
918 2155 994 2209 ita
1036 2166 1139 2220 est,
1176 2158 1245 2211 ab
1291 2157 1533 2210 humana
1575 2165 1772 2210 natura
1806 2156 2014 2211 dictum

423 2246 728 2302 existimari
775 2248 926 2301 salva
964 2249 1167 2318 pietate
1210 2257 1414 2319 potest,
1449 2263 1573 2319 qua:
1618 2256 1686 2303 de
1729 2247 2017 2304 divinitate

424 2354 526 2396 sua
560 2340 848 2410 loquatur:
897 2339 1159 2395 Dominus
1189 2342 1384 2395 creavit
1428 2358 1529 2405 me,
1577 2342 1681 2395 hoc
1718 2352 1823 2405 est,
1851 2342 2019 2395 azdifi-

423 2431 571 2486 cavit
613 2447 700 2487 me
732 2432 786 2485 in
822 2442 978 2487 utero
1013 2431 1231 2497 Mariae,
1279 2433 1493 2486 initium
1532 2433 1737 2487 viarum
1776 2448 2013 2496 suarum,

424 2524 483 2577 in
508 2539 667 2593 opera
690 2524 876 2595 ipsius.
909 2524 1134 2579 Initium
1163 2526 1368 2595 quippe
1398 2524 1641 2592 viarum,
1666 2537 1721 2581 et
1748 2524 2017 2581 adventus

426 2614 485 2669 in
516 2615 662 2670 hunc
689 2615 955 2670 mundum
988 2615 1218 2681 Christi,
1248 2630 1452 2686 corpus
1484 2615 1605 2685 ejus
1634 2625 1719 2671 est
1753 2633 1818 2671 ex
1848 2615 2019 2670 Maria

424 2715 727 2778 sumptum,
758 2710 825 2762 ad
854 2708 1081 2777 iustitia:
1116 2716 1169 2763 et
1228 2709 1426 2765 salutis
1458 2724 1598 2779 Opus
1632 2709 1885 2764 ascitum.
1913 2707 2018 2763 Ve-

426 2814 552 2854 rum
582 2799 742 2856 facile
774 2808 957 2856 mente
1015 2809 1203 2872 :aptus
1237 2802 1459 2872 aliquis,
1509 2809 1564 2856 et
1591 2802 1745 2871 gravi
1775 2802 1868 2856 illo
1901 2812 2017 2855 tan-

428 2903 594 2958 quam
619 2888 845 2944 vulnere
866 2890 1170 2951 sauciatus.
1196 2891 1401 2961 quique
1431 2891 1487 2945 in
1509 2890 1603 2945 Dei
1628 2888 1825 2944 Filium
1850 2892 2019 2945 animi

427 2982 666 3052 quodam
716 2983 844 3037 odio
888 2984 1128 3049 feratur,
1189 2984 1425 3039 ulterius
1480 2984 1801 3055 prosiliendi
1848 2999 1914 3038 ex
1953 2998 2019 3037 eo

2117 1883 2225 1952 ἄρα
2263 1881 2371 1934 ἀπὸ
2405 1878 2695 1952 προσώπου
2737 1880 2839 1951 τῆς
2876 1880 3041 1934 αὑτοῦ
3099 1879 3567 1952 ὲνανθρωπήσεως
3618 1881 3714 1933 εὐ-

2121 1971 2295 2034 σεϐῶς
2336 1969 2577 2041 λεχθείη,
2613 1969 2689 2033 ὡς
2718 1972 2751 2041 ή
2789 1970 3051 2041 ένσαρκος
3084 1969 3250 2024 αὐτοῦ
3287 1971 3556 2043 παρουσία
3586 1972 3714 2043 περὶ

2116 2063 2215 2134 τῆς
2253 2062 2419 2116 αὑτοῦ
2452 2062 2705 2132 οεὸτητος
2738 2063 2961 2130 φάσκει,
2995 2060 3078 2126 τό,
3124 2063 3339 2130 Κύριος
3379 2062 3586 2117 ἕκτισέ
3614 2079 3711 2132 με,

2119 2154 2422 2218 τουτέστιν,
2462 2154 2779 2225 ᾠκοδόμησέ
2822 2171 2888 2225 με
2925 2156 2983 2207 ἐν
3016 2154 3217 2225 γαστῷ¹
3247 2152 3487 2225 Μαρίας,
3514 2153 3715 2224 ἀρχὴν

2118 2245 2276 2299 ὁδῶν
2329 2245 2516 2299 αὐτοῦ
2569 2248 2657 2312 είς
2704 2244 2851 2315 ἔργα
2903 2245 3114 2300 αὐτοῦ.
3172 2244 3371 2317 ’Δρχὴν
3418 2245 3527 2317 γὰρ
3575 2245 3714 2300 ὁδῶν

2117 2338 2216 2408 τῆς
2252 2337 2485 2391 καθόδου
2517 2336 2753 2410 Χριστοῦ
2807 2340 2889 2402 είς
2952 2337 3044 2391 τὸν
3096 2337 3302 2408 κόσμον
3345 2338 3405 2391 τὸ
3454 2336 3615 2408 σῶμα
3649 2341 3715 2392 ἐκ

2119 2428 2334 2501 Μαρίας
2363 2430 2423 2482 τὸ
2472 2429 2677 2501 ληφθὲν
2727 2432 2785 2481 ὲν
2834 2427 2913 2499 τῷ
2945 2428 3094 2499 ἔργῳ
3144 2427 3310 2483 αὑτοῦ
3362 2429 3462 2499 τῆς
3508 2428 3715 2483 δικαιο⁴

2120 2523 2287 2595 σύνης
2340 2523 2435 2576 καὶ
2492 2522 2785 2593 σωτηρίας.
2823 2520 2985 2575 Ἀλλὰ
3043 2521 3260 2585 πάντως
3313 2521 3715 2592 προπηδήσειεν

2118 2617 2146 2668 ὁ
2178 2615 2275 2687 τὴν
2317 2615 2542 2687 καρδίαν
2581 2614 2975 2686 βεϐλαμμένος,
3028 2616 3125 2669 καὶ
3151 2614 3251 2685 τὴν
3300 2614 3478 2687 δεινὴν
3509 2614 3715 2686 ταύτην

2120 2708 2335 2780 πληγήν
2367 2707 2771 2779 πεπληγμένος,
2819 2706 2950 2778 περὶ
2981 2705 3076 2759 τοῦ
3116 2705 3250 2760 Υίοῦ
3282 2706 3377 2761 τοῦ
3404 2706 3539 2762 Θεοῦ
3577 2707 3716 2778 ἔχων

2118 2802 2217 2872 τὴν
2264 2801 2464 2874 ἔχθραν
2494 2803 2552 2854 ὲν
2592 2804 2660 2873 τῇ
2691 2801 2925 2873 διανοίᾳ·
2966 2802 3070 2868 ὅτι,
3126 2803 3311 2874 φησὶν,
3343 2798 3523 2856 εἶπεν·
3577 2804 3714 2857 Ἐὰν

2120 2893 2455 2965 ἀναγγείλω
2477 2892 2619 2963 ὑμῖν
2649 2893 2722 2947 τὰ
2746 2894 2875 2947 καθ’
2899 2892 3129 2962 ἡμέραν
3157 2895 3460 2964 γινόμενα,
3495 2910 3699 2963 μνημο

2120 2985 2321 3038 νεύσω
2340 2984 2410 3037 τὰ
2429 2984 2497 3048 ἐξ
2518 2982 2731 3050 αίῶνος
2755 2984 2901 3057 [καί]
2923 2984 3270 3056 ἀριθμῆσαι.
3298 2986 3408 3038 Καὶ
3453 2986 3608 3057 ὁρᾷς,
3635 2986 3718 3039 ὅτι

428 3090 619 3130 ansam
654 3075 898 3145 arripiet,
931 3075 1078 3147 quod
1114 3078 1396 3146 sequitur:
1443 3074 1504 3131 Si
1538 3077 1846 3130 nuntiavero
1872 3075 2016 3131 vobis

2123 3077 2188 3143 ἐξ
2217 3076 2432 3144 αἰῶνος
2454 3076 2602 3146 λέγει
2622 3094 2635 3107 ο
2667 3080 2701 3149 ἡ
2736 3078 2793 3131 δὲ
2817 3078 3080 3150 ἕνσαρκος
3104 3077 3241 3132 Θεοῦ
3262 3079 3537 3149 παρουσία
3572 3078 3716 3149 μετὰ

426 3184 544 3239 qua:
582 3168 817 3239 quotidie
846 3169 1003 3237 ﬁunt,
1058 3184 1534 3223 commemoravero
1582 3185 1700 3240 qua:
1742 3186 1777 3222 a
1823 3169 2016 3223 swculo

2123 3170 2383 3240 ἑξήκοντα
2418 3168 2511 3222 δύο
2540 3169 2732 3238 γενεὰς
2763 3170 2874 3241 (90)
2908 3171 3051 3225 κατὰ
3103 3171 3193 3226 τὸν
3224 3170 3505 3226 Ματθαῖον
3550 3165 3712 3241 ἦλθε⁸

426 3269 572 3326 sunt,
601 3270 659 3314 ut
688 3277 1005 3315 enumerem.
1056 3259 1243 3325 Vides,
1287 3262 1566 3332 inquiunt,
1609 3262 1755 3331 quod
1786 3260 1947 3329 dixit,
1983 3279 2016 3314 a

2123 3261 2233 3325 πῶς
2258 3256 2350 3314 οὖν
2371 3261 2592 3315 δύναται
2621 3261 2693 3315 τὰ
2722 3261 2782 3328 ἐξ
2807 3263 2982 3334 ἀρχῆς
3005 3263 3200 3327 αἰῶνος
3222 3264 3397 3335 τούτῳ
3425 3262 3714 3332 λέγεσθαι;

429 3353 644 3409 seculo.
703 3353 867 3423 Atqui
898 3353 989 3406 illa
1026 3353 1212 3408 carnis
1260 3354 1569 3425 assumptio
1619 3353 1841 3408 nonnisi
1890 3362 2015 3423 post
2046 3353 2184 3409 duas
2218 3363 2273 3410 et
2317 3355 2602 3425 sexaginta
2649 3357 3030 3425 generationes
3077 3354 3329 3410 Matthazo
3359 3355 3533 3411 teste’
3591 3368 3712 3410 con-

428 3448 573 3517 tigit.
598 3444 701 3510 Qui
742 3456 975 3514 possunt
1022 3445 1191 3517 igitur
1227 3463 1349 3518 qua:
1381 3448 1450 3503 ab
1502 3448 1683 3511 initio,
1732 3456 1898 3519 atque
1932 3449 2001 3504 ab
2036 3457 2243 3504 aeterno
2276 3447 2519 3513 fuerunt,
2553 3449 2623 3504 ah
2655 3449 2750 3504 illo
2775 3450 3200 3505 commemorari
3229 3450 3253 3502 ’ἔ

508 3536 673 3591 XXII.
713 3535 908 3591 Verum
942 3537 1072 3592 caeci
1101 3538 1374 3603 homines,
1406 3554 1470 3594 ac
1514 3548 1625 3593 tota
1651 3541 1736 3594 via
1772 3542 2016 3596 veritatis

432 3629 772 3694 aberrantes,
829 3631 969 3683 hanc
1031 3644 1152 3685 esse
1202 3628 1498 3701 Scriptum
1563 3632 2013 3687 consuetudinem

432 3723 705 3792 ignorant,
750 3730 808 3773 ut
852 3736 1189 3791 quaecunque
1217 3722 1413 3778 docere
1447 3722 1593 3787 velit,
1629 3740 1738 3778 non
1771 3725 1840 3780 ab
1874 3726 2009 3780 anti-

431 3813 718 3884 quissimis
745 3812 1080 3882 temporibus
1123 3822 1353 3884 repetat.
1398 3822 1493 3868 aut
1542 3815 1613 3869 ab
1662 3816 1783 3886 ipso
1816 3818 2016 3886 capite,

433 3914 493 3960 ut
522 3906 595 3959 ita
615 3905 815 3971 dicam,
835 3915 1100 3972 arcessat,
1122 3907 1218 3962 sed
1240 3909 1308 3962 ab
1338 3908 1426 3972 iis.
1449 3925 1573 3979 qua:
1595 3910 1840 3978 proxima
1867 3919 2016 3974 sunt,

434 4008 494 4052 ut
522 3997 667 4065 quod
709 4007 869 4051 antea
901 3998 1172 4053 exstiterit
1200 4008 1534 4069 postremum
1570 4000 1733 4074 746
1762 4003 2017 4072 appellet.

433 4090 611 4160 Atque
641 4104 704 4143 ea
736 4104 905 4144 causa
934 4101 1017 4145 est
1038 4106 1147 4157 ,eur
1173 4092 1373 4147 dixerit
1405 4110 1416 4144 :
1448 4092 1507 4147 Si
1538 4096 1846 4149 nuntiavero
1876 4094 2019 4149 vobis

432 4197 550 4253 qua:
604 4180 836 4251 quotidie
885 4183 1057 4251 ﬁunt;
1107 4183 1334 4249 deinde,
1380 4186 1798 4241 commemorabo
1831 4205 1949 4253 qum
1988 4207 2019 4242 ιι

433 4275 628 4329 swculo
655 4284 813 4330 sunt:
848 4291 955 4347 qua
983 4277 1145 4332 etiam
1181 4275 1351 4349 Moysi
1384 4279 1619 4349 primum
1652 4277 1794 4337 Deus
1822 4282 2019 4336 arden-

2193 3541 2322 3595 KB'.
2362 3542 2473 3595 Καὶ
2500 3542 2602 3595 οὐκ
2631 3542 2834 3595 οἴδασιν
2859 3542 2911 3594 oi
2945 3540 3043 3613 τὴν
3072 3543 3252 3595 πᾶσαν
3297 3540 3415 3595 ὁδὸν
3440 3541 3541 3613 τῆς
3581 3540 3713 3613 άλη-

2132 3636 2285 3699 Θείας
2334 3634 2772 3707 πεπλανημένοι,
2803 3636 2886 3691 ὅτι
2917 3635 3006 3691 ἀεὶ
3048 3638 3082 3705 ἡ
3131 3634 3251 3689 θεία
3297 3635 3488 3708 Γραφὴ
3535 3636 3713 3691 πάντα

2125 3730 2226 3783 ὅσα
2254 3729 2503 3800 βούλεται
2530 3730 2802 3786 διδάσκειν
2825 3732 3051 3804 ἄρχεται
3075 3731 3401 3803 διηγεῖσθαι,
3428 3732 3529 3786 οὐκ
3555 3732 3713 3797 εὐθὺς

2125 3825 2206 3885 είς
2232 3822 2294 3875 τὸ
2316 3824 2597 3895 ἀρχαϊζον,
2625 3825 2739 3888 καὶ,
2766 3825 2841 3888 ὼς
2867 3826 3065 3889 εἰπεῖν,
3093 3826 3174 3889 είς
3197 3824 3259 3877 τὺ
3281 3824 3571 3893 κεφάλαιον
3595 3826 3712 3877 ἐπι-

2129 3915 2400 3984 ϐάλλεται,
2457 3917 2571 3970 ἀλλ’
2603 3918 2714 3972 ἀπὺ
2747 3918 2856 3971 τῶν
2900 3917 3214 3987 ὲγγυτάτων
3245 3916 3494 3989 ἄρχεται,
3532 3917 3620 3970 ἴνα
3652 3917 3714 3971 τὸ

2127 4010 2291 4079 προὸν
2339 4009 2562 4080 ἔσχατον
2607 4010 2870 4081 σημαίνῃ.
2919 4009 3021 4063 Διὰ
3048 4007 3208 4062 τοῦτο
3254 4008 3365 4080 γὰρ
3395 4009 3490 4061 καὶ
3522 4004 3708 4061 εἶπεν

2138 4100 2275 4154 Ἐὰν
2311 4102 2645 4170 ἀναγγείλω
2676 4101 2820 4171 ὑμῖν
2859 4101 2932 4154 τὰ
2978 4102 3108 4155 καθ’
3137 4101 3369 4170 ἡμέραν
3405 4103 3709 4171 γινόμενα,

2126 4192 2233 4246 ἀπὸ
2266 4193 2469 4247 τούτων
2506 4193 2585 4254 δὲ,
2635 4194 3004 4260 Μνημονεύω
3030 4194 3051 4225 ⁵
3094 4194 3193 4248 καί
3241 4192 3316 4246 τὰ
3351 4193 3421 4257 ἐξ
3460 4192 3711 4259 αίῶνος’

2124 4286 2200 4350 ὡς
2233 4287 2328 4339 καὶ
2357 4286 2435 4356 τῷ
2466 4287 2691 4340 Μωῦσεῖ
2718 4288 2990 4358 ἐσήμανεν
3021 4288 3050 4341 ὁ
3077 4286 3208 4351 Θεὸς
3246 4285 3461 4357 πρῶτον
3506 4286 3567 4339 τὸ
3602 4285 3713 4358 πῦρ

438 4372 546 4420 tem
576 4364 755 4435 ignem
786 4365 1029 4421 ostendit
1053 4365 1107 4433 ³;
1162 4369 1434 4438 pauloque
1462 4376 1587 4439 post
1626 4370 1677 4423 in
1703 4371 1881 4425 medio
1904 4372 2016 4427 rubi

2130 4377 2435 4447 καιόμενον,
2467 4378 2560 4431 καὶ
2590 4379 2649 4431 ὲν
2691 4379 2826 4449 πυρὶ
2866 4378 3025 4449 βάτου
3068 4379 3289 4448 γέγονεν
3318 4381 3351 4450 ἡ
3384 4380 3619 4433 δπτασία
3651 4380 3714 4433 τὸ

435 4454 689 4511 incendio
732 4456 910 4511 visum
943 4457 1077 4512 illud
1109 4458 1354 4512 oblatum
1389 4467 1492 4513 est.
1542 4459 1678 4515 Tum
1710 4464 1937 4532 angelus
1967 4465 2016 4518 ei

435 4545 665 4603 subinde
706 4548 921 4604 locutus
960 4557 1078 4617 est;
1136 4564 1198 4604 ac
1240 4563 1429 4620 postea
1463 4551 1726 4609 Dominus
1773 4571 1840 4610 ex
1881 4558 2018 4611 rubo

435 4641 690 4697 similiter
711 4640 910 4697 ail‘atus
933 4648 1033 4697 est.
1066 4641 1135 4696 At
1158 4643 1271 4713 ipse
1299 4661 1407 4700 non
1438 4661 1502 4700 ea
1531 4647 1764 4703 subinde
1789 4664 1910 4719 qua:
1941 4650 2012 4704 vi-

434 4734 705 4790 debantur
747 4733 1032 4804 alloquens
1076 4734 1346 4805 requirit;
1403 4736 1499 4791 sed
1540 4736 1607 4792 de
1653 4738 1738 4792 his
1781 4755 1904 4808 quae
1947 4742 2017 4793 ab

434 4827 591 4879 initio
619 4825 853 4890 fuerant,
881 4828 1204 4897 interrogat.
1242 4825 1388 4893 Veni,
1424 4829 1621 4899 inquit,
1651 4841 1700 4883 et
1730 4831 1939 4885 mittam
1969 4842 2018 4886 te

434 4922 504 4975 ad
533 4921 677 4991 ﬁlios
707 4919 898 4981 Israel,
926 4929 973 4975 et
1001 4920 1142 4974 dices
1167 4919 1236 4973 ad
1260 4937 1387 4974 eos:
1415 4920 1556 4975 Deus
1578 4931 1789 4990 patrum
1818 4933 2017 4977 vestro~

434 5027 553 5064 rum
587 5012 735 5065 misit
764 5028 865 5073 me,
903 5010 1039 5065 Deus
1076 5010 1371 5075 Abraham,
1408 5011 1545 5066 Deus
1577 5012 1759 5079 Isaac,
1792 5023 1843 5067 et
1873 5015 2016 5070 Deus

436 5103 605 5156 Jacob
626 5103 668 5158 ‘.
719 5101 815 5157 Ubi
861 5102 1232 5158 Abrahamum
1277 5104 1601 5169 nmninavil,
1653 5108 1744 5175 qui
1778 5106 2016 5178 Moysem

436 5193 679 5262 quinque
722 5201 815 5247 aut
863 5209 958 5248 sex
1002 5178 1459 5264 generationibus
1506 5199 1825 5252 antecessit.
1882 5197 2017 5252 Cum

438 5292 619 5340 autem
649 5284 817 5340 Deum
842 5296 1077 5354 patrum,
1102 5287 1261 5352 dixit,
1289 5287 1435 5356 quod
1463 5288 1749 5362 antiquum
1782 5302 1900 5345 erat
1934 5295 2017 5344 in-

438 5377 659 5431 dicavit.
708 5380 777 5431 At
804 5377 1016 5449 Moyses
1041 5380 1306 5451 singulari
1330 5381 1566 5451 quadam
1598 5382 1891 5453 prudentia
1925 5383 2019 5439 Dei

2124 4468 2367 4540 ἔναγχος.
2399 4470 2664 4540 Ἀγγελος
2691 4471 2748 4525 δὲ
2788 4472 2936 4544 αὐτῷ
2969 4472 3263 4543 λελάληκεν
3311 4472 3511 4537 εὐθέως
3531 4490 3545 4502 ·
3580 4490 3709 4543 μετ⁴

2125 4563 2314 4616 ἐπειτα
2367 4563 2424 4616 δὲ
2460 4563 2661 4635 Κύριος
2698 4564 2805 4618 ἀπὸ
2837 4565 2936 4635 τῆς
2971 4564 3152 4635 βάτου.
3194 4566 3254 4618 Ὀ
3280 4565 3336 4618 δὲ
3366 4565 3504 4637 πρὸς
3550 4565 3713 4619 αὑτὸν

2124 4654 2285 4718 εὐθὺς
2306 4656 2366 4709 οὐ
2389 4655 2458 4708 τὰ
2487 4656 2738 4729 ὁρώμενα
2770 4657 2942 4727 ζητεῖ,
2974 4657 3109 4711 ἀλλὰ
3131 4658 3200 4710 τὰ
3223 4659 3478 4729 ἁπαρχῆς
3509 4659 3708 4729 ἐρωτᾷ.

2123 4747 2304 4815 Δεῦρο
2333 4748 2463 4819 γὰρ,
2497 4751 2680 4819 φησὶν,
2712 4749 3053 4803 ἀποστείλω
3080 4765 3154 4803 σε
3186 4749 3336 4818 πρὸς
3368 4751 3512 4818 τοὺς
3543 4752 3713 4817 υἱοὺς

2138 4838 2395 4906 Ἰσραὴλ,
2426 4838 2527 4893 καί
2555 4840 2708 4907 ἐρεῖς
2737 4842 2887 4909 πρὸς
2919 4841 3162 4907 αὐτοὺς,
3197 4841 3287 4895 ὅτι
3323 4842 3376 4895 '0
3411 4843 3557 4908 Θεὸς
3594 4844 3712 4897 τῶν

2125 4926 2411 4999 πατέρων
2445 4931 2617 5002 ἡμῶν
2654 4935 3002 4988 ἀπέσταλκέ
3042 4953 3138 5004 με,
3176 4939 3210 4989 ὀ
3250 4937 3396 5003 Θεὸς
3434 4938 3709 5009 Ἀϐραὰμ,

2126 5025 2224 5077 καί
2260 5028 2291 5078 ὀ
2334 5024 2477 5090 Θεὸς
2518 5025 2745 5089 Ἰσαὰκ,
2800 5028 2901 5081 καὶ
2945 5030 2977 5080 ό
3015 5028 3158 5093 Θεὸς
3200 5029 3416 5096 Ἰακὼϐ,
3452 5032 3559 5102 πρὸ
3615 5048 3705 5100 γε-

2126 5112 2260 5166 νεῶν
2292 5113 2384 5166 τοῦ
2425 5116 2701 5179 Μωῦσέως
2733 5117 2959 5188 πέντεῆ
3001 5117 3061 5183 ἒξ
3101 5120 3376 5189 ὀνομάσας
3420 5123 3549 5184 τοὺς
3584 5124 3713 5193 περὶ

2139 5202 2407 5273 Ἀϐραάμ.
2440 5206 2547 5258 Καὶ
2588 5208 2777 5278 ἐπειδὴ
2825 5203 2947 5259 εἷπε
2984 5208 3134 5261 Θεὸν
3170 5208 3288 5262 τῶν
3322 5209 3610 5279 πατέρων,
3652 5215 3711 5261 τ’.

2126 5296 2350 5367 ἀρχαῖον
2385 5298 2720 5370 ἀπεφήνατο.
2762 5301 2819 5352 ὐ
2849 5300 2905 5352 δὲ
2940 5301 3199 5371 Μωῦσῆς,
3233 5303 3446 5355 συνέσει
3478 5304 3543 5354 ἐκ
3573 5301 3710 5354 Θεοῦ

2129 5389 2600 5459 κεχαριτωμένος,
2651 5391 2836 5462 ἠρώτα
2872 5393 2932 5445 οὐ
2978 5392 3179 5459 ταῦτα,
3227 5393 3364 5446 ἀλλὰ
3398 5394 3492 5446 καὶ
3523 5392 3584 5446 τὸ
3630 5393 3708 5444 £2:

514 5531 532 5561 ‘
568 5530 730 5587 Prov.
765 5550 838 5601 ις,
875 5535 927 5588 1.
1004 5537 1025 5568 ²
1056 5535 1247 5592 Matth.
1287 5554 1327 5602 ι,
1365 5537 1392 5591 1
1423 5553 1544 5608 sqq.
1624 5538 1645 5571 ³
1677 5537 1850 5597 Exod.
1880 5554 1961 5604 ιιι,
1994 5538 2016 5593 9

2128 5557 2180 5611 Ἰ.
2261 5542 2284 5573 ⁸
2313 5542 2448 5598 ibid.
2491 5545 2558 5599 15
2588 5560 2710 5617 sqq.
2787 5548 2808 5579 ⁵
2843 5546 2968 5603 Cor.
3007 5547 3386 5619 μνημονεύσω.

511 5684 625 5773 (90)
656 5689 824 5773 Μετὰ
854 5689 1151 5773 ἑξήκοντα
1181 5692 1290 5773 sitio
1327 5693 1559 5773 γενεᾴς.
1613 5696 1696 5752 Ab
1723 5698 1931 5751 Adamo
1958 5695 2016 5755 ad

2123 5699 2430 5756 irahamum
2458 5703 2642 5771 γενεαί
2672 5710 2801 5759 sunt
2837 5720 2939 5773 xx;
2965 5705 3033 5759 ab
3065 5704 3379 5761 Abrahamo
3434 5703 3502 5760 ad
3546 5701 3695 5759 Chri-

439 5760 589 5815 stum
619 5772 749 5825 xui,
770 5758 869 5813 hoc
898 5770 980 5816 est
1011 5771 1091 5816 ter
1123 5758 1559 5830 quatuordccim.
