4138 6396
413 357 520 415 25⁸1

1085 351 1455 411 ADVERSUS
1492 350 1832 408 "ERESES
1866 344 1994 405 LIB.

2144 345 2307 404 TOM.
2348 347 2411 402 ιι.
2453 380 2522 390 -
2560 348 2837 408 ιιιειιεε.
2868 348 3056 407 LXIX.
3156 313 3161 320 ’

3547 331 3659 407 238.

417 475 713 540 ἀνώτατον,
756 476 847 530 ’ὅτι
888 474 1023 529 Ἐὰν
1051 475 1289 530 ἀπέλθω
1330 473 1481 542 πρὸς
1512 472 1750 537 αὐτοὺς.
1784 471 1882 524 καὶ
1912 469 1994 522 ετ-

2105 468 2359 527 benelicio
2384 456 2668 536 praeditus,
2699 467 2838 522 nihil
2867 468 2935 524 de
2964 468 3049 521 his
3085 465 3397 523 sciscitatus
3423 472 3525 526 est,
3559 464 3658 519 sed

416 566 754 636 πωσιιπρός
786 566 892 636 μέο
930 567 991 620 Τί
1020 564 1180 631 αὑτῷ
1212 565 1434 634 broad;
1460 564 1519 616 τί
1545 562 1658 631 sub
1696 561 1845 630 πρὸς
1887 562 1992 614 αὑ-

416 657 591 722 τούς;
635 657 691 708 ’0
729 655 786 708 δὲ
831 655 1017 709 λοιπὸν
1065 655 1463 714 ἀποκαλύπτειο
1504 651 1649 723 Ἐγώ
1678 656 1792 721 ειμι
1822 655 1856 706 ό
1887 650 1989 705 ῶν.

417 745 533 800 Καὶ
561 746 631 798 τὰ
665 745 765 814 μὲν
802 746 993 817 πρῶτα
1019 745 1126 798 ἀπὸ
1168 745 1278 798 τῶν
1310 744 1621 813 ὲγγυτάτων
1652 742 1875 814 ἤρξατο,
1915 743 1995 804 εἰς

302 844 305 847 ’
420 834 645 906 ἔσχατον
676 836 733 889 δὲ
769 837 829 889 τὸ
858 837 1129 889 ἀνώτατον
1158 835 1362 908 ἐδήλου.
1400 833 1558 887 Ἀλλὰ
1597 835 1691 887 καὶ
1720 835 1749 885 ὁ
1781 833 1995 895 Λουκᾶς

420 926 646 998 ἄρχεται
669 927 778 979 ἀπὸ
799 926 909 980 τῶν
935 926 1084 980 κάτω
1108 926 1201 980 καὶ
1233 924 1536 994 ἐγγυτάτω,
1562 924 1645 977 ὅτι
1668 918 1788 978 Ἦν
1812 921 1996 987 αὐτὸς

422 1021 458 1072 ό
492 1018 721 1085 Ἰησοῦς
746 1019 1077 1088 ἀρχόμενος
1100 1017 1180 1081 ὡς
1206 1016 1357 1070 ἐτῶν
1380 1017 1713 1085 τριάκοντα,
1735 1012 1821 1067 ὢν
1840 1013 1992 1078 υίὸς,

421 1110 502 1175 ὡς
525 1108 842 1180 ἐνομίζετο,
871 1109 979 1163 τοῦ
1014 1107 1255 1178 Ἰωσὴφ,
1289 1108 1397 1162 τοῦ
1421 1107 1563 1171 Ἠλὶ,
1593 1093 1699 1160 ἑοῦ
1728 1105 1992 1169 Ματθᾶν,

425 1201 530 1255 τοῦ
559 1201 785 1265 Νάθαν,
833 1201 940 1255 τοῦ
973 1201 1170 1265 Δαϐίδ,
1229 1200 1336 1254 τοῦ
1373 1199 1579 1262 Ἰούδα,
1623 1198 1731 1253 τοῦ
1771 1196 1993 1260 Ἰακὼϐ,

423 1292 532 1346 τοῦ
565 1293 829 1362 Ἀϐραὰμ,
851 1293 958 1347 τοῦ
976 1292 1326 1362 Ναχὼρποῦ
1348 1292 1495 1353 Νῶε,
1520 1290 1625 1343 τοῦ
1641 1290 1861 1359 Λάμεχ,
1888 1288 1995 1341 τοῦ

436 1382 645 1451 Ἑνὼχ,
664 1384 768 1438 τοῦ
784 1383 928 1453 Σὴθ,
940 1384 1049 1438 τοῦ
1066 1384 1255 1452 Ἀδὰμ,
1273 1383 1380 1436 τοῦ
1393 1382 1561 1436 Θεοῦ.
1578 1382 1687 1435 Καὶ
1707 1382 1858 1451 ὁρᾷς,
1878 1380 1996 1443 πῶς

420 1473 519 1544 τὴν
559 1473 820 1545 ἑνσαρκον
868 1476 1167 1545 παρουσίαν
1198 1474 1411 1545 πρῶτον
1441 1472 1659 1540 ἔδειξεν,
1702 1473 1890 1527 ἔπειτα
1934 1473 1996 1525 τὸ

421 1564 666 1634 ἔσχατον.
697 1567 787 1618 Διὸ
825 1566 918 1619 καὶ
966 1566 1241 1630 Ματθαίος
1279 1565 1423 1619 κατά
1466 1566 1565 1636 τὴν
1594 1565 1854 1636 ἔνσαρκον
1901 1581 1995 1633 γε-

421 1655 723 1725 νεαλογίαν,
757 1657 1074 1729 βουλόμενος
1100 1661 1433 1727 καταγαγεῖν
1460 1658 1556 1728 τὴν
1580 1657 1817 1729 Χριστοῦ
1856 1675 1993 1728 παρ-

421 1750 607 1803 ουσίαν
634 1752 714 1814 είς
756 1752 854 1821 τὴν
894 1751 1003 1804 τῶν
1050 1750 1350 1823 ἀνθρώπων
1383 1750 1640 1813 διάνοιαν,
1686 1751 1786 1803 οὐκ
1836 1750 1997 1813 εὐθὺς

2095 561 2241 630 quod
2263 558 2695 614 vetustissimum
2725 564 2808 613 est
2836 557 3104 628 quaesivit.
3143 554 3224 619 Si,
3251 556 3445 625 inquit,
3468 555 3656 609 vadum

2093 652 2161 706 ad
2188 652 2329 712 illos,
2363 661 2411 704 et
2440 651 2666 704 dixerint
2691 649 2851 704 mihi:
2900 648 3052 715 Quod
3078 657 3155 702 est
3181 649 3228 701 ei
3262 650 3488 702 nomen?
3531 647 3656 716 quid

2092 745 2200 798 illis
2246 741 2605 811 respondebo?
2651 729 2892 795 Tandem
2940 755 3071 810 ergo
3102 738 3246 794 Deus
3295 740 3534 810 seipsum
3579 739 3654 797 illi

2093 834 2449 905 patefaciens,
2489 832 2619 902 Ego,
2646 832 2841 902 inquit.
2866 847 2981 885 sum
3010 831 3099 901 qui
3121 847 3258 885 sum.
3295 828 3396 886 Ubi
3424 833 3657 901 primum

2095 926 2163 981 ab
2188 926 2257 979 iis
2287 939 2406 995 qua:
2438 926 2684 994 proxima
2717 931 2873 978 erant
2905 923 3193 991 incepisse,
3233 931 3347 976 tum
3385 931 3661 993 postremo

2094 1018 2239 1088 quod
2286 1032 2557 1072 summum
2587 1024 2642 1070 et
2680 1016 2928 1069 ultimum
2974 1023 3093 1068 erat
3136 1015 3446 1070 declarasse
3482 1016 3662 1071 cerni-

2096 1129 2239 1166 mus.
2282 1109 2481 1164 Eodem
2516 1108 2678 1162 modo
2711 1106 2887 1161 Lucas
2917 1106 2986 1159 ab
3011 1106 3214 1161 inlimis
3247 1121 3311 1161 ac
3342 1106 3546 1162 citimis
3570 1122 3664 1161 or-

2095 1204 2258 1258 ditur.
2294 1200 2414 1271 lpse
2447 1199 2624 1264 Iesus,
2658 1200 2854 1269 inquit,
2895 1208 3011 1252 erat
3043 1198 3294 1265 incipiens
3322 1199 3474 1268 quasi
3495 1206 3663 1253 anno-

2095 1304 2213 1341 rum
2243 1289 2478 1357 triginta,
2500 1287 2663 1356 ﬁlius,
2682 1297 2739 1339 ut
2760 1285 3064 1356 putabatur,
3081 1285 3295 1355 Ioseph,
3311 1287 3401 1355 qui
3424 1287 3526 1357 fuit
3548 1287 3661 1352 Eli,

2094 1380 2183 1449 qui
2221 1379 2323 1447 fuit
2360 1377 2605 1441 Hathan,
2646 1378 2735 1448 qui
2778 1377 2881 1446 fuit
2926 1375 3166 1441 Nathan,
3209 1379 3299 1447 qui
3334 1379 3434 1447 fuit
3467 1379 3661 1445 David,

2095 1471 2185 1539 qui
2206 1471 2306 1539 fuit
2333 1469 2513 1535 ludar,
2545 1471 2633 1540 qui
2662 1469 2763 1537 fuit
2790 1466 2978 1532 Jacob,
3006 1472 3097 1539 qui
3123 1470 3224 1539 fuit
3255 1471 3544 1536 Abraham,
3573 1477 3665 1543 qui

2096 1562 2196 1630 fuit
2228 1560 2464 1626 Nachor,
2515 1565 2605 1632 qui
2644 1563 2749 1645 [uit
2771 1561 2907 1625 Noe,
2944 1564 3034 1632 qui
3073 1563 3173 1632 fuit
3201 1562 3410 1627 Lamec,
3445 1567 3535 1636 qui
3561 1567 3663 1635 fuit

2098 1653 2299 1717 Enoch,
2335 1655 2424 1723 qui
2446 1655 2546 1724 {uit
2582 1654 2730 1717 Seth,
2760 1655 2849 1725 qui
2892 1656 2991 1716 fuit
3026 1654 3218 1722 Adam,
3247 1660 3335 1727 qui
3374 1659 3475 1726 [uit
3508 1657 3661 1716 Dei”.

2095 1745 2159 1798 In
2200 1746 2397 1815 quibus
2446 1746 2832 1800 animadvertis
2887 1747 3119 1817 primum
3170 1761 3438 1820 susceptae
3480 1753 3665 1807 carnis

421 1834 714 1903 εἷπεν,’ὄτι
753 1839 1003 1906 Γένεσις
1040 1840 1237 1907 Ἰησοῦ
1273 1840 1530 1909 Χριστοῦ
1562 1838 1697 1893 υἱοῦ
1731 1839 1993 1908 Ἀϐραὰμ,

2105 1837 2428 1891 mentionem
2459 1852 2581 1891 esse
2620 1836 2815 1890 factam
2864 1856 2877 1890 :
2930 1837 3127 1893 deinde
3158 1841 3300 1910 quod
3331 1849 3665 1911 postremum

421 1930 558 1984 ἀλλά
581 1931 716 1986 υίοῦ
738 1932 917 1986 Δαϐὶδ
942 1933 1175 2003 πρῶτον.
1205 1928 1325 1986 εἶτα
1357 1932 1491 1986 υἱοῦ
1525 1932 1789 2001 Ἀϐραὰμ,
1825 1931 1910 1984 ἵνα
1935 1933 1997 1984 τὸ

422 2024 738 2096 πρόσφατον
766 2025 1063 2097 ὁρώμενον,
1092 2024 1186 2079 καὶ
1226 2024 1288 2077 τὸ
1338 2024 1564 2092 ἔγγιστα
1608 2022 2001 2094 συγκροτούμε-

422 2130 535 2179 νον,
570 2115 665 2168 καὶ
689 2114 752 2167 τὸ
778 2116 860 2168 ἔτι
895 2114 1168 2184 ἀνώτερον
1202 2114 1548 2168 ὑποδεικνύον
1572 2115 1614 2179 ¹,
1649 2113 1710 2167 τὸ
1740 2115 1819 2167 ἔτι
1858 2114 1997 2185 ὑπὲρ

424 2205 603 2258 πᾶσαν
636 2206 809 2260 κτίσιν
843 2206 1062 2279 σημάνῃ
1092 2208 1471 2277 ἀναφαίρετον.

2102 1938 2220 1984 erat
2248 1931 2526 2000 injectum.
2573 1929 2745 1996 Quam
2783 1931 2854 1986 ob
2888 1947 3109 1988 causam
3140 1932 3425 1990 Mattbaeus
3449 1952 3668 2007 quoque

2098 2020 2386 2075 adventum
2420 2036 2542 2076 cum
2578 2037 2743 2077 carne
2778 2023 2979 2079 Christi
3013 2026 3079 2079 ad
3107 2026 3385 2081 hominum
3416 2029 3667 2083 notitiam

2098 2112 2416 2183 perducere,
2454 2129 2517 2168 ac
2539 2114 2787 2183 corporis
2809 2116 3120 2186 prosapiam
3145 2126 3427 2187 pertexere
3453 2121 3665 2186 volens,

2098 2218 2209 2257 non
2260 2204 2340 2258 sic
2383 2218 2612 2258 exorsus
2650 2212 2732 2259 est
2770 2221 2785 2258 :
2832 2203 3111 2261 Ceueratio
3135 2207 3264 2262 Iesu
3292 2208 3512 2274 Christi,
3566 2210 3668 2281 ﬁlii

422 2296 696 2352 Abraham
710 2300 751 2365 ',
776 2298 870 2355 sed
892 2300 1128 2368 pri-mum
1154 2299 1257 2366 ﬁlii
1281 2297 1474 2365 David,
1501 2305 1690 2369 postea
1719 2298 1820 2368 ﬁlii
1837 2297 2128 2363 Abraham,
2164 2303 2221 2350 ut
2250 2294 2396 2365 quod
2460 2310 2652 2351 recens
2704 2303 2789 2353 est
2848 2309 3219 2369 conSpectum.
3254 2317 3318 2357 ac
3348 2303 3491 2373 quod
3545 2319 3672 2375 pro-

422 2391 633 2445 ximum
677 2399 763 2448 est
798 2392 1200 2457 conﬁrmatum,
1247 2392 1503 2463 quodque
1540 2393 1793 2463 superius
1819 2393 1998 2447 adhuc
2036 2402 2120 2448 est
2169 2392 2440 2456 indicans,
2492 2390 2624 2446 illud
2657 2407 2762 2445 una
2798 2392 3088 2464 signiticet,
3118 2397 3262 2467 quod
3314 2409 3522 2455 creatas
3580 2414 3672 2456 res

426 2499 621 2540 omnes
651 2492 896 2553 superat,
931 2485 1246 2556 auferrique
1273 2502 1382 2542 non
1415 2495 1615 2559 potest.

532 2574 659 2627 Kl".
699 2571 791 2626 Διὸ
831 2574 927 2626 καὶ
954 2576 983 2627 ό
1020 2575 1271 2646 Ἰωάννης
1307 2575 1476 2629 ἐλθὼν
1514 2577 1542 2628 ὁ
1574 2575 1860 2647 μακάριος,
1905 2575 2000 2628 καὶ

423 2663 601 2736 εὑρὼν
621 2666 750 2728 τοὺς
785 2663 1105 2735 ἀνθρώπους
1133 2666 1334 2738 ἡσχολη
1343 2667 1535 2737 μένους
1570 2667 1698 2738 περὶ
1723 2667 1823 2737 τὴν
1850 2665 2000 2718 κάτω

425 2755 664 2826 Χριστοῦ
707 2757 1032 2827 παρουσίαν,
1075 2757 1171 2810 καὶ
1206 2757 1314 2811 τῶν
1347 2757 1446 2828 μὲν
1488 2756 1815 2811 Ἐὅιωναίων
1860 2755 1994 2808 πλα-

426 2848 704 2916 νηθέντων
753 2847 842 2901 διὰ
892 2847 990 2917 τὴν
1046 2847 1310 2920 ἐνσαρκον
1357 2848 1594 2920 Χριστοῦ
1652 2847 2000 2916 γενεαλογίαν

426 2938 537 2993 ἀπὸ
574 2938 824 3009 ’Δσραὰμ
858 2938 1258 3011 καταγομένην,
1284 2940 1379 2993 καὶ
1411 2941 1593 2995 Λουκᾶ
1614 2942 1635 2971 ¹
1663 2938 2002 3009 ἀναγομένην

428 3029 557 3100 ἄχρι
595 3030 691 3082 τοῦ
726 3029 916 3101 Ἀδὰμ,
966 3030 1142 3102 εὑρὼν
1184 3030 1243 3084 δὲ
1291 3032 1417 3097 τοὺς
1463 3031 1859 3102 Κηρινθιανοὺς
1904 3029 1998 3087 καὶ

2174 2571 2359 2626 XXIII.
2395 2572 2663 2639 Quocirca
2716 2574 2909 2629 beatus
2954 2574 3191 2634 Joannes
3237 2590 3359 2650 post
3398 2584 3536 2640 alios
3579 2602 3671 2643 ve-

2104 2664 2281 2727 niens,
2315 2677 2436 2717 cum
2485 2663 2732 2718 homines
2772 2666 2826 2719 in
2858 2665 3039 2721 intima
3069 2670 3269 2726 Christi
3300 2684 3493 2729 natura
3527 2687 3670 2736 totos

2104 2756 2359 2824 occupari
2399 2766 2667 2817 cerneret,
2712 2768 2873 2825 atque
2914 2758 3197 2817 Ebiomeos
3239 2764 3309 2819 ob
3350 2781 3671 2838 corpoream

2104 2844 2307 2900 Christi
2349 2846 2716 2916 genealogiam
2767 2848 2835 2902 ab
2866 2848 3175 2907 Abrahamo
3209 2853 3518 2923 deductam,
3548 2869 3603 2914 et
3638 2877 3671 2916 a

2106 2935 2252 2990 Luca
2283 2936 2350 2989 ad
2380 2936 2643 2991 Adamum
2689 2954 2861 3007 usque
2905 2956 3124 2996 sursum
3160 2953 3470 3013 provectam
3501 2950 3556 3004 in
3584 2967 3673 3006 er-

2107 3042 2284 3083 rorem
2328 3027 2592 3083 abductos
2630 3029 2835 3085 videret
2880 3048 2893 3084 :
2947 3033 3058 3087 imo
3094 3042 3148 3088 et
3186 3036 3566 3096 Cerinthianos
3606 3059 3671 3097 ac

429 3120 832 3192 Μηρινθιανοὺς
879 3122 944 3173 ὲκ
977 3121 1322 3192 παρατριὸἦς
1370 3122 1529 3175 αὐτὸν
1562 3121 1819 3190 λέγοντας
1862 3115 2001 3173 εἶναι

2106 3117 2495 3171 Mcriuthianos
2523 3133 2588 3171 ex
2622 3117 2781 3190 747
2817 3120 3103 3192 utriusque
3131 3138 3295 3180 sexus
3326 3131 3671 3198 copulatione

428 3208 584 3278 ψιλὸν
619 3210 921 3281 ἄνθρωπον,
968 3210 1063 3264 καὶ
1102 3214 1229 3274 τοὺς
1264 3210 1614 3281 Ναζωραίους
1635 3251 1649 3275 ,
1699 3210 1795 3264 καὶ
1838 3209 2004 3273 ἄλλας

431 3298 633 3361 πολλὰς
700 3300 960 3371 αίρέσεις,
991 3300 1067 3365 ὡς
1107 3301 1333 3354 κατόπιν
1379 3299 1545 3355 ἐλθὼν
1577 3301 1855 3372 (τέταρτος
1898 3301 2005 3372 γὰρ

430 3381 588 3453 οὗτος
627 3388 1085 3459 εὐαγγελίζεται),
1113 3391 1341 3463 ἄρχεται
1368 3390 1774 3453 ἀνακαλεῖσθαι,
1807 3389 1882 3453 ὡς
1927 3391 2007 3442 εί-

436 3484 579 3546 πεῖν,
599 3483 726 3546 τοὺς
753 3482 1141 3554 πλανηθέντας,
1170 3485 1266 3537 καὶ
1308 3482 1509 3554 ἠσχολη
1519 3483 1710 3553 μένους
1753 3483 1881 3554 περὶ
1908 3483 2006 3553 τὴν

436 3573 587 3627 κάτω
610 3572 846 3645 Χριστοῦ
871 3576 1191 3647 παρουσίαν,
1224 3575 1316 3629 κα)⁸
1341 3574 1517 3644 λέγειν
1544 3575 1746 3639 αὐτοῖς,
1778 3575 1852 3637 ὡς
1874 3590 2006 3626 κατ-

437 3662 561 3718 όπιν
612 3664 829 3733 βαίνων,
876 3666 968 3719 καὶ
1016 3665 1157 3738 ὁρῶν
1213 3682 1368 3730 τινας
1428 3667 1507 3729 είς
1552 3666 1809 3736 τραχείας
1858 3665 2009 3728 ὁδοὺς

438 3754 779 3820 ιιεκλικότας,
815 3757 910 3810 καὶ
942 3757 1178 3826 ἀφέντας
1219 3756 1318 3829 τὴν
1358 3756 1569 3811 εὐθεῖαν
1599 3758 1693 3811 καὶ
1729 3756 2008 3829 ἀληθινὴν,

441 3846 515 3909 ὡς
553 3849 752 3900 εἰπεῖν’
784 3848 882 3901 Ποῖ
909 3847 1176 3919 φέρεσθε;
1211 3851 1303 3902 ποῖ
1330 3848 1604 3918 βαδίζετες
1635 3851 1698 3902 υἱ
1740 3851 1840 3922 τὴν
1882 3867 2012 3922 τρα-

443 3938 591 4007 χείαν
613 3937 727 3991 ὁδὸν
758 3939 853 3991 καὶ
887 3938 1252 4010 σκανδαλώδη,
1279 3941 1376 3995 καὶ
1402 3941 1482 4004 είς
1514 3940 1703 4011 χάσμα
1741 3940 2010 4012 φέρουσαν

446 4025 769 4096 βαδίζοντες,
795 4030 1172 4101 ἁνακάμψατε.
1203 4030 1316 4085 Οὐκ
1342 4031 1487 4085 ἐστιν
1511 4031 1681 4095 οὕτως
1700 4049 1713 4063 ⁸
1738 4034 1839 4086 οὐκ
1863 4033 2011 4087 ἔστιν

445 4118 552 4171 ἀπὸ
587 4119 806 4190 Μαρίας
835 4120 994 4190 μόνον
1029 4123 1058 4174 ὁ
1091 4121 1226 4184 Θεὸς
1251 4122 1442 4190 Λόγος,
1473 4124 1503 4176 ὁ
1530 4124 1593 4175 ὲκ
1616 4123 1828 4194 Πατρὸς
1873 4123 2014 4177 ἄνω-

454 4205 546 4260 θεν
604 4208 996 4279 γεγεννημένος
1020 4224 1034 4240 ·
1092 4210 1193 4263 οὐκ
1248 4209 1395 4264 ἐστιν
1471 4211 1578 4265 ἀπὸ
1648 4210 1755 4263 τῶν
1810 4211 2013 4282 χρόνων

455 4297 654 4367 Ἰωσὴφ
694 4297 790 4351 τοῦ
822 4299 1025 4368 ταύτης
1055 4300 1329 4372 ὁρμαστοῦ
1360 4300 1545 4371 ³(91)·
1577 4302 1676 4355 οὐκ
1711 4301 1856 4354 ἐστιν
1905 4302 2011 4355 ἀπὸ

445 4389 553 4442 τῶν
594 4391 795 4462 χρόνων
841 4390 1132 4464 Σαλαθιήλ,
1168 4394 1261 4446 καὶ
1305 4393 1639 4463 Ζοροϐάϐελ,
1681 4394 1775 4446 καὶ
1824 4393 2008 4456 Δασὶδ,

2107 3220 2316 3259 merum
2362 3206 2632 3261 hominem
2666 3222 2851 3261 natum
2892 3210 3042 3264 illum
3087 3228 3367 3283 asserere;
3419 3219 3672 3290 idemque

2107 3302 2160 3349 et
2198 3294 2503 3360 Nazamos,
2557 3304 2611 3350 ct
2641 3299 2928 3352 nonnullas
2975 3301 3108 3355 alias
3151 3302 3385 3360 haereses
3426 3312 3630 3364 sentire
3652 3327 3681 3388 ;⁸

2107 3394 2367 3456 tanquam
2424 3396 2730 3456 postremus
2777 3393 3021 3444 omnium
3086 3392 3337 3464 (quartus
3390 3398 3532 3452 enim
3581 3400 3682 3455 hic.

2109 3476 2456 3548 Evangelium
2489 3479 2728 3535 scribere
2751 3496 3042 3552 aggressus
3062 3486 3167 3558 est)
3189 3487 3504 3544 aberrantes
3525 3486 3683 3556 illos,‘

2109 3577 2164 3624 et
2189 3570 2242 3623 in
2270 3572 2560 3624 humanam
2587 3571 2790 3626 Christi
2818 3577 3218 3644 generationem
3248 3579 3372 3649 plus
3395 3597 3554 3650 quam
3577 3599 3676 3654 par

2109 3672 2255 3716 esset
2273 3663 2511 3716 intentos
2524 3677 2776 3718 revocare
2792 3666 3382 3736 instituit,perindeque
3395 3686 3458 3726 ac
3472 3673 3518 3727 si
3535 3690 3675 3730 non-

2110 3758 2294 3813 nullos
2316 3773 2414 3827 per
2434 3757 2590 3812 devia
2611 3773 2675 3813 ac
2698 3761 2975 3815 salebrosa
2992 3762 3257 3833 divagari,
3284 3780 3411 3819 vera
3434 3780 3498 3820 ac
3525 3776 3676 3822 recta

2109 3848 2199 3901 via
2224 3847 2504 3909 derelicta,
2538 3864 2678 3918 pone
2709 3849 2994 3904 ambulans
3024 3863 3290 3917 cerneret,
3323 3870 3388 3909 ea
3415 3855 3678 3925 quodam-

2111 3938 2273 3993 modo
2297 3946 2381 3994 est
2408 3939 2699 3994 allocutus.
2734 3940 2854 4006 Quo
2887 3943 3147 3998 tenditis?
3170 3960 3348 4014 quove
3380 3947 3481 4002 iter
3513 3947 3677 4003 habe-

2112 4029 2223 4083 tis?
2258 4026 2369 4084 Vos
2395 4031 2489 4099 qui
2518 4045 2771 4100 asperum
2794 4038 2845 4085 et
2876 4031 3144 4089 lubricum
3168 4036 3271 4090 iter
3293 4039 3677 4110 tenetis,’quod

2114 4119 2171 4174 in
2204 4122 2514 4191 voraginem
2551 4132 2605 4177 et
2644 4123 3002 4193 praecipitium
3037 4125 3258 4189 desinit,
3290 4127 3479 4197 pedem
3524 4131 3680 4189 relle-

2115 4208 2264 4263 ctite.
2299 4209 2419 4264 Non
2453 4213 2526 4265 ita
2557 4220 2616 4265 ut
2650 4214 2852 4281 putatis
2885 4228 3006 4268 sese
3038 4229 3127 4269 res
3166 4216 3361 4286 habet;
3411 4235 3585 4290 neque
3611 4238 3679 4278 ex

2117 4301 2231 4354 sola
2264 4300 2432 4355 Maria
2464 4304 2552 4356 Dei
2582 4302 2815 4358 Verbum
2845 4304 3048 4360 editum
3079 4315 3180 4368 est,
3212 4310 3355 4379 quod
3383 4311 3452 4366 ab
3473 4321 3679 4368 interno

2116 4387 2277 4443 Pater
2296 4392 2501 4459 genuit,
2533 4407 2707 4459 neque
2738 4393 2805 4447 ab
2823 4390 3047 4464 Iosephi
3070 4392 3310 4467 Virginis
3344 4401 3554 4468 sponsi,
3586 4409 3681 4455 aut

446 4481 540 4535 καὶ
564 4459 832 4553 Ἀϐραὰμ,
860 4485 956 4536 καὶ
989 4459 1201 4548 Ἰακὼϐ,
1225 4485 1317 4537 και
1350 4459 1492 4550 Νῶε,
1522 4485 1616 4537 καὶ
1644 4485 1846 4555 Ἀδάμ·
1876 4484 2002 4538 ἀλλά

2119 4477 2398 4544 Salathiel,
2425 4480 2745 4549 Zorobabel,
2775 4459 2973 4547 David,
2993 4459 3288 4554 Abraham,
3322 4459 3512 4557 Iacob,
3542 4459 3678 4562 Noe,

460 4571 556 4623 Ἑν
579 4571 737 4639 ἀρχῇ
770 4568 851 4641 ἦν
878 4576 911 4626 ὁ
942 4573 1150 4642 Λόγος,
1188 4574 1287 4627 καὶ
1319 4576 1352 4626 ό
1382 4574 1572 4643 Λόγος
1612 4570 1692 4644 ἦν
1717 4575 1868 4641 πρὸς
1903 4573 2012 4627 τὸν

451 4662 622 4728 θεὸν,
654 4664 751 4717 καί
794 4664 939 4730 Θεὸς
972 4660 1052 4734 ἦν
1099 4667 1130 4717 d
1162 4666 1372 4733 Λόγος.
1402 4664 1476 4716 Τὸ
1522 4665 1579 4718 δὲ
1623 4665 1722 4733 ἣν,
1765 4666 1859 4718 καὶ
1908 4663 2007 4730 ἦν,

449 4757 545 4810 καὶ
568 4752 668 4827 ἦν,
697 4757 794 4828 οὐχ
823 4756 1142 4827 ὑποδέχεται
1168 4756 1262 4809 τοῦ
1285 4757 1306 4788 ’⁵
1343 4756 1415 4829 μὴ
1445 4753 1584 4811 εἷναί
1615 4774 1763 4810 ποτε.

521 5018 633 5071 Καὶ
676 5018 807 5088 ὁρᾷς
853 5014 971 5078 πῶς
1014 5015 1173 5081 εὐθὺς
1225 5016 1293 5069 τὰ
1346 5014 1626 5084 ἐγγυτάτω
1672 5014 1886 5087 πρῶτον
1916 5030 2014 5085 ση-

455 5109 669 5180 μαίνει*
700 5109 777 5171 ὡς
815 5106 1091 5170 Ματθαῖος
1141 5107 1237 5177 μὲν
1283 5107 1384 5177 τὴν
1430 5106 1548 5159 ὁδὸν
1595 5106 1763 5171 ἔδειξε
1791 5106 1878 5159 διὰ
1918 5107 2018 5176 τῆς

451 5199 820 5271 γενεαλογίας,
849 5198 945 5250 καὶ
971 5197 1092 5250 οὐδὲ
1129 5197 1290 5261 αὐτὸς
1318 5197 1644 5268 ἠκρίϐωσεν,
1689 5197 1802 5252 ἀλλ’
1832 5197 2018 5268 ἐπειδὴ

2117 4578 2170 4626 et
2186 4572 2353 4625 Adam
2382 4574 2717 4642 temporibus
2740 4575 3004 4630 duntaxat
3025 4578 3260 4644 exstitit;
3295 4579 3410 4644 sed,
3447 4580 3514 4635 In
3534 4582 3682 4650 priu-

2118 4663 2251 4730 cipio
2271 4672 2384 4716 erat
2400 4662 2638 4727 Verbum,
2664 4673 2711 4717 et
2729 4661 2950 4718 Verbum
2970 4675 3083 4720 erat
3101 4667 3241 4737 apud
3259 4667 3447 4735 Deum,
3471 4679 3521 4723 et
3536 4669 3680 4726 Deus

2118 4762 2232 4805 erat
2267 4753 2546 4807 Verbum’.
2592 4754 2770 4826 Atque
2805 4756 2918 4810 haec
2951 4758 3216 4827 particula
3254 4769 3369 4813 erat
3415 4768 3496 4815 ter
3528 4777 3681 4832 repe-

2124 4844 2219 4894 tita
2271 4858 2380 4896 non
2424 4848 2647 4913 patitur,
2700 4854 2758 4900 ut
2801 4847 2953 4902 illum
2991 4849 3316 4921 quandoque
3346 4866 3454 4906 non
3510 4851 3682 4909 fuisse

2122 4933 2479 5002 suspicemur.

2190 5020 2591 5079 Animadvertis
2645 5025 2811 5095 igitur
2869 5042 2990 5097 quae
3038 5030 3282 5098 proxima
3332 5043 3459 5088 sunt
3502 5035 3685 5105 priore

2121 5107 2244 5162 loco
2294 5107 2465 5166 fuisse
2503 5113 2827 5183 signiﬁcata.
2887 5115 2978 5171 Sic
3014 5115 3300 5176 Mattbaeus
3343 5124 3685 5178 contexeuda

2123 5196 2327 5253 Christi
2356 5203 2670 5274 genealogia
2702 5206 2845 5260 viam
2886 5209 3290 5278 quodammodo
3326 5213 3682 5281 monstravit;

453 5289 662 5344 ἀνωθεν
706 5289 869 5361 ἔφερε
935 5288 1178 5357 καίτοιγε
1209 5288 1306 5360 τὴν
1342 5289 1723 5358 γενεαλογίανο
1751 5287 1869 5351 πῶς
1906 5293 2002 5341 τεί

2124 5304 2301 5360 neque
2327 5305 2578 5350 accurate
2612 5304 2795 5352 tamen
2834 5298 2938 5353 ista
2966 5301 3238 5364 tractavit,
3277 5317 3402 5356 cum
3431 5305 3684 5374 genealo-

533 5426 548 5456 ¹
575 5423 639 5479 F.
674 5425 1058 5482 ὑποδεικνύων.
1154 5425 1176 5455 ¹
1206 5423 1268 5478 F.
1302 5425 1406 5477 ὑπὸ
1450 5426 1651 5479 Λουκᾶ.

461 5494 531 5551 23
555 5511 676 5565 sqq.
753 5495 774 5526 ⁶
800 5496 989 5552 Matth.
1016 5510 1054 5559 ι,
1085 5494 1138 5547 1.
1213 5495 1232 5525 τ
1267 5494 1424 5548 Joan.
1461 5512 1498 5559 l,
1532 5499 1580 5549 1.

533 5653 643 5717 till)
681 5652 791 5709 Τοῦ
831 5653 1051 5721 ταύτης
1106 5651 1449 5721 ὀρμαστοῦ,
1476 5649 1605 5720 Leg.
1653 5649 1867 5704 videtur
1918 5650 2020 5720 ἀρ-

463 5722 686 5791 μοστοῦ.
720 5722 832 5777 Nisi
873 5720 1012 5777 lorte
1055 5720 1523 5791 γλωσσηματῶες
1549 5721 1822 5788 quoddam
1857 5735 2020 5791 voca-

463 5788 653 5852 bulum
698 5794 786 5849 sit.
818 5792 1029 5865 Quippe
1060 5788 1192 5848 ιιωτ.
1239 5788 1328 5855 78,
1362 5807 1511 5846 num.
1540 5792 1626 5849 13.
1680 5788 2020 5854 ὁομασθῆναι

1764 5424 1785 5455 ³
1814 5421 1890 5479 De
1916 5425 2002 5478 hat

2105 5438 2181 5481 tce
2207 5431 2482 5502 ὁρμαστοῦ
2511 5431 2746 5488 viderint
2790 5434 3011 5491 eruditi.
3087 5435 3109 5467 ⁸
3132 5434 3195 5489 F.
3227 5437 3309 5488 τό.
3382 5443 3406 5476 ι
3431 5436 3565 5492 Luc.
3599 5452 3683 5503 ιιι,

2129 5650 2316 5722 eadem
2361 5620 2755 5722 signiﬁcatione
2816 5651 2975 5716 dixit,
3020 5660 3073 5705 et
3131 5669 3282 5708 num.
3333 5652 3420 5720 i6,
3459 5645 3677 5708 Thecla:

2129 5721 2433 5792 όρμαστόν,
2456 5725 2559 5777 huc
2584 5731 2665 5778 est
2696 5738 2941 5790 sponsum
2977 5724 3230 5793 appellat.
