4138 6396
497 369 605 427 259

1910 363 1968 419 S.
2011 362 2348 419 EPIPHANII

3636 364 3746 423 240

498 484 642 555 giam
669 481 818 536 illam
844 479 912 536 ab
936 476 1315 549 superioribus
1349 474 1678 541 deduceret;
1711 474 1906 531 deinde
1935 475 2060 529 Mar

2179 477 2404 547 Μάρκος
2438 454 2564 544 περὶ
2590 473 2696 527 τῶν
2727 475 2784 528 ὲν
2823 474 2899 545 τῷ
2937 475 3126 546 κόσμῳ
3152 476 3745 548 πεπραγματευμένον.

497 591 597 631 cus
622 589 686 629 ea
716 587 837 643 quae
868 573 923 626 in
949 571 1051 625 hoc
1075 570 1277 624 mundo
1305 578 1458 639 gesta
1491 577 1622 623 sunt
1650 567 1886 636 aperuit,
1912 582 1975 621 ac
1999 567 2069 623 de

499 681 628 721 voce
661 665 752 719 illa
796 663 850 718 in
883 668 1102 718 deserto
1131 662 1423 723 clamante,
1467 659 1643 729 deque
1692 657 1940 720 Domino,
1972 657 2066 726 qui

498 771 530 810 a
555 755 832 827 pr0phetis
859 768 923 808 ac
951 754 1065 823 lege
1095 760 1254 807 antea
1284 752 1571 806 nuntiatus
1595 749 1791 814 fuerat,
1815 749 2064 819 scripsit;

498 847 800 902 secundum
825 859 984 915 quem
1007 842 1178 896 Lucas
1213 843 1280 896 ab
1308 840 1663 897 inferioribus
1685 839 1750 892 ad
1785 841 2066 908 superiora

498 937 838 992 conscendit.
882 935 1120 1001 Quartus
1153 934 1386 1004 denique
1414 931 1652 988 Joannes
1676 931 1818 984 velut
1851 931 2067 984 coroni-

496 1039 620 1083 Jem
674 1026 958 1096 imponens
998 1025 1330 1080 sublimioris
1383 1025 1436 1077 in
1475 1021 1694 1078 Christo
1736 1023 2065 1078 conditionis

499 1131 563 1172 ac
603 1124 830 1178 natum,
870 1123 924 1170 et
955 1116 1296 1184 sempiternae
1336 1114 1637 1168 divinitatis
1675 1114 1942 1182 interpres
1971 1127 2066 1166 ex-

497 1209 654 1264 stitit.
691 1207 809 1274 Quo
836 1223 998 1263 sensu
1032 1207 1201 1262 videri
1243 1214 1422 1277 potest
1451 1207 1708 1260 Salomon
1745 1206 1796 1260 in
1833 1204 2063 1259 Prover-

498 1300 602 1354 biis
627 1300 834 1353 viarum
862 1299 1162 1369 appellasse
1183 1298 1510 1367 principium
1537 1298 1584 1350 ἐ
1617 1297 1662 1351 si
1690 1296 1905 1366 quidem
1928 1311 2066 1348 non-

495 1391 662 1446 nullis
692 1391 806 1445 haac
833 1391 949 1461 ipsa
979 1390 1141 1445 verba
1174 1389 1429 1456 religiose
1473 1389 1639 1441 libeat
1670 1389 1734 1441 ad
1768 1388 2062 1440 humanam

494 1481 698 1539 Christi
735 1492 980 1536 naturam
1019 1481 1337 1543 transferre,
1377 1483 1532 1550 quasi
1562 1481 1628 1534 de
1653 1480 1896 1549 ejusdem
1929 1481 2064 1533 divi-

496 1577 669 1632 nitate
697 1575 801 1630 ista
836 1575 1183 1644 pronuntiet,
1223 1573 1480 1627 nimirum
1513 1572 1850 1626 divinitatem
1887 1575 2060 1642 ipsam

495 1667 717 1721 domum
753 1665 1117 1720 exstruxisse.
1169 1662 1378 1732 Quippe
1407 1663 1631 1716 carnem
1672 1669 1725 1716 et
1756 1674 2060 1731 susceptam

496 1756 734 1812 hominis
763 1764 1011 1809 naturam
1043 1753 1300 1808 divinitas
1331 1751 1640 1814 fabricavit,
1665 1759 1924 1821 tanquam
1953 1752 2062 1804 uia-

2174 567 2268 618 καὶ
2316 567 2498 636 φωνῆς
2533 565 2740 636 βοὼσης
2769 567 2826 618 ὲν
2862 569 2928 637 τῇ
2971 569 3182 638 ἐρήμῳ,
3229 569 3355 638 περὶ
3402 569 3492 622 τοῦ
3545 569 3747 642 Κυρίου

2172 657 2267 708 τοῦ
2320 656 2406 709 διὰ
2459 657 2752 728 προφητῶν
2808 659 3346 728 προπεφητευμένου,
3398 662 3491 713 καὶ
3539 661 3742 731 νόμου*

2173 747 2290 812 πῶς
2327 765 2392 800 τε
2427 751 2455 801 6
2485 749 2698 810 Λουκᾶς
2727 748 2838 800 ἀπὸ
2865 748 2972 801 τῶν
2997 749 3145 802 κάτω
3175 750 3265 801 ἐπὶ
3292 751 3359 803 τὰ
3386 750 3498 804 ἄνω
3523 751 3742 822 ἀνῆγεν,

2172 840 2460 911 ἐσύστερον
2493 837 2680 890 ἐλθών.
2715 839 2982 910 Τέταρτος
3012 841 3039 891 6
3080 839 3326 911 Ἰωάννης
3354 842 3450 912 τὴν
3479 844 3745 914 κορωνίδα

2173 931 2266 986 καὶ
2302 931 2362 983 τὸ
2399 930 2698 1002 ἀκραιφνὲς
2739 930 2838 998 τῆς
2880 930 2992 983 ἄνω
3042 929 3279 995 τάξεως,
3315 933 3408 985 καὶ
3458 934 3546 987 ἀεὶ
3579 933 3744 1005 οὔσης

2172 1023 2448 1093 θεότητος,
2496 1023 2557 1075 τὸ
2607 1021 2832 1092 ῦστερον
2873 1022 3136 1092 ἐδήλωσεν
3157 1041 3169 1052 ·
3199 1024 3274 1087 ὡς
3307 1025 3402 1078 καὶ
3441 1027 3470 1078 6
3495 1025 3743 1096 Σολομὼν

2173 1115 2556 1186 παροιμιωδῶς
2600 1115 2770 1183 λέγων
2812 1115 2910 1186 τὴν
2936 1117 3110 1188 ἀρχὴν
3149 1117 3258 1170 τῶν
3298 1117 3454 1183 ὁδῶν,
3483 1119 3595 1188 είγε
3641 1121 3742 1174 xiv

2169 1206 2404 1268 εὐσεϐῶς
2447 1206 2728 1277 θελήσαιέν
2772 1223 2915 1270 τινες
2951 1207 3129 1276 λέγειν
3172 1209 3430 1279 περὶτῆς
3473 1212 3739 1280 ὲνσάρκου

2168 1297 2500 1366 οἰκονομίας,
2528 1297 2604 1360 ὡς
2640 1297 2810 1363 αὑτῆς
2852 1297 3163 1368 φασκούσης
3194 1300 3321 1368 περὶ
3365 1299 3463 1368 τῆς
3492 1300 3582 1352 τοῦ
3611 1302 3742 1370 Χριο

2170 1387 2295 1440 στοῦ
2345 1387 2612 1458 θεότητος,
2641 1390 2719 1442 ὅτι
2755 1388 2904 1459 Αὐτὴ
2934 1390 2967 1458 ἡ
3002 1389 3191 1460 θεότης
3217 1390 3395 1443 ἔκτισε
3425 1392 3519 1443 τὸν
3563 1389 3736 1445 οἷκον·

2167 1479 2247 1531 ὅτι
2271 1478 2407 1549 αὑτὴ
2438 1481 2470 1549 ή
2519 1478 2712 1549 θεύτης
2735 1480 2833 1548 τὴν
2870 1480 3047 1549 σάρκα
3089 1481 3181 1533 καὶ
3209 1480 3304 1550 τὴν
3334 1481 3740 1552 ὲνανθρώπησιν

2167 1570 2456 1641 εἰργάσατο
2500 1569 2697 1638 ἀρχὴν
2726 1568 2881 1622 ὁδῶν
2911 1571 3096 1624 αὐτοῦ
3123 1574 3210 1636 εὶς
3231 1573 3374 1640 ἔργα
3410 1572 3612 1636 αὐτοῦ,
3641 1567 3740 1644 τῆς

2165 1663 2272 1716 τῶν
2297 1663 2594 1735 ἀνθρώπων
2619 1663 2890 1735 σωτηρίας
2912 1665 3006 1718 καὶ
3031 1665 3381 1736 ἀγαθότητος.
3407 1663 3538 1720 Εἶτα
3579 1667 3737 1729 εὐθὺς

2169 1757 2491 1826 μετέπειτα,
2533 1756 2611 1808 ἔτι
2646 1756 3056 1827 προκοπτόντων
3095 1755 3205 1808 τῶν
3253 1757 3606 1826 πραγμάτων,
3653 1757 3738 1810 λέ·-

496 1865 615 1902 runt
647 1863 863 1901 suarum
889 1847 1117 1909 initium,
1139 1855 1188 1899 et
1219 1843 1286 1897 ad
1314 1860 1470 1912 opera
1511 1845 1673 1910 sua’;
1707 1843 1808 1896 hoc
1835 1851 1919 1896 est
1946 1857 2060 1911 quae

2168 1865 2284 1916 γει”
2334 1847 2723 1916 Ἐθεμελίωσέ
2751 1865 2828 1916 με
2868 1848 2937 1900 ἐν
2977 1845 3154 1916 ἀρχῇ.
3179 1843 3327 1918 Ἀρα
3379 1849 3508 1915 γοῦν
3551 1849 3579 1900 6
3611 1849 3736 1910 Υἱὸς

495 1941 562 1994 ad
595 1938 871 1993 hominum
913 1937 1144 1992 salutem
1188 1935 1594 2004 bonitatemque
1634 1935 1925 2004 pertinent.
1963 1933 2067 1988 De-

496 2031 623 2086 inde
655 2045 783 2085 vero
831 2029 884 2082 in
934 2043 1227 2098 progressu
1277 2028 1395 2096 ipso
1427 2042 1644 2091 rerum,
1691 2026 1932 2094 fundavit
1963 2043 2060 2090 me,

497 2121 704 2192 inquit,
752 2120 926 2174 initio.
985 2117 1304 2172 Utrumnam
1347 2108 1513 2186 igitur
1565 2115 1658 2171 Dei
1694 2115 1886 2177 Filius,
1919 2118 2064 2186 quod

498 2213 567 2269 ad
595 2212 934 2267 divinitatem
966 2208 1182 2272 attinet,
1217 2215 1404 2276 postea
1435 2207 1693 2260 fundatus
1721 2206 1840 2261 est?
1875 2205 2066 2258 Dicant

496 2305 602 2360 hoc
628 2303 785 2358 nobis
815 2301 1097 2356 architecti
1124 2299 1211 2354 isti
1241 2314 1304 2351 ac
1335 2297 1638 2352 ewlestium
1667 2313 1847 2352 rerum
1877 2297 2062 2366 inspe-

497 2406 699 2458 ctores,
734 2408 968 2466 quanam
999 2403 1113 2446 arte
1133 2390 1349 2445 condita
1381 2391 1472 2455 sit,
1497 2406 1672 2460 quove
1700 2391 2062 2445 instrumento

496 2485 724 2540 fundata
757 2483 921 2556 748
949 2480 1249 2551 Sapientia.
1279 2479 1641 2546 Quamobrem
1676 2479 1720 2534 si
1746 2481 1873 2549 quid
1907 2483 2061 2538 nobis

497 2579 566 2634 de
593 2593 656 2633 ea
686 2592 744 2632 re
773 2577 1012 2646 cogitare
1041 2577 1186 2638 licet,
1214 2581 1323 2626 tam
1356 2573 1462 2625 alta
1485 2571 1834 2641 blasphemia:
1864 2587 2062 2644 vorago

497 2667 772 2739 fugienda,
801 2681 902 2720 nec
925 2663 1182 2719 tentanda
1209 2661 1470 2731 unigeniti
1502 2661 1621 2716 Filii
1645 2662 1924 2728 divinitas,
1943 2680 2063 2734 qua:

497 2775 621 2815 cum
650 2758 810 2813 Patre
839 2743 1051 2826 semper
1079 2764 1186 2818 est,
1219 2753 1287 2808 ab
1311 2769 1486 2824 eoque
1511 2755 1798 2823 processit.
1829 2753 2061 2809 Verbum

495 2852 641 2906 enim
676 2863 801 2905 cum
829 2844 988 2902 Patre
1019 2860 1231 2915 semper
1269 2844 1500 2909 exstitit,
1533 2859 1748 2914 semper
1777 2847 2058 2915 sapientia,

2165 1939 2258 1992 τοῦ
2292 1939 2427 1991 Θεοῦ
2459 1939 2602 1992 κατὰ
2641 1938 2738 2010 τὴν
2767 1938 2995 2007 θεότητα
3023 1938 3263 2001 κτισθεὶς
3292 1937 3516 2010 ὕστερον
3546 1939 3736 2008 ἐθεμε-

2167 2028 2368 2099 λιώθη,
2399 2028 2718 2096 Λεγέτωσαν
2755 2031 2885 2099 ἡμῖν
2927 2030 2977 2081 oi
3024 2029 3335 2099 μηχανικοὶ,
3379 2033 3426 2083 οἱ
3468 2029 3578 2083 τῶν
3625 2030 3738 2083 ἄνω

2166 2117 2556 2178 κατοπτευταὶ,
2603 2117 2733 2187 ποίᾳ
2786 2118 2951 2188 τέχνῃ
3006 2118 3226 2189 ἐκτίσθη
3273 2121 3306 2189 ή
3360 2119 3546 2185 σοφία,
3600 2117 3736 2187 ποίῳ

2164 2207 2430 2278 ἐργαλείῳ
2497 2207 2850 2278 ὲθεμελιὼθη.
2907 2209 3065 2262 Ἀλλὰ
3119 2213 3168 2262 εί
3217 2209 3352 2273 ὅλως
3413 2209 3735 2262 διανοεῖσθαι

2171 2299 2298 2369 χρὴ,
2327 2299 2517 2366 φεύγει
2543 2298 2563 2330 ³
2595 2298 2692 2368 μὲν
2731 2297 2839 2351 ἀπὸ
2866 2299 3120 2352 τοσούτου
3152 2300 3312 2369 βυθοῦ
3353 2299 3452 2369 τῆς
3500 2300 3735 2370 βλασφη-

2169 2390 2315 2460 μίας,
2348 2391 2441 2441 καὶ
2469 2388 2542 2458 μὴ
2569 2388 2902 2459 προσψαύειν
2924 2392 2989 2459 τῇ
3017 2391 3227 2460 θεότητι
3253 2388 3345 2442 τοῦ
3379 2387 3734 2456 Μονογενοῦς,

2166 2484 2232 2550 τῇ
2271 2480 2358 2533 ἀεὶ
2401 2481 2497 2532 σὺν
2543 2479 2717 2549 Πατρὶ
2764 2479 3084 2552 ὑπαρχούσῃ
3125 2480 3220 2533 καὶ
3265 2479 3632 2550 γεγεννημένη
3677 2477 3736 2543 ἐξ

2167 2571 2356 2625 αὑτοῦ.
2392 2571 2501 2622 'A’el
2529 2569 2637 2639 γὰρ
2663 2565 2731 2638 ἦν
2755 2571 2783 2621 6
2811 2570 2984 2637 Λόγος
3020 2571 3116 2624 σὺν
3151 2570 3346 2639 Πατρὶ,
3372 2570 3459 2622 ἀεὶ
3482 2571 3516 2638 ή
3553 2568 3730 2636 σοφία,

2167 2664 2253 2714 del
2282 2663 2411 2725 Θεὸς
2440 2664 2504 2714 ἐκ
2535 2658 2670 2713 Θεοῦ
2709 2659 2930 2730 Κύριος,
2969 2661 3055 2712 ἀεὶ
3097 2660 3211 2730 φῶς
3243 2660 3512 2730 ἀληθινὸν,
3547 2660 3641 2712 καὶ
3673 2659 3734 2712 οὑ

2168 2753 2338 2814 νόθον,
2373 2754 2459 2806 ἀεὶ
2488 2752 2548 2804 τὸ
2573 2751 2632 2804 ὃν
2662 2750 2722 2814 ἐξ
2751 2751 2916 2803 αὑτοῦ
2944 2751 3104 2822 ἔχων,
3135 2755 3229 2806 καὶ
3258 2752 3482 2823 ἀλήθεια
3511 2751 3604 2815 ὢν,
3639 2752 3732 2805 καὶΙ

2171 2845 2284 2916 ζωὴ
2320 2846 2600 2916 ὑπάρχων.

498 2960 713 3015 semper
757 2941 899 2997 Deus
936 2957 1000 2996 ex
1043 2938 1152 2993 Deo
1194 2937 1475 3002 Dominus,
1525 2952 1738 3007 semper
1774 2955 1921 3004 vera,
1973 2957 2074 2996 nec
2107 2940 2410 2995 adulterina
2448 2940 2574 3005 lus;
2621 2954 2834 3010 semper
2867 2939 2914 2994 is
2958 2936 3051 3008 qui
3109 2938 3176 2993 ab
3228 2938 3347 3009 ipso
3382 2947 3630 2994 naturam
3679 2948 3733 2996 et

497 3035 791 3095 essentiam
821 3033 1005 3096 habet,
1034 3031 1236 3102 quique
1263 3031 1463 3085 veritas
1493 3037 1578 3085 est
1606 3041 1660 3084 et
1695 3031 1824 3085 vita.

566 3126 758 3186 XXIV.
798 3126 939 3194 Quid
977 3133 1157 3180 autem
1197 3125 1445 3195 pluribus
1483 3139 1546 3180 ea
1587 3124 1654 3179 de
1697 3141 1756 3182 re
1791 3127 2060 3197 disputare

2240 3120 2366 3171 KA'.
2406 3119 2515 3171 Kal
2550 3119 2602 3170 τί
2653 3135 2741 3188 μοι
2782 3117 2850 3171 τὰ
2896 3117 3064 3173 πολλὰ
3104 3118 3282 3188 λέγειν
3326 3120 3454 3192 περὶ
3507 3121 3731 3176 τούτουὶ

497 3234 722 3278 necesse
747 3217 870 3274 est?
909 3215 1093 3288 Pergit
1127 3212 1382 3269 Salomon
1410 3233 1424 3268 :
1457 3213 1543 3280 Et,
1573 3215 1815 3284 fundavit
1849 3235 1948 3281 me,
1982 3220 2066 3274 in.

496 3311 636 3382 quit,
663 3309 836 3364 initio.
873 3305 976 3362 Ubi
1006 3306 1095 3376 pie
1127 3304 1262 3360 illud
1290 3304 1721 3360 animadvertere
1750 3321 2061 3376 possumus,

498 3403 792 3458 humanam
821 3398 909 3454 bis
945 3397 1128 3453 verbis
1161 3396 1398 3451 animam
1437 3395 1728 3452 declarari.
1782 3397 1917 3452 Nam
1950 3400 2064 3455 haec

497 3489 644 3562 ipsa,
689 3487 942 3542 Dominus
981 3485 1174 3540 creavit
1219 3502 1322 3550 me,
1361 3487 1407 3540 si
1447 3485 1516 3540 ad
1555 3502 1679 3542 eum
1721 3503 1939 3543 sensum
1979 3506 2064 3545 re-

501 3579 643 3636 ferre
668 3577 898 3650 placeat,
927 3575 995 3631 ab
1017 3575 1356 3631 humanitate
1379 3577 1632 3646 usurpari
1656 3581 1892 3648 putanda
1911 3587 2059 3634 sunt.

499 3669 655 3737 Quod
701 3677 879 3722 autem
930 3663 1188 3721 fundasse
1229 3665 1383 3729 dicit,
1435 3668 1670 3723 animam
1718 3670 2060 3740 potissimum

499 3765 743 3831 spectat;
778 3757 937 3828 cujus
965 3756 1174 3812 ratione
1206 3755 1464 3813 fundatus
1495 3758 1717 3815 dicitur.
1763 3758 1882 3815 Jam
1913 3763 2059 3831 quod

501 3849 744 3905 additum
769 3856 890 3914 est,
922 3848 1055 3903 Ante
1085 3863 1261 3902 omnes
1283 3847 1441 3902 colles
1473 3851 1649 3920 genuit
1683 3867 1781 3917 me,
1812 3852 1890 3907 sic
1917 3853 2062 3906 acci-

499 3937 752 4012 piendum
781 3945 883 3999 est,
922 3945 980 3990 ut
1012 3935 1289 3991 cmlestem
1333 3935 1480 3990 illam
1529 3938 1933 4008 generationem
1962 3939 2060 3994 de-

498 4039 791 4088 monstret.
825 4031 1002 4100 Atque
1038 4030 1152 4084 haec
1183 4029 1257 4083 ita
1285 4027 1541 4096 dicimus,
1573 4045 1683 4085 non
1712 4037 1770 4084 ut
1799 4045 1864 4086 eo
1897 4032 2060 4086 modo

499 4140 559 4181 se
591 4123 791 4178 habere
819 4121 1033 4192 penitus
1065 4119 1410 4183 deliniamus,
1439 4120 1533 4175 sed
1569 4127 1628 4174 ut
1656 4121 1744 4191 pie
1784 4121 2061 4176 nihilomi-

498 4229 604 4268 nus
656 4211 724 4266 de
751 4211 953 4267 Christi
979 4209 1190 4264 Domini
1239 4210 1409 4264 nostri
1443 4210 1820 4266 incarnatione
1860 4214 2062 4266 sentia-

497 4318 656 4367 mus,
704 4301 972 4370 siquidem
1023 4297 1290 4369 ejusmodi
1340 4315 1461 4354 esse
1508 4300 1699 4355 debeat
1742 4302 1845 4355 loci
1896 4302 2058 4371 hujus

498 4394 784 4452 sententia.
844 4392 1164 4463 Quanquam
1208 4407 1368 4446 nemo
1398 4407 1593 4463 cogere
1625 4409 1727 4448 nos
1774 4404 1972 4464 potest,
2001 4404 2058 4449 ut

2165 3207 2300 3263 Εἶτά
2329 3225 2520 3280 φησιν’
2565 3208 2950 3278 Ἐθεμελίωσέ
2981 3227 3057 3278 με
3095 3211 3166 3263 ἐν
3192 3209 3372 3280 ἀρχῇ.
3419 3211 3556 3283 Ἀρα
3585 3214 3732 3268 ἔστιν

2167 3301 2294 3354 ίδεῖν
2344 3301 2598 3365 εὐσεϐὲς,
2643 3302 2725 3354 ὃτι
2757 3299 2854 3371 τὴν
2897 3299 3072 3372 ψυχὴν
3109 3302 3208 3374 τὴν
3258 3303 3598 3374 ἀνθρωπείαν
3643 3308 3729 3359 ὲν-

2161 3393 2332 3448 ταῦθα
2367 3393 2640 3464 σημαίνει.
2681 3392 2756 3446 Τὸ
2790 3393 2889 3462 μὲν
2913 3392 3041 3464 γὰρ,
3079 3394 3285 3461 Κύριος
3329 3393 3530 3449 ἐκτισέ
3565 3413 3662 3464 με,
3696 3399 3731 3457 ἡ

2162 3483 2570 3556 ὲνανθρώπησις
2600 3483 2746 3552 λέγει
2793 3486 2827 3555 ἡ
2865 3483 3160 3554 ενσαρκος.
3204 3484 3299 3537 ἐάν
3341 3501 3404 3553 γε
3453 3487 3546 3538 καὶ
3589 3486 3729 3539 οὕτω

2161 3577 2362 3628 νοοῖτο·
2397 3575 2458 3627 τὸ
2483 3575 2561 3639 δὲ,
2614 3574 2990 3645 ἑθεμελίωσεν,
3028 3574 3104 3637 ὡς
3137 3576 3193 3628 ὲν
3228 3576 3294 3646 τῇ
3342 3575 3484 3646 ψυχῇ
3533 3575 3727 3646 ἐθεμε-

2161 3665 2329 3738 λιώθη
2353 3683 2365 3696 ο
2403 3665 2464 3720 τὸ
2490 3665 2568 3733 δὲ,
2604 3665 2722 3734 Πρὸ
2757 3665 2998 3719 πάντων
3026 3665 3272 3729 ,βουνῶν
3304 3665 3484 3734 γεννᾷ
3515 3684 3610 3736 με,
3641 3669 3729 3721 ἴνα

2159 3758 2306 3830 δείξῃ
2348 3758 2448 3829 τὴν
2474 3758 2724 3828 γέννησιν
2755 3756 2977 3811 ἄνωθεν.
3009 3757 3118 3812 Kal
3149 3757 3318 3810 ταῦτα
3361 3758 3604 3828 εἴπομεν,
3629 3761 3726 3829 οὐχ

2159 3849 2330 3914 οὕτως
2381 3851 2597 3912 πάντως
2639 3847 2974 3920 ὁριζόμενοι,
3019 3847 3256 3911 εὐσεϐῶς
3302 3847 3359 3901 δὲ
3399 3849 3598 3918 μᾶλλον
3647 3852 3728 3912 εἰς

2158 3939 2258 4010 τὴν
2300 3938 2559 4010 ἑνσαρκον
2608 3936 2905 4008 παρουσίαν
2941 3937 3332 4007 διανοηθέντες.
3372 3939 3434 3990 Ei
3481 3940 3574 3991 καὶ
3620 3939 3725 4009 χρὴ

2159 4030 2299 4084 οὑτω
2345 4031 2543 4099 λέγειν,
2575 4031 2724 4101 ὅμως
2756 4029 2930 4093 οὐδεὶς
2965 4030 3113 4100 ἡμᾶς
3143 4030 3468 4098 ἀναγκάσειε
3509 4031 3726 4094 πάντως

2160 4122 2287 4192 περὶ
2314 4121 2410 4175 τοῦ
2450 4120 2686 4192 Χριστοῦ
2733 4121 2911 4190 λέγειν
2950 4121 3011 4173 τὸ
3042 4122 3192 4191 ῥῆμα
3220 4121 3393 4175 τοῦτο.
3423 4123 3484 4175 Et
3514 4122 3570 4175 δὲ
3600 4121 3726 4192 περὶ

2167 4213 2262 4267 τοῦ
2296 4212 2532 4284 Χριστοῦ
2565 4211 2878 4284 ῥηθήσεται,
2905 4212 3017 4282 ἔχει
3047 4213 3141 4265 καὶ
3168 4212 3265 4282 τὴν
3292 4212 3452 4266 αὑτοῦ
3479 4213 3723 4283 δύναμιν,

2159 4305 2220 4358 οὑ
2256 4306 2398 4359 κατὰ
2441 4305 2699 4375 μαντείαν
2737 4305 3056 4374 λεγομένην,
3086 4304 3223 4358 ἀλλὰ
3257 4305 3396 4359 κατὰ
3420 4305 3482 4358 τὸ
3507 4307 3726 4370 εὐσεϐὲς

2160 4397 2252 4450 τοῦ
2284 4397 2564 4467 λογισμοῦ,
2596 4396 2689 4449 τοῦ
2723 4395 2798 4466 μὴ
2849 4395 3156 4463 λογίζεσθαι
3205 4398 3283 4459 είς
3329 4397 3459 4451 Θεὸν
3487 4399 3540 4451 τὶ
3569 4399 3724 4452 ἐλατ-

496 4485 566 4540 de
593 4483 812 4538 Christo
839 4481 1042 4537 dictum
1077 4483 1207 4537 illud
1239 4482 1636 4538 existimemus.
1670 4483 2056 4540 Verumtamen

2163 4488 2426 4559 τώματος,
2453 4487 2852 4560 ὑποϐεϐηκυῖαν
2882 4490 3119 4559 νομίζειν
3142 4490 3302 4543 αὑτὸν
3326 4489 3550 4560 θεότητα
3574 4492 3723 4562 παρὰ

496 4585 557 4630 ut
575 4574 643 4629 ad
665 4572 940 4629 Christum
967 4580 1214 4644 spectare
1241 4571 1453 4637 demus,
1477 4589 1635 4628 suum
1659 4573 1858 4630 habere
1882 4584 2060 4644 potest

497 4679 755 4731 sensum;
808 4663 902 4734 qui
949 4678 1060 4718 non
1109 4663 1458 4719 vaticinando
1504 4663 1806 4729 conﬁctus,
1855 4667 1973 4733 διξὰ,
1993 4683 2060 4721 ex

496 4756 664 4813 animi
699 4755 899 4825 pietate
937 4753 1213 4824 profectus
1245 4761 1350 4820 est,
1398 4770 1466 4809 ne
1499 4770 1656 4825 quem
1689 4758 1743 4809 in
1773 4755 1939 4810 Deum
1968 4772 2059 4811 ca-

495 4848 626 4903 dere
671 4843 943 4900 defectum
997 4843 1364 4907 arbitremur,
1415 4851 1508 4898 aut
1555 4843 1676 4898 Filii
1720 4845 2057 4900 divinitatem

494 4935 736 4993 essentia
765 4932 942 4989 Patris
975 4931 1290 4988 inferiorem
1319 4948 1440 4989 esse
1477 4934 1578 4990 sibi
1614 4935 1901 5006 quisquam
1935 4951 2057 5006 per-

495 5028 742 5084 suadeat.
797 5023 931 5080 Nam
977 5030 1031 5080 et
1070 5024 1320 5079 nonnulli
1367 5025 1793 5081 orthodoxorum
1835 5026 2053 5082 Patrum

493 5116 677 5171 locum
710 5113 861 5168 illum
899 5112 1207 5168 Salomonis
1238 5113 1304 5168 de
1333 5113 1707 5170 incarnatione
1738 5114 1939 5171 Christi
1974 5117 2056 5170 in-

495 5205 773 5275 terpretati
813 5211 978 5259 sunt:
1027 5203 1279 5258 Dominus
1318 5204 1550 5274 possedit
1586 5222 1687 5272 me,
1719 5215 1769 5260 et
1807 5208 2053 5276 fundarit

495 5310 592 5348 me.
622 5291 826 5362 Estque
853 5292 942 5346 hic
964 5291 1180 5346 demum
1211 5308 1404 5348 sensus
1425 5293 1609 5363 pietati
1633 5306 2051 5362 consentaneus,

497 5398 618 5439 eum
648 5384 744 5446 ita,
785 5390 847 5438 ut
879 5383 1012 5448 dixi,
1054 5384 1234 5454 magni
1274 5383 1494 5454 quidam
1535 5383 1723 5442 Patres
1768 5387 2053 5443 intellexe-

497 5474 622 5529 rint.
677 5472 885 5538 Quibus
915 5475 961 5529 si
993 5475 1118 5545 quis
1149 5474 1251 5528 hac
1278 5475 1332 5528 in
1366 5483 1518 5544 parte
1544 5479 1800 5532 assentiri
1828 5480 2054 5536 minime

496 5564 643 5630 velit,
671 5565 796 5634 cogi
821 5565 971 5620 nullo
1001 5566 1161 5622 modo
1189 5576 1386 5637 potest.
1425 5567 1580 5635 Quod
1611 5577 1789 5626 autem
1824 5571 1892 5627 ad
1920 5573 2051 5628 alie-

571 5729 592 5764 ⁸
615 5728 774 5786 Prov.
804 5747 921 5794 νιιι,
953 5730 1041 5786 22.
1114 5731 1135 5761 ³
1163 5727 1291 5784 ibid.
1319 5741 1437 5798 sqq.
1516 5728 1534 5760 ³
1555 5726 1680 5782 Cor.
1717 5727 1935 5795 φεύγειν
1981 5731 2079 5788 δεῖ.

2156 4578 2254 4648 τὴν
2282 4579 2374 4632 τοῦ
2422 4579 2636 4650 Πατρὸς
2683 4579 2825 4649 ἔχειν
2858 4580 3066 4635 οὐσίαν.
3109 4581 3217 4634 Kal
3268 4581 3374 4652 γάρ
3422 4600 3563 4646 τινες
3613 4583 3727 4637 τῶν

2156 4668 2411 4740 Πατέρων
2462 4669 2620 4740 ἡμῶν
2665 4672 2759 4723 καὶ
2794 4670 3087 4742 ὀρθοδόξων
3124 4672 3407 4726 ἀπέδωκαν
3450 4674 3606 4727 τοῦτο
3643 4677 3722 4739 εἰς

2155 4759 2252 4830 τὴν
2292 4760 2551 4830 ἒνσαρκον
2598 4761 2896 4832 παρουσίαν
2945 4763 3336 4834 διανοηθέντεςο
3373 4767 3421 4818 εί
3472 4767 3563 4819 καὶ
3617 4768 3722 4838 χρὴ

2156 4849 2298 4902 οὑτω
2326 4849 2505 4918 λέγειν
2550 4851 2611 4902 τὸ
2659 4851 2787 4922 περὶ
2829 4852 2944 4915 τοῦ,
2993 4855 3207 4921 Κύριος
3247 4855 3447 4909 ἕκτισέ
3480 4874 3576 4924 με,
3626 4859 3724 4911 καί

2159 4939 2516 5009 ἐθεμελίωσέ
2539 4958 2632 5009 με.
2664 4943 2773 4995 Kal
2801 4937 2953 5006 οὗτός
2988 4945 3133 4998 ἐστιν
3163 4947 3190 4997 6
3218 4946 3378 5016 σεϐὴς
3399 4948 3421 4979 ⁵
3445 4947 3718 5019 λογισμὸς,

2160 5030 2382 5100 μεγάλοι
2420 5030 2660 5100 Πατέρες
2692 5031 2848 5085 τοῦτο
2890 5035 3254 5105 ὑφηγήσαντο.
3281 5039 3390 5091 Kal
3439 5041 3486 5092 ei
3531 5041 3603 5111 μή
3639 5056 3722 5102 τις

2157 5121 2441 5192 βουληθείη
2488 5120 2596 5174 τῶν
2642 5122 2931 5193 ὀρθοδόξων
3004 5127 3421 5196 καταδέξασθαι,
3467 5130 3527 5183 οὑ
3594 5148 3721 5184 κατ-

2155 5210 2644 5281 αναγκασθήσεται.
2671 5213 2812 5284 Πρὸς
2853 5215 2910 5266 δὲ
2951 5217 3074 5280 τοὺς
3129 5216 3311 5282 ξένους
3337 5219 3435 5290 τῆς
3473 5221 3712 5283 πίστεως

2155 5305 2248 5357 καὶ
2290 5302 2601 5372 ἀλλοτρίους
2634 5303 2714 5366 είς
2759 5306 2911 5361 οὐδέν
2957 5310 3103 5362 ἐστιν
3147 5315 3181 5382 η
3219 5311 3408 5381 βλάϐη.
3440 5309 3575 5364 Οὔτε
3611 5311 3720 5380 γὰρ

2152 5392 2308 5444 τοῦτο
2337 5395 2468 5462 ἡμῖν
2503 5392 2758 5462 ὲνσκήψει
2803 5396 2882 5459 είς
2917 5398 2970 5450 τί
3018 5399 3418 5471 ἐλαττώματος,
3461 5399 3559 5469 τῆς
3603 5398 3719 5452 θεό-

2150 5499 2310 5554 τητος
2341 5482 2624 5554 ἐλευθέρας
2656 5482 2841 5555 οὔσης.
2869 5489 2961 5541 καὶ
2989 5489 3075 5542 ἀεὶ
3097 5469 3262 5561 οὔσης
3291 5469 3388 5544 σὺν
3419 5488 3494 5560 τῷ
3519 5487 3714 5558 Πατρί.

2151 5577 2260 5631 Καὶ
2286 5577 2314 5629 ὅ
2339 5594 2390 5630 τι
2423 5576 2520 5648 μὲν
2543 5575 2803 5631 πέπονθεν
2831 5583 2860 5633 6
2890 5583 3142 5653 Χριστὸς,
3166 5581 3448 5648 πέπονθεν,
3475 5580 3589 5637 ἀλλ’
3617 5581 3718 5634 οὐκ

2156 5733 2176 5765 ⁵
2204 5732 2328 5789 Cor.
2356 5735 2606 5808 εὐσεϐής,
2635 5753 2758 5793 mox
2798 5739 2872 5803 ὡς
2907 5737 3153 5809 μεγάλοι.
