4138 6396
451 344 556 400 ΞΠ

1059 338 1428 398 ADVERSUS
1464 338 1808 397 HERESES
1845 339 1975 395 LIB.
2016 341 2032 394 Ι

2143 339 2286 398 ron.
2329 341 2392 396 ιι.
2433 373 2503 382 -
2541 324 2814 398 ιιίειιεε.
2854 340 3040 396 Lm.

3603 338 3716 396 242

450 460 662 532 ἐτράπη
694 458 792 528 τὴν
823 458 1002 530 φύσιν,
1036 459 1216 530 ἔμεινε
1253 461 1309 514 δὲ
1348 463 1406 514 ὲν
1436 463 1501 531 τῇ
1535 427 1700 513 αὐτού
1728 458 1967 528 ἀπαθείᾳ
1994 461 2028 528 ἡ

2146 476 2246 517 nos
2280 476 2309 514 a
2354 460 2476 525 ﬁde,
2526 472 2580 516 et
2627 461 2915 516 haereticos
2965 457 3180 523 attinet,
3231 456 3440 511 nullum
3488 444 3715 512 omnino

451 547 618 603 αὐτοῦ
648 549 856 618 θεότης.
887 549 996 613 Διὸ,
1028 549 1258 619 θελήσας
1288 549 1480 602 παθεῖν
1516 549 1618 619 ἰδίᾳ
1649 547 1868 619 εὐδοκία
1895 548 2036 618 ὑπὲρ

447 641 544 694 τοῦ
565 641 754 708 γένους
774 640 883 692 τῶν
895 639 1216 710 ἀνθρώπιον,
1231 641 1415 711 ἐπειδὴ
1429 641 1529 693 ούκ
1551 639 1769 693 ἐδύνατο
1791 641 1823 710 ἡ
1847 639 2038 710 θεότης

451 732 664 794 παθεῖν,
691 731 815 785 καθ’
852 732 1048 802 ἑαυτὴν
1077 732 1294 802 ἀπαθὴς
1323 728 1475 796 οὖσα,
1507 731 1664 784 ἔλαϐε
1694 732 1753 786 τὸ
1775 731 2042 802 ἡμέτερον

450 825 691 896 παθητὸν
728 825 904 895 σῶμα,
937 824 1096 892 σοφία
1131 821 1226 886 ὣν,
1259 823 1346 876 ἵνα
1382 825 1438 875 ἐν
1468 821 1617 892 αὐτῷ
1666 821 2040 896 συνευδοκήσῃ,

449 916 544 970 τοῦ
597 915 808 979 παθεῖν,
852 916 947 968 καὶ
981 915 1306 986 ἀναδέξηται
1340 915 1409 967 τὰ
1455 913 1702 986 ἡμέτερα
1753 914 1932 985 πάθη,
1979 917 2036 967 ὲν

450 1009 615 1079 σαρκὶ
658 1008 922 1081 συνούσης
953 1011 1050 1080 τῆς
1082 1008 1354 1081 θεότητος.
1384 1009 1493 1062 Καὶ
1533 1009 1700 1080 γάρὴ
1741 1009 1931 1078 θεότης
1975 1011 2033 1062 ού

450 1103 670 1172 πάσχει,
705 1100 829 1165 Πῶς
862 1101 969 1172 γὰρ
1005 1104 1034 1154 6
1079 1102 1275 1170 λέγων,
1312 1099 1452 1170 Ἐγώ
1498 1102 1616 1168 εἰμι
1653 1101 1692 1169 ἠ
1734 1097 1867 1167 ζωὴ,
1898 1101 2034 1154 ἀπο-

451 1194 633 1247 θανεῖν
680 1193 1003 1264 δυνήσεται;
1049 1192 1210 1245 Ἀλλά
1255 1191 1476 1262 ἀπαθὴς
1526 1191 1769 1262 διαμένει
1813 1193 1842 1243 6
1884 1191 2036 1254 Θεός.

451 1284 772 1354 Συμπάσχει
813 1284 867 1337 δὲ
897 1287 964 1354 τῇ
1001 1284 1183 1356 σαρκὶ,
1215 1283 1302 1336 ἵνα
1334 1283 1394 1336 τὸ
1433 1281 1603 1344 πάθος
1646 1283 1724 1344 εἰς
1773 1281 1871 1352 τὴν
1915 1281 2035 1334 θεό-

451 1392 592 1444 τητα
619 1375 866 1446 λογισθῇ,
915 1375 1225 1446 πασχούσης
1259 1375 1357 1444 τῆς
1390 1373 1662 1442 θεότητος,
1698 1374 1777 1435 εἰς
1807 1374 1868 1425 τὸ
1895 1368 2037 1425 εἶναι

451 1469 585 1536 ἡμῖν
617 1469 672 1518 ὲν
709 1466 826 1537 Θεῷ
861 1466 958 1536 τὴν
1009 1465 1314 1536 σωτηρίαν·
1354 1467 1414 1518 ὲν
1446 1464 1605 1535 σαρκὶ⁵
1646 1463 1702 1516 δὲ
1749 1464 1808 1517 τὸ
1841 1464 2034 1526 πάθος,

451 1558 540 1612 ἵνα
577 1559 650 1630 μὴ
701 1557 944 1628 παθητὸν
983 1556 1116 1609 Θεὸν
1156 1556 1393 1626 ἔχωμεν,
1447 1554 1580 1607 ἀλλά
1635 1553 1842 1622 ἀπαθῆ,
1891 1553 2040 1605 ἐλλο-

449 1647 650 1715 γοῦντα
683 1649 762 1710 εἰς
799 1646 991 1699 ἑαυτὸν
1031 1644 1093 1697 τὸ
1142 1644 1334 1707 πάθος,
1381 1644 1522 1697 κατά
1569 1645 1906 1715 προαίρεσιν,
1941 1644 2038 1696 καὶ

448 1739 512 1790 ού
550 1736 692 1790 κατά
717 1738 979 1805 ἀνάγκην.

2141 554 2400 607 damnum
2443 553 2573 607 hinc
2611 560 2856 607 metuere
2906 549 3188 605 debemus.
3253 548 3442 617 Neque
3469 547 3613 600 enim
3645 547 3713 601 ad

2142 645 2197 698 ul
2222 661 2308 698 am
2341 644 2644 698 divinitatis
2665 643 3104 697 imminutionem
3137 641 3410 711 pertinere
3440 637 3585 694 istud
3614 651 3715 706 po-

2141 745 2270 800 test,
2296 752 2416 805 quae
2444 737 2614 790 libera
2645 743 2750 803 est,
2785 743 2840 789 et
2871 749 2997 790 cum
3039 732 3202 788 Patre
3233 745 3449 801 semper
3481 727 3710 785 exstitit.

2142 826 2308 879 Porro
2349 841 2545 894 passus
2584 835 2668 880 est
2693 823 2914 894 quidem
2945 823 3200 877 Christus
3233 820 3598 890 quodcunque
3618 818 3715 872 de-

2140 933 2286 971 mum
2320 933 2515 986 passus
2537 927 2659 984 est;
2709 916 2806 972 sed
2832 931 2939 970 non
2973 915 3094 984 ejus
3134 923 3328 968 natura
3371 918 3576 966 mutata
3607 917 3713 974 est,

2141 1016 2302 1077 atque
2335 1007 2580 1077 ejusdem
2615 1006 2872 1060 divinitas
2917 1005 2972 1058 in
3020 1019 3121 1058 sua
3170 1003 3262 1056 illa
3303 999 3578 1071 passionis
3620 1013 3718 1054 ex-

2141 1105 2292 1167 perte
2337 1096 2653 1150 conditione
2705 1095 2962 1164 perstitit.
3032 1093 3211 1159 Quare
3270 1105 3394 1144 cum
3451 1089 3520 1144 de
3590 1103 3719 1158 pro-

2141 1185 2259 1257 pria
2293 1186 2570 1238 voluntate
2599 1200 2702 1255 pro
2731 1185 3013 1239 hominum
3047 1185 3222 1239 salute
3251 1182 3362 1252 pati
3395 1180 3718 1236 constituis-

2139 1285 2240 1341 set,
2272 1277 2415 1344 quod
2449 1275 2707 1330 divinitas
2731 1278 2935 1346 perpeti
2969 1276 3102 1329 nihil
3128 1281 3332 1344 posset,
3361 1287 3482 1342 qua:
3506 1286 3602 1341 per
3627 1286 3718 1326 se-

2141 1366 2313 1436 ipsam
2342 1381 2536 1434 expers
2576 1367 2846 1434 passionis
2869 1374 2974 1428 est,
3009 1379 3212 1432 corpus
3257 1372 3535 1425 nostrum,
3569 1362 3715 1431 quod

2138 1459 2253 1529 pati
2293 1458 2456 1530 749
2499 1458 2746 1513 videlicet
2785 1466 2986 1528 potest,
3039 1455 3216 1512 induit
3253 1456 3440 1511 divina
3485 1455 3577 1509 illa
3625 1453 3721 1509 Sa-

2141 1551 2366 1620 pientia,
2407 1557 2466 1603 ut
2506 1552 2558 1603 in
2593 1551 2711 1619 ipso
2743 1557 2936 1620 sponte
2983 1566 3080 1606 sua
3125 1555 3429 1620 pateretur,
3479 1561 3544 1600 ac
3586 1560 3720 1600 con-

2136 1644 2328 1712 juncta
2364 1658 2488 1696 cum
2525 1627 2694 1696 carne
2727 1643 3036 1705 divinitate,
3069 1640 3382 1695 aﬂ‘ectiones
3416 1643 3634 1692 nostras
3662 1637 3721 1690 in

2141 1747 2262 1787 sese
2285 1731 2610 1801 susciperet.
2644 1731 2856 1785 Etenim
2885 1731 3145 1786 divinitas
3176 1731 3296 1798 ipsa
3317 1735 3473 1783 extra
3501 1741 3719 1783 omnem

450 1839 537 1886 est
578 1832 815 1900 patiendi
862 1829 1258 1885 conditionem.
1305 1827 1594 1895 Quomodo
1620 1828 1764 1883 enim
1799 1834 2029 1882 mortem
2061 1825 2112 1881 is
2149 1825 2302 1880 obire
2335 1834 2541 1894 posset,
2572 1823 2663 1894 qui
2699 1823 2862 1878 dicit:
2896 1823 3004 1894 Ego
3027 1837 3144 1876 sum
3176 1820 3355 1875 vita'?
3381 1818 3568 1889 Itaque
3592 1835 3719 1874 cum

451 1922 728 1993 passionis
758 1937 954 1992 expers
996 1927 1310 1991 perseveret
1343 1918 1510 1980 Deus,
1543 1933 1668 1973 cum
1697 1933 1863 1973 carne
1882 1923 2064 1970 tamen
2098 1915 2322 1985 patitur,
2350 1913 2487 1967 adeo
2513 1920 2574 1966 ut
2619 1910 2894 1967 divinitati
2940 1912 3124 1981 passio
3154 1911 3245 1965 illa
3275 1910 3566 1973 tribuatur,
3593 1923 3718 1963 cum

449 2012 588 2066 nihil
613 2020 792 2066 tamen
818 2026 914 2081 per
941 2025 1062 2066 sese
1095 2009 1184 2063 illa
1208 2009 1475 2079 patiatur:
1501 2015 1562 2062 ut
1585 2007 1842 2062 nimirum
1876 2005 2026 2060 salus
2049 2004 2206 2059 nobis
2233 2018 2331 2074 per
2355 2001 2522 2057 Deum
2555 2009 2924 2071 comparetur,
2946 2016 3076 2055 caro
3097 2009 3277 2056 autem
3308 2000 3425 2072 ipsa
3455 2001 3719 2054 duntaxat

452 2104 738 2169 adiciatur,
793 2111 852 2156 ut
886 2117 954 2156 ne
985 2100 1338 2170 passionibus
1390 2097 1714 2164 obnoxium,
1745 2097 1840 2152 sed
1885 2097 1954 2150 ab
2000 2096 2068 2150 iis
2102 2093 2282 2164 potius
2329 2094 2627 2146 immunem
2667 2090 2836 2146 Deum
2875 2091 3212 2157 habeamus,-
3238 2091 3332 2162 qui
3382 2101 3580 2162 sponte
3610 2106 3712 2146 sua

451 2211 554 2251 nec
606 2195 714 2248 ulla
755 2195 1084 2248 necessitate
1131 2200 1378 2254 coactus,
1422 2191 1671 2245 eamdem
1715 2191 1864 2244 illam
1907 2187 2250 2244 aﬂ‘ectionem
2276 2187 2536 2256 imputari
2566 2184 2671 2241 sibi
2701 2184 2854 2239 velit.

524 2288 654 2343 KE'.
687 2287 881 2356 Ὅμως
897 2286 955 2339 δὲ
976 2285 1071 2338 καὶ
1095 2278 1261 2348 οὗτοι,
1279 2284 1378 2350 τὰς
1397 2282 1574 2350 λέξεις
1600 2284 1699 2347 τὰς
1742 2282 2034 2353 Ἐσραῖκὰς

2205 2279 2372 2336 XXV.
2415 2279 2483 2333 At
2530 2279 2619 2334 isti
2660 2293 2786 2334 cum
2816 2277 3112 2334 Hebraieas
3135 2294 3300 2336 voces
3347 2280 3736 2351 neattigerint

455 2378 582 2432 οὔτε
639 2377 1082 2448 ψηλαφήσαντες,
1133 2375 1257 2428 οὔτε
1288 2375 1529 2444 γνόντες,
1557 2373 1681 2428 οὕτε
1724 2373 1843 2438 πῶς
1870 2373 2036 2444 ἔχειὴ

452 2468 658 2522 τούτων
693 2466 941 2538 δύναμις,
987 2466 1244 2537 προαλῶς
1287 2468 1384 2520 καὶ
1430 2465 1718 2538 προπετῶς
1763 2465 2039 2535 ἀνέκυψαν

454 2559 619 2613 δεινοὶ
645 2556 851 2628 ἐχθροὶ,
885 2554 1175 2626 ζητοῦντες
1212 2557 1504 2627 πρόφασιν,
1543 2555 1706 2610 πόθεν
1732 2557 1832 2626 τὴν
1857 2557 2041 2610 πίστιν

453 2649 781 2719 λωϐήσουσι,
809 2647 1004 2717 μᾶλλον
1032 2647 1090 2700 δὲ
1121 2646 1374 2710 ἑαυτούς’
1407 2647 1468 2699 οὐ
1494 2646 1602 2717 γὰρ
1633 2645 1734 2716 τὴν
1759 2645 2037 2717 ἀλήθειαν·

459 2742 552 2796 καὶ
589 2740 776 2811 ἐπειδὴ
819 2733 998 2810 εὗρον,
1035 2739 1115 2791 ὅτι
1167 2739 1231 2791 '0
1269 2738 1480 2806 Κύριος
1523 2736 1724 2792 ἐκτισέ
1753 2755 1851 2808 με,
1887 2737 2041 2810 ῥιψο-

461 2832 718 2895 κινδύνως
775 2831 965 2902 ὥσπερ
1032 2829 1426 2901 φανταζόμενοι
1483 2829 1920 2901 ὀνειροπολοῦσι,
1973 2828 2042 2882 τά

462 2923 627 2994 μηδὲν
667 2922 914 2993 χρήσιμα
955 2921 1437 2988 ὲπεισενέγκαντες
1469 2920 1546 2991 τῷ
1595 2920 1716 2992 βίῳ,
1750 2921 1845 2974 καὶ
1873 2920 2041 2991 ταρά-

460 3015 647 3079 ξαντες
683 3015 782 3085 τὴν
828 3014 1170 3084 οἰκουμένην.
1213 3013 1286 3066 Τὸ
1315 3013 1373 3066 δὲ
1429 3012 1711 3085 Ἐὀραῖκδν
1747 3013 1844 3083 οὐχ
1871 3012 2044 3076 οὕτως

459 3107 573 3177 ἔχει
593 3123 608 3137 ο
638 3107 759 3159 ὅθεν
787 3106 1018 3169 Ἀκύλας
1043 3105 1224 3174 λέγει’
1253 3105 1466 3171 Κύριος
1489 3104 1790 3174 ἐκτήσατό
1806 3121 1902 3174 με.
1934 3105 2044 3156 Ἀεὶ

459 3197 516 3249 δὲ
545 3199 596 3250 οἱ
614 3196 908 3265 γεννῶντες
957 3197 1148 3258 παῖδας
1186 3195 1461 3264 λέγουσιν·
1515 3195 1862 3266 Ἐκτησάμην
1907 3195 2040 3248 υἱόν.

2146 2374 2395 2444 quidem,
2443 2378 2540 2425 aut
2587 2370 2694 2423 ulla
2731 2384 2920 2424 earum
2965 2370 3276 2440 cognitione
3323 2369 3530 2442 perfusi
3577 2370 3724 2436 sint,

2147 2479 2324 2534 neque
2354 2463 2486 2533 quid
2521 2463 2624 2518 sibi
2659 2461 2827 2515 velint
2859 2461 3183 2531 intelligant,
3229 2469 3437 2516 temere
3460 2476 3526 2516 ac
3564 2468 3721 2532 petu-

2147 2555 2326 2608 lanter
2360 2553 2713 2608 vehementes
2753 2551 2944 2606 hostes
2991 2551 3322 2621 insurgunt,
3373 2553 3722 2607 occasionem

2150 2645 2390 2716 undique
2419 2653 2727 2714 captantes,
2760 2660 2868 2715 qua
2902 2643 3062 2698 tidem
3102 2652 3370 2708 nostram,
3403 2646 3486 2699 vel
3513 2645 3722 2716 seipsos

2149 2739 2331 2810 potius
2382 2737 2557 2808 (nihil
2611 2737 2755 2791 enim
2803 2736 3068 2790 adversus
3114 2738 3403 2792 veritatem
3457 2737 3722 2808 possunt)

2149 2844 2474 2899 quacunque
2510 2829 2719 2882 ratione
2754 2826 3104 2882 labefactent.
3140 2827 3295 2884 Unde
3323 2844 3445 2883 cum
3483 2830 3557 2883 ita
3587 2829 3725 2884 scri-

2148 2929 2299 2990 ptum
2328 2921 2683 2989 reperissent,
2715 2917 2969 2972 Dominus
3017 2921 3212 2972 crearit
3247 2936 3346 2985 me,
3378 2920 3627 2975 insubide
3656 2933 3720 2974 ac

2151 3013 2270 3069 sine
2311 3013 2420 3065 ullo
2449 3010 2692 3080 judicio,
2741 3009 2889 3064 velut
2919 3025 3015 3079 per
3046 3013 3318 3067 somnium
3340 3051 3355 3075 ,
3389 3013 3502 3068 visa
3536 3012 3725 3067 nescio

2150 3119 2271 3172 quae
2319 3103 2424 3157 sibi
2469 3100 2778 3167 ﬁnxerunt,
2820 3111 2982 3172 atque
3026 3102 3208 3156 inania
3253 3103 3502 3172 quadam
3554 3103 3724 3158 intro-

2150 3194 2442 3257 duxerunt,
2483 3193 2685 3264 quibus
2714 3202 2988 3250 terrarum
3023 3193 3210 3248 orbem
3242 3209 3571 3264 magnOpere
3599 3209 3725 3264 per-

473 3288 611 3340 Ἀλλ’
639 3284 762 3340 οὔτε
788 3285 1020 3349 Ἀκύλας
1057 3285 1156 3355 τὴν
1175 3283 1400 3353 δύναμιν
1430 3285 1763 3354 ἡρμήνευσε.
1800 3284 1911 3337 Καὶ
1935 3283 2038 3355 γὰρ

2153 3287 2461 3340 turbarunt.
2495 3283 2760 3340 Caeterum
2803 3285 3069 3341 Hebraice
3113 3285 3269 3355 longe
3297 3285 3454 3339 aliter
3502 3285 3722 3354 legitur,

461 3376 546 3439 τὸ,
580 3373 962 3443 Ἐκτησάμην
979 3373 1132 3434 υἱὸν,
1168 3373 1243 3436 ὡς
1274 3373 1585 3443 πρόσφατόν
1617 3375 1790 3427 ἐστιν’
1833 3375 1891 3428 ὲν
1925 3374 2038 3446 Θεῷ

2154 3377 2382 3446 ideoque
2426 3377 2506 3430 sic
2539 3377 2733 3446 Aquila
2770 3377 3163 3447 interpretatur
3194 3394 3207 3430 :
3247 3377 3504 3431 Dominus
3543 3393 3725 3444 possa-

461 3467 519 3520 δὲ
565 3466 720 3519 οὐδὲν
783 3464 865 3517 ένι
916 3464 1246 3537 πρόσφατον.
1284 3463 1404 3517 Κάν
1451 3479 1510 3515 τε
1563 3463 1794 3535 ὁμολογῇ
1843 3463 1967 3528 sic"
2018 3464 2038 3516 ὃ

2153 3470 2230 3521 dit
2277 3485 2375 3522 me.
2416 3466 2604 3524 Solent
2637 3469 2780 3524 enim
2816 3471 2908 3539 qui
2961 3469 3164 3524 liberos
3210 3469 3519 3540 suscipiunt
3558 3471 3724 3541 vulgo

463 3557 785 3626 γεγέννηται
813 3558 842 3608 6
873 3556 1000 3618 Υἱὸς
1044 3557 1108 3607 ἐκ
1139 3553 1234 3606 τοῦ
1263 3555 1499 3624 Πατρός,
1527 3557 1621 3608 καὶ
1655 3556 1753 3608 οὐκ
1783 3554 2038 3608 ἔκτισται.

2155 3564 2338 3617 dicere
2367 3581 2379 3616 :
2407 3561 2632 3616 Possedi
2667 3561 2855 3616 lilium.
2911 3561 3234 3631 Quanquam
3268 3578 3338 3618 ne
3365 3562 3560 3632 Aquila
3596 3565 3721 3634 qui-

465 3649 796 3718 Γεγέννηται
841 3647 897 3700 δὲ
940 3647 1185 3716 ἀχρόνως
1221 3646 1314 3698 καὶ
1354 3645 1625 3716 ἀνάρχως.
1667 3646 1803 3700 Οῠτε
1832 3646 1940 3718 γὰρ
1971 3647 2038 3701 ένι

2153 3655 2274 3708 dem
2308 3654 2412 3707 vim
2449 3653 2580 3709 satis
2607 3655 2894 3723 expressit.
2929 3651 3064 3706 Nam
3093 3653 3252 3717 illud,
3277 3653 3488 3722 possedi
3519 3653 3720 3723 ﬁlium,

466 3741 656 3810 χρόνος
681 3737 957 3806 ἀναμέσον
985 3737 1114 3790 Υἱοῦ
1144 3735 1236 3788 καὶ
1265 3736 1498 3806 Πατρὸς,
1535 3735 1622 3789 ἵνα
1651 3738 1725 3807 μὴ
1757 3738 1944 3807 χρόνος
1970 3756 2038 3801 τις

2151 3761 2346 3800 recens
2373 3744 2578 3814 aliquid
2625 3759 2690 3797 ac
2738 3760 2936 3798 novum
2985 3744 3287 3814 signiﬁcat,
3320 3744 3626 3813 cujusmodi
3667 3745 3746 3799 in.

467 3832 607 3900 ὑπὲρ
640 3829 809 3884 πλείω
850 3827 1073 3898 γένηται
1109 3827 1206 3880 τοῦ
1240 3825 1391 3882 Υιοῦ.
1424 3827 1487 3880 Ei
1529 3827 1637 3898 γὰρ
1658 3828 1731 3880 δι’
1764 3829 1949 3883 αὑτοῦ
1981 3830 2038 3882 τέ

2157 3835 2266 3889 Deo
2293 3836 2429 3890 nihil
2460 3843 2561 3890 est.
2588 3835 2664 3888 Ac
2697 3835 2742 3890 si
2781 3836 2905 3904 quis
2936 3835 3292 3890 nihilominus
3323 3834 3458 3888 illud
3494 3850 3724 3889 conces-

467 3923 684 3987 πάντα,
711 3921 819 3992 ἄρα
850 3921 942 3974 καὶ
968 3921 1016 3972 οἱ
1045 3924 1249 3990 χρόνοι.
1278 3919 1486 3988 Χρόνου
1515 3920 1570 3972 δὲ
1599 3921 1932 3992 ὑπάρχοντος
1957 3921 2038 3974 τοί

2155 3927 2319 3990 serit,
2353 3926 2568 3995 genitus
2603 3933 2784 3980 tamen
2835 3942 2866 3979 a
2913 3925 3078 3980 Patre
3121 3924 3322 3991 Filius,
3350 3941 3458 3980 non
3504 3934 3722 3980 creatus

469 4015 577 4085 πρὸ
607 4013 826 4066 πάντων
868 4012 1041 4074 ὄντος,
1084 4013 1202 4075 πῶς
1241 4011 1393 4064 ἔσται
1441 4011 1626 4078 τοῦτο;
1671 4013 1829 4066 Ἀλλά
1863 4015 1912 4065 εἰ
1942 4013 2038 4082 ἄρα

2153 4016 2550 4071 existimandus
2599 4025 2703 4071 est.
2739 4017 2916 4086 Atque
2967 4017 3044 4070 ita
3093 4017 3310 4087 quidem
3358 4017 3606 4086 genitus,
3663 4025 3723 4072 ut

469 4103 835 4176 ζητηθήσεται
863 4101 1020 4164 ἄλλος
1052 4102 1199 4164 Υἱὸς,
1235 4101 1302 4152 δι’
1335 4093 1400 4153 οὖ
1442 4102 1550 4173 πρὸ
1581 4102 1673 4156 τυῦ
1707 4103 1836 4156 Υιοῦ
1863 4103 2038 4171 γέγονε

2154 4108 2271 4161 sine
2321 4113 2562 4176 tempore
2605 4114 2699 4159 aut
2749 4106 2903 4162 initio
2953 4107 3024 4161 sit
3063 4110 3302 4176 genitus.
3349 4105 3535 4176 Neque
3576 4107 3721 4162 enim

474 4194 679 4265 χρόνος.
703 4193 814 4246 Καὶ
854 4192 1023 4246 πολλά
1049 4194 1216 4256 ἐστιν,
1240 4193 1274 4246 ἃ
1301 4196 1378 4257 είς
1412 4195 1635 4263 ἄπειρον
1671 4193 1900 4264 ἀπορίαν
1928 4193 2038 4261 ἄγει

2155 4195 2350 4250 Filium
2382 4197 2522 4251 inter
2551 4204 2604 4250 et
2648 4195 2866 4251 Patrem
2908 4206 3124 4266 tempus
3157 4197 3325 4250 ullum
3359 4197 3722 4267 interceptum

473 4289 540 4340 τὰ
567 4285 677 4338 τῶν
709 4284 1248 4355 περιεργαζομένων,
1275 4285 1369 4338 καῖ⁹
1397 4285 1562 4356 μηδὲν
1593 4285 1796 4353 ἀγαθὸν
1821 4285 2038 4357 ἐργαζο-

2151 4299 2272 4352 est,
2317 4305 2384 4344 ne
2423 4304 2528 4359 qua
2561 4290 2822 4358 temporis
2852 4304 2981 4358 pars
3011 4288 3133 4342 Filii
3182 4289 3444 4359 originem
3476 4297 3724 4343 anteces-

477 4377 653 4446 μένων
675 4376 974 4448 ἀνθρώπων
991 4378 1330 4448 φρονήματα.
1351 4379 1438 4430 Ἐν
1453 4378 1510 4430 δὲ
1529 4377 1622 4457 τῷι
1635 4378 1910 4449 Ἐϐραῖκῷ
1934 4378 2038 4448 (92]

2149 4379 2290 4434 sisse
2318 4379 2555 4433 dicatur.
2587 4377 2720 4431 Nam
2749 4379 2795 4434 si
2833 4395 2924 4447 per
2954 4379 3126 4444 ipsum
3162 4378 3306 4446 facta
3331 4387 3454 4431 sunt
3480 4378 3659 4432 omnia
3677 4378 3719 4441 ⁸,

473 4467 642 4534 λέγει,
687 4465 941 4533 Ἂδωναϊ,
970 4467 998 4519 ὃ
1042 4468 1257 4536 λέγεται
1295 4470 1534 4536 Κύριος*
1569 4469 1800 4534 κανανὶ,
1823 4469 2038 4523 δύναται

2150 4472 2315 4524 etiam
2371 4481 2615 4540 tempora
2659 4471 2778 4540 ipsa
2834 4470 2976 4523 facta
3029 4471 3139 4524 sint
3193 4476 3425 4538 oportet.
3474 4469 3627 4535 Quod
3674 4470 3721 4523 si

475 4555 764 4623 λέγεσθαι,
807 4559 903 4611 καὶ
947 4558 1288 4612 ἐνόσσευσέ
1332 4577 1441 4628 με,
1471 4561 1564 4612 καὶ
1610 4561 1907 4626 ἐκτήσατό
1948 4578 2038 4629 με.

2155 4571 2368 4630 tempus
2397 4561 2615 4629 aliquod
2643 4568 2766 4616 ante
2794 4563 2975 4614 omnia
3007 4561 3285 4614 exstitisse
3313 4559 3552 4622 dicatur,
3585 4576 3724 4629 quo-

478 4648 550 4700 T6
570 4649 626 4701 δὲ
660 4649 1047 4720 ἀκριϐέστατον
1073 4651 1320 4719 λέγεται,
1371 4652 1710 4706 ἐνόσσευσέ
1743 4670 1838 4721 με.
1887 4653 2038 4716 Ποῖος

2153 4669 2278 4707 nam
2313 4654 2474 4708 modo
2513 4654 2643 4707 illud
2676 4653 2942 4708 exsistet?
2987 4651 3324 4718 Quaerendus
3353 4653 3611 4706 nimirum
3643 4655 3721 4708 al-

552 4802 570 4834 ¹
599 4800 805 4857 Vitium
830 4804 1020 4859 subest
1054 4805 1181 4860 huic
1219 4806 1358 4860 loco.
1433 4807 1454 4837 ³
1481 4805 1638 4861 loan.
1674 4823 1750 4871 xt,
1785 4808 1886 4874 Q5;
1923 4823 2054 4874 xlv,
2086 4807 2138 4864 6.
2216 4809 2236 4840 ³
2275 4807 2432 4865 Joan.
2467 4825 2508 4876 ι,
2535 4811 2588 4864 3.

551 4962 662 5034 (99.)
699 4963 799 5018 Ἐν
842 4963 911 5017 δὲ
952 4961 1034 5028 τῷ
1072 4960 1346 5030 Ἐϐραῖκῷ
1391 4960 1571 5030 λέγει.
1613 4959 1908 5017 Latissime
1959 4962 2038 5017 hic

2150 4979 2285 5034 mag.
2334 4978 2455 5033 cap.
2486 4964 2540 5027 9,
2573 4962 2882 5034 Cyprianus
2917 4964 3011 5017 lib.
3049 4979 3111 5028 ιι,
3149 4963 3434 5019 Testimon.
3468 4965 3717 5022 adversus

484 5031 653 5110 locus:
692 5070 755 5109 ex
799 5054 1018 5109 enditur
1068 5053 1123 5106 in
1165 5054 1451 5106 Ancorato.
1492 5050 1758 5106 llebraica
1807 5069 1911 5107 vox
1949 5065 2012 5112 nn
2150 5031 2417 5097 Ιηάωθδν-
2444 5048 2566 5102 ⁰³Ρ’
2597 5031 2740 5098 iam
2788 5035 3182 5097 Athanasium'
3234 5034 3552 5101 Grego'ium
3613 5036 3718 5090 Na‘

763 5070 796 5124 Ρ
2013 5064 2054 5140 Ρ
2152 5103 2303 5140 -ιίεηνι
2365 5119 2426 5140 an
2463 5112 2689 5140 nmini-nc
2740 5104 2982 5140 nminnm
3041 5107 3279 5140 “nni-nn:
3320 5105 3406 5140 alii
3446 5104 3512 5140 Aa
3537 5115 3714 5140 nrnola

485 5104 634 5156 ""T
698 5104 1006 5155 '"'.'"'."“‘
1379 5104 1418 5152 ,⁷
1547 5104 1562 5106 “
1587 5104 1623 5106 ⁷“
1677 5104 1756 5173 ';’
1949 5104 2051 5140 "‘V'
2152 5104 2326 5156 zianz.
2364 5119 2427 5157 ac
2463 5112 2690 5157 caeteros
2740 5104 3004 5156 omittam.
3041 5107 3280 5169 Quorum
3318 5105 3408 5158 alii
3446 5104 3512 5158 de
3537 5115 3717 5160 creata

479 5144 745 5226 pomdefe
763 5143 1062 5226 .s'g'l‘ﬁca"
1097 5141 1224 5226 Ide."
1253 5141 1447 5226 A‘lm'a
1487 5143 1755 5226 ὲῖίτήσᾳώ
1777 5151 1958 5226 “3E!”-
1987 5143 2056 5226 ΑΨ
2153 5174 2414 5226 sapientia
2447 5173 2626 5226 locum
2661 5172 2809 5226 illum
2842 5173 3139 5226 accipiunt.
3173 5174 3264 5226 alii
3310 5175 3377 5226 ad
3419 5175 3716 5226 inereatam

481 5175 1062 5225 V”°“""°.°'5"”'“'"
1099 5175 1224 5196 ’πυ
1253 5175 1447 5228 ““Ξ“¹¹“¹
1487 5175 1755 5222 ⁹τ⁵“¹¹⁹““ν
1782 5175 1958 5222 ’σιξιιο
1987 5175 2056 5196 ‘“
2153 5175 2414 5242 sapientia
2447 5175 2626 5226 locum
2661 5175 2809 5226 illurn
2842 5175 3139 5241 accipiunt,
3173 5175 3264 5227 alii
3310 5175 3377 5228 ad
3419 5175 3716 5230 increatam

481 5216 814 5283 exemplarla
862 5212 1050 5267 Graca
1096 5213 1261 5283 νιέὶὲο
1313 5228 1494 5283 εκτισε
1520 5227 1632 5279 lam
1665 5221 1779 5265 tum
1810 5213 1966 5283 conm,
1996 5223 2055 5265 ul
2157 5244 2415 5283 rpl'prtml,
2468 5241 2596 5283 nium
2630 5257 2730 5283 una
2763 5256 3042 5283 :anrnrnm
3079 5242 3402 5283 Lillnrnrnm
3448 5245 3716 5283 ἰηιριιηηι..

483 5241 814 5283 Clcmplal'ta
862 5241 1050 5267 Ul'wua
1103 5241 1261 5280 VUISU
1313 5241 1494 5264 §I-'EBU§
1520 5241 1632 5279 Jdlll
1667 5241 1779 5265 ιιιιιι
1816 5241 1966 5275 UIIIII,
1997 5241 2038 5264 u‘

483 5283 752 5366 hodieque
790 5283 1103 5366 praeferunt.
1137 5281 1311 5366 Qluam
1351 5282 1640 5366 lectio-trem
1670 5281 1838 5366 haud
1861 5283 2038 5352 probat

2156 5241 2419 5296 referunt.
2468 5241 2597 5307 Qum
2630 5257 2730 5297 nos
2763 5256 3042 5297 sacrarum
3076 5242 3402 5297 Litterarum
3448 5245 3716 5313 interpreu

2155 5312 2302 5366 tibus
2331 5312 2667 5366 enucleanda
2709 5312 3048 5366 reliquimus.
3071 5315 3139 5365 At
3161 5311 3495 5366 Epiphanius
3515 5329 3713 5366 novam

485 5315 752 5362 ¹“Ῐ“¹τ¹¹“ῦ
790 5315 971 5352 vuum
987 5315 1103 5336 um"
1138 5315 1311 5347 ⁸⁷⁸⁸³⁸³⁸³⁸
1351 5315 1640 5336 ³¹³⁹⁵³ν¹¹ῠ¹¹¹
1682 5315 1825 5362 ’ἶαωξ
1861 5315 2056 5382 δ”υῗαδ
2155 5315 2302 5366 tihus
2331 5315 2667 5366 enucleanda
2709 5315 3048 5380 reliquimus.
3071 5315 3139 5365 Αἱ
3161 5315 3495 5382 Epiphanius
3515 5329 3713 5368 novam

485 5351 708 5406 H'eron'
743 5353 808 5406 ad
847 5369 997 5414 xxv"
1178 5351 1281 5421 ba,“
1316 5365 1460 5406 com’
1631 5352 1720 5405 “bl
1769 5361 1865 5416 an!
1904 5368 2054 5421 qu‘e'
2143 5381 2433 5421 nitnmdnm
2493 5380 2757 5421 Hohrninn
2818 5382 2988 5421 vnrhn
3049 5382 3322 5421 nnlinnmn
3374 5383 3571 5421 smmi:
3655 5393 3711 5421 nl

485 5380 708 5406 IIICI'UII.
743 5380 808 5406 'du
849 5380 997 5435 λλ.νιο
1031 5380 1160 5432 ων..
1178 5380 1281 5406 lado
1316 5380 1460 5448 ‘5qu.-
1487 5380 1590 5431 ,ξαν
1631 5380 1720 5405 υυι
1769 5380 1865 5416 διδ,
1904 5380 2054 5433 llum-

484 5426 607 5504 in!"
637 5423 966 5504 "emphna
991 5422 1130 5504 male
1151 5437 1204 5474 ¹¹¹
1243 5420 1552 5504 Ρτθνὲηηὲθ
1580 5437 1678 5502 Pro
1717 5437 2044 5504 Ρ⁰Ϋ³Ξ⁸⁸¹⁰¹²⁸
2144 5449 2284 5503 idem
2320 5451 2390 5504 sit
2411 5457 2526 5504 tam
2553 5459 2715 5504 atoue
2743 5450 3028 5504 ἐνόσσευσέ
3052 5469 3142 5504 us.
3172 5453 3328 5504 auasi
3358 5453 3617 5504 scriptum
3641 5456 3714 5504 sit

488 5459 1262 5546 ἱὶὲἱὶέεἷε“ἓϊὲ¹ἇὶἷιὲἵηὶἶ’Ἥδιῖὶἱηί
1286 5459 1686 5560 ἐἴιὶὗὲιῖῖίἔεῖἱὶιῐ
1717 5459 2046 5547 ’ἑξῗόἰέιὶῖιόἶ
2142 5459 2527 5560 fi'f’j'ﬂs‘ffff
2542 5459 2720 5560 1‘3“?
2741 5459 3142 5560 f‘f“;‘ff’f‘_{‘f'
3157 5459 3714 5560 _‘!{“‘3§,§E'_‘P‘f'"_'j‘_‘

490 5540 643 5630 sui.“
661 5540 912 5616 eam};
924 5540 1051 5614 "iis
1078 5540 1290 5623 't'éciio;
1313 5540 1803 5630 “quifit—(2'6in
1839 5540 2038 5616 3.35;.

2143 5549 2259 5628 mp
2291 5555 2320 5593 a
2349 5541 2663 5612 duplicante
2691 5542 2836 5596 Aiin.
2867 5540 3000 5596 Nam
3027 5550 3117 5625 pp
3149 5549 3233 5596 est
3270 5541 3545 5611 nidi/icore
3591 5542 3710 5597 sive

489 5628 678 5686 Patres
707 5639 1029 5703 agnoscunt,
1043 5630 1206 5703 etiam
1242 5629 1318 5703 illi
1343 5628 1592 5703 qui_ante
1624 5628 1855 5703 Ariaan
1880 5631 2044 5703 exsti-
2143 5629 2294 5703 nidos
2325 5641 2662 5686 construere:
2691 5633 2835 5702 quod
2867 5647 2978 5703 non
3005 5633 3145 5686 idem
3175 5641 3261 5703 est
3289 5648 3352 5688 ac
3375 5634 3510 5703 fetus
3533 5633 3713 5687 exclu-

491 5697 807 5773 tetjunt._titi
828 5701 999 5773 Clem.
1034 5699 1324 5773 Alexandra
1350 5697 1776 5773 inHProtreptico,
1807 5701 2045 5773 lgna_t_ius
2142 5702 2284 5762 dere,
2320 5703 2401 5773 vel
2431 5697 2732 5769 producere",
2759 5709 2829 5773 ut
2866 5702 3166 5756 arbitratur
3199 5697 3556 5773 Epiphanius.
3582 5703 3708 5759 Ideo

489 5769 651 5841 epist.
686 5767 742 5836 4,
773 5769 841 5823 ad
880 5768 1182 5836 Tarsenses,
1210 5767 1734 5825 Tertullianuslib.c
1771 5767 1877 5826 utr.
1914 5769 2046 5823 ller-
2144 5773 2326 5826 nullus
2348 5767 2474 5826 huic
2499 5773 2723 5844 argutiae
2753 5772 2908 5826 locus
2937 5780 3040 5827 esi.
