4138 6396
475 367 582 428 245
1895 373 1952 427 S.
1995 371 2059 427 El

2163 371 2332 426 HANII
3643 362 3754 420 ευ

477 491 563 538 ter
604 479 761 537 nobis
796 479 1006 550 Filius,
1036 498 1066 538 a
1113 499 1223 554 quo
1275 491 1492 556 tempus
1541 493 1667 540 ante
1703 484 1900 540 Filium
1929 501 2058 556 pro-

2163 485 2219 539 δὲ
2259 482 2449 544 νοσσὸς
2495 482 2595 535 οὐκ
2644 481 2752 534 ἀπὸ
2797 478 3014 548 φύσεως
3057 477 3151 531 τοῦ
3192 475 3583 548 γεγεννηκότος
3627 491 3753 544 γεν-

476 571 702 628 ductum
735 573 827 628 sit.
857 576 1126 631 Sexcenla
1157 583 1286 631 sunt
1317 578 1446 642 alia,
1480 578 1680 647 quibus
1711 578 2056 632 curiosorum
2165 579 2343 642 νᾶται;

475 667 797 732 hominum,
853 684 1030 739 neque
1079 670 1207 725 boni
1265 671 1566 742 quidquam
1647 671 1992 726 aiferentium
2044 671 2262 742 ingenia
2331 665 2803 724 inextricabilibus
2858 663 3237 718 diﬂicultatum
3301 662 3514 732 laqueis
3573 660 3752 729 impli-

475 768 694 816 cantur.
744 759 864 816 1am
909 779 1040 819 vero
1092 763 1362 821 Hebraice
1425 767 1498 819 ita
1553 766 1798 837 legitur:
1837 767 2087 832 Adonai,
2143 767 2249 821 hoc
2299 774 2385 820 est
2434 763 2731 827 Dominus,
2785 760 3012 820 canant,
3065 759 3170 812 hoc
3207 765 3321 820 est.
3373 757 3508 810 velut
3547 755 3753 826 pullum

472 851 639 905 edidit
680 869 789 918 me,
841 854 924 908 vel
963 856 1192 923 possedit
1235 873 1337 912 me.
1391 856 1562 912 Multo
1620 867 1800 914 autem
1858 859 2203 914 commodius
2243 865 2361 922 est,
2399 864 2458 910 ut
2488 857 2672 926 priore
2717 852 2880 908 modo
2927 850 3210 914 reddatur,
3273 858 3527 920 tanquam
3589 845 3752 918 750

474 945 681 1012 pnltum
712 943 879 998 edidit
924 963 1042 1016 mea
1067 949 1269 1018 Ecquis
1299 964 1429 1004 vero
1477 951 1659 1020 pullus
1702 966 1768 1006 ex
1813 951 1934 1020 ejus
1963 964 2156 1007 natura
2183 965 2300 1004 non.
2327 949 2720 1018 proficiscitur,
2757 961 2786 1000 a
2817 959 2926 1014 quo
2961 943 3177 1014 genitus
3213 948 3296 996 est
3323 941 3346 994 ?

547 1037 645 1094 Est
675 1039 766 1092 illa
796 1039 1018 1109 quidem
1051 1041 1462 1099 formandorum
1488 1061 1780 1117 corporum
1811 1050 1974 1108 ratio.
2001 1057 2061 1103 ut

476 1145 544 1184 cx
575 1130 865 1202 utriusque
891 1133 1282 1203 conjunctione
1323 1152 1487 1192 sexus
1527 1139 1669 1194 fetus
1694 1155 1885 1196 omnes
1916 1140 2060 1195 exsi-

481 1226 652 1284 stant,
683 1221 848 1291 idque
877 1223 1058 1294 ipsum
1093 1233 1202 1280 tam
1237 1227 1293 1281 in
1326 1229 1564 1292 homine,
1607 1245 1769 1299 quam
1809 1231 1862 1284 in
1893 1246 2060 1301 pecu-

477 1315 662 1385 dibus,
681 1317 1023 1387 volucribus,
1051 1335 1118 1375 ac
1147 1323 1362 1378 caeteris
1385 1325 1762 1380 animantibus
1787 1324 2058 1379 videmus.

473 1409 842 1478 Quamobrem
901 1413 1219 1485 unigenitus
1245 1413 1340 1470 Dei
1373 1415 1562 1482 Filius,
1595 1417 1848 1488 idemque
1879 1417 2059 1489 perfe-

473 1507 565 1555 cta
589 1500 768 1558 Patris
792 1503 1063 1573 sapientia
1097 1521 1224 1561 cum
1252 1505 1326 1560 ita
1359 1507 1622 1576 perficere
1651 1510 1836 1562 omnia
1872 1511 2056 1574 vellet,

474 1603 537 1650 ut
577 1597 644 1650 ad
691 1597 945 1654 homines
990 1599 1360 1655 moderandos
1401 1615 1465 1656 ac
1520 1603 1878 1672 corrigendos
1907 1603 2058 1656 vale-

475 1694 620 1752 rent,
673 1701 744 1742 ne
776 1687 902 1758 quis
937 1687 1004 1743 de
1049 1689 1169 1760 ipso
1199 1689 1336 1745 falsa
1375 1691 1622 1762 qumdam
1659 1693 2058 1762 suspicaretur,

474 1785 528 1830 et
554 1791 585 1832 a
617 1779 844 1834 veritate
864 1779 1164 1848 excideret,
1183 1791 1434 1836 naturam
1461 1783 1702 1838 hominis
1725 1785 2058 1856 suscipiens,

477 1875 667 1939 atque.
702 1879 760 1925 ut
809 1880 1006 1926 natura
1052 1873 1178 1938 fert,
1205 1873 1272 1929 de
1303 1877 1531 1932 muliere
1557 1877 1800 1948 genitus,
1834 1885 2061 1947 totoque

476 1961 861 2031 parturitionis
915 1973 1159 2034 tempore
1207 1966 1261 2020 in
1299 1967 1541 2038 Virginis
1589 1977 1748 2025 utero
1781 1971 2058 2035 residens,

476 2065 824 2124 nequaquam
855 2063 940 2109 est
983 2070 1049 2110 ex
1083 2056 1219 2110 virili
1273 2060 1482 2114 semine
1527 2059 1783 2130 genitus,
1827 2076 1896 2116 ne
1953 2077 2060 2131 qua

475 2144 563 2200 vel
593 2144 650 2198 in
681 2145 781 2199 hac
813 2155 1076 2217 corporea
1106 2150 1459 2216 generatione
1489 2167 1717 2207 sexuum
1753 2154 1948 2224 copula
1981 2170 2064 2210 es-

477 2243 561 2292 set
613 2251 677 2292 ac
720 2239 1062 2308 conjunctio.
1103 2239 1302 2296 Verum
1349 2243 1464 2296 sola
1508 2259 1576 2299 ex
1626 2253 1800 2300 matre
1839 2261 2060 2300 carnem

483 2331 717 2400 accepit,
773 2333 1179 2404 perfectamque
1224 2336 1280 2390 in
1326 2353 1448 2393 sese
1490 2337 1731 2394 hominis
1779 2349 2057 2406 naturam,

479 2435 657 2491 neque
691 2437 965 2488 mancam,
998 2432 1090 2478 aut
1122 2425 1413 2490 defectam,
1469 2427 1562 2482 sed
1605 2443 1787 2483 veram
1819 2441 1883 2482 ac
1923 2444 2059 2482 con-

481 2519 810 2567 summatam
841 2519 1130 2584 expressit.
1179 2515 1314 2570 Nam
1353 2518 1574 2572 tametsi
1603 2518 1829 2572 minime
1855 2533 1921 2573 ex
1959 2517 2062 2572 viri

479 2611 602 2658 satu
639 2605 929 2675 prodierit,
985 2609 1119 2662 nihil
1149 2609 1197 2662 ei
1235 2616 1416 2664 tamen
1451 2609 1518 2662 ad
1555 2609 1923 2680 integritatem
1965 2609 2062 2664 (le-

481 2695 616 2762 fuit;
645 2697 892 2769 adeoque
931 2701 1046 2756 suis
1076 2701 1332 2756 omnibus
1373 2702 1620 2771 partibus
1649 2701 1933 2757 absolutus
1966 2718 2061 2754 ex-

480 2784 639 2849 stitit,
686 2801 870 2856 carne,
902 2791 1109 2856 nervis,
1158 2791 1337 2856 venis,
1381 2807 1445 2845 ac
1493 2793 1717 2862 reliquis
1751 2791 2057 2862 ejusmodi,

480 2873 665 2928 anima
694 2883 957 2945 praeterea
983 2895 1146 2949 quam
1181 2896 1290 2935 non
1322 2883 1504 2950 specie
1531 2889 1713 2946 tenus,
1751 2883 1846 2938 scd
1881 2885 2061 2952 reipsa

481 2965 760 3034 suscepit;
793 2967 1047 3023 similiter
1072 2977 1126 3024 et
1161 2979 1420 3035 mentem,
1454 2972 1670 3042 aliaque
1703 2973 1914 3036 omnia,
1937 2975 2062 3043 qui-

480 3055 587 3111 bus
619 3056 861 3114 hominis
895 3067 1088 3116 natura
1127 3071 1362 3127 constat,
1399 3072 1592 3134 praeter
1625 3073 1933 3134 peccatum,
1963 3081 2062 3136 pro

481 3160 548 3200 eo
598 3161 662 3200 ac
709 3149 974 3220 scriptum
1019 3165 1102 3206 est
1145 3169 1157 3204 :
1207 3151 1457 3208 Teutalus
1506 3170 1599 3220 per
1647 3157 1827 3210 omnia
1867 3156 2060 3222 absque

482 3245 694 3304 peccato
718 3240 758 3292 ⁸.
797 3237 866 3294 Ut
891 3255 1014 3294 cum
1046 3243 1159 3297 sola
1186 3259 1248 3297 ex
1277 3251 1449 3299 matre
1479 3244 1740 3313 perfecte,
1769 3255 1823 3300 et
1850 3247 2058 3316 absque

483 3327 596 3384 ullo
620 3329 832 3386 defectu
863 3335 1163 3389 secundum
1195 3351 1416 3391 carnem
1452 3337 1543 3390 hic
1569 3337 1787 3406 genitus
1819 3339 1925 3393 sit:
1953 3341 2058 3394 hoc

482 3419 662 3490 ipsum
705 3422 788 3478 his
818 3426 1090 3489 ostendat,
1130 3428 1220 3496 qui
1247 3429 1529 3482 veritatem
1565 3428 1789 3490 intueri,
1821 3444 1922 3484 nec
1960 3445 2058 3484 ex-

2239 1046 2350 1099 Καὶ
2406 1037 2510 1097 ὧδε
2563 1043 2660 1113 μὲν
2710 1043 2768 1094 ἐν
2818 1042 2930 1103 τοῖς
2969 1040 3303 1108 σωματικοῖς
3341 1035 3623 1098 πλαστῐοις
3663 1035 3750 1088 διὰ

2170 1136 2524 1207 συνδυασμῶν
2571 1133 2797 1207 ἀρῤενὸς
2817 1149 2876 1185 τε
2916 1133 3010 1185 καὶ
3035 1129 3255 1200 Θηλείας
3287 1127 3355 1180 τὰ
3384 1127 3750 1196 νοσσευὸμενα

2169 1231 2375 1300 γίνεται
2409 1227 2516 1281 ἀπὸ
2557 1225 2842 1298 ἀνθρώπου
2888 1225 2993 1286 ἓως
3039 1224 3289 1292 κτήνους,
3338 1221 3430 1274 καὶ
3465 1219 3747 1285 πετεινῶν,

2169 1323 2262 1376 καὶ
2291 1322 2399 1376 τῶν
2421 1321 2615 1375 ἄλλων.
2641 1319 2840 1390 Διόπερ
2863 1321 2891 1372 ὁ
2923 1315 3256 1388 Μονογενὴς.
3284 1314 3353 1368 τὰ
3375 1313 3551 1367 πάντα
3589 1312 3750 1382 σοφία

2165 1411 2242 1466 ὢν
2281 1411 2376 1466 τοῦ
2430 1411 2661 1481 Πατρὸς,
2701 1411 2793 1462 καὶ
2845 1407 3164 1478 βουλόμενος
3221 1405 3313 1456 ἐπὶ
3359 1401 3640 1474 διορθώσει
3683 1402 3751 1456 τὰ

2166 1505 2344 1558 πάντα
2368 1500 2725 1574 ἐργάσασθαι,
2765 1501 2852 1554 ἵνα
2885 1501 2957 1571 μή
2986 1517 3068 1562 τις
3095 1500 3174 1562 εἰς
3209 1495 3368 1550 αὐτὸν
3405 1493 3750 1563 λογίσηταιᾶ

2169 1596 2244 1667 μὴ
2296 1595 2430 1660 ἔστι,
2472 1595 2564 1648 καὶ
2615 1593 2823 1664 ἐκπέσῃ
2855 1593 2954 1662 τῆς
2987 1591 3266 1662 ἀληθείας,
3323 1588 3632 1658 ἐπιδημήσας
3671 1587 3748 1658 τῷ

2166 1687 2272 1740 τῶν
2301 1685 2601 1758 ἀνθρώπων
2623 1685 2789 1753 γένει,
2825 1684 2917 1738 καὶ
2937 1683 3095 1752 φύσει
3127 1681 3235 1736 ἀπὸ
3267 1680 3522 1749 γυναικὸς
3557 1697 3750 1750 γεννη-

2169 1778 2300 1842 θεὶς,
2362 1779 2456 1832 καὶ
2499 1780 2558 1830 ὲν
2611 1778 2796 1848 μήτρᾳ
2845 1775 3120 1846 Παρθένου
3169 1772 3478 1832 ἀνακλιθεὶς
3518 1771 3607 1824 τὸν
3641 1770 3747 1823 τῶν

2167 1872 2472 1943 κυοφορίων
2518 1871 2730 1941 χρόνον,
2775 1869 2875 1922 οὐκ
2917 1868 3024 1920 ἀπὸ
3056 1867 3368 1936 σπέρματος
3401 1863 3590 1934 ἀνδρὸς
3619 1879 3740 1915 συν-

2164 1962 2395 2033 ελήφθη,
2429 1963 2516 2015 ἵνα
2544 1963 2618 2034 μή
2645 1961 2984 2031 συνδυασμὸς
3027 1959 3120 2012 καὶ
3149 1957 3498 2030 παραπλοκὴ,
3530 1953 3665 2028 [καὶ]
3689 1955 3748 2007 ἐν

2162 2061 2229 2130 τῇ
2264 2057 2511 2128 ὲνσάρκῳ
2556 2057 2807 2124 γεννήσει
2845 2055 3094 2124 γένηται,
3147 2051 3260 2104 ἀλλ’
3299 2053 3362 2103 ὲκ
3415 2048 3619 2119 μητρὸς
3649 2065 3747 2118 μο-

2163 2145 2378 2210 νοειδῶς
2426 2145 2583 2198 ἔλαϐε
2631 2144 2731 2214 τὴν
2760 2143 2962 2214 σάρκα,
2998 2141 3091 2194 καὶ
3125 2143 3205 2203 είς
3237 2137 3427 2192 ἑαυτὸν
3462 2136 3748 2207 ἐπλήρωσε

2163 2215 2373 2292 τελείαν
2397 2238 2493 2308 τὴν
2523 2235 2715 2290 ἑαυτοῦ
2743 2233 3179 2306 ὲνανθρὼπησιν,
3209 2232 3308 2285 οὐκ
3335 2229 3526 2298 ἐλλιπῆ
3557 2225 3745 2290 οὖσαν,

2163 2329 2299 2383 ἀλλὰ
2318 2329 2597 2400 ἀληθινήν.
2627 2327 2738 2382 Καὶ
2769 2329 2849 2381 ὅτι
2878 2327 2978 2380 οὐκ
3021 2325 3130 2379 ἀπὸ
3165 2325 3475 2394 σπέρματος
3511 2323 3528 2350 ³
3555 2319 3746 2390 ἀνδρὸς

2161 2423 2260 2474 οὐκ
2288 2417 2378 2493 ἦν,
2411 2416 2523 2491 εἶχέ
2561 2438 2612 2473 τι
2651 2419 2884 2482 ἐλλιπές.
2921 2417 3106 2471 Πάντα
3139 2415 3244 2486 γὰρ
3274 2413 3494 2476 τελείως
3526 2411 3650 2482 ἔσχε
3677 2409 3744 2464 τὰ

2163 2513 2339 2566 πάντα
2389 2511 2547 2582 ἔχων,
2578 2512 2777 2583 σάρκα,
2817 2509 2910 2562 καὶ
2953 2509 3140 2579 νεῦρα,
3177 2507 3270 2560 καὶ
3306 2505 3527 2573 φλέϐας,
3559 2501 3746 2560 καὶτὰ

2163 2605 2298 2660 ἄλλα
2327 2607 2504 2660 πάντα
2528 2606 2627 2657 ὅσα
2657 2605 2774 2656 ὲστί
2795 2619 2810 2634 ·
2842 2603 3020 2674 ψυχὴν
3043 2602 3098 2655 δὲ
3131 2599 3421 2670 ἀληθινῶς,
3454 2599 3548 2662 καὶ
3569 2597 3629 2650 οὐ
3655 2597 3744 2648 δο-

2162 2701 2340 2770 κήσει,
2376 2697 2500 2752 νοῦν
2522 2697 2578 2750 δὲ
2607 2697 2701 2751 καὶ
2735 2696 2803 2749 τὰ
2831 2695 3008 2748 πάντα
3029 2695 3130 2748 ὅσα
3173 2693 3320 2746 ἐστὶν
3363 2692 3418 2743 ἐν
3444 2693 3508 2760 τῇ
3539 2688 3746 2760 ἀνθρω-

2163 2793 2328 2863 πήσει
2351 2791 2519 2862 χωρὶς
2560 2787 2856 2861 ἁμαρτίας,
2888 2789 2963 2851 ὡς
3002 2789 3346 2858 γέγραπται·
3383 2779 3744 2850 Πεπειραμέ-

2161 2901 2269 2948 νος
2318 2883 2469 2936 κατὰ
2526 2881 2725 2936 πάντα
2769 2879 3183 2947 ὼςᾶνθρωπος
3207 2875 3384 2945 χωρίς
3413 2873 3701 2944 ἁμαρτίας
3725 2889 3738 2902 ·

2164 2975 2270 3038 ἵνα,
2325 2977 2382 3026 ὲν
2429 2973 2507 3045 τῷ
2567 2973 2855 3044 μονοειδῶς
2905 2971 3135 3025 ἐνταῦθα
3187 2969 3294 3024 ἀπὸ
3339 2966 3542 3038 μητρὸς
3601 2963 3745 3018 κατά

2165 3065 2344 3136 σάρκα
2377 3065 2753 3134 γεγεννῆσθαι,
2789 3063 3030 3128 τελείως,
3056 3063 3149 3116 καὶ
3181 3064 3281 3115 οὐκ
3313 3058 3564 3122 ἐλλιπῶς,
3595 3058 3745 3134 δείξῃ

2160 3157 2271 3220 τοῖς
2297 3155 2638 3226 βουλομένοις
2663 3155 2793 3226 ὁρᾷν
2823 3154 2922 3226 τὴν
2953 3151 3230 3222 ἀλήθειαν,
3263 3152 3355 3203 καὶ
3390 3149 3464 3218 μὴ
3495 3146 3743 3217 τυφλώτ-

2161 3267 2275 3302 τειν
2298 3249 2388 3304 τὸν
2421 3247 2548 3302 ἴδιον
2576 3245 2732 3300 νοῦν’
2769 3245 2851 3298 ὅτι
2891 3244 2986 3298 καὶ
3023 3244 3133 3298 ἄνω
3167 3244 3231 3296 ὲκ
3271 3241 3484 3314 Πατρὸς
3523 3240 3743 3303 τελείως

2161 3341 2504 3411 γεγέννηται,
2567 3339 2812 3410 ἀχρόνως
2865 3337 2959 3390 καὶ
3007 3337 3294 3406 ἀνάρχως,
3339 3334 3434 3387 καὶ
3483 3333 3634 3386 κάτω
3679 3332 3743 3384 ὲκ

2167 3433 2371 3506 μητρὸς
2401 3433 2569 3504 μόνης
2597 3431 2916 3500 γεγέννηται
2942 3428 3228 3499 ἀχράντως
3270 3427 3364 3480 καὶ
3401 3424 3737 3496 ἀμολύντως.

483 3520 682 3566 caecata
713 3523 894 3569 mente
925 3531 1046 3571 esse
1075 3519 1370 3583 voluerint,
1397 3534 1520 3574 cum
1559 3519 1612 3573 in
1644 3521 1784 3575 coelo
1815 3521 2056 3591 perfecte
2092 3509 2213 3580 sine
2239 3527 2351 3581 ullo
2382 3536 2645 3595 tempore.
2681 3531 2776 3576 aut
2810 3523 2968 3576 initio
2997 3536 3066 3574 ex
3095 3519 3278 3584 Patre,
3303 3527 3416 3572 tum
3485 3519 3539 3572 in
3594 3526 3740 3572 terra

483 3603 601 3658 sine
631 3602 750 3658 labe
781 3605 888 3658 ulla
919 3617 972 3662 et
1006 3609 1238 3672 macula.
1271 3611 1384 3664 sola
1415 3625 1474 3665 se
1504 3625 1627 3666 esse
1658 3611 1724 3666 de
1751 3619 1925 3668 matre
1956 3614 2218 3682 genitum.

553 3693 744 3749 XXVI.
789 3699 964 3767 Atque
999 3705 1056 3752 ut
1088 3716 1250 3756 voces
1280 3703 1397 3756 illas
1429 3703 1870 3772 interpretemur,
1913 3704 2060 3758 Ado-

481 3789 609 3851 ηαξ,
684 3791 909 3852 canam‘,
968 3790 1072 3844 hoc
1124 3800 1236 3854 est,
1281 3793 1540 3846 Dominus
1587 3795 1890 3862 [aediﬁcavit
1943 3811 2057 3856 me;

484 3879 750 3949 quidquid
784 3881 1011 3935 alterum
1039 3883 1229 3954 gignit,
1289 3885 1468 3940 simile
1503 3885 1693 3954 utique
1725 3885 1828 3940 sibi
1861 3886 2056 3955 gignit.

487 3973 628 4041 Ergo
653 3978 708 4026 et
739 3973 1012 4027 hominem
1054 3974 1216 4028 homo
1253 3985 1508 4046 generat,
1555 3985 1609 4031 et
1654 3977 1797 4030 Deus
1841 3977 2008 4031 Deum
2041 3991 2056 4030 :

487 4063 577 4118 ille
607 4077 793 4126 carne,
822 4063 912 4118 hic
939 4067 1134 4135 spiritu
1165 4077 1407 4138 generat.
1441 4068 1632 4134 Qualis
1666 4085 1832 4138 porro
1864 4077 1948 4125 est
1974 4085 2061 4140 ge-

486 4169 690 4211 nerans
717 4155 902 4219 homo,
929 4159 1053 4213 talis
1081 4165 1164 4213 est
1188 4165 1243 4214 et
1266 4162 1499 4229 genitus.
1518 4159 1693 4216 Homo
1719 4162 1812 4230 qui
1837 4171 2062 4232 generat

483 4263 610 4304 cum
653 4247 1035 4307 aﬂectionibus
1073 4251 1146 4307 sit
1193 4253 1463 4309 obnoxius
1488 4293 1502 4317 ,
1549 4255 1773 4323 perinde
1801 4265 1855 4310 et
1887 4255 2059 4309 ﬁlium

487 4340 699 4410 gignit;
753 4339 895 4396 Deus
940 4351 1124 4398 autem
1164 4345 1314 4398 omni
1365 4345 1653 4406 affectione
1679 4361 1896 4414 carens,
1937 4347 2063 4401 sine

486 4433 674 4488 eadem
706 4441 762 4500 et
793 4434 1036 4503 genitum
1073 4449 1104 4489 a
1131 4451 1190 4491 se
1215 4433 1412 4490 Filium
1439 4437 1733 4506 produxit;
1761 4439 2060 4508 etquidem

2233 3703 2375 3769 ΚΕῩ-
2396 3705 2512 3760 Ἵνα
2545 3706 2602 3758 δὲ
2635 3706 2730 3760 καὶ
2774 3703 3197 3775 ἐρμηνεύσωμεν
3224 3703 3320 3772 τὴν
3369 3699 3464 3754 τοῦ
3507 3701 3741 3757 Ἀδωναῖ

2161 3798 2376 3854 κανανὶ
2426 3799 2589 3865 λέξιν,
2633 3799 2771 3868 ὅπερ
2816 3797 2951 3858 ἐστὶ,
2989 3795 3202 3863 Κύριος
3251 3794 3589 3846 ὲνόσσευσέ
3630 3807 3735 3862 με·

2164 3893 2273 3944 πᾶν
2295 3892 2402 3963 γὰρ
2456 3891 2515 3943 τὸ
2556 3889 2757 3959 γεννῶν
2808 3887 2991 3959 ὅμοιόν
3018 3905 3068 3938 τι
3100 3887 3370 3955 γεννήσει.
3423 3885 3738 3956 Ἀνθρωπος,

2162 3983 2450 4056 ἄνθρωπον
2495 3983 2677 4052 γεννᾷ,
2705 3982 2798 4034 καὶ
2836 3979 2966 4042 Θεὸς
2994 3979 3145 4031 Θεόν.
3185 3979 3296 4031 Καὶ
3329 3977 3358 4030 ὁ
3391 3977 3488 4048 μὲν
3535 3976 3744 4048 ἀνθρωρ

2168 4093 2268 4139 πος
2310 4076 2472 4145 γεννᾷ
2525 4073 2666 4128 κατά
2697 4075 2895 4144 σάρκα,
2933 4071 3064 4134 Θεὸς
3096 4071 3152 4124 δὲ
3189 4069 3326 4124 κατά
3367 4068 3599 4139 πνεῦμα.
3629 4069 3740 4121 Καὶ

2164 4164 2276 4232 οἶος
2302 4169 2330 4220 ὁ
2364 4167 2566 4236 γεννῶν
2611 4165 2914 4238 ἄνθρωπος,
2973 4165 3216 4226 τοιοῦτος
3256 4164 3348 4217 καὶ
3379 4171 3407 4216 ὀ
3443 4163 3532 4216 ὑπ’
3573 4161 3740 4224 αὑτοῦ⁴

2165 4259 2520 4329 γεννώμενος.
2568 4258 2712 4310 Εἴσω
2762 4256 2947 4310 παθῶν
2979 4255 3362 4326 περιεχόμενος
3401 4257 3429 4307 ὁ
3477 4254 3740 4324 γεννήσας

2165 4351 2447 4420 ἅνθρωπος
2479 4351 2569 4403 τὸν
2606 4349 2734 4402 ἴδιον
2782 4349 2924 4401 υἱόν·
2951 4347 3044 4402 καὶ
3070 4349 3097 4398 ὁ
3128 4345 3344 4414 ἀπαθὴς
3377 4345 3506 4415 Θεὸς
3531 4345 3622 4395 τὸν
3646 4345 3736 4396 ὑπ’

2163 4442 2324 4496 αὐτοῦ
2351 4443 2744 4512 γεγεννημένον
2763 4441 2888 4500 Υἱὸν
2906 4439 3130 4502 ἀπαθῶς
3151 4439 3432 4508 ἐγέννησεν
3448 4435 3735 4507 ἀληθινῶς,

489 4541 616 4580 vere
645 4543 753 4580 non
790 4527 971 4597 specie
1010 4527 1149 4592 sola,
1193 4543 1258 4584 ex
1307 4530 1624 4598 semetipso,
1655 4546 1764 4586 non
1808 4541 1960 4586 extra
2001 4547 2059 4586 se

2165 4535 2256 4587 καὶ
2298 4536 2357 4587 οὐ
2412 4534 2630 4604 δοκήσει
2656 4533 2763 4586 ἀπὸ
2794 4532 3009 4594 ἑαυτοῦ,
3039 4531 3133 4584 καὶ¹
3172 4532 3270 4583 οὐκ
3300 4531 3494 4597 ἔξωθεν
3521 4531 3734 4596 ἑαυτοῦ,

488 4620 709 4690 genuit;
753 4621 980 4690 spiritus
1033 4621 1242 4690 utique,
1297 4621 1418 4676 sine
1457 4623 1587 4686 ulla,
1639 4626 1718 4678 uti
1747 4623 1892 4686 dixi,
1925 4624 2057 4679 alie-

488 4710 690 4776 ctione,
723 4725 786 4764 ac
815 4709 933 4764 sine
963 4709 1152 4764 eadem
1181 4711 1433 4779 spiritum
1465 4729 1753 4782 generans,
1793 4713 1936 4768 Deus
1975 4715 2060 4768 af-

489 4801 742 4860 fectionis
774 4817 970 4874 expers
1000 4819 1186 4860 verum
1230 4803 1398 4859 Deum
1435 4806 1554 4860 sine
1588 4805 1874 4861 affectione
1897 4806 2054 4876 7.51

489 4895 819 4964 producens.
853 4896 1062 4950 Etenim
1097 4897 1187 4950 ille
1230 4897 1365 4966 ipse,
1398 4898 1490 4966 qui
1522 4898 1725 4953 creavit
1758 4899 1962 4963 omnia,
2005 4899 2060 4951 id

489 4985 633 5056 quod
664 4995 814 5042 netu
849 4989 1068 5058 quidem
1101 4989 1330 5042 inticiari
1362 4988 1550 5051 audes,
1577 5005 1609 5042 o
1632 4989 1745 5056 Ari,
1781 4989 1944 5053 idem,
1975 4989 2060 5044 in-

486 5093 687 5148 quam,
723 5077 917 5134 Filium
949 5081 1154 5150 genuit.
1205 5081 1384 5147 Quare
1436 5082 1481 5137 si
1524 5082 1669 5136 istud
1702 5082 1967 5151 objicias:
2006 5080 2064 5136 Si

491 5170 699 5240 genuit,
737 5171 1046 5240 passionem
1086 5173 1326 5243 aliquam
1355 5173 1624 5248 gignendo
1653 5183 1910 5244 expertus
1942 5182 2058 5239 est;

489 5261 586 5314 tibi
619 5261 719 5315 hoc
743 5262 978 5318 vicissim
1009 5279 1346 5333 opponemus
1379 5282 1392 5316 :
1431 5263 1486 5319 Si
1515 5267 1826 5336 generando
1857 5267 2062 5337 aliquid

489 5366 684 5420 passus
725 5360 841 5416 est,
889 5354 1053 5408 etiam
1101 5355 1158 5409 in
1188 5355 1424 5410 creando
1463 5356 1750 5412 laboravit.
1793 5359 1902 5413 Res
1943 5359 2060 5428 ipsa

488 5455 652 5508 porro
673 5441 752 5496 sic
777 5457 836 5497 se
869 5443 1052 5508 habet,
1073 5451 1132 5498 ut
1156 5459 1495 5514 quaecunque
1519 5447 1770 5509 voluerit,
1796 5449 1848 5500 in
1878 5447 2059 5517 seipso

489 5531 726 5602 perfecte
757 5536 1068 5602 contineat;
1101 5550 1165 5590 ac
1209 5551 1384 5606 neque
1423 5537 1476 5591 in
1509 5538 1672 5593 rebus
1705 5538 2059 5607 procreandis

487 5621 826 5680 affectionem
879 5627 1043 5681 ullam
1097 5628 1388 5698 suscipiat,
1442 5643 1618 5700 neque
1653 5641 1872 5700 propter
1917 5631 2060 5685 inte-

563 5779 588 5828 ι.
603 5778 762 5851 ῌεὶιιε.
797 5797 872 5852 ιν,
900 5783 986 5854 15,
1011 5775 1017 5782 ’

1065 5785 1092 5830 ‘.
1109 5784 1231 5840 Cor.
1257 5785 1346 5840 καὶ
1379 5786 1476 5856 οὐχ
1511 5787 1590 5840 ὅτι
1625 5786 1730 5850 ἀπὸ
1761 5787 1920 5857 σπέρ.
1951 5787 2034 5842 ἀν.
2065 5787 2184 5841 οὐκ.

2159 4625 2384 4696 Πνεῦμα
2404 4625 2478 4678 ὣν
2503 4625 2729 4690 ἀπαθὲς,
2755 4626 2848 4677 καὶ¹
2874 4623 3075 4692 γεννῶν
3095 4623 3317 4694 Πνεῦμα
3337 4622 3581 4686 ἀπαθῶς,
3604 4621 3738 4685 Θεὸς

2159 4715 2233 4769 ὢν
2265 4715 2499 4786 ἀπαθὴς,
2527 4716 2657 4770 Θεὸν
2688 4716 2938 4787 ἀληθινὸν
2961 4718 3226 4786 γεννήσας
3259 4713 3499 4776 ἀπαθῶς.
3535 4716 3596 4766 Εἰ
3627 4715 3737 4786 γὰρ

2159 4806 2320 4870 αὐτὸς
2347 4806 2526 4860 ἔκτισε
2553 4806 2621 4858 τὰ
2643 4807 2841 4869 πάντα,
2877 4807 2970 4860 καὶ
3013 4807 3312 4876 ὁμολογεῖς,
3344 4800 3388 4858 ὧ
3419 4807 3624 4875 νΛρειε,
3655 4807 3736 4858 ὅτι

2160 4897 2410 4950 κέκτικεν
2437 4900 2465 4951 ὁ
2496 4897 2627 4962 Θεὸς
2655 4898 2723 4952 τὰ
2759 4899 2958 4964 πάντα,
2990 4898 3148 4960 αὐτὸς
3181 4897 3273 4950 καὶ
3300 4897 3389 4949 τὸν
3425 4897 3550 4948 Υἱὸν
3589 4897 3737 4964 ἐγέν-

2162 5005 2344 5058 νησεν.
2373 4989 2434 5041 Εἰ
2459 4988 2514 5041 δὲ
2537 4987 2734 5057 λέγεις,
2773 4989 2900 5042 Ἐὰν
2928 4989 3232 5059 ἐγέννησεν,
3255 4989 3420 5041 ἔπαθε
3447 4989 3733 5057 γεννήσαςυ

2163 5081 2255 5132 καὶ¹
2311 5082 2470 5150 ἡμεῖς
2515 5079 2652 5150 πρὸς
2687 5081 2746 5134 σε
2784 5080 3038 5151 ἐροῦμεν,
3061 5081 3164 5144 ὅτι,
3198 5082 3245 5133 εἰ
3279 5079 3480 5148 γεννῶν
3534 5078 3734 5140 ἔπαθε,

2163 5173 2409 5244 κέκμηκε
2433 5172 2642 5238 κτίσας,
2687 5173 2824 5226 ἀλλὰ
2856 5175 2970 5245 ἅμα
3001 5173 3178 5227 πάντα
3207 5175 3242 5227 ὃ.
3269 5173 3534 5244 βούλεται,
3563 5173 3735 5225 πάντα

2159 5265 2274 5336 ἔχει
2298 5267 2354 5318 ὲν
2409 5265 2584 5335 ἐαυτῷ
2615 5267 2670 5318 ἐν
2696 5267 3029 5335 τελειότητι·
3063 5267 3156 5320 καὶ
3190 5265 3311 5318 οὔτε
3342 5267 3400 5318 ὲν
3431 5265 3510 5334 τῷ
3530 5261 3733 5326 κτίζειν

2159 5358 2238 5419 εἰς
2263 5357 2352 5410 τὸν
2385 5357 2548 5409 Υἱὸν³
2577 5357 2745 5421 πάθος
2768 5358 3048 5428 ὲνσκήψει,
3079 5357 3201 5410 οὔτε
3237 5357 3397 5409 πάθει
3417 5354 3734 5424 συνέχεσθαι

2157 5446 2218 5498 τὸ
2245 5447 2396 5500 Θεῖον
2431 5447 2519 5502 διὰ
2548 5448 2644 5518 τὴν
2685 5449 2950 5520 ἄχραντον
2979 5448 3070 5501 τοῦ
3102 5447 3231 5501 Υἰοῦ
3266 5447 3513 5516 γέννησιν
3537 5447 3732 5518 νοηθή-

2161 5557 2332 5606 σεται.
2380 5542 2684 5611 Ἀτρεπτος
2739 5541 2846 5611 γὰρ
2890 5543 2918 5592 ὁ
2965 5541 3176 5611 Πατὴρ,
3213 5541 3476 5612 ἄτρεπτος
3511 5542 3538 5592 ὁ
3581 5539 3730 5602 Υἱὸς,

2157 5631 2423 5703 ἄτρεπτον
2451 5632 2511 5684 τὸ
2541 5632 2762 5702 Πνεῦμα
2783 5633 2844 5685 τὸ
2874 5632 3049 5700 ἆγιον,
3074 5633 3170 5703 μία
3191 5633 3365 5697 οὐσία,
3396 5632 3492 5703 μία
3519 5630 3746 5710 θεότηςτλ

2263 5787 2284 5818 ³
2309 5786 2366 5842 F.
2393 5785 2604 5854 ὁτιοῦν,
2625 5802 2724 5859 pro
2753 5789 2832 5852 εἰς
2857 5788 2944 5842 τὸν
2989 5787 3146 5852 Ρὶόν.,
