4138 6396
436 416 545 474 ἳνεὸ

1124 421 1495 480 ADVERSUS
1534 424 1881 483 IUERESES
1913 426 2042 486 LIB.
2077 430 2143 486 II.
2184 424 2347 488 ΤΟΜ.
2386 433 2521 488 II.——
2541 434 2813 491 IIAZRES.
2855 434 3041 494 LXIX.

3622 436 3728 493 246

457 536 619 592 Ἀλλὰ
645 537 865 602 πάντως
888 541 1031 610 ἐρεῖς
1075 559 1164 612 μοι
1199 543 1334 613 (95)'
1365 545 1546 599 Θέλων
1568 548 1880 618 ἐγέννησεν,
1913 550 1944 622 ἢ
1969 552 2043 622 μὴ

2162 569 2319 624 grani,
2356 571 2418 608 ac
2448 556 2800 625 purissimam
2832 556 2953 611 Filii
2983 555 3389 626 generationem
3430 555 3543 624 pati
3556 554 3731 625 squid-

443 629 635 684 θέλων.
668 630 777 683 Καὶ
809 631 909 685 οὐκ
937 633 1056 702 εἰμὶ
1089 633 1231 687 κατά
1262 636 1343 700 σὲ,
1390 629 1435 688 ὦ
1469 637 1762 705 φιλόνεικε,
1790 640 1878 693 ἵνα
1905 641 1963 694 ἓν
1988 658 2039 694 τι

443 720 684 775 τοιοῦτον
716 724 795 787 εἰς
838 722 970 791 Θεὸν
1023 723 1309 795 διανοηθῶ.
1353 724 1415 779 Ei
1457 727 1555 797 μὲν
1589 728 1698 799 γὰρ
1747 730 1820 799 μὴ
1854 729 2037 800 βουλό-

449 829 612 884 μενος
638 813 948 885 ἐγέννησεν,
972 814 1121 868 ἄκων
1152 815 1410 886 ἐγέννησε
1433 833 1446 844 ⁸
1498 819 1594 871 καὶ
1621 821 1670 872 εί
1716 819 2048 891 βουλόμενος.

448 904 758 975 ἐγέννησεν,
814 904 929 976 ἄρα’
954 900 1023 977 ἦν
1065 905 1129 958 τὸ
1192 906 1445 979 βούλημα
1480 910 1588 980 πρὸ
1616 908 1711 963 τοῦ
1741 909 1869 963 Υἱοῦ
1899 927 1912 939 ·
1946 911 2039 964 καὶ

446 997 601 1051 ἔσται
640 998 742 1051 κᾶν
779 998 920 1070 ῥοπὴ
962 999 1156 1069 χρόνον
1195 1001 1402 1070 μεταξὺ
1442 1002 1575 1056 Υἱοῦ
1605 1003 1693 1058 διὰ
1719 1003 1811 1057 τοῦ
1845 1004 2041 1076 βουλή-

451 1105 642 1156 ματος.
689 1087 779 1141 Ἐν
800 1082 1001 1160 Θεῷδὲ
1024 1090 1085 1142 οὐ
1110 1091 1300 1161 χρόνος
1331 1092 1411 1156 εἰς
1446 1091 1664 1164 βουλὴν,
1698 1094 1757 1146 οὐ
1787 1092 2042 1164 βούλησις

448 1184 530 1244 εἰς
566 1183 864 1254 διανόησιν.
921 1185 1058 1240 Οὔτε
1106 1183 1201 1242 οὖν
1252 1188 1421 1242 θέλων
1466 1189 1776 1262 ἐγέννησεν,
1806 1190 1930 1244 οὔτε
1965 1191 2041 1262 μὴ

450 1272 640 1337 θέλων,
675 1274 813 1328 ἀλλὰ
859 1276 921 1330 ἐν
961 1280 1031 1348 τῇ
1081 1277 1223 1348 ὑπὲρ
1269 1278 1461 1349 βουλὴν
1512 1279 1692 1350 φύσει.
1725 1281 1892 1345 Φύσις
1931 1280 2041 1354 γὰρ

449 1365 602 1435 αὐτῷ
660 1368 777 1420 ἐστι
818 1366 1098 1439 θεότητος,
1132 1369 1257 1423 οὔτε
1308 1370 1506 1441 βουλῆς
1547 1374 1893 1445 ἐπιδεομένη,
1917 1374 2042 1428 οὔτε

450 1457 578 1509 ἄνευ
619 1455 813 1528 βουλῆς
854 1475 910 1511 τι
962 1460 1297 1530 πράττουσα,
1346 1461 1458 1515 ἀλλ’
1494 1462 1608 1532 ἅμα
1651 1462 1712 1527 ἐξ
1753 1464 1918 1534 αὐτῆς
1977 1464 2044 1518 τὰ

450 1548 632 1604 πάντα
666 1548 886 1621 ἔχουσα,
922 1553 1017 1606 καὶ
1046 1552 1200 1607 οὐδὲν
1228 1553 1491 1608 λείπουσα
1509 1554 1617 1609 τῶν
1643 1554 1835 1609 ὄντων.

2147 661 2311 716 quam
2371 646 2617 701 divinum
2670 663 2871 702 numen
2936 646 3183 716 aﬂicique
3237 646 3603 722 suspicemur.
3670 641 3731 700 Si

2152 737 2371 807 quidem
2402 738 2762 793 immutabilis
2802 750 2887 794 est
2912 737 3096 804 Pater,
3143 737 3506 793 immutabilis
3537 735 3730 799 Filius,

2147 830 2504 885 immutabilis
2555 828 2795 901 Spiritus
2841 838 3089 894 sanctus,
3151 844 3259 884 una
3306 830 3569 892 essentia,
3623 842 3731 883 una

2147 921 2424 976 divinitas.
2451 921 2521 975 At
2551 900 2696 977 enim
2726 922 2876 978 dices
2905 942 2917 977 :
2948 921 3045 978 Vel
3078 922 3381 986 voluntate,
3422 921 3511 976 vel
3539 900 3759 990 praeteri

2144 1013 2480 1071 voluntatem
2529 1015 2738 1085 genuit.
2788 1014 2901 1086 Ego
2944 1029 3078 1070 vero
3126 1027 3475 1084 nequaquam
3519 1027 3615 1068 ero
3653 1010 3734 1065 tui

2145 1106 2361 1169 similis,
2395 1107 2556 1161 homo
2580 1108 3109 1173 contentiosissime,
3126 1116 3184 1163 ut
3209 1108 3277 1163 de
3302 1107 3412 1163 Deo
3431 1105 3734 1176 quidquam

2145 1197 2419 1267 ejusmodi
2475 1198 2743 1269 cogitem;
2794 1215 2919 1253 nam
2981 1200 3097 1255 sive
3151 1206 3349 1269 praeter
3397 1197 3738 1252 voluntatem

2144 1289 2351 1358 genuit,
2398 1288 2603 1344 invitus
2630 1291 2841 1360 genuit,
2894 1290 3010 1345 sive
3059 1290 3579 1361 voluntate-genuit,
3620 1288 3739 1342 haec

2150 1379 2268 1447 ipsa
2295 1379 2547 1435 voluntas
2576 1378 2773 1434 Filium
2801 1382 3097 1437 antecessit
3121 1397 3132 1431 :
3165 1379 3311 1436 unde
3334 1381 3419 1436 vel
3452 1378 3737 1434 minimum

2153 1470 2344 1522 saltem
2394 1477 2992 1542 momentumpropter
3041 1472 3178 1526 illud
3212 1472 3514 1527 voluntatis
3543 1469 3738 1524 decre-

2156 1570 2268 1614 tum
2299 1570 2426 1617 ante
2456 1561 2652 1617 Filium
2687 1565 2936 1639 intercipi
2978 1565 3195 1636 poterit.
3225 1565 3294 1619 At
3330 1566 3386 1618 in
3415 1558 3528 1620 Deo
3557 1577 3738 1632 neque

451 1655 669 1716 tempus
723 1647 792 1703 ad
846 1648 1174 1718 capiendum
1218 1651 1531 1715 consilium,
1582 1667 1755 1722 neque
1786 1652 2040 1709 voluntas
2067 1655 2132 1709 ad
2164 1659 2548 1729 cegitationem
2606 1664 2923 1733 requiritur.
2979 1663 3251 1729 Quocirca
3311 1677 3490 1732 neque
3546 1659 3747 1716 volens

452 1752 629 1808 neque
660 1753 791 1794 vero
840 1741 1036 1796 nolens
1071 1742 1280 1813 genuit,
1322 1743 1417 1798 sed
1472 1744 1528 1798 in
1567 1753 1787 1811 natura,
1831 1761 1952 1815 qua:
1986 1750 2218 1804 consilio
2257 1754 2405 1807 omni
2446 1756 2697 1825 superior
2751 1765 2854 1811 est.
2888 1755 3015 1811 Hinc
3044 1757 3188 1811 enim
3232 1765 3318 1813 est
3359 1765 3554 1810 natura
3601 1751 3744 1806 divi-

453 1830 663 1895 uitatis,
695 1837 756 1885 ut
787 1846 964 1901 neque
1014 1834 1250 1889 consilio
1278 1840 1455 1904 egeat,
1507 1849 1608 1890 nec
1651 1836 1860 1907 absque
1892 1838 2123 1893 consilio
2180 1843 2476 1914 quidquam
2524 1848 2801 1914 moliatur,
2850 1847 2946 1904 sed
2978 1862 3065 1915 ex
3110 1849 3293 1920 seipsa
3324 1846 3490 1904 simul
3543 1843 3742 1901 habeat

453 1924 658 1990 omnia,
694 1940 797 1980 nec
836 1925 947 1980 ulla
986 1941 1047 1981 re
1080 1926 1389 1981 deiiciatur.

524 2023 652 2076 KZ'.
683 2022 804 2076 Ἐτι
836 2022 893 2076 δὲ
913 2022 1077 2077 πάλιν
1108 2025 1136 2077 ὁ
1158 2023 1321 2087 αὐτὸς
1337 2024 1555 2094 Ἀρειος
1582 2023 1819 2096 θηρᾶται
1836 2024 2033 2090 λέξεις,

2219 2026 2429 2084 XXVII.
2470 2026 2589 2083 Jam
2625 2044 2752 2083 vero
2794 2027 2938 2082 idem
2979 2027 3071 2083 ille
3096 2027 3282 2092 Arius,
3315 2027 3407 2097 qui
3436 2026 3492 2081 in
3525 2037 3745 2098 captan-

456 2112 792 2184 περινοστῶν
841 2114 930 2167 ἀεὶ
997 2115 1065 2168 τὰ
1127 2115 1339 2179 πάντα,
1389 2115 1483 2168 καὶ
1542 2115 2043 2188 περιεργαζόμενος

454 2205 637 2277 ἑαυτῷ
686 2208 756 2262 τὰ
817 2207 1086 2279 μοχθηρὰ,
1114 2209 1214 2278 οὐχ
1252 2208 1327 2272 ὡς
1365 2206 1479 2278 ἔχει
1510 2208 1572 2261 τὸ
1616 2207 2049 2282 θεῖον’γράμμα,

455 2298 571 2352 ἀλλ’
606 2299 682 2363 ὡς
727 2298 891 2362 αὐτὸς
917 2299 1090 2353 νοσῶν
1129 2299 1258 2370 περὶ
1310 2299 1410 2363 τὰς
1450 2301 1706 2372 ζητήσεις
1760 2303 1851 2356 καὶ
1896 2302 2052 2371 λογο-

458 2390 662 2461 μαχίας
702 2393 782 2455 είς
821 2392 974 2446 οὐδὲν
1028 2393 1496 2464 χρήσιμονγὰλκ
1542 2394 1635 2446 ἐπὶ
1696 2397 2051 2466 καταστροφῇ

454 2481 650 2536 ἑαυτοῦ
710 2484 807 2537 καὶ
854 2484 965 2537 τῶν
994 2483 1085 2536 ὑπ’
1122 2483 1286 2537 αὑτοῦ
1321 2483 1773 2557 πεπλανημένων,
1815 2485 2054 2556 ἐπιλαμ-

455 2575 681 2630 ϐάνεται
742 2575 837 2630 τοῦ
910 2573 1076 2648 ῥητοῦ
1105 2619 1120 2642 ,
1178 2572 1237 2630 οὗ
1280 2580 1309 2631 ὁ
1351 2577 1555 2648 Κύριος
1628 2577 1863 2648 εὐλογῶν
1929 2579 2058 2642 τοὺς

459 2667 709 2739 μαθητὰς
748 2667 886 2739 ἔφη·
922 2667 1136 2737 Πάτερ,
1187 2667 1293 2736 δὸς
1333 2669 1541 2737 αὐτοῖς
1585 2668 1737 2740 ζωὴν
1779 2670 1946 2740 ἔχειν
1991 2671 2058 2726 ἐν

455 2760 714 2827 ἑαυτοῖς.
756 2760 921 2829 Αὕτη
972 2760 1040 2815 δέ
1073 2761 1246 2814 ἐστιν
1284 2761 1323 2829 ἡ
1363 2760 1597 2829 αἰώνιος
1638 2759 1772 2830 ζωὴ,
1823 2763 1925 2817 ἵνα
1970 2782 2058 2833 τι-

456 2852 740 2907 νώσκωσι
811 2870 885 2910 σε
941 2855 1051 2907 τὸν
1087 2854 1281 2924 μόνον
1344 2854 1640 2922 ἀληθινὸν
1698 2855 1846 2909 Θεὸν
1873 2896 1886 2918 ,
1962 2854 2061 2909 καὶ

458 2946 533 2999 ὃν
577 2946 943 3013 ἀπέστειλας
999 2946 1236 3014 Ἰησοῦν
1272 2948 1550 3014 Χριστόν.
1618 2946 1760 3000 Ἀλλ’
1816 2948 1917 3018 ιἤδη
1970 2965 2062 3018 μοι

459 3039 957 3110 πεπραγμάτευται
985 3040 1115 3111 περὶ
1142 3039 1348 3113 τούτων
1389 3038 1605 3093 πάντων
1639 3041 1696 3092 ὲν
1727 3039 1807 3111 τῷ
1835 3040 2056 3111 μεγάλῳ

458 3133 590 3202 περὶ
641 3131 879 3196 πίστεως
923 3131 1089 3203 λόγῳ,
1231 3131 1394 3185 πάλιν
1447 3132 1590 3185 κατὰ
1621 3131 1721 3202 τὴν
1760 3131 1918 3202 ἡμῶν
1970 3149 2066 3203 με-

457 3223 720 3295 τριότητα
744 3225 840 3278 καὶ
867 3223 1177 3289 ἀσθένειαν,
1217 3222 1657 3292 ἀναγκασθέντες
1682 3223 1788 3276 ὑπὸ
1816 3223 1917 3293 τῆς
1948 3224 2059 3276 τῶν

460 3314 708 3386 ἀδελφῶν
765 3314 1188 3388 προτρεπτικῆς
1236 3315 1662 3387 παρακλήσεως,
1708 3316 2067 3387 γεγράφαμεν

2153 2121 2239 2177 dis
2268 2122 2494 2178 vocibus
2520 2122 2595 2176 ita
2624 2129 2771 2177 totus
2795 2129 2902 2188 est,
2932 2121 3117 2175 omnia
3149 2127 3211 2175 ut
3239 2119 3528 2191 diligenter
3554 2118 3740 2183 obeat,

2159 2232 2224 2273 ac
2266 2217 2584 2287 perlustret,
2615 2224 2780 2286 atque
2824 2216 3071 2286 improba
3104 2213 3353 2284 quaedam
3382 2213 3745 2283 undequaque

2153 2309 2404 2380 vestiget,
2448 2324 2556 2363 non
2596 2318 2654 2362 ut
2691 2306 2892 2363 divinis
2928 2306 3149 2361 Litteris
3200 2314 3570 2360 consentanea
3606 2305 3741 2367 sint,

2154 2401 2250 2458 sed
2285 2416 2384 2471 pro
2421 2415 2486 2456 eo
2515 2409 2677 2471 atque
2716 2401 2894 2470 ipsum
2948 2398 3114 2453 animi
3165 2398 3389 2453 morbus
3442 2397 3740 2468 impulerit,

2155 2509 2265 2565 quo
2295 2492 2360 2548 ad
2386 2496 2580 2549 inanes
2627 2492 2962 2563 quaestiones
2981 2529 2995 2554 ,
3023 2497 3077 2544 et
3107 2488 3399 2544 verborum
3430 2489 3733 2555 contentio-

2158 2602 2253 2643 nes
2284 2587 2514 2657 rapitur,
2526 2601 2649 2657 quae
2676 2586 2812 2641 nulli
2846 2585 3002 2641 alteri
3036 2583 3161 2639 usui
3190 2583 3323 2647 sint,
3349 2598 3514 2654 quam
3540 2590 3601 2638 ut
3635 2592 3743 2637 tam

2159 2682 2373 2752 ipsum,
2404 2695 2568 2751 quam
2618 2687 2919 2735 sectatores
2961 2693 3094 2734 suos
3134 2679 3191 2733 in
3229 2677 3526 2749 perniciem
3568 2676 3745 2745 conji-

2160 2774 2328 2829 ciant.
2364 2771 2566 2827 Eodem
2602 2772 2768 2841 igitur
2802 2770 3057 2826 instituto
3090 2770 3238 2823 illam
3272 2767 3486 2824 Domini
3516 2775 3739 2823 senten-

2164 2861 2294 2914 tiam
2330 2859 2544 2929 arripit,
2576 2875 2706 2929 qua,
2741 2874 2865 2912 cum
2898 2858 3186 2929 discipulis
3225 2858 3343 2913 suis
3389 2857 3529 2913 bene
3561 2872 3750 2927 preca-

2162 2961 2334 3015 retur,
2365 2968 2498 3007 usus
2531 2968 2654 3007 esse
2693 2951 2891 3021 legitur
2924 2968 2937 3004 :
2981 2949 3169 3015 Pater,
3204 2949 3275 3003 da
3305 2950 3416 3004 illis
3450 2950 3615 3004 vitam
3647 2948 3748 3002 ha-

2164 3045 2282 3099 bere
2326 3045 2381 3097 in
2426 3044 2736 3112 semetipsis.
2774 3042 2900 3096 Haec
2927 3051 3006 3096 est
3043 3051 3222 3096 autem
3273 3041 3382 3096 vita
3427 3051 3648 3104 (eterna,
3684 3052 3744 3093 ut

2166 3143 2479 3207 cognoscant
2510 3143 2558 3187 te
2585 3133 2758 3187 solum
2789 3149 2968 3187 verum
3006 3131 3170 3186 Deum
3194 3171 3209 3195 ,
3258 3138 3310 3185 et
3354 3147 3509 3200 quem
3559 3130 3752 3185 misisti

2166 3227 2350 3281 Jesum
2386 3225 2711 3281 Christum’.
2746 3223 2948 3279 Verum
2980 3223 3048 3279 de
3078 3224 3163 3279 his
3191 3224 3446 3279 omnibus
3471 3223 3585 3292 jam
3625 3229 3752 3277 ante

2169 3316 2569 3387 disputavimus
2613 3315 2669 3369 in
2720 3330 2919 3385 magno
2965 3314 3058 3368 illo
3105 3313 3172 3369 de
3218 3313 3320 3368 ﬁde
3368 3313 3529 3376 libro,
3561 3327 3753 3382 quem,

462 3408 593 3480 περὶ
618 3407 854 3472 πίστεως
875 3425 890 3439 ·
981 3407 1124 3480 λόγῳ
1141 3406 1449 3478 ὲπεθέμεθα
1468 3406 1640 3478 ὄνομα
1667 3408 2049 3477 Ἁγκυρωτόν.

2166 3418 2268 3473 pro
2297 3404 2502 3474 ingenii
2533 3404 2709 3459 nostri
2740 3402 3118 3459 mediocritate
3150 3412 3314 3474 atque
3348 3402 3747 3464 imbecillitate,

462 3499 573 3552 Καὶ
601 3498 715 3570 γὰρ
746 3498 998 3566 καθάπερ
1038 3500 1066 3550 ὁ
1102 3498 1368 3570 ἡμέτερος
1398 3497 1645 3569 ἐξίσχυσε
1692 3498 1905 3569 πτωχὸς
1945 3498 2068 3562 νοῦς

462 3590 552 3644 διὰ
572 3592 672 3662 τῆς
693 3590 789 3645 τοῦ
808 3590 944 3645 Θεοῦ
970 3590 1244 3662 βοηθείας,
1260 3593 1324 3644 ὲκ
1353 3591 1536 3661 πάσης
1554 3590 1780 3662 Γραφῆς
1806 3590 2067 3659 συνάγον-

463 3700 556 3748 τες·
591 3685 662 3738 τὰ
708 3684 938 3757 ἀληθινὰ
970 3685 1072 3755 τῆς
1109 3683 1203 3738 τοῦ
1238 3682 1373 3736 Θεοῦ
1403 3684 1772 3748 διδασκαλίας,
1813 3683 2063 3756 ἄγκυραν

466 3776 658 3850 ὥσπερ
684 3781 798 3844 τοῖς
852 3778 1202 3850 βουλομένοις
1240 3779 1340 3849 τὴν
1373 3779 1534 3847 ἁγίαν
1564 3779 1816 3850 πατέρων
1858 3778 2065 3840 πίστιν,

466 3870 835 3943 ἀποστολικήν
858 3888 921 3924 τε
962 3872 1055 3925 καὶ
1094 3872 1463 3943 προφητικὴν,
1492 3871 1585 3924 καὶ
1616 3871 1709 3922 ἀπ’
1737 3869 1912 3941 ἀρχῆς
1938 3869 2068 3938 ἄχρι

466 3964 561 4018 τοῦ
607 3964 768 4036 δεῦρο
824 3965 883 4017 ἐν
933 3965 1002 4035 τῇ
1056 3964 1189 4034 ἁγία
1233 3961 1327 4016 τοῦ
1364 3961 1499 4016 Θεοῦ
1556 3960 1854 4032 Ἐκκλησία
1884 3976 2068 4031 κεκη-

470 4059 771 4131 ρυγμένην,
804 4054 1378 4128 σαφῶςπαρεθέμεθα,
1405 4053 1484 4119 εἷς
1516 4055 1579 4108 τὸ
1611 4054 1936 4125 κατέχεσθαι
1969 4053 2067 4124 τὴν

467 4148 731 4213 διάνοιαν,
763 4150 859 4203 καὶ
909 4146 1328 4218 ἀσφαλίςεσθαι,
1386 4146 1462 4218 μὴ
1507 4149 1630 4210 ταῖς
1673 4146 1939 4209 ἐπινοίαις
1971 4144 2065 4199 τοῦ

468 4241 717 4295 διαϐόλου
753 4240 1087 4313 ριπίζεσθαι,
1119 4240 1255 4312 μηδὲ
1296 4238 1656 4310 κλυδωνισμῷ
1688 4237 2070 4310 παραϐλάπτε-

470 4335 596 4389 σθαι
624 4335 702 4407 τῷ
735 4337 846 4390 ἀπὸ
898 4335 1006 4389 τῶν
1056 4335 1326 4406 αἱρέσεων
1355 4336 1413 4387 ἐν
1464 4335 1657 4406 κόσμῳ
1682 4332 2067 4398 πολυὸλύστως

469 4428 838 4500 κεκινημένῳ.
892 4428 1052 4482 Οὕτω
1103 4428 1215 4500 γὰρ
1273 4429 1368 4482 καὶ
1401 4430 1429 4481 ὁ
1458 4427 1664 4499 Κύριος
1703 4425 1912 4492 ἐδίδαξε
1940 4428 2066 4492 τοὺς

468 4518 664 4574 ἑαυτοῦ
740 4518 990 4590 μαθητὰς
1042 4519 1238 4589 λέγων,
1284 4521 1366 4573 ὅτι
1428 4519 1572 4572 Ἐὰν
1619 4518 1764 4587 ὅπερ
1786 4517 2067 4587 ἀπαρχῆς

468 4613 796 4680 ἠκούσατε,
833 4611 993 4682 μένῃ
1035 4612 1103 4665 ἐν
1148 4611 1312 4679 ὑμῖν,
1340 4610 1459 4682 [καὶ
1501 4610 1595 4664 ἐὰν
1623 4611 1681 4663 ὲν
1712 4610 1840 4679 ὑμῖν
1878 4610 2012 4681 μένῃ
2039 4610 2068 4662 ὃ

468 4703 740 4774 ἠκούσατε
772 4702 1075 4775 ἀπαρχῆς,]
1098 4703 1267 4773 ὑμεῖς
1296 4704 1367 4755 ἐν
1398 4702 1526 4772 ἐμοὶ
1540 4703 1794 4771 μενεῖτε,
1828 4702 1926 4754 καὶ
1951 4700 2066 4770 ἐγὼ

469 4799 540 4849 ἐν
587 4796 753 4866 ὑμῖν,
804 4796 966 4867 κάγὼ
1017 4796 1087 4850 ἐν
1113 4794 1195 4862 τῷ
1230 4796 1438 4864 Πατρὶ,
1490 4794 1589 4848 καὶ
1618 4794 1790 4864 ὑμεῖς
1817 4784 1887 4848 ἐν
1915 4795 2065 4864 ἐμοί.

473 4884 637 4937 Ὥστε
666 4880 760 4938 οὖν
783 4885 853 4937 τὰ
880 4885 1134 4956 ἀπαρχῆς
1167 4884 1506 4939 ἀκουσθέντα
1539 4885 1644 4938 ὑπὸ
1677 4885 1694 4915 ¹
1726 4884 2063 4955 τοῦ,Κυρίου

473 4975 711 5047 ἀληθινὰ
760 4976 862 5046 τῆς
913 4974 1152 5040 πίστεως
1209 4977 1359 5047 μένει
1420 4978 1479 5029 ὲν
1506 4980 1571 5048 τῇ
1618 4976 1747 5049 ἁγία
1796 4976 1891 5029 τοῦ
1929 4975 2066 5029 Θεοῦ

485 5062 813 5135 Ἐκκλησία·
862 5065 957 5119 καὶ
1009 5065 1099 5119 διὰ
1141 5065 1305 5120 τοῦτο
1353 5067 1503 5137 μένει
1540 5069 1573 5137 ἡ
1614 5067 1744 5135 ἁγία
1781 5066 1875 5120 τοῦ
1932 5066 2068 5120 Θεοῦ

485 5154 805 5226 Ἐκκλησία,
875 5157 970 5211 καὶ
1017 5157 1299 5229 ὀρθόδοξος
1356 5160 1538 5223 πίστις
1591 5161 1649 5212 ἐν
1689 5160 1901 5231 Κυρίῳ,
1924 5160 2067 5214 καὶὸ

2170 3496 2403 3551 fratrum
2452 3504 2764 3553 nostrorum
2814 3496 3070 3568 precibus
3113 3503 3168 3551 et
3217 3496 3620 3551 hortationibus
3656 3494 3758 3549 ad-

2170 3592 2319 3647 ducti
2375 3592 2834 3662 perscripsimus,
2873 3590 2961 3645 cui
3002 3593 3268 3643 Ancorato
3306 3603 3506 3644 nomen
3553 3587 3757 3643 indidi-

2173 3701 2330 3747 mus,
2362 3693 2655 3756 propterea
2693 3684 2842 3755 quod
2888 3691 3156 3754 quantum
3204 3698 3302 3752 pro
3334 3681 3537 3752 ingenii
3577 3681 3751 3736 nostri

2171 3779 2375 3848 inepia,
2408 3778 2702 3848 adjuvante
2742 3776 2871 3842 Deo,
2904 3777 3166 3848 consequi
3198 3774 3498 3846 potuimus,
3529 3788 3597 3829 ex
3625 3773 3752 3828 uni-

2168 3885 2329 3923 versa
2381 3869 2664 3939 Scriptura
2712 3885 2839 3924 vera
2871 3884 2934 3923 ac
2965 3883 3224 3939 germana
3252 3867 3452 3922 divine
3489 3866 3755 3921 doctrinae

2170 3959 2424 4029 dogmata
2463 3959 2804 4029 colligentes,
2850 3959 3019 4030 752
3043 3959 3194 4013 velut
3221 3958 3519 4012 anchoram
3560 3971 3755 4027 quam-

2170 4051 2296 4106 dam
2343 4052 2619 4105 ineorum
2663 4052 2757 4121 qui
2800 4051 2880 4105 uti
2909 4052 3130 4113 vellent,
3179 4048 3435 4121 gratiam,
3468 4046 3755 4103 sanctissi-

2170 4159 2314 4197 mam
2350 4153 2565 4214 patrum
2598 4154 2915 4198 nostrorum
2955 4142 3139 4205 ﬁdem,
3182 4150 3236 4195 et
3268 4140 3650 4212 apostolicam,
3690 4155 3756 4194 ac

2172 4235 2543 4305 propheticam
2575 4233 2644 4288 ab
2682 4232 2841 4286 initio
2871 4231 2940 4286 ad
2973 4232 3296 4286 hodiernum
3334 4245 3510 4299 usque
3540 4239 3755 4300 tempus

2171 4327 2225 4379 in
2257 4335 2446 4380 sancta
2475 4322 2570 4379 Dei
2606 4322 2855 4378 Ecclesia
2896 4321 3244 4393 praedicatam
3299 4318 3591 4375 manifeste
3626 4334 3755 4389 pro-

2172 4419 2479 4489 posuimus,
2512 4418 2578 4471 ad
2613 4416 2918 4472 fulciendos
2942 4422 2996 4470 et
3027 4413 3387 4470 stabiliendos
3417 4413 3655 4476 animos,
3686 4426 3755 4465 ne

2170 4511 2373 4565 diaboli
2404 4510 2729 4565 commentis
2760 4523 2825 4563 ac
2858 4507 3142 4563 fraudibus
3175 4507 3283 4560 huc
3315 4507 3557 4575 illucque
3575 4504 3753 4575 jacta—
3830 4539 3842 4550 .

2170 4613 2381 4666 rentur,
2418 4613 2515 4657 aut
2551 4618 2620 4657 ex
2653 4602 2722 4657 iis
2749 4608 3140 4671 tempestatum
3176 4598 3455 4661 ﬂuctibus,
3480 4612 3623 4669 quos
3652 4612 3751 4651 va-

2170 4697 2265 4751 ria:
2312 4697 2365 4749 in
2412 4696 2546 4751 orbe
2586 4695 2822 4749 han-eses
2854 4693 3144 4764 multiplici
3175 4692 3474 4762 agitatione
3510 4705 3754 4745 commo-

2172 4799 2322 4853 vent,
2351 4789 2664 4844 detrimenti
2693 4789 2994 4859 quidquam
3020 4788 3353 4857 acciperent.
3407 4785 3499 4840 Sic
3529 4785 3674 4840 enim
3700 4795 3755 4839 et

2173 4880 2472 4952 discipulos
2508 4894 2637 4937 suos
2671 4878 2935 4934 Dominus
2965 4877 3184 4931 edocuit
3218 4896 3229 4930 :
3267 4876 3348 4940 Si,
3381 4875 3581 4946 inquit,
3613 4878 3752 4944 quod

2172 4973 2325 5026 initio
2361 4970 2588 5025 audistis
2616 4973 2671 5024 in
2701 4971 2842 5025 vobis
2878 4971 3131 5025 manserit
3156 5011 3170 5035 ,
3206 4986 3292 5023 vos
3325 4969 3379 5022 in
3406 4984 3487 5022 me
3517 4968 3749 5021 manebi-

2172 5068 2276 5129 tis,
2315 5076 2363 5119 et
2401 5082 2494 5135 ego
2527 5066 2581 5118 in
2621 5065 2764 5118 vobis
2797 5080 2815 5117 :
2850 5082 2941 5134 ego
2981 5066 3034 5118 in
3085 5064 3249 5118 Patre
3288 5073 3338 5116 et
3378 5079 3465 5116 vos
3516 5063 3569 5116 in
3609 5078 3689 5115 me
3707 5062 3748 5113 ³.

2170 5159 2342 5229 Igitur
2377 5174 2511 5212 verae
2540 5157 2659 5212 lidei
2688 5157 2922 5221 decreta,
2956 5174 3077 5227 quae
3103 5174 3133 5211 a
3170 5157 3387 5212 Christo
3418 5153 3649 5209 Domino
3684 5156 3753 5208 ab

473 5244 680 5315 Κύριος
712 5246 741 5297 ὁ
781 5246 1076 5316 μονογενὴς
1126 5249 1184 5301 ἐν
1239 5247 1317 5319 τῷ
1348 5250 1546 5320 Πατρὶ,
1577 5251 1672 5302 καὶ
1701 5251 1730 5303 ὁ
1774 5249 1966 5322 Πατὴρ
2009 5253 2057 5307 ἐκ

2174 5252 2333 5306 initio
2370 5260 2594 5322 accepta
2637 5261 2787 5315 sunt,
2842 5266 3006 5321 penes
3039 5258 3284 5305 sanctam
3319 5248 3412 5303 Dei
3447 5243 3750 5302 Ecclesiam

548 5406 564 5436 ¹
597 5402 725 5458 Cor.
758 5403 887 5457 ἀπό.
963 5407 984 5436 ²
1015 5402 1172 5461 Joan.
1207 5405 1418 5471 xvu,2,
1450 5404 1503 5458 5.
1582 5404 1601 5433 ³
1625 5404 1784 5459 Joan.
1813 5422 1930 5469 vm,
1956 5406 2057 5472 51;

2162 5447 2176 5469 ,
2200 5407 2268 5472 ἇς
2304 5422 2434 5471 xvu,
2465 5406 2549 5460 21.

559 5559 674 5630 (95)
700 5558 881 5613 Ἀλλὰ
926 5559 1164 5626 πάντως
1194 5559 1348 5629 ἐρεῖς
1377 5580 1497 5629 μοι.
1557 5559 1911 5616 Observanda
1948 5558 2064 5614 hinc

484 5631 786 5702 Epiphanii
816 5630 891 5702 ad
928 5632 1260 5702 Arianorum
1318 5633 1537 5701 objecta
1578 5632 1886 5700 responsio,
1936 5647 2061 5702 cum

492 5699 561 5756 rit
596 5699 737 5754 οὔτε
770 5700 1013 5764 θέλοντα,
1046 5700 1173 5754 οὔτε
1205 5701 1281 5772 μὴ
1312 5699 1536 5756 θέλοντα
1563 5699 1779 5757 Patrem
1807 5701 2063 5771 genuisse

490 5772 684 5826 Filium
712 5789 727 5836 ;
760 5787 885 5824 nam
919 5774 1325 5828 vetustissrmos
1346 5773 1533 5828 Patres
1561 5774 1695 5827 satis
1716 5782 1933 5825 constat
1960 5772 2063 5825 hac

491 5848 543 5896 iu
580 5850 734 5911 parte
769 5857 883 5897 non
906 5843 1026 5897 sine
1050 5842 1305 5898 cautione
1340 5843 1620 5913 legendos,
1663 5843 1756 5912 qui
1804 5858 2064 5896 nonnun-

491 5927 657 5985 quam
706 5912 925 5970 Patrem
957 5920 1214 5969 asserunt
1247 5912 1527 5970 voluntate
1566 5930 1666 5970 sca
1699 5913 1897 5968 Filium
1925 5927 2059 5982 pro-

2172 5560 2418 5615 duxisse.
2472 5560 2549 5613 lta
2612 5559 2961 5621 Justinus,ut
3007 5573 3173 5626 supra
3230 5559 3563 5619 monuimus,
3610 5575 3753 5612 κατα

2173 5631 2371 5702 βουλὴν
2418 5631 2550 5684 Θεὸν
2583 5631 2715 5685 ὄντα
2750 5630 2877 5684 Υἱὸν
2914 5631 3077 5685 αὐτοῦ
3132 5631 3289 5684 dixit.
3322 5629 3753 5702 CaeterunrAu-

2172 5699 2428 5771 gustiuus
2465 5703 2783 5771 sophistica:
2822 5702 2899 5754 illi
2932 5703 3262 5771 Arianorum
3293 5699 3622 5754 cavillationi
3658 5699 3744 5751 in-

2172 5770 2391 5842 geniosc
2442 5788 2507 5828 ac
2536 5770 2813 5829 Subtiliter
2839 5775 3105 5839 oceurrit,
3151 5770 3288 5824 Trac
3319 5810 3331 5825 .
3379 5778 3550 5823 contr.
3589 5783 3750 5824 serm.
3820 5770 3839 5804 λ’

2172 5843 2302 5896 Aria
2311 5861 2363 5896 η.
