  <div class='ocr_page' id='page_1' title='image "/cluster/home/n/w/nwhite01/storage/ocr_20150623/42/nnc1.0046978682/147.png"; bbox 0 0 4138 6396; ppageno 0'>
   <div class='ocr_carea' id='block_1_1' title="bbox 357 311 464 368">
    <p class='ocr_par' dir='ltr' id='par_1_1' title="bbox 357 311 464 368">
     <span class='ocr_line' id='line_1_1' title="bbox 357 311 464 368; baseline -0.037 1"><span class='ocrx_word' id='word_1_1' title='bbox 357 311 464 368; x_wconf 61' lang='grc'><strong>247</strong></span> 
     </span>
    </p>
   </div>
   <div class='ocr_carea' id='block_1_2' title="bbox 1763 315 2212 374">
    <p class='ocr_par' dir='ltr' id='par_1_2' title="bbox 1763 315 2212 374">
     <span class='ocr_line' id='line_1_2' title="bbox 1763 315 2212 374; baseline -0.002 -4"><span class='ocrx_word' id='word_1_2' title='bbox 1763 315 1822 374; x_wconf 87' lang='lat' dir='ltr'><strong>S.</strong></span> <span class='ocrx_word' id='word_1_3' title='bbox 1863 315 2212 372; x_wconf 77' lang='lat' dir='ltr'><strong>EPlPllANll</strong></span> 
     </span>
    </p>
   </div>
   <div class='ocr_carea' id='block_1_3' title="bbox 3553 311 3658 372">
    <p class='ocr_par' dir='ltr' id='par_1_3' title="bbox 3553 311 3658 372">
     <span class='ocr_line' id='line_1_3' title="bbox 3553 311 3658 372; baseline 0.038 -4"><span class='ocrx_word' id='word_1_4' title='bbox 3553 311 3658 372; x_wconf 67' lang='grc' dir='ltr'><strong>ειε</strong></span> 
     </span>
    </p>
   </div>
   <div class='ocr_carea' id='block_1_4' title="bbox 359 425 1970 506">
    <p class='ocr_par' dir='ltr' id='par_1_4' title="bbox 359 425 1970 498">
     <span class='ocr_line' id='line_1_4' title="bbox 359 425 1970 498; baseline 0.004 -17"><span class='ocrx_word' id='word_1_5' title='bbox 359 427 618 484; x_wconf 80' lang='lat' dir='ltr'><strong>resident.</strong></span> <span class='ocrx_word' id='word_1_6' title='bbox 648 425 885 498; x_wconf 84' lang='lat' dir='ltr'><strong>Ideoque</strong></span> <span class='ocrx_word' id='word_1_7' title='bbox 915 427 1105 482; x_wconf 78' lang='lat' dir='ltr'><strong>eadem</strong></span> <span class='ocrx_word' id='word_1_8' title='bbox 1145 428 1234 482; x_wconf 86' lang='lat' dir='ltr'><strong>illa</strong></span> <span class='ocrx_word' id='word_1_9' title='bbox 1275 427 1368 484; x_wconf 86' lang='lat' dir='ltr'><strong>Dei</strong></span> <span class='ocrx_word' id='word_1_10' title='bbox 1399 427 1659 496; x_wconf 83' lang='lat' dir='ltr'><strong>Ecclesia,</strong></span> <span class='ocrx_word' id='word_1_11' title='bbox 1685 443 1738 486; x_wconf 88' lang='lat' dir='ltr'><strong>et</strong></span> <span class='ocrx_word' id='word_1_12' title='bbox 1761 434 1942 488; x_wconf 90' lang='lat' dir='ltr'><strong>ortho—</strong></span> <span class='ocrx_word' id='word_1_13' title='bbox 1969 488 1970 496; x_wconf 19' lang='grc' dir='ltr'>χ</span> 
     </span>
    </p>
   </div>
   <div class='ocr_carea' id='block_1_5' title="bbox 2075 425 3658 506">
    <p class='ocr_par' dir='ltr' id='par_1_5' title="bbox 2075 430 3658 506">
     <span class='ocr_line' id='line_1_5' title="bbox 2075 430 3658 506; baseline 0.016 -34"><span class='ocrx_word' id='word_1_14' title='bbox 2075 435 2183 506; x_wconf 54' lang='grc' dir='ltr'><strong>’ίῷ’</strong></span> <span class='ocrx_word' id='word_1_15' title='bbox 2220 434 2316 489; x_wconf 73' lang='grc' dir='ltr'><strong>καὶ</strong></span> <span class='ocrx_word' id='word_1_16' title='bbox 2369 435 2530 504; x_wconf 78' lang='grc' dir='ltr'>ἡμεῖς</span> <span class='ocrx_word' id='word_1_17' title='bbox 2571 434 2630 486; x_wconf 80' lang='grc' dir='ltr'>ὲν</span> <span class='ocrx_word' id='word_1_18' title='bbox 2676 431 2827 502; x_wconf 74' lang='grc' dir='ltr'>αὐτῷ</span> <span class='ocrx_word' id='word_1_19' title='bbox 2875 431 2965 486; x_wconf 84' lang='grc' dir='ltr'>διὰ</span> <span class='ocrx_word' id='word_1_20' title='bbox 2989 430 3082 485; x_wconf 88' lang='grc' dir='ltr'><strong>τοῦ</strong></span> <span class='ocrx_word' id='word_1_21' title='bbox 3124 431 3282 499; x_wconf 82' lang='grc' dir='ltr'>ἁγίου</span> <span class='ocrx_word' id='word_1_22' title='bbox 3317 430 3658 502; x_wconf 79' lang='grc' dir='ltr'>Πνεύματος.</span> 
     </span>
    </p>
   </div>
   <div class='ocr_carea' id='block_1_6' title="bbox 357 517 1954 592">
    <p class='ocr_par' dir='ltr' id='par_1_6' title="bbox 357 517 1954 592">
     <span class='ocr_line' id='line_1_6' title="bbox 357 517 1954 592; baseline 0.003 -18"><span class='ocrx_word' id='word_1_23' title='bbox 357 519 502 576; x_wconf 74' lang='lat' dir='ltr'><strong>don</strong></span> <span class='ocrx_word' id='word_1_24' title='bbox 529 520 666 578; x_wconf 79' lang='lat' dir='ltr'><strong>ﬁdes</strong></span> <span class='ocrx_word' id='word_1_25' title='bbox 709 519 766 574; x_wconf 91' lang='lat' dir='ltr'><strong>in</strong></span> <span class='ocrx_word' id='word_1_26' title='bbox 798 517 1032 574; x_wconf 89' lang='lat' dir='ltr'><strong>Domino</strong></span> <span class='ocrx_word' id='word_1_27' title='bbox 1063 527 1286 582; x_wconf 88' lang='lat' dir='ltr'><strong>manet;</strong></span> <span class='ocrx_word' id='word_1_28' title='bbox 1326 527 1380 574; x_wconf 82' lang='lat' dir='ltr'><strong>et</strong></span> <span class='ocrx_word' id='word_1_29' title='bbox 1421 522 1736 592; x_wconf 87' lang='lat' dir='ltr'><strong>unigenitus</strong></span> <span class='ocrx_word' id='word_1_30' title='bbox 1771 523 1954 578; x_wconf 88' lang='lat' dir='ltr'><strong>Domi-</strong></span> 
     </span>
    </p>
   </div>
   <div class='ocr_carea' id='block_1_7' title="bbox 359 609 1954 688">
    <p class='ocr_par' dir='ltr' id='par_1_7' title="bbox 359 609 1954 688">
     <span class='ocr_line' id='line_1_7' title="bbox 359 609 1954 688; baseline 0.003 -20"><span class='ocrx_word' id='word_1_31' title='bbox 359 629 466 668; x_wconf 82' lang='lat' dir='ltr'><strong>nus</strong></span> <span class='ocrx_word' id='word_1_32' title='bbox 492 611 550 668; x_wconf 90' lang='lat' dir='ltr'><strong>in</strong></span> <span class='ocrx_word' id='word_1_33' title='bbox 582 609 768 676; x_wconf 88' lang='lat' dir='ltr'><strong>Patre,</strong></span> <span class='ocrx_word' id='word_1_34' title='bbox 796 620 851 668; x_wconf 89' lang='lat' dir='ltr'><strong>et</strong></span> <span class='ocrx_word' id='word_1_35' title='bbox 889 610 1056 667; x_wconf 89' lang='lat' dir='ltr'><strong>Pater</strong></span> <span class='ocrx_word' id='word_1_36' title='bbox 1093 612 1150 667; x_wconf 92' lang='lat' dir='ltr'><strong>in</strong></span> <span class='ocrx_word' id='word_1_37' title='bbox 1187 610 1351 677; x_wconf 88' lang='lat' dir='ltr'><strong>Filio,</strong></span> <span class='ocrx_word' id='word_1_38' title='bbox 1383 623 1438 669; x_wconf 92' lang='lat' dir='ltr'><strong>et</strong></span> <span class='ocrx_word' id='word_1_39' title='bbox 1462 628 1564 670; x_wconf 90' lang='lat' dir='ltr'><strong>nos</strong></span> <span class='ocrx_word' id='word_1_40' title='bbox 1597 615 1653 669; x_wconf 88' lang='lat' dir='ltr'><strong>in</strong></span> <span class='ocrx_word' id='word_1_41' title='bbox 1695 615 1816 685; x_wconf 87' lang='lat' dir='ltr'><strong>ipso</strong></span> <span class='ocrx_word' id='word_1_42' title='bbox 1858 633 1954 688; x_wconf 91' lang='lat' dir='ltr'><strong>per</strong></span> 
     </span>
    </p>
   </div>
   <div class='ocr_carea' id='block_1_8' title="bbox 363 703 1956 778">
    <p class='ocr_par' dir='ltr' id='par_1_8' title="bbox 363 703 1956 778">
     <span class='ocr_line' id='line_1_8' title="bbox 363 703 1956 778; baseline 0.002 -18"><span class='ocrx_word' id='word_1_43' title='bbox 363 703 636 775; x_wconf 76' lang='lat' dir='ltr'><strong>Spiritum</strong></span> <span class='ocrx_word' id='word_1_44' title='bbox 694 713 996 768; x_wconf 89' lang='lat' dir='ltr'><strong>sanctum,</strong></span> <span class='ocrx_word' id='word_1_45' title='bbox 1063 705 1109 760; x_wconf 93' lang='lat' dir='ltr'><strong>si</strong></span> <span class='ocrx_word' id='word_1_46' title='bbox 1167 704 1332 759; x_wconf 88' lang='lat' dir='ltr'><strong>modo</strong></span> <span class='ocrx_word' id='word_1_47' title='bbox 1393 709 1593 778; x_wconf 90' lang='lat' dir='ltr'><strong>templa</strong></span> <span class='ocrx_word' id='word_1_48' title='bbox 1658 707 1956 763; x_wconf 81' lang='lat' dir='ltr'><strong>eﬂiciamur</strong></span> 
     </span>
    </p>
   </div>
   <div class='ocr_carea' id='block_1_9' title="bbox 360 796 1953 872">
    <p class='ocr_par' dir='ltr' id='par_1_9' title="bbox 360 796 1953 872">
     <span class='ocr_line' id='line_1_9' title="bbox 360 796 1953 872; baseline 0.001 -20"><span class='ocrx_word' id='word_1_49' title='bbox 360 796 672 867; x_wconf 77' lang='lat' dir='ltr'><strong>ejusmodi,</strong></span> <span class='ocrx_word' id='word_1_50' title='bbox 723 813 846 868; x_wconf 65' lang='lat' dir='ltr'><strong>quae</strong></span> <span class='ocrx_word' id='word_1_51' title='bbox 891 807 1144 852; x_wconf 84' lang='lat' dir='ltr'><strong>sanctum</strong></span> <span class='ocrx_word' id='word_1_52' title='bbox 1217 799 1340 868; x_wconf 85' lang='lat' dir='ltr'><strong>ejus</strong></span> <span class='ocrx_word' id='word_1_53' title='bbox 1391 797 1658 870; x_wconf 77' lang='lat' dir='ltr'><strong>Spiritum</strong></span> <span class='ocrx_word' id='word_1_54' title='bbox 1696 801 1953 872; x_wconf 89' lang='lat' dir='ltr'><strong>capiant,</strong></span> 
     </span>
    </p>
   </div>
   <div class='ocr_carea' id='block_1_10' title="bbox 361 890 1956 962">
    <p class='ocr_par' dir='ltr' id='par_1_10' title="bbox 361 890 1956 962">
     <span class='ocr_line' id='line_1_10' title="bbox 361 890 1956 962; baseline -0.001 -16"><span class='ocrx_word' id='word_1_55' title='bbox 361 890 828 962; x_wconf 82' lang='lat' dir='ltr'><strong>quemadmodum</strong></span> <span class='ocrx_word' id='word_1_56' title='bbox 880 891 1180 960; x_wconf 74' lang='lat' dir='ltr'><strong>Apostolus</strong></span> <span class='ocrx_word' id='word_1_57' title='bbox 1229 891 1520 962; x_wconf 84' lang='lat' dir='ltr'><strong>loquitur:</strong></span> <span class='ocrx_word' id='word_1_58' title='bbox 1567 891 1668 946; x_wconf 83' lang='lat' dir='ltr'><strong>Vos</strong></span> <span class='ocrx_word' id='word_1_59' title='bbox 1705 893 1956 961; x_wconf 78' lang='lat' dir='ltr'><strong>templum</strong></span> 
     </span>
    </p>
   </div>
   <div class='ocr_carea' id='block_1_11' title="bbox 367 983 1955 1049">
    <p class='ocr_par' dir='ltr' id='par_1_11' title="bbox 367 983 1955 1049">
     <span class='ocr_line' id='line_1_11' title="bbox 367 983 1955 1049; baseline 0.001 -11"><span class='ocrx_word' id='word_1_60' title='bbox 367 983 465 1040; x_wconf 76' lang='lat' dir='ltr'><strong>Dei</strong></span> <span class='ocrx_word' id='word_1_61' title='bbox 489 985 639 1048; x_wconf 80' lang='lat' dir='ltr'><strong>estis,</strong></span> <span class='ocrx_word' id='word_1_62' title='bbox 675 995 722 1038; x_wconf 87' lang='lat' dir='ltr'><strong>et</strong></span> <span class='ocrx_word' id='word_1_63' title='bbox 747 983 980 1049; x_wconf 73' lang='lat' dir='ltr'><strong>Spiritus</strong></span> <span class='ocrx_word' id='word_1_64' title='bbox 1007 983 1104 1036; x_wconf 88' lang='lat' dir='ltr'><strong>Dei</strong></span> <span class='ocrx_word' id='word_1_65' title='bbox 1139 983 1347 1037; x_wconf 77' lang='lat' dir='ltr'><strong>habitat</strong></span> <span class='ocrx_word' id='word_1_66' title='bbox 1387 985 1440 1038; x_wconf 85' lang='lat' dir='ltr'><strong>in</strong></span> <span class='ocrx_word' id='word_1_67' title='bbox 1473 983 1617 1040; x_wconf 76' lang='lat' dir='ltr'><strong>vobis</strong></span> <span class='ocrx_word' id='word_1_68' title='bbox 1639 988 1678 1039; x_wconf 85' lang='grc'><strong>¹.</strong></span> <span class='ocrx_word' id='word_1_69' title='bbox 1717 986 1955 1041; x_wconf 86' lang='lat' dir='ltr'><strong>Proinde</strong></span> 
     </span>
    </p>
   </div>
   <div class='ocr_carea' id='block_1_12' title="bbox 365 1075 1955 1149">
    <p class='ocr_par' dir='ltr' id='par_1_12' title="bbox 365 1075 1955 1149">
     <span class='ocr_line' id='line_1_12' title="bbox 365 1075 1955 1149; baseline 0.001 -17"><span class='ocrx_word' id='word_1_70' title='bbox 365 1077 512 1134; x_wconf 82' lang='lat' dir='ltr'><strong>Deus</strong></span> <span class='ocrx_word' id='word_1_71' title='bbox 539 1093 606 1132; x_wconf 81' lang='lat' dir='ltr'><strong>ex</strong></span> <span class='ocrx_word' id='word_1_72' title='bbox 640 1076 748 1132; x_wconf 90' lang='lat' dir='ltr'><strong>Deo</strong></span> <span class='ocrx_word' id='word_1_73' title='bbox 803 1075 1046 1146; x_wconf 88' lang='lat' dir='ltr'><strong>Spiritus</strong></span> <span class='ocrx_word' id='word_1_74' title='bbox 1077 1085 1182 1139; x_wconf 87' lang='lat' dir='ltr'><strong>est,</strong></span> <span class='ocrx_word' id='word_1_75' title='bbox 1215 1093 1313 1148; x_wconf 88' lang='lat' dir='ltr'><strong>per</strong></span> <span class='ocrx_word' id='word_1_76' title='bbox 1343 1093 1504 1146; x_wconf 89' lang='lat' dir='ltr'><strong>quem</strong></span> <span class='ocrx_word' id='word_1_77' title='bbox 1535 1079 1737 1149; x_wconf 84' lang='lat' dir='ltr'><strong>templa</strong></span> <span class='ocrx_word' id='word_1_78' title='bbox 1777 1080 1955 1135; x_wconf 91' lang='lat' dir='ltr'><strong>sancti</strong></span> 
     </span>
    </p>
   </div>
   <div class='ocr_carea' id='block_1_13' title="bbox 366 1167 1958 1240">
    <p class='ocr_par' dir='ltr' id='par_1_13' title="bbox 366 1167 1958 1240">
     <span class='ocr_line' id='line_1_13' title="bbox 366 1167 1958 1240; baseline -0.001 -16"><span class='ocrx_word' id='word_1_79' title='bbox 366 1168 608 1240; x_wconf 72' lang='lat' dir='ltr'><strong>Spiritus</strong></span> <span class='ocrx_word' id='word_1_80' title='bbox 641 1168 1007 1238; x_wconf 82' lang='lat' dir='ltr'><strong>appellantur,</strong></span> <span class='ocrx_word' id='word_1_81' title='bbox 1055 1167 1101 1224; x_wconf 87' lang='lat' dir='ltr'><strong>si</strong></span> <span class='ocrx_word' id='word_1_82' title='bbox 1149 1168 1326 1238; x_wconf 87' lang='lat' dir='ltr'><strong>ipsius</strong></span> <span class='ocrx_word' id='word_1_83' title='bbox 1375 1169 1428 1222; x_wconf 91' lang='lat' dir='ltr'><strong>in</strong></span> <span class='ocrx_word' id='word_1_84' title='bbox 1477 1169 1638 1224; x_wconf 90' lang='lat' dir='ltr'><strong>nobis</strong></span> <span class='ocrx_word' id='word_1_85' title='bbox 1689 1169 1958 1240; x_wconf 80' lang='lat' dir='ltr'><strong>Spiritum</strong></span> 
     </span>
    </p>
   </div>
   <div class='ocr_carea' id='block_1_14' title="bbox 2059 522 3660 598">
    <p class='ocr_par' dir='ltr' id='par_1_14' title="bbox 2059 522 3660 598">
     <span class='ocr_line' id='line_1_14' title="bbox 2059 522 3660 598; baseline -0.002 -17"><span class='ocrx_word' id='word_1_86' title='bbox 2059 529 2153 582; x_wconf 77' lang='grc' dir='ltr'><strong>ἐάν</strong></span> <span class='ocrx_word' id='word_1_87' title='bbox 2179 525 2467 598; x_wconf 82' lang='grc' dir='ltr'>γενώμεθα</span> <span class='ocrx_word' id='word_1_88' title='bbox 2494 527 2611 580; x_wconf 83' lang='grc' dir='ltr'>ναοὶ</span> <span class='ocrx_word' id='word_1_89' title='bbox 2634 525 2937 598; x_wconf 81' lang='grc' dir='ltr'><strong>χωροῦντες</strong></span> <span class='ocrx_word' id='word_1_90' title='bbox 2954 526 3012 580; x_wconf 81' lang='grc' dir='ltr'>τὸ</span> <span class='ocrx_word' id='word_1_91' title='bbox 3027 527 3180 595; x_wconf 73' lang='grc' dir='ltr'>ἅγιον</span> <span class='ocrx_word' id='word_1_92' title='bbox 3203 524 3370 580; x_wconf 73' lang='grc' dir='ltr'>αὐτοῦ</span> <span class='ocrx_word' id='word_1_93' title='bbox 3401 522 3626 593; x_wconf 79' lang='grc' dir='ltr'><strong>Πνεῦμα</strong></span> <span class='ocrx_word' id='word_1_94' title='bbox 3645 543 3660 558; x_wconf 73' lang='grc' dir='ltr'><strong><em>ο</em></strong></span> 
     </span>
    </p>
   </div>
   <div class='ocr_carea' id='block_1_15' title="bbox 2059 615 3660 688">
    <p class='ocr_par' dir='ltr' id='par_1_15' title="bbox 2059 615 3660 688">
     <span class='ocr_line' id='line_1_15' title="bbox 2059 615 3660 688; baseline -0.006 -13"><span class='ocrx_word' id='word_1_95' title='bbox 2059 619 2242 682; x_wconf 86' lang='grc' dir='ltr'>καθὼς</span> <span class='ocrx_word' id='word_1_96' title='bbox 2306 616 2458 674; x_wconf 75' lang='grc' dir='ltr'>εἶπεν</span> <span class='ocrx_word' id='word_1_97' title='bbox 2513 619 2541 672; x_wconf 79' lang='grc' dir='ltr'><strong>ό</strong></span> <span class='ocrx_word' id='word_1_98' title='bbox 2593 619 2749 688; x_wconf 83' lang='grc' dir='ltr'>ἆγιος</span> <span class='ocrx_word' id='word_1_99' title='bbox 2800 617 2895 672; x_wconf 83' lang='grc' dir='ltr'><strong>τοῦ</strong></span> <span class='ocrx_word' id='word_1_100' title='bbox 2961 618 3097 672; x_wconf 82' lang='grc' dir='ltr'>Θεοῦ</span> <span class='ocrx_word' id='word_1_101' title='bbox 3171 615 3514 678; x_wconf 79' lang='grc' dir='ltr'>Ἀπόστολος,</span> <span class='ocrx_word' id='word_1_102' title='bbox 3579 615 3660 667; x_wconf 82' lang='grc' dir='ltr'>ὅτι</span> 
     </span>
    </p>
   </div>
   <div class='ocr_carea' id='block_1_16' title="bbox 2075 703 3660 782">
    <p class='ocr_par' dir='ltr' id='par_1_16' title="bbox 2075 703 3660 782">
     <span class='ocr_line' id='line_1_16' title="bbox 2075 703 3660 782; baseline -0.004 -18"><span class='ocrx_word' id='word_1_103' title='bbox 2075 711 2262 782; x_wconf 84' lang='grc' dir='ltr'><strong>Ὑμεῖς</strong></span> <span class='ocrx_word' id='word_1_104' title='bbox 2301 712 2449 777; x_wconf 71' lang='grc' dir='ltr'>ναὸς</span> <span class='ocrx_word' id='word_1_105' title='bbox 2491 711 2640 766; x_wconf 82' lang='grc' dir='ltr'><strong>Θεοῦ</strong></span> <span class='ocrx_word' id='word_1_106' title='bbox 2669 711 2833 778; x_wconf 84' lang='grc' dir='ltr'>ἐστε,</span> <span class='ocrx_word' id='word_1_107' title='bbox 2856 712 2954 766; x_wconf 76' lang='grc' dir='ltr'>καὶ</span> <span class='ocrx_word' id='word_1_108' title='bbox 2989 710 3056 766; x_wconf 84' lang='grc' dir='ltr'>τὸ</span> <span class='ocrx_word' id='word_1_109' title='bbox 3101 707 3346 778; x_wconf 77' lang='grc' dir='ltr'><strong>Πνεῦμα</strong></span> <span class='ocrx_word' id='word_1_110' title='bbox 3373 705 3482 761; x_wconf 84' lang='grc' dir='ltr'><strong>τοῦ</strong></span> <span class='ocrx_word' id='word_1_111' title='bbox 3512 703 3660 760; x_wconf 88' lang='grc' dir='ltr'><strong>Θεοῦ</strong></span> 
     </span>
    </p>
   </div>
   <div class='ocr_carea' id='block_1_17' title="bbox 2059 797 3658 876">
    <p class='ocr_par' dir='ltr' id='par_1_17' title="bbox 2059 797 3658 876">
     <span class='ocr_line' id='line_1_17' title="bbox 2059 797 3658 876; baseline -0.004 -19"><span class='ocrx_word' id='word_1_112' title='bbox 2059 805 2213 858; x_wconf 75' lang='grc' dir='ltr'>οἰκεῖ</span> <span class='ocrx_word' id='word_1_113' title='bbox 2238 805 2308 858; x_wconf 76' lang='grc' dir='ltr'><strong>ἐν</strong></span> <span class='ocrx_word' id='word_1_114' title='bbox 2355 803 2520 876; x_wconf 77' lang='grc' dir='ltr'><strong>ὑμῖν.</strong></span> <span class='ocrx_word' id='word_1_115' title='bbox 2561 805 2705 875; x_wconf 78' lang='grc' dir='ltr'>’Δρα</span> <span class='ocrx_word' id='word_1_116' title='bbox 2740 803 2870 872; x_wconf 89' lang='grc' dir='ltr'>γοῦν</span> <span class='ocrx_word' id='word_1_117' title='bbox 2896 803 3028 867; x_wconf 75' lang='grc' dir='ltr'>Θεὸς</span> <span class='ocrx_word' id='word_1_118' title='bbox 3049 803 3114 855; x_wconf 82' lang='grc' dir='ltr'>ὲκ</span> <span class='ocrx_word' id='word_1_119' title='bbox 3140 800 3276 856; x_wconf 85' lang='grc' dir='ltr'>Θεοῦ</span> <span class='ocrx_word' id='word_1_120' title='bbox 3315 799 3375 854; x_wconf 80' lang='grc' dir='ltr'>τὸ</span> <span class='ocrx_word' id='word_1_121' title='bbox 3411 797 3658 868; x_wconf 85' lang='grc' dir='ltr'>Πνεῦμα,</span> 
     </span>
    </p>
   </div>
   <div class='ocr_carea' id='block_1_18' title="bbox 2059 889 3656 968">
    <p class='ocr_par' dir='ltr' id='par_1_18' title="bbox 2059 889 3656 968">
     <span class='ocr_line' id='line_1_18' title="bbox 2059 889 3656 968; baseline -0.002 -18"><span class='ocrx_word' id='word_1_122' title='bbox 2059 897 2126 950; x_wconf 87' lang='grc' dir='ltr'>δι’</span> <span class='ocrx_word' id='word_1_123' title='bbox 2155 889 2220 950; x_wconf 79' lang='grc' dir='ltr'><strong>οῦ</strong></span> <span class='ocrx_word' id='word_1_124' title='bbox 2251 897 2572 968; x_wconf 87' lang='grc' dir='ltr'>Πνεύματος</span> <span class='ocrx_word' id='word_1_125' title='bbox 2621 898 2780 967; x_wconf 84' lang='grc' dir='ltr'>ἁγίου</span> <span class='ocrx_word' id='word_1_126' title='bbox 2820 897 2940 952; x_wconf 75' lang='grc' dir='ltr'>ναοὶ</span> <span class='ocrx_word' id='word_1_127' title='bbox 2978 895 3316 966; x_wconf 88' lang='grc' dir='ltr'>καλούμεθα,</span> <span class='ocrx_word' id='word_1_128' title='bbox 3351 895 3446 950; x_wconf 74' lang='grc' dir='ltr'><strong>ἐὰν</strong></span> <span class='ocrx_word' id='word_1_129' title='bbox 3475 912 3656 948; x_wconf 82' lang='grc' dir='ltr'>κατοι-</span> 
     </span>
    </p>
   </div>
   <div class='ocr_carea' id='block_1_19' title="bbox 2064 989 3666 1062">
    <p class='ocr_par' dir='ltr' id='par_1_19' title="bbox 2064 989 3666 1062">
     <span class='ocr_line' id='line_1_19' title="bbox 2064 989 3666 1062; baseline -0.001 -20"><span class='ocrx_word' id='word_1_130' title='bbox 2064 990 2325 1060; x_wconf 83' lang='grc' dir='ltr'>κήσωμεν</span> <span class='ocrx_word' id='word_1_131' title='bbox 2375 992 2435 1042; x_wconf 86' lang='grc' dir='ltr'><strong>τὸ</strong></span> <span class='ocrx_word' id='word_1_132' title='bbox 2505 989 2678 1042; x_wconf 81' lang='grc' dir='ltr'>αὐτοῦ</span> <span class='ocrx_word' id='word_1_133' title='bbox 2731 989 2958 1062; x_wconf 82' lang='grc' dir='ltr'>Πνεῦμα</span> <span class='ocrx_word' id='word_1_134' title='bbox 3005 991 3064 1044; x_wconf 86' lang='grc' dir='ltr'>ὲν</span> <span class='ocrx_word' id='word_1_135' title='bbox 3099 993 3251 1062; x_wconf 72' lang='grc' dir='ltr'>ἡμίν.</span> <span class='ocrx_word' id='word_1_136' title='bbox 3293 989 3518 1060; x_wconf 81' lang='grc' dir='ltr'><strong>Πνεῦμα</strong></span> <span class='ocrx_word' id='word_1_137' title='bbox 3551 989 3666 1060; x_wconf 82' lang='grc' dir='ltr'><strong>γάρ</strong></span> 
     </span>
    </p>
   </div>
   <div class='ocr_carea' id='block_1_20' title="bbox 2066 1079 3662 1154">
    <p class='ocr_par' dir='ltr' id='par_1_20' title="bbox 2066 1079 3662 1154">
     <span class='ocr_line' id='line_1_20' title="bbox 2066 1079 3662 1154; baseline -0.001 -21"><span class='ocrx_word' id='word_1_138' title='bbox 2066 1079 2329 1150; x_wconf 78' lang='grc' dir='ltr'><strong>Χριστοῦ,</strong></span> <span class='ocrx_word' id='word_1_139' title='bbox 2356 1080 2583 1152; x_wconf 85' lang='grc' dir='ltr'>Πνεῦμα</span> <span class='ocrx_word' id='word_1_140' title='bbox 2641 1081 2854 1153; x_wconf 84' lang='grc' dir='ltr'>Πατρδς</span> <span class='ocrx_word' id='word_1_141' title='bbox 2917 1081 3374 1154; x_wconf 77' lang='grc' dir='ltr'>ἐκπορευόμενον,</span> <span class='ocrx_word' id='word_1_142' title='bbox 3429 1081 3524 1136; x_wconf 71' lang='grc' dir='ltr'>καὶ</span> <span class='ocrx_word' id='word_1_143' title='bbox 3567 1079 3662 1136; x_wconf 81' lang='grc' dir='ltr'><strong>τοῦ</strong></span> 
     </span>
    </p>
   </div>
   <div class='ocr_carea' id='block_1_21' title="bbox 2072 1172 3536 1246">
    <p class='ocr_par' dir='ltr' id='par_1_21' title="bbox 2072 1172 3536 1246">
     <span class='ocr_line' id='line_1_21' title="bbox 2072 1172 3536 1246; baseline 0.002 -21"><span class='ocrx_word' id='word_1_144' title='bbox 2072 1172 2203 1226; x_wconf 82' lang='grc' dir='ltr'>Υἱοῦ</span> <span class='ocrx_word' id='word_1_145' title='bbox 2231 1174 2530 1246; x_wconf 82' lang='grc' dir='ltr'>λαμϐάνον,</span> <span class='ocrx_word' id='word_1_146' title='bbox 2566 1173 2642 1238; x_wconf 83' lang='grc' dir='ltr'>ὡς</span> <span class='ocrx_word' id='word_1_147' title='bbox 2671 1175 2831 1238; x_wconf 83' lang='grc' dir='ltr'>αύτδς</span> <span class='ocrx_word' id='word_1_148' title='bbox 2855 1177 2885 1228; x_wconf 85' lang='grc' dir='ltr'>ὁ</span> <span class='ocrx_word' id='word_1_149' title='bbox 2919 1175 3232 1246; x_wconf 84' lang='grc' dir='ltr'>Μονογενὴς</span> <span class='ocrx_word' id='word_1_150' title='bbox 3261 1175 3536 1246; x_wconf 80' lang='grc' dir='ltr'>ὁμολογεῖ.</span> 
     </span>
    </p>
   </div>
   <div class='ocr_carea' id='block_1_22' title="bbox 365 1261 3664 1344">
    <p class='ocr_par' dir='ltr' id='par_1_22' title="bbox 365 1261 3664 1344">
     <span class='ocr_line' id='line_1_22' title="bbox 365 1261 3664 1344; baseline 0.002 -27"><span class='ocrx_word' id='word_1_151' title='bbox 365 1262 616 1320; x_wconf 81' lang='lat' dir='ltr'><strong>habitare</strong></span> <span class='ocrx_word' id='word_1_152' title='bbox 655 1265 950 1334; x_wconf 83' lang='lat' dir='ltr'><strong>patiamur.</strong></span> <span class='ocrx_word' id='word_1_153' title='bbox 993 1261 1206 1334; x_wconf 85' lang='lat' dir='ltr'><strong>Quippe</strong></span> <span class='ocrx_word' id='word_1_154' title='bbox 1261 1263 1466 1318; x_wconf 82' lang='lat' dir='ltr'><strong>Christi</strong></span> <span class='ocrx_word' id='word_1_155' title='bbox 1526 1262 1786 1336; x_wconf 87' lang='lat' dir='ltr'><strong>Spiritus,</strong></span> <span class='ocrx_word' id='word_1_156' title='bbox 1851 1265 2094 1338; x_wconf 87' lang='lat' dir='ltr'><strong>Spiritus</strong></span> <span class='ocrx_word' id='word_1_157' title='bbox 2153 1277 2239 1326; x_wconf 81' lang='lat' dir='ltr'><strong>est</strong></span> <span class='ocrx_word' id='word_1_158' title='bbox 2281 1287 2312 1326; x_wconf 90' lang='lat' dir='ltr'><strong>a</strong></span> <span class='ocrx_word' id='word_1_159' title='bbox 2357 1269 2520 1327; x_wconf 86' lang='lat' dir='ltr'><strong>Patre</strong></span> <span class='ocrx_word' id='word_1_160' title='bbox 2557 1271 2896 1344; x_wconf 85' lang='lat' dir='ltr'><strong>procedens,</strong></span> <span class='ocrx_word' id='word_1_161' title='bbox 2937 1282 2993 1327; x_wconf 88' lang='lat' dir='ltr'><strong>et</strong></span> <span class='ocrx_word' id='word_1_162' title='bbox 3029 1272 3309 1342; x_wconf 86' lang='lat' dir='ltr'><strong>accipiens</strong></span> <span class='ocrx_word' id='word_1_163' title='bbox 3339 1286 3370 1326; x_wconf 84' lang='lat' dir='ltr'><strong>a</strong></span> <span class='ocrx_word' id='word_1_164' title='bbox 3399 1269 3559 1334; x_wconf 75' lang='lat' dir='ltr'><strong>Filio.</strong></span> <span class='ocrx_word' id='word_1_165' title='bbox 3603 1277 3664 1326; x_wconf 88' lang='lat' dir='ltr'><strong>ut</strong></span> 
     </span>
    </p>
   </div>
   <div class='ocr_carea' id='block_1_23' title="bbox 373 1356 1183 1430">
    <p class='ocr_par' dir='ltr' id='par_1_23' title="bbox 373 1356 1183 1430">
     <span class='ocr_line' id='line_1_23' title="bbox 373 1356 1183 1430; baseline -0.002 -18"><span class='ocrx_word' id='word_1_166' title='bbox 373 1356 496 1430; x_wconf 80' lang='lat' dir='ltr'><strong>ipse</strong></span> <span class='ocrx_word' id='word_1_167' title='bbox 529 1364 766 1412; x_wconf 85' lang='lat' dir='ltr'><strong>testatur</strong></span> <span class='ocrx_word' id='word_1_168' title='bbox 795 1356 1183 1428; x_wconf 81' lang='lat' dir='ltr'><strong>Unigenitus&#39;.</strong></span> 
     </span>
    </p>
   </div>
   <div class='ocr_carea' id='block_1_24' title="bbox 446 1447 1966 1520">
    <p class='ocr_par' dir='ltr' id='par_1_24' title="bbox 446 1447 1966 1520">
     <span class='ocr_line' id='line_1_24' title="bbox 446 1447 1966 1520; baseline 0 -16"><span class='ocrx_word' id='word_1_169' title='bbox 446 1447 682 1504; x_wconf 74' lang='lat' dir='ltr'><strong>XXVIII.</strong></span> <span class='ocrx_word' id='word_1_170' title='bbox 723 1449 858 1516; x_wconf 73' lang='lat' dir='ltr'><strong>Quae</strong></span> <span class='ocrx_word' id='word_1_171' title='bbox 885 1465 989 1505; x_wconf 89' lang='lat' dir='ltr'><strong>nos</strong></span> <span class='ocrx_word' id='word_1_172' title='bbox 1023 1449 1210 1505; x_wconf 87' lang='lat' dir='ltr'><strong>omnia</strong></span> <span class='ocrx_word' id='word_1_173' title='bbox 1231 1452 1289 1503; x_wconf 90' lang='lat' dir='ltr'><strong>in</strong></span> <span class='ocrx_word' id='word_1_174' title='bbox 1325 1463 1390 1504; x_wconf 90' lang='lat' dir='ltr'><strong>eo</strong></span> <span class='ocrx_word' id='word_1_175' title='bbox 1427 1463 1590 1520; x_wconf 87' lang='lat' dir='ltr'><strong>quem</strong></span> <span class='ocrx_word' id='word_1_176' title='bbox 1623 1447 1866 1506; x_wconf 82' lang='lat' dir='ltr'><strong>diximus</strong></span> <span class='ocrx_word' id='word_1_177' title='bbox 1897 1449 1966 1504; x_wconf 88' lang='lat' dir='ltr'><strong>li-</strong></span> 
     </span>
    </p>
   </div>
   <div class='ocr_carea' id='block_1_25' title="bbox 373 1539 1966 1614">
    <p class='ocr_par' dir='ltr' id='par_1_25' title="bbox 373 1539 1966 1614">
     <span class='ocr_line' id='line_1_25' title="bbox 373 1539 1966 1614; baseline -0.003 -14"><span class='ocrx_word' id='word_1_178' title='bbox 373 1542 476 1600; x_wconf 83' lang='lat' dir='ltr'><strong>bro</strong></span> <span class='ocrx_word' id='word_1_179' title='bbox 504 1543 727 1599; x_wconf 84' lang='lat' dir='ltr'><strong>uberius</strong></span> <span class='ocrx_word' id='word_1_180' title='bbox 758 1542 1177 1613; x_wconf 77' lang='lat' dir='ltr'><strong>explicavimus,</strong></span> <span class='ocrx_word' id='word_1_181' title='bbox 1209 1557 1374 1614; x_wconf 88' lang='lat' dir='ltr'><strong>quem</strong></span> <span class='ocrx_word' id='word_1_182' title='bbox 1401 1542 1569 1598; x_wconf 89' lang='lat' dir='ltr'><strong>etiam</strong></span> <span class='ocrx_word' id='word_1_183' title='bbox 1599 1541 1656 1596; x_wconf 90' lang='lat' dir='ltr'><strong>in</strong></span> <span class='ocrx_word' id='word_1_184' title='bbox 1689 1539 1966 1614; x_wconf 64' lang='lat' dir='ltr'><strong>Pamphyu</strong></span> 
     </span>
    </p>
   </div>
   <div class='ocr_carea' id='block_1_26' title="bbox 371 1633 1964 1707">
    <p class='ocr_par' dir='ltr' id='par_1_26' title="bbox 371 1633 1964 1707">
     <span class='ocr_line' id='line_1_26' title="bbox 371 1633 1964 1707; baseline -0.001 -16"><span class='ocrx_word' id='word_1_185' title='bbox 371 1635 502 1691; x_wconf 87' lang='lat' dir='ltr'><strong>Iiam</strong></span> <span class='ocrx_word' id='word_1_186' title='bbox 529 1649 594 1690; x_wconf 87' lang='lat' dir='ltr'><strong>ac</strong></span> <span class='ocrx_word' id='word_1_187' title='bbox 623 1633 886 1690; x_wconf 83' lang='lat' dir='ltr'><strong>Pisidiam</strong></span> <span class='ocrx_word' id='word_1_188' title='bbox 919 1635 1200 1692; x_wconf 86' lang='lat' dir='ltr'><strong>misimus.</strong></span> <span class='ocrx_word' id='word_1_189' title='bbox 1225 1633 1341 1690; x_wconf 83' lang='lat' dir='ltr'><strong>Iloc</strong></span> <span class='ocrx_word' id='word_1_190' title='bbox 1369 1649 1500 1690; x_wconf 87' lang='lat' dir='ltr'><strong>vero</strong></span> <span class='ocrx_word' id='word_1_191' title='bbox 1529 1635 1674 1700; x_wconf 90' lang='lat' dir='ltr'><strong>loco,</strong></span> <span class='ocrx_word' id='word_1_192' title='bbox 1700 1637 1964 1707; x_wconf 89' lang='lat' dir='ltr'><strong>quoniam</strong></span> 
     </span>
    </p>
   </div>
   <div class='ocr_carea' id='block_1_27' title="bbox 371 1727 1966 1800">
    <p class='ocr_par' dir='ltr' id='par_1_27' title="bbox 371 1727 1966 1800">
     <span class='ocr_line' id='line_1_27' title="bbox 371 1727 1966 1800; baseline -0.001 -14"><span class='ocrx_word' id='word_1_193' title='bbox 371 1729 440 1786; x_wconf 74' lang='lat' dir='ltr'><strong>ad</strong></span> <span class='ocrx_word' id='word_1_194' title='bbox 465 1743 562 1786; x_wconf 81' lang='lat' dir='ltr'><strong>eas</strong></span> <span class='ocrx_word' id='word_1_195' title='bbox 605 1728 910 1785; x_wconf 87' lang='lat' dir='ltr'><strong>sententias</strong></span> <span class='ocrx_word' id='word_1_196' title='bbox 937 1728 1008 1784; x_wconf 90' lang='lat' dir='ltr'><strong>de</strong></span> <span class='ocrx_word' id='word_1_197' title='bbox 1033 1727 1236 1799; x_wconf 78' lang='lat' dir='ltr'><strong>quibus</strong></span> <span class='ocrx_word' id='word_1_198' title='bbox 1273 1727 1534 1800; x_wconf 85' lang='lat' dir='ltr'><strong>deinceps</strong></span> <span class='ocrx_word' id='word_1_199' title='bbox 1570 1729 1806 1800; x_wconf 75' lang='lat' dir='ltr'><strong>quaestio</strong></span> <span class='ocrx_word' id='word_1_200' title='bbox 1848 1745 1966 1784; x_wconf 89' lang='lat' dir='ltr'><strong>mo-</strong></span> 
     </span>
    </p>
   </div>
   <div class='ocr_carea' id='block_1_28' title="bbox 369 1819 1967 1892">
    <p class='ocr_par' dir='ltr' id='par_1_28' title="bbox 369 1819 1967 1892">
     <span class='ocr_line' id='line_1_28' title="bbox 369 1819 1967 1892; baseline 0 -16"><span class='ocrx_word' id='word_1_201' title='bbox 369 1832 552 1887; x_wconf 79' lang='lat' dir='ltr'><strong>vetur,</strong></span> <span class='ocrx_word' id='word_1_202' title='bbox 584 1821 961 1892; x_wconf 78' lang='lat' dir='ltr'><strong>pervenimus,</strong></span> <span class='ocrx_word' id='word_1_203' title='bbox 1007 1820 1323 1878; x_wconf 63' lang='lat' dir='ltr'><strong>necasario</strong></span> <span class='ocrx_word' id='word_1_204' title='bbox 1351 1819 1542 1878; x_wconf 87' lang='lat' dir='ltr'><strong>eadem</strong></span> <span class='ocrx_word' id='word_1_205' title='bbox 1570 1828 1818 1892; x_wconf 86' lang='lat' dir='ltr'><strong>repetere</strong></span> <span class='ocrx_word' id='word_1_206' title='bbox 1847 1830 1967 1877; x_wconf 90' lang='lat' dir='ltr'><strong>stu-</strong></span> 
     </span>
    </p>
   </div>
   <div class='ocr_carea' id='block_1_29' title="bbox 373 1912 1963 1985">
    <p class='ocr_par' dir='ltr' id='par_1_29' title="bbox 373 1912 1963 1985">
     <span class='ocr_line' id='line_1_29' title="bbox 373 1912 1963 1985; baseline -0.001 -16"><span class='ocrx_word' id='word_1_207' title='bbox 373 1913 618 1976; x_wconf 90' lang='lat' dir='ltr'><strong>duimus.</strong></span> <span class='ocrx_word' id='word_1_208' title='bbox 649 1919 874 1985; x_wconf 86' lang='lat' dir='ltr'><strong>propter</strong></span> <span class='ocrx_word' id='word_1_209' title='bbox 913 1913 1141 1968; x_wconf 58' lang='lat' dir='ltr'><strong>haeresis</strong></span> <span class='ocrx_word' id='word_1_210' title='bbox 1173 1912 1340 1983; x_wconf 88' lang='lat' dir='ltr'><strong>hujus</strong></span> <span class='ocrx_word' id='word_1_211' title='bbox 1369 1913 1711 1969; x_wconf 85' lang='lat' dir='ltr'><strong>conditorem</strong></span> <span class='ocrx_word' id='word_1_212' title='bbox 1747 1913 1963 1980; x_wconf 84' lang='lat' dir='ltr'><strong>Arium,</strong></span> 
     </span>
    </p>
   </div>
   <div class='ocr_carea' id='block_1_30' title="bbox 373 2005 1967 2078">
    <p class='ocr_par' dir='ltr' id='par_1_30' title="bbox 373 2005 1967 2078">
     <span class='ocr_line' id='line_1_30' title="bbox 373 2005 1967 2078; baseline -0.001 -17"><span class='ocrx_word' id='word_1_213' title='bbox 373 2013 430 2061; x_wconf 81' lang='lat' dir='ltr'><strong>et</strong></span> <span class='ocrx_word' id='word_1_214' title='bbox 475 2005 713 2062; x_wconf 83' lang='lat' dir='ltr'><strong>Arianos</strong></span> <span class='ocrx_word' id='word_1_215' title='bbox 739 2006 861 2075; x_wconf 87' lang='lat' dir='ltr'><strong>ejus</strong></span> <span class='ocrx_word' id='word_1_216' title='bbox 889 2006 1154 2070; x_wconf 85' lang='lat' dir='ltr'><strong>asseclas,</strong></span> <span class='ocrx_word' id='word_1_217' title='bbox 1206 2021 1317 2078; x_wconf 89' lang='lat' dir='ltr'><strong>quo</strong></span> <span class='ocrx_word' id='word_1_218' title='bbox 1349 2021 1567 2061; x_wconf 91' lang='lat' dir='ltr'><strong>omnem</strong></span> <span class='ocrx_word' id='word_1_219' title='bbox 1599 2005 1821 2062; x_wconf 91' lang='lat' dir='ltr'><strong>illorum</strong></span> <span class='ocrx_word' id='word_1_220' title='bbox 1863 2005 1967 2060; x_wconf 86' lang='lat' dir='ltr'><strong>im-</strong></span> 
     </span>
    </p>
   </div>
   <div class='ocr_carea' id='block_1_31' title="bbox 374 2099 1967 2172">
    <p class='ocr_par' dir='ltr' id='par_1_31' title="bbox 374 2099 1967 2172">
     <span class='ocr_line' id='line_1_31' title="bbox 374 2099 1967 2172; baseline 0.001 -18"><span class='ocrx_word' id='word_1_221' title='bbox 374 2099 700 2172; x_wconf 79' lang='lat' dir='ltr'><strong>probitatem</strong></span> <span class='ocrx_word' id='word_1_222' title='bbox 725 2099 1107 2165; x_wconf 87' lang='lat' dir='ltr'><strong>discutiamus,</strong></span> <span class='ocrx_word' id='word_1_223' title='bbox 1130 2115 1254 2170; x_wconf 84' lang='lat' dir='ltr'><strong>quae</strong></span> <span class='ocrx_word' id='word_1_224' title='bbox 1278 2109 1332 2154; x_wconf 90' lang='lat' dir='ltr'><strong>et</strong></span> <span class='ocrx_word' id='word_1_225' title='bbox 1355 2099 1409 2155; x_wconf 92' lang='lat' dir='ltr'><strong>id</strong></span> <span class='ocrx_word' id='word_1_226' title='bbox 1437 2099 1584 2170; x_wconf 91' lang='lat' dir='ltr'><strong>quod</strong></span> <span class='ocrx_word' id='word_1_227' title='bbox 1614 2099 1778 2155; x_wconf 92' lang='lat' dir='ltr'><strong>dulce</strong></span> <span class='ocrx_word' id='word_1_228' title='bbox 1801 2107 1886 2155; x_wconf 91' lang='lat' dir='ltr'><strong>est</strong></span> <span class='ocrx_word' id='word_1_229' title='bbox 1908 2099 1967 2156; x_wconf 92' lang='lat' dir='ltr'><strong>in</strong></span> 
     </span>
    </p>
   </div>
   <div class='ocr_carea' id='block_1_32' title="bbox 379 2191 1966 2258">
    <p class='ocr_par' dir='ltr' id='par_1_32' title="bbox 379 2191 1966 2258">
     <span class='ocr_line' id='line_1_32' title="bbox 379 2191 1966 2258; baseline 0.001 -12"><span class='ocrx_word' id='word_1_230' title='bbox 379 2207 652 2258; x_wconf 83' lang='lat' dir='ltr'><strong>amarum,</strong></span> <span class='ocrx_word' id='word_1_231' title='bbox 683 2199 738 2248; x_wconf 89' lang='lat' dir='ltr'><strong>et</strong></span> <span class='ocrx_word' id='word_1_232' title='bbox 766 2192 968 2247; x_wconf 89' lang='lat' dir='ltr'><strong>bonum</strong></span> <span class='ocrx_word' id='word_1_233' title='bbox 1001 2192 1060 2246; x_wconf 92' lang='lat' dir='ltr'><strong>in</strong></span> <span class='ocrx_word' id='word_1_234' title='bbox 1082 2193 1313 2256; x_wconf 90' lang='lat' dir='ltr'><strong>malum,</strong></span> <span class='ocrx_word' id='word_1_235' title='bbox 1338 2200 1391 2248; x_wconf 92' lang='lat' dir='ltr'><strong>et</strong></span> <span class='ocrx_word' id='word_1_236' title='bbox 1419 2191 1597 2247; x_wconf 85' lang='lat' dir='ltr'><strong>lucem</strong></span> <span class='ocrx_word' id='word_1_237' title='bbox 1628 2191 1684 2246; x_wconf 93' lang='lat' dir='ltr'><strong>in</strong></span> <span class='ocrx_word' id='word_1_238' title='bbox 1709 2191 1966 2247; x_wconf 83' lang='lat' dir='ltr'><strong>tenebras</strong></span> 
     </span>
    </p>
   </div>
   <div class='ocr_carea' id='block_1_33' title="bbox 377 2283 1966 2356">
    <p class='ocr_par' dir='ltr' id='par_1_33' title="bbox 377 2283 1966 2356">
     <span class='ocr_line' id='line_1_33' title="bbox 377 2283 1966 2356; baseline -0.001 -14"><span class='ocrx_word' id='word_1_239' title='bbox 377 2285 669 2342; x_wconf 81' lang='lat' dir='ltr'><strong>convertit.</strong></span> <span class='ocrx_word' id='word_1_240' title='bbox 717 2283 856 2340; x_wconf 86' lang='lat' dir='ltr'><strong>Nam</strong></span> <span class='ocrx_word' id='word_1_241' title='bbox 888 2284 1152 2341; x_wconf 87' lang='lat' dir='ltr'><strong>adversus</strong></span> <span class='ocrx_word' id='word_1_242' title='bbox 1183 2285 1456 2356; x_wconf 84' lang='lat' dir='ltr'><strong>ejusmodi</strong></span> <span class='ocrx_word' id='word_1_243' title='bbox 1509 2286 1760 2342; x_wconf 82' lang='lat' dir='ltr'><strong>homines</strong></span> <span class='ocrx_word' id='word_1_244' title='bbox 1789 2303 1866 2342; x_wconf 76' lang='lat' dir='ltr'><strong>me</strong></span> <span class='ocrx_word' id='word_1_245' title='bbox 1897 2285 1966 2340; x_wconf 90' lang='lat' dir='ltr'><strong>il-</strong></span> 
     </span>
    </p>
   </div>
   <div class='ocr_carea' id='block_1_34' title="bbox 377 2371 1967 2448">
    <p class='ocr_par' dir='ltr' id='par_1_34' title="bbox 377 2371 1967 2448">
     <span class='ocr_line' id='line_1_34' title="bbox 377 2371 1967 2448; baseline 0.004 -21"><span class='ocrx_word' id='word_1_246' title='bbox 377 2371 475 2428; x_wconf 89' lang='lat' dir='ltr'><strong>Iud</strong></span> <span class='ocrx_word' id='word_1_247' title='bbox 503 2372 730 2430; x_wconf 88' lang='lat' dir='ltr'><strong>omnino</strong></span> <span class='ocrx_word' id='word_1_248' title='bbox 753 2387 852 2444; x_wconf 88' lang='lat' dir='ltr'><strong>per</strong></span> <span class='ocrx_word' id='word_1_249' title='bbox 883 2371 1080 2430; x_wconf 86' lang='lat' dir='ltr'><strong>Isaiam</strong></span> <span class='ocrx_word' id='word_1_250' title='bbox 1114 2375 1437 2446; x_wconf 80' lang='lat' dir='ltr'><strong>prephetam</strong></span> <span class='ocrx_word' id='word_1_251' title='bbox 1465 2375 1726 2432; x_wconf 89' lang='lat' dir='ltr'><strong>Dominus</strong></span> <span class='ocrx_word' id='word_1_252' title='bbox 1765 2377 1967 2448; x_wconf 82' lang='lat' dir='ltr'><strong>impre-</strong></span> 
     </span>
    </p>
   </div>
   <div class='ocr_carea' id='block_1_35' title="bbox 379 2466 1964 2537">
    <p class='ocr_par' dir='ltr' id='par_1_35' title="bbox 379 2466 1964 2537">
     <span class='ocr_line' id='line_1_35' title="bbox 379 2466 1964 2537; baseline 0.001 -16"><span class='ocrx_word' id='word_1_253' title='bbox 379 2475 560 2531; x_wconf 89' lang='lat' dir='ltr'><strong>catur,</strong></span> <span class='ocrx_word' id='word_1_254' title='bbox 603 2466 699 2537; x_wconf 92' lang='lat' dir='ltr'><strong>qui</strong></span> <span class='ocrx_word' id='word_1_255' title='bbox 747 2466 892 2522; x_wconf 89' lang='lat' dir='ltr'><strong>bona</strong></span> <span class='ocrx_word' id='word_1_256' title='bbox 947 2467 1004 2522; x_wconf 92' lang='lat' dir='ltr'><strong>in</strong></span> <span class='ocrx_word' id='word_1_257' title='bbox 1061 2467 1204 2522; x_wconf 88' lang='lat' dir='ltr'><strong>mala</strong></span> <span class='ocrx_word' id='word_1_258' title='bbox 1260 2470 1660 2524; x_wconf 64' lang='lat' dir='ltr'><strong>commutant“.</strong></span> <span class='ocrx_word' id='word_1_259' title='bbox 1720 2469 1964 2537; x_wconf 81' lang='lat' dir='ltr'><strong>Quorum</strong></span> 
     </span>
    </p>
   </div>
   <div class='ocr_carea' id='block_1_36' title="bbox 378 2557 1966 2632">
    <p class='ocr_par' dir='ltr' id='par_1_36' title="bbox 378 2557 1966 2632">
     <span class='ocr_line' id='line_1_36' title="bbox 378 2557 1966 2632; baseline 0.004 -19"><span class='ocrx_word' id='word_1_260' title='bbox 378 2557 600 2632; x_wconf 89' lang='lat' dir='ltr'><strong>quidem</strong></span> <span class='ocrx_word' id='word_1_261' title='bbox 631 2573 800 2615; x_wconf 88' lang='lat' dir='ltr'><strong>causa</strong></span> <span class='ocrx_word' id='word_1_262' title='bbox 827 2573 1174 2630; x_wconf 90' lang='lat' dir='ltr'><strong>nequaquam</strong></span> <span class='ocrx_word' id='word_1_263' title='bbox 1211 2559 1540 2616; x_wconf 88' lang='lat' dir='ltr'><strong>ascribenda</strong></span> <span class='ocrx_word' id='word_1_264' title='bbox 1591 2561 1702 2618; x_wconf 91' lang='lat' dir='ltr'><strong>Deo</strong></span> <span class='ocrx_word' id='word_1_265' title='bbox 1727 2571 1832 2630; x_wconf 90' lang='lat' dir='ltr'><strong>est,</strong></span> <span class='ocrx_word' id='word_1_266' title='bbox 1869 2563 1966 2619; x_wconf 90' lang='lat' dir='ltr'><strong>sed</strong></span> 
     </span>
    </p>
   </div>
   <div class='ocr_carea' id='block_1_37' title="bbox 379 2651 1968 2725">
    <p class='ocr_par' dir='ltr' id='par_1_37' title="bbox 379 2651 1968 2725">
     <span class='ocr_line' id='line_1_37' title="bbox 379 2651 1968 2725; baseline 0.002 -18"><span class='ocrx_word' id='word_1_267' title='bbox 379 2651 604 2707; x_wconf 88' lang='lat' dir='ltr'><strong>cuilibet</strong></span> <span class='ocrx_word' id='word_1_268' title='bbox 644 2652 900 2716; x_wconf 88' lang='lat' dir='ltr'><strong>istorum,</strong></span> <span class='ocrx_word' id='word_1_269' title='bbox 951 2653 1066 2708; x_wconf 85' lang='lat' dir='ltr'><strong>sive</strong></span> <span class='ocrx_word' id='word_1_270' title='bbox 1109 2669 1250 2708; x_wconf 90' lang='lat' dir='ltr'><strong>vana</strong></span> <span class='ocrx_word' id='word_1_271' title='bbox 1285 2653 1521 2724; x_wconf 83' lang='lat' dir='ltr'><strong>quadam</strong></span> <span class='ocrx_word' id='word_1_272' title='bbox 1554 2655 1808 2725; x_wconf 82' lang='lat' dir='ltr'><strong>gloriola,</strong></span> <span class='ocrx_word' id='word_1_273' title='bbox 1851 2657 1968 2710; x_wconf 87' lang='lat' dir='ltr'><strong>sive</strong></span> 
     </span>
    </p>
   </div>
   <div class='ocr_carea' id='block_1_38' title="bbox 381 2746 1968 2820">
    <p class='ocr_par' dir='ltr' id='par_1_38' title="bbox 381 2746 1968 2820">
     <span class='ocr_line' id='line_1_38' title="bbox 381 2746 1968 2820; baseline 0.001 -19"><span class='ocrx_word' id='word_1_274' title='bbox 381 2748 679 2818; x_wconf 89' lang='lat' dir='ltr'><strong>anticipato</strong></span> <span class='ocrx_word' id='word_1_275' title='bbox 709 2747 878 2802; x_wconf 92' lang='lat' dir='ltr'><strong>animi</strong></span> <span class='ocrx_word' id='word_1_276' title='bbox 925 2747 1161 2816; x_wconf 88' lang='lat' dir='ltr'><strong>judicio,</strong></span> <span class='ocrx_word' id='word_1_277' title='bbox 1195 2747 1312 2802; x_wconf 88' lang='lat' dir='ltr'><strong>sive</strong></span> <span class='ocrx_word' id='word_1_278' title='bbox 1342 2746 1596 2802; x_wconf 79' lang='lat' dir='ltr'><strong>aﬂectata</strong></span> <span class='ocrx_word' id='word_1_279' title='bbox 1627 2749 1816 2804; x_wconf 89' lang='lat' dir='ltr'><strong>nescio</strong></span> <span class='ocrx_word' id='word_1_280' title='bbox 1858 2764 1968 2820; x_wconf 87' lang='lat' dir='ltr'><strong>qua</strong></span> 
     </span>
    </p>
   </div>
   <div class='ocr_carea' id='block_1_39' title="bbox 382 2837 1967 2911">
    <p class='ocr_par' dir='ltr' id='par_1_39' title="bbox 382 2837 1967 2911">
     <span class='ocr_line' id='line_1_39' title="bbox 382 2837 1967 2911; baseline -0.001 -16"><span class='ocrx_word' id='word_1_281' title='bbox 382 2838 670 2910; x_wconf 87' lang='lat' dir='ltr'><strong>sapientia,</strong></span> <span class='ocrx_word' id='word_1_282' title='bbox 696 2838 810 2894; x_wconf 82' lang='lat' dir='ltr'><strong>sive</strong></span> <span class='ocrx_word' id='word_1_283' title='bbox 832 2837 1017 2893; x_wconf 83' lang='lat' dir='ltr'><strong>alllatu</strong></span> <span class='ocrx_word' id='word_1_284' title='bbox 1051 2839 1316 2894; x_wconf 66' lang='lat' dir='ltr'><strong>daamonis</strong></span> <span class='ocrx_word' id='word_1_285' title='bbox 1343 2839 1607 2908; x_wconf 84' lang='lat' dir='ltr'><strong>Opinione</strong></span> <span class='ocrx_word' id='word_1_286' title='bbox 1636 2851 1895 2911; x_wconf 86' lang='lat' dir='ltr'><strong>suscepta</strong></span> <span class='ocrx_word' id='word_1_287' title='bbox 1936 2857 1967 2894; x_wconf 89' lang='lat' dir='ltr'><strong>a</strong></span> 
     </span>
    </p>
   </div>
   <div class='ocr_carea' id='block_1_40' title="bbox 381 2932 1964 3004">
    <p class='ocr_par' dir='ltr' id='par_1_40' title="bbox 381 2932 1964 3004">
     <span class='ocr_line' id='line_1_40' title="bbox 381 2932 1964 3004; baseline -0.001 -16"><span class='ocrx_word' id='word_1_288' title='bbox 381 2932 632 2988; x_wconf 83' lang='lat' dir='ltr'><strong>veritatis</strong></span> <span class='ocrx_word' id='word_1_289' title='bbox 661 2932 856 2988; x_wconf 87' lang='lat' dir='ltr'><strong>itinere</strong></span> <span class='ocrx_word' id='word_1_290' title='bbox 885 2933 1286 3001; x_wconf 87' lang='lat' dir='ltr'><strong>aberraverint,</strong></span> <span class='ocrx_word' id='word_1_291' title='bbox 1319 2933 1761 3004; x_wconf 86' lang='lat' dir='ltr'><strong>pravitatemque</strong></span> <span class='ocrx_word' id='word_1_292' title='bbox 1785 2948 1964 2998; x_wconf 87' lang='lat' dir='ltr'><strong>suam,</strong></span> 
     </span>
    </p>
   </div>
   <div class='ocr_carea' id='block_1_41' title="bbox 385 3025 1969 3095">
    <p class='ocr_par' dir='ltr' id='par_1_41' title="bbox 385 3025 1969 3095">
     <span class='ocr_line' id='line_1_41' title="bbox 385 3025 1969 3095; baseline 0.001 -16"><span class='ocrx_word' id='word_1_293' title='bbox 385 3025 468 3080; x_wconf 87' lang='lat' dir='ltr'><strong>sic</strong></span> <span class='ocrx_word' id='word_1_294' title='bbox 509 3032 770 3094; x_wconf 90' lang='lat' dir='ltr'><strong>tanquam</strong></span> <span class='ocrx_word' id='word_1_295' title='bbox 803 3025 1071 3095; x_wconf 75' lang='lat' dir='ltr'><strong>ingentem</strong></span> <span class='ocrx_word' id='word_1_296' title='bbox 1103 3025 1494 3092; x_wconf 87' lang='lat' dir='ltr'><strong>calamitatem,</strong></span> <span class='ocrx_word' id='word_1_297' title='bbox 1543 3025 1600 3079; x_wconf 87' lang='lat' dir='ltr'><strong>in</strong></span> <span class='ocrx_word' id='word_1_298' title='bbox 1634 3025 1824 3080; x_wconf 90' lang='lat' dir='ltr'><strong>orbem</strong></span> <span class='ocrx_word' id='word_1_299' title='bbox 1857 3033 1969 3080; x_wconf 88' lang='lat' dir='ltr'><strong>ter-</strong></span> 
     </span>
    </p>
   </div>
   <div class='ocr_carea' id='block_1_42' title="bbox 383 3115 1968 3188">
    <p class='ocr_par' dir='ltr' id='par_1_42' title="bbox 383 3115 1968 3188">
     <span class='ocr_line' id='line_1_42' title="bbox 383 3115 1968 3188; baseline 0.001 -16"><span class='ocrx_word' id='word_1_300' title='bbox 383 3131 570 3172; x_wconf 87' lang='lat' dir='ltr'><strong>rarum</strong></span> <span class='ocrx_word' id='word_1_301' title='bbox 605 3117 932 3171; x_wconf 82' lang='lat' dir='ltr'><strong>invexerint.</strong></span> <span class='ocrx_word' id='word_1_302' title='bbox 973 3115 1133 3187; x_wconf 79' lang='lat'><strong>753</strong></span> <span class='ocrx_word' id='word_1_303' title='bbox 1161 3116 1272 3188; x_wconf 86' lang='lat' dir='ltr'><strong>Age</strong></span> <span class='ocrx_word' id='word_1_304' title='bbox 1311 3116 1479 3187; x_wconf 77' lang='lat' dir='ltr'><strong>igitur</strong></span> <span class='ocrx_word' id='word_1_305' title='bbox 1513 3131 1615 3171; x_wconf 90' lang='lat' dir='ltr'><strong>nos</strong></span> <span class='ocrx_word' id='word_1_306' title='bbox 1651 3117 1850 3172; x_wconf 88' lang='lat' dir='ltr'><strong>iterum</strong></span> <span class='ocrx_word' id='word_1_307' title='bbox 1901 3117 1968 3173; x_wconf 93' lang='lat' dir='ltr'><strong>de</strong></span> 
     </span>
    </p>
   </div>
   <div class='ocr_carea' id='block_1_43' title="bbox 2152 1445 3668 1520">
    <p class='ocr_par' dir='ltr' id='par_1_43' title="bbox 2152 1445 3668 1520">
     <span class='ocr_line' id='line_1_43' title="bbox 2152 1445 3668 1520; baseline -0.001 -16"><span class='ocrx_word' id='word_1_308' title='bbox 2152 1451 2288 1504; x_wconf 73' lang='grc' dir='ltr'><strong>κη’.</strong></span> <span class='ocrx_word' id='word_1_309' title='bbox 2322 1449 2508 1506; x_wconf 87' lang='grc' dir='ltr'>Ταῦτα</span> <span class='ocrx_word' id='word_1_310' title='bbox 2564 1445 2658 1505; x_wconf 79' lang='grc' dir='ltr'><strong>οὖν</strong></span> <span class='ocrx_word' id='word_1_311' title='bbox 2705 1451 2887 1506; x_wconf 84' lang='grc' dir='ltr'>πάντα</span> <span class='ocrx_word' id='word_1_312' title='bbox 2923 1450 2980 1504; x_wconf 80' lang='grc' dir='ltr'>ὲν</span> <span class='ocrx_word' id='word_1_313' title='bbox 3003 1448 3082 1520; x_wconf 84' lang='grc' dir='ltr'>τῷ</span> <span class='ocrx_word' id='word_1_314' title='bbox 3109 1448 3238 1520; x_wconf 75' lang='grc' dir='ltr'>περὶ</span> <span class='ocrx_word' id='word_1_315' title='bbox 3259 1447 3495 1514; x_wconf 83' lang='grc' dir='ltr'>πίστεως</span> <span class='ocrx_word' id='word_1_316' title='bbox 3523 1448 3668 1520; x_wconf 81' lang='grc' dir='ltr'>λόγῳ</span> 
     </span>
    </p>
   </div>
   <div class='ocr_carea' id='block_1_44' title="bbox 2071 1537 3672 1616">
    <p class='ocr_par' dir='ltr' id='par_1_44' title="bbox 2071 1537 3672 1616">
     <span class='ocr_line' id='line_1_44' title="bbox 2071 1537 3672 1616; baseline 0.001 -21"><span class='ocrx_word' id='word_1_317' title='bbox 2071 1541 2454 1614; x_wconf 78' lang='grc' dir='ltr'><strong>προειρημένῳ</strong></span> <span class='ocrx_word' id='word_1_318' title='bbox 2501 1541 2927 1616; x_wconf 85' lang='grc' dir='ltr'>ὑφηγησάμεθα,</span> <span class='ocrx_word' id='word_1_319' title='bbox 2987 1545 3046 1596; x_wconf 77' lang='grc' dir='ltr'><strong>ἐν</strong></span> <span class='ocrx_word' id='word_1_320' title='bbox 3091 1541 3188 1612; x_wconf 84' lang='grc' dir='ltr'><strong>τῷ,</strong></span> <span class='ocrx_word' id='word_1_321' title='bbox 3225 1541 3303 1606; x_wconf 85' lang='grc' dir='ltr'>ὡς</span> <span class='ocrx_word' id='word_1_322' title='bbox 3332 1537 3505 1607; x_wconf 80' lang='grc' dir='ltr'>εἷπον,</span> <span class='ocrx_word' id='word_1_323' title='bbox 3537 1559 3672 1616; x_wconf 72' lang='grc' dir='ltr'>γραο</span> 
     </span>
    </p>
   </div>
   <div class='ocr_carea' id='block_1_45' title="bbox 2071 1633 3658 1708">
    <p class='ocr_par' dir='ltr' id='par_1_45' title="bbox 2071 1633 3658 1708">
     <span class='ocr_line' id='line_1_45' title="bbox 2071 1633 3658 1708; baseline 0 -18"><span class='ocrx_word' id='word_1_324' title='bbox 2071 1636 2225 1706; x_wconf 87' lang='grc' dir='ltr'>φέντι</span> <span class='ocrx_word' id='word_1_325' title='bbox 2254 1637 2334 1700; x_wconf 84' lang='grc' dir='ltr'><strong>είς</strong></span> <span class='ocrx_word' id='word_1_326' title='bbox 2361 1633 2432 1690; x_wconf 82' lang='grc' dir='ltr'>τὰ</span> <span class='ocrx_word' id='word_1_327' title='bbox 2469 1635 2610 1708; x_wconf 85' lang='grc' dir='ltr'>μέρη</span> <span class='ocrx_word' id='word_1_328' title='bbox 2639 1637 2740 1706; x_wconf 84' lang='grc' dir='ltr'>τῆς</span> <span class='ocrx_word' id='word_1_329' title='bbox 2793 1635 3124 1707; x_wconf 80' lang='grc' dir='ltr'>Παμφυλίας</span> <span class='ocrx_word' id='word_1_330' title='bbox 3153 1636 3247 1690; x_wconf 79' lang='grc' dir='ltr'>καὶ</span> <span class='ocrx_word' id='word_1_331' title='bbox 3275 1635 3518 1698; x_wconf 83' lang='grc' dir='ltr'>Πισίδος.</span> <span class='ocrx_word' id='word_1_332' title='bbox 3556 1635 3658 1690; x_wconf 73' lang='grc' dir='ltr'>Ἐν</span> 
     </span>
    </p>
   </div>
   <div class='ocr_carea' id='block_1_46' title="bbox 2069 1726 3671 1800">
    <p class='ocr_par' dir='ltr' id='par_1_46' title="bbox 2069 1726 3671 1800">
     <span class='ocr_line' id='line_1_46' title="bbox 2069 1726 3671 1800; baseline 0 -18"><span class='ocrx_word' id='word_1_333' title='bbox 2069 1727 2243 1782; x_wconf 85' lang='grc' dir='ltr'>ταῦθα</span> <span class='ocrx_word' id='word_1_334' title='bbox 2271 1728 2349 1794; x_wconf 80' lang='grc' dir='ltr'><strong>δὲ,</strong></span> <span class='ocrx_word' id='word_1_335' title='bbox 2382 1727 2573 1800; x_wconf 75' lang='grc' dir='ltr'>ἐπειδὴ</span> <span class='ocrx_word' id='word_1_336' title='bbox 2619 1726 2938 1798; x_wconf 78' lang='grc' dir='ltr'><strong>ἐφθάσαμεν</strong></span> <span class='ocrx_word' id='word_1_337' title='bbox 2976 1727 3059 1790; x_wconf 86' lang='grc' dir='ltr'><strong>είς</strong></span> <span class='ocrx_word' id='word_1_338' title='bbox 3093 1727 3193 1792; x_wconf 81' lang='grc' dir='ltr'>τὰς</span> <span class='ocrx_word' id='word_1_339' title='bbox 3239 1727 3366 1798; x_wconf 77' lang='grc' dir='ltr'><strong>ἑξῆς</strong></span> <span class='ocrx_word' id='word_1_340' title='bbox 3399 1726 3671 1797; x_wconf 72' lang='grc' dir='ltr'>ζητουμέ-</span> 
     </span>
    </p>
   </div>
   <div class='ocr_carea' id='block_1_47' title="bbox 2069 1819 3670 1892">
    <p class='ocr_par' dir='ltr' id='par_1_47' title="bbox 2069 1819 3670 1892">
     <span class='ocr_line' id='line_1_47' title="bbox 2069 1819 3670 1892; baseline -0.001 -17"><span class='ocrx_word' id='word_1_341' title='bbox 2069 1839 2168 1886; x_wconf 83' lang='grc' dir='ltr'><strong>νας</strong></span> <span class='ocrx_word' id='word_1_342' title='bbox 2196 1821 2390 1888; x_wconf 81' lang='grc' dir='ltr'><strong>λέξεις.</strong></span> <span class='ocrx_word' id='word_1_343' title='bbox 2431 1820 2748 1890; x_wconf 80' lang='grc' dir='ltr'>ἀναγκαίως</span> <span class='ocrx_word' id='word_1_344' title='bbox 2774 1819 2938 1874; x_wconf 79' lang='grc' dir='ltr'>πάλιν</span> <span class='ocrx_word' id='word_1_345' title='bbox 2971 1819 3448 1892; x_wconf 81' lang='grc' dir='ltr'>ὲπιμνημονεῦσαι</span> <span class='ocrx_word' id='word_1_346' title='bbox 3477 1823 3670 1874; x_wconf 75' lang='grc' dir='ltr'>ἐσπου-</span> 
     </span>
    </p>
   </div>
   <div class='ocr_carea' id='block_1_48' title="bbox 2067 1911 3670 1986">
    <p class='ocr_par' dir='ltr' id='par_1_48' title="bbox 2067 1911 3670 1986">
     <span class='ocr_line' id='line_1_48' title="bbox 2067 1911 3670 1986; baseline -0.004 -16"><span class='ocrx_word' id='word_1_347' title='bbox 2067 1915 2309 1986; x_wconf 88' lang='grc' dir='ltr'>δάσαμεν</span> <span class='ocrx_word' id='word_1_348' title='bbox 2328 1913 2399 1968; x_wconf 83' lang='grc' dir='ltr'>τὰ</span> <span class='ocrx_word' id='word_1_349' title='bbox 2427 1913 2568 1968; x_wconf 82' lang='grc' dir='ltr'>αὐτὰ</span> <span class='ocrx_word' id='word_1_350' title='bbox 2589 1953 2604 1978; x_wconf 92' lang='grc'><strong>,</strong></span> <span class='ocrx_word' id='word_1_351' title='bbox 2629 1913 2706 1976; x_wconf 82' lang='grc' dir='ltr'>ὡς</span> <span class='ocrx_word' id='word_1_352' title='bbox 2738 1913 2936 1976; x_wconf 77' lang='grc' dir='ltr'>εἰπεῖν,</span> <span class='ocrx_word' id='word_1_353' title='bbox 2961 1911 3051 1966; x_wconf 81' lang='grc' dir='ltr'>διὰ</span> <span class='ocrx_word' id='word_1_354' title='bbox 3070 1912 3162 1966; x_wconf 84' lang='grc' dir='ltr'><strong>τὸν</strong></span> <span class='ocrx_word' id='word_1_355' title='bbox 3187 1911 3550 1984; x_wconf 81' lang='grc' dir='ltr'>προκείμενον</span> <span class='ocrx_word' id='word_1_356' title='bbox 3581 1911 3670 1968; x_wconf 75' lang='lat' dir='ltr'><strong>al-</strong></span> 
     </span>
    </p>
   </div>
   <div class='ocr_carea' id='block_1_49' title="bbox 2073 2001 3670 2079">
    <p class='ocr_par' dir='ltr' id='par_1_49' title="bbox 2073 2001 3670 2079">
     <span class='ocr_line' id='line_1_49' title="bbox 2073 2001 3670 2079; baseline -0.004 -18"><span class='ocrx_word' id='word_1_357' title='bbox 2073 2007 2369 2079; x_wconf 88' lang='grc' dir='ltr'>ρεσιάρχην</span> <span class='ocrx_word' id='word_1_358' title='bbox 2403 2005 2642 2078; x_wconf 78' lang='grc' dir='ltr'>Ἀρειον,</span> <span class='ocrx_word' id='word_1_359' title='bbox 2696 2004 2947 2068; x_wconf 75' lang='grc' dir='ltr'>καὶτοὺς</span> <span class='ocrx_word' id='word_1_360' title='bbox 2984 2005 3083 2057; x_wconf 74' lang='grc' dir='ltr'><strong>ὑπ’</strong></span> <span class='ocrx_word' id='word_1_361' title='bbox 3117 2001 3284 2058; x_wconf 85' lang='grc' dir='ltr'>αὐτοῦ</span> <span class='ocrx_word' id='word_1_362' title='bbox 3335 2002 3670 2074; x_wconf 51' lang='grc' dir='ltr'>’Λρειανοῦω</span> 
     </span>
    </p>
   </div>
   <div class='ocr_carea' id='block_1_50' title="bbox 2069 2094 3672 2168">
    <p class='ocr_par' dir='ltr' id='par_1_50' title="bbox 2069 2094 3672 2168">
     <span class='ocr_line' id='line_1_50' title="bbox 2069 2094 3672 2168; baseline -0.002 -16"><span class='ocrx_word' id='word_1_363' title='bbox 2069 2099 2156 2152; x_wconf 84' lang='grc' dir='ltr'><strong>ἵνα</strong></span> <span class='ocrx_word' id='word_1_364' title='bbox 2191 2097 2508 2168; x_wconf 81' lang='grc' dir='ltr'>ὲκλύσωμεν</span> <span class='ocrx_word' id='word_1_365' title='bbox 2537 2097 2635 2162; x_wconf 78' lang='grc' dir='ltr'><strong>τὰς</strong></span> <span class='ocrx_word' id='word_1_366' title='bbox 2681 2097 2865 2150; x_wconf 79' lang='grc' dir='ltr'>αὐτῶν</span> <span class='ocrx_word' id='word_1_367' title='bbox 2901 2096 3124 2162; x_wconf 87' lang='grc' dir='ltr'>κακίας,</span> <span class='ocrx_word' id='word_1_368' title='bbox 3161 2094 3260 2160; x_wconf 80' lang='grc' dir='ltr'>τὰς</span> <span class='ocrx_word' id='word_1_369' title='bbox 3289 2095 3350 2150; x_wconf 83' lang='grc' dir='ltr'><strong>τὸ</strong></span> <span class='ocrx_word' id='word_1_370' title='bbox 3390 2095 3561 2164; x_wconf 82' lang='grc' dir='ltr'>γλυκὺ</span> <span class='ocrx_word' id='word_1_371' title='bbox 3591 2095 3672 2158; x_wconf 78' lang='grc' dir='ltr'><strong>είς</strong></span> 
     </span>
    </p>
   </div>
   <div class='ocr_carea' id='block_1_51' title="bbox 2069 2186 3672 2266">
    <p class='ocr_par' dir='ltr' id='par_1_51' title="bbox 2069 2186 3672 2266">
     <span class='ocr_line' id='line_1_51' title="bbox 2069 2186 3672 2266; baseline -0.004 -20"><span class='ocrx_word' id='word_1_372' title='bbox 2069 2191 2266 2266; x_wconf 76' lang='grc' dir='ltr'>πικρὸν</span> <span class='ocrx_word' id='word_1_373' title='bbox 2331 2189 2796 2264; x_wconf 86' lang='grc' dir='ltr'>μεταϐαλλούσας,</span> <span class='ocrx_word' id='word_1_374' title='bbox 2855 2189 2949 2242; x_wconf 76' lang='grc' dir='ltr'><strong>καὶ</strong></span> <span class='ocrx_word' id='word_1_375' title='bbox 2998 2187 3062 2242; x_wconf 85' lang='grc' dir='ltr'><strong>τδ</strong></span> <span class='ocrx_word' id='word_1_376' title='bbox 3101 2187 3306 2257; x_wconf 83' lang='grc' dir='ltr'>ἀγαθὸν</span> <span class='ocrx_word' id='word_1_377' title='bbox 3341 2189 3422 2252; x_wconf 81' lang='grc' dir='ltr'>εἰς</span> <span class='ocrx_word' id='word_1_378' title='bbox 3447 2186 3672 2258; x_wconf 83' lang='grc' dir='ltr'>φαῦλον,</span> 
     </span>
    </p>
   </div>
   <div class='ocr_carea' id='block_1_52' title="bbox 2068 2279 3673 2354">
    <p class='ocr_par' dir='ltr' id='par_1_52' title="bbox 2068 2279 3673 2354">
     <span class='ocr_line' id='line_1_52' title="bbox 2068 2279 3673 2354; baseline -0.004 -15"><span class='ocrx_word' id='word_1_379' title='bbox 2068 2289 2165 2340; x_wconf 74' lang='grc' dir='ltr'>καὶ</span> <span class='ocrx_word' id='word_1_380' title='bbox 2219 2283 2282 2338; x_wconf 77' lang='grc' dir='ltr'>τὸ</span> <span class='ocrx_word' id='word_1_381' title='bbox 2329 2283 2445 2353; x_wconf 86' lang='grc' dir='ltr'><strong>φῶς</strong></span> <span class='ocrx_word' id='word_1_382' title='bbox 2492 2283 2572 2347; x_wconf 87' lang='grc' dir='ltr'><strong>είς</strong></span> <span class='ocrx_word' id='word_1_383' title='bbox 2601 2281 2814 2346; x_wconf 84' lang='grc' dir='ltr'>σκότος.</span> <span class='ocrx_word' id='word_1_384' title='bbox 2862 2283 2988 2345; x_wconf 84' lang='grc' dir='ltr'>Τοῖς</span> <span class='ocrx_word' id='word_1_385' title='bbox 3013 2281 3124 2354; x_wconf 83' lang='grc' dir='ltr'><strong>γάρ</strong></span> <span class='ocrx_word' id='word_1_386' title='bbox 3149 2279 3421 2344; x_wconf 84' lang='grc' dir='ltr'>τοιούτοις</span> <span class='ocrx_word' id='word_1_387' title='bbox 3449 2280 3673 2342; x_wconf 85' lang='grc' dir='ltr'>τελείως</span> 
     </span>
    </p>
   </div>
   <div class='ocr_carea' id='block_1_53' title="bbox 2070 2372 3674 2450">
    <p class='ocr_par' dir='ltr' id='par_1_53' title="bbox 2070 2372 3674 2450">
     <span class='ocr_line' id='line_1_53' title="bbox 2070 2372 3674 2450; baseline -0.005 -16"><span class='ocrx_word' id='word_1_388' title='bbox 2070 2379 2176 2434; x_wconf 83' lang='grc' dir='ltr'><strong>ὑπὸ</strong></span> <span class='ocrx_word' id='word_1_389' title='bbox 2201 2377 2292 2432; x_wconf 90' lang='grc' dir='ltr'><strong>τοῦ</strong></span> <span class='ocrx_word' id='word_1_390' title='bbox 2317 2377 2521 2450; x_wconf 86' lang='grc' dir='ltr'>Κυρίου</span> <span class='ocrx_word' id='word_1_391' title='bbox 2553 2375 2642 2430; x_wconf 83' lang='grc' dir='ltr'>διὰ</span> <span class='ocrx_word' id='word_1_392' title='bbox 2663 2375 2756 2430; x_wconf 85' lang='grc' dir='ltr'><strong>τοῦ</strong></span> <span class='ocrx_word' id='word_1_393' title='bbox 2788 2375 2944 2443; x_wconf 83' lang='grc' dir='ltr'>ἁγίου</span> <span class='ocrx_word' id='word_1_394' title='bbox 2974 2375 3198 2436; x_wconf 75' lang='grc' dir='ltr'>Ἡσαΐου</span> <span class='ocrx_word' id='word_1_395' title='bbox 3232 2373 3292 2428; x_wconf 80' lang='grc' dir='ltr'><strong>τὸ</strong></span> <span class='ocrx_word' id='word_1_396' title='bbox 3330 2372 3468 2428; x_wconf 80' lang='grc' dir='ltr'>οὐαὶ</span> <span class='ocrx_word' id='word_1_397' title='bbox 3491 2372 3674 2444; x_wconf 76' lang='grc' dir='ltr'>ὁρίζε-</span> 
     </span>
    </p>
   </div>
   <div class='ocr_carea' id='block_1_54' title="bbox 2067 2464 3679 2540">
    <p class='ocr_par' dir='ltr' id='par_1_54' title="bbox 2067 2464 3679 2540">
     <span class='ocr_line' id='line_1_54' title="bbox 2067 2464 3679 2540; baseline -0.007 -14"><span class='ocrx_word' id='word_1_398' title='bbox 2067 2490 2179 2540; x_wconf 89' lang='grc' dir='ltr'>ται,</span> <span class='ocrx_word' id='word_1_399' title='bbox 2200 2474 2315 2536; x_wconf 85' lang='grc' dir='ltr'>τοῖς</span> <span class='ocrx_word' id='word_1_400' title='bbox 2337 2472 2409 2528; x_wconf 84' lang='grc' dir='ltr'>τὰ</span> <span class='ocrx_word' id='word_1_401' title='bbox 2428 2468 2619 2540; x_wconf 75' lang='grc' dir='ltr'>ἀγαθὰ</span> <span class='ocrx_word' id='word_1_402' title='bbox 2641 2472 2728 2537; x_wconf 86' lang='grc' dir='ltr'><strong>είς</strong></span> <span class='ocrx_word' id='word_1_403' title='bbox 2751 2468 2909 2524; x_wconf 77' lang='grc' dir='ltr'>κακὰ</span> <span class='ocrx_word' id='word_1_404' title='bbox 2925 2466 3392 2539; x_wconf 76' lang='grc' dir='ltr'>μεταϐάλλουσι.</span> <span class='ocrx_word' id='word_1_405' title='bbox 3412 2464 3516 2520; x_wconf 76' lang='grc' dir='ltr'><strong>Καὶ</strong></span> <span class='ocrx_word' id='word_1_406' title='bbox 3538 2464 3679 2528; x_wconf 80' lang='grc' dir='ltr'>Θεὸς</span> 
     </span>
    </p>
   </div>
   <div class='ocr_carea' id='block_1_55' title="bbox 2069 2556 3674 2636">
    <p class='ocr_par' dir='ltr' id='par_1_55' title="bbox 2069 2556 3674 2636">
     <span class='ocr_line' id='line_1_55' title="bbox 2069 2556 3674 2636; baseline -0.005 -17"><span class='ocrx_word' id='word_1_407' title='bbox 2069 2565 2307 2636; x_wconf 80' lang='grc' dir='ltr'>οὐδαμοῦ</span> <span class='ocrx_word' id='word_1_408' title='bbox 2335 2567 2508 2628; x_wconf 76' lang='grc' dir='ltr'>αἴτιος</span> <span class='ocrx_word' id='word_1_409' title='bbox 2539 2563 2650 2616; x_wconf 87' lang='grc' dir='ltr'><strong>τῶν</strong></span> <span class='ocrx_word' id='word_1_410' title='bbox 2683 2561 2979 2616; x_wconf 76' lang='grc' dir='ltr'>τοιούτωνο</span> <span class='ocrx_word' id='word_1_411' title='bbox 3005 2559 3124 2614; x_wconf 88' lang='grc' dir='ltr'>ἀλλ’</span> <span class='ocrx_word' id='word_1_412' title='bbox 3147 2559 3378 2622; x_wconf 70' lang='grc' dir='ltr'>ἕκαστος</span> <span class='ocrx_word' id='word_1_413' title='bbox 3401 2559 3604 2612; x_wconf 87' lang='grc' dir='ltr'>τούτων</span> <span class='ocrx_word' id='word_1_414' title='bbox 3635 2556 3674 2628; x_wconf 72' lang='grc' dir='ltr'>ἢ</span> 
     </span>
    </p>
   </div>
   <div class='ocr_carea' id='block_1_56' title="bbox 2071 2650 3674 2727">
    <p class='ocr_par' dir='ltr' id='par_1_56' title="bbox 2071 2650 3674 2727">
     <span class='ocr_line' id='line_1_56' title="bbox 2071 2650 3674 2727; baseline -0.005 -15"><span class='ocrx_word' id='word_1_415' title='bbox 2071 2658 2214 2713; x_wconf 86' lang='grc' dir='ltr'><strong>κατά</strong></span> <span class='ocrx_word' id='word_1_416' title='bbox 2254 2653 2580 2722; x_wconf 79' lang='grc' dir='ltr'>κενοδοξίαν,</span> <span class='ocrx_word' id='word_1_417' title='bbox 2612 2655 2646 2727; x_wconf 81' lang='grc' dir='ltr'>ἢ</span> <span class='ocrx_word' id='word_1_418' title='bbox 2676 2654 2817 2709; x_wconf 85' lang='grc' dir='ltr'><strong>κατά</strong></span> <span class='ocrx_word' id='word_1_419' title='bbox 2851 2653 3144 2727; x_wconf 76' lang='grc' dir='ltr'>πρόληψιν,</span> <span class='ocrx_word' id='word_1_420' title='bbox 3185 2652 3240 2723; x_wconf 80' lang='grc' dir='ltr'>ἢ.</span> <span class='ocrx_word' id='word_1_421' title='bbox 3261 2650 3404 2706; x_wconf 77' lang='grc' dir='ltr'>κατὰ</span> <span class='ocrx_word' id='word_1_422' title='bbox 3430 2650 3674 2704; x_wconf 82' lang='grc' dir='ltr'>ὲοελοσο-</span> 
     </span>
    </p>
   </div>
   <div class='ocr_carea' id='block_1_57' title="bbox 2071 2745 3674 2823">
    <p class='ocr_par' dir='ltr' id='par_1_57' title="bbox 2071 2745 3674 2823">
     <span class='ocr_line' id='line_1_57' title="bbox 2071 2745 3674 2823; baseline -0.004 -16"><span class='ocrx_word' id='word_1_423' title='bbox 2071 2755 2219 2822; x_wconf 83' lang='grc' dir='ltr'>φίαν,</span> <span class='ocrx_word' id='word_1_424' title='bbox 2242 2753 2276 2823; x_wconf 77' lang='grc' dir='ltr'>ἦ</span> <span class='ocrx_word' id='word_1_425' title='bbox 2303 2751 2444 2808; x_wconf 84' lang='grc' dir='ltr'><strong>κατά</strong></span> <span class='ocrx_word' id='word_1_426' title='bbox 2468 2750 2645 2822; x_wconf 76' lang='grc' dir='ltr'>οἱήσιν</span> <span class='ocrx_word' id='word_1_427' title='bbox 2667 2749 2996 2821; x_wconf 86' lang='grc' dir='ltr'>δαιμονιώδη</span> <span class='ocrx_word' id='word_1_428' title='bbox 3021 2747 3243 2813; x_wconf 74' lang='grc' dir='ltr'>ἐξέπεσε</span> <span class='ocrx_word' id='word_1_429' title='bbox 3269 2747 3368 2818; x_wconf 81' lang='grc' dir='ltr'>τῆς</span> <span class='ocrx_word' id='word_1_430' title='bbox 3391 2745 3674 2816; x_wconf 84' lang='grc' dir='ltr'>ἀληθείας,</span> 
     </span>
    </p>
   </div>
   <div class='ocr_carea' id='block_1_58' title="bbox 2071 2839 3676 2916">
    <p class='ocr_par' dir='ltr' id='par_1_58' title="bbox 2071 2839 3676 2916">
     <span class='ocr_line' id='line_1_58' title="bbox 2071 2839 3676 2916; baseline -0.008 -12"><span class='ocrx_word' id='word_1_431' title='bbox 2071 2847 2165 2904; x_wconf 73' lang='grc' dir='ltr'><strong>καὶ</strong></span> <span class='ocrx_word' id='word_1_432' title='bbox 2191 2846 2270 2916; x_wconf 83' lang='grc' dir='ltr'>τῷ</span> <span class='ocrx_word' id='word_1_433' title='bbox 2292 2847 2482 2916; x_wconf 84' lang='grc' dir='ltr'>κόσμῳ</span> <span class='ocrx_word' id='word_1_434' title='bbox 2506 2844 2884 2914; x_wconf 83' lang='grc' dir='ltr'>παρεισήγαγε</span> <span class='ocrx_word' id='word_1_435' title='bbox 2910 2841 3110 2911; x_wconf 76' lang='grc' dir='ltr'>θλίψιν,</span> <span class='ocrx_word' id='word_1_436' title='bbox 3134 2841 3232 2911; x_wconf 79' lang='grc' dir='ltr'>τὴν</span> <span class='ocrx_word' id='word_1_437' title='bbox 3261 2839 3442 2894; x_wconf 81' lang='grc' dir='ltr'>αὐτῶν</span> <span class='ocrx_word' id='word_1_438' title='bbox 3474 2839 3676 2910; x_wconf 88' lang='grc' dir='ltr'>μοχθη-</span> 
     </span>
    </p>
   </div>
   <div class='ocr_carea' id='block_1_59' title="bbox 2073 2931 3676 3010">
    <p class='ocr_par' dir='ltr' id='par_1_59' title="bbox 2073 2931 3676 3010">
     <span class='ocr_line' id='line_1_59' title="bbox 2073 2931 3676 3010; baseline -0.004 -20"><span class='ocrx_word' id='word_1_439' title='bbox 2073 2939 2214 3010; x_wconf 84' lang='grc' dir='ltr'>ρίαν.</span> <span class='ocrx_word' id='word_1_440' title='bbox 2237 2937 2372 3009; x_wconf 80' lang='grc' dir='ltr'>Φέρε</span> <span class='ocrx_word' id='word_1_441' title='bbox 2405 2936 2537 3005; x_wconf 76' lang='grc' dir='ltr'>γοῦν</span> <span class='ocrx_word' id='word_1_442' title='bbox 2563 2935 2652 2989; x_wconf 77' lang='grc' dir='ltr'><strong>διὰ</strong></span> <span class='ocrx_word' id='word_1_443' title='bbox 2691 2935 2897 3006; x_wconf 84' lang='grc' dir='ltr'>ταύτης</span> <span class='ocrx_word' id='word_1_444' title='bbox 2937 2933 3035 3005; x_wconf 81' lang='grc' dir='ltr'>τῆς</span> <span class='ocrx_word' id='word_1_445' title='bbox 3065 2931 3266 2998; x_wconf 77' lang='grc' dir='ltr'>λέξεως</span> <span class='ocrx_word' id='word_1_446' title='bbox 3307 2931 3676 3002; x_wconf 80' lang='grc' dir='ltr'>διαλάϐωμεν,</span> 
     </span>
    </p>
   </div>
   <div class='ocr_carea' id='block_1_60' title="bbox 2072 3023 3678 3102">
    <p class='ocr_par' dir='ltr' id='par_1_60' title="bbox 2072 3023 3678 3102">
     <span class='ocr_line' id='line_1_60' title="bbox 2072 3023 3678 3102; baseline -0.005 -17"><span class='ocrx_word' id='word_1_447' title='bbox 2072 3033 2162 3086; x_wconf 85' lang='grc' dir='ltr'><strong>ἵνα</strong></span> <span class='ocrx_word' id='word_1_448' title='bbox 2207 3030 2426 3102; x_wconf 86' lang='grc' dir='ltr'>γνῶμεν</span> <span class='ocrx_word' id='word_1_449' title='bbox 2466 3029 2535 3083; x_wconf 79' lang='grc' dir='ltr'>τὰ</span> <span class='ocrx_word' id='word_1_450' title='bbox 2581 3030 2686 3082; x_wconf 83' lang='grc' dir='ltr'>ὑπὸ</span> <span class='ocrx_word' id='word_1_451' title='bbox 2719 3028 2922 3100; x_wconf 82' lang='grc' dir='ltr'>Κυρίου</span> <span class='ocrx_word' id='word_1_452' title='bbox 2963 3026 3327 3098; x_wconf 78' lang='grc' dir='ltr'>λελαλημένα,</span> <span class='ocrx_word' id='word_1_453' title='bbox 3357 3023 3433 3088; x_wconf 82' lang='grc' dir='ltr'>ὥς</span> <span class='ocrx_word' id='word_1_454' title='bbox 3462 3025 3678 3096; x_wconf 82' lang='grc' dir='ltr'>φησινὸ</span> 
     </span>
    </p>
   </div>
   <div class='ocr_carea' id='block_1_61' title="bbox 2073 3117 3676 3191">
    <p class='ocr_par' dir='ltr' id='par_1_61' title="bbox 2073 3117 3676 3191">
     <span class='ocr_line' id='line_1_61' title="bbox 2073 3117 3676 3191; baseline -0.003 -14"><span class='ocrx_word' id='word_1_455' title='bbox 2073 3123 2226 3191; x_wconf 79' lang='grc' dir='ltr'>ἅγιος</span> <span class='ocrx_word' id='word_1_456' title='bbox 2266 3122 2585 3186; x_wconf 83' lang='grc' dir='ltr'>Ἀπόστολος</span> <span class='ocrx_word' id='word_1_457' title='bbox 2604 3139 2619 3153; x_wconf 75' lang='grc'><strong><em>⁸</em></strong></span> <span class='ocrx_word' id='word_1_458' title='bbox 2645 3121 2757 3176; x_wconf 78' lang='grc' dir='ltr'><strong>Καὶ</strong></span> <span class='ocrx_word' id='word_1_459' title='bbox 2775 3119 2948 3191; x_wconf 71' lang='grc' dir='ltr'>ἡμεῖς</span> <span class='ocrx_word' id='word_1_460' title='bbox 2982 3119 3224 3188; x_wconf 77' lang='grc' dir='ltr'>Πνεῦμα</span> <span class='ocrx_word' id='word_1_461' title='bbox 3253 3117 3403 3174; x_wconf 83' lang='grc' dir='ltr'>Θεοῦ</span> <span class='ocrx_word' id='word_1_462' title='bbox 3433 3117 3676 3187; x_wconf 74' lang='grc' dir='ltr'>ἔχομεν,</span> 
     </span>
    </p>
   </div>
   <div class='ocr_carea' id='block_1_62' title="bbox 383 3208 1970 3288">
    <p class='ocr_par' dir='ltr' id='par_1_62' title="bbox 383 3208 1968 3282">
     <span class='ocr_line' id='line_1_62' title="bbox 383 3208 1968 3282; baseline -0.001 -16"><span class='ocrx_word' id='word_1_463' title='bbox 383 3211 474 3266; x_wconf 85' lang='lat' dir='ltr'><strong>his</strong></span> <span class='ocrx_word' id='word_1_464' title='bbox 501 3225 809 3266; x_wconf 80' lang='lat' dir='ltr'><strong>sermonem</strong></span> <span class='ocrx_word' id='word_1_465' title='bbox 845 3208 1200 3266; x_wconf 88' lang='lat' dir='ltr'><strong>instituamus</strong></span> <span class='ocrx_word' id='word_1_466' title='bbox 1233 3209 1335 3264; x_wconf 92' lang='lat' dir='ltr'><strong>hoc</strong></span> <span class='ocrx_word' id='word_1_467' title='bbox 1367 3211 1506 3278; x_wconf 90' lang='lat' dir='ltr'><strong>loco,</strong></span> <span class='ocrx_word' id='word_1_468' title='bbox 1541 3218 1600 3264; x_wconf 85' lang='lat' dir='ltr'><strong>ut</strong></span> <span class='ocrx_word' id='word_1_469' title='bbox 1633 3227 1755 3282; x_wconf 78' lang='lat' dir='ltr'><strong>qua:</strong></span> <span class='ocrx_word' id='word_1_470' title='bbox 1782 3211 1968 3264; x_wconf 90' lang='lat' dir='ltr'><strong>Domi-</strong></span> 
     </span>
    </p>
   </div>
   <div class='ocr_carea' id='block_1_63' title="bbox 2075 3208 3680 3288">
    <p class='ocr_par' dir='ltr' id='par_1_63' title="bbox 2075 3209 3680 3286">
     <span class='ocr_line' id='line_1_63' title="bbox 2075 3209 3680 3286; baseline -0.002 -17"><span class='ocrx_word' id='word_1_471' title='bbox 2075 3216 2176 3270; x_wconf 76' lang='lat' dir='ltr'><strong>lra</strong></span> <span class='ocrx_word' id='word_1_472' title='bbox 2215 3214 2448 3286; x_wconf 72' lang='grc' dir='ltr'>γνῶμεν</span> <span class='ocrx_word' id='word_1_473' title='bbox 2469 3215 2544 3268; x_wconf 84' lang='grc' dir='ltr'>τὰ</span> <span class='ocrx_word' id='word_1_474' title='bbox 2577 3215 2696 3270; x_wconf 80' lang='grc' dir='ltr'><strong>ὑπὸ</strong></span> <span class='ocrx_word' id='word_1_475' title='bbox 2729 3215 2878 3268; x_wconf 86' lang='grc' dir='ltr'>Θεοῦ</span> <span class='ocrx_word' id='word_1_476' title='bbox 2909 3213 3272 3284; x_wconf 70' lang='grc' dir='ltr'>χαρισθέντα</span> <span class='ocrx_word' id='word_1_477' title='bbox 3315 3211 3478 3282; x_wconf 73' lang='grc' dir='ltr'>ἡμῖν,</span> <span class='ocrx_word' id='word_1_478' title='bbox 3511 3209 3554 3266; x_wconf 77' lang='grc' dir='ltr'><strong><em>ἄ</em></strong></span> <span class='ocrx_word' id='word_1_479' title='bbox 3577 3211 3680 3266; x_wconf 70' lang='grc' dir='ltr'>καὶ</span> 
     </span>
    </p>
   </div>
   <div class='ocr_carea' id='block_1_64' title="bbox 383 3300 1980 3374">
    <p class='ocr_par' dir='ltr' id='par_1_64' title="bbox 383 3300 1980 3374">
     <span class='ocr_line' id='line_1_64' title="bbox 383 3300 1980 3374; baseline 0 -17"><span class='ocrx_word' id='word_1_480' title='bbox 383 3317 492 3358; x_wconf 89' lang='lat' dir='ltr'><strong>nus</strong></span> <span class='ocrx_word' id='word_1_481' title='bbox 516 3302 764 3356; x_wconf 90' lang='lat' dir='ltr'><strong>elocutus</strong></span> <span class='ocrx_word' id='word_1_482' title='bbox 795 3307 880 3357; x_wconf 82' lang='lat' dir='ltr'><strong>est</strong></span> <span class='ocrx_word' id='word_1_483' title='bbox 895 3300 1180 3370; x_wconf 86' lang='lat' dir='ltr'><strong>pervidere</strong></span> <span class='ocrx_word' id='word_1_484' title='bbox 1203 3301 1500 3370; x_wconf 84' lang='lat' dir='ltr'><strong>possimus,</strong></span> <span class='ocrx_word' id='word_1_485' title='bbox 1518 3301 1980 3374; x_wconf 86' lang='lat' dir='ltr'><strong>quemadmodum</strong></span> 
     </span>
    </p>
   </div>
   <div class='ocr_carea' id='block_1_65' title="bbox 383 3391 1982 3466">
    <p class='ocr_par' dir='ltr' id='par_1_65' title="bbox 383 3391 1982 3466">
     <span class='ocr_line' id='line_1_65' title="bbox 383 3391 1982 3466; baseline -0.001 -16"><span class='ocrx_word' id='word_1_486' title='bbox 383 3395 683 3466; x_wconf 77' lang='lat' dir='ltr'><strong>Apostolus</strong></span> <span class='ocrx_word' id='word_1_487' title='bbox 697 3394 800 3448; x_wconf 89' lang='lat' dir='ltr'><strong>ait:</strong></span> <span class='ocrx_word' id='word_1_488' title='bbox 823 3391 888 3446; x_wconf 85' lang='lat' dir='ltr'><strong>Et</strong></span> <span class='ocrx_word' id='word_1_489' title='bbox 921 3411 1016 3448; x_wconf 85' lang='lat' dir='ltr'><strong>nos</strong></span> <span class='ocrx_word' id='word_1_490' title='bbox 1036 3393 1298 3462; x_wconf 85' lang='lat' dir='ltr'><strong>Spiritum</strong></span> <span class='ocrx_word' id='word_1_491' title='bbox 1312 3393 1408 3448; x_wconf 87' lang='lat' dir='ltr'><strong>Dei</strong></span> <span class='ocrx_word' id='word_1_492' title='bbox 1422 3395 1694 3455; x_wconf 77' lang='lat' dir='ltr'><strong>habemus.</strong></span> <span class='ocrx_word' id='word_1_493' title='bbox 1709 3405 1766 3448; x_wconf 88' lang='lat' dir='ltr'><strong>ut</strong></span> <span class='ocrx_word' id='word_1_494' title='bbox 1789 3413 1982 3466; x_wconf 84' lang='lat' dir='ltr'><strong>cogno-</strong></span> 
     </span>
    </p>
   </div>
   <div class='ocr_carea' id='block_1_66' title="bbox 385 3473 1978 3558">
    <p class='ocr_par' dir='ltr' id='par_1_66' title="bbox 385 3473 1978 3558">
     <span class='ocr_line' id='line_1_66' title="bbox 385 3473 1978 3558; baseline 0.002 -17"><span class='ocrx_word' id='word_1_495' title='bbox 385 3473 596 3542; x_wconf 73' lang='lat' dir='ltr'><strong>scamus</strong></span> <span class='ocrx_word' id='word_1_496' title='bbox 613 3501 729 3556; x_wconf 69' lang='lat' dir='ltr'><strong>qua:</strong></span> <span class='ocrx_word' id='word_1_497' title='bbox 744 3503 776 3538; x_wconf 92' lang='lat' dir='ltr'><strong>a</strong></span> <span class='ocrx_word' id='word_1_498' title='bbox 793 3485 903 3540; x_wconf 88' lang='lat' dir='ltr'><strong>Deo</strong></span> <span class='ocrx_word' id='word_1_499' title='bbox 915 3486 1116 3541; x_wconf 89' lang='lat' dir='ltr'><strong>donata</strong></span> <span class='ocrx_word' id='word_1_500' title='bbox 1129 3495 1252 3542; x_wconf 86' lang='lat' dir='ltr'><strong>sunt</strong></span> <span class='ocrx_word' id='word_1_501' title='bbox 1277 3488 1446 3552; x_wconf 84' lang='lat' dir='ltr'><strong>nobis,</strong></span> <span class='ocrx_word' id='word_1_502' title='bbox 1465 3505 1582 3558; x_wconf 75' lang='lat' dir='ltr'><strong>qua:</strong></span> <span class='ocrx_word' id='word_1_503' title='bbox 1594 3498 1644 3541; x_wconf 88' lang='lat' dir='ltr'><strong>et</strong></span> <span class='ocrx_word' id='word_1_504' title='bbox 1658 3489 1922 3558; x_wconf 85' lang='lat' dir='ltr'><strong>loquimur</strong></span> <span class='ocrx_word' id='word_1_505' title='bbox 1935 3489 1978 3544; x_wconf 64' lang='grc'><strong>⁵.</strong></span> 
     </span>
    </p>
   </div>
   <div class='ocr_carea' id='block_1_67' title="bbox 389 3574 1980 3646">
    <p class='ocr_par' dir='ltr' id='par_1_67' title="bbox 389 3574 1980 3646">
     <span class='ocr_line' id='line_1_67' title="bbox 389 3574 1980 3646; baseline 0.002 -14"><span class='ocrx_word' id='word_1_506' title='bbox 389 3576 516 3632; x_wconf 69' lang='lat' dir='ltr'><strong>Haec</strong></span> <span class='ocrx_word' id='word_1_507' title='bbox 537 3577 704 3646; x_wconf 80' lang='lat' dir='ltr'><strong>igitur</strong></span> <span class='ocrx_word' id='word_1_508' title='bbox 735 3574 954 3631; x_wconf 89' lang='lat' dir='ltr'><strong>Domini</strong></span> <span class='ocrx_word' id='word_1_509' title='bbox 981 3579 1146 3634; x_wconf 86' lang='lat' dir='ltr'><strong>verba</strong></span> <span class='ocrx_word' id='word_1_510' title='bbox 1169 3585 1332 3631; x_wconf 90' lang='lat' dir='ltr'><strong>sunt:</strong></span> <span class='ocrx_word' id='word_1_511' title='bbox 1357 3578 1438 3631; x_wconf 90' lang='lat' dir='ltr'><strong>Da</strong></span> <span class='ocrx_word' id='word_1_512' title='bbox 1462 3579 1570 3632; x_wconf 81' lang='lat' dir='ltr'><strong>illis</strong></span> <span class='ocrx_word' id='word_1_513' title='bbox 1593 3579 1756 3632; x_wconf 85' lang='lat' dir='ltr'><strong>vitam</strong></span> <span class='ocrx_word' id='word_1_514' title='bbox 1791 3579 1980 3635; x_wconf 84' lang='lat' dir='ltr'><strong>habere</strong></span> 
     </span>
    </p>
   </div>
   <div class='ocr_carea' id='block_1_68' title="bbox 2078 3299 3676 3378">
    <p class='ocr_par' dir='ltr' id='par_1_68' title="bbox 2078 3299 3676 3378">
     <span class='ocr_line' id='line_1_68' title="bbox 2078 3299 3676 3378; baseline -0.004 -17"><span class='ocrx_word' id='word_1_515' title='bbox 2078 3307 2408 3378; x_wconf 74' lang='grc' dir='ltr'>λαλοῦμεν,</span> <span class='ocrx_word' id='word_1_516' title='bbox 2447 3307 2544 3360; x_wconf 73' lang='grc' dir='ltr'>καὶ</span> <span class='ocrx_word' id='word_1_517' title='bbox 2596 3306 2665 3360; x_wconf 84' lang='grc' dir='ltr'><strong>τά</strong></span> <span class='ocrx_word' id='word_1_518' title='bbox 2716 3305 2860 3376; x_wconf 77' lang='grc' dir='ltr'><strong>ἑξῆς.</strong></span> <span class='ocrx_word' id='word_1_519' title='bbox 2889 3303 3028 3375; x_wconf 72' lang='grc' dir='ltr'>Φησὶ</span> <span class='ocrx_word' id='word_1_520' title='bbox 3061 3303 3192 3372; x_wconf 86' lang='grc' dir='ltr'>γοῦν</span> <span class='ocrx_word' id='word_1_521' title='bbox 3217 3303 3246 3354; x_wconf 85' lang='grc' dir='ltr'><strong>δ</strong></span> <span class='ocrx_word' id='word_1_522' title='bbox 3271 3302 3475 3373; x_wconf 86' lang='grc' dir='ltr'>Κύριος</span> <span class='ocrx_word' id='word_1_523' title='bbox 3501 3318 3518 3333; x_wconf 91' lang='grc'><strong>·</strong></span> <span class='ocrx_word' id='word_1_524' title='bbox 3562 3299 3676 3368; x_wconf 78' lang='grc' dir='ltr'><strong>Δὸς</strong></span> 
     </span>
    </p>
   </div>
   <div class='ocr_carea' id='block_1_69' title="bbox 2078 3391 3674 3468">
    <p class='ocr_par' dir='ltr' id='par_1_69' title="bbox 2078 3391 3674 3468">
     <span class='ocr_line' id='line_1_69' title="bbox 2078 3391 3674 3468; baseline -0.004 -14"><span class='ocrx_word' id='word_1_525' title='bbox 2078 3399 2284 3466; x_wconf 71' lang='grc' dir='ltr'>αὐτοῖς</span> <span class='ocrx_word' id='word_1_526' title='bbox 2334 3399 2486 3466; x_wconf 74' lang='grc' dir='ltr'><strong>ζωὴν</strong></span> <span class='ocrx_word' id='word_1_527' title='bbox 2533 3401 2700 3468; x_wconf 73' lang='grc' dir='ltr'>ἔχειν</span> <span class='ocrx_word' id='word_1_528' title='bbox 2729 3399 2800 3452; x_wconf 83' lang='grc' dir='ltr'><strong>ὲν</strong></span> <span class='ocrx_word' id='word_1_529' title='bbox 2845 3396 3108 3465; x_wconf 77' lang='grc' dir='ltr'>ἑαυτοῖς.</span> <span class='ocrx_word' id='word_1_530' title='bbox 3141 3395 3304 3463; x_wconf 80' lang='grc' dir='ltr'>Αὕτη</span> <span class='ocrx_word' id='word_1_531' title='bbox 3341 3393 3408 3448; x_wconf 85' lang='grc' dir='ltr'><strong>δέ</strong></span> <span class='ocrx_word' id='word_1_532' title='bbox 3439 3395 3610 3448; x_wconf 79' lang='grc' dir='ltr'>ἐστιν</span> <span class='ocrx_word' id='word_1_533' title='bbox 3633 3391 3674 3460; x_wconf 75' lang='grc' dir='ltr'>ἡ</span> 
     </span>
    </p>
   </div>
   <div class='ocr_carea' id='block_1_70' title="bbox 2077 3486 3671 3560">
    <p class='ocr_par' dir='ltr' id='par_1_70' title="bbox 2077 3486 3671 3560">
     <span class='ocr_line' id='line_1_70' title="bbox 2077 3486 3671 3560; baseline -0.001 -16"><span class='ocrx_word' id='word_1_534' title='bbox 2077 3491 2315 3556; x_wconf 82' lang='grc' dir='ltr'>αἰώνιος</span> <span class='ocrx_word' id='word_1_535' title='bbox 2343 3491 2478 3560; x_wconf 77' lang='grc' dir='ltr'>ζωὴ,</span> <span class='ocrx_word' id='word_1_536' title='bbox 2535 3492 2636 3544; x_wconf 74' lang='grc' dir='ltr'><strong>ἵνα</strong></span> <span class='ocrx_word' id='word_1_537' title='bbox 2691 3489 3038 3560; x_wconf 73' lang='grc' dir='ltr'>γινώσκουσί</span> <span class='ocrx_word' id='word_1_538' title='bbox 3071 3501 3145 3542; x_wconf 86' lang='grc' dir='ltr'>σε</span> <span class='ocrx_word' id='word_1_539' title='bbox 3179 3488 3286 3542; x_wconf 68' lang='grc' dir='ltr'><strong>τὸν</strong></span> <span class='ocrx_word' id='word_1_540' title='bbox 3306 3487 3499 3557; x_wconf 72' lang='grc' dir='ltr'>μόνον</span> <span class='ocrx_word' id='word_1_541' title='bbox 3518 3486 3671 3554; x_wconf 66' lang='grc' dir='ltr'>ἄλη-ε</span> 
     </span>
    </p>
   </div>
   <div class='ocr_carea' id='block_1_71' title="bbox 2078 3577 3672 3646">
    <p class='ocr_par' dir='ltr' id='par_1_71' title="bbox 2078 3577 3672 3646">
     <span class='ocr_line' id='line_1_71' title="bbox 2078 3577 3672 3646; baseline -0.003 -10"><span class='ocrx_word' id='word_1_542' title='bbox 2078 3585 2249 3636; x_wconf 70' lang='grc' dir='ltr'>οινὸι·</span> <span class='ocrx_word' id='word_1_543' title='bbox 2275 3582 2441 3646; x_wconf 78' lang='grc' dir='ltr'>Θεὸν,</span> <span class='ocrx_word' id='word_1_544' title='bbox 2479 3582 2580 3636; x_wconf 74' lang='grc' dir='ltr'>καὶ</span> <span class='ocrx_word' id='word_1_545' title='bbox 2603 3582 2675 3638; x_wconf 77' lang='grc' dir='ltr'><strong>ὃν</strong></span> <span class='ocrx_word' id='word_1_546' title='bbox 2701 3581 3069 3646; x_wconf 76' lang='grc' dir='ltr'>ἀπέστειλας</span> <span class='ocrx_word' id='word_1_547' title='bbox 3114 3579 3353 3643; x_wconf 74' lang='grc' dir='ltr'>Ἰησοῦν</span> <span class='ocrx_word' id='word_1_548' title='bbox 3395 3577 3672 3646; x_wconf 71' lang='grc' dir='ltr'>Χριστόν.</span> 
     </span>
    </p>
   </div>
   <div class='ocr_carea' id='block_1_72' title="bbox 387 3670 3674 3748">
    <p class='ocr_par' dir='ltr' id='par_1_72' title="bbox 387 3670 3674 3748">
     <span class='ocr_line' id='line_1_72' title="bbox 387 3670 3674 3748; baseline -0.002 -17"><span class='ocrx_word' id='word_1_549' title='bbox 387 3677 444 3731; x_wconf 84' lang='lat' dir='ltr'><strong>in</strong></span> <span class='ocrx_word' id='word_1_550' title='bbox 463 3677 668 3745; x_wconf 81' lang='lat' dir='ltr'><strong>seipsis.</strong></span> <span class='ocrx_word' id='word_1_551' title='bbox 691 3675 818 3732; x_wconf 64' lang='lat' dir='ltr'><strong>Hazc</strong></span> <span class='ocrx_word' id='word_1_552' title='bbox 841 3685 918 3730; x_wconf 84' lang='lat' dir='ltr'><strong>est</strong></span> <span class='ocrx_word' id='word_1_553' title='bbox 943 3685 1119 3730; x_wconf 87' lang='lat' dir='ltr'><strong>autem</strong></span> <span class='ocrx_word' id='word_1_554' title='bbox 1153 3677 1258 3730; x_wconf 85' lang='lat' dir='ltr'><strong>vita</strong></span> <span class='ocrx_word' id='word_1_555' title='bbox 1293 3685 1513 3740; x_wconf 64' lang='lat' dir='ltr'><strong>aeterna,</strong></span> <span class='ocrx_word' id='word_1_556' title='bbox 1538 3685 1592 3728; x_wconf 84' lang='lat' dir='ltr'><strong>ut</strong></span> <span class='ocrx_word' id='word_1_557' title='bbox 1616 3685 1934 3744; x_wconf 82' lang='lat' dir='ltr'><strong>cognoscant</strong></span> <span class='ocrx_word' id='word_1_558' title='bbox 1961 3685 2008 3731; x_wconf 87' lang='lat' dir='ltr'><strong>te</strong></span> <span class='ocrx_word' id='word_1_559' title='bbox 2037 3679 2208 3733; x_wconf 83' lang='lat' dir='ltr'><strong>solum</strong></span> <span class='ocrx_word' id='word_1_560' title='bbox 2230 3695 2406 3734; x_wconf 86' lang='lat' dir='ltr'><strong>verum</strong></span> <span class='ocrx_word' id='word_1_561' title='bbox 2437 3677 2624 3738; x_wconf 80' lang='lat' dir='ltr'><strong>Deum.</strong></span> <span class='ocrx_word' id='word_1_562' title='bbox 2653 3687 2702 3732; x_wconf 83' lang='lat' dir='ltr'><strong>et</strong></span> <span class='ocrx_word' id='word_1_563' title='bbox 2728 3693 2878 3748; x_wconf 85' lang='lat' dir='ltr'><strong>quem</strong></span> <span class='ocrx_word' id='word_1_564' title='bbox 2918 3677 3110 3728; x_wconf 80' lang='lat' dir='ltr'><strong>misisti</strong></span> <span class='ocrx_word' id='word_1_565' title='bbox 3133 3672 3318 3728; x_wconf 70' lang='lat' dir='ltr'><strong>Iesum</strong></span> <span class='ocrx_word' id='word_1_566' title='bbox 3343 3670 3614 3728; x_wconf 80' lang='lat' dir='ltr'><strong>Christum</strong></span> <span class='ocrx_word' id='word_1_567' title='bbox 3630 3671 3674 3724; x_wconf 81' lang='grc'><strong>⁸.</strong></span> 
     </span>
    </p>
   </div>
   <div class='ocr_carea' id='block_1_73' title="bbox 463 3767 1978 3840">
    <p class='ocr_par' dir='ltr' id='par_1_73' title="bbox 463 3767 1978 3840">
     <span class='ocr_line' id='line_1_73' title="bbox 463 3767 1978 3840; baseline 0.002 -17"><span class='ocrx_word' id='word_1_568' title='bbox 463 3767 654 3824; x_wconf 77' lang='lat' dir='ltr'><strong>XXIX.</strong></span> <span class='ocrx_word' id='word_1_569' title='bbox 688 3769 788 3824; x_wconf 89' lang='lat' dir='ltr'><strong>Hic</strong></span> <span class='ocrx_word' id='word_1_570' title='bbox 816 3773 998 3824; x_wconf 90' lang='lat' dir='ltr'><strong>omnia</strong></span> <span class='ocrx_word' id='word_1_571' title='bbox 1027 3771 1235 3832; x_wconf 88' lang='lat' dir='ltr'><strong>turbat.</strong></span> <span class='ocrx_word' id='word_1_572' title='bbox 1271 3786 1336 3824; x_wconf 85' lang='lat' dir='ltr'><strong>ac</strong></span> <span class='ocrx_word' id='word_1_573' title='bbox 1369 3770 1665 3840; x_wconf 86' lang='lat' dir='ltr'><strong>permiscet</strong></span> <span class='ocrx_word' id='word_1_574' title='bbox 1704 3771 1892 3835; x_wconf 88' lang='lat' dir='ltr'><strong>Arius,</strong></span> <span class='ocrx_word' id='word_1_575' title='bbox 1923 3781 1978 3826; x_wconf 87' lang='lat' dir='ltr'><strong>et</strong></span> 
     </span>
    </p>
   </div>
   <div class='ocr_carea' id='block_1_74' title="bbox 2151 3765 3678 3844">
    <p class='ocr_par' dir='ltr' id='par_1_74' title="bbox 2151 3765 3678 3844">
     <span class='ocr_line' id='line_1_74' title="bbox 2151 3765 3678 3844; baseline -0.007 -16"><span class='ocrx_word' id='word_1_576' title='bbox 2151 3775 2282 3830; x_wconf 71' lang='lat' dir='ltr'><strong>KB’.</strong></span> <span class='ocrx_word' id='word_1_577' title='bbox 2335 3775 2611 3844; x_wconf 76' lang='grc' dir='ltr'>Ἀναπηδᾷ</span> <span class='ocrx_word' id='word_1_578' title='bbox 2645 3773 2701 3827; x_wconf 78' lang='grc' dir='ltr'>δὲ</span> <span class='ocrx_word' id='word_1_579' title='bbox 2749 3771 2934 3826; x_wconf 84' lang='grc' dir='ltr'>κυκῶν</span> <span class='ocrx_word' id='word_1_580' title='bbox 2963 3765 3116 3834; x_wconf 69' lang='grc' dir='ltr'>οὗτος</span> <span class='ocrx_word' id='word_1_581' title='bbox 3159 3773 3188 3823; x_wconf 83' lang='grc'>6</span> <span class='ocrx_word' id='word_1_582' title='bbox 3217 3770 3464 3841; x_wconf 69' lang='grc' dir='ltr'>Ἄρειος,</span> <span class='ocrx_word' id='word_1_583' title='bbox 3501 3767 3596 3820; x_wconf 83' lang='grc' dir='ltr'>καὶ</span> <span class='ocrx_word' id='word_1_584' title='bbox 3627 3767 3678 3819; x_wconf 76' lang='lat' dir='ltr'><strong>oi</strong></span> 
     </span>
    </p>
   </div>
   <div class='ocr_carea' id='block_1_75' title="bbox 390 3859 1970 3935">
    <p class='ocr_par' dir='ltr' id='par_1_75' title="bbox 390 3862 1970 3933">
     <span class='ocr_line' id='line_1_75' title="bbox 390 3862 1970 3933; baseline 0 -15"><span class='ocrx_word' id='word_1_585' title='bbox 390 3864 509 3918; x_wconf 77' lang='lat' dir='ltr'><strong>Arii</strong></span> <span class='ocrx_word' id='word_1_586' title='bbox 541 3862 812 3928; x_wconf 79' lang='lat' dir='ltr'><strong>fautores,</strong></span> <span class='ocrx_word' id='word_1_587' title='bbox 845 3864 936 3933; x_wconf 92' lang='lat' dir='ltr'><strong>qui</strong></span> <span class='ocrx_word' id='word_1_588' title='bbox 956 3863 1061 3918; x_wconf 90' lang='lat' dir='ltr'><strong>hoc</strong></span> <span class='ocrx_word' id='word_1_589' title='bbox 1081 3863 1242 3920; x_wconf 87' lang='lat' dir='ltr'><strong>nobis</strong></span> <span class='ocrx_word' id='word_1_590' title='bbox 1263 3863 1533 3931; x_wconf 88' lang='lat' dir='ltr'><strong>objiciunt</strong></span> <span class='ocrx_word' id='word_1_591' title='bbox 1559 3882 1571 3918; x_wconf 94' lang='lat'>:</span> <span class='ocrx_word' id='word_1_592' title='bbox 1601 3863 1736 3918; x_wconf 90' lang='lat' dir='ltr'><strong>Cum</strong></span> <span class='ocrx_word' id='word_1_593' title='bbox 1752 3865 1970 3919; x_wconf 83' lang='lat' dir='ltr'><strong>omnino</strong></span> 
     </span>
    </p>
   </div>
   <div class='ocr_carea' id='block_1_76' title="bbox 2075 3859 3676 3935">
    <p class='ocr_par' dir='ltr' id='par_1_76' title="bbox 2082 3859 3676 3935">
     <span class='ocr_line' id='line_1_76' title="bbox 2082 3859 3676 3935; baseline -0.006 -14"><span class='ocrx_word' id='word_1_594' title='bbox 2082 3869 2172 3922; x_wconf 85' lang='grc' dir='ltr'>ὑπ’</span> <span class='ocrx_word' id='word_1_595' title='bbox 2199 3867 2386 3930; x_wconf 80' lang='grc' dir='ltr'>αὑτοῦ.</span> <span class='ocrx_word' id='word_1_596' title='bbox 2421 3869 2516 3922; x_wconf 74' lang='grc' dir='ltr'>καὶ</span> <span class='ocrx_word' id='word_1_597' title='bbox 2541 3867 2792 3935; x_wconf 80' lang='grc' dir='ltr'>λέγουσι·</span> <span class='ocrx_word' id='word_1_598' title='bbox 2828 3865 2870 3918; x_wconf 85' lang='grc' dir='ltr'>Τ</span> <span class='ocrx_word' id='word_1_599' title='bbox 2874 3866 2900 3918; x_wconf 85' lang='grc' dir='ltr'>ὸ</span> <span class='ocrx_word' id='word_1_600' title='bbox 2919 3865 2938 3895; x_wconf 72' lang='grc'><strong>³</strong></span> <span class='ocrx_word' id='word_1_601' title='bbox 2967 3865 3104 3927; x_wconf 83' lang='grc' dir='ltr'>ὅλως</span> <span class='ocrx_word' id='word_1_602' title='bbox 3143 3861 3406 3927; x_wconf 72' lang='grc' dir='ltr'>εὔξασθαι</span> <span class='ocrx_word' id='word_1_603' title='bbox 3429 3860 3508 3932; x_wconf 82' lang='grc' dir='ltr'><strong>τῷ</strong></span> <span class='ocrx_word' id='word_1_604' title='bbox 3535 3859 3676 3932; x_wconf 83' lang='grc' dir='ltr'>Θεῷ,</span> 
     </span>
    </p>
   </div>
   <div class='ocr_carea' id='block_1_77' title="bbox 392 3953 1970 4030">
    <p class='ocr_par' dir='ltr' id='par_1_77' title="bbox 392 3955 1970 4028">
     <span class='ocr_line' id='line_1_77' title="bbox 392 3955 1970 4028; baseline 0.002 -19"><span class='ocrx_word' id='word_1_605' title='bbox 392 3955 565 4012; x_wconf 91' lang='lat' dir='ltr'><strong>Deum</strong></span> <span class='ocrx_word' id='word_1_606' title='bbox 601 3957 947 4021; x_wconf 87' lang='lat' dir='ltr'><strong>obsecrasse,</strong></span> <span class='ocrx_word' id='word_1_607' title='bbox 983 3963 1149 4028; x_wconf 87' lang='lat' dir='ltr'><strong>atque</strong></span> <span class='ocrx_word' id='word_1_608' title='bbox 1195 3957 1310 4012; x_wconf 57' lang='lat' dir='ltr'><strong>haec</strong></span> <span class='ocrx_word' id='word_1_609' title='bbox 1353 3958 1521 4012; x_wconf 85' lang='lat' dir='ltr'><strong>verba</strong></span> <span class='ocrx_word' id='word_1_610' title='bbox 1566 3973 1866 4028; x_wconf 86' lang='lat' dir='ltr'><strong>usurpasse</strong></span> <span class='ocrx_word' id='word_1_611' title='bbox 1897 3959 1970 4012; x_wconf 88' lang='lat' dir='ltr'><strong>di-</strong></span> 
     </span>
    </p>
   </div>
   <div class='ocr_carea' id='block_1_78' title="bbox 2075 3953 3677 4030">
    <p class='ocr_par' dir='ltr' id='par_1_78' title="bbox 2083 3953 3677 4030">
     <span class='ocr_line' id='line_1_78' title="bbox 2083 3953 3677 4030; baseline -0.005 -16"><span class='ocrx_word' id='word_1_612' title='bbox 2083 3962 2178 4014; x_wconf 75' lang='grc' dir='ltr'><strong>καὶ</strong></span> <span class='ocrx_word' id='word_1_613' title='bbox 2205 3961 2384 4030; x_wconf 88' lang='grc' dir='ltr'>λέγειν</span> <span class='ocrx_word' id='word_1_614' title='bbox 2404 3977 2418 3991; x_wconf 77' lang='grc' dir='ltr'><strong>ο</strong></span> <span class='ocrx_word' id='word_1_615' title='bbox 2455 3958 2666 4026; x_wconf 79' lang='grc' dir='ltr'>Πάτερ,</span> <span class='ocrx_word' id='word_1_616' title='bbox 2689 3957 2795 4024; x_wconf 79' lang='grc' dir='ltr'>δὸς</span> <span class='ocrx_word' id='word_1_617' title='bbox 2821 3957 3028 4023; x_wconf 81' lang='grc' dir='ltr'>αὐτοῖς</span> <span class='ocrx_word' id='word_1_618' title='bbox 3054 3954 3208 4022; x_wconf 75' lang='grc' dir='ltr'>ζωὴν</span> <span class='ocrx_word' id='word_1_619' title='bbox 3229 3953 3410 4023; x_wconf 73' lang='grc' dir='ltr'>ἔχειν</span> <span class='ocrx_word' id='word_1_620' title='bbox 3430 3954 3499 4006; x_wconf 77' lang='grc' dir='ltr'><em>ἐν</em></span> <span class='ocrx_word' id='word_1_621' title='bbox 3539 3955 3677 4007; x_wconf 75' lang='grc' dir='ltr'><strong>ἐαυ-</strong></span> 
     </span>
    </p>
   </div>
   <div class='ocr_carea' id='block_1_79' title="bbox 393 4044 1970 4120">
    <p class='ocr_par' dir='ltr' id='par_1_79' title="bbox 393 4047 1970 4120">
     <span class='ocr_line' id='line_1_79' title="bbox 393 4047 1970 4120; baseline 0 -16"><span class='ocrx_word' id='word_1_622' title='bbox 393 4059 574 4110; x_wconf 88' lang='lat' dir='ltr'><strong>catur.</strong></span> <span class='ocrx_word' id='word_1_623' title='bbox 621 4047 807 4114; x_wconf 85' lang='lat' dir='ltr'><strong>Pater,</strong></span> <span class='ocrx_word' id='word_1_624' title='bbox 840 4050 912 4103; x_wconf 88' lang='lat' dir='ltr'><strong>da</strong></span> <span class='ocrx_word' id='word_1_625' title='bbox 956 4049 1065 4104; x_wconf 84' lang='lat' dir='ltr'><strong>illis</strong></span> <span class='ocrx_word' id='word_1_626' title='bbox 1111 4051 1274 4103; x_wconf 83' lang='lat' dir='ltr'><strong>vitam</strong></span> <span class='ocrx_word' id='word_1_627' title='bbox 1314 4049 1504 4104; x_wconf 83' lang='lat' dir='ltr'><strong>habere</strong></span> <span class='ocrx_word' id='word_1_628' title='bbox 1533 4051 1586 4102; x_wconf 86' lang='lat' dir='ltr'><strong>in</strong></span> <span class='ocrx_word' id='word_1_629' title='bbox 1619 4051 1831 4120; x_wconf 86' lang='lat' dir='ltr'><strong>seipsis,</strong></span> <span class='ocrx_word' id='word_1_630' title='bbox 1867 4065 1970 4106; x_wconf 81' lang='lat' dir='ltr'><strong>non</strong></span> 
     </span>
    </p>
   </div>
   <div class='ocr_carea' id='block_1_80' title="bbox 2075 4044 3678 4120">
    <p class='ocr_par' dir='ltr' id='par_1_80' title="bbox 2089 4044 3678 4120">
     <span class='ocr_line' id='line_1_80' title="bbox 2089 4044 3678 4120; baseline -0.007 -13"><span class='ocrx_word' id='word_1_631' title='bbox 2089 4053 2215 4118; x_wconf 83' lang='grc' dir='ltr'>τοῖς</span> <span class='ocrx_word' id='word_1_632' title='bbox 2233 4071 2246 4083; x_wconf 91' lang='grc'>·</span> <span class='ocrx_word' id='word_1_633' title='bbox 2277 4054 2379 4106; x_wconf 76' lang='grc' dir='ltr'><strong>οὐκ</strong></span> <span class='ocrx_word' id='word_1_634' title='bbox 2400 4051 2548 4104; x_wconf 82' lang='grc' dir='ltr'>ἔστιν</span> <span class='ocrx_word' id='word_1_635' title='bbox 2577 4051 2692 4114; x_wconf 81' lang='grc' dir='ltr'>ῐσος</span> <span class='ocrx_word' id='word_1_636' title='bbox 2727 4048 2805 4120; x_wconf 80' lang='grc' dir='ltr'>τῷ</span> <span class='ocrx_word' id='word_1_637' title='bbox 2833 4049 3130 4119; x_wconf 81' lang='grc' dir='ltr'>παρέχοντι</span> <span class='ocrx_word' id='word_1_638' title='bbox 3155 4047 3254 4118; x_wconf 81' lang='grc' dir='ltr'>τὴν</span> <span class='ocrx_word' id='word_1_639' title='bbox 3285 4044 3449 4116; x_wconf 80' lang='grc' dir='ltr'>ζωήν.</span> <span class='ocrx_word' id='word_1_640' title='bbox 3477 4045 3540 4096; x_wconf 86' lang='lat' dir='ltr'><strong>El.</strong></span> <span class='ocrx_word' id='word_1_641' title='bbox 3573 4044 3678 4115; x_wconf 84' lang='grc' dir='ltr'>γὰρ</span> 
     </span>
    </p>
   </div>
   <div class='ocr_carea' id='block_1_81' title="bbox 393 4136 1970 4217">
    <p class='ocr_par' dir='ltr' id='par_1_81' title="bbox 393 4141 1970 4213">
     <span class='ocr_line' id='line_1_81' title="bbox 393 4141 1970 4213; baseline 0.001 -17"><span class='ocrx_word' id='word_1_642' title='bbox 393 4149 576 4213; x_wconf 86' lang='lat' dir='ltr'><strong>potest</strong></span> <span class='ocrx_word' id='word_1_643' title='bbox 603 4141 652 4197; x_wconf 92' lang='lat' dir='ltr'><strong>ei</strong></span> <span class='ocrx_word' id='word_1_644' title='bbox 683 4142 776 4211; x_wconf 92' lang='lat' dir='ltr'><strong>qui</strong></span> <span class='ocrx_word' id='word_1_645' title='bbox 813 4143 976 4196; x_wconf 74' lang='lat' dir='ltr'><strong>vitam</strong></span> <span class='ocrx_word' id='word_1_646' title='bbox 1018 4143 1259 4213; x_wconf 63' lang='lat' dir='ltr'><strong>praebeat</strong></span> <span class='ocrx_word' id='word_1_647' title='bbox 1279 4142 1508 4212; x_wconf 71' lang='lat' dir='ltr'><strong>aequalis</strong></span> <span class='ocrx_word' id='word_1_648' title='bbox 1532 4141 1730 4197; x_wconf 88' lang='lat' dir='ltr'><strong>videri.</strong></span> <span class='ocrx_word' id='word_1_649' title='bbox 1760 4141 1896 4196; x_wconf 86' lang='lat' dir='ltr'><strong>Nam</strong></span> <span class='ocrx_word' id='word_1_650' title='bbox 1933 4143 1970 4198; x_wconf 87' lang='lat' dir='ltr'><strong>si</strong></span> 
     </span>
    </p>
   </div>
   <div class='ocr_carea' id='block_1_82' title="bbox 2075 4136 3682 4217">
    <p class='ocr_par' dir='ltr' id='par_1_82' title="bbox 2085 4136 3682 4217">
     <span class='ocr_line' id='line_1_82' title="bbox 2085 4136 3682 4217; baseline -0.006 -17"><span class='ocrx_word' id='word_1_651' title='bbox 2085 4142 2154 4217; x_wconf 80' lang='grc' dir='ltr'>ἦν</span> <span class='ocrx_word' id='word_1_652' title='bbox 2201 4148 2266 4200; x_wconf 81' lang='grc' dir='ltr'><strong>ὲκ</strong></span> <span class='ocrx_word' id='word_1_653' title='bbox 2299 4145 2400 4217; x_wconf 85' lang='grc' dir='ltr'>τῆς</span> <span class='ocrx_word' id='word_1_654' title='bbox 2442 4143 2537 4197; x_wconf 91' lang='grc' dir='ltr'><strong>τοῦ</strong></span> <span class='ocrx_word' id='word_1_655' title='bbox 2583 4143 2795 4215; x_wconf 84' lang='grc' dir='ltr'>Πατρὸς</span> <span class='ocrx_word' id='word_1_656' title='bbox 2835 4143 3045 4205; x_wconf 82' lang='grc' dir='ltr'>οὐσίας,</span> <span class='ocrx_word' id='word_1_657' title='bbox 3083 4141 3246 4203; x_wconf 78' lang='grc' dir='ltr'>αὐτὸς</span> <span class='ocrx_word' id='word_1_658' title='bbox 3279 4140 3346 4194; x_wconf 80' lang='grc' dir='ltr'><strong>ἂν</strong></span> <span class='ocrx_word' id='word_1_659' title='bbox 3393 4136 3682 4208; x_wconf 83' lang='grc' dir='ltr'>ἐχαρίζετο</span> 
     </span>
    </p>
   </div>
   <div class='ocr_carea' id='block_1_83' title="bbox 395 4230 1970 4306">
    <p class='ocr_par' dir='ltr' id='par_1_83' title="bbox 395 4231 1970 4304">
     <span class='ocr_line' id='line_1_83' title="bbox 395 4231 1970 4304; baseline 0.001 -16"><span class='ocrx_word' id='word_1_660' title='bbox 395 4249 464 4288; x_wconf 79' lang='lat' dir='ltr'><strong>ex</strong></span> <span class='ocrx_word' id='word_1_661' title='bbox 495 4231 680 4288; x_wconf 85' lang='lat' dir='ltr'><strong>Patris</strong></span> <span class='ocrx_word' id='word_1_662' title='bbox 709 4235 950 4290; x_wconf 86' lang='lat' dir='ltr'><strong>essentia</strong></span> <span class='ocrx_word' id='word_1_663' title='bbox 982 4232 1145 4296; x_wconf 79' lang='lat' dir='ltr'><strong>foret,</strong></span> <span class='ocrx_word' id='word_1_664' title='bbox 1177 4235 1346 4288; x_wconf 89' lang='lat' dir='ltr'><strong>vitam</strong></span> <span class='ocrx_word' id='word_1_665' title='bbox 1380 4234 1498 4304; x_wconf 89' lang='lat' dir='ltr'><strong>ipse</strong></span> <span class='ocrx_word' id='word_1_666' title='bbox 1546 4234 1836 4298; x_wconf 89' lang='lat' dir='ltr'><strong>tribueret,</strong></span> <span class='ocrx_word' id='word_1_667' title='bbox 1869 4249 1970 4290; x_wconf 83' lang='lat' dir='ltr'><strong>non</strong></span> 
     </span>
    </p>
   </div>
   <div class='ocr_carea' id='block_1_84' title="bbox 2075 4230 3680 4306">
    <p class='ocr_par' dir='ltr' id='par_1_84' title="bbox 2087 4230 3680 4306">
     <span class='ocr_line' id='line_1_84' title="bbox 2087 4230 3680 4306; baseline -0.003 -20"><span class='ocrx_word' id='word_1_668' title='bbox 2087 4236 2188 4304; x_wconf 81' lang='grc' dir='ltr'><strong>τήν</strong></span> <span class='ocrx_word' id='word_1_669' title='bbox 2223 4235 2389 4306; x_wconf 78' lang='grc' dir='ltr'>ζωὴν,</span> <span class='ocrx_word' id='word_1_670' title='bbox 2426 4234 2522 4288; x_wconf 78' lang='grc' dir='ltr'><strong>καὶ</strong></span> <span class='ocrx_word' id='word_1_671' title='bbox 2541 4235 2644 4288; x_wconf 78' lang='grc' dir='ltr'><strong>οὐκ</strong></span> <span class='ocrx_word' id='word_1_672' title='bbox 2687 4236 2753 4288; x_wconf 81' lang='grc' dir='ltr'><strong>ἂν</strong></span> <span class='ocrx_word' id='word_1_673' title='bbox 2777 4235 2959 4304; x_wconf 73' lang='grc' dir='ltr'>ᾐτεῖτο</span> <span class='ocrx_word' id='word_1_674' title='bbox 2988 4233 3082 4286; x_wconf 82' lang='grc' dir='ltr'><strong>τὸν</strong></span> <span class='ocrx_word' id='word_1_675' title='bbox 3117 4231 3337 4302; x_wconf 86' lang='grc' dir='ltr'>Πατέρα</span> <span class='ocrx_word' id='word_1_676' title='bbox 3364 4230 3545 4284; x_wconf 79' lang='grc' dir='ltr'>δοῦναι</span> <span class='ocrx_word' id='word_1_677' title='bbox 3565 4231 3680 4292; x_wconf 88' lang='grc' dir='ltr'>τοῖς</span> 
     </span>
    </p>
   </div>
   <div class='ocr_carea' id='block_1_85' title="bbox 396 4323 1970 4399">
    <p class='ocr_par' dir='ltr' id='par_1_85' title="bbox 396 4323 1970 4398">
     <span class='ocr_line' id='line_1_85' title="bbox 396 4323 1970 4398; baseline 0.002 -19"><span class='ocrx_word' id='word_1_678' title='bbox 396 4341 428 4379; x_wconf 90' lang='lat' dir='ltr'><strong>a</strong></span> <span class='ocrx_word' id='word_1_679' title='bbox 453 4323 614 4379; x_wconf 87' lang='lat' dir='ltr'><strong>Patre</strong></span> <span class='ocrx_word' id='word_1_680' title='bbox 645 4333 872 4395; x_wconf 87' lang='lat' dir='ltr'><strong>peteret,</strong></span> <span class='ocrx_word' id='word_1_681' title='bbox 912 4333 971 4379; x_wconf 90' lang='lat' dir='ltr'><strong>ut</strong></span> <span class='ocrx_word' id='word_1_682' title='bbox 1006 4325 1074 4380; x_wconf 90' lang='lat' dir='ltr'><strong>iis</strong></span> <span class='ocrx_word' id='word_1_683' title='bbox 1105 4324 1252 4378; x_wconf 87' lang='lat' dir='ltr'><strong>illam</strong></span> <span class='ocrx_word' id='word_1_684' title='bbox 1287 4325 1466 4388; x_wconf 89' lang='lat' dir='ltr'><strong>daret,</strong></span> <span class='ocrx_word' id='word_1_685' title='bbox 1513 4329 1608 4396; x_wconf 93' lang='lat' dir='ltr'><strong>qui</strong></span> <span class='ocrx_word' id='word_1_686' title='bbox 1639 4341 1702 4382; x_wconf 89' lang='lat' dir='ltr'><strong>ea</strong></span> <span class='ocrx_word' id='word_1_687' title='bbox 1741 4341 1970 4398; x_wconf 84' lang='lat' dir='ltr'><strong>quorum</strong></span> 
     </span>
    </p>
   </div>
   <div class='ocr_carea' id='block_1_86' title="bbox 2075 4323 3681 4399">
    <p class='ocr_par' dir='ltr' id='par_1_86' title="bbox 2090 4323 3681 4399">
     <span class='ocr_line' id='line_1_86' title="bbox 2090 4323 3681 4399; baseline -0.003 -19"><span class='ocrx_word' id='word_1_688' title='bbox 2090 4328 2431 4399; x_wconf 83' lang='grc' dir='ltr'>λαμϐάνουσι</span> <span class='ocrx_word' id='word_1_689' title='bbox 2459 4327 2528 4380; x_wconf 84' lang='grc' dir='ltr'>τὰ</span> <span class='ocrx_word' id='word_1_690' title='bbox 2555 4327 2647 4380; x_wconf 77' lang='grc' dir='ltr'>ὑπ’</span> <span class='ocrx_word' id='word_1_691' title='bbox 2676 4325 2842 4380; x_wconf 80' lang='grc' dir='ltr'>αὐτοῦ</span> <span class='ocrx_word' id='word_1_692' title='bbox 2874 4325 3129 4396; x_wconf 82' lang='grc' dir='ltr'>διδόμενα</span> <span class='ocrx_word' id='word_1_693' title='bbox 3153 4324 3220 4377; x_wconf 84' lang='grc' dir='ltr'>δι’</span> <span class='ocrx_word' id='word_1_694' title='bbox 3256 4325 3546 4393; x_wconf 67' lang='grc' dir='ltr'>αἰτήσεων.</span> <span class='ocrx_word' id='word_1_695' title='bbox 3571 4323 3681 4377; x_wconf 77' lang='grc' dir='ltr'>Καὶ</span> 
     </span>
    </p>
   </div>
   <div class='ocr_carea' id='block_1_87' title="bbox 397 4413 1970 4492">
    <p class='ocr_par' dir='ltr' id='par_1_87' title="bbox 397 4417 1970 4492">
     <span class='ocr_line' id='line_1_87' title="bbox 397 4417 1970 4492; baseline 0.001 -20"><span class='ocrx_word' id='word_1_696' title='bbox 397 4417 517 4488; x_wconf 90' lang='lat' dir='ltr'><strong>ipse</strong></span> <span class='ocrx_word' id='word_1_697' title='bbox 570 4417 802 4492; x_wconf 78' lang='lat' dir='ltr'><strong>largitor</strong></span> <span class='ocrx_word' id='word_1_698' title='bbox 854 4419 958 4477; x_wconf 86' lang='lat' dir='ltr'><strong>sit.</strong></span> <span class='ocrx_word' id='word_1_699' title='bbox 1003 4417 1266 4488; x_wconf 87' lang='lat' dir='ltr'><strong>precibus</strong></span> <span class='ocrx_word' id='word_1_700' title='bbox 1311 4417 1692 4488; x_wconf 87' lang='lat' dir='ltr'><strong>impetrarent.</strong></span> <span class='ocrx_word' id='word_1_701' title='bbox 1735 4421 1805 4474; x_wconf 82' lang='lat' dir='ltr'><strong>At</strong></span> <span class='ocrx_word' id='word_1_702' title='bbox 1851 4420 1970 4474; x_wconf 62' lang='lat' dir='ltr'><strong>illul</strong></span> 
     </span>
    </p>
   </div>
   <div class='ocr_carea' id='block_1_88' title="bbox 2075 4413 3679 4492">
    <p class='ocr_par' dir='ltr' id='par_1_88' title="bbox 2091 4415 3679 4487">
     <span class='ocr_line' id='line_1_88' title="bbox 2091 4415 3679 4487; baseline -0.001 -15"><span class='ocrx_word' id='word_1_703' title='bbox 2091 4421 2192 4474; x_wconf 79' lang='grc' dir='ltr'>οὐκ</span> <span class='ocrx_word' id='word_1_704' title='bbox 2242 4421 2423 4474; x_wconf 88' lang='grc' dir='ltr'>ἴσασιν</span> <span class='ocrx_word' id='word_1_705' title='bbox 2465 4421 2516 4472; x_wconf 86' lang='grc' dir='ltr'><strong>οί</strong></span> <span class='ocrx_word' id='word_1_706' title='bbox 2567 4418 2691 4472; x_wconf 90' lang='grc' dir='ltr'>καθ’</span> <span class='ocrx_word' id='word_1_707' title='bbox 2749 4417 2958 4471; x_wconf 80' lang='grc' dir='ltr'>ἑαυτῶν</span> <span class='ocrx_word' id='word_1_708' title='bbox 2998 4418 3098 4487; x_wconf 79' lang='grc' dir='ltr'><strong>τὴν</strong></span> <span class='ocrx_word' id='word_1_709' title='bbox 3145 4417 3386 4472; x_wconf 84' lang='grc' dir='ltr'>διάνοιαν</span> <span class='ocrx_word' id='word_1_710' title='bbox 3429 4415 3679 4487; x_wconf 79' lang='grc' dir='ltr'>διαστρέ-</span> 
     </span>
    </p>
   </div>
   <div class='ocr_carea' id='block_1_89' title="bbox 349 4504 1970 4584">
    <p class='ocr_par' dir='ltr' id='par_1_89' title="bbox 349 4505 1970 4578">
     <span class='ocr_line' id='line_1_89' title="bbox 349 4505 1970 4578; baseline -0.001 -15"><span class='ocrx_word' id='word_1_711' title='bbox 349 4515 356 4524; x_wconf 85' lang='grc'><em>’</em></span> <span class='ocrx_word' id='word_1_712' title='bbox 399 4508 662 4576; x_wconf 77' lang='lat' dir='ltr'><strong>ignorare</strong></span> <span class='ocrx_word' id='word_1_713' title='bbox 706 4507 960 4563; x_wconf 85' lang='lat' dir='ltr'><strong>homines</strong></span> <span class='ocrx_word' id='word_1_714' title='bbox 997 4508 1090 4563; x_wconf 89' lang='lat' dir='ltr'><strong>isti</strong></span> <span class='ocrx_word' id='word_1_715' title='bbox 1129 4505 1411 4570; x_wconf 87' lang='lat' dir='ltr'><strong>videntur,</strong></span> <span class='ocrx_word' id='word_1_716' title='bbox 1456 4507 1550 4578; x_wconf 91' lang='lat' dir='ltr'><strong>qui</strong></span> <span class='ocrx_word' id='word_1_717' title='bbox 1597 4515 1832 4564; x_wconf 89' lang='lat' dir='ltr'><strong>mentem</strong></span> <span class='ocrx_word' id='word_1_718' title='bbox 1878 4507 1970 4562; x_wconf 79' lang='lat' dir='ltr'><strong>sibi</strong></span> 
     </span>
    </p>
   </div>
   <div class='ocr_carea' id='block_1_90' title="bbox 2075 4504 3680 4584">
    <p class='ocr_par' dir='ltr' id='par_1_90' title="bbox 2091 4504 3680 4584">
     <span class='ocr_line' id='line_1_90' title="bbox 2091 4504 3680 4584; baseline -0.004 -16"><span class='ocrx_word' id='word_1_719' title='bbox 2091 4515 2314 4584; x_wconf 75' lang='grc' dir='ltr'>ψαντες.</span> <span class='ocrx_word' id='word_1_720' title='bbox 2341 4515 2424 4567; x_wconf 84' lang='grc' dir='ltr'>ὅτι</span> <span class='ocrx_word' id='word_1_721' title='bbox 2440 4512 2510 4566; x_wconf 90' lang='grc' dir='ltr'>τὰ</span> <span class='ocrx_word' id='word_1_722' title='bbox 2535 4512 2714 4566; x_wconf 83' lang='grc' dir='ltr'>πάντα</span> <span class='ocrx_word' id='word_1_723' title='bbox 2738 4513 2766 4566; x_wconf 82' lang='grc' dir='ltr'>ὁ</span> <span class='ocrx_word' id='word_1_724' title='bbox 2791 4509 3104 4580; x_wconf 86' lang='grc' dir='ltr'>Μονογενὴς</span> <span class='ocrx_word' id='word_1_725' title='bbox 3123 4504 3306 4580; x_wconf 83' lang='grc' dir='ltr'>ἦλθεν,</span> <span class='ocrx_word' id='word_1_726' title='bbox 3335 4509 3422 4564; x_wconf 76' lang='grc' dir='ltr'>ἵνα</span> <span class='ocrx_word' id='word_1_727' title='bbox 3452 4509 3680 4581; x_wconf 87' lang='grc' dir='ltr'>γένηται</span> 
     </span>
    </p>
   </div>
   <div class='ocr_carea' id='block_1_91' title="bbox 398 4601 1970 4676">
    <p class='ocr_par' dir='ltr' id='par_1_91' title="bbox 398 4601 1970 4672">
     <span class='ocr_line' id='line_1_91' title="bbox 398 4601 1970 4672; baseline 0 -16"><span class='ocrx_word' id='word_1_728' title='bbox 398 4615 597 4672; x_wconf 88' lang='lat' dir='ltr'><strong>magno</strong></span> <span class='ocrx_word' id='word_1_729' title='bbox 621 4616 724 4658; x_wconf 90' lang='lat' dir='ltr'><strong>suo</strong></span> <span class='ocrx_word' id='word_1_730' title='bbox 753 4601 898 4656; x_wconf 87' lang='lat' dir='ltr'><strong>malo</strong></span> <span class='ocrx_word' id='word_1_731' title='bbox 930 4601 1322 4672; x_wconf 83' lang='lat' dir='ltr'><strong>depravarunt,</strong></span> <span class='ocrx_word' id='word_1_732' title='bbox 1355 4601 1426 4656; x_wconf 91' lang='lat' dir='ltr'><strong>ob</strong></span> <span class='ocrx_word' id='word_1_733' title='bbox 1457 4601 1512 4656; x_wconf 91' lang='lat' dir='ltr'><strong>id</strong></span> <span class='ocrx_word' id='word_1_734' title='bbox 1549 4617 1719 4656; x_wconf 90' lang='lat' dir='ltr'><strong>unum</strong></span> <span class='ocrx_word' id='word_1_735' title='bbox 1753 4603 1860 4656; x_wconf 90' lang='lat' dir='ltr'><strong>huc</strong></span> <span class='ocrx_word' id='word_1_736' title='bbox 1893 4615 1970 4656; x_wconf 89' lang='lat' dir='ltr'><strong>ac-</strong></span> 
     </span>
    </p>
   </div>
   <div class='ocr_carea' id='block_1_92' title="bbox 2075 4601 3678 4676">
    <p class='ocr_par' dir='ltr' id='par_1_92' title="bbox 2095 4601 3678 4676">
     <span class='ocr_line' id='line_1_92' title="bbox 2095 4601 3678 4676; baseline -0.002 -18"><span class='ocrx_word' id='word_1_737' title='bbox 2095 4607 2227 4675; x_wconf 82' lang='grc' dir='ltr'>ὑμῖν</span> <span class='ocrx_word' id='word_1_738' title='bbox 2282 4605 2651 4676; x_wconf 80' lang='grc' dir='ltr'>ὑπογραμμδς</span> <span class='ocrx_word' id='word_1_739' title='bbox 2697 4605 2793 4658; x_wconf 76' lang='grc' dir='ltr'>καὶ</span> <span class='ocrx_word' id='word_1_740' title='bbox 2840 4603 3124 4674; x_wconf 84' lang='grc' dir='ltr'>σωτηρία,</span> <span class='ocrx_word' id='word_1_741' title='bbox 3177 4603 3340 4672; x_wconf 80' lang='grc' dir='ltr'>μέσος</span> <span class='ocrx_word' id='word_1_742' title='bbox 3381 4601 3552 4665; x_wconf 75' lang='grc' dir='ltr'>ἑστὼς</span> <span class='ocrx_word' id='word_1_743' title='bbox 3583 4601 3678 4656; x_wconf 88' lang='grc' dir='ltr'><strong>τοῦ</strong></span> 
     </span>
    </p>
   </div>
   <div class='ocr_carea' id='block_1_93' title="bbox 399 4695 1970 4770">
    <p class='ocr_par' dir='ltr' id='par_1_93' title="bbox 399 4698 1970 4770">
     <span class='ocr_line' id='line_1_93' title="bbox 399 4698 1970 4770; baseline -0.004 -12"><span class='ocrx_word' id='word_1_744' title='bbox 399 4701 641 4759; x_wconf 80' lang='lat' dir='ltr'><strong>cessisse</strong></span> <span class='ocrx_word' id='word_1_745' title='bbox 675 4699 769 4758; x_wconf 90' lang='lat' dir='ltr'><strong>Dei</strong></span> <span class='ocrx_word' id='word_1_746' title='bbox 831 4698 1053 4764; x_wconf 88' lang='lat' dir='ltr'><strong>Filium,</strong></span> <span class='ocrx_word' id='word_1_747' title='bbox 1096 4700 1258 4756; x_wconf 86' lang='lat' dir='ltr'><strong>nobis</strong></span> <span class='ocrx_word' id='word_1_748' title='bbox 1310 4709 1370 4754; x_wconf 91' lang='lat' dir='ltr'><strong>ut</strong></span> <span class='ocrx_word' id='word_1_749' title='bbox 1411 4699 1690 4770; x_wconf 83' lang='lat' dir='ltr'><strong>exemplar</strong></span> <span class='ocrx_word' id='word_1_750' title='bbox 1730 4714 1793 4754; x_wconf 90' lang='lat' dir='ltr'><strong>ac</strong></span> <span class='ocrx_word' id='word_1_751' title='bbox 1839 4699 1970 4754; x_wconf 75' lang='lat' dir='ltr'><strong>salu:</strong></span> 
     </span>
    </p>
   </div>
   <div class='ocr_carea' id='block_1_94' title="bbox 2075 4695 3680 4770">
    <p class='ocr_par' dir='ltr' id='par_1_94' title="bbox 2095 4695 3680 4770">
     <span class='ocr_line' id='line_1_94' title="bbox 2095 4695 3680 4770; baseline -0.003 -18"><span class='ocrx_word' id='word_1_752' title='bbox 2095 4701 2324 4770; x_wconf 86' lang='grc' dir='ltr'>κόσμου,</span> <span class='ocrx_word' id='word_1_753' title='bbox 2363 4698 2436 4762; x_wconf 84' lang='grc' dir='ltr'>ὡς</span> <span class='ocrx_word' id='word_1_754' title='bbox 2481 4698 2576 4752; x_wconf 74' lang='grc' dir='ltr'>ἐπὶ</span> <span class='ocrx_word' id='word_1_755' title='bbox 2619 4697 2850 4769; x_wconf 87' lang='grc' dir='ltr'>θεάτρου</span> <span class='ocrx_word' id='word_1_756' title='bbox 2878 4695 3116 4767; x_wconf 83' lang='grc' dir='ltr'>ἀθλητοῦ</span> <span class='ocrx_word' id='word_1_757' title='bbox 3158 4695 3338 4766; x_wconf 87' lang='grc' dir='ltr'>δίκην,</span> <span class='ocrx_word' id='word_1_758' title='bbox 3370 4695 3680 4760; x_wconf 87' lang='grc' dir='ltr'>διαλύοντος</span> 
     </span>
    </p>
   </div>
   <div class='ocr_carea' id='block_1_95' title="bbox 398 4791 1988 4860">
    <p class='ocr_par' dir='ltr' id='par_1_95' title="bbox 398 4791 1988 4860">
     <span class='ocr_line' id='line_1_95' title="bbox 398 4791 1988 4860; baseline -0.004 -10"><span class='ocrx_word' id='word_1_759' title='bbox 398 4805 568 4857; x_wconf 88' lang='lat' dir='ltr'><strong>esset.</strong></span> <span class='ocrx_word' id='word_1_760' title='bbox 601 4791 781 4851; x_wconf 83' lang='lat' dir='ltr'><strong>medio</strong></span> <span class='ocrx_word' id='word_1_761' title='bbox 818 4793 874 4848; x_wconf 90' lang='lat' dir='ltr'><strong>in</strong></span> <span class='ocrx_word' id='word_1_762' title='bbox 901 4793 1108 4849; x_wconf 88' lang='lat' dir='ltr'><strong>mundo</strong></span> <span class='ocrx_word' id='word_1_763' title='bbox 1145 4791 1478 4860; x_wconf 86' lang='lat' dir='ltr'><strong>consistens,</strong></span> <span class='ocrx_word' id='word_1_764' title='bbox 1503 4792 1652 4848; x_wconf 89' lang='lat' dir='ltr'><strong>velut</strong></span> <span class='ocrx_word' id='word_1_765' title='bbox 1680 4792 1736 4846; x_wconf 93' lang='lat' dir='ltr'><strong>in</strong></span> <span class='ocrx_word' id='word_1_766' title='bbox 1773 4792 1988 4848; x_wconf 87' lang='lat' dir='ltr'><strong>theatro</strong></span> 
     </span>
    </p>
   </div>
   <div class='ocr_carea' id='block_1_96' title="bbox 401 4885 1989 4959">
    <p class='ocr_par' dir='ltr' id='par_1_96' title="bbox 401 4885 1989 4959">
     <span class='ocr_line' id='line_1_96' title="bbox 401 4885 1989 4959; baseline -0.004 -15"><span class='ocrx_word' id='word_1_767' title='bbox 401 4888 641 4958; x_wconf 90' lang='lat' dir='ltr'><strong>quodam</strong></span> <span class='ocrx_word' id='word_1_768' title='bbox 670 4887 898 4950; x_wconf 85' lang='lat' dir='ltr'><strong>athleta,</strong></span> <span class='ocrx_word' id='word_1_769' title='bbox 923 4887 1016 4959; x_wconf 90' lang='lat' dir='ltr'><strong>qui</strong></span> <span class='ocrx_word' id='word_1_770' title='bbox 1047 4885 1232 4943; x_wconf 84' lang='lat' dir='ltr'><strong>omnia</strong></span> <span class='ocrx_word' id='word_1_771' title='bbox 1254 4885 1494 4956; x_wconf 87' lang='lat' dir='ltr'><strong>disjiciat</strong></span> <span class='ocrx_word' id='word_1_772' title='bbox 1514 4896 1567 4942; x_wconf 87' lang='lat' dir='ltr'><strong>et</strong></span> <span class='ocrx_word' id='word_1_773' title='bbox 1601 4892 1832 4950; x_wconf 90' lang='lat' dir='ltr'><strong>evertat,</strong></span> <span class='ocrx_word' id='word_1_774' title='bbox 1866 4899 1989 4956; x_wconf 74' lang='lat' dir='ltr'><strong>quae</strong></span> 
     </span>
    </p>
   </div>
   <div class='ocr_carea' id='block_1_97' title="bbox 399 4975 1988 5048">
    <p class='ocr_par' dir='ltr' id='par_1_97' title="bbox 399 4975 1988 5048">
     <span class='ocr_line' id='line_1_97' title="bbox 399 4975 1988 5048; baseline -0.003 -14"><span class='ocrx_word' id='word_1_775' title='bbox 399 4977 664 5035; x_wconf 84' lang='lat' dir='ltr'><strong>adversus</strong></span> <span class='ocrx_word' id='word_1_776' title='bbox 692 4977 978 5034; x_wconf 88' lang='lat' dir='ltr'><strong>veritatem</strong></span> <span class='ocrx_word' id='word_1_777' title='bbox 1003 4979 1316 5048; x_wconf 86' lang='lat' dir='ltr'><strong>insurgunt,</strong></span> <span class='ocrx_word' id='word_1_778' title='bbox 1341 4991 1570 5048; x_wconf 63' lang='lat' dir='ltr'><strong>quaeque</strong></span> <span class='ocrx_word' id='word_1_779' title='bbox 1599 4975 1894 5032; x_wconf 80' lang='lat' dir='ltr'><strong>inﬁdelitas</strong></span> <span class='ocrx_word' id='word_1_780' title='bbox 1924 4989 1988 5030; x_wconf 91' lang='lat' dir='ltr'><strong>ac</strong></span> 
     </span>
    </p>
   </div>
   <div class='ocr_carea' id='block_1_98' title="bbox 405 5069 1990 5140">
    <p class='ocr_par' dir='ltr' id='par_1_98' title="bbox 405 5069 1990 5140">
     <span class='ocr_line' id='line_1_98' title="bbox 405 5069 1990 5140; baseline -0.003 -14"><span class='ocrx_word' id='word_1_781' title='bbox 405 5071 611 5127; x_wconf 82' lang='lat' dir='ltr'><strong>diaboli</strong></span> <span class='ocrx_word' id='word_1_782' title='bbox 645 5071 797 5128; x_wconf 77' lang='lat' dir='ltr'><strong>fraus</strong></span> <span class='ocrx_word' id='word_1_783' title='bbox 833 5077 886 5127; x_wconf 91' lang='lat' dir='ltr'><strong>et</strong></span> <span class='ocrx_word' id='word_1_784' title='bbox 907 5071 1186 5126; x_wconf 88' lang='lat' dir='ltr'><strong>calumnia</strong></span> <span class='ocrx_word' id='word_1_785' title='bbox 1207 5071 1527 5132; x_wconf 87' lang='lat' dir='ltr'><strong>concitavit.</strong></span> <span class='ocrx_word' id='word_1_786' title='bbox 1561 5069 1678 5126; x_wconf 86' lang='lat' dir='ltr'><strong>sive</strong></span> <span class='ocrx_word' id='word_1_787' title='bbox 1695 5085 1790 5140; x_wconf 88' lang='lat' dir='ltr'><strong>per</strong></span> <span class='ocrx_word' id='word_1_788' title='bbox 1813 5069 1990 5124; x_wconf 90' lang='lat' dir='ltr'><strong>simu-</strong></span> 
     </span>
    </p>
   </div>
   <div class='ocr_carea' id='block_1_99' title="bbox 401 5161 1990 5234">
    <p class='ocr_par' dir='ltr' id='par_1_99' title="bbox 401 5161 1990 5234">
     <span class='ocr_line' id='line_1_99' title="bbox 401 5161 1990 5234; baseline 0 -16"><span class='ocrx_word' id='word_1_789' title='bbox 401 5165 677 5219; x_wconf 88' lang='lat' dir='ltr'><strong>lacrorum</strong></span> <span class='ocrx_word' id='word_1_790' title='bbox 711 5162 944 5228; x_wconf 91' lang='lat' dir='ltr'><strong>cultum,</strong></span> <span class='ocrx_word' id='word_1_791' title='bbox 987 5162 1103 5218; x_wconf 89' lang='lat' dir='ltr'><strong>sive</strong></span> <span class='ocrx_word' id='word_1_792' title='bbox 1141 5177 1239 5234; x_wconf 87' lang='lat' dir='ltr'><strong>per</strong></span> <span class='ocrx_word' id='word_1_793' title='bbox 1261 5161 1572 5218; x_wconf 71' lang='lat' dir='ltr'><strong>Iudaeorum</strong></span> <span class='ocrx_word' id='word_1_794' title='bbox 1617 5161 1838 5226; x_wconf 82' lang='lat' dir='ltr'><strong>fastum,</strong></span> <span class='ocrx_word' id='word_1_795' title='bbox 1870 5162 1990 5218; x_wconf 78' lang='lat' dir='ltr'><strong>sive</strong></span> 
     </span>
    </p>
   </div>
   <div class='ocr_carea' id='block_1_100' title="bbox 401 5254 1984 5326">
    <p class='ocr_par' dir='ltr' id='par_1_100' title="bbox 401 5254 1984 5326">
     <span class='ocr_line' id='line_1_100' title="bbox 401 5254 1984 5326; baseline -0.001 -16"><span class='ocrx_word' id='word_1_796' title='bbox 401 5271 500 5326; x_wconf 88' lang='lat' dir='ltr'><strong>per</strong></span> <span class='ocrx_word' id='word_1_797' title='bbox 527 5254 929 5320; x_wconf 83' lang='lat' dir='ltr'><strong>inﬁdelitatem,</strong></span> <span class='ocrx_word' id='word_1_798' title='bbox 965 5254 1081 5312; x_wconf 88' lang='lat' dir='ltr'><strong>sive</strong></span> <span class='ocrx_word' id='word_1_799' title='bbox 1101 5270 1200 5326; x_wconf 92' lang='lat' dir='ltr'><strong>per</strong></span> <span class='ocrx_word' id='word_1_800' title='bbox 1229 5256 1485 5311; x_wconf 67' lang='lat' dir='ltr'><strong>humanae</strong></span> <span class='ocrx_word' id='word_1_801' title='bbox 1518 5255 1795 5326; x_wconf 85' lang='lat' dir='ltr'><strong>opinionis</strong></span> <span class='ocrx_word' id='word_1_802' title='bbox 1825 5269 1984 5308; x_wconf 87' lang='lat' dir='ltr'><strong>arro-</strong></span> 
     </span>
    </p>
   </div>
   <div class='ocr_carea' id='block_1_101' title="bbox 401 5344 1986 5420">
    <p class='ocr_par' dir='ltr' id='par_1_101' title="bbox 401 5344 1986 5420">
     <span class='ocr_line' id='line_1_101' title="bbox 401 5344 1986 5420; baseline -0.004 -15"><span class='ocrx_word' id='word_1_803' title='bbox 401 5348 683 5420; x_wconf 81' lang='lat' dir='ltr'><strong>gantiam;</strong></span> <span class='ocrx_word' id='word_1_804' title='bbox 720 5363 831 5420; x_wconf 92' lang='lat' dir='ltr'><strong>quo</strong></span> <span class='ocrx_word' id='word_1_805' title='bbox 861 5349 1110 5404; x_wconf 91' lang='lat' dir='ltr'><strong>homines</strong></span> <span class='ocrx_word' id='word_1_806' title='bbox 1130 5347 1563 5404; x_wconf 90' lang='lat' dir='ltr'><strong>moderationem</strong></span> <span class='ocrx_word' id='word_1_807' title='bbox 1595 5345 1765 5400; x_wconf 88' lang='lat' dir='ltr'><strong>animi</strong></span> <span class='ocrx_word' id='word_1_808' title='bbox 1797 5353 1852 5400; x_wconf 87' lang='lat' dir='ltr'><strong>et</strong></span> <span class='ocrx_word' id='word_1_809' title='bbox 1881 5344 1986 5400; x_wconf 84' lang='lat' dir='ltr'><strong>hu-</strong></span> 
     </span>
    </p>
   </div>
   <div class='ocr_carea' id='block_1_102' title="bbox 401 5439 1984 5512">
    <p class='ocr_par' dir='ltr' id='par_1_102' title="bbox 401 5439 1984 5512">
     <span class='ocr_line' id='line_1_102' title="bbox 401 5439 1984 5512; baseline -0.002 -17"><span class='ocrx_word' id='word_1_810' title='bbox 401 5440 691 5497; x_wconf 82' lang='lat' dir='ltr'><strong>militatem</strong></span> <span class='ocrx_word' id='word_1_811' title='bbox 729 5441 990 5506; x_wconf 89' lang='lat' dir='ltr'><strong>doceret;</strong></span> <span class='ocrx_word' id='word_1_812' title='bbox 1025 5457 1095 5497; x_wconf 88' lang='lat' dir='ltr'><strong>ne</strong></span> <span class='ocrx_word' id='word_1_813' title='bbox 1111 5441 1236 5512; x_wconf 90' lang='lat' dir='ltr'><strong>quis</strong></span> <span class='ocrx_word' id='word_1_814' title='bbox 1265 5455 1389 5496; x_wconf 90' lang='lat' dir='ltr'><strong>cum</strong></span> <span class='ocrx_word' id='word_1_815' title='bbox 1415 5441 1583 5496; x_wconf 90' lang='lat' dir='ltr'><strong>homo</strong></span> <span class='ocrx_word' id='word_1_816' title='bbox 1612 5439 1706 5502; x_wconf 90' lang='lat' dir='ltr'><strong>sit,</strong></span> <span class='ocrx_word' id='word_1_817' title='bbox 1725 5453 1984 5508; x_wconf 82' lang='lat' dir='ltr'><strong>magnum</strong></span> 
     </span>
    </p>
   </div>
   <div class='ocr_carea' id='block_1_103' title="bbox 403 5531 1988 5602">
    <p class='ocr_par' dir='ltr' id='par_1_103' title="bbox 403 5531 1988 5602">
     <span class='ocr_line' id='line_1_103' title="bbox 403 5531 1988 5602; baseline -0.003 -16"><span class='ocrx_word' id='word_1_818' title='bbox 403 5545 466 5586; x_wconf 85' lang='lat' dir='ltr'><strong>se</strong></span> <span class='ocrx_word' id='word_1_819' title='bbox 495 5545 622 5588; x_wconf 81' lang='lat' dir='ltr'><strong>esse</strong></span> <span class='ocrx_word' id='word_1_820' title='bbox 645 5531 906 5602; x_wconf 83' lang='lat' dir='ltr'><strong>quiddam</strong></span> <span class='ocrx_word' id='word_1_821' title='bbox 947 5534 1262 5598; x_wconf 86' lang='lat' dir='ltr'><strong>arbitretur,</strong></span> <span class='ocrx_word' id='word_1_822' title='bbox 1296 5533 1392 5589; x_wconf 90' lang='lat' dir='ltr'><strong>sed</strong></span> <span class='ocrx_word' id='word_1_823' title='bbox 1418 5533 1484 5588; x_wconf 90' lang='lat' dir='ltr'><strong>ad</strong></span> <span class='ocrx_word' id='word_1_824' title='bbox 1510 5545 1854 5587; x_wconf 91' lang='lat' dir='ltr'><strong>communem</strong></span> <span class='ocrx_word' id='word_1_825' title='bbox 1876 5545 1988 5584; x_wconf 91' lang='lat' dir='ltr'><strong>om-</strong></span> 
     </span>
    </p>
   </div>
   <div class='ocr_carea' id='block_1_104' title="bbox 405 5622 1988 5698">
    <p class='ocr_par' dir='ltr' id='par_1_104' title="bbox 405 5622 1988 5698">
     <span class='ocr_line' id='line_1_104' title="bbox 405 5622 1988 5698; baseline -0.003 -17"><span class='ocrx_word' id='word_1_826' title='bbox 405 5626 558 5681; x_wconf 74' lang='lat' dir='ltr'><strong>nium</strong></span> <span class='ocrx_word' id='word_1_827' title='bbox 588 5634 869 5698; x_wconf 88' lang='lat' dir='ltr'><strong>parentem</strong></span> <span class='ocrx_word' id='word_1_828' title='bbox 899 5625 1154 5684; x_wconf 82' lang='lat' dir='ltr'><strong>universa</strong></span> <span class='ocrx_word' id='word_1_829' title='bbox 1177 5627 1396 5682; x_wconf 82' lang='lat' dir='ltr'><strong>referat.</strong></span> <span class='ocrx_word' id='word_1_830' title='bbox 1432 5623 1704 5692; x_wconf 86' lang='lat' dir='ltr'><strong>Quocirca</strong></span> <span class='ocrx_word' id='word_1_831' title='bbox 1730 5622 1857 5678; x_wconf 89' lang='lat' dir='ltr'><strong>licet</strong></span> <span class='ocrx_word' id='word_1_832' title='bbox 1876 5623 1988 5676; x_wconf 87' lang='lat' dir='ltr'><strong>vita</strong></span> 
     </span>
    </p>
   </div>
   <div class='ocr_carea' id='block_1_105' title="bbox 484 5735 941 5812">
    <p class='ocr_par' dir='ltr' id='par_1_105' title="bbox 484 5735 941 5812">
     <span class='ocr_line' id='line_1_105' title="bbox 484 5735 941 5812; baseline 0.013 -24"><span class='ocrx_word' id='word_1_833' title='bbox 484 5737 503 5812; x_wconf 64' lang='grc' dir='ltr'><strong>ξ</strong></span> <span class='ocrx_word' id='word_1_834' title='bbox 533 5735 704 5812; x_wconf 56' lang='lat' dir='ltr'><strong>lgor.</strong></span> <span class='ocrx_word' id='word_1_835' title='bbox 739 5753 820 5808; x_wconf 89' lang='grc' dir='ltr'>ιιι,</span> <span class='ocrx_word' id='word_1_836' title='bbox 854 5736 941 5812; x_wconf 65' lang='lat' dir='ltr'><strong>I6».</strong></span> 
     </span>
    </p>
   </div>
   <div class='ocr_carea' id='block_1_106' title="bbox 1045 5735 1979 5806">
    <p class='ocr_par' dir='ltr' id='par_1_106' title="bbox 1045 5735 1979 5806">
     <span class='ocr_line' id='line_1_106' title="bbox 1045 5735 1979 5806; baseline -0.003 -14"><span class='ocrx_word' id='word_1_837' title='bbox 1045 5740 1067 5774; x_wconf 78' lang='grc'>³</span> <span class='ocrx_word' id='word_1_838' title='bbox 1100 5735 1258 5794; x_wconf 85' lang='lat' dir='ltr'><strong>Joan.</strong></span> <span class='ocrx_word' id='word_1_839' title='bbox 1305 5754 1394 5806; x_wconf 76' lang='grc' dir='ltr'>ιν,</span> <span class='ocrx_word' id='word_1_840' title='bbox 1435 5737 1541 5806; x_wconf 76' lang='lat'><strong>9.6;</strong></span> <span class='ocrx_word' id='word_1_841' title='bbox 1597 5754 1708 5804; x_wconf 75' lang='grc' dir='ltr'>ιιί,</span> <span class='ocrx_word' id='word_1_842' title='bbox 1744 5737 1846 5806; x_wconf 71' lang='grc'><strong>14,</strong></span> <span class='ocrx_word' id='word_1_843' title='bbox 1893 5735 1979 5790; x_wconf 81' lang='grc'><strong>15.</strong></span> 
     </span>
    </p>
   </div>
   <div class='ocr_carea' id='block_1_107' title="bbox 410 5805 646 5878">
    <p class='ocr_par' dir='ltr' id='par_1_107' title="bbox 410 5805 646 5878">
     <span class='ocr_line' id='line_1_107' title="bbox 410 5805 646 5878; baseline -0.004 -14"><span class='ocrx_word' id='word_1_844' title='bbox 410 5808 433 5843; x_wconf 82' lang='grc'><strong><em>⁸</em></strong></span> <span class='ocrx_word' id='word_1_845' title='bbox 460 5805 503 5865; x_wconf 71' lang='lat' dir='ltr'>F</span> <span class='ocrx_word' id='word_1_846' title='bbox 546 5807 646 5878; x_wconf 79' lang='grc' dir='ltr'><strong>τῷ.</strong></span> 
     </span>
    </p>
   </div>
   <div class='ocr_carea' id='block_1_108' title="bbox 2095 4784 3682 4859">
    <p class='ocr_par' dir='ltr' id='par_1_108' title="bbox 2095 4784 3682 4859">
     <span class='ocr_line' id='line_1_108' title="bbox 2095 4784 3682 4859; baseline -0.002 -17"><span class='ocrx_word' id='word_1_847' title='bbox 2095 4789 2273 4844; x_wconf 84' lang='grc' dir='ltr'>πάντα</span> <span class='ocrx_word' id='word_1_848' title='bbox 2303 4788 2373 4842; x_wconf 83' lang='grc' dir='ltr'>τὰ</span> <span class='ocrx_word' id='word_1_849' title='bbox 2403 4788 2545 4843; x_wconf 87' lang='grc' dir='ltr'>κατὰ</span> <span class='ocrx_word' id='word_1_850' title='bbox 2576 4789 2673 4859; x_wconf 86' lang='grc' dir='ltr'>τῆς</span> <span class='ocrx_word' id='word_1_851' title='bbox 2701 4785 2963 4858; x_wconf 79' lang='grc' dir='ltr'>ἀληθείας</span> <span class='ocrx_word' id='word_1_852' title='bbox 2991 4787 3377 4841; x_wconf 76' lang='grc' dir='ltr'>ἐπαναστάντα</span> <span class='ocrx_word' id='word_1_853' title='bbox 3404 4784 3468 4839; x_wconf 74' lang='grc' dir='ltr'>ἐκ</span> <span class='ocrx_word' id='word_1_854' title='bbox 3497 4803 3558 4838; x_wconf 84' lang='grc' dir='ltr'><strong>τε</strong></span> <span class='ocrx_word' id='word_1_855' title='bbox 3581 4786 3682 4857; x_wconf 85' lang='grc' dir='ltr'>τῆς</span> 
     </span>
    </p>
   </div>
   <div class='ocr_carea' id='block_1_109' title="bbox 2091 4877 3678 4948">
    <p class='ocr_par' dir='ltr' id='par_1_109' title="bbox 2091 4877 3678 4948">
     <span class='ocr_line' id='line_1_109' title="bbox 2091 4877 3678 4948; baseline -0.003 -14"><span class='ocrx_word' id='word_1_856' title='bbox 2091 4881 2350 4944; x_wconf 86' lang='grc' dir='ltr'>ἀπιστίας</span> <span class='ocrx_word' id='word_1_857' title='bbox 2376 4882 2470 4933; x_wconf 78' lang='grc' dir='ltr'>καὶ</span> <span class='ocrx_word' id='word_1_858' title='bbox 2509 4879 2894 4948; x_wconf 80' lang='grc' dir='ltr'>συκοφαντίας,</span> <span class='ocrx_word' id='word_1_859' title='bbox 2925 4879 3021 4932; x_wconf 74' lang='grc' dir='ltr'><strong>καὶ</strong></span> <span class='ocrx_word' id='word_1_860' title='bbox 3057 4877 3270 4948; x_wconf 87' lang='grc' dir='ltr'>πλάνης</span> <span class='ocrx_word' id='word_1_861' title='bbox 3299 4877 3572 4940; x_wconf 86' lang='grc' dir='ltr'>διαϐόλου,</span> <span class='ocrx_word' id='word_1_862' title='bbox 3602 4877 3678 4948; x_wconf 89' lang='grc' dir='ltr'>πὴ</span> 
     </span>
    </p>
   </div>
   <div class='ocr_carea' id='block_1_110' title="bbox 2095 4964 3680 5045">
    <p class='ocr_par' dir='ltr' id='par_1_110' title="bbox 2095 4964 3680 5045">
     <span class='ocr_line' id='line_1_110' title="bbox 2095 4964 3680 5045; baseline -0.002 -19"><span class='ocrx_word' id='word_1_863' title='bbox 2095 4974 2195 5043; x_wconf 80' lang='grc' dir='ltr'><strong>μὲν</strong></span> <span class='ocrx_word' id='word_1_864' title='bbox 2226 4972 2317 5028; x_wconf 84' lang='grc' dir='ltr'>διὰ</span> <span class='ocrx_word' id='word_1_865' title='bbox 2348 4964 2812 5045; x_wconf 69' lang='grc' dir='ltr'>εἰδωλολάτρείας,</span> <span class='ocrx_word' id='word_1_866' title='bbox 2847 4971 2924 5044; x_wconf 86' lang='grc' dir='ltr'>πὴ</span> <span class='ocrx_word' id='word_1_867' title='bbox 2968 4972 3026 5026; x_wconf 78' lang='grc' dir='ltr'>δὲ</span> <span class='ocrx_word' id='word_1_868' title='bbox 3056 4971 3146 5026; x_wconf 83' lang='grc' dir='ltr'>διὰ</span> <span class='ocrx_word' id='word_1_869' title='bbox 3191 4969 3490 5042; x_wconf 75' lang='grc' dir='ltr'>Ἰουδαϊκῆς</span> <span class='ocrx_word' id='word_1_870' title='bbox 3529 4971 3680 5042; x_wconf 75' lang='grc' dir='ltr'>οἰκή-</span> 
     </span>
    </p>
   </div>
   <div class='ocr_carea' id='block_1_111' title="bbox 2091 5063 3680 5136">
    <p class='ocr_par' dir='ltr' id='par_1_111' title="bbox 2091 5063 3680 5136">
     <span class='ocr_line' id='line_1_111' title="bbox 2091 5063 3680 5136; baseline -0.003 -18"><span class='ocrx_word' id='word_1_871' title='bbox 2091 5082 2253 5130; x_wconf 89' lang='grc' dir='ltr'>σεως,</span> <span class='ocrx_word' id='word_1_872' title='bbox 2293 5065 2370 5136; x_wconf 84' lang='grc' dir='ltr'><strong>πὴ</strong></span> <span class='ocrx_word' id='word_1_873' title='bbox 2400 5064 2458 5118; x_wconf 86' lang='grc' dir='ltr'>δὲ</span> <span class='ocrx_word' id='word_1_874' title='bbox 2488 5064 2557 5120; x_wconf 87' lang='grc' dir='ltr'>δι’</span> <span class='ocrx_word' id='word_1_875' title='bbox 2599 5065 2884 5128; x_wconf 82' lang='grc' dir='ltr'>ἀπιστίας,</span> <span class='ocrx_word' id='word_1_876' title='bbox 2913 5063 2989 5136; x_wconf 78' lang='grc' dir='ltr'><strong>πὴ</strong></span> <span class='ocrx_word' id='word_1_877' title='bbox 3026 5063 3084 5118; x_wconf 83' lang='grc' dir='ltr'>δὲ</span> <span class='ocrx_word' id='word_1_878' title='bbox 3126 5063 3214 5116; x_wconf 84' lang='grc' dir='ltr'>διὰ</span> <span class='ocrx_word' id='word_1_879' title='bbox 3252 5063 3357 5134; x_wconf 86' lang='grc' dir='ltr'>τῆς</span> <span class='ocrx_word' id='word_1_880' title='bbox 3393 5063 3680 5133; x_wconf 76' lang='grc' dir='ltr'>ἐπάρσεως</span> 
     </span>
    </p>
   </div>
   <div class='ocr_carea' id='block_1_112' title="bbox 2091 5157 3678 5232">
    <p class='ocr_par' dir='ltr' id='par_1_112' title="bbox 2091 5157 3678 5232">
     <span class='ocr_line' id='line_1_112' title="bbox 2091 5157 3678 5232; baseline -0.004 -18"><span class='ocrx_word' id='word_1_881' title='bbox 2091 5161 2190 5232; x_wconf 82' lang='grc' dir='ltr'><strong>τῆς</strong></span> <span class='ocrx_word' id='word_1_882' title='bbox 2216 5160 2325 5215; x_wconf 83' lang='grc' dir='ltr'><strong>τῶν</strong></span> <span class='ocrx_word' id='word_1_883' title='bbox 2356 5159 2454 5214; x_wconf 84' lang='grc' dir='ltr'><strong>ἀνθ</strong></span> <span class='ocrx_word' id='word_1_884' title='bbox 2465 5159 2662 5232; x_wconf 81' lang='grc' dir='ltr'>ρώπων</span> <span class='ocrx_word' id='word_1_885' title='bbox 2697 5160 3020 5232; x_wconf 85' lang='grc' dir='ltr'>ὑπολήψεως</span> <span class='ocrx_word' id='word_1_886' title='bbox 3039 5177 3053 5190; x_wconf 91' lang='grc'><strong>·</strong></span> <span class='ocrx_word' id='word_1_887' title='bbox 3087 5159 3174 5212; x_wconf 75' lang='grc' dir='ltr'>ἵνα</span> <span class='ocrx_word' id='word_1_888' title='bbox 3205 5157 3394 5228; x_wconf 78' lang='grc' dir='ltr'>διδάξῃ</span> <span class='ocrx_word' id='word_1_889' title='bbox 3419 5157 3548 5220; x_wconf 83' lang='grc' dir='ltr'>τοὺς</span> <span class='ocrx_word' id='word_1_890' title='bbox 3581 5157 3678 5209; x_wconf 65' lang='grc' dir='ltr'>ἀνι</span> 
     </span>
    </p>
   </div>
   <div class='ocr_carea' id='block_1_113' title="bbox 2093 5247 3682 5325">
    <p class='ocr_par' dir='ltr' id='par_1_113' title="bbox 2093 5247 3682 5325">
     <span class='ocr_line' id='line_1_113' title="bbox 2093 5247 3682 5325; baseline 0 -19"><span class='ocrx_word' id='word_1_891' title='bbox 2093 5252 2346 5325; x_wconf 85' lang='grc' dir='ltr'>θρώπους</span> <span class='ocrx_word' id='word_1_892' title='bbox 2377 5253 2841 5325; x_wconf 81' lang='grc' dir='ltr'>ταπεινοφρονεῖν,</span> <span class='ocrx_word' id='word_1_893' title='bbox 2885 5252 2980 5306; x_wconf 87' lang='grc' dir='ltr'><strong>τοῦ</strong></span> <span class='ocrx_word' id='word_1_894' title='bbox 3013 5253 3086 5324; x_wconf 83' lang='grc' dir='ltr'><strong>μή</strong></span> <span class='ocrx_word' id='word_1_895' title='bbox 3133 5269 3258 5306; x_wconf 87' lang='grc' dir='ltr'>τινα</span> <span class='ocrx_word' id='word_1_896' title='bbox 3304 5250 3497 5305; x_wconf 74' lang='grc' dir='ltr'>ἑαυτὸν</span> <span class='ocrx_word' id='word_1_897' title='bbox 3542 5247 3682 5320; x_wconf 79' lang='grc' dir='ltr'>ἡγή-</span> 
     </span>
    </p>
   </div>
   <div class='ocr_carea' id='block_1_114' title="bbox 2095 5339 3676 5417">
    <p class='ocr_par' dir='ltr' id='par_1_114' title="bbox 2095 5339 3676 5417">
     <span class='ocr_line' id='line_1_114' title="bbox 2095 5339 3676 5417; baseline -0.006 -17"><span class='ocrx_word' id='word_1_898' title='bbox 2095 5345 2290 5400; x_wconf 90' lang='grc' dir='ltr'>σασθαί</span> <span class='ocrx_word' id='word_1_899' title='bbox 2339 5363 2392 5399; x_wconf 88' lang='grc' dir='ltr'><strong>τι</strong></span> <span class='ocrx_word' id='word_1_900' title='bbox 2441 5345 2730 5417; x_wconf 79' lang='grc' dir='ltr'>ἄνθρωπος</span> <span class='ocrx_word' id='word_1_901' title='bbox 2768 5345 2865 5408; x_wconf 83' lang='grc' dir='ltr'><strong>ὢν,</strong></span> <span class='ocrx_word' id='word_1_902' title='bbox 2916 5343 3034 5399; x_wconf 80' lang='grc' dir='ltr'>ἀλλ’</span> <span class='ocrx_word' id='word_1_903' title='bbox 3065 5346 3144 5409; x_wconf 88' lang='grc' dir='ltr'>εἰς</span> <span class='ocrx_word' id='word_1_904' title='bbox 3177 5344 3268 5399; x_wconf 83' lang='grc' dir='ltr'><strong>τδν</strong></span> <span class='ocrx_word' id='word_1_905' title='bbox 3301 5342 3523 5412; x_wconf 89' lang='grc' dir='ltr'>Πατέρα</span> <span class='ocrx_word' id='word_1_906' title='bbox 3567 5339 3676 5392; x_wconf 86' lang='grc' dir='ltr'><strong>τῶν</strong></span> 
     </span>
    </p>
   </div>
   <div class='ocr_carea' id='block_1_115' title="bbox 2092 5429 3676 5510">
    <p class='ocr_par' dir='ltr' id='par_1_115' title="bbox 2092 5429 3676 5510">
     <span class='ocr_line' id='line_1_115' title="bbox 2092 5429 3676 5510; baseline -0.005 -17"><span class='ocrx_word' id='word_1_907' title='bbox 2092 5439 2229 5494; x_wconf 87' lang='grc' dir='ltr'>ὅλων</span> <span class='ocrx_word' id='word_1_908' title='bbox 2257 5437 2552 5510; x_wconf 82' lang='grc' dir='ltr'>ἀναφέρειν</span> <span class='ocrx_word' id='word_1_909' title='bbox 2579 5437 2641 5496; x_wconf 84' lang='grc' dir='ltr'><strong>τὸ</strong></span> <span class='ocrx_word' id='word_1_910' title='bbox 2683 5439 2812 5493; x_wconf 82' lang='grc' dir='ltr'>πᾶν.</span> <span class='ocrx_word' id='word_1_911' title='bbox 2846 5439 2958 5492; x_wconf 75' lang='lat' dir='ltr'><strong>Kal</strong></span> <span class='ocrx_word' id='word_1_912' title='bbox 2994 5436 3084 5492; x_wconf 80' lang='grc' dir='ltr'>διὰ</span> <span class='ocrx_word' id='word_1_913' title='bbox 3126 5434 3306 5497; x_wconf 81' lang='grc' dir='ltr'>τοῦτο.</span> <span class='ocrx_word' id='word_1_914' title='bbox 3353 5434 3558 5504; x_wconf 85' lang='grc' dir='ltr'>καίπερ</span> <span class='ocrx_word' id='word_1_915' title='bbox 3597 5429 3676 5486; x_wconf 77' lang='grc' dir='ltr'><strong>ὢν</strong></span> 
     </span>
    </p>
   </div>
   <div class='ocr_carea' id='block_1_116' title="bbox 2097 5523 3676 5604">
    <p class='ocr_par' dir='ltr' id='par_1_116' title="bbox 2097 5523 3676 5604">
     <span class='ocr_line' id='line_1_116' title="bbox 2097 5523 3676 5604; baseline -0.013 -7"><span class='ocrx_word' id='word_1_916' title='bbox 2097 5532 2231 5604; x_wconf 72' lang='grc' dir='ltr'><strong>ζωὴ.</strong></span> <span class='ocrx_word' id='word_1_917' title='bbox 2259 5531 2338 5596; x_wconf 83' lang='grc' dir='ltr'><strong>ὡς</strong></span> <span class='ocrx_word' id='word_1_918' title='bbox 2368 5531 2539 5600; x_wconf 85' lang='grc' dir='ltr'>λέγει,</span> <span class='ocrx_word' id='word_1_919' title='bbox 2569 5530 2714 5601; x_wconf 77' lang='grc' dir='ltr'>Ἐγώ</span> <span class='ocrx_word' id='word_1_920' title='bbox 2739 5533 2856 5602; x_wconf 82' lang='grc' dir='ltr'>είμι</span> <span class='ocrx_word' id='word_1_921' title='bbox 2884 5533 2922 5600; x_wconf 73' lang='grc' dir='ltr'><strong><em>ἡ</em></strong></span> <span class='ocrx_word' id='word_1_922' title='bbox 2954 5529 3388 5600; x_wconf 82' lang='grc' dir='ltr'>ζωὴ,δυνάμενος</span> <span class='ocrx_word' id='word_1_923' title='bbox 3407 5523 3676 5598; x_wconf 79' lang='grc' dir='ltr'>παρέχειν</span> 
     </span>
    </p>
   </div>
   <div class='ocr_carea' id='block_1_117' title="bbox 2096 5614 3676 5696">
    <p class='ocr_par' dir='ltr' id='par_1_117' title="bbox 2096 5614 3676 5696">
     <span class='ocr_line' id='line_1_117' title="bbox 2096 5614 3676 5696; baseline -0.004 -20"><span class='ocrx_word' id='word_1_924' title='bbox 2096 5624 2196 5695; x_wconf 82' lang='grc' dir='ltr'><strong>τὴν</strong></span> <span class='ocrx_word' id='word_1_925' title='bbox 2239 5623 2418 5695; x_wconf 82' lang='grc' dir='ltr'>ζωὴν,</span> <span class='ocrx_word' id='word_1_926' title='bbox 2469 5625 2530 5677; x_wconf 88' lang='grc' dir='ltr'><strong>ού</strong></span> <span class='ocrx_word' id='word_1_927' title='bbox 2579 5623 2826 5694; x_wconf 76' lang='grc' dir='ltr'>βούλεται</span> <span class='ocrx_word' id='word_1_928' title='bbox 2863 5622 3095 5696; x_wconf 78' lang='grc' dir='ltr'>ταράξαι</span> <span class='ocrx_word' id='word_1_929' title='bbox 3147 5621 3210 5675; x_wconf 77' lang='grc' dir='ltr'><strong>τὸ</strong></span> <span class='ocrx_word' id='word_1_930' title='bbox 3257 5620 3486 5682; x_wconf 88' lang='grc' dir='ltr'>δίκαιον,</span> <span class='ocrx_word' id='word_1_931' title='bbox 3537 5614 3676 5672; x_wconf 74' lang='grc' dir='ltr'><strong>ἀλλά</strong></span> 
     </span>
    </p>
   </div>
   <div class='ocr_carea' id='block_1_118' title="bbox 2059 5727 3674 5806">
    <p class='ocr_par' dir='ltr' id='par_1_118' title="bbox 2059 5727 3674 5806">
     <span class='ocr_line' id='line_1_118' title="bbox 2059 5727 3674 5806; baseline -0.001 -16"><span class='ocrx_word' id='word_1_932' title='bbox 2059 5739 2078 5769; x_wconf 79' lang='grc'><strong>³</strong></span> <span class='ocrx_word' id='word_1_933' title='bbox 2103 5735 2210 5794; x_wconf 89' lang='lat' dir='ltr'><strong>Isa.</strong></span> <span class='ocrx_word' id='word_1_934' title='bbox 2257 5753 2308 5802; x_wconf 90' lang='lat' dir='ltr'><strong>v,</strong></span> <span class='ocrx_word' id='word_1_935' title='bbox 2335 5737 2426 5793; x_wconf 74' lang='lat'><strong>20.</strong></span> <span class='ocrx_word' id='word_1_936' title='bbox 2503 5736 2570 5792; x_wconf 69' lang='grc' dir='ltr'>ἰ</span> <span class='ocrx_word' id='word_1_937' title='bbox 2599 5737 2731 5795; x_wconf 87' lang='lat' dir='ltr'><strong>Cor.</strong></span> <span class='ocrx_word' id='word_1_938' title='bbox 2769 5753 2832 5806; x_wconf 83' lang='grc' dir='ltr'><strong>ιι,</strong></span> <span class='ocrx_word' id='word_1_939' title='bbox 2855 5736 2943 5802; x_wconf 74' lang='grc'><strong>12,</strong></span> <span class='ocrx_word' id='word_1_940' title='bbox 2973 5736 3057 5791; x_wconf 80' lang='lat' dir='ltr'><strong>I5.</strong></span> <span class='ocrx_word' id='word_1_941' title='bbox 3133 5735 3154 5770; x_wconf 84' lang='grc'><strong><em>⁸</em></strong></span> <span class='ocrx_word' id='word_1_942' title='bbox 3185 5733 3346 5792; x_wconf 82' lang='lat' dir='ltr'><strong>Joan.</strong></span> <span class='ocrx_word' id='word_1_943' title='bbox 3373 5747 3507 5798; x_wconf 72' lang='lat' dir='ltr'><strong>xvu,</strong></span> <span class='ocrx_word' id='word_1_944' title='bbox 3530 5731 3588 5798; x_wconf 72' lang='grc'>2,</span> <span class='ocrx_word' id='word_1_945' title='bbox 3616 5727 3674 5788; x_wconf 66' lang='grc' dir='ltr'>δι</span> 
     </span>
    </p>
   </div>
  </div>
