4138 6396
427 429 535 490 249

1069 425 1437 484 ADVERSUS
1476 427 1819 485 ΠΕΠΕὸΕὸ
1860 430 1999 486 LIB-
2033 430 2098 487 ll.
2144 431 2308 488 TOM.
2350 433 2414 490 ll.
2441 466 2509 476 —-
2547 436 2826 494 HIERES.
2869 439 3061 497 LXIX.

3604 443 3717 502 250

427 543 591 618 ἦλθεν
623 547 704 610 εἰς
750 545 880 617 μίαν
911 545 1118 617 ἀρχὴν,
1165 548 1245 609 εἰς
1290 547 1417 617 μίαν
1457 547 1718 618 θεότητα,
1762 550 1844 613 εἰς
1889 550 2018 621 μίαν

2133 552 2239 620 ipse
2266 554 2357 617 sit,
2395 562 2454 609 ut
2487 564 2736 620 testatur,
2777 556 2890 628 Ego
2930 575 3048 612 sum
3094 559 3264 623 vita',
3319 573 3552 631 eamque
3583 573 3719 616 con-

431 641 720 711 ἁλήθειαν,
752 643 832 704 εἰς
864 639 993 711 μίαν
1037 640 1328 710 ὁμόνοιαν,
1383 643 1464 705 εἰς
1505 641 1636 711 μίαν
1681 641 2019 712 δοξολογίαν,

433 736 767 802 συναγαγεῖν
812 733 923 786 τῶν
975 732 1280 804 ἀνθρώπων
1331 734 1611 804 σωτηρίαν
1657 751 1716 787 τε
1769 736 1864 788 καὶ
1909 735 2023 789 διά-

431 843 580 879 νοιαν
595 843 608 856 ο
634 826 728 882 καὶ
747 822 980 877 ἐνώπιον
1001 823 1107 876 τῶν
1135 823 1395 894 μαθητῶν
1416 823 1507 879 τὸν
1525 825 1746 898 Πατέρα
1771 828 2019 879 αἰτεῖται.

434 917 530 980 Τίς
555 916 667 986 γὰρ
694 915 805 980 υἱὸς
841 912 992 985 παρὰ
1023 914 1231 984 πατρὸς
1272 914 1375 968 οὐκ
1414 916 1686 982 αἰτεῖται;
1720 915 1803 979 τίς
1836 915 1894 969 δὲ
1917 932 2024 969 πα-

432 1009 537 1081 τὴρ
567 1009 669 1081 υἰῴ
706 1010 766 1064 οὐ
809 1008 1026 1074 δίδωσι;
1065 1010 1217 1070 ποῖος
1262 1006 1319 1060 δὲ
1353 1007 1468 1071 υἱὸς
1513 1007 1725 1071 ἀλλοῖος
1767 1008 2026 1078 τυγχάνει

436 1103 588 1174 παρὰ
637 1103 736 1172 τὴν
774 1100 868 1154 τοῦ
919 1099 1124 1172 πατρὸς
1158 1099 1362 1169 φύσιν;
1417 1100 1528 1152 Καὶ
1563 1099 1651 1152 διὰ
1699 1098 1856 1153 τοῦτο
1899 1099 2026 1163 Υἱὸς

438 1197 734 1268 μονογενὴς
764 1196 915 1266 παρὰ
958 1193 1196 1265 Πατρὸς,
1238 1194 1454 1265 πλήρης
1492 1193 1714 1265 χάριτος
1755 1193 1850 1249 καὶ
1896 1192 2028 1262 ἀλη-

437 1288 608 1354 θείας,
637 1289 739 1342 οὐκ
785 1287 1039 1340 ὲπεδέετο
1080 1284 1173 1344 τοῦ
1225 1283 1624 1356 πληρώματος,
1658 1287 1761 1338 οὐκ
1805 1284 2028 1355 ἐλλιπὴς

435 1381 537 1450 τῆς
581 1378 864 1450 ἀληθείας,
903 1377 1039 1432 ἀλλὰ
1084 1379 1301 1450 πλήρης
1346 1377 1570 1448 χάριτος
1607 1377 1702 1431 καὶ
1746 1376 2024 1446 ἀληθείας.

449 1472 511 1536 ’0
557 1473 614 1526 δὲ
648 1473 862 1544 πλήρης
890 1471 965 1525 ὢν
1015 1449 1127 1524 καὶ.
1159 1470 1376 1532 δίδωσι,
1420 1470 1515 1524 καὶ
1555 1468 1778 1523 δύναται
1822 1467 2026 1522 δοῦναι.

437 1565 695 1621 Βούλεται
716 1566 774 1619 δὲ
806 1555 1239 1633 πάνταλὰνάγειν
1268 1563 1361 1617 ἐπὶ
1387 1563 1481 1616 τὸν
1512 1562 1752 1633 Πατέρα.
1789 1559 2030 1626 Δοξὰζει

437 1657 549 1727 τὰρ
588 1655 724 1720 Υἱὸς
760 1654 869 1709 τόν
899 1653 1135 1722 Πατέρα
1155 1671 1168 1686 ο
1200 1652 1435 1718 δοξάζει
1467 1657 1501 1708 ὁ
1540 1652 1746 1722 Πατὴρ
1780 1654 1888 1706 τὸν
1909 1656 2030 1707 Μο-

435 1747 681 1818 γογενῆ.
722 1746 870 1818 Ἐγὼ
895 1745 1006 1816 γάρ
1043 1762 1118 1800 σε
1165 1746 1433 1810 ἐδόξασα
1466 1745 1564 1799 ἐπὶ
1596 1743 1706 1813 τῆς
1741 1743 1876 1814 γῆς,
1916 1743 2032 1798 ἔλε-

436 1858 533 1910 τεν
559 1842 588 1894 6
619 1841 745 1904 Υἱὸς
781 1839 862 1910 τῷ
903 1839 1078 1912 Πατρί
1099 1855 1115 1870 ⁶
1151 1841 1245 1894 καὶ
1273 1840 1302 1892 ὁ
1337 1837 1525 1909 Πατὴρ
1571 1837 1727 1906 ἔλεγε
1757 1835 1835 1907 τῷ
1875 1835 1988 1907 Υἱῷ
2012 1850 2027 1866 ο

449 1932 750 1998 Ἐδόξασὰ
793 1947 902 1996 σε,
955 1932 1055 1986 καὶ
1097 1930 1287 1985 πάλιν
1334 1930 1596 1996 δοξάσω.
1637 1930 1752 1982 Οὐκ
1808 1928 1887 1982 ἔνι
1920 1929 2029 2000 γὰρ

435 2025 739 2092 διάστασις,
763 2027 865 2080 οὐκ
909 2023 989 2077 ενι
1032 2024 1227 2094 φθόνος
1257 2023 1532 2094 θεότητος.
1578 2022 1679 2086 Δὸς
1721 2017 1814 2077 οὖν
1846 2023 2030 2085 αὐτοῖς

436 2119 583 2189 ἔχειν
609 2117 757 2188 ζωὴν
791 2119 848 2170 ὲν
883 2118 1116 2181 ἑαυτοῖς.
1160 2117 1220 2170 '0
1253 2115 1366 2188 ζωὴ
1405 2115 1482 2171 ὢν
1511 2117 1657 2188 ζωὴν
1689 2114 1833 2169 θέλει
1878 2113 2031 2185 παρὰ

437 2208 652 2280 Πατρὸς
679 2206 998 2279 λαμϐάνειν,
1027 2208 1124 2260 καὶ
1165 2207 1368 2262 διδόναι
1393 2209 1508 2270 τοῖς
1539 2205 1830 2278 μαθηταῖς,
1865 2203 2029 2268 αὐτὸς

436 2300 514 2354 ὢν
547 2301 683 2373 ζωὴ,
716 2301 805 2354 ἵνα
861 2300 937 2381 μὴ
969 2300 1116 2371 διέλῃ
1151 2300 1253 2370 τὴν
1313 2299 1542 2371 μονάδα,
1577 2299 1664 2352 ῐνα
1714 2298 1789 2370 μὴ
1823 2296 2031 2360 σκῶλος

436 2393 664 2464 γένηται
714 2396 829 2457 τοῖς
865 2393 1171 2457 ἰουδαίοιςο
1224 2393 1312 2447 ἵνα
1350 2393 1658 2447 ἀκούσωσιν
1695 2393 1744 2446 οἱ
1787 2390 2029 2445 Ἰουδαῖοι

438 2487 592 2559 παρὰ
619 2487 716 2539 τοῦ
754 2486 972 2558 Πατρίις
1014 2485 1302 2552 αἰτοῦντα,
1337 2486 1434 2541 καί⁹
1463 2484 1674 2540 διδόντα
1709 2485 1825 2549 τοῖς
1862 2479 2028 2536 αὐτοῦ

439 2580 732 2654 μαθηταῖς.

511 2855 592 2907 Λ’.
640 2850 769 2914 Πῶς
811 2844 905 2904 οὖν
959 2849 1104 2904 αἰτεῖ
1131 2847 1223 2902 τὸν
1273 2846 1494 2919 Πατέρα
1539 2847 1568 2898 ὁ
1604 2845 1770 2910 Υἱόςς
1817 2845 1904 2909 Ὡς
1955 2843 2030 2916 μὴ

439 2948 580 3018 ἔχων
608 2945 704 3000 καὶ
731 2944 900 2999 αἰτῶν
927 2961 940 3009 ;
974 2941 1138 3012 Οὐχίθ
1163 2940 1298 2995 ἀλλὰ
1323 2939 1422 3010 τὴν
1446 2937 1647 3010 μονάδα
1673 2938 1773 3007 τῆς
1801 2936 2031 3008 Τριάδος

446 3040 750 3111 σημαίνων,
790 3037 1011 3100 τελείως
1061 3033 1409 3106 παρέχουσαν
1463 3031 1542 3102 τῷ
1584 3031 1916 3102 λαμϐάνοντι
1961 3031 2032 3084 τὰ

442 3135 591 3204 δῶρα
623 3131 770 3199 ἄξια.
803 3132 920 3184 Ἵνα
949 3130 1007 3183 δὲ
1042 3127 1283 3198 σημάνῃ,
1324 3126 1406 3178 ὅτι
1444 3125 1542 3194 μία
1569 3125 1718 3177 ἐστὶν
1752 3125 1784 3194 ἡ
1818 3122 2026 3189 θεότης,

441 3226 605 3282 πάλιν
632 3226 689 3276 ὲν
723 3223 867 3292 ἄλλῳ
893 3221 1045 3291 τόπῳ
1079 3219 1262 3273 οὐκέτι
1298 3216 1620 3286 αἰτούμενος
1649 3215 1884 3277 δίδωσιν,
1915 3214 2028 3267 ἀλλ’

441 3317 697 3387 αὑθεντίᾳ
721 3315 791 3368 τὰ
832 3314 962 3376 ῐδια,
993 3311 1071 3376 ὡς
1101 3309 1252 3382 πηγὴ
1278 3309 1353 3361 ὢν
1387 3307 1497 3362 ἀπὸ
1526 3307 1731 3379 πηγῆς,
1773 3306 1866 3358 καὶ
1897 3304 2027 3368 Θεὸς

441 3410 516 3462 ὢν
546 3411 609 3462 ἐκ
638 3406 795 3471 Θεοῦ,
819 3404 1150 3475 ἐνεφύσησεν
1183 3404 1262 3466 εἰς
1291 3401 1350 3455 τὸ
1381 3403 1673 3469 πρόσωπον
1705 3396 1904 3461 αὐτῶν,
1936 3395 2030 3450 καὶ

442 3495 564 3553 εἷπε
586 3515 600 3530 ·
632 3496 855 3552 Λάϐετε
884 3494 1128 3563 Πνεῦμα
1147 3492 1339 3561 ἅγιον.
1365 3491 1476 3544 Καὶ
1500 3488 1686 3544 ἄλλοτε
1726 3488 1899 3558 ἐπῆρε
1931 3486 2033 3549 τὰς

443 3596 652 3665 χεῖρας,
683 3591 778 3646 καὶ
807 3585 929 3643 εἷπε
949 3605 964 3620 ·
1009 3585 1233 3641 Λάϐετε
1263 3583 1508 3652 Πνεῦμα
1547 3581 1751 3651 ἅγιον·
1791 3580 1887 3632 καὶ
1919 3578 2031 3649 ἔχει

444 3687 502 3737 ἐν
537 3681 714 3752 ἑαυτῷ
748 3679 914 3752 ζωὴν,
943 3678 1033 3732 ἵνα
1070 3671 1116 3746 ᾧ
1158 3675 1407 3746 βούλεται
1439 3673 1624 3727 δοῦναι
1657 3671 1751 3743 δῷ.
1799 3672 1892 3737 Ὡς
1925 3670 2034 3742 γὰρ

445 3778 479 3830 ό
521 3773 723 3842 Πατὴρ
763 3771 891 3840 ἔχει
932 3768 1086 3837 ζωὴν
1119 3769 1191 3823 ἐν
1227 3764 1440 3830 ἐαυτῷ,
1475 3764 1630 3818 οὕτω
1677 3765 1775 3817 καί
1811 3766 1845 3817 ὁ
1902 3762 2035 3828 Υἱὸς

445 3868 570 3937 ἔχει
609 3863 766 3930 ζωὴν
811 3864 881 3916 ἐν
907 3858 1124 3926 ἑαυτῷ.
1160 3858 1272 3914 Καὶ
1320 3858 1474 3929 ὁρᾷς,
1509 3856 1590 3908 ὅτι
1635 3854 1820 3908 ἕνεκεν
1867 3853 2036 3923 τιμῆς

446 3962 582 4032 πρὸς
613 3959 706 4012 τὸν
745 3957 1000 4028 Πατέρα,
1054 3953 1146 4006 καὶ
1197 3951 1385 4004 ’ἐνεκεν
1437 3952 1566 4021 μιᾶς
1618 3948 1892 4019 ὲνότητος,
1942 3947 2037 3999 καὶ

449 4056 578 4126 μιᾶς
619 4049 948 4116 δοξολογίας,
976 4046 1070 4100 καὶ
1116 4045 1211 4098 τοῦ
1255 4044 1329 4114 μὴ
1359 4045 1487 4105 τοὺς
1522 4041 1772 4112 μαθητὰς
1818 4039 2037 4109 νομίσαι

450 4144 525 4215 μὴ
558 4143 665 4196 ἀπὸ
696 4139 791 4194 τοῦ
817 4138 954 4192 Θεοῦ
980 4137 1074 4190 τοῦ
1105 4136 1273 4205 νόμου
1309 4134 1405 4187 καὶ
1437 4133 1546 4186 τῶν
1573 4130 1872 4204 προφητῶν
1901 4147 2039 4200 παρ-

445 4235 718 4290 εκκλίνειν
767 4234 796 4286 ὁ
825 4231 1138 4301 Μονογενὴς
1184 4224 1316 4300 ἦλθε
1358 4226 1459 4289 τὰς
1508 4225 1746 4288 διανοίας
1794 4221 1902 4276 τῶν
1951 4240 2040 4276 πι-

448 4327 768 4392 στευόντων,
803 4323 998 4378 τούτου
1024 4322 1188 4375 ἕνεκα
1222 4320 1356 4383 Θεὸς
1384 4318 1481 4383 ὢν,
1513 4317 1608 4371 καὶ
1645 4313 2040 4388 προγινώσκων

445 4423 544 4495 τὴν
575 4422 683 4476 τῶν
716 4419 1020 4492 ἀνθρώπων
1064 4415 1424 4488 κακοήθειαν,
1472 4413 1564 4466 τὸν
1597 4413 1754 4481 λόγον
1787 4410 1863 4474 ὡς
1903 4411 2042 4482 πρὸς

444 4518 537 4570 τὸν
565 4514 786 4572 Πατέρα
839 4513 1069 4584 πέμπει,
1111 4511 1207 4572 καὶ
1234 4510 1333 4580 τὴν
1373 4505 1528 4572 δόξαν
1561 4505 1930 4576 ἀναφαίρετον
1965 4502 2041 4573 τῷ

445 4608 621 4678 Πατρὶ
667 4606 907 4670 δίδωσιν,
957 4604 1045 4656 ἵνα
1093 4603 1392 4672 Μανιχαῖος
1425 4597 1798 4668 καταισχυνθῇ
1841 4594 2037 4666 ἀρνού-
2069 4594 2112 4649 D

448 4713 608 4770 μενος
636 4696 730 4750 τὸν
755 4695 997 4762 Πατέρα,
1024 4693 1110 4745 ἵνα
1137 4693 1188 4745 οἱ
1217 4691 1458 4762 μαθηταὶ
1487 4687 1753 4759 μάθωσιν,
1783 4688 1866 4741 ὅτι
1896 4686 2034 4758 αὐτή

446 4791 596 4844 ἐστιν
625 4791 660 4859 ἡ
694 4788 885 4858 θεότης
925 4789 984 4840 ἐν
1018 4785 1234 4857 Παλαιᾷ
1278 4784 1373 4838 καὶ
1413 4784 1590 4852 Καινῇ
1638 4779 1915 4853 Διαθήκῃ·
1949 4780 2036 4832 ἵνα

445 4885 496 4937 οἱ
533 4882 777 4936 Ἰουδαῖοι
819 4879 1182 4952 ὲντραπῶσιν,
1212 4878 1296 4930 ὅτι
1338 4877 1438 4930 οὐκ
1466 4869 1630 4946 ἦλθεν
1664 4875 1693 4926 ὁ
1725 4871 2040 4943 Μονογενὴς

445 4974 654 5039 διδάξαι
712 4973 870 5028 ἄλλον
919 4971 1090 5035 Θεὸν,
1142 4968 1279 5024 ἀλλὰ
1321 4965 1672 5035 ἀποκαλύψαι
1722 4964 1889 5018 αὑτοῦ
1938 4965 2040 5034 τὴν

450 5068 704 5138 θεότητα,
739 5066 836 5120 καὶ
869 5063 1084 5134 Πατρὸς
1122 5059 1286 5116 αὐτοῦ
1320 5057 1415 5115 τοῦ
1451 5057 1798 5128 ἐπουρανίου.
1821 5056 1921 5120 Δὸς
1949 5051 2042 5108 οὖν

446 5163 633 5225 αὐτοῖς
677 5159 822 5230 ἔχειν
847 5157 994 5228 ζωὴν
1037 5159 1095 5209 ὲν
1131 5156 1364 5217 ἑαυτοῖς.
1410 5151 1670 5221 Καίτοιγε
1714 5151 1874 5215 αὐτὸς
1916 5151 2044 5220 ἐκή-

447 5269 612 5327 ρυττε
641 5250 849 5322 ταύτην
891 5250 993 5320 τὴν
1032 5249 1198 5318 ζωήν.
1230 5246 1360 5310 Πῶς
1389 5243 1484 5299 οὖν
1510 5247 1603 5299 τὸν
1643 5242 1866 5317 Πατέρα
1889 5243 2030 5315 ᾔτει,

446 5349 537 5400 ἶνα
563 5344 640 5417 δῷ
665 5346 852 5406 αὐτοῖς
882 5343 911 5396 ὂ
939 5341 1104 5404 αὐτὸς
1135 5340 1405 5406 ἐδίδασκε,
1431 5340 1527 5393 καὶ
1555 5338 1759 5406 ὲδίδου;
1789 5337 1902 5410 Τὴν
1931 5335 2041 5408 γὰρ

447 5439 592 5512 ζωὴν
617 5439 846 5509 ὕστερον
865 5435 1182 5505 ἀπεφήνατο
1206 5433 1381 5501 λέγων
1403 5451 1416 5464 ·
1449 5432 1632 5500 Αὕτη,
1664 5433 1850 5502 φησὶν,
1870 5431 2046 5485 ἐστὶν

447 5535 487 5600 ἡ
526 5530 639 5601 ζωὴ
658 5571 675 5597 ,
726 5531 830 5585 ἵνα
876 5526 1219 5600 γινώσκωσι
1262 5543 1338 5580 σε
1378 5525 1488 5580 τὸν
1517 5525 1711 5595 μόνον
1748 5524 2046 5593 ἀληθινὸν

449 5625 620 5679 Θεόν.

2125 641 2267 699 ferre
2291 661 2385 714 per
2413 662 2534 702 sese
2563 651 2758 719 possit,
2780 651 2924 720 juris
2979 659 3162 706 tamen
3197 666 3262 705 ac
3288 652 3520 721 justitiaa
3542 652 3714 723 legem

2126 739 2450 806 perturbare
2479 741 2693 804 noluit;
2743 741 2839 796 sed
2885 742 3094 797 idcirco
3127 742 3298 805 venit,
3341 750 3400 797 ut
3432 744 3501 798 ad
3547 759 3718 798 unum

2125 830 2457 900 principium
2517 848 2793 902 unamque
2828 833 3195 898 divinitatem,
3237 836 3545 900 veritatem,
3584 851 3720 890 con-

2126 921 2394 987 cordiam,
2419 923 2692 993 uniusque
2709 924 2898 994 gloria:
2923 925 3393 989 praedicationem,
3429 924 3730 979 hominum

2127 1014 2383 1080 salutem,
2424 1023 2776 1085 mentemque
2807 1017 3148 1071 traduceret.
3196 1013 3278 1071 Ob
3314 1015 3367 1070 id
3399 1031 3588 1070 coram
3630 1015 3719 1070 di-

2128 1105 2358 1175 scipulis
2389 1104 2538 1160 Patri
2581 1108 2896 1178 supplicare
2933 1109 3130 1163 voluit.
3161 1107 3297 1162 Nam
3322 1109 3451 1178 quis
3495 1108 3717 1164 demum

2129 1196 2274 1251 lilius
2323 1211 2354 1250 a
2391 1207 2542 1267 patre
2590 1213 2699 1253 non
2750 1199 3039 1269 postulat?
3085 1209 3178 1254 aut
3221 1202 3346 1270 quis
3403 1209 3559 1271 pater
3603 1215 3726 1256 non.

2129 1290 2244 1343 tilio
2273 1290 2543 1361 largitur?
2589 1292 2716 1361 quis
2745 1307 2913 1362 porro
2954 1292 3099 1348 lilius
3125 1309 3154 1347 a
3196 1295 3374 1361 patris
3412 1304 3611 1348 natura
3637 1294 3724 1349 di-

2129 1397 2328 1438 versus
2359 1384 2476 1438 est?
2505 1381 2802 1454 Propterea
2834 1385 3032 1440 unicus
3061 1384 3157 1439 Dei
3186 1384 3360 1442 Filius
3393 1401 3425 1440 a
3445 1384 3607 1440 Patre
3629 1401 3725 1457 ge-

2128 1472 2301 1532 nitus.
2338 1472 2533 1542 plenus
2568 1474 2757 1543 gratia:
2790 1483 2844 1529 et
2868 1474 3116 1530 veritatis
3160 1476 3204 1539 ’,
3238 1475 3451 1528 nullum
3477 1477 3725 1544 comple-

2131 1576 2380 1620 mentum
2414 1566 2752 1636 requirebat,
2793 1582 2916 1621 cum
2951 1566 3090 1621 nihil
3126 1567 3230 1638 ipsi
3270 1567 3338 1622 de
3366 1567 3600 1622 veritate
3623 1567 3724 1623 de-

2131 1667 2304 1720 esset,
2336 1657 2433 1712 sed
2471 1657 2664 1728 plenus
2694 1658 2884 1729 gratia:
2921 1674 2986 1713 ac
3010 1659 3262 1714 veritatis
3289 1658 3452 1714 foret.
3480 1657 3588 1715 Sed
3615 1659 3722 1716 etsi

2133 1751 2330 1820 plenus
2370 1754 2463 1814 sit,
2502 1758 2670 1822 atque
2703 1759 2759 1807 et
2795 1752 3066 1823 largiatur
3110 1752 3250 1822 ipse,
3281 1759 3337 1806 et
3364 1751 3555 1822 largiri
3594 1766 3725 1822 pus-

2134 1845 2232 1910 sit,
2257 1845 2619 1902 nihilominus
2642 1847 2698 1900 in
2735 1844 2951 1900 Patrem
2982 1844 3278 1900 retundere
3307 1844 3494 1900 omnia
3525 1844 3721 1901 voluit.

2129 1934 2266 1989 Nam
2296 1934 2467 1990 Filius
2507 1935 2778 2006 gloriticat
2815 1933 3038 1990 Patrem
3085 1934 3134 2001 ³,
3165 1949 3232 1988 ac
3277 1934 3520 1990 vicissim
3562 1933 3726 1990 Pater

2131 2025 2355 2079 unicum
2401 2023 2599 2079 Filium
2631 2024 2923 2096 glorilicat.
2969 2023 3088 2095 Ego
3133 2026 3273 2079 enim
3318 2025 3619 2090 clariﬁcavi
3675 2034 3742 2079 te:

2130 2131 2286 2184 super
2312 2115 2750 2188 terram‘,75ﬁ,
2765 2117 2843 2170 ait
2867 2115 3014 2170 Patri
3041 2115 3320 2184 Filius;et
3348 2115 3511 2172 Pater
3538 2114 3678 2171 Filio
3705 2131 3722 2168 :

2131 2206 2438 2277 Clariﬁcavi
2459 2218 2527 2270 te,
2551 2219 2600 2262 et
2619 2209 2810 2262 iterum
2832 2207 3142 2278 clariﬁcabo
3177 2207 3218 2261 ⁵.
3248 2206 3435 2277 Neque
3467 2209 3614 2263 enim
3641 2207 3727 2263 ul-

2131 2300 2244 2355 lum
2286 2301 2340 2354 in
2371 2299 2663 2355 Divinitate
2695 2300 3013 2364 dissidium,
3053 2307 3148 2354 aut
3188 2299 3395 2354 invidia
3427 2300 3725 2371 reperitur.

2130 2392 2230 2456 Da,
2274 2392 2474 2463 inquit,
2509 2393 2621 2447 illis
2657 2392 2865 2448 habere
2894 2393 3061 2445 vitam
3095 2393 3151 2447 in
3184 2392 3408 2464 seipsis.
3443 2391 3590 2461 Ergo
3615 2390 3739 2447 vita»

2132 2485 2251 2554 ipsa
2283 2484 2451 2539 vitam
2483 2499 2515 2538 a
2562 2481 2726 2538 Patre
2765 2482 3030 2553 postulat,
3063 2497 3229 2553 quam
3275 2497 3401 2535 cum
3437 2478 3743 2550 discipulis.

2065 2630 2067 2633 .
2131 2577 2527 2642 communicet,
2569 2591 2639 2631 ne
2681 2586 2777 2630 aut
2820 2576 3090 2631 unitatem
3147 2575 3453 2640 divideret,
3489 2581 3586 2627 aut
3631 2571 3730 2627 Ju-

2131 2669 2268 2722 daeis
2293 2666 2657 2723 offensionem
2694 2666 2982 2736 praeberet,
3010 2673 3070 2721 ut
3091 2667 3270 2737 ipsum
3298 2664 3471 2721 Judaei
3505 2679 3534 2718 a
3567 2663 3732 2720 Patre

2132 2769 2408 2832 petentem
2449 2776 2514 2816 ac
2548 2760 2843 2831 discipulis
2878 2769 3196 2829 erogantem
3229 2760 3506 2814 audirent.

2207 2852 2377 2908 XXX.
2420 2853 2710 2920 Quomodo
2757 2853 2925 2925 igitur
2973 2851 3148 2907 Filius
3184 2867 3213 2905 a
3247 2852 3408 2906 Patre
3454 2850 3748 2920 postulat?

2133 2947 2416 3017 Tanquam
2471 2947 2526 3001 id
2564 2962 2673 3018 quo
2721 2947 2944 3002 carebat
2987 2945 3249 3016 peteret?
3284 2943 3507 2998 Minime
3552 2958 3684 2998 vero
3711 2958 3743 3008 ς,

2133 3039 2226 3094 sed
2267 3037 2558 3093 Trinitatis
2611 3037 2882 3110 unitatem
2950 3035 3243 3105 expressit,
3281 3050 3402 3104 quae
3445 3045 3734 3090 consenta-

2132 3148 2233 3186 nea
2255 3131 2399 3184 dona
2432 3131 2498 3184 iis
2524 3132 2617 3200 qui
2645 3130 2923 3198 accipiunt
2950 3130 3192 3198 perfecte
3221 3129 3437 3182 tribuit.
3462 3127 3644 3198 Atque
3667 3135 3740 3182 ut

2059 3249 2102 3304 α
2133 3220 2562 3290 intelligeremus
2596 3220 2814 3272 unicam
2853 3235 2977 3272 esse
3019 3219 3388 3279 divinitatem,
3440 3216 3584 3270 idem
3614 3217 3727 3271 alio

2133 3314 2254 3368 loco
2279 3328 2386 3366 non
2411 3313 2522 3382 jam
2553 3312 2866 3382 postulans,
2887 3309 2983 3365 sed
3017 3310 3237 3380 propria
3262 3308 3592 3364 auctoritate
3610 3308 3726 3363 vel-

2134 3415 2193 3458 ut
2227 3420 2326 3460 sua
2382 3403 2634 3474 largitur,
2670 3412 2856 3472 utpote
2888 3403 3010 3456 fons
3050 3417 3115 3457 ex
3163 3401 3334 3466 futile,
3365 3416 3429 3454 ac
3478 3400 3623 3455 Deus
3661 3416 3738 3455 er.

2135 3497 2249 3553 Deo
2287 3512 2636 3568 progressus,
2674 3511 2798 3549 cum
2834 3497 3043 3550 scilicet
3073 3494 3130 3548 in
3176 3493 3576 3564 discipulorum
3609 3493 3736 3547 vulo

2134 3599 2225 3644 tus
2288 3588 2586 3658 inspirans,
2625 3586 2880 3656 Accipite,
2911 3586 3070 3648 dixit,
3109 3585 3374 3652 Spiritum
3408 3593 3653 3638 sanctum
3689 3583 3733 3638 ⁸.

2135 3683 2287 3736 Alias
2332 3678 2554 3751 quoque
2603 3681 2838 3735 sublatis
2893 3680 3169 3742 manibus,
3221 3678 3483 3746 Accipite,
3536 3676 3734 3748 inquit,

2139 3775 2399 3842 Spiritum
2426 3785 2695 3828 sanctum.
2720 3773 2852 3828 Item
2885 3792 2897 3827 :
2933 3771 3115 3826 Vitam
3149 3772 3312 3826 habet
3344 3771 3399 3824 in
3436 3771 3638 3840 seipse,
3675 3775 3740 3822 ut

2141 3867 2453 3936 cuicunque
2483 3867 2740 3930 voluerit,
2765 3865 2878 3920 det.
2905 3865 3063 3929 Nam,
3105 3864 3171 3917 Ut
3199 3863 3366 3917 Pater
3396 3864 3558 3916 vitam
3582 3861 3737 3914 habet

2142 3963 2195 4013 in
2229 3960 2418 4028 seipso,
2453 3961 2530 4012 sic
2554 3969 2602 4013 et
2641 3958 2817 4012 Filius
2834 3958 3074 4012 eamdem
3104 3957 3259 4010 habet
3284 3957 3339 4009 in
3370 3971 3481 4008 sese
3504 3955 3545 4008 ⁷.
3571 3951 3747 4008 Vides

2141 4055 2306 4126 igitur
2334 4051 2818 4123 quemadmodum,
2869 4059 2928 4104 ut
2971 4045 3427 4109 lionoren'nPatri
3475 4045 3740 4108 deferret,

2144 4159 2308 4216 atque
2342 4153 2402 4198 ut
2442 4145 2778 4214 singularem
2816 4159 2938 4198 esse
2981 4141 3348 4203 divinitatem,
3397 4139 3742 4210 gloriamque

2143 4238 2543 4308 signiﬁcarent,
2574 4247 2688 4291 tum
2720 4251 2789 4289 ne
2817 4235 3074 4304 discipuli
3100 4234 3169 4288 ab
3193 4234 3330 4302 legis
3353 4233 3504 4287 illum
3531 4240 3583 4286 et
3607 4245 3740 4301 pro-

2145 4331 2434 4400 phetarum
2473 4328 2583 4383 Deo
2612 4327 2856 4382 ﬁdelium
2887 4327 3105 4381 animos
3135 4341 3399 4380 revocare
3438 4323 3576 4378 velle
3613 4323 3740 4376 uni-

2145 4438 2270 4476 cum
2297 4421 2390 4475 Dei
2422 4419 2622 4474 Filium
2651 4419 2963 4484 crederent,
3005 4433 3130 4472 cum
3171 4417 3314 4471 idem
3351 4417 3442 4471 ille
3481 4415 3623 4470 Deus
3650 4429 3740 4469 es-

2148 4523 2250 4578 set,
2275 4520 2329 4570 et
2357 4514 2640 4566 hominum
2679 4510 3088 4580 improbitatem
3114 4515 3496 4579 cognosceret,
3528 4507 3740 4562 oratio-

2143 4621 2268 4660 nem
2306 4605 2373 4659 ad
2413 4603 2633 4657 Patrem
2667 4603 3036 4665 converterit,
3093 4602 3256 4671 cique
3299 4600 3560 4671 gloriam,
3601 4591 3747 4667 qua:

2144 4696 2347 4752 auferri
2371 4697 2521 4751 nullo
2539 4693 2704 4750 modo
2728 4702 2910 4766 potest
2943 4695 3232 4760 tribuerit;
3255 4702 3313 4747 ut
3330 4699 3383 4747 et
3404 4689 3745 4745 Maniclueus

2143 4786 2383 4868 ille..qui
2419 4785 2637 4840 Patrem
2677 4786 2937 4856 abnegat,
2977 4785 3358 4846 erubesceret,
3389 4789 3445 4837 et
3475 4781 3742 4852 discipuli

2143 4879 2391 4934 eatndem
2417 4878 2472 4931 in
2501 4877 2682 4932 Veteri
2712 4875 2976 4946 Novoque
3005 4874 3362 4930 Testamento
3393 4874 3752 4928 divinitatem.

2145 4989 2271 5029 esse
2298 4973 2606 5040 discerent;
2639 4971 2877 5043 denique
2903 4979 2963 5026 ut
2995 4970 3199 5026 Judaeis
3232 4971 3494 5041 pudorem
3527 4971 3742 5025 incute-

2148 5075 2253 5130 ret,
2300 5066 2430 5121 dum
2478 5066 2980 5121 animadverterent
3013 5079 3123 5119 non
3172 5065 3402 5118 alterius
3447 5062 3742 5131 cujusdam

2149 5160 2245 5214 Dei
2283 5160 2617 5231 praedicandi
2657 5160 2833 5225 gratia
2874 5159 3095 5214 venisse
3139 5155 3354 5220 Filium,
3399 5157 3494 5211 sed
3542 5163 3602 5209 ut
3633 5163 3743 5210 tam

2152 5269 2334 5316 suam,
2367 5269 2534 5323 quam
2571 5253 2816 5308 cmlestis
2861 5251 2945 5307 sui
2980 5250 3233 5305 Parentis
3265 5249 3610 5304 divinitatem
3647 5246 3745 5302 de-

2144 5351 2378 5413 tegeret.
2432 5342 2510 5396 Da
2558 5343 2759 5415 igitur,
2810 5342 3018 5412 inquit,
3059 5341 3168 5395 illis
3216 5340 3382 5394 vitam
3433 5337 3638 5392 habere
3687 5337 3744 5390 in

2143 5438 2366 5506 seipsis.
2405 5437 2575 5508 Atqui
2625 5437 2766 5491 hanc
2799 5439 2975 5506 ipsam
3031 5435 3196 5488 vitam
3240 5431 3332 5488 ille
3380 5429 3740 5500 praedicabat.

2145 5527 2257 5583 Cur
2291 5529 2464 5600 igitur
2488 5546 2519 5584 a
2558 5526 2723 5585 Patre
2763 5526 3092 5598 postulabat,
3128 5533 3189 5579 ut
3227 5523 3330 5578 hoc
3365 5521 3474 5577 illis
3507 5519 3733 5575 confer—
3773 5549 3780 5571 ε

2147 5628 2254 5683 ret,
2300 5621 2448 5692 quod
2476 5623 2592 5693 ipse
2619 5622 2847 5676 doceret
2881 5635 2946 5674 ac
2980 5617 3287 5673 tribueret?
3308 5613 3469 5682 Nam,
3497 5611 3646 5685 quod
3675 5611 3746 5666 ad

447 5716 614 5768 vitam
645 5713 859 5776 attinet,
892 5711 1036 5766 hanc
1062 5710 1181 5781 ipse
1207 5718 1393 5780 postea
1419 5707 1742 5764 declaravit.
1773 5707 1902 5764 Haec
1926 5719 2029 5774 est,
2062 5711 2160 5778 ait,
2197 5713 2329 5778 vita,
2354 5722 2412 5766 ut
2442 5722 2762 5783 cognoscant
2787 5720 2834 5766 te
2865 5711 3040 5765 solum
3077 5724 3256 5763 verum
3293 5704 3459 5762 Deum
3489 5704 3533 5759 ⁸.

521 5835 536 5864 ¹
571 5832 730 5890 Joan.
762 5848 840 5897 xi,
869 5831 973 5893 25;
1005 5847 1114 5890 xw.
1140 5844 1195 5884 ο.
1274 5831 1294 5860 ⁸
1327 5827 1485 5883 Joan.
1514 5831 1669 5895 1.14.

445 5902 538 5960 22.
611 5903 634 5938 ⁷
662 5901 824 5962 Joan.
855 5921 908 5975 ν,
924 5903 1015 5961 26.
1091 5902 1114 5936 ⁸
1142 5899 1305 5958 Joan.
1329 5916 1460 5970 xvu,
1492 5900 1544 5956 5.

1764 5830 1784 5864 ⁸
1815 5829 1975 5887 Joan.
2004 5848 2116 5900 xw,
2149 5832 2236 5893 i5.
2317 5832 2518 5891 ‘Joan.
2555 5847 2692 5902 xvu,
2726 5830 2780 5886 4.
2859 5831 2878 5863 ⁸
2911 5827 3073 5885 Joan.
3109 5840 3211 5900 xu,
3239 5823 3340 5879 28..
3409 5817 3615 5878 ‘Joan.
3647 5834 3759 5886 xx,
