4138 6396
408 350 512 415 2151

1825 353 1883 408 S.
1927 351 2276 406 EPIPIIANII

3587 352 3704 409 2351'

484 472 680 528 XXXI.
713 472 810 528 Ilic
839 474 1007 528 Arius
1048 472 1281 543 ejusque
1313 472 1558 527 fautores
1588 473 1889 536 exsultant,
1917 480 1999 527 at-

2173 473 2303 525 AA'.
2332 465 2465 523 Εἷτα
2493 472 2522 523 6
2560 470 2779 541 Ἄρειος
2826 468 2918 523 καὶ
2950 472 2999 523 oi
3044 472 3140 525 ἀπ’
3174 470 3340 524 αὐτοῦ
3375 471 3693 543 ἀναπηδῶσι

411 582 517 633 que
545 581 614 620 ex
646 566 750 619 hac
784 580 939 630 voce,
974 579 1234 635 magnum
1267 580 1329 621 se
1362 564 1429 618 ad
1457 564 1880 635 oppugnandam
1907 582 2000 620 ve-

413 658 631 748 ritatem
677 658 1054 727 adjumentum
1108 666 1304 713 nactos
1358 665 1571 728 putant.
1615 656 1751 712 Nam
1804 659 1998 725 solum,

414 751 693 820 inquittnt,
725 767 902 806 verum
918 750 1085 804 Deum
1105 751 1416 821 appellavit.
1450 749 1610 821 Ergo,
1633 751 1880 813 utvides,
1911 767 1997 807 so-

2103 564 2191 619 διὰ
2217 564 2313 634 τῆς
2342 561 2564 627 λέξεως,
2583 562 2659 626 ὥς
2684 579 2739 615 τι
2768 562 2913 615 κατά
2936 562 3038 632 τῆς
3069 563 3329 634 ἀληθείας
3367 564 3660 634 εὑράμενοι
3678 580 3691 592 ’

2103 658 2185 709 ὅτι
2212 652 2359 721 εἷπε,
2393 656 2608 725 μόνον,
2640 656 2807 725 φησὶ,
2839 655 2947 709 τὸν
2986 657 3280 723 ἀληθινὸν
3314 657 3482 710 Θεόν.
3531 656 3696 729 Ὁρᾷς

2103 750 2304 813 τοίνυν,
2331 749 2413 802 ὅτι
2462 749 2623 819 μόνος
2666 750 2813 802 ἐστὶν
2843 752 2872 803 6
2910 749 3099 821 Πατὴρ
3123 751 3152 803 6
3199 750 3473 821 ἀληθινός.
3526 750 3695 820 Ἐρω-

415 842 503 898 lus
536 841 700 899 Pater
743 859 906 898 verus
934 842 1079 897 Deus
1110 850 1215 898 est.
1255 842 1416 914 755
1461 841 1565 898 Sed
1608 858 1713 899 nos
1752 844 2000 899 vicissim

2105 842 2286 911 τῶμεν
2323 841 2379 895 δὲ
2410 842 2554 912 ὑμᾶς
2587 843 2682 896 καὶ
2710 842 2890 896 αὐτοίο
2928 843 2993 895 Τί
3017 839 3108 897 οὖν
3130 860 3265 912 φατε
3293 860 3307 909 ;
3339 845 3516 908 Μόνος
3543 844 3695 898 ἐστὶν

415 935 539 991 illos
572 937 977 1005 interrogamus
1015 934 1322 1001 :Quidnam
1357 937 1523 1007 igitur
1561 937 1785 991 dicitis?
1814 935 1999 1001 Solus,

415 1022 694 1094 inquiunt,
732 1022 892 1078 Pater
922 1041 1083 1079 verus
1118 1032 1221 1079 est.
1252 1024 1394 1089 Quid
1425 1041 1557 1097 ergo
1585 1026 1652 1082 de
1680 1026 1823 1083 Filio
1853 1027 2001 1083 dice-

415 1130 540 1171 mus
566 1114 588 1168 ?
613 1114 727 1168 Non
765 1123 849 1170 est
877 1131 1044 1172 verus
1072 1116 1288 1173 Filius?
1316 1118 1372 1171 Si
1403 1135 1567 1174 verus
1597 1135 1705 1176 non
1731 1128 1839 1186 est,
1880 1123 2001 1176 ina-

414 1205 504 1260 nis
552 1214 637 1263 est
688 1206 822 1261 fides
868 1217 1100 1273 nostra;
1132 1223 1272 1263 vana
1320 1216 1405 1265 est
1446 1217 1502 1264 et
1529 1210 1673 1280 apud
1716 1227 1819 1268 nos
1858 1211 2003 1266 facta

414 1295 751 1368 praedicatio.
787 1296 896 1354 Vcs
923 1309 1103 1354 autem
1129 1315 1195 1354 eo
1225 1300 1447 1356 tandem
1466 1303 1805 1375 redigemini,
1823 1312 2002 1360 utnon

414 1389 536 1445 sine
565 1390 771 1459 ingenti
808 1391 862 1444 in
911 1389 1082 1446 Deum
1124 1395 1478 1459 contumelia,
1514 1411 1635 1465 qua:
1678 1405 1917 1453 vestrum
1946 1400 2006 1454 in

412 1490 577 1552 caput
614 1482 842 1544 recidat,
871 1482 963 1536 Dei
996 1481 1195 1538 Filium
1238 1488 1704 1542 exsecrandorum
1746 1504 1811 1545 ac
1855 1491 2005 1546 dete-

414 1573 740 1630 standorum
766 1576 1189 1631 simulacrorum
1215 1578 1361 1633 haud
1379 1579 1702 1635 dissimilem
1726 1583 2001 1639 statuatis.

414 1661 490 1719 De
528 1664 731 1734 quibus
779 1665 834 1719 in
879 1680 1073 1720 eorum
1110 1667 1205 1736 qui
1254 1667 1468 1740 decepti
1512 1669 1730 1725 fuerant
1772 1687 2006 1742 persona

414 1757 694 1827 propheta:
723 1771 850 1812 cum
886 1757 1211 1828 loquuntur,
1242 1761 1489 1817 eamdem
1512 1778 1677 1833 quam
1712 1779 1812 1820 vos
1835 1766 1889 1819 in
1912 1765 2005 1820 Dei

2103 938 2132 987 6
2172 933 2362 1005 Πατὴρ
2393 934 2422 985 6
2473 934 2751 1004 ἀληθινός.
2798 935 2858 988 ’0
2891 934 2947 987 δὲ
2978 935 3105 999 Υἱὸς
3133 935 3185 987 τί
3222 934 3329 1006 ἄρα
3366 935 3548 1002 ἐσται;
3580 937 3694 990 Οὐκ

2105 1021 2251 1073 ἔστιν
2284 1019 2539 1092 ἀληθινὸς
2562 1024 2590 1074 6
2621 1022 2786 1089 Υἱός;
2818 1024 2881 1077 El
2913 1025 3013 1077 οὐκ
3040 1024 3188 1079 ἔστιν
3218 1025 3468 1095 ἀληθινὸς
3494 1029 3522 1080 6
3542 1027 3691 1091 Υἱὸς,

2108 1111 2311 1181 ματαία
2347 1114 2379 1182 ἡ
2418 1112 2603 1176 πίστις
2652 1113 2835 1185 ἡμῶν,
2890 1115 3118 1184 μάταιον
3155 1116 3216 1168 τὸ
3261 1118 3319 1169 ὲν
3345 1118 3479 1187 ἡμῖν
3518 1119 3692 1188 κήρυ-

2104 1220 2221 1273 γμα
2238 1220 2249 1231 ·
2270 1203 2633 1275 εὑρεθήσεσθε
2663 1206 3052 1270 ἀπεικάζοντες
3074 1208 3164 1261 τὸν
3189 1208 3335 1273 Υἱὸν,
3365 1207 3503 1281 [τοῦ]
3533 1209 3696 1280 βλασ-

2107 1297 2416 1368 φημοῦντες
2467 1296 2589 1351 καθ’
2636 1298 2884 1364 ἑαυτῶν,
2939 1302 3051 1363 τοῖς
3088 1299 3396 1370 ἀνωνύμοις
3433 1302 3525 1354 καὶ
3569 1300 3695 1353 ἀθεο

2109 1388 2285 1458 μίτοις
2313 1387 2579 1452 εἰδώλοις,
2622 1384 2702 1453 οἷς
2737 1391 2968 1468 εἴρηκαν
3006 1370 3057 1442 ὀι
3108 1391 3386 1461 προφῆται
3426 1392 3491 1443 ἐκ
3527 1406 3696 1461 προσ-

2105 1480 2256 1535 ώπου
2284 1482 2397 1536 τῶν
2435 1484 2833 1555 ἠπατημένων,
2874 1482 2952 1544 ὡς
2991 1485 3220 1547 ἕκαστος
3259 1482 3369 1535 τῶν
3399 1482 3698 1556 προφητῶν

2106 1576 2205 1646 τῆς
2244 1576 2445 1644 λέξεως
2496 1577 2702 1649 ταύτης
2743 1578 3062 1649 ἐπεμνήσθη
3096 1577 3290 1646 λέγων,
3319 1577 3516 1643 καὶτὸ,
3549 1578 3697 1631 Ψευ-

2106 1667 2219 1733 δεῖς
2269 1670 2533 1741 ἐποίησαν
2584 1672 2800 1733 ἑαυτοῖς
2833 1670 2991 1735 θεοὺς
3035 1672 3086 1724 οι
3122 1670 3355 1743 πατέρες
3391 1670 3566 1742 ὑμῶν,
3601 1670 3698 1724 καὶ

2107 1760 2325 1830 ψευδεῖς
2377 1762 2629 1829 ἐγένοντο
2660 1764 2710 1816 οἱ
2765 1763 2965 1834 βουνοί.
3016 1764 3161 1834 Ἀρα
3205 1759 3299 1817 οὖν
3338 1764 3433 1816 καὶ
3462 1765 3491 1816 6
3522 1763 3697 1817 Μονοι-

410 1843 553 1902 Filio
581 1864 768 1904 vocem
793 1849 1195 1918 adhibuerunt;
1223 1853 1372 1907 velut
1401 1853 1456 1907 in
1484 1853 1588 1909 hoc
1618 1856 1736 1911 loco
1774 1872 1788 1908 :
1818 1855 2002 1913 Falsos

2111 1851 2274 1922 γενὴς
2301 1854 2431 1924 παρ’
2461 1853 2589 1924 ὑμῖν
2622 1854 2794 1918 οὕτως
2832 1854 3098 1924 κρίνεται,
3127 1853 3220 1907 καὶ
3246 1852 3420 1916 οὕτως
3454 1851 3696 1923 αἰσχρῶς

413 1940 519 1995 sibi
554 1940 802 1997 fecerunt
828 1941 961 1998 deos
989 1950 1172 2013 patres
1214 1947 1403 2008 vestri.
1438 1947 1731 2005 mendaces
1778 1948 2003 2006 fuerunt

410 2033 628 2089 colles‘.
654 2034 935 2105 Ejusmodi
966 2037 1196 2108 proinde
1231 2037 1324 2094 Dei
1354 2036 1531 2095 Filius
1553 2055 1583 2094 a
1609 2041 1768 2097 vobis
1797 2043 2007 2098 consti-

411 2124 607 2188 tuitur,
642 2141 708 2179 ac
749 2135 859 2181 tam
891 2125 961 2183 de
1002 2143 1069 2184 eo
1104 2130 1367 2200 turpiter,
1388 2131 1482 2201 qui
1525 2146 1625 2186 vos
1667 2132 1922 2199 redemit,
1954 2134 2004 2189 si

413 2222 595 2272 tamen
630 2218 944 2285 redemerit,
974 2222 1250 2293 cogitatis.
1287 2221 1560 2289 Quocirca
1597 2225 1734 2281 nihil
1776 2227 1844 2281 ad
1885 2227 2006 2297 ejus

412 2308 627 2361 caulam
654 2312 967 2379 pertinetis,
1004 2328 1128 2368 cum
1160 2330 1257 2369 vos
1290 2312 1629 2372 Salvatorem
1664 2329 1930 2381 vestrum,
1974 2334 2004 2374 a

411 2411 522 2471 quo
559 2401 728 2470 empti
771 2404 929 2467 estis,
968 2404 1275 2475 abnegetis.
1315 2406 1523 2460 Etenim
1559 2407 1605 2461 si
1655 2422 1820 2463 verus
1861 2407 2005 2465 Deus

410 2505 522 2546 non
560 2500 665 2556 est,
696 2510 872 2565 neque
905 2498 1223 2556 adorandus
1256 2510 1359 2557 est.
1397 2499 1456 2555 Si
1500 2510 1723 2559 creatus
1744 2512 1850 2567 est,
1892 2521 2004 2560 non

410 2591 497 2639 est
527 2583 690 2640 Deus.
726 2584 883 2653 Quod
918 2590 966 2644 si
998 2591 1223 2647 minime
1259 2593 1573 2650 adorandus
1603 2598 2005 2666 est,quomodo

412 2672 558 2732 Deus
579 2693 704 2734 esse
725 2682 1092 2751 praedicatur?
1130 2682 1375 2739 Desinite
1408 2686 1593 2757 itaque
1624 2702 1723 2742 vos
1756 2690 1999 2756 tandem,

411 2769 506 2838 qui
528 2786 726 2826 novam
755 2772 846 2826 hic
869 2772 1203 2846 Babylonem
1233 2777 1579 2842 instauratis,
1613 2793 1677 2833 ac
1702 2778 2000 2835 Nabucho-

411 2861 702 2920 donosoris
727 2865 958 2937 eﬂigiem
990 2878 1153 2939 atque
1180 2872 1476 2941 imaginem
1507 2872 1745 2941 erigitis,
1775 2873 1870 2943 qui
1909 2888 2002 2929 ce-

412 2953 757 3012 leberrimam
807 2959 949 3013 hanc
992 2960 1177 3015 tubam
1221 2963 1486 3032 cogendis
1532 2965 1800 3019 militibus
1842 2964 2002 3019 inﬂa-

409 3046 505 3109 tis,
541 3048 634 3117 qui
671 3050 919 3106 subdolis
958 3053 1159 3108 vestris
1182 3056 1433 3119 vocibus,
1474 3062 1736 3125 tanquam
1772 3057 2001 3114 musicis

410 3136 818 3206 instrumentis,
871 3144 1138 3214 cymbalis
1177 3153 1230 3200 et
1258 3147 1535 3216 psalteriis
1564 3148 1797 3218 populos
1831 3148 1886 3203 in
1927 3148 2003 3203 la-

409 3244 569 3300 psum
619 3246 972 3303 erroremque
1003 3237 1379 3307 prazcipitatis,
1433 3254 1573 3309 quos
1617 3240 1840 3309 imagini
1886 3257 2003 3296 ser-

410 3319 522 3374 vire
554 3321 734 3389 potius
757 3339 921 3393 quam
956 3324 1063 3381 Deo
1083 3344 1147 3381 ac
1171 3328 1383 3382 veritati
1407 3329 1671 3399 jubetis’.
1693 3329 1830 3397 Quis
1856 3333 2003 3389 enim

411 3414 644 3483 perinde
695 3432 855 3472 verus
896 3428 979 3473 cst
1021 3422 1159 3473 alter
1198 3436 1263 3474 ac
1315 3420 1407 3476 Dei
1452 3420 1663 3477 Filius?
1698 3422 1842 3477 Nam
1885 3425 2003 3494 quis

411 3506 707 3571 a'quabitur
739 3507 963 3563 Domino
1008 3510 1062 3563 in
1094 3512 1225 3580 ﬁliis
1249 3511 1345 3567 Dei
1370 3514 1488 3583 '(ut
1511 3513 1792 3584 Scriptura
1830 3516 2005 3585 loqui-

410 3603 545 3667 tur);
588 3607 642 3654 et
675 3620 687 3655 :
726 3601 877 3655 Alter
931 3619 1051 3656 cum
1090 3606 1205 3673 ipso
1253 3606 1466 3660 minime
1519 3606 1918 3675 comparabitur
1958 3608 2001 3663 ’⁵.

411 3690 555 3759 Quid
581 3693 787 3762 porro?
818 3692 887 3749 Ut
916 3695 984 3750 de
1002 3694 1140 3752 Filio
1169 3713 1477 3753 sermonem
1513 3716 1638 3756 esse
1672 3716 2001 3771 cognoscas,

411 3785 674 3855 deinceps
708 3785 814 3841 ista
850 3788 1087 3857 subjecit
1128 3807 1141 3842 :
1175 3788 1386 3844 Invenit
1423 3808 1630 3846 omnem
1662 3794 1802 3846 viam
1833 3795 2006 3847 scien-

410 3878 522 3943 tia,
562 3886 611 3932 et
653 3877 796 3932 dedit
829 3880 982 3933 illaut
1009 3882 1054 3936 ⁸.
1098 3881 1235 3936 Τυιη
1282 3891 1469 3953 postea
1518 3905 1529 3939 ε
1564 3884 1630 3938 In
1674 3896 1818 3939 terra
1865 3890 2005 3941 visus

407 3979 512 4034 est,
541 3981 736 4024 etcum
774 3972 1072 4028 hominibus
1112 3987 1449 4030 conversatus
1484 3987 1562 4031 est
1597 3979 1640 4033 ⁸.
1666 3977 1859 4034 Nonne
1893 3979 2006 4033 haec

408 4079 540 4119 vere
559 4064 628 4119 de
657 4065 752 4119 illo
781 4066 929 4120 dicta
976 4069 1143 4122 sunt?
1173 4070 1265 4139 qui
1296 4078 1353 4124 et
1390 4070 1458 4125 de
1489 4086 1549 4125 se
1599 4079 1833 4126 testatus
1868 4080 1954 4127 est
1989 4090 2002 4126 :

410 4155 525 4228 Ego
552 4173 670 4210 sum
707 4158 902 4213 veritas
934 4160 980 4215 ⁷.

484 4247 700 4304 XXXII.
726 4250 797 4304 At
817 4252 963 4306 enim
989 4252 1141 4309 dices
1178 4271 1193 4308 :
1221 4253 1334 4309 Cur
1358 4253 1450 4311 Dei
1482 4254 1654 4312 Filius
1679 4273 1841 4314 verus
1860 4259 2007 4319 Deus

2110 1943 2356 2015 περὶτοῦ
2401 1944 2833 2016 ἐξαγοράσαντος
2869 1945 3036 2015 ὑμᾶς,
3073 1943 3189 2013 εἴγε
3221 1944 3542 2015 ἐξηγόρασε,
3577 1943 3697 1997 διαο

2110 2036 2337 2092 νοεῖσθε.
2371 2037 2572 2091 Οὐκέτι
2598 2038 2655 2091 δὲ
2684 2038 2782 2109 τῆς
2812 2035 2978 2090 αὑτοῦ
3011 2034 3293 2099 ὲπαύλεὼς
3328 2038 3473 2102 ὲστε,
3502 2034 3698 2105 ἀρνού-

2112 2147 2264 2202 μενοι
2295 2130 2389 2184 τὸν
2421 2130 2576 2201 ὑμῶν
2614 2129 2867 2202 Σωτῆρα,
2898 2130 2991 2182 καὶ
3018 2129 3110 2183 τὸν
3141 2128 3492 2201 ἀγοράσαντα
3527 2129 3692 2199 ὑμᾶς.

2094 2216 2172 2276 Ἐἰ
2221 2221 2333 2293 γάρ
2375 2223 2477 2276 οὒκ
2509 2221 2661 2277 ἐστιν
2712 2221 2967 2289 ἀληθινὸς
2997 2224 3027 2276 6
3063 2222 3235 2287 Θεὸς,
3283 2221 3408 2275 οὔτε
3454 2238 3703 2293 προσκυοι

2108 2314 2268 2386 νητός
2297 2315 2434 2370 ἐστι.
2477 2315 2589 2369 Καὶ
2633 2315 2683 2368 εἰ
2736 2314 2851 2369 ἐστι
2898 2315 3149 2380 κτιστὸς,
3199 2315 3260 2368 οὐ
3294 2315 3447 2379 Θεὸς.
3484 2316 3596 2369 Καὶ
3645 2315 3696 2368 εἰ

2106 2407 2206 2460 οὐκ
2238 2406 2363 2460 ’ἔστι
2394 2407 2792 2479 προσκυνητὸς,
2826 2404 2945 2470 πῶς
2985 2407 3095 2479 ἀρα
3135 2406 3503 2476 θεολογεῖται,
3543 2406 3695 2460 Παύ-

2108 2500 2296 2566 σασθε,
2332 2501 2383 2554 οἱ
2417 2500 2578 2554 πάλιν
2631 2499 2729 2571 τὴν
2764 2498 2926 2569 φύσιν
2964 2498 3324 2571 ἐργαζόμενοι
3365 2498 3465 2571 τὴν
3515 2499 3697 2552 Βαϐυ-

2104 2593 2299 2648 λωνίαν
2326 2596 2370 2660 ’,
2417 2596 2466 2648 οἱ
2512 2594 2611 2664 τὴν
2663 2593 2851 2647 εἰκόνα
2894 2594 2989 2646 καὶ
3034 2592 3126 2646 τὸν
3161 2595 3331 2646 τύπον
3380 2592 3695 2664 ἐγείραντες

2103 2685 2201 2740 τοῦ
2252 2685 2743 2756 Ναϐουχοδονόσορ,
2783 2684 2833 2737 οἱ
2882 2684 2982 2754 τὴν
3012 2683 3448 2755 πολυθρύλλητον
3489 2683 3693 2756 ταύτην

2107 2778 2383 2848 σάλπιγγα
2402 2778 2597 2831 ἕνωσιν
2627 2778 2672 2809 ¹⁰
2697 2775 2805 2830 τῶν
2829 2775 3208 2848 πολεμούντων
3237 2775 3612 2841 σαλπίζοντες,
3644 2777 3696 2831 οἱ

2105 2871 2165 2924 ὲν
2203 2873 2485 2942 μουσικοῖς
2512 2871 2608 2923 καὶ
2640 2870 2699 2923 ὲν
2731 2867 3052 2939 κυμϐάλοις,
3087 2868 3181 2922 καὶ
3218 2870 3276 2923 ὲν
3300 2868 3585 2942 ψαλτηρίῳ
3607 2868 3697 2923 διὰ

2103 2962 2212 3016 τῶν
2265 2961 2702 3033 πεπλανημένων
2731 2961 2883 3032 ὑμῶν
2916 2960 3179 3033 ῥημάτων
3215 2965 3295 3026 εἰς
3336 2962 3543 3016 πτῶσιν
3568 2964 3695 3025 τοὺς

2105 3054 2273 3118 λαοὺς
2302 3054 2580 3126 φέροντες.
2618 3055 2787 3108 εικόνι
2813 3054 3016 3126 μᾶλλον
3037 3053 3321 3109 δουλεῦσαι
3343 3054 3697 3125 παρασκευά-

2107 3147 2292 3211 ζοντες
2337 3147 2482 3218 ἥπερ
2533 3146 2654 3216 Θεῷ
2700 3148 2795 3200 καὶ
2839 3146 3090 3218 ἀληθείᾳ.
3144 3148 3256 3200 Καὶ
3304 3146 3390 3211 τίς
3443 3145 3697 3218 ἀληθινὸς

2107 3243 2317 3316 ἔτερος,
2341 3243 2416 3307 ὡς
2442 3245 2471 3296 6
2496 3243 2624 3306 Υἱὸς
2654 3242 2748 3295 τοῦ
2790 3242 2924 3296 Θεοῦ
2950 3263 2965 3311 ;
3007 3243 3101 3309 Τίς
3125 3244 3235 3314 γὰρ
3264 3241 3698 3310 ἐξισωθήσεται

2106 3336 2187 3402 τῷ
2238 3338 2437 3406 Κυρίῳ
2481 3337 2551 3390 ἐν
2601 3336 2753 3402 υἱοῖς
2785 3337 2965 3400 Θεοῦ;
3014 3338 3178 3407 φησιν
3215 3339 3249 3408 ή
3298 3337 3527 3407 Γραφή·
3565 3335 3695 3401 καὶ,

2108 3431 2356 3498 Ἕτερος
2411 3430 2563 3499 πρὸς
2618 3431 2807 3485 αὐτὸν
2838 3432 2911 3485 οὐ
2963 3430 3413 3501 λογισθήσεται.
3474 3430 3585 3483 Καὶ
3641 3429 3696 3482 τι

2108 3537 2314 3591 φησιν;
2345 3522 2463 3574 Ἵνα
2503 3520 2640 3592 ἴδῃς,
2671 3521 2755 3573 ὅτι
2790 3520 3040 3592 περὶτοῦ
3084 3519 3214 3573 Υἱοῢ
3255 3520 3427 3589 λέγει,
3459 3519 3696 3590 καθεξῆς

2105 3612 2463 3685 διηγούμενός
2495 3630 2660 3685 φησιν
2682 3632 2694 3645 ο
2737 3613 2979 3682 Ἐξεῦρε
3022 3612 3231 3669 πᾶσαν
3267 3613 3412 3668 ὁδὸν
3449 3613 3695 3680 ἐπιστή-

2102 3724 2255 3776 μης.
2305 3706 2404 3760 καὶ
2449 3705 2679 3761 ἔδωκεν
2722 3704 2949 3773 αὑτήν·
2996 3706 3091 3759 καὶ
3137 3705 3275 3776 μετά
3319 3704 3521 3759 ταῦτα’
3572 3705 3696 3758 Ἐπὶ

2108 3798 2221 3868 γῆς
2271 3799 2461 3868 ὤφθη,
2501 3798 2600 3852 καὶ
2655 3798 2781 3865 τοῖς
2825 3784 3160 3867 ἀνθρώποις
3201 3798 3692 3867 συνανεστρὰφη.

2108 3890 2233 3955 Πῶς
2258 3887 2352 3945 οὖν
2381 3891 2481 3944 οὐκ
2522 3889 2795 3962 ἀληθινῶς
2826 3891 2965 3962 πρὸς
2986 3890 3147 3944 αὑτὸν
3177 3888 3351 3944 ταῦτα
3395 3890 3641 3962 εἴρηταις
3669 3891 3705 3943 6

2109 3986 2203 4038 καὶ
2232 3985 2435 4054 λέγων·
2478 3984 2629 4054 Ἐγώ
2650 3987 2766 4054 ειμι
2798 3986 2836 4054 ἠ
2866 3984 3138 4051 ἀλήθεια.

2180 4255 2303 4309 ΛΒ⁹.
2348 4253 2488 4308 Ἀλλ’
2520 4255 2665 4325 ἐρεῖς
2695 4264 2815 4324 μοι·
2854 4252 2978 4315 Πῶς
3004 4246 3155 4304 εἶπεν
3179 4249 3289 4322 (94)
3321 4251 3349 4302 6
3386 4247 3696 4330 Μονογενὴς

410 4341 488 4395 ita
517 4341 787 4412 loquitur:
818 4340 886 4397 Ut
911 4354 1234 4414 cognoscant
1264 4357 1311 4400 te
1329 4348 1505 4401 solum
1543 4364 1721 4402 verum
1745 4350 1914 4405 Deum
1939 4355 1999 4406 ’ἲ

2108 4346 2364 4418 ἀληθινὸς
2422 4346 2589 4409 Θεός·
2641 4345 2779 4400 Ἵνα
2832 4343 3176 4415 γινώσκωσί
3221 4358 3296 4397 σε
3353 4342 3461 4396 τείν
3502 4342 3697 4411 μόνον

409 4430 491 4509 Nc
505 4434 722 4488 scilicet
748 4434 978 4489 deorum
1002 4435 1129 4507 fingi
1162 4438 1324 4491 turba
1357 4448 1581 4508 posset;
1609 4455 1677 4494 ne
1708 4442 1890 4497 vitalis
1910 4458 2002 4497 co-

2108 4438 2403 4507 ἁληθινὸν
2445 4438 2631 4501 Θεόν;
2676 4438 2793 4489 Ἵνα
2847 4435 2923 4508 μὴ
2970 4435 3228 4493 πολυθεῖα
3275 4433 3576 4505 νομισθείη,
3609 4433 3696 4486 ἴνα

409 4526 675 4597 guitionis
704 4527 1005 4583 divortium
1029 4530 1202 4585 ullum
1220 4529 1393 4587 fieret.
1420 4531 1556 4587 Nam
1588 4533 1635 4589 si
1667 4532 1830 4589 Pater
1849 4538 2001 4592 solus

2113 4530 2189 4601 μὴ
2218 4529 2483 4601 διαίρεσις
2520 4528 2748 4599 γένηται
2771 4528 2873 4597 τῆς
2909 4526 3150 4596 ζωτικῆς
3177 4525 3450 4595 γνώσεως.
3488 4526 3550 4577 Εἰ
3585 4525 3699 4595 γὰρ

407 4636 574 4683 verus
608 4619 753 4678 Deus
782 4630 887 4687 est,
927 4639 1094 4679 verus
1122 4634 1209 4681 est
1229 4625 1395 4681 etiam
1419 4642 1487 4682 ex
1511 4625 1673 4683 Patre
1709 4626 1901 4694 Filius,
1932 4631 2002 4687 ab

2109 4622 2271 4693 μόνος
2305 4619 2553 4692 ἀληθινὸς
2587 4619 2720 4683 Θεὸς
2755 4621 2784 4672 6
2835 4620 3047 4691 Πατὴρ,
3099 4617 3355 4690 ἀληθινὸς
3394 4620 3422 4670 6
3462 4617 3591 4681 Υἱὸς
3631 4619 3694 4671 ὲκ

406 4712 599 4770 eodem
628 4729 819 4770 revera
853 4715 1095 4787 genitus.
1119 4715 1259 4772 Cum
1276 4719 1422 4772 enim
1453 4716 1603 4773 Patri
1637 4719 1831 4785 defert,
1849 4738 2002 4776 eum-

2106 4714 2357 4785 Πατρὸς,
2409 4712 2680 4784 ἀληθινῶς
2737 4712 3156 4782 γεγεννημένος.
3204 4711 3393 4782 Τιμῶν
3448 4712 3559 4783 γὰρ
3604 4712 3696 4765 τὸν

407 4821 517 4876 que
565 4806 742 4861 solum
800 4821 991 4861 verum
1034 4804 1209 4862 Deum
1254 4822 1379 4863 esse
1425 4807 1705 4874 declarat,
1759 4812 2002 4881 seipsum

2105 4807 2348 4878 Πατέρα,
2398 4806 2495 4860 καὶ⁸
2545 4806 2706 4877 μόνον
2740 4806 2905 4859 αὐτὸν
2947 4804 3080 4858 Θεὸν
3126 4804 3378 4876 ἀληθινὸν
3418 4805 3696 4859 ἀποκαλύ-

408 4913 626 4968 quoque
677 4913 864 4952 verum
898 4913 927 4951 a
973 4896 1134 4954 Patre
1196 4898 1438 4968 genitum
1482 4914 1607 4956 esse
1652 4902 2001 4956 monstravit.

2105 4917 2278 4964 πτων,
2322 4900 2515 4954 ἑαυτὸν
2551 4898 2751 4963 ἔδειξεν
2785 4902 2851 4952 ἐκ
2892 4899 3106 4970 Πατρὸς
3144 4896 3398 4969 ἀληθινὸν
3436 4915 3695 4970 γεγεννη-

407 4988 681 5056 Quocirca
720 5005 884 5046 verus
919 4988 1079 5045 Pater
1107 4989 1272 5062 756
1312 4990 1454 5048 Deus
1494 5000 1599 5055 est,
1639 5009 1801 5048 verus
1832 4992 1997 5059 Deus,

2113 4992 2292 5063 μένον.
2329 4991 2432 5044 Διὰ
2465 4990 2623 5044 τοῦτο
2654 4990 2907 5060 ἀληθινὸς
2949 4990 3160 5060 Πατὴρ,
3194 4991 3223 5042 6
3261 4989 3515 5058 ἀληθινὸς
3563 4990 3696 5053 Θεὸς

408 5088 464 5135 et
494 5082 811 5151 unigenitus
841 5080 1035 5138 Filius.
1058 5081 1165 5137 Sed
1184 5083 1458 5138 undenam
1480 5084 1829 5155 comprobari
1853 5085 2001 5140 istud

2108 5084 2137 5134 6
2164 5082 2291 5145 Υἱὸς
2318 5084 2347 5135 6
2382 5082 2698 5152 μονογενής.
2730 5081 2843 5134 Καὶ
2868 5077 3030 5132 πόθεν
3052 5076 3211 5131 τοῦτο
3248 5077 3519 5141 δεικτέον;
3558 5076 3695 5129 Ἀλλ’

413 5172 628 5240 potest?
650 5170 707 5226 Si
732 5173 993 5227 nimirum
1025 5187 1193 5229 voces
1226 5174 1372 5243 ipsas
1390 5181 1599 5229 attente
1629 5177 1998 5244 perspexeris.

2109 5176 2212 5247 δρα
2246 5193 2333 5246 μοι
2363 5174 2463 5238 τὰς
2488 5174 2664 5241 λέξεις
2692 5171 2929 5228 ἐνταῦθα
2962 5172 3039 5235 ὡς
3075 5172 3234 5242 μόνον
3273 5170 3526 5242 ἀληθινὸν
3562 5168 3697 5222 Θεὸν

415 5261 694 5333 Siquidem
726 5266 830 5320 hoc
856 5266 975 5321 loco
1003 5264 1223 5322 Patrem
1249 5267 1428 5323 solum
1457 5283 1645 5322 verum
1680 5266 1849 5323 Deum
1878 5284 2001 5324 esse

2112 5268 2313 5336 φάσκει
2342 5266 2581 5321 ἐνταῦθα
2607 5266 2699 5319 τὸν
2726 5266 2973 5336 Πατέρα.
3013 5265 3101 5318 Ἐν
3141 5263 3199 5316 δὲ
3226 5261 3305 5332 τῷ
3343 5262 3484 5316 κατά
3517 5261 3694 5314 Ἰωάν-

488 5446 732 5521 ξᾶοιιειη.
773 5466 853 5513 ιιι,
900 5450 1003 5521 23ἒ
1069 5450 1089 5481 ²
1122 5449 1258 5504 Dan.
1294 5451 1435 5515 m,l
1477 5466 1598 5521 sqq.
1677 5451 1698 5483 ³
1732 5450 1879 5506 Psal.
1916 5468 2002 5506 ιχ]

2105 5468 2196 5514 nt,
2232 5452 2284 5504 7.
2363 5451 2383 5483 ⁸
2415 5450 2653 5504 Baruch.
2690 5448 2900 5521 111,736.
2950 5518 2971 5521 __
3004 5448 3025 5479 ⁵
3060 5446 3192 5501 ibid.
3216 5444 3306 5501 52.
3384 5445 3406 5477 ⁸
3438 5443 3573 5500 ibid.
3600 5444 3690 5499 58.

410 5520 434 5552 "
470 5518 626 5574 Joan.
654 5536 765 5587 xw,
794 5521 849 5576 6.
926 5522 948 5553 ⁸
975 5519 1137 5577 Joan.
1176 5537 1308 5585 xvn,
1339 5522 1392 5577 5.
1471 5522 1491 5551 '
1524 5518 1586 5578 F'.
1622 5522 1781 5592 φύσει
1815 5530 1868 5577 et
1900 5523 2002 5577 Βαε

2105 5523 2216 5579 ὒνα.
2296 5522 2338 5553 ¹⁰
2374 5521 2432 5574 F.
2460 5523 2519 5574 ὲν
2548 5521 2706 5584 ὠσίν,
2730 5520 2815 5575 vel
2841 5520 2922 5582 εἰς
2948 5518 3164 5572 ἕνωσιν.

495 5720 608 5791 (96)
641 5722 805 5777 Ἀλλ’
841 5722 997 5791 ἐρεῖς
1023 5736 1144 5788 μοι·
1179 5723 1313 5789 Πῶς
1361 5724 1550 5778 εἶπεν.
1582 5723 1717 5778 Vide
1764 5723 1986 5778 concilii

2106 5729 2249 5782 inter
2275 5734 2474 5783 caetera
2506 5725 2600 5781 Dei
2646 5722 2850 5778 Filium
2889 5736 3079 5777 verum
3114 5718 3285 5775 Deum
3324 5719 3485 5777 fateri
3533 5731 3689 5774 com-

426 5793 794 5871 aquileignsis
816 5794 974 5871 Acta,
1008 5796 1099 5871 ubi
1123 5794 1401 5871 Ambrosii
1430 5811 1597 5871 opera
1628 5794 1906 5871 Palladius
1944 5804 1999 5871 et
2108 5798 2253 5871 pulsi
2287 5797 2441 5853 miris
2464 5793 3010 5869 tergiversationibus
3047 5791 3296 5849 eludunt.

430 5863 813 5923 Secundinus
858 5866 1050 5922 Ariani
1114 5865 1357 5939 episcopi
1413 5863 1655 5924 damnati
1704 5872 1854 5934 sunt,
1905 5864 1998 5934 qui
