4138 6396
466 361 579 421 253

1158 361 1537 420 ADVERSUS
1572 361 1921 419 HERESES
1957 362 2086 423 LIB.
2130 363 2192 418 ll.
2234 362 2398 419 ΤΟΜ.
2441 362 2582 418 ll.——
2614 363 2891 422 HAERES.
2921 365 3112 425 LXIX.

3650 315 3769 426 est

468 491 570 549 νην
601 474 940 545 Εὐαγγελίῳ,
990 475 1073 529 ὅτι
1096 517 1110 535 ,
1147 479 1335 546 φησιν,
1367 462 1479 535 Ἦν
1516 476 1585 532 τὸ
1639 478 1768 548 φῶς
1808 477 1872 533 τὸ
1910 478 2058 547 ἀλη-

2167 478 2378 535 dehnit.
2410 481 2481 535 At
2511 481 2566 535 in
2592 478 2826 538 Joannis
2871 481 3185 554 Evangelio,
3229 480 3387 545 Erat,
3423 480 3620 553 inquit,
3665 483 3762 543 lus

469 569 660 624 θινόν.
695 567 806 621 Καὶ
834 568 985 621 ποῖον
1011 567 1128 636 φῶς
1156 568 1409 639 ἀληθινὸν
1450 568 1565 623 ἀλλ’
1591 569 1624 641 ἢ
1647 573 1675 623 6
1711 571 2060 642 Μονογενήςς

468 658 580 713 Καὶ
605 658 769 712 πάλιν
798 659 853 711 αἱ
890 658 1105 731 Γραφαί
1126 675 1259 728 φασι
1301 660 1429 730 περὶ
1472 658 1567 713 τοῦ
1597 659 1761 723 Θεοῦ,
1799 662 1884 714 ὅτι
1933 661 2064 728 Φῶς

470 754 503 805 ό
523 749 706 817 Θεὸς,
741 750 839 804 καὶ
860 750 962 804 οὐκ
994 746 1138 818 εἶπε,
1161 750 1281 816 Φῶς
1314 751 1566 823 ἀληθινὸν
1591 754 1619 805 6
1650 752 1815 817 Θεός·
1850 755 1979 826 περὶ
2004 755 2062 808 δὲ

470 842 563 896 τοῦ
616 842 940 914 μονογενοῦς
978 844 1111 897 Υίοῦ
1142 842 1237 898 τοῦ
1270 844 1429 909 Θεοῦ,
1473 846 1555 899 δτι
1590 845 1708 916 φῶς
1752 846 2005 918 ἀληθινὸν
2035 849 2064 900 6

470 935 813 1008 Μονογενήςθ
845 936 975 1008 περὶ
1024 936 1082 989 δὲ
1124 936 1219 990 τοῦ
1261 938 1505 1009 Πατρός·
1554 938 1697 1005 Θεὸς
1734 940 2058 1007 ἀληθινός·

470 1028 566 1081 καί
598 1028 699 1081 οὐκ
747 1022 922 1091 εἶπεν,
953 1028 1036 1081 ὅτι
1084 1026 1207 1092 Φῶς
1251 1028 1501 1099 ἀληθινὸν
1548 1032 1576 1083 6
1625 1029 1779 1094 Θεός.
1831 1030 1966 1101 Περὶ
2005 1032 2063 1085 δὲ

467 1118 565 1173 τοῦ
606 1119 760 1182 Υῐοῦ,
794 1120 877 1173 ὄτι
910 1119 1076 1188 Θεὸς,
1109 1120 1205 1174 καὶ
1259 1122 1353 1174 ἐπὶ
1389 1120 1506 1186 τοῦ,
1542 1123 1687 1188 Θεὸς
1729 1124 1764 1176 d
1811 1122 1964 1188 Υἱὸς,
1999 1124 2060 1176 οὐ

470 1212 769 1284 προσέθετο
814 1211 875 1265 τὸ
909 1212 1181 1284 ἀληθινόν.
1227 1215 1340 1268 Καὶ
1388 1214 1525 1267 ὅπου
1562 1213 1676 1284 φῶς
1715 1216 1745 1268 6
1789 1213 1959 1281 Θεὸς,
1999 1218 2061 1269 οὗ

471 1304 770 1376 προσέθετο
800 1302 928 1375 φῶς
960 1306 1274 1374 ἀληθινόν.
1304 1306 1370 1360 Τί
1408 1302 1501 1361 οὖν
1539 1305 1772 1379 λέγομεν
1799 1306 1927 1379 περὶ
1965 1307 2061 1360 τοῦ

470 1396 717 1468 Πατρός;
758 1397 879 1451 Ὅτι
920 1397 1022 1469 μὲν
1070 1395 1181 1470 γάρ
1238 1396 1355 1468 φῶς
1399 1396 1655 1469 ἀληθινὸν
1688 1400 1717 1452 6
1748 1397 1915 1462 Θεόςσ
1967 1398 2064 1451 καὶ

470 1490 572 1542 οὐκ
603 1490 712 1561 ἄρα
744 1489 962 1554 ἐλλιπὲς
986 1483 1286 1561 ποιήσομεν
1314 1490 1377 1544 τὸ
1396 1490 1571 1545 Θείον.
1595 1490 1705 1544 Καὶ
1742 1488 1931 1563 ἐπειδὴ
1959 1491 2061 1544 οὐκ

471 1580 587 1635 ἔστι
636 1581 1025 1653 γεγραμμένον
1074 1583 1135 1635 τὸ
1182 1582 1297 1653 φῶς
1352 1583 1415 1637 τὸ
1460 1581 1744 1653 ἀληθινὸν,
1789 1582 2057 1652 εἴπομεν¹

471 1672 899 1746 ἁμαρτάνοντες,
927 1674 1131 1728 ὅτιούκ
1153 1674 1268 1728 ἔστι
1297 1674 1413 1745 φῶς
1433 1674 1710 1747 ἀληθινόν.
1732 1675 1844 1729 Καὶ
1870 1674 2057 1746 ἐπειδὴ

468 1767 499 1818 6
533 1765 659 1829 Υἱὸς
688 1766 1021 1836 γέγραπται,
1063 1767 1145 1820 ὅτι
1192 1767 1324 1831 Θεός
1367 1768 1485 1821 ἐστι
1511 1781 1527 1796 ⁸
1581 1767 1692 1821 Καὶ
1742 1764 1811 1840 ἦν
1852 1769 1881 1820 6
1928 1766 2061 1830 Θεὸς

2176 592 2298 629 vera
2324 577 2380 644 ²;
2410 590 2661 645 quaenam
2689 592 2814 631 vera
2844 577 2933 631 illa
2967 577 3059 631 lux
3089 583 3195 638 est,
3246 583 3609 646 praeterquam
3640 578 3764 631 uni-

2173 666 2391 737 genitus
2420 665 2630 722 Filius?
2654 668 2878 723 Accedit
2903 669 3046 739 quod
3084 683 3257 725 sacrm
3286 667 3507 723 Litterae
3537 669 3683 723 hunc
3704 670 3760 724 in

2173 758 2396 813 modum
2427 759 2494 815 de
2531 759 2639 815 Deo
2674 761 2975 830 loquuntur
3009 780 3021 815 :
3052 760 3168 821 Lua:
3196 772 3271 816 est
3315 761 3456 817 Deus
3493 761 3548 829 ³;
3581 777 3761 832 neque

2170 865 2358 905 veram
2396 851 2701 921 adjiciunt;
2729 850 2822 907 Dei
2858 867 2989 907 vero
3032 852 3231 911 Filium
3273 869 3455 908 veram
3505 869 3629 910 esse
3677 855 3761 912 lu.-

2171 958 2289 997 cem
2346 954 2622 1000 asserunt.
2658 944 2728 998 At
2764 944 2831 999 de
2870 943 3033 1000 Patre
3065 962 3215 999 verus
3258 945 3431 1009 Deus;
3475 961 3582 1001 non
3628 947 3757 1003 item

2170 1036 2265 1090 lux
2291 1053 2412 1090 vera
2442 1037 2585 1092 Deus
2614 1037 2989 1094 estdixerunt.
3020 1038 3155 1095 Cum
3189 1052 3370 1095 autem
3412 1040 3479 1096 de
3507 1038 3645 1096 Filio
3673 1041 3757 1095 lo~

2171 1141 2437 1199 quunlur,
2472 1130 2553 1185 sic
2577 1146 2701 1187 esse
2724 1129 2895 1186 Deum
2924 1133 3218 1195 allirmant,
3249 1140 3307 1187 ut
3326 1133 3390 1188 ad
3426 1134 3547 1190 illas
3573 1149 3754 1199 voces,

2175 1222 2311 1277 Deus
2335 1230 2413 1277 est
2445 1218 2646 1286 Filius,
2673 1224 2789 1279 veri
2820 1225 3148 1279 vocabulum
3174 1241 3282 1280 non
3304 1226 3627 1295 adiecerint.
3652 1226 3757 1287 Ubi

2170 1330 2298 1369 vero
2329 1315 2421 1368 lux
2451 1312 2596 1370 Deus
2628 1316 2964 1381 nominatur,
2991 1315 3085 1369 lux
3112 1333 3232 1371 vera
3261 1333 3371 1372 non
3395 1318 3618 1374 dicitur.
3652 1316 3756 1374 Ec-

2168 1404 2300 1472 quid
2346 1405 2512 1476 igitur
2546 1405 2614 1461 de
2650 1404 2813 1461 Patre
2850 1407 3194 1463 sentiemus?
3245 1408 3342 1464 Est
3371 1411 3517 1464 enim
3566 1411 3757 1483 utique

2169 1513 2299 1553 vera
2338 1498 2428 1552 lux
2464 1496 2647 1564 Deus;
2681 1514 2860 1569 neque
2902 1515 3161 1554 mancum
3187 1540 3202 1563 ,
3237 1509 3332 1554 aut
3364 1501 3638 1558 defectum
3668 1484 3757 1558 di-

2167 1588 2355 1642 vinum
2377 1604 2501 1645 esse
2536 1605 2739 1644 numen
2768 1591 3229 1647 existimabimus.
3268 1592 3332 1647 Et
3362 1595 3614 1665 quamvis
3651 1596 3758 1650 mi-

2169 1681 2318 1735 nime
2347 1684 2615 1752 scriptum
2647 1684 2740 1747 sit,
2775 1698 2957 1738 veram
2984 1684 3137 1738 illum
3165 1699 3287 1740 esse
3313 1686 3513 1751 lucem,
3536 1701 3646 1742 non
3673 1696 3755 1742 tan

2169 1786 2294 1826 men
2342 1774 2771 1838 committemus.
2817 1791 3005 1830 veram
3058 1784 3117 1830 ut
3165 1792 3289 1832 esse
3334 1778 3508 1833 lucem
3548 1780 3758 1835 inficieo

470 1857 608 1930 πρὸς
649 1858 742 1911 τὸν
791 1858 922 1911 δντα
956 1859 1212 1929 Πατέρα·
1256 1859 1351 1912 καὶ
1388 1858 1498 1930 γὰρ
1528 1853 1596 1930 ἦν
1627 1858 1760 1923 Θεὸς
1798 1861 1826 1912 6
1859 1860 2054 1927 Λόγος.

2165 1880 2322 1933 mur;
2356 1868 2664 1935 pnesertim
2696 1882 2821 1921 cum
2852 1867 2929 1922 ‘de
2953 1866 3097 1923 Filio
3125 1870 3396 1941 scriptum
3422 1872 3514 1934 sit,
3551 1871 3757 1927 Filium

468 1952 580 2006 Καὶ
610 1952 711 2006 οὐκ
740 1947 916 2014 εἶπεν,
951 1950 1031 2003 ὅτι
1065 1949 1198 2015 Θεὸς
1232 1950 1451 2021 ἐγένετο
1477 1951 1505 2004 6
1534 1951 1726 2021 Λόγος,
1754 1950 1891 2004 ἀλλὰ
1925 1950 2058 2013 Θεὸς

466 2040 558 2118 ἦν.
596 2047 690 2100 Ἐκ
719 2046 777 2100 δὲ
804 2045 913 2099 τῶν
937 2045 1031 2099 δύο
1062 2045 1133 2099 τὰ
1169 2045 1433 2115 ἱσόῤῥοπα
1466 2043 1833 2117 δειχθήσεται,
1858 2047 1923 2099 ὲκ
1960 2044 2056 2098 τοῦ

471 2138 573 2209 μὲν
613 2138 748 2202 Θεὸς
793 2136 1048 2210 ἀληθινὸς
1084 2138 1114 2191 6
1166 2137 1397 2209 Πατὴρ,
1448 2139 1545 2191 κα)⁸
1593 2137 1708 2207 φῶς
1749 2136 1999 2208 ἀληθινὸν
2029 2137 2058 2190 6

467 2230 616 2293 Υἱὸς,
650 2230 719 2283 τά
771 2229 1000 2298 ίσόξυγα
1040 2232 1289 2300 φανεῖται
1320 2229 1421 2300 τῆς
1471 2229 1662 2296 ἀξίας’
1719 2228 1816 2283 καὶ
1864 2231 1930 2283 ὲκ
1960 2229 2057 2284 τοῦ

464 2321 602 2377 Θεοῦ
635 2325 664 2377 ὁ
685 2323 834 2389 Υἱὸς,
866 2324 961 2377 καὶ
994 2322 1110 2393 φῶς
1132 2324 1160 2375 6
1193 2322 1346 2388 Θεὸς,
1382 2322 1452 2376 τὰ
1483 2323 1745 2395 ἰσόρροπα
1777 2325 1876 2393 τῆς
1903 2322 2053 2387 δοξο-

464 2415 653 2485 λογίας
690 2416 1081 2488 εὑρεθήσεται⁸
1117 2416 1212 2469 καὶ
1242 2415 1395 2469 οὐδὲν
1425 2415 1637 2474 διοίσει,
1680 2415 1801 2467 οὐδὲ
1844 2414 2054 2468 ἀντιλέ-

466 2507 577 2575 ξειέ
605 2525 692 2572 τις
722 2511 789 2580 τῇ
832 2508 1097 2580 ἀληθείᾳ,
1132 2507 1271 2561 ἀλλά
1314 2507 1568 2579 ἀληθινὸς
1611 2507 1744 2571 Θεὸς
1768 2509 1796 2561 6
1842 2507 2052 2580 Πατὴρ,

465 2599 561 2652 καὶ
591 2597 851 2670 ἀληθινὸς
880 2599 1005 2662 Υἱὸς
1024 2600 1053 2651 6
1087 2600 1402 2670 μονογενής.

2159 1970 2284 2012 esse
2315 1956 2485 2011 Deum
2513 1977 2526 2013 :
2550 1957 2616 2012 Et
2633 1958 2921 2016 eratDeus
2935 1962 3077 2031 apud
3101 1963 3462 2019 exsistentem
3493 1963 3757 2032 Patrem;

2159 2056 2280 2104 erat
2314 2049 2463 2103 enim
2510 2049 2655 2105 Deus
2685 2048 2949 2105 Verbum.
2985 2050 3102 2107 Non
3149 2053 3311 2116 dixit,
3358 2052 3515 2110 Deus.
3546 2044 3754 2109 factum

2158 2147 2243 2195 est
2288 2137 2567 2206 Verbum,
2622 2140 2718 2198 sed
2758 2142 2899 2197 Deus
2951 2153 3087 2197 erat.
3131 2142 3511 2211 Quamobrem
3544 2161 3619 2201 ex
3657 2147 3755 2202 his

2159 2231 2378 2289 duobus
2407 2234 2598 2289 eadem
2623 2243 2788 2305 atque
2810 2236 3413 2310 aequaliacolligentar.
3447 2237 3525 2293 Ex
3553 2254 3641 2303 eo,
3666 2238 3755 2291 iu-

2160 2331 2361 2397 q'uamy
2388 2325 2535 2393 quod
2585 2342 2748 2381 verus
2802 2325 2948 2383 Deus
2996 2329 3301 2398 appellatur
3338 2328 3523 2399 Pater,
3571 2342 3626 2386 et
3659 2331 3754 2387 lux

2158 2432 2288 2492 vera
2331 2414 2534 2482 Filius,
2594 2417 2827 2488 aequalis
2877 2419 3168 2489 utriusque
3213 2420 3455 2493 dignitas
3502 2430 3750 2493 apparet.

2161 2507 2405 2578 Itemque
2430 2523 2500 2563 ex
2539 2524 2604 2563 eo
2630 2508 2776 2578 quod
2800 2516 2853 2563 et
2881 2508 3024 2565 Deus
3045 2509 3242 2571 Filius.
3276 2524 3328 2567 et
3353 2514 3445 2567 lux
3465 2529 3590 2570 esse
3610 2513 3756 2572 Deus

2161 2600 2387 2667 dicitur,
2420 2616 2519 2670 par
2545 2600 2847 2671 eademque
2879 2603 3168 2657 amborum
3194 2604 3369 2673 gloria
3398 2606 3703 2676 reperietur
3732 2625 3746 2663 :

465 2689 603 2745 adeo
638 2698 696 2744 ut
721 2690 855 2744 nihil
887 2689 1105 2745 intersit
1136 2691 1385 2753 omnino,
1411 2704 1513 2745 nec
1538 2688 1753 2744 veritati
1780 2687 2046 2762 refragari
2077 2692 2355 2763 quispiam
2382 2692 2509 2761 jure
2538 2692 2716 2762 possit
2741 2710 2755 2747 :
2784 2691 3023 2764 denique
3046 2700 3101 2749 et
3146 2709 3310 2749 verus
3358 2692 3503 2751 Deus
3556 2693 3747 2761 Pater,

464 2797 633 2837 verus
664 2782 891 2852 perinde
916 2780 1095 2837 Filius
1125 2782 1438 2853 unigenitus
1465 2789 1767 2837 asseratur.

536 2872 660 2927 AI".
726 2874 849 2927 Ἔτι
899 2873 956 2926 δὲ
1006 2873 1102 2927 καὶ
1157 2875 1287 2947 περὶ
1355 2874 1449 2928 τοῦ
1515 2874 1669 2943 ἁγίου
1742 2873 2062 2945 Πνεῦματος

464 2962 847 3035 ἀναγκάζομαι
877 2962 972 3017 τοῦ
1001 2963 1181 3032 λέγειν
1213 2962 1468 3026 ἐνταῦθα,
1494 2964 1583 3018 ἴνα
1610 2963 1684 3034 μὴ
1716 2963 2059 3036 παραλείψας

465 3072 544 3124 τι,
564 3056 643 3110 δῶ
666 3059 780 3120 τοῖς
810 3054 1154 3126 βουλομένοις
1187 3055 1396 3128 ἐχθροῖς
1423 3056 1521 3120 τὰς
1551 3056 1731 3109 αὐτῶν
1746 3055 1892 3126 ἔχειν
1920 3072 2059 3127 προ-

2231 2868 2470 2926 ΧΧΧΙΙΙ.
2503 2869 2579 2927 De
2621 2869 2829 2942 Spiritu
2860 2888 2992 2928 vero
3022 2883 3215 2929 sancto
3260 2890 3486 2931 necesse
3521 2884 3608 2932 est
3646 2878 3759 2933 ali-

2161 2962 2293 3030 quid
2333 2963 2436 3017 hoc
2460 2963 2581 3017 loco
2603 2963 2924 3033 disputare;
2960 2980 3047 3025 ne.
3085 2964 3132 3019 si
3159 2964 3292 3034 quid
3322 2966 3749 3033 praetermisero,

2164 3069 2264 3110 sua
2296 3055 2550 3111 hostibus
2572 3055 2782 3111 noswis
2807 3064 3130 3126 argumenta
3156 3071 3220 3110 ac
3252 3058 3507 3127 praesidia
3538 3058 3751 3127 integra

467 3149 681 3219 φάσεις.
707 3148 865 3203 Οὖτω
889 3148 1000 3219 γὰρ
1030 3147 1125 3202 καὶ
1154 3148 1214 3201 τὸ
1235 3147 1463 3219 Πνεῦμα
1491 3147 1553 3200 τὸ
1589 3147 1765 3217 ἅγιον,
1792 3148 1869 3212 ὡς
1897 3148 2058 3212 αὐτὸς

2164 3146 2459 3217 reliquisse
2497 3147 2708 3203 videar.
2756 3146 2961 3203 Eodem
2997 3148 3168 3219 igitur
3217 3150 3382 3203 modo
3421 3149 3491 3231 de
3538 3149 3750 3220 Spiritu

465 3245 494 3295 6
526 3240 730 3314 Κύριος
761 3243 1035 3312 μαρτυρεῖ
1054 3240 1252 3311 λέγων,
1284 3241 1347 3294 τὸ
1385 3240 1613 3311 Πνεῦμα
1650 3241 1751 3308 τῆς
1778 3240 2059 3311 ἀληθείας,

463 3336 528 3392 τὸ
556 3336 783 3408 Πνεῦμα
836 3333 933 3388 τοῦ
970 3334 1217 3406 Πατρός·
1271 3336 1299 3388 6
1346 3333 1404 3387 δὲ
1444 3332 1790 3400 Ἀπόστολος,
1832 3331 2062 3405 Πνεῦμα

466 3428 727 3501 Χριστοῦ.
749 3429 891 3500 Ἀρσ.
916 3427 1048 3496 γοῦν
1069 3426 1131 3480 τὸ
1161 3426 1379 3498 πνεῦμα
1407 3426 1506 3496 τῆς
1532 3426 1811 3496 ἀληθείας,
1841 3424 2063 3497 πνεῦμα

465 3520 747 3592 ἀληθείας,
783 3518 1002 3590 πνεῦμα
1032 3518 1192 3581 Θεοῦ,
1227 3518 1303 3582 ὼς
1344 3517 1479 3581 Θεὸς
1527 3517 1802 3589 ἀληθινὸς,
1833 3517 1911 3580 ὡς
1943 3516 2060 3588 φῶς

465 3613 739 3685 ἀληθινὸν,
769 3612 844 3676 ὡς
873 3612 1096 3682 πνεῦμα
1126 3610 1361 3682 Πατρὸς,
1393 3610 1469 3674 ὡς
1491 3611 1708 3682 πνεῦμα
1736 3610 1889 3667 Υἱοῦ.
1937 3611 2058 3666 Μία

465 3707 575 3776 γάρ
603 3708 752 3759 ἐστιν
779 3705 1020 3777 ήΤριὰς,
1044 3704 1190 3775 μίαὴ
1213 3703 1511 3772 δοξολογία,
1538 3704 1636 3775 μία
1658 3705 1692 3775 ἡ
1714 3702 1925 3776 θεότης,
1960 3704 2059 3776 μία

466 3802 500 3871 ἡ
529 3798 810 3870 κυριότης.
839 3796 1029 3868 Πατὴρ
1056 3796 1266 3866 Πατὴρ,
1299 3796 1425 3859 Υἱὸς
1451 3796 1601 3860 Υἱὸς,
1654 3795 1811 3864 ἆγιον
1832 3795 2059 3868 Πνεῦμα

465 3894 620 3964 ἅγιον
652 3893 878 3964 Πνεῦμα
899 3910 913 3924 ·
946 3892 1008 3944 οὐ
1041 3890 1338 3960 συναλοιφή
1378 3891 1413 3961 ἡ
1438 3888 1629 3960 Τριάς,
1674 3890 1736 3943 οὐ
1778 3889 2049 3943 διεστῶσα

463 3987 564 4057 τῆς
586 3985 722 4048 ἰδίας
746 3984 914 4054 αὐτῆς
941 3982 1187 4053 μονάδος,
1203 3982 1302 4034 οὐκ
1324 3980 1547 4052 ἐλλιπὴς
1568 3980 1666 4051 τῆς
1693 3979 2053 4053 τελειότητος,

464 4080 565 4132 οὐκ
589 4077 779 4130 ἀλλοία
796 4079 894 4148 τῆς
928 4075 1064 4139 ιδίας
1092 4074 1373 4146 ἰδιότητος,
1399 4072 1536 4126 ἀλλὰ
1558 4072 1735 4126 πάντα
1753 4073 2050 4146 τελειότης,

464 4172 594 4243 τρία
635 4170 841 4234 τέλεια,
878 4169 978 4241 μία
1022 4168 1233 4239 θεότης.
1263 4168 1375 4221 Καὶ
1427 4168 1718 4221 πέπτωκεν
1748 4168 1782 4237 ἡ
1833 4166 1942 4220 τῶν
1989 4166 2057 4219 δι’

465 4266 719 4325 ἐναντίας
770 4262 1035 4333 μάχαιρα.
1078 4261 1188 4315 Καὶ
1225 4260 1334 4333 γὰρ
1386 4259 1531 4313 οὓτω
1578 4259 1919 4331 γέγραπται,
1975 4259 2057 4312 ότι

2164 3246 2358 3293 sancto
2392 3239 2599 3294 sentire
2629 3255 2731 3295 nos
2763 3249 3011 3310 Oportet,
3052 3242 3515 3311 quemadmodum
3563 3242 3749 3296 Domi-

2164 3346 2270 3384 nus
2302 3331 2420 3401 ipse
2445 3339 2698 3396 testatur,
2730 3346 2856 3385 cum
2890 3330 3159 3402 Spiritum
3185 3334 3432 3389 veritatis
3455 3333 3498 3399 δ,
3525 3349 3590 3388 ac
3624 3335 3752 3406 Spi-

2159 3424 2325 3478 ritum
2371 3423 2552 3480 Patris
2602 3425 2873 3493 appellat;
2928 3424 3223 3494 Apostolus
3274 3441 3427 3491 vero,
3476 3425 3747 3501 Spiritum

2159 3516 2365 3573 Christi
2395 3519 2437 3572 ⁵.
2470 3516 2569 3572 Est
2597 3519 2765 3589 igitur
2792 3517 3035 3590 Spiritus
3060 3519 3332 3585 veritatis,
3366 3519 3607 3590 Spiritus
3629 3519 3749 3585 Dei,

2160 3612 2242 3664 uti
2273 3624 2439 3665 verus
2474 3608 2642 3675 Deus,
2677 3627 2806 3666 vera
2843 3612 2958 3676 lux,
2982 3608 3221 3681 Spiritus
3251 3609 3454 3672 Patris,
3505 3611 3750 3681 Spiritus

2158 3700 2304 3757 Filii.
2335 3701 2433 3758 Est
2453 3704 2598 3757 enim
2636 3718 2746 3757 una
2779 3701 3023 3757 Trinitas
3043 3744 3058 3768 ,
3089 3718 3197 3756 una
3235 3702 3407 3774 gloria
3432 3740 3447 3766 ,
3488 3701 3753 3759 divinitas

2160 3809 2288 3858 una,
2340 3808 2448 3848 una
2510 3793 2833 3859 dominatio,
2879 3792 3039 3848 Pater
3087 3793 3270 3859 Pater,
3316 3793 3489 3850 Filius
3548 3793 3748 3862 Filius,

2160 3884 2400 3957 Spiritus
2453 3895 2682 3944 sanctus
2734 3885 2974 3957 Spiritus
3004 3901 3258 3955 sanctus;
3292 3889 3443 3943 nulla
3481 3888 3537 3942 in
3565 3886 3749 3943 Trini-

2158 3987 2271 4034 tate
2311 3980 2619 4035 commistio
2665 3980 2746 4035 vel
2783 3978 3064 4046 conlusio;
3119 3994 3218 4035 nec
3274 3980 3344 4035 ab
3391 3980 3603 4036 unitate
3645 3994 3747 4037 sua

2158 4070 2426 4138 dissidet;
2454 4088 2556 4128 nec
2600 4073 2667 4127 ad
2700 4072 3093 4144 perfectionem
3137 4072 3291 4128 deest
3318 4072 3394 4126 illi
3435 4072 3755 4144 quidpiam;

2158 4179 2261 4219 nee
2298 4171 2383 4218 est
2411 4179 2440 4217 a
2476 4165 2813 4234 proprietate
2855 4181 2957 4221 sua
3006 4164 3244 4229 diversa,
3278 4164 3440 4236 757
3473 4164 3567 4222 sed
3615 4167 3744 4219 uni-

2157 4270 2315 4311 versa
2351 4255 2617 4326 perfectio
2644 4264 2898 4327 occupat,
2936 4264 2995 4311 ut
3025 4264 3079 4312 et
3109 4259 3351 4327 perfecta
3392 4259 3494 4311 tria
3527 4258 3658 4322 sint,
3691 4265 3751 4314 et

463 4355 653 4422 Βέλος
694 4356 929 4423 νηπίων
978 4351 1378 4424 ἐγενήθησαν.
1417 4351 1528 4405 Καὶ
1570 4349 1680 4421 γὰρ
1732 4348 1801 4403 τὰ
1847 4349 2054 4420 νήπια,

2163 4348 2324 4401 trium
2359 4349 2724 4405 nihilominus
2759 4365 2866 4404 una
2912 4350 3197 4405 divinitas.
3252 4348 3371 4415 Qua
3413 4350 3624 4405 ratione
3650 4350 3748 4405 ad-

466 4448 568 4502 κάν
596 4463 655 4499 τε
685 4445 820 4516 θέλῃ
855 4443 1156 4513 λαμϐάνειν
1190 4441 1341 4513 βέλη,
1366 4440 1637 4512 ἀνίσχυρα
1667 4438 1948 4508 τυγχάνει,
1980 4436 2055 4509 μὴ

2163 4440 2421 4495 versariis
2450 4441 2658 4496 nostris
2703 4442 2919 4512 gladius
2961 4459 2993 4499 e
3045 4443 3299 4498 manibus
3334 4457 3604 4497 excussus
3635 4451 3742 4499 est.

462 4540 735 4610 δυνάμενα
764 4540 824 4591 ὲν
862 4537 1048 4608 χερσὶν
1076 4533 1257 4588 αὐτῶν
1294 4549 1350 4586 τι
1386 4532 1667 4603 πράττειν.
1714 4529 1840 4584 Ἐὰν
1865 4529 1922 4583 δὲ
1953 4529 2050 4583 καὶ

2163 4530 2340 4602 quue
2365 4530 2668 4602 Scriptum
2692 4533 2847 4588 locus
2873 4533 2967 4590 ille
2998 4536 3235 4605 pertinet
3269 4552 3283 4588 :
3309 4532 3533 4605 Sagitta:
3553 4547 3747 4601 parvu-

464 4630 866 4706 παραταραχθῇ
892 4614 988 4682 τά’
1015 4629 1208 4699 νήπια,
1261 4625 1462 4697 μᾶλλον
1494 4624 1665 4679 ἑαυτά
1701 4622 1918 4693 σφάζει,
1960 4622 2054 4675 καὶ

2163 4625 2331 4679 lorum
2372 4625 2531 4696 facta:
2565 4635 2687 4680 sunt
2734 4627 2777 4678 '.
2824 4625 2961 4681 Nam
3010 4628 3116 4683 tela
3153 4628 3282 4683 dum
3331 4627 3399 4681 ab
3441 4625 3750 4681 infantibus

463 4726 634 4781 ἑαυτά
672 4724 872 4787 ἀδικεῖ,
923 4721 998 4793 μὴ
1053 4721 1327 4791 δυνάμενα
1378 4708 1561 4782 ἄλλοις
1612 4717 1911 4786 ἐπιχειρεῖν
1957 4712 2053 4767 τοῦ

2163 4726 2466 4775 tractantur
2495 4719 2765 4773 imbecilla
2809 4728 2962 4785 sunt,
3006 4736 3108 4776 nec
3152 4721 3208 4774 in
3246 4734 3437 4775 eorum
3488 4718 3746 4774 manibus

464 4818 655 4891 βέλους
681 4818 745 4870 τὸ
794 4815 1169 4886 ἐπιχείρημαο
1206 4812 1282 4874 ὡς
1333 4810 1430 4863 καὶ
1480 4801 1626 4862 οὗτοι
1673 4806 1795 4860 καθ’
1847 4804 2055 4858 ἑαυτῶν

2163 4808 2457 4879 quidquam
2489 4809 2700 4867 efﬁcere
2726 4818 2980 4882 possunt.
3012 4810 3167 4878 Quod
3196 4812 3241 4867 si
3269 4810 3606 4867 consternati
3634 4819 3746 4864 tur-

462 4909 906 4983 ἐπεστράτευσαν
957 4906 1055 4977 τὴν
1102 4902 1312 4974 πλάνην
1336 4918 1349 4932 ·
1397 4903 1548 4956 οὐδὲν
1593 4900 1650 4954 δὲ
1696 4898 2057 4971 ἐνσκήψουσιν

2163 4900 2385 4969 batique
2414 4900 2641 4967 fuerint,
2673 4903 2885 4972 seipsos
2912 4900 3188 4971 iugulant,
3220 4911 3314 4955 aut
3338 4901 3441 4955 sibi
3476 4900 3741 4955 damnum

461 5008 543 5068 εἰς
569 5004 698 5067 τοὺς
736 5002 886 5065 υἱοὺς
912 4999 1017 5069 τῆς
1044 4997 1325 5067 ἀληθείας.
1632 5018 1641 5027 ν

2163 4991 2409 5046 inferunt
2441 4994 2622 5062 potius
2648 4986 2813 5064 quam
2848 5002 2907 5048 ut
2939 4994 3079 5048 alios
3111 4993 3221 5048 illis
3244 4993 3466 5063 aggredi
3495 5000 3551 5048 et
3576 5007 3745 5064 appe-

462 5108 578 5155 tere
604 5104 825 5168 queant.
863 5092 958 5149 Sic
988 5092 1151 5147 etistl
1185 5104 1431 5146 errorem
1459 5101 1621 5144 suum
1652 5092 1843 5142 contra
1876 5084 2204 5155 semetipsos
2228 5093 2596 5154 convertunt;
2634 5102 2814 5157 neque
2839 5086 3140 5157 quidquam
3171 5085 3440 5141 adversus
3489 5085 3744 5141 veritatis

465 5190 906 5260 aliosinﬂigunt.
1972 5273 1978 5274 ί
2226 5267 2447 5274 ________
2510 5266 2556 5274 υ
2746 5267 2761 5274 ,
2832 5267 2866 5274 ,,
3648 5264 3679 5274 Α.

533 5287 654 5339 AA'.
690 5281 1110 5353 Παρελεύσομαι
1136 5279 1193 5333 δὲ
1223 5279 1317 5333 καὶ
1346 5279 1426 5342 είς
1458 5277 1653 5349 ἑτέρας
1679 5274 1856 5340 λέξεις
1892 5273 2054 5328 πάλιν

2226 5267 2469 5325 XXXIV.
2510 5266 2668 5323 Nunc
2695 5267 2763 5323 ad
2798 5267 2936 5323 alios
2969 5267 3186 5322 illorum
3229 5280 3513 5322 sermones
3542 5266 3747 5319 oratio-

461 5377 561 5440 τὰς
607 5376 699 5428 ὑπ’
743 5373 923 5428 αὐτῶν
959 5372 1377 5443 ὲπινοουμένας.
1415 5371 1528 5423 Καὶ
1567 5367 1785 5439 πρῶτον
1829 5367 1926 5438 μὲν
1965 5368 2057 5420 ὲκ-

2163 5382 2279 5455 nem
2343 5363 2586 5419 confero.
2647 5362 2706 5417 In
2753 5378 2864 5434 quo
2911 5362 3146 5433 primum
3200 5360 3334 5415 illud
3383 5359 3746 5414 admiratione

462 5466 712 5539 πλήξεως
738 5470 855 5520 ἐστι
881 5465 943 5520 τὸ
973 5467 1162 5538 ἔργον,
1197 5465 1273 5528 ὡς
1302 5463 1556 5535 εἰρωνείᾳ
1593 5461 1892 5533 κέχρηνται
1919 5459 2056 5531 πρὸς

2163 5451 2376 5528 plenum
2413 5464 2533 5522 est;
2569 5462 2828 5526 quantam
2857 5454 2925 5509 ad
2950 5453 3460 5508 circumveniendos
3492 5451 3657 5505 rudes
3689 5457 3744 5505 et

462 5561 680 5630 ἀπάτην
712 5559 823 5613 τῶν
847 5558 1068 5627 ἀφελῶν
1102 5557 1198 5612 καὶ¹
1232 5555 1507 5627 ἀκεραίων
1540 5556 1721 5625 φύσει.
1757 5553 1845 5616 Ὧς
1876 5554 1906 5605 6
1933 5551 2057 5623 δφις

2163 5551 2435 5622 simplices
2484 5548 2840 5605 calliditatem
2880 5563 2943 5603 ac
2984 5548 3385 5603 simulationem
3424 5545 3738 5599 adhibeant.

468 5650 713 5721 ὴπάτησε
742 5650 842 5723 τὴν
865 5649 1011 5704 Εὕαν
1041 5649 1311 5721 ἀκεραίαν
1353 5644 1542 5712 οὖσαν,
1580 5645 1659 5717 τῷ
1690 5643 1840 5716 αὐτῷ
1872 5643 2058 5716 τρόπῳ

2163 5640 2291 5697 Nam
2321 5648 2380 5695 ut
2425 5656 2651 5713 serpens
2693 5640 2860 5696 Evam
2903 5640 3182 5695 mulierem
3227 5639 3530 5694 sinmlicem
3575 5638 3736 5693 dece-

2137 5818 2159 5853 δ
2188 5816 2362 5883 ιυίιη.
2398 5835 2509 5886 xlv,
2554 5817 2639 5875 Π..
2718 5816 2738 5850 ⁸
2767 5815 2928 5874 Rom.
2953 5832 3070 5885 vin,
3106 5813 3160 5873 9.
3238 5815 3258 5848 ⁸
3297 5812 3444 5873 Psal.
3481 5828 3642 5883 um,
3673 5814 3734 5875 8.

536 5829 563 5880 ε
688 5827 1062 5908 οὒκβῖπομεν.
1144 5829 1165 5860 ’
1194 5824 1353 5889 Idan.
1391 5840 1428 5886 ι,
1454 5823 1510 5879 9.
1621 5821 1641 5855 ³
1673 5817 1940 5891 “penu,
1975 5819 2030 5876 5.
