4138 6396
382 325 495 384 255

1789 318 1845 373 S.
1884 317 2230 373 EPIPHANII

385 439 464 508 pit
490 436 543 490 ιε
574 433 648 489 ita
681 432 772 488 illi
793 448 932 504 quos
964 430 1037 488 ad
1063 440 1248 502 partes
1286 445 1417 488 suas
1448 430 1704 504 pellicere
1733 431 1961 493 volunt,

2085 430 2163 483 ιαῖ
2199 422 2365 494 οὗτοι,
2415 428 2512 483 ἐὰν
2552 428 2754 484 θέλωσι
2798 431 3280 506 περιποιήσασθαι.
3337 429 3400 484 τὸ
3437 435 3656 508 πρῶτον

387 530 620 599 primum
679 525 960 581 blanditiis
1009 539 1074 579 ac
1144 522 1548 588 muniﬁcentia,
1605 523 1969 594 omnibusque

387 619 698 674 sedulitatis
739 617 936 672 ofﬁciis
971 615 1188 687 aggredi
1225 615 1438 682 solent;
1474 623 1587 668 ttnn
1623 614 1972 684 pollicitatio-

387 727 506 774 nes,
555 725 619 764 ac
668 720 908 764 terrores
965 709 1252 778 adjiciunt.
1311 705 1422 762 Vos
1468 707 1634 771 enim,
1693 706 1969 778 inquiunt,

388 801 654 872 principis
690 802 907 866 edictis,
939 808 995 856 et
1044 800 1393 872 imperatoris
1426 797 1673 855 Valentis
1702 798 1972 853 voluntati

386 894 661 950 resistitis.
715 894 789 947 Ita
819 909 915 949 eos
949 894 1306 964 alloquuntur
1337 893 1431 964 qui
1476 910 1634 949 suum
1677 893 1742 947 ad
1775 893 1972 965 dogma

387 988 625 1041 transire
673 986 966 1041 noluerint.
1025 985 1230 1042 Deinde
1277 987 1407 1056 quid
1450 987 1668 1042 tandem
1717 987 1844 1042 est?
1887 987 1973 1040 iu-

387 1080 604 1148 quiunt.
630 1079 770 1144 Quid
810 1093 973 1148 porro
1006 1079 1285 1134 dicimus?
1318 1077 1517 1134 Eadem
1552 1078 1683 1134 ﬁdes
1707 1089 1829 1146 est;
1865 1077 1972 1134 nisi

387 1170 532 1239 quod
564 1170 713 1224 inani
761 1169 948 1240 gloriae
998 1171 1184 1225 studio
1223 1171 1511 1228 ducimiui.
1553 1171 1848 1227 Videamus
1878 1172 1976 1225 ita-

387 1278 496 1333 que
529 1263 792 1316 eademne
824 1263 895 1316 sit
929 1262 1082 1315 lides.
1130 1261 1306 1332 Atque
1329 1262 1405 1315 illi
1453 1263 1673 1333 quidem
1711 1263 1792 1317 sic
1821 1277 1974 1318 asse-

388 1363 558 1410 runt:
606 1354 944 1410 Coulitemur
992 1353 1189 1408 Filium
1240 1370 1304 1409 ex
1353 1353 1515 1410 Patre
1547 1355 1828 1426 genitum;
1873 1368 1973 1409 nec

385 1460 512 1500 eum
561 1459 856 1515 negamus;
906 1459 1094 1499 verum
1147 1445 1310 1500 nobis
1357 1457 1576 1516 quoque
1629 1455 1878 1500 creatura
1919 1449 1975 1499 et

387 1537 667 1607 opiﬁcium
708 1536 1100 1591 couﬁtendmn.
1136 1536 1256 1602 Quo
1289 1537 1511 1606 quidem
1555 1536 1691 1590 nihil
1738 1543 1823 1591 est
1854 1535 1973 1591 ine-

388 1631 567 1702 ptius;
609 1629 877 1701 quidquid
933 1630 1078 1685 enim
1131 1637 1377 1684 creatum
1416 1638 1535 1694 est,
1586 1629 1856 1686 dissimile
1889 1635 1975 1685 est

387 1724 592 1793 genito.
623 1736 798 1792 neque
827 1719 974 1791 quod
1004 1721 1245 1791 genitum
1270 1729 1355 1776 est
1384 1761 1398 1783 ,
1437 1730 1622 1776 creato
1646 1720 1825 1777 simile
1853 1726 1970 1785 est;

2076 521 2175 593 μὲν
2208 522 2522 587 κδλακείαις
2569 523 2815 590 πολλαῖς,
2855 529 2951 579 καὶ
2992 526 3242 599 δαψιλείᾳ
3267 528 3360 580 καὶ
3391 531 3658 599 προσοχῇ,

2072 614 2362 684 ὑποσχέσει
2395 631 2454 668 τε
2487 613 2604 686 ἅμα
2636 617 2730 671 καὶ
2765 617 3142 690 φοϐερισμοῖς,
3171 619 3254 673 ὅτι
3287 619 3413 682 Τοῖς
3446 619 3656 690 βασιλι-

2073 708 2189 770 κοῖς
2234 707 2641 778 προστάγμασι,
2689 711 2784 763 καὶ
2820 709 2899 781 τῷ
2928 711 3023 766 τοῦ
3059 711 3326 782 βασιλέως
3359 713 3659 776 υύάλεντος

2074 796 2231 868 θυμῷ
2281 799 2647 868 ὲναντιοῦσθε,
2688 806 2800 866 τοῖς
2850 803 2925 875 μὴ
2972 803 3320 877 βουλομένοις
3369 807 3512 862 κατὰ
3558 806 3660 878 τὴν

2073 889 2251 942 αὐτῶν
2280 891 2461 944 πίστιν
2495 893 2782 965 φέρεσθαι.
2815 895 2929 954 Καὶ
2954 897 3008 950 τί
3038 907 3208 966 (pum;
3233 897 3288 951 τί
3330 899 3436 970 γάρ
3463 900 3610 952 ἐστιν
3630 897 3661 952 δ

2074 980 2342 1052 λέγομεν;
2377 981 2516 1056 αὕτη
2563 985 2711 1040 ἐστὶν
2742 988 2776 1059 η
2808 988 3010 1056 πίστις,
3045 990 3205 1061 μόνον
3241 991 3298 1044 δὲ
3339 993 3422 1047 ὅτι
3454 991 3663 1044 κενοδο-

2076 1069 2234 1135 ξεῖτε.
2259 1073 2486 1145 Ἷδωμεν
2511 1071 2626 1140 οὖν,
2656 1078 2705 1130 εί
2735 1079 2778 1149 ἡ,
2800 1079 2937 1151 αὐτή
2969 1081 3086 1134 ἐστι
3113 1079 3315 1144 πίστις.
3347 1082 3516 1134 Φασὶν
3537 1078 3656 1135 οὖν’

2087 1161 2379 1232 Ὁμολογοῦ
2387 1181 2486 1234 μεν
2511 1165 2600 1220 τὸν
2621 1169 3021 1240 γεγεννημένον
3051 1166 3181 1225 Υίὺν
3207 1173 3272 1225 ὲκ
3300 1172 3533 1242 Πατρδς,
3570 1173 3664 1226 καὶ

2074 1253 2173 1306 οὐκ
2205 1254 2536 1327 ἀρνούμεθα.
2578 1258 2740 1313 Ἀλλὰ
2762 1261 2844 1314 δεῖ
2867 1263 3034 1333 ἡμᾶς,
3060 1263 3214 1332 φασὶ,
3246 1265 3340 1317 καὶ
3367 1264 3430 1318 τὸ
3459 1264 3678 1335 κτίσμα,

2075 1346 2376 1418 ὁμολογεῖν,
2405 1350 2497 1403 καὶ
2519 1350 2581 1404 τὸ
2605 1353 2838 1425 ποίημα.
2876 1355 3040 1409 Οὐδὲν
3061 1355 3120 1410 δὲ
3145 1356 3514 1429 ἡλιθιώτερον.
3551 1359 3666 1411 Πᾶν

2075 1440 2185 1512 γὰρ
2218 1441 2278 1495 τὸ
2303 1442 2620 1516 κτιζόμενον
2657 1446 2755 1517 οὐχ
2795 1447 2978 1518 ὅμοιον
3009 1450 3268 1520 τυγχάνει
3301 1451 3380 1520 τῷ
3407 1467 3667 1521 γεγεννη-

2079 1534 2246 1606 μένῳ,
2274 1534 2398 1590 οὔτε
2428 1537 2488 1590 τὸ
2517 1537 2859 1610 γεννώμενον
2884 1543 3068 1612 ὅμοιον
3097 1541 3177 1614 τῷ
3205 1542 3530 1615 κτιζομένῳ,
3562 1542 3669 1615 μά-

2076 1624 2234 1680 λιστα
2265 1628 2400 1699 πρὸς
2441 1630 2656 1701 ἐκείνην
2699 1633 2800 1700 τὴν
2847 1634 2976 1705 μίαν
3009 1636 3289 1708 ἀκραιφνῆ
3328 1639 3423 1693 καὶ
3452 1638 3673 1693 τελείαν

2077 1719 2284 1773 οὐσίαν.
2321 1721 2507 1776 Πάντα
2535 1723 2642 1796 γὰρ
2688 1725 2793 1778 ὑπὸ
2830 1725 2967 1780 Θεοῦ
3013 1726 3291 1782 ἔκτισται·
3336 1730 3496 1801 μόνος
3539 1730 3596 1784 δὲ
3637 1733 3667 1784 ὁ

389 1778 783 1886 praesertim-si
827 1778 897 1868 de
946 1778 1164 1868 sincera
1218 1812 1308 1866 illa
1379 1811 1734 1884 perfectaque
1778 1818 1972 1866 natura

2085 1809 2205 1876 Υἱὸς
2238 1810 2333 1864 τοῦ
2355 1811 2492 1866 Θεοῦ
2511 1778 2965 1886 γεγέννηται,
3179 1778 3676 1892 τ-δ-ᾰγῑδνῆνεξμα.

389 1920 570 1961 sermo
599 1905 688 1960 sit.
727 1901 862 1958 Nam
889 1904 1076 1958 omnia
1096 1919 1125 1956 a
1157 1903 1267 1958 Deo
1290 1911 1472 1958 creata
1507 1910 1670 1969 sunt;
1702 1903 1854 1958 solus
1882 1902 1974 1957 Dei

390 1995 562 2051 Filius
593 1995 810 2066 genitus
843 2003 946 2060 est,
984 2010 1049 2049 ac
1088 1993 1241 2050 solus
1275 1992 1514 2064 Spiritus
1549 2002 1776 2049 sanctus
1810 2009 1840 2047 a
1875 1992 1978 2046 Pa-

391 2095 473 2143 tre
507 2088 813 2158 processit'
855 2094 911 2140 et
940 2102 970 2141 a
1009 2083 1148 2141 Filio
1187 2087 1400 2157 accepit
1432 2087 1473 2139 ³.
1521 2085 1732 2142 Cretera
1791 2085 1976 2142 omnia

390 2187 575 2233 creata
632 2187 798 2244 sunt;
856 2192 1035 2248 neque
1064 2193 1094 2231 a
1138 2175 1298 2232 Patre
1339 2186 1757 2249 processerunt;
1799 2194 1978 2250 neque

391 2287 422 2326 a
457 2269 597 2327 Filio
621 2281 976 2341 acceperunt;
996 2270 1090 2326 sed
1109 2287 1172 2326 ex
1197 2271 1538 2342 plenitudine
1558 2271 1705 2336 Filii,
1732 2273 1809 2327 uti
1837 2274 1978 2329 scri-

2077 1904 2141 1956 ὲκ
2181 1903 2394 1976 [ἰατρὸς
2425 1905 2685 1976 προῆλθε,
2723 1907 2816 1961 καὶ
2863 1907 2923 1974 te
2954 1908 3084 1962 Υἱοῦ
3120 1909 3299 1966 ἔλαϐε.
3336 1897 3417 1965 Τὰ
3446 1912 3502 1967 δὲ
3535 1913 3670 1969 ἄλλα

2077 1999 2254 2052 πάντα
2278 1997 2494 2062 κτιστὰ,
2523 1999 2618 2052 καὶ
2639 1997 2763 2054 οὔτε
2790 2001 3124 2073 προελθόντα
3145 2005 3210 2058 ὲκ
3234 1999 3446 2078 Πατρὸς
3467 2007 3670 2079 προῆλ-

2078 2089 2188 2154 θεν,
2222 2088 2347 2143 οὔτε
2378 2090 2472 2144 τοῦ
2504 2091 2632 2146 Υἱοῦ
2658 2092 3025 2164 λαμϐάνοντα,
3056 2096 3194 2152 ἀλλὰ
3227 2099 3291 2151 ὲκ
3320 2098 3414 2152 τοῦ
3446 2099 3685 2172 πληρώα

2081 2197 2248 2252 ματος
2273 2180 2367 2234 τοῦ
2418 2181 2572 2250 Υἱού,
2620 2184 2803 2248 καθὼς
2843 2187 3154 2258 γέγραπται
3178 2203 3194 2221 ο
3240 2189 3324 2257 Τῷ
3361 2191 3470 2261 γὰρ
3501 2193 3671 2262 Λόγῳ

2077 2271 2184 2325 τοῦ
2213 2271 2362 2326 Θεοῦ
2391 2273 2464 2327 τὰ
2491 2273 2690 2328 πάντα
2715 2275 3194 2347 ἐστερεώθησαν,
3225 2281 3324 2334 καί
3365 2281 3448 2348 τῷ
3489 2285 3671 2338 πνεύ-

391 2373 544 2435 ptum
577 2371 663 2418 est
687 2362 748 2416 δε
785 2363 1030 2434 Quippe,
1074 2363 1239 2418 Verbo
1279 2364 1492 2418 Domini
1527 2366 1706 2418 omnia
1757 2367 1978 2436 firmata

2085 2383 2214 2432 ματι
2256 2366 2362 2420 τοῦ
2417 2369 2718 2438 στόματος
2761 2371 2950 2426 αὑτοῦ
3002 2372 3173 2428 πᾶσα
3211 2375 3250 2442 ἡ
3277 2375 3532 2446 δύναμις
3561 2379 3672 2431 αὑ-

390 2463 535 2518 umt,
560 2461 610 2506 et
644 2453 835 2520 spiritu
857 2454 968 2507 oris
990 2452 1103 2522 ejus
1133 2455 1302 2506 omnis
1330 2454 1494 2506 virtus
1522 2469 1705 2506 eorum
1735 2453 1781 2506 '.
1810 2455 1975 2525 Atqui

390 2543 556 2596 etiam
596 2553 906 2597 creaturam
953 2544 1204 2598 conﬁteri
1258 2559 1359 2599 nos
1406 2553 1622 2614 oportet
1642 2587 1661 2610 ,,
1702 2545 1982 2616 inquiunt,

391 2634 834 2705 quandoquidem
871 2634 1156 2705 Scriptura
1195 2645 1463 2690 creaturae
1505 2651 1727 2700 nomen,
1758 2636 1978 2692 itidem-

389 2741 501 2796 que
547 2725 691 2780 fetus
737 2741 834 2795 per
883 2733 1101 2796 tropqu
1134 2740 1198 2779 ac
1250 2727 1625 2796 metaphoram
1672 2727 1977 2795 usurpavit.

393 2817 576 2884 Quare
606 2818 708 2872 etsi
741 2818 904 2871 fetum
950 2818 1310 2887 appellemus,
1355 2834 1461 2870 non
1498 2817 1688 2874 eadem
1724 2819 1844 2888 ejus
1873 2828 1982 2886 est,

395 2925 460 2964 ac
488 2918 810 2964 creterorum
857 2909 1064 2964 fetuum
1127 2911 1284 2964 ratio.
1321 2909 1488 2979 758
1533 2908 1803 2975 Quocirca
1851 2911 1983 2964 dum

398 3003 539 3057 l'etus
563 3003 886 3058 vocabulum
921 3005 1002 3057 sic
1038 3014 1341 3073 usurpant,
1372 3020 1560 3057 verum
1587 3011 1645 3057 ut
1667 3019 1788 3058 esse
1813 3003 1981 3057 fetum

2078 2455 2218 2512 τῶν.
2267 2457 2450 2522 Ἀλλὰ,
2509 2460 2664 2529 φασὶ,
2723 2460 2803 2513 δεῖ
2852 2461 3136 2532 ὁμολογεῖν
3178 2465 3274 2518 καὶ
3327 2466 3388 2519 τὸ
3432 2467 3668 2539 κτίσμα·

2079 2549 2272 2621 ἐπειδὴ
2295 2545 2448 2602 εἶπεν
2483 2554 2515 2620 ή
2563 2551 2776 2624 Γραφὴ,
2825 2554 3232 2628 τροπικώτερον
3272 2556 3565 2630 λεγόμενον
3611 2561 3674 2613 τὸ

2079 2641 2306 2712 κτίσμα,
2358 2643 2454 2697 καὶ
2495 2645 2775 2714 τροπικῶς
2812 2645 3102 2717 λεγόμενον
3153 2649 3214 2702 τὸ
3248 2651 3516 2722 γέννημα.
3555 2653 3676 2707 Κᾶν

2079 2749 2139 2785 τε
2167 2733 2276 2804 γὰρ
2309 2733 2552 2806 εἴπωμεν
2582 2737 2851 2808 γέννημα,
2895 2739 2994 2811 οὐχ
3052 2740 3127 2806 ὡς
3167 2742 3225 2796 ἓν
3253 2743 3362 2796 τῶν
3403 2747 3678 2816 γεννημά-

2079 2843 2188 2878 των
2221 2826 2474 2898 ὲροῦμεν.
2520 2829 2663 2898 ’Ἄρα
2714 2825 2806 2884 οὖν
2846 2833 2906 2884 ὲν
2958 2827 3002 2900 ᾧ
3058 2834 3243 2905 ἐροῦσι
3289 2837 3350 2890 τὸ
3406 2837 3675 2910 γέννημα,

2082 2920 2175 2972 κα)⁵
2217 2920 2314 2972 οὐκ
2363 2921 2614 2992 ἀληθινὸν
2660 2923 2720 2976 τὸ
2771 2924 3036 2998 γέννημα,
3089 2929 3216 2994 τοὺς
3254 2930 3686 3004 ἀκεραιοτέρους

2083 3013 2357 3068 ἀπατῶσι.
2411 3014 2518 3068 Καὶ
2568 3015 2630 3068 τὸ
2683 3019 2891 3090 κτίσμα
2935 3020 2992 3073 δὲ
3039 3022 3436 3095 ὁμολογοῦμεν,
3491 3028 3676 3096 φασίν.

396 3096 490 3152 Dei
522 3095 718 3150 Filium
740 3105 958 3168 negent,
985 3095 1414 3166 simplicioribus
1440 3095 1694 3151 illuduut.
1715 3096 1980 3152 Praeterea

2101 3105 2316 3178 Ἐπειδὴ
2344 3107 2450 3182 γὰρ
2479 3111 2571 3164 καὶ
2605 3111 2744 3182 θύρα
2772 3113 3032 3184 κέκληται
3065 3117 3093 3168 ὁ
3122 3118 3377 3186 Χριστὸς,
3413 3095 3511 3174 καῖ
3537 3122 3678 3192 ὁδὸς,

393 3188 559 3242 etiam
588 3193 919 3250 creaturam,
945 3185 1222 3255 inquiunt,
1245 3201 1368 3241 esse
1398 3186 1742 3240 conﬁtemur.
1767 3185 1983 3241 Etenim

393 3279 650 3334 Christus
695 3279 866 3349 janua
912 3279 1140 3342 dicitur,
1181 3287 1237 3333 et
1282 3279 1406 3343 via,
1443 3279 1738 3348 columna,
1789 3281 1982 3346 nubes,

398 3380 575 3443 petra,
605 3372 746 3436 ovis,
778 3385 974 3441 agnus,
1037 3369 1247 3435 haedus,
1294 3369 1522 3435 vitulus,
1558 3370 1664 3434 leo,
1707 3369 1852 3433 fons,
1898 3386 1988 3426 sa-

399 3461 625 3530 pientia,
666 3457 928 3525 Verbum,
975 3457 1170 3523 Filius,
1203 3460 1453 3530 angelus,
1488 3459 1768 3527 Christus,
1806 3462 1990 3516 Salva-

398 3561 506 3613 tor,
547 3551 830 3615 Dominus,
865 3551 1057 3615 homo,
1088 3550 1261 3606 Filius
1288 3551 1528 3607 hominis
1548 3595 1562 3616 ,
1591 3553 1727 3623 lapis
1758 3555 1986 3624 angula-

399 3646 501 3707 ris,
535 3647 636 3709 sol,
660 3643 942 3714 propheta,
978 3645 1154 3714 panis,
1184 3660 1300 3710 rex,
1333 3645 1692 3712 architectus,
1727 3650 1986 3719 agricola,

401 3743 612 3806 pastor,
644 3733 795 3799 vitis,
820 3742 874 3788 et
905 3733 956 3788 id
986 3749 1158 3804 genus
1187 3736 1311 3788 alia.
1344 3735 1422 3789 Ita
1451 3743 1504 3791 et
1538 3746 1872 3802 creaturam,
1909 3741 1991 3792 in-

400 3827 617 3898 quiunt,
657 3827 830 3880 abusu
860 3827 1094 3896 quodam
1127 3827 1371 3883 nominis
1415 3828 1754 3899 appellamus
1783 3848 1797 3898 ;
1828 3831 1988 3901 idque

401 3919 561 3974 nobis
595 3919 820 3972 omnino
848 3917 1130 3972 fatendum
1172 3927 1277 3974 est.

472 4009 691 4065 XXXV.
743 4012 927 4082 Apage
973 4012 1295 4066 sceleratam
1351 4013 1498 4067 illam
1561 4015 1875 4084 opinionem
1936 4027 1991 4071 et

403 4105 695 4168 callidam;
727 4119 828 4159 nec
857 4105 1137 4176 permittat
1162 4122 1402 4176 unquam
1437 4107 1726 4173 Dominus,
1762 4111 1904 4166 ullus
1932 4119 1991 4164 ut

402 4213 472 4252 ex
509 4198 757 4252 veritatis
807 4196 932 4251 ﬁliis
974 4197 1244 4266 ejusmodi
1290 4199 1640 4257 cavillatione
1688 4205 1992 4258 circumve-

404 4289 589 4344 niatur
615 4308 629 4358 ;
655 4299 815 4360 atque
859 4290 926 4345 iis
954 4291 1260 4346 rationibus
1298 4293 1558 4351 inductus
1593 4309 1860 4354 creatura:
1889 4315 1990 4353 no-

405 4398 529 4438 men
559 4383 627 4437 ad
665 4381 756 4437 Dei
787 4380 984 4436 Filium
1017 4387 1420 4440 accommodari
1450 4404 1613 4459 posse
1638 4393 1740 4446 sibi
1769 4409 1993 4462 persua-

2087 3197 2180 3250 καὶ
2213 3198 2423 3264 στύλος,
2455 3201 2549 3253 καὶ
2577 3203 2797 3273 νεφέλη,
2846 3206 2941 3258 καὶ
2985 3206 3180 3278 πέτρα,
3214 3210 3307 3263 καὶ
3342 3211 3551 3282 ἀρνίον,
3585 3215 3689 3269 καὶ
3785 3223 3798 3242 ‘

2087 3288 2278 3358 ἀμνὸς,
2309 3291 2403 3344 καὶ
2441 3291 2697 3364 χίμαρος,
2731 3296 2825 3348 καὶ
2860 3297 3080 3367 μόσχος,
3111 3300 3206 3353 καὶ
3247 3300 3404 3367 λέων,
3445 3305 3540 3358 καὶ
3577 3323 3684 3378 πη-

2087 3379 2178 3449 γὴ,
2207 3380 2301 3431 καὶ
2327 3381 2506 3449 σοφία,
2539 3385 2632 3436 καὶ
2659 3384 2852 3453 Λόγος,
2886 3388 2982 3441 καὶ
3005 3389 3152 3456 Υἱὸς,
3177 3393 3273 3446 καὶ
3306 3394 3556 3462 ἄγγελος,
3586 3400 3685 3453 καὶ

2089 3472 2341 3540 Χριστὸς,
2380 3475 2473 3527 καὶ
2506 3475 2720 3548 Σωτὴρ,
2753 3478 2845 3530 καὶ
2878 3478 3098 3550 Κύριος,
3128 3484 3219 3536 καὶ
3253 3483 3556 3556 ἄνθρωπος,
3589 3490 3683 3542 καὶ

2091 3564 2216 3628 Υἱὸς
2252 3564 2562 3636 ἀνθρώπου,
2609 3570 2702 3623 καὶ
2735 3569 2881 3634 λίθος
2914 3573 3330 3645 ἀκρογωνιαῖος,
3374 3580 3468 3632 καὶ
3506 3581 3680 3651 ἥλιος,

2090 3659 2185 3709 καὶ
2223 3659 2529 3730 προφήτης,
2581 3662 2674 3715 καὶ
2712 3662 2898 3734 ἄρτος,
2953 3667 3048 3720 καὶ
3097 3667 3369 3738 βασιλεὺς,
3417 3673 3510 3726 καὶ
3537 3676 3684 3729 οἰκος

2090 3748 2269 3820 δόμος,
2309 3752 2401 3804 καὶ
2433 3753 2698 3822 γεωργὸς,
2749 3756 2843 3808 καὶ
2888 3758 3115 3830 ποιμὴν,
3152 3762 3244 3814 καὶ
3291 3762 3552 3832 ἄμπελος,
3589 3768 3684 3820 καὶ

2090 3842 2190 3893 ὅσα
2239 3841 2482 3896 τοιαῦτα.
2535 3844 2710 3907 Οὕτω,
2755 3846 2909 3915 φασὶ,
2961 3850 3138 3903 καὶτὸ
3185 3854 3390 3924 κτίσμα
3429 3855 3685 3928 λέγομεν,

2092 3934 2576 4004 καταχρηστικῶςο
2614 3935 2695 3989 δεῖ
2722 3936 2832 4008 γὰρ
2854 3939 3000 4009 ἡμᾶς
3029 3941 3327 4013 ὁμολογεῖν.

2161 4024 2282 4083 ΛΕ’.
2320 4025 2492 4096 Φεῦγε
2526 4028 2627 4100 τῆς
2669 4030 2926 4104 τοιαύτης
2954 4034 3133 4106 κακῆς
3162 4036 3416 4104 ὑπονοίας
3454 4043 3550 4096 καὶ
3581 4061 3688 4098 παο

2092 4120 2369 4191 νουργίας.
2408 4120 2502 4192 Μὴ
2537 4121 2648 4194 δῴη
2699 4123 2906 4196 Κύριός
2961 4143 3065 4180 τινι
3111 4129 3220 4182 τῶν
3275 4131 3378 4202 τῆς
3428 4134 3687 4206 ἀληθείας

2093 4211 2224 4265 υἱῶν
2257 4213 2566 4284 ὑπαχθῆναι
2594 4219 2659 4287 τῇ
2702 4217 2925 4290 τοιαύτῃ
2955 4222 3228 4295 είρωνείᾳ,
3263 4225 3349 4278 ἵνα
3383 4228 3423 4258 ³⁸
3455 4228 3546 4282 διὰ
3578 4231 3687 4284 τῶν

2095 4304 2353 4358 τοιούτων
2389 4305 2701 4361 ὑποθέσεων
2735 4310 2830 4362 καὶ
2860 4309 2921 4362 τὸ
2944 4311 3037 4365 τοῦ
3072 4314 3371 4384 κτίσματος
3400 4318 3574 4390 ὄνομα
3604 4324 3687 4386 είς

2093 4397 2182 4450 τὸν
2214 4397 2341 4451 Υίὸν
2373 4397 2471 4452 τοῦ¹
2493 4398 2627 4452 Θεοῦ
2650 4401 3028 4474 εἰσδεξάμενον
3059 4405 3366 4478 πεισθῆναι,
3394 4413 3488 4465 καὶ
3513 4412 3687 4478 οὕτως

405 4472 552 4539 deat,
595 4481 758 4542 atque
786 4473 857 4526 ita
886 4473 1228 4543 proﬁteatur.
1269 4475 1476 4530 Etenim
1514 4479 1677 4552 hujus
1711 4484 1867 4538 nobis
1895 4500 1982 4555 ap-

2096 4489 2403 4559 ὁμολογεῖν·
2437 4490 2678 4546 δότωσαν
2703 4493 2812 4564 γὰρ
2846 4472 2979 4566 ημῖν
3010 4497 3202 4552 τούτου
3228 4472 3328 4572 τὴν
3353 4472 3566 4574 χρῆσιν,
3593 4472 3688 4559 καῖ

407 4567 714 4638 pellationis
745 4582 926 4629 usum,
959 4579 1121 4636 atque
1144 4570 1445 4639 explicatas
1474 4574 1713 4631 rationes
1740 4576 1988 4632 afferant.

405 4651 540 4708 Nam
576 4654 667 4707 illa
716 4655 934 4724 quidem
982 4656 1164 4709 omnia
1207 4674 1303 4727 per
1343 4661 1684 4718 catachresin
1724 4682 1994 4737 usurpan-

406 4761 518 4816 tur,
568 4769 744 4823 neque
781 4751 902 4806 Filii
952 4753 1296 4810 divinitatem
1358 4758 1647 4829 impetunt,
1694 4769 1787 4816 aut
1845 4764 1992 4822 illius

405 4847 702 4902 essentiam
740 4861 769 4899 a
801 4855 1025 4916 paterna
1056 4849 1165 4902 ulla
1191 4865 1256 4903 ex
1283 4859 1437 4918 parte
1471 4853 1704 4909 deﬁcere
1732 4865 1989 4927 arguunt.

408 4937 536 4993 Sive
569 4939 778 5008 janua"
811 4949 1034 4994 vocetur
1081 4959 1094 5002 ;
1136 4943 1395 5010 quoniam
1442 4960 1538 5014 per
1582 4946 1732 5002 illum
1767 4949 2000 5021 ingredi-

291 5057 294 5060 ~
357 5089 360 5092 ,
406 5047 562 5097 mur;
615 5031 729 5085 sive
772 5031 860 5084 via
889 5032 931 5098 ⁷,
959 5033 1219 5102 quoniam
1253 5049 1350 5102 per
1386 5035 1566 5105 ipsum
1609 5040 1994 5110 ambulamus;

408 5123 523 5177 sive
559 5124 838 5189 columna,
879 5125 1023 5195 quod
1057 5126 1304 5182 veritatis
1333 5127 1734 5184 ﬁrmamentum
1767 5133 1858 5189 ille
1889 5135 1993 5200 sit;

413 5218 527 5270 sive
561 5219 764 5280 nubes,
809 5219 956 5287 quod
996 5219 1279 5274 lsraelitas
1307 5223 1605 5288 protexerit
1633 5224 1685 5288 κς
1719 5225 1835 5282 sive
1886 5229 1995 5283 alio

415 5309 576 5362 modo
607 5310 883 5374 columna,
914 5323 1134 5384 propter
1167 5313 1310 5385 ignis
1338 5315 1484 5369 illius
1509 5317 1881 5386 splendorem,
1901 5325 1994 5392 qui

2099 4579 2196 4650 τὴν
2226 4580 2334 4634 τῶν
2375 4581 2652 4652 λογισμῶν
2685 4584 2962 4640 ἀπόδοσιν.
2983 4591 3184 4644 -Πάντα
3214 4592 3322 4664 γὰρ
3364 4597 3547 4648 ἐκεῖνα
3589 4614 3689 4650 κα-

2099 4673 2482 4742 ταχρηστικῶς
2509 4675 2742 4747 εἴρηται,
2775 4678 2928 4732 οὐδὲν
2954 4683 3033 4746 είς
3059 4681 3156 4755 τὴν
3185 4684 3414 4756 θεότητα
3439 4687 3533 4742 τοῦ
3558 4689 3689 4744 Υίοῢ

2101 4764 2497 4834 ὲνσκήπτοντα,
2530 4767 2654 4820 οὔτε
2699 4769 2892 4841 ἐλλιπῆ
2927 4773 3224 4844 ποιούμενα
3274 4777 3412 4847 πρὸς
3450 4781 3541 4834 τὸν
3574 4782 3690 4836 Πα-

2098 4857 2233 4929 τέρα
2261 4859 2362 4930 τῆς
2408 4861 2572 4915 αὐτοῦ
2618 4864 2949 4936 ούσιότητος.
2997 4870 3115 4923 Κᾶν
3156 4888 3214 4924 τε
3263 4871 3402 4945 θύρα
3447 4875 3688 4949 λεχθείη,

2097 4950 2283 5042 ἐπειδὴ
2314 4951 2383 5042 δι’
2416 4952 2579 5042 αὐτοῦ
2608 4957 2995 5028 εἰσερχόμεθα-
3029 4963 3129 5016 κᾶν
3159 4981 3220 5016 τε
3245 4965 3382 5032 ὁδὸς,
3414 4970 3599 5042 ἐπειδὴ
3623 4972 3690 5025 δι’

2097 5038 2263 5092 αὑτοῦ
2304 5040 2613 5114 βαδίζομεν,
2649 5045 2750 5101 κᾶν
2789 5065 2848 5101 τε
2896 5049 3110 5116 στύλος,
3137 5055 3325 5126 ἐπειδὴ
3355 5059 3517 5123 αὐτός
3542 5038 3711 5115 ἐστιν

2099 5132 2381 5203 ἑδραίωμα
2412 5135 2512 5206 τῆς
2536 5135 2820 5207 ἀληθείας’
2854 5139 2956 5194 κᾶν
2978 5160 3037 5195 τε
3065 5145 3283 5217 νεφέλη,
3312 5150 3498 5221 ἐπειδὴ
3531 5153 3685 5206 ἐσκέ-

2099 5240 2242 5277 πασε
2291 5225 2418 5289 τοὺς
2449 5227 2599 5292 υἱοὺς
2641 5229 2884 5301 Ἰσραήλ·
2923 5233 3025 5298 κάν
3061 5252 3120 5288 τε
3156 5237 3346 5303 στύλος
3375 5240 3461 5294 διὰ
3491 5241 3552 5294 τὸ
3581 5225 3730 5340 φωαῆ

2101 5316 2275 5340 ---..ι..
2316 5317 2405 5340 --π
2445 5318 2613 5340 --.-ι-
2667 5320 2688 5340 ες
2741 5323 2753 5340 .
2827 5321 2839 5338 ο
3047 5327 3060 5340 .
3165 5331 3191 5340 ..
3237 5331 3249 5340 .
3312 5332 3324 5340 .
3551 5333 3572 5340 -

2100 5316 2276 5369 τεινὸν
2314 5317 2408 5370 τοῦ
2441 5318 2632 5390 πυρὸς,
2664 5320 2692 5372 ὃ
2738 5321 3004 5392 ἐφώτισεν
3043 5327 3102 5382 ὲν
3129 5331 3194 5400 τῇ
3233 5331 3424 5403 ἐρήμῳ
3446 5349 3459 5362 ·
3505 5333 3607 5387 κᾶν
3632 5351 3687 5388 τε

415 5417 510 5470 per
544 5404 891 5459 solitudinem
940 5407 1196 5472 illuxit’;
1237 5407 1354 5462 sive
1399 5424 1600 5463 manna
1627 5411 1692 5475 ιο,
1736 5414 1982 5481 quoniam

2107 5409 2302 5478 μάννα,
2337 5410 2525 5482 ἐπειδὴ
2572 5411 2882 5484 ἠρνήσαντο
2928 5417 3092 5473 αὐτὸν
3125 5422 3288 5492 ἄρτον
3333 5425 3688 5497 ἐπουράνιον

412 5495 691 5551 caelestem
728 5496 878 5551 illum
906 5514 1098 5568 panem
1130 5507 1497 5571 negaverant;
1525 5501 1640 5558 sive
1672 5504 1997 5577 panis,quia

2105 5503 2206 5556 κᾶν
2236 5519 2295 5556 τε
2325 5502 2513 5574 ἄρτος,
2537 5505 2727 5577 ἐπειδὴ
2749 5507 2819 5561 δι’
2846 5509 3009 5566 αὐτοῦ
3039 5513 3561 5589 ίσχυροποιούμεθα·
3593 5520 3692 5575 κᾶν

492 5749 508 5828 ξ
550 5747 688 5804 Gen.
718 5749 858 5828 ιιι.)
889 5766 1064 5828 sqq._
1087 5752 1107 5781 ’
1135 5749 1296 5828 J_oan.
1331 5768 1429 5828 xv,
1457 5747 1552 5828 iii:
1628 5751 1976 5828 '_Jgan._xw.
2003 5752 2256 5828 ηαδ.--
2286 5750 2488 5828 "__Joa_n.
2517 5767 2556 5812 ι.
2583 5752 2699 5828 ιδ.--
2749 5756 2770 5786 ⁵
2799 5753 2944 5828 Psal.
2971 5771 3143 5828 xxxii,
3173 5759 3227 5812 δ.
3305 5761 3327 5790 '
3356 5760 3514 5816 Joau.
3545 5776 3601 5828 ι,
3632 5759 3686 5818 9.

415 5819 441 5853 ‘
471 5817 634 5884 δείξω.
665 5820 856 5891 ιιν,6.
933 5817 990 5855 ’⁵
1024 5819 1196 5882 Exod.
1225 5838 1346 5893 xm,
1372 5824 1464 5892 21,
1486 5823 1578 5879 22.

1655 5826 1675 5858 ’
1700 5823 1871 5881 Exod.
1902 5840 2010 5895 xiv,
2047 5824 2136 5881 l9.
2214 5825 2260 5858 ¹⁰
2292 5821 2466 5878 Exod.
2498 5824 2722 5892 “1,15.
2800 5826 2842 5859 ¹¹
2875 5825 2984 5886 Pro
3017 5827 3104 5884 ῐνα
3142 5828 3246 5897 leg.
3278 5829 3394 5889 καί.
