4138 6396
466 380 591 444 ἙΒἹ

1235 382 1606 447 ADVERSUS
1641 387 1987 449 IleBESES
2022 392 2151 453 LIB.
2179 386 2436 453 IL'I‘OM.
2473 394 2539 454 ῙῙ.
2560 430 2628 442 -
2653 397 2926 460 ΙΙᾸΞΒΕΒ.
2966 401 3152 462 LXIX.

3644 410 3754 468 ειεε

478 513 545 554 τι
573 496 827 567 ἄγγελος,
868 497 1055 571 ἔπειδὴ
1088 497 1333 591 μεγάλης
1376 502 1573 576 βουλῆς
1601 503 1851 574 ἄγγελος.
1897 505 2064 579 Ὀμώ·

2174 524 2276 566 nos
2304 510 2594 566 confirmat
2626 528 2689 568 ac
2721 516 2948 570 roborat
2975 516 3029 583 ¹;
3063 515 3179 573 sive
3222 518 3467 589 angelus.
3496 520 3752 591 quoniam

482 608 653 663 νυμον
677 592 785 662 γάρ
817 593 932 646 ἐστι
970 593 1033 647 τὸ
1062 590 1159 648 τοῦ
1188 594 1423 663 ἀγγέλου
1448 596 1638 668 ὄνομα.
1688 598 1934 663 Έδέξατο
1961 598 2071 671 γὰρ

480 680 517 756 ἡ
564 681 731 738 Ῥαὰϐ
767 682 895 746 τοὺς
936 682 1204 752 ἀγγέλους
1228 700 1244 715 ο
1270 684 1364 738 καὶ
1412 686 1516 739 οὐκ
1565 682 1707 758 ἦσαν
1766 686 1988 757 ἄγγελοι
2019 690 2068 742 οἱ

480 772 906 844 ἀπεσταλμένοι,
940 774 1056 829 ἀλλ’
1083 775 1116 847 ἢ
1151 777 1200 830 oi
1246 776 1670 847 ἀναγγείλαντες
1698 779 1948 852 περὶτοῦ
1979 782 2071 835 τό·

488 880 608 920 που.
653 866 808 919 Οὕτω
851 866 946 919 καὶ
984 869 1014 920 6
1047 868 1379 941 Μονογενὴς,
1446 870 1633 943 ἐπειδὴ
1676 872 1969 944 ἀνήγγειλε
2006 875 2068 928 τὸ

482 956 694 1028 θέλημα
722 959 816 1012 τοῦ
844 960 1060 1032 Πατρὸς
1088 964 1202 1025 τοῖς
1233 961 1563 1034 ἀνθρώποις,
1602 965 1844 1037 μεγάλης
1873 966 2069 1038 βουλῆς

476 1049 730 1118 ἄγγελος,
760 1053 816 1104 ὲν
842 1051 922 1121 τῷ
956 1052 1146 1124 κόσμῳ
1171 1052 1522 1122 ἀναγγέλλων
1547 1056 1647 1127 τὴν
1677 1058 1918 1129 μεγάλην
1942 1058 2068 1128 βου-

480 1140 600 1213 λήν.
627 1141 732 1196 Καὶ
756 1141 924 1207 λίθος,
958 1144 1061 1199 οὐκ
1103 1145 1428 1217 ἀναίσθητος
1464 1149 1493 1200 6
1521 1147 1687 1215 λίθος,
1727 1149 1862 1204 ἀλλά
1895 1166 2067 1205 κατα-

475 1229 812 1299 χρηστικῶς,
844 1230 932 1285 διά
966 1232 1028 1286 τὺ
1069 1233 1402 1306 πρόσκομμα
1445 1238 1727 1306 γεγονέναι
1770 1239 2065 1308 Ἰουδαίοις,

473 1318 612 1390 ἡμῖν
652 1319 709 1373 δὲ
747 1321 992 1391 θεμέλιον
1020 1325 1314 1396 σωτηρίας.
1339 1327 1449 1380 Kal
1477 1328 1870 1400 ἀκρογωνιαϊος
1898 1331 2064 1397 λίθος,

473 1410 568 1465 διὰ
588 1411 651 1465 τὸ
669 1413 985 1482 ὲπισφίγξαι
1016 1416 1261 1471 Παλαιὰν
1291 1420 1384 1472 καὶ
1408 1419 1554 1473 Νέαν
1583 1422 1880 1495 Διαθήκην,
1910 1441 2068 1495 περι-

479 1502 656 1572 τομήν
680 1519 739 1555 τε
786 1504 881 1557 καὶ
914 1504 1282 1576 ἀκροϐυστίαν
1324 1511 1404 1573 είς
1458 1510 1586 1581 μίαν
1618 1511 1831 1567 ἕνωσιν.
1872 1516 2067 1585 Ἀμνὸς

479 1592 558 1658 δὲ,
583 1593 670 1648 διὰ
696 1595 758 1648 τὸ
784 1596 1010 1662 ἀκακον,
1040 1598 1132 1652 καὶ
1160 1598 1222 1652 τδ
1250 1600 1318 1654 δι’
1347 1602 1510 1656 αὐτοῦ
1540 1603 1640 1676 τὴν
1663 1606 1934 1677 ἁμαρτίαν
1958 1609 2067 1661 ἀπὸ

479 1684 588 1737 τῶν
639 1686 941 1758 ἀνθρώπιον
988 1691 1305 1760 ἠφανίσθαι,
1345 1696 1404 1749 ἐν
1435 1695 1525 1765 τῷ
1567 1697 1731 1750 αὐτὸν
1777 1698 1857 1769 τῷ
1892 1700 2068 1771 Πατρὶ⁹

482 1780 909 1851 προσενηνέχθαι
939 1783 1210 1854 πρόϐατον
1250 1786 1331 1849 είς
1378 1788 1624 1858 σφαγήνυ
1671 1788 1858 1859 ιπειδὴ
1902 1786 2065 1861 ἦλθεν

483 1871 622 1944 ὕπερ
666 1873 825 1945 ἡμῶν
871 1853 1063 1930 παθεῖν
1095 1879 1125 1932 6
1156 1876 1396 1950 ἀπαθὴς,
1426 1853 1524 1932 ira
1549 1853 1729 1950 -ήμεϊς
1778 1853 2061 1953 σωθῶμεν.
2095 1853 2140 1910 Β

481 1966 592 2019 Kal
617 1966 672 2018 εί
695 1967 748 2021 τί
790 1969 940 2023 ἐστιν
974 1969 1159 2042 ἕτερον
1191 1973 1311 2034 ταῖς
1342 1972 1532 2036 αὑταῖς
1564 1974 1795 2045 κρήσεσι
1822 1975 2065 2047 συμϐαλ-

480 2054 706 2126 λόμενον
757 2061 839 2123 είς
889 2062 1162 2132 σωτηρίαν
1202 2062 1335 2116 υίῶν
1364 2063 1473 2117 τῶν
1520 2064 1846 2136 ἀνθρώπων,
1897 2084 2066 2121 κατα-

480 2151 792 2222 χρηστικῶς
817 2153 926 2208 ἀπὺ
952 2154 1052 2223 τῆς
1077 2154 1226 2219 θείας
1251 2155 1472 2228 Γραφῆς
1505 2158 1586 2221 είς
1610 2157 1772 2211 αὑτὸν
1796 2159 2067 2232 ἀναφέρε-

481 2259 594 2298 ται.

2174 602 2359 673 magni
2390 605 2604 659 consilii
2638 607 2863 677 angelus
2894 614 2979 661 est
3014 608 3057 660 ’.
3098 604 3195 663 Est
3232 609 3377 663 enim
3425 608 3602 679 angeli
3648 626 3755 668 vox

2173 688 2523 762 homonyma.
2554 690 2767 765 Quippe
2796 693 2988 749 Bahab
3015 694 3250 766 :angelos
3289 699 3572 768 excepisSe
3617 699 3757 754 dici-

2171 788 2263 836 tur
2290 781 2334 836 ³.
2369 782 2556 853 Neque
2591 791 2771 840 tamen
2807 786 2982 856 angeli
3009 795 3167 841 erant
3188 787 3280 857 qui
3316 786 3469 843 missi
3500 786 3756 854 fuerunt;

2172 874 2266 929 sed
2306 876 2510 941 nuntii,
2544 876 2641 946 qui
2663 877 2730 931 de
2765 878 3006 947 regionis
3043 885 3241 932 natura
3271 879 3405 933 certi
3434 878 3640 950 aliquid
3670 893 3758 935 re-

2170 969 2430 1022 tulerunt.
2456 968 2575 1035 Qua
2598 969 2789 1024 eadem
2822 971 3035 1027 ratione
3067 970 3160 1027 Dei
3193 966 3364 1026 Filius
3390 987 3490 1043 pro
3517 988 3583 1028 eo
3610 973 3756 1042 quod

2168 1055 2348 1113 Patris
2382 1061 2718 1116 voluntatem
2746 1063 3016 1118 nuntiavit
3036 1063 3371 1129 hominibus,
3405 1063 3592 1134 magni
3614 1077 3753 1117 con-

2169 1152 2277 1208 silii
2312 1154 2549 1225 Angelus
2593 1155 2814 1222 dicitur,
2865 1156 2959 1226 qui
2998 1171 3252 1227 magnum
3298 1156 3431 1211 illud
3462 1156 3755 1212 consilium

2170 1244 2377 1299 mundo
2425 1246 2781 1317 significavit.
2832 1244 2950 1302 Jam
2993 1262 3116 1304 cum
3161 1246 3299 1319 lapis
3343 1248 3601 1317 dicitur‘,
3643 1263 3755 1303 non

2169 1350 2366 1392 sensus
2395 1350 2593 1409 expers
2637 1341 2776 1411 lapis
2825 1340 3024 1410 aliquis
3075 1340 3463 1411 intelligendus
3506 1348 3610 1405 est,
3659 1341 3755 1398 sed

2172 1443 2270 1499 per
2316 1432 2662 1487 catachresin
2712 1440 3026 1502 usurpatur,
3060 1447 3125 1487 eo
3157 1432 3305 1503 quod
3348 1430 3550 1488 Judaeis
3586 1431 3755 1489 oll‘en-

2170 1521 2311 1577 sioni
2355 1523 2517 1578 fuerit
2546 1542 2558 1578 :
2602 1523 2764 1578 nobis
2795 1538 2925 1579 vero
2955 1523 3367 1578 fundamentum
3395 1523 3611 1580 salutis.
3642 1525 3755 1580 Ana-

2169 1612 2377 1682 gularis
2428 1626 2560 1669 vero
2596 1614 2735 1685 lapis
2761 1612 2805 1679 ⁵,
2840 1613 3047 1669 idcirco
3076 1614 3221 1685 quod
3251 1613 3419 1671 Vetus
3447 1630 3511 1670 ac
3540 1614 3754 1671 Novum

2169 1704 2604 1771 Testamentum,
2656 1706 3133 1760 circumcisionem
3197 1719 3262 1760 ac
3317 1708 3644 1777 prmputium
3697 1707 3755 1765 in

2168 1810 2337 1849 unum
2367 1797 2705 1852 consociarit
2743 1811 2807 1852 ac
2849 1796 3176 1853 devinxerit.
3200 1797 3428 1869 Agnus°
3451 1801 3582 1855 item
3625 1811 3753 1870 pro-

2169 1894 2292 1958 pter
2318 1888 2687 1944 innocentiam
2723 1905 2737 1942 :
2783 1895 2899 1942 tum
2944 1887 3092 1959 quod
3123 1886 3407 1943 hominum
3439 1890 3620 1946 scelus
3658 1903 3755 1961 per

2167 1980 2348 2050 ipsum
2403 1979 2568 2050 759
2613 1979 2834 2050 penitus
2872 1980 3204 2035 exstinctum
3251 1978 3445 2049 fuerit,
3482 1996 3606 2036 cum
3635 1981 3755 2039 ovis

2167 2074 2344 2128 instar
2365 2072 2642 2143 iugulatus
2673 2088 2735 2127 ac
2761 2072 2910 2127 Patri
2932 2074 3149 2131 oblatus
3171 2084 3288 2142 eSt;
3313 2075 3754 2147 quandoquidem

2167 2173 2228 2219 ut
2255 2175 2354 2235 pro
2393 2165 2553 2220 nobis
2581 2155 2959 2234 pateretur,‘is
2990 2165 3085 2235 qui
3116 2166 3255 2220 nihil
3279 2167 3392 2236 pati
3416 2176 3629 2239 poterat
3655 2167 3754 2221 ads

2165 2256 2337 2320 venit,
2373 2261 2434 2310 ut
2463 2269 2565 2311 nos
2591 2254 2729 2311 salvi
2761 2273 2883 2314 esse
2910 2271 3221 2327 possemus.
3248 2255 3329 2313 Ac
3358 2258 3406 2313 si
3441 2257 3572 2329 quid
3600 2249 3752 2312 aliud

483 2340 571 2387 est
614 2334 759 2404 quod
789 2335 981 2391 eodem
1023 2353 1127 2393 usu
1156 2337 1225 2394 ad
1255 2339 1488 2395 salutem
1525 2341 1810 2396 hominum
1839 2345 2246 2402 accommodari
2287 2347 2492 2418 possit,
2550 2361 2647 2417 per
2684 2346 3035 2404 catachresin
3072 2347 3131 2403 in
3176 2347 3351 2404 Sacris
3406 2344 3631 2403 Litteris
3685 2341 3755 2402 ad

480 2427 635 2484 illum
669 2431 1017 2488 transfertur.

549 2542 690 2609 Aq'.
711 2538 882 2597 Τίοῦν
907 2544 967 2598 τὸ
995 2544 1200 2616 κτίσμα
1221 2538 1585 2618 ιῖ›φελήσειεν;
1614 2547 1648 2619 ἦ
1682 2548 1841 2602 ποίαν
1868 2549 2063 2623 χρῆσιν

480 2637 716 2688 ποιεῖται
746 2636 882 2707 πρὸς
910 2636 1008 2708 τὴν
1031 2636 1188 2708 ἡμῶν
1219 2640 1512 2709 σωτηρίαν,
1549 2641 1643 2695 καὶ
1678 2642 1813 2713 πρὸς
1840 2643 1936 2714 τὴν
1966 2640 2061 2697 τοῦ

480 2723 616 2778 Θεοῦ
650 2725 826 2793 Λόγου
860 2724 1123 2797 ἔνσαρκον
1156 2726 1463 2796 δοξολογίαν
1506 2728 1602 2782 καὶ
1634 2728 1843 2784 τελείαν
1877 2731 2063 2801 θεότη-

478 2829 548 2868 τα
566 2831 581 2879 ;
609 2814 1046 2887 Τίῶφελείήμᾶς
1064 2816 1125 2871 τὸ
1144 2816 1324 2886 λέγειν
1339 2818 1502 2873 αὑτὸν
1521 2820 1754 2891 κτίσμα;
1775 2820 1841 2874 Τί
1856 2823 2061 2893 κτίσμα

478 2909 601 2971 ταῖς
632 2907 875 2962 κτίσεσιν
904 2910 1231 2980 ὲργάζεταις
1267 2910 1319 2963 τί
1351 2910 1555 2981 κτίσμα
1594 2911 1794 2982 ὠφελεῖ
1823 2912 1921 2976 τὰς
1949 2913 2066 2968 κτί-

482 3012 628 3060 σεις;
662 2996 786 3062 Πῶς
827 2998 884 3051 δὲ
933 2998 1146 3053 ἔκτισεν
1188 3001 1218 3053 6
1256 3000 1389 3064 Θεὸς
1430 3001 1560 3056 Θεὸν
1587 3003 1668 3066 εἰς
1695 3004 2063 3076 προσκύνησιν

478 3087 673 3153 διδοὺς,
728 3090 893 3144 ὁπότε
949 3090 1133 3160 λέγει’
1192 3091 1306 3161 Μὴ
1340 3092 1604 3163 ποιήσῃς
1659 3095 1895 3161 σεαυτῷ
1942 3095 2066 3152 πᾶν

2240 2538 2483 2602 XXXVI.
2532 2542 2743 2617 Ecquid
2794 2561 2924 2618 ergo
2976 2544 3244 2619 prodesse
3292 2546 3454 2603 nobis
3502 2554 3755 2606 creahm

2167 2639 2386 2710 posset?
2430 2647 2524 2692 aut
2570 2638 2701 2708 quid
2735 2639 2802 2694 ad
2841 2640 3074 2695 salutem
3119 2640 3401 2695 hominum
3436 2640 3751 2709 conferret.

2167 2729 2253 2783 vel
2276 2728 2341 2782 ad
2361 2727 2532 2781 divini
2553 2725 2715 2782 Verhi
2740 2729 3009 2783 incarnati
3028 2729 3278 2799 gloriam,
3302 2728 3753 2801 divinitatemque

2170 2818 2510 2890 perfectam?
2538 2818 2700 2886 Quid,
2739 2822 2983 2891 inquam.
3011 2821 3173 2877 nobis
3204 2820 3489 2892 profuerit,
3516 2824 3563 2879 si
3592 2838 3754 2879 crea-

2170 2916 2352 2963 turam
2410 2910 2563 2964 illum
2609 2908 2947 2965 dixerimus?
2995 2908 3137 2976 Quid
3190 2919 3276 2966 est
3319 2906 3465 2981 quod
3502 2921 3752 2967 creatum

2172 2996 2379 3070 aliquid
2441 3000 2711 3055 creaturis
2769 2998 3051 3070 prodesse,
3104 3007 3199 3053 aut
3253 2999 3506 3056 utilitatis
3557 3000 3753 3057 all'erre

2170 3090 2381 3161 possit?
2426 3090 2505 3145 Ad
2547 3091 2660 3144 haec
2693 3091 2967 3161 quomodo
3014 3088 3160 3145 Deus
3214 3087 3385 3145 Deum
3432 3093 3659 3157 creavit,
3693 3099 3752 3148 et

480 3182 744 3253 ὁμοίωμα
783 3181 937 3252 μήτε
980 3180 1079 3238 ἐπὶ
1115 3182 1247 3255 γῆς,
1276 3184 1431 3255 μήτε
1476 3187 1547 3240 ἐν
1572 3187 1829 3256 οὐρανῷ,
1863 3188 2064 3258 καὶμὴ

2174 3180 2513 3237 adorandum
2553 3180 2837 3251 proposuit
2860 3219 2876 3243 ,
2907 3195 3032 3235 cum
3079 3180 3312 3250 ipsemet
3346 3179 3585 3235 dixerit:
3623 3179 3753 3239 Non

480 3271 933 3339 προσκυνήσεις
954 3271 1151 3339 αὐτῷ;
1180 3272 1303 3336 Πῶς
1331 3269 1425 3328 οῦν
1457 3275 1671 3331 ἔκτισεν
1707 3274 1885 3347 ἐαυτῷ
1911 3276 2061 3344 Υίὸν,

478 3362 575 3416 καὶ
607 3362 834 3427 ἐπέταξε
859 3363 1315 3435 προσκυνείσθαι;
1354 3365 1586 3435 μάλιστα
1608 3366 1703 3421 τοῦ
1740 3367 2060 3422 Ἀποστόλου

477 3451 728 3521 λέγοντος
746 3471 761 3485 ο
812 3454 922 3509 Kal
971 3454 1350 3524 ἐλάτρευσαν
1394 3456 1470 3526 τῇ
1510 3459 1704 3513 κτίσει
1748 3461 1910 3527 παρὰ
1955 3459 2065 3513 τὸν

477 3546 790 3612 κτίσαντα,
822 3547 921 3601 καὶ
944 3547 1395 3618 ἐμωράνθησαν.
1427 3550 1628 3623 Μωρὺν
1663 3549 1772 3623 γὰρ
1794 3552 1856 3605 τὸ
1885 3551 2064 3605 κτίσιν

480 3635 772 3708 θεολογεῖν.
802 3639 1015 3694 ἀθετεῖν
1037 3638 1097 3693 δὲ
1134 3640 1367 3713 πρώτην·
1385 3641 1604 3711 ἐντολὴν
1627 3642 1727 3715 τὴν
1756 3641 2021 3711 λέγουσαν
2044 3655 2058 3672 ⁶

478 3730 701 3798 Κύριον
734 3730 843 3784 τὸν
880 3731 1031 3786 Θεόν
1069 3746 1187 3786 σου
1233 3732 1706 3801 προσκυνήσεις,
1752 3733 1853 3787 καί
1900 3730 2061 3799 αὺτῷ

471 3824 642 3890 μόνῳ
684 3822 1058 3890 λατρεύσεις.
1099 3822 1191 3876 Διὸ
1230 3823 1265 3893 ἠ
1299 3823 1432 3890 ἁγία
1458 3822 1553 3877 τοῦ
1590 3823 1725 3877 Θεοῦ
1765 3823 2060 3894 Ἐκκλησία

477 3909 541 3963 οὐ
570 3910 776 3982 κτίσμα
804 3915 1123 3983 προσκυνεῖ,
1141 3913 1278 3967 ἀλλά
1298 3914 1426 3968 Υίδν
1442 3915 1722 3986 γεννητὸν,
1753 3916 1975 3988 Πατέρα
2002 3918 2063 3971 ὲν

478 4001 616 4073 Υἱῷ,
646 4003 776 4057 Υίὸν
801 4006 858 4056 ὲν
886 4004 1080 4074 Πατρὶ,
1110 4004 1207 4059 σὺν
1237 4005 1378 4076 ἀγίῳ
1417 4004 1714 4076 Πνεύματι.
1761 4006 1921 4061 Ἀλλά
1951 4006 2062 4074 ναὶ,

478 4093 664 4164 φησιν,
706 4095 833 4149 Ἐάν
864 4094 974 4167 γὰρ
1003 4095 1079 4166 μὴ
1121 4096 1281 4162 εἴπω,
1312 4097 1397 4150 ὅτι
1428 4096 1655 4166 κτίσμα,
1684 4098 1869 4168 φησὶν,
1907 4096 2064 4153 ἐλάτ-

476 4200 645 4240 τωσιν
669 4185 963 4257 προσφέρω
982 4185 1063 4256 τῷ
1089 4187 1282 4258 Πατρί.
1310 4184 1386 4239 Τὸ
1405 4186 1512 4259 γὰρ
1539 4187 1755 4241 κτιστὸν
1780 4187 2064 4242 οὑκ-ἐλατ-

477 4280 564 4333 τοῖ
597 4278 688 4332 τὸν
738 4279 1020 4334 κτίσαντα.
1050 4279 1126 4333 T6
1154 4279 1214 4333 δὲ
1243 4281 1643 4351 γεγεννημένον
1668 4281 1734 4335 ὲκ
1763 4280 1998 4350 φύσεως,
2026 4280 2061 4352 ἦ

479 4367 743 4440 συστολὴν
771 4367 1084 4441 ὖργάζεται,
1117 4369 1152 4441 ἢ
1185 4369 1523 4442 πλατυσμὸν,
1553 4369 1588 4441 ἢ
1626 4370 1871 4441 μείωσιν,
1898 4370 1931 4441 ἦ
1973 4386 2065 4425 το-

481 4459 612 4530 μὴν,
640 4459 676 4531 ἡ
705 4477 760 4513 τι
790 4459 902 4515 τῶν
929 4460 1187 4515 τοιούτων
1211 4460 1401 4516 παθῶν
1429 4463 1735 4533 προσάπτει
1758 4460 1837 4531 τῷ
1865 4476 2060 4530 γεγεν·

2163 3274 2332 3345 {acies
2365 3274 2461 3327 tibi
2489 3271 2896 3327 similitudinem
2933 3271 3102 3325 ullam
3125 3311 3140 3337 ,
3172 3287 3335 3342 neque
3364 3272 3418 3326 in
3454 3281 3619 3335 terra.
3650 3288 3746 3328 ne-

2162 3381 2261 3438 que
2284 3366 2340 3420 in
2369 3365 2532 3430 caelo;
2554 3380 2716 3433 neque
2741 3363 2987 3418 adorabis
3012 3363 3164 3417 illam
3184 3365 3204 3399 τ
3225 3360 3249 3417 ?
3271 3361 3556 3430 Quomodo
3581 3363 3749 3433 igitur

2162 3458 2268 3515 sibi
2314 3456 2511 3513 Filium
2540 3458 2783 3523 creavit,
2834 3455 3164 3526 adorarique
3205 3452 3745 3525 jussitlpraesertim

2161 3565 2286 3606 cum
2314 3548 2610 3621 Apostolus
2635 3547 2821 3604 dicat:
2852 3545 2920 3601 Et
2951 3549 3241 3602 servierunt
3285 3556 3544 3603 creatura:
3567 3547 3745 3616 potius

2166 3658 2329 3713 quam
2367 3640 2634 3706 Creatori,
2666 3648 2715 3694 et
2749 3638 2902 3694 stulti
2927 3637 3063 3709 facti
3088 3647 3212 3694 sunt
3241 3637 3284 3692 ⁸.
3316 3638 3556 3693 Stultum
3596 3637 3744 3694 enim

2162 3738 2249 3786 est
2280 3739 2547 3786 creatura:
2579 3729 2921 3785 divinitatem
2952 3728 3222 3791 tribuere,
3252 3742 3316 3782 ac
3344 3727 3580 3798 primum
3609 3726 3743 3797 legis

2158 3823 2364 3879 violare
2391 3822 2708 3877 mandatum
2736 3840 2751 3877 :
2782 3819 3069 3875 Dominum
3093 3817 3263 3874 Deum
3291 3828 3437 3873 tuum
3464 3818 3740 3879 adorabis.

2159 3923 2208 3969 et
2254 3914 2339 3968 illi
2373 3912 2478 3968 soli
2507 3913 2698 3967 servies
2734 3912 2775 3965 ’.
2802 3909 3093 3982 Propterea
3127 3916 3317 3965 sancta
3361 3906 3456 3964 Dei
3496 3908 3740 3964 Ecclesia

2160 4014 2473 4062 creaturam
2508 4020 2617 4059 non
2637 4003 2852 4069 adorat,
2884 4002 2979 4059 sed
3007 4000 3204 4057 Filium
3235 4001 3499 4072 genitum,
3522 4000 3737 4058 Patrem

2161 4098 2216 4153 in
2250 4095 2412 4161 Filio,
2453 4094 2652 4151 Filium
2687 4095 2742 4150 in
2764 4093 2946 4159 Patre,
2981 4109 3105 4154 cum
3142 4091 3347 4164 Spiritu
3382 4101 3595 4148 sancto.
3624 4090 3742 4149 lino

2158 4205 2311 4255 vero,
2360 4188 2636 4260 inquiunt.
2686 4188 2792 4245 nisi
2848 4187 2993 4243 enim
3052 4195 3365 4242 creaturam
3408 4182 3561 4241 illum
3612 4200 3738 4242 esse

2160 4282 2381 4350 dixero,
2413 4279 2590 4336 Patris
2635 4279 2975 4348 majestatem
3009 4276 3299 4333 imminuo.
3344 4274 3558 4331 Etenim
3590 4274 3738 4347 quod

2160 4381 2404 4427 creatum
2440 4367 2661 4434 dicitur,
2692 4363 3010 4421 Creatorem
3044 4378 3153 4418 non
3187 4361 3404 4417 minuit.
3443 4360 3598 4428 Quod
3634 4377 3737 4416 au-

2159 4471 2269 4518 tem
2316 4476 2383 4518 ex
2417 4469 2615 4516 natura
2648 4458 2893 4527 genitum
2927 4464 3032 4521 est,
3071 4455 3499 4511 contractionem
3541 4467 3736 4523 quam-

476 4551 686 4625 νηκὸτι.
715 4552 894 4623 Πολλὴ
942 4551 1001 4606 δὲ
1043 4553 1224 4626 μωρία
1252 4553 1364 4607 τῶν
1409 4553 1633 4608 τοιαῦτα
1673 4553 2058 4624 λογιζομένων,

2163 4554 2311 4617 dam,
2335 4559 2431 4608 aut
2462 4550 2890 4615 collatationem,
2926 4558 3019 4604 aut
3049 4546 3489 4612 diminutionem,
3525 4553 3618 4599 aut
3648 4560 3738 4599 se-

475 4644 554 4709 ῶς
601 4646 692 4715 ἀφ’
721 4645 928 4699 ἑαυτῶν
955 4646 1017 4700 τὸ
1048 4646 1202 4701 Θεῐον
1239 4646 1503 4712 εἰκάζειν,
1527 4644 1620 4700 καὶ⁵
1654 4645 1725 4699 τὰ
1751 4647 1831 4711 εἰς
1863 4645 2060 4710 αὐτοὺς

478 4737 626 4810 πάθη
675 4735 755 4808 τῷ
803 4736 923 4808 Θεῷ
972 4736 1306 4808 προσάπτειν
1357 4735 1693 4807 βουλομένων
1713 4774 1729 4799 ,
1780 4733 1876 4788 τοῦ
1920 4734 2058 4787 Θεοῦ

475 4827 721 4892 ἀπαθοῦς
762 4827 914 4892 ὄντος
951 4827 1250 4893 παντελῶς,
1289 4828 1384 4881 καὶ
1425 4829 1484 4881 ὲν
1512 4825 1589 4899 τῷ
1616 4827 1834 4898 γεννᾷν,
1864 4824 1960 4878 καὶ
1998 4826 2059 4879 ὲν

468 4920 556 4991 τῷ
579 4919 804 4985 κτίζειν.
840 4920 928 4985 Ὠς
949 4919 1060 4992 γάρ
1081 4922 1243 4991 ἡμεῖς
1269 4921 1552 4992 πάσχομεν
1572 4918 1889 4987 γεννῶντες,
1910 4919 2059 4971 ἐπει-

471 5012 541 5084 δὴ
563 5011 776 5065 κτιστοί
808 5012 996 5081 ἔσμεν,
1022 5011 1167 5065 οὕτω
1187 5011 1283 5065 καὶ
1308 5010 1589 5081 κάμνομεν
1619 5008 1913 5074 κτίζοντες.
1940 5008 2054 5062 Kal

472 5105 524 5156 εί
563 5103 767 5173 πάσχει
793 5104 823 5155 6
855 5102 1044 5175 Πατὴρ
1086 5100 1312 5171 γεννῶν,
1346 5103 1453 5174 ἀρα
1483 5102 1575 5155 κα)⁵
1606 5100 1806 5166 κτίζων
1829 5101 2049 5170 κάμνει.

470 5192 601 5257 Πῶς
625 5193 681 5249 δδ
710 5195 838 5265 περὶ
861 5193 996 5248 Θεοῦ
1015 5194 1190 5259 πάθος
1213 5194 1360 5248 ἐστιν
1388 5196 1580 5259 εἰπεῖν,
1607 5194 1780 5248 καὶτὸ
1799 5194 2051 5265 κάμνειν,

472 5284 637 5356 είπερ
667 5285 902 5356 κάμνεις
942 5286 1082 5340 Ἀλλ’
1115 5287 1178 5340 οὐ
1206 5285 1427 5357 κάμνει,
1461 5286 1539 5358 μὴ
1564 5286 1804 5356 γένοιτοί
1835 5288 1919 5341 Οὐ
1954 5302 2053 5341 κο-

473 5375 681 5433 πιάσει
710 5378 843 5449 γὰρ,
876 5380 1040 5450 φησὶν
1065 5381 1099 5451 ἡ
1123 5379 1333 5454 Γραφή.
1356 5379 1579 5449 Πνεῦμα
1605 5373 1698 5434 οῦν
1721 5380 1751 5432 6
1776 5378 1932 5444 Θεὸς,
1961 5379 2056 5433 καὶ

471 5461 704 5540 Πνεῦμα
752 5471 1007 5543 ἀνάρκως
1039 5470 1136 5526 καὶ
1174 5471 1421 5544 ἀχρόνως
1459 5470 1553 5525 τὸν
1588 5471 1718 5527 Υίὸν
1744 5471 2055 5542 ἐγέννησεν,

549 5672 569 5703 ¹
591 5669 752 5728 Joan.
776 5684 853 5740 τι,
880 5670 970 5725 55.
1049 5670 1071 5702 ¹
1100 5668 1204 5726 lsa.
1230 5685 1305 5740 Ix.
1334 5670 1389 5726 5.
1464 5669 1485 5703 ³
1524 5667 1639 5724 1m.
1672 5687 1732 5725 ιι.
1766 5671 1791 5725 1
1824 5684 1944 5740 sqq.

2162 4647 2422 4712 etionem,
2454 4653 2549 4699 aut
2570 4641 2843 4713 ejusmodi
2874 4640 3215 4696 affectionem
3238 4638 3473 4710 aliquam
3503 4636 3552 4692 ei
3580 4634 3738 4692 affert

2162 4751 2194 4791 a
2247 4751 2357 4808 quo
2407 4734 2652 4807 genitum
2686 4741 2795 4789 est.
2852 4730 2961 4787 Sed
2998 4746 3188 4786 eorum
3231 4729 3325 4801 qui
3384 4729 3459 4783 ita
3494 4733 3738 4798 cOgltant

2161 4842 2375 4886 summa
2414 4828 2577 4897 plane
2619 4822 2850 4880 stultitia
2893 4833 3010 4885 est.
3046 4824 3141 4894 qui
3177 4820 3245 4878 de
3276 4821 3463 4877 divino
3508 4822 3737 4878 numine

2160 4921 2532 4990 conjecturam
2555 4934 2621 4974 ex
2654 4916 2851 4988 seipsis
2879 4916 3125 4987 capiunt,
3158 4913 3583 4982 all'ectionesque
3604 4926 3734 4967 suas

2161 5014 2217 5070 in
2261 5012 2429 5069 Deum
2479 5008 2864 5065 transfundere
2909 5016 3197 5073 conantur,
3236 5021 3361 5062 cum
3405 5012 3585 5058 tamen
3616 5010 3729 5056 tam

2161 5109 2216 5162 in
2248 5105 2580 5179 generando,
2609 5119 2774 5175 quam
2802 5104 2858 5157 in
2892 5103 3134 5158 creando
3163 5102 3232 5157 ab
3264 5101 3411 5157 omni
3441 5098 3733 5154 affectione
3831 5100 3853 5120 '

2160 5199 2233 5256 sit
2267 5197 2547 5253 immunis.
2572 5194 2708 5249 Nam
2729 5193 2873 5266 quod
2899 5195 2966 5249 ad
2989 5209 3091 5250 nos
3111 5194 3326 5257 attinet,
3358 5192 3434 5247 uti
3459 5191 3732 5262 gignendo

2158 5290 2418 5362 patimur,
2452 5300 2519 5344 eo
2555 5285 2701 5358 quod
2737 5286 2906 5342 creati
2957 5301 3169 5344 sumus.
3199 5285 3272 5339 ita
3305 5292 3358 5338 et
3387 5281 3627 5338 creando
3666 5297 3732 5337 ac

2160 5380 2434 5435 moliendo
2464 5378 2775 5448 fatigamur.
2803 5375 2984 5443 Quare
3008 5374 3053 5431 si
3077 5372 3387 5446 generando
3411 5370 3572 5424 Pater
3591 5384 3731 5424 non-

2160 5471 2299 5526 nihil
2350 5470 2577 5542 patitur,
2632 5467 2797 5524 etiam
2851 5465 3090 5524 creando
3149 5462 3426 5535 fatigatur.
3490 5461 3729 5528 Quinam

2020 5669 2043 5702 δ
2076 5667 2093 5720 1
2124 5668 2249 5723 Cor.
2282 5683 2336 5727 x.
2366 5667 2421 5723 4.
2496 5666 2517 5699 ⁸
2544 5663 2648 5721 lsa.
2681 5661 2998 5732 xxvm,16;
3030 5659 3230 5733 Ephes.
3257 5675 3316 5729 ιι,
3348 5657 3440 5714 20.
3515 5656 3537 5690 ⁸
3560 5652 3729 5715 Joan.

474 5754 523 5806 I.
554 5740 648 5798 36.
722 5742 743 5774 '
775 5739 947 5797 Exod.
977 5756 1068 5805 xx,
1093 5741 1147 5798 4.
1223 5740 1246 5773 ⁸
1282 5739 1439 5800 Rom.
1476 5757 1516 5808 ι,
1541 5741 1633 5795 25.
1708 5743 1730 5773 ’
1761 5736 1922 5796 Deut.
1949 5756 2024 5806 VI.
2057 5739 2165 5797 15:
2200 5738 2389 5794 Matth.
2421 5736 2476 5805 4,
2508 5736 2593 5791 10.
