4138 6396
395 331 504 391 259

1821 320 1886 376 ὃ.
1923 315 2262 374 EPIPIIANII

399 468 530 508 vero
571 451 682 507 Deo
722 450 888 506 tribui
928 449 1040 504 ulla
1077 441 1348 520 ejusmodi
1393 453 1576 518 potest
1619 441 1832 496 alTeetio
1866 441 1982 495 sive

2105 437 2214 490 9st
2239 437 2302 488 ὲκ
2326 431 2484 496 Θεοῦ,
2515 429 2630 500 φῶς
2661 429 2728 480 ὲκ
2757 426 2956 495 φωτὸς,
2991 423 3125 478 Θεὸν
3155 419 3407 492 ἀληθινὸν
3439 420 3504 472 ὲκ
3531 417 3666 472 Θεοῦ

399 545 755 617 defatigatio?
780 543 937 600 Absit
966 557 1094 598 vero
1134 551 1194 596 ut
1238 541 1454 610 fatigari
1496 536 1815 592 credamus!
1849 531 1977 586 Non

2085 523 2362 597 ἀληθινοῦ,
2391 520 2725 591 γεννηθέντα
2751 517 2812 570 οὐ
2851 513 3157 570 κτισθέντα.

400 597 900 700 enim—clamabit,
949 633 1128 704 inquit
1179 597 1466 700 Scriptura
1503 631 1542 684 ¹.
1591 627 1838 696 Denique
1897 639 2022 677 cum
2069 620 2216 676 Deus
2267 617 2339 672 sit
2397 614 2660 686 Spiritus,
2706 609 2934 680 perinde
2977 615 3032 663 et
3077 605 3340 704 Spiritum
3391 603 3510 658 sine
3561 597 3671 654 ullo

400 731 560 786 initio
609 739 704 784 aut
741 737 990 798 tempore
1024 699 1223 800 petiuit
1267 699 1466 779 Filium
1489 765 1504 789 ,
1539 721 1712 778 Deum
1741 720 1810 775 de
1855 717 1985 782 Deo,
2031 716 2217 769 lumen
2257 711 2326 767 de
2364 709 2571 765 lumine
2595 747 2611 773 ,
2641 705 2819 761 Deum
2853 717 3041 760 verum
3073 702 3142 757 de
3202 699 3314 755 Deo
3353 713 3516 763 vero,
3579 711 3672 766 ge-

401 827 576 882 nitum
617 841 726 880 non
751 831 1020 892 creatum.

473 917 636 988 760
669 881 933 968 xxxiii.
973 913 1056 968 Ab
1097 912 1200 966 hac
1253 909 1552 981 scripturae
1599 905 1874 962 sententia
1914 902 1984 956 ad

402 1010 539 1062 alias
585 1005 982 1060 transeundum
1017 1005 1180 1058 modo
1209 1003 1370 1057 nobis
1395 1009 1500 1066 est,
1531 1015 1672 1070 quas
1696 1013 1983 1070 perperam

402 1099 736 1167 accipientes
761 1109 1030 1165 usurpare
1055 1109 1120 1148 ac
1150 1095 1442 1149 decantare
1473 1093 1672 1155 solent,
1697 1105 1836 1161 quas
1863 1091 1986 1160 qui-

403 1189 526 1242 dem
553 1190 713 1242 initio
748 1187 1316 1242 commemoravimus.
1357 1183 1434 1239 Ac
1466 1184 1700 1254 primum
1733 1182 1982 1252 Apostoli

403 1281 612 1333 dictum
645 1280 777 1333 illud
825 1289 1030 1332 temere
1077 1275 1392 1346 prolerunt,
1435 1285 1492 1330 et
1531 1275 1983 1344 interpretatione

405 1387 504 1427 sua
533 1371 876 1440 depravant:
929 1367 1192 1436 Suscipite
1241 1367 1545 1435 pontiﬁcem
1582 1375 1844 1428 vestrum,
1895 1365 1986 1434 qui

404 1464 578 1533 ﬁdelis
614 1471 688 1516 est
721 1463 776 1516 ei
820 1462 908 1532 qui
951 1461 1072 1528 fecit
1107 1461 1334 1528 seipsum
1365 1461 1406 1512 ⁸.
1447 1458 1554 1512 Sed
1589 1461 1822 1529 primum
1859 1457 1988 1526 Epi-

407 1555 607 1608 stolam
651 1554 818 1620 illam,
861 1569 983 1624 quae
1029 1553 1092 1606 ad
1133 1552 1387 1606 Hebraeos
1424 1552 1628 1622 scripta
1667 1559 1784 1614 est,
1817 1565 1984 1620 repu—

405 1645 592 1708 diant,
624 1651 678 1698 et
715 1645 784 1698 ab
827 1643 1146 1712 apostolicis
1196 1635 1420 1712 scriptis
1452 1643 1732 1712 rejiciunt.
1766 1641 1842 1694 Ex
1878 1655 1986 1710 qua

405 1744 590 1790 tamen
627 1737 808 1800 illam,
847 1735 926 1788 uti
967 1735 1100 1802 dixi,
1148 1735 1474 1790 sententiam
1515 1750 1614 1804 pro
1645 1733 1858 1803 privato
1887 1747 1988 1786 suo

408 1829 577 1882 animi
609 1829 801 1882 morbo
834 1829 975 1883 male
1000 1829 1066 1882 ad
1093 1828 1404 1882 institutum
1427 1842 1588 1881 suum
1617 1825 1986 1892 transferunt;

408 1926 465 1975 et
493 1935 562 1974 ex
594 1920 679 1974 his
711 1919 915 1984 verbis,
949 1921 1038 1988 qui
1073 1919 1245 1987 ﬁdelis
1280 1927 1358 1972 est
1391 1918 1438 1972 ei
1463 1918 1552 1988 qui
1584 1916 1708 1985 fecit
1737 1918 1988 1984 seipsum,

408 2022 719 2068 creaturam
758 2027 880 2066 esse
935 2010 1136 2064 Filium
1181 2017 1460 2066 astruunt.
1511 2009 1711 2064 Verum
1753 2011 1992 2064 interro-

411 2121 538 2176 gare
569 2104 690 2158 illos
719 2104 1043 2174 prudentior
1083 2103 1282 2172 aliquis
1315 2103 1518 2174 poterit
1538 2143 1552 2166 ,
1579 2109 1632 2156 et
1664 2103 1740 2156 ita
1773 2116 1987 2170 urgere,

411 2205 471 2250 ut
495 2197 625 2265 quid
661 2194 1027 2266 respondeant
1057 2195 1190 2248 nihil
1214 2195 1481 2262 habeant;
1509 2194 1614 2248 hoc
1643 2193 1788 2248 enim
1821 2192 1989 2261 quaeri

412 2295 594 2358 potest
627 2307 638 2340 :
683 2286 1046 2352 Quandonam
1089 2286 1364 2356 pontiﬁcis
1401 2301 1598 2340 nomen
1641 2284 1772 2338 illud
1801 2283 1991 2338 Domi-

413 2395 517 2432 nus
555 2387 743 2431 noster
774 2379 1154 2447 assumpserit.
1198 2375 1328 2430 Non-
1347 2377 1492 2430 enim
1521 2383 1647 2429 ante
1678 2383 1990 2444 susceptam

413 2485 632 2523 carnem
693 2469 1004 2523 istiusmodi
1050 2469 1272 2522 nomina
1315 2467 1546 2524 sortitus
1585 2474 1706 2532 est,
1744 2475 1803 2520 ut
1855 2467 1992 2536 lapis

415 2567 723 2624 vocaretur,
754 2565 808 2612 et
855 2559 975 2612 ovis
1011 2561 1076 2610 ad
1118 2558 1454 2614 occisionem
1499 2558 1682 2612 oblata
1717 2558 1767 2624 ³;
1809 2557 1938 2612 item
1976 2578 1988 2612 :

415 2649 602 2713 homo,
634 2657 686 2702 et
715 2646 888 2702 Filius
911 2649 1170 2714 hominis,
1199 2649 1405 2718 aquila,
1433 2663 1627 2718 agnus,
1663 2656 1717 2702 et
1745 2649 1796 2702 id
1823 2664 1995 2718 genus

416 2742 542 2804 alia,
580 2756 702 2810 qua:
727 2749 850 2810 post
877 2741 1312 2794 incarnationem
1339 2739 1516 2794 eidem
1548 2741 1809 2795 attributa
1845 2751 1992 2795 sunt.

416 2829 534 2896 Qua
567 2831 778 2884 ratione
804 2832 1046 2901 pontifex
1077 2845 1294 2901 quoque
1323 2830 1505 2886 dictus
1528 2839 1633 2896 est,
1661 2832 1733 2885 ob
1757 2832 1994 2902 elogium

417 2921 550 2976 illud
571 2961 585 2985 ,
616 2923 762 2992 quod
787 2923 854 2977 de
885 2923 1006 2992 ipso
1045 2923 1099 2976 in
1131 2923 1246 2992 lege
1269 2921 1597 2992 praedicatur
1624 2942 1636 2977 :
1671 2921 1996 2992 Prophetant

415 3025 483 3062 ea:
509 3009 769 3078 fratribus
800 3011 986 3065 vestris
1015 3011 1295 3064 suscitabit
1325 3011 1583 3064 Dominus
1607 3010 1748 3065 Deus
1779 3011 1922 3064 vobis
1951 3010 1994 3067 ⁵.

417 3099 599 3166 Quare
630 3099 974 3172 prophetam,
1006 3109 1060 3155 et
1093 3101 1430 3170 pontiﬁcem,
1465 3107 1520 3156 et
1556 3116 1621 3154 ex
1653 3101 1787 3170 ipsis
1822 3101 1999 3156 susci-
2027 3111 2071 3169 ς,

417 3196 592 3242 talum
624 3201 744 3256 post
777 3189 920 3242 illam
951 3190 1006 3243 in
1051 3191 1214 3247 terris
1255 3190 1682 3255 habitationem,
1719 3192 2004 3264 Scriptura

421 3281 713 3335 manifeste
745 3279 1008 3336 declarat.
1043 3283 1124 3337 Ex
1163 3298 1273 3353 quo
1306 3285 1613 3339 certissime
1654 3285 1785 3340 illud
1825 3295 2006 3356 potest

421 3371 710 3442 intelligi:
765 3373 1226 3443 quemadmodum
1305 3375 1506 3431 invicta
1565 3379 1658 3433 Dei
1719 3379 1894 3433 virtus
1941 3395 2006 3434 ac

421 3465 796 3535 praescientia,
847 3475 906 3518 ut
935 3481 998 3520 os
1028 3481 1191 3520 omne
1231 3467 1532 3536 praecludat
1561 3467 1826 3524 adversus
1861 3471 2006 3524 veri-

423 3562 588 3608 tatem
617 3555 930 3625 insurgens,
962 3570 1087 3609 cum
1112 3555 1421 3612 admirabili
1451 3559 1690 3628 quadam
1719 3561 1839 3614 luce
1867 3577 2008 3630 pra:-

424 3645 628 3700 dixerit
660 3661 721 3700 ac
763 3647 1064 3701 lirmaverit
1093 3650 1299 3702 omnia.
1339 3649 1432 3704 Sic
1463 3651 1629 3720 igitur
1665 3653 1760 3706 illo
1796 3653 1916 3707 |0c0
1951 3653 2007 3705 in

427 3737 786 3806 sequentibus
830 3737 1069 3808 legitur:
1101 3737 1288 3793 Omnis
1323 3741 1561 3808 pontifex
1599 3759 1664 3796 ea:
1709 3743 2007 3796 hominibus

427 3838 750 3896 assumptus,
813 3845 908 3897 pro
957 3828 1259 3886 hominibus
1303 3835 1666 3898 constituitur,
1715 3844 1772 3888 ut
1819 3837 2010 3904 offerat

427 3919 566 3974 dona
605 3933 654 3975 et
688 3923 960 3992 sacriﬁcia
1001 3941 1098 3993 pro
1143 3929 1406 3994 peccatis;
1436 3930 1526 3998 qui
1561 3931 1728 3998 possit
1757 3933 2007 3998 compati.

430 4010 811 4068 Necessitatem
848 4017 987 4068 enim
1018 4016 1170 4072 habet
1206 4028 1254 4071 et
1295 4034 1391 4087 pro
1419 4022 1531 4073 suis
1559 4020 1769 4074 delictis
1797 4023 2008 4090 offerre.

432 4105 539 4170 Qui
567 4115 742 4160 autem
774 4119 1044 4176 peccatum
1077 4126 1182 4164 non
1217 4111 1390 4176 habet,
1424 4113 1652 4180 seipsum
1684 4113 1874 4168 obtulit
1899 4115 2008 4170 Pa-

433 4198 502 4250 tri
531 4197 576 4252 δ.
615 4197 715 4252 Ubi
744 4199 860 4254 haue
891 4201 1079 4265 verba,
1113 4217 1178 4254 ea:
1201 4201 1500 4257 hominibus
1521 4243 1536 4270 ,
1568 4204 1636 4258 ad
1681 4205 2015 4261 incarnatio-

429 4305 556 4345 nem
589 4291 892 4360 pertinent;
928 4293 1042 4348 hrec
1073 4304 1280 4361 autem,
1319 4313 1423 4350 non
1451 4311 1516 4350 ea:
1543 4296 1844 4352 hominibus
1871 4339 1885 4364 ,
1923 4309 2011 4366 et,

431 4401 536 4437 mm
578 4383 775 4437 habens
807 4387 1192 4452 necessitatem,
1245 4387 1584 4444 divinitatem
1631 4389 1873 4446 indicant
1899 4431 1913 4455 ,
1954 4401 2015 4446 ut

2157 898 2281 952 AZ'.
2293 893 2708 966 Παρελεὺσομαι
2733 891 2788 944 δὲ
2811 892 2905 944 καὶ
2925 889 3082 944 τοῦτο
3104 890 3165 942 τὸ
3193 891 3354 962 ρητὸν
3371 907 3384 920 ο
3413 891 3495 960 ἐφ’
3512 891 3670 964 ’ἐτερα

2086 989 2142 1042 δὲ
2169 987 2332 1041 πάλιν
2356 985 2582 1046 ἑαυτοὺς
2613 980 2886 1050 ὲπιδῶμεν
2920 979 3029 1033 τῶν
3061 979 3152 1032 ὑπ’
3181 978 3359 1031 αὐτῶν
3391 979 3447 1030 ἐν
3475 981 3671 1041 κακαῖς

2090 1078 2366 1140 ὑπονοίαις
2410 1073 2717 1143 λεγομένων
2761 1087 2823 1122 τε
2867 1070 2962 1122 καὶ
3011 1067 3308 1138 ᾀδομένων,
3361 1067 3471 1120 ἀνω
3495 1067 3551 1118 δέ
3581 1082 3672 1135 μοι

2092 1167 2568 1240 προτεταγμένων.
2605 1165 2716 1217 Καὶ
2743 1164 2852 1233 γάρ
2900 1160 3061 1214 πάλιν
3097 1159 3328 1230 χυδαίως
3357 1159 3488 1226 φασὶ
3519 1159 3675 1212 τοῦτο

2091 1264 2152 1317 τὸ
2184 1262 2346 1334 ῥητὸν
2377 1256 2903 1331 παρερμηνεύοντες,
2945 1253 3024 1317 τὸ,
3052 1252 3314 1316 Δέξασθε
3351 1251 3456 1304 τὸν
3481 1253 3676 1320 ἀρχιε-

2089 1354 2197 1424 ρέα
2227 1351 2398 1422 ὑμῶν
2439 1350 2662 1404 πιστὸν
2702 1348 2846 1400 ὄντα
2873 1344 2952 1410 τῷ
2977 1343 3298 1410 ποιήσαντι
3327 1343 3531 1396 αὐτόν.
3568 1343 3675 1395 Καὶ

2097 1445 2313 1518 πρῶτον
2371 1444 2469 1514 μὲν
2533 1442 2634 1512 τὴν
2693 1435 3010 1508 Ἐπιστολὴν
3064 1435 3268 1504 ταύτην
3295 1475 3310 1499 ,
3386 1433 3484 1504 τὴν
3541 1435 3677 1504 πρὸς

2105 1535 2388 1605 Ἐϐραίους
2417 1533 2583 1603 φημὶ,
2603 1527 2969 1590 ἀπωθοῦνται,
3001 1525 3162 1596 φύσει
3195 1526 3362 1596 αὐτὴν
3395 1525 3678 1596 ἀναιροῦν-

2091 1645 2182 1690 τες
2215 1627 2322 1680 ἀπὸ
2350 1624 2445 1678 τοῦ
2483 1620 2826 1683 ’Δποστόλου,
2873 1619 2966 1672 καὶ
3000 1617 3248 1686 λέγοντες
3285 1616 3360 1688 μὴ
3408 1611 3547 1670 εἶναι
3581 1615 3674 1670 τοῦ

2093 1719 2278 1774 αὑτοῦ.
2314 1719 2388 1772 Τὸ
2419 1718 2478 1771 δὲ
2526 1717 2686 1788 ῥητὸν
2720 1715 2809 1768 διὰ
2837 1715 2936 1784 τὴν
2969 1713 3106 1767 ἰδίαν
3141 1712 3296 1766 νόσον
3325 1713 3404 1774 εἰς
3431 1712 3676 1778 ἑαυτοὺς,

2091 1813 2168 1877 ὡς
2217 1815 2500 1883 προεῖπον,
2547 1809 2735 1874 κακῶς
2778 1807 3110 1877 ἐκδέχονται,
3145 1805 3308 1875 δῆθεν
3339 1805 3447 1858 ἀπὸ
3473 1803 3566 1858 τοῦ
3599 1805 3677 1856 εἰ·

2098 1900 2356 1974 ρημένου,
2402 1901 2486 1952 ὅτι
2523 1898 2742 1952 πιστὸν
2777 1897 2921 1952 ὄντα
2975 1895 3054 1961 τῷ
3105 1895 3428 1962 ποιήσαντι
3469 1895 3675 1962 αὑτὸν,

2091 1993 2151 2046 τὸ
2185 1993 2391 2064 κτίσμα
2423 1992 2905 2063 παρεισφέροντες.
2950 1989 3275 2062 Ἐρωτήσειε
3303 1989 3347 2042 δ’
3375 1989 3442 2044 ἄν
3470 2007 3554 2052 τις
3583 1990 3678 2042 air-

2091 2089 2203 2149 τοῖς
2229 2085 2443 2140 σύνεσιν
2465 2083 2820 2154 κεκτημένος,
2853 2083 2947 2136 καὶ
2971 2083 3328 2152 ἀπορήσουσι,
3363 2082 3437 2153 μὴ
3465 2082 3678 2153 ἔχοντες

2091 2178 2146 2230 τί
2177 2177 2637 2248 ἀποκριθήσονται
2671 2176 2753 2228 ὅτι
2808 2173 2911 2227 Τὸν
2940 2173 3198 2245 ἀρχιερέα
3232 2174 3361 2226 πότε
3413 2174 3679 2245 προσελά-

2094 2267 2220 2320 ϐετο
2245 2269 2272 2320 ὁ
2301 2265 2505 2338 Κύριος
2537 2265 2694 2336 ἡμῶν
2719 2263 2888 2334 ὄνομα
2920 2263 3067 2333 αὐτῷ
3093 2263 3391 2318 καλεῖσθαι.
3426 2263 3676 2335 Οὐδαμοῧ

2094 2357 2203 2429 γάρ
2220 2357 2326 2428 πρὸ
2353 2357 2451 2427 τῆς
2481 2357 2744 2428 ἐνσάρκου
2769 2353 2935 2408 αὑτοῦ
2958 2356 3256 2426 παρουσίας
3278 2355 3449 2408 ταῦτα
3470 2355 3594 2426 ἔσχε
3611 2355 3680 2409 τὰ

2095 2451 2356 2520 ὀνόματα,
2389 2449 2450 2501 τὸ
2475 2448 2620 2501 λίθον
2645 2449 2944 2514 καλεῖσθαι,
2977 2449 3037 2502 τὸ
3067 2449 3336 2519 πρόϐατον
3358 2451 3438 2512 εἰς
3464 2449 3679 2521 σφαγὴν

2097 2541 2378 2614 φέρεσθαι,
2401 2540 2463 2593 τὸ
2489 2541 2773 2612 ἄνθρωπον
2801 2541 2895 2594 καὶ
2919 2541 3044 2594 Υίὸν
3070 2540 3379 2614 ἀνθρώπου,
3414 2541 3473 2594 τὸ
3501 2541 3677 2606 ἀετὸς,

2097 2635 2192 2689 καὶ
2233 2635 2439 2705 ἀρνίον,
2474 2634 2569 2686 καὶ
2603 2634 2672 2686 τὰ
2717 2633 2853 2688 ἄλλα
2895 2634 3094 2698 πάντα,
3137 2635 3346 2706 ὅσαπερ
3393 2637 3472 2697 είς
3518 2633 3680 2686 αὑτὸν

2097 2728 2238 2782 κατά
2283 2731 2380 2800 τὴν
2415 2729 2678 2800 ἓνσαρκον
2727 2729 3033 2800 παρουσίαν
3077 2729 3430 2799 ἀναφέρεται,
3463 2728 3537 2791 ὡς
3585 2729 3682 2782 καὶ

2097 2821 2358 2893 ἀρχιερέα
2403 2823 2563 2874 αὑτὸν
2615 2821 2898 2874 καλεῖσθαι
2940 2821 3006 2873 δι’
3056 2821 3122 2890 ἣν
3159 2823 3186 2874 ὁ
3225 2822 3384 2890 νόμος
3415 2822 3683 2891 ἐκήρυττε

2099 2917 2227 2985 περὶ
2257 2915 2422 2968 αὑτοῦ
2461 2915 2736 2979 ὑπόθεσιν,
2784 2916 2866 2967 δτι
2897 2915 3218 2984 Προφήτην
3255 2915 3324 2968 ἐκ
3363 2913 3483 2968 τῶν
3509 2916 3684 2970 ἀδελ-

2099 3007 2229 3075 φῶν
2263 3007 2428 3076 ὑμῶν
2457 3007 2654 3077 ἐγερεῖ
2677 3009 2892 3075 Κύριος
2930 3011 2962 3062 ὁ
3000 3009 3143 3074 Θεὸς
3187 3009 3348 3078 ὑμῖν.
3385 3009 3526 3078 ’Ἄρα
3556 3009 3686 3078 γοῦν

2102 3099 2192 3152 τὸν
2225 3100 2531 3170 προφήτην,
2565 3100 2660 3152 καὶ
2689 3100 2972 3172 ἀρχιερέα,
3010 3101 3104 3153 καὶ
3133 3101 3193 3153 τὸ
3219 3100 3278 3165 ἐξ
3311 3101 3510 3166 αὐτῶν,
3549 3102 3688 3172 μετὰ

2105 3193 2204 3264 τὴν
2245 3191 2478 3244 ἐνταῦθα
2511 3195 2834 3264 κατακωχὴν
2869 3192 3160 3264 ἐρμηνεύει
3195 3193 3384 3262 σαφῶς
3414 3195 3442 3246 ὁ
3489 3193 3644 3262 λόγος
3669 3209 3682 3220 ·

2104 3285 2179 3350 ὡς
2211 3287 2305 3340 καὶ
2337 3286 2622 3356 ἀραρότως
2651 3286 2797 3340 ἔστιν
2835 3286 2980 3350 ίδείν,
3023 3286 3139 3349 πῶς
3184 3286 3402 3356 πάλινὴ
3433 3287 3688 3355 ἀνίκητος

2105 3376 2198 3430 τοῦ
2225 3375 2360 3429 Θεοῦ
2389 3375 2616 3446 δύναμις
2657 3377 2750 3428 καὶ¹
2785 3375 3119 3444 προγνωσία,
3155 3379 3234 3440 εἰς
3257 3377 3319 3429 τὸ
3347 3375 3550 3447 φράξαι
3581 3377 3689 3428 πᾶν

2109 3469 2283 3539 στόμα
2313 3469 2727 3540 ἐπεγειρόμενον
2753 3470 2894 3522 κατά
2917 3470 3017 3539 τῆς
3039 3468 3316 3540 ἀληθείας,
3351 3470 3526 3522 πάντα
3555 3469 3692 3538 μετά

2108 3560 2430 3630 θαυμαστῆς
2453 3561 2815 3629 φωταγωγίας
2842 3559 3224 3632 προεθέσπισε,
3263 3561 3357 3612 καὶ⁵
3390 3559 3692 3630 ἠσφαλίσα-

2107 3668 2189 3704 το.
2235 3652 2435 3706 Φάσκει
2482 3652 2591 3723 γὰρ
2645 3650 2818 3716 οὕτως
2866 3653 2923 3704 ὲν
2971 3654 3036 3722 τῇ
3084 3652 3220 3723 αὐτῇ
3256 3649 3579 3721 ἀκολουθίᾳ·
3611 3651 3694 3702 ὃτι

2109 3742 2236 3810 Πᾶς
2262 3743 2570 3812 ἀρχιερεὺς
2599 3743 2668 3808 ἐξ
2702 3742 3030 3811 ἀνθρώπων
3053 3743 3505 3812 λαμϐανόμενος
3541 3741 3694 3808 ὑπὲρ

2109 3833 2436 3903 ἀνθρώπων
2462 3835 2832 3898 καθίσταται,
2857 3837 2943 3901 εἰς
2967 3835 3031 3888 τὸ
3056 3834 3421 3903 προσφέρειν
3449 3831 3610 3900 δῶρά
3633 3849 3697 3885 τε

2111 3927 2210 3981 καὶ
2253 3927 2490 3990 θυσίας,
2531 3926 2867 3995 δυνάμενος
2904 3925 3342 3994 μετριοπαθεῖν.
3401 3923 3698 3994 Ἀνάγκην

2111 4020 2224 4088 γὰρ
2256 4019 2379 4089 ἔχει
2411 4019 2510 4071 καὶ
2548 4017 2680 4086 περὶ
2729 4017 2846 4072 τῶν
2883 4018 3048 4072 ἰδίων
3075 4016 3390 4088 ἁμαρτιῶν.
3431 4017 3493 4070 '0
3524 4016 3698 4085 δὲμὴ

2113 4113 2272 4182 ἔχων
2295 4111 2589 4180 ἁμαρτίαν
2619 4112 2836 4164 ἑαυτὸν
2863 4109 3239 4180 προσήνεγκε
3262 4110 3342 4176 τῷ
3359 4110 3562 4178 Πατρί.
3590 4111 3700 4162 Καὶ

2113 4202 2174 4254 τὸ
2208 4201 2307 4271 μὲν
2349 4202 2418 4254 ἐκ
2451 4199 2570 4254 τῶν
2607 4201 2933 4269 ἀνθρώπων
2969 4200 3059 4254 διὰ
3100 4203 3200 4271 τὴν
3231 4201 3520 4270 ὲνδημίαν·
3551 4199 3612 4250 τὸ
3643 4199 3699 4253 δὲ

2117 4296 2228 4348 οὐκ
2261 4294 2330 4358 ἐξ
2365 4295 2714 4362 ἀνθρώπων,
2758 4293 2920 4362 τὸμὴ
2963 4294 3120 4362 ἔχων
3157 4292 3429 4362 ἀνάγκην
3480 4291 3566 4344 διὰ
3603 4291 3700 4361 τὴν

2117 4385 2382 4456 θεότητα·
2413 4387 2508 4439 καὶ¹
2533 4387 2663 4456 περὶ
2690 4387 2789 4457 τῆς
2816 4385 2980 4438 αὐτοῦ
3016 4385 3268 4456 θεότητος
3297 4400 3455 4456 φησι·
3487 4385 3700 4452 καίπερ

430 4483 486 4530 et
516 4476 628 4541 illa,
659 4480 896 4546 quamvis
932 4488 1066 4531 esset
1101 4477 1298 4532 Filius.
1333 4475 1457 4534 Haec
1486 4489 1696 4542 autem,
1731 4481 1918 4534 didicit
1947 4499 2001 4536 ea

2115 4480 2200 4532 ὢν
2236 4480 2388 4545 Υἱός.
2446 4479 2582 4550 Περὶ
2629 4479 2686 4531 δὲ
2733 4480 2831 4549 τῆς
2865 4479 3132 4550 ὲνσὰρκου
3175 4477 3338 4531 αὑτοῦ
3375 4477 3699 4550 παρουσίας,

431 4567 511 4622 his
545 4585 661 4638 qua:
693 4583 884 4636 passus
923 4581 1040 4635 est,
1091 4571 1158 4624 ad
1213 4579 1554 4642 assumptam
1597 4588 1821 4628 carnem
1871 4575 2014 4630 refe-

433 4665 602 4718 renda
635 4673 784 4717 sunt.

509 4755 799 4813 XXXVIII.
841 4755 1008 4812 Vides
1059 4765 1119 4810 ut
1159 4757 1344 4811 omnia
1397 4773 1518 4828 quae
1553 4757 1776 4814 Christo
1815 4773 2016 4814 conve-

433 4850 618 4910 niunt,
653 4850 813 4919 plana
851 4850 1035 4904 sintet
1065 4851 1384 4920 perspicua,
1423 4867 1599 4920 neque
1627 4851 1922 4920 quidquam
1962 4853 2015 4905 in

435 4941 525 4997 his
577 4943 648 4996 sit
683 4943 1004 5012 impeditum
1054 4949 1146 4996 aut
1183 4941 1521 5012 perplexum.
1567 4941 1702 4995 Nam
1751 4943 1866 4997 haec
1901 4943 2018 5012 ipsa

435 5033 624 5088 verba.
654 5035 950 5102 pontiﬁcem
973 5074 987 5096 ,
1035 5035 1123 5102 qui
1165 5032 1336 5102 ﬁdelis
1371 5039 1448 5086 est
1475 5033 1542 5097 ei,
1569 5035 1654 5101 qui
1675 5032 1794 5101 fecit
1822 5034 2016 5102 ipsum,

438 5123 596 5194 761
633 5125 767 5178 nihil
795 5126 860 5178 ad
896 5125 1143 5194 corporis
1173 5123 1554 5178 formationem
1577 5163 1592 5188 ,
1631 5131 1724 5176 aut
1763 5123 2018 5176 incarna-

438 5223 667 5278 tionem,
699 5227 791 5269 aut
822 5231 950 5269 vero
973 5215 1308 5268 creationem
1339 5221 1591 5282 spectant
1616 5227 1632 5276 ;
1667 5211 1761 5266 sed
1791 5213 2020 5282 dignita-

440 5318 551 5364 tem
593 5309 765 5372 illam,
819 5325 882 5364 ac
925 5310 1149 5365 cmleste
1196 5323 1400 5362 munus
1448 5305 1718 5371 indicant,
1752 5307 1895 5374 quod
1943 5308 2018 5359 illi

442 5410 723 5470 assumpta
743 5403 854 5471 jam
879 5416 1044 5456 carne
1063 5401 1322 5456 collatum
1350 5407 1456 5453 est.
1502 5398 1621 5464 Quo
1651 5398 1814 5451 etiam
1843 5405 1898 5452 et
1944 5399 2021 5450 l0-

443 5510 543 5548 cus
575 5495 676 5550 iste
711 5495 1030 5552 referendus
1063 5504 1148 5551 est
1183 5515 1196 5549 :
1237 5493 1398 5548 Dedit
1443 5493 1492 5546 ei
1523 5505 1730 5553 nomen,
1776 5490 1915 5560 quod
1945 5501 2020 5545 cst

445 5601 601 5656 super
631 5604 781 5641 omne
825 5605 1010 5642 nomen
1045 5589 1086 5641 ⁸.
1129 5586 1242 5641 Hoc
1272 5588 1418 5641 enim
1449 5599 1557 5639 non
1607 5589 1764 5637 antea
1794 5583 1848 5636 in
1885 5584 2022 5637 div.—

519 5763 539 5797 ¹
563 5761 668 5819 lsa.
703 5779 790 5830 ιι,
822 5764 911 5818 23.
987 5766 1006 5795 θ
1033 5763 1196 5822 IIehr.
1227 5779 1308 5834 in,
1345 5765 1392 5830 l,
1424 5763 1478 5819 2.
1561 5764 1581 5797 ³
1607 5763 1712 5820 lsa.
1747 5777 1865 5824 Lm,
1900 5759 1952 5811 'l.

2035 5757 2052 5790 ι
2083 5756 2239 5815 Deut.
2284 5773 2440 5828 xvm,
2481 5759 2562 5814 15.

2126 4571 2379 4640 Ἔμαθεν
2405 4569 2474 4635 ἐξ
2501 4565 2588 4624 ὧν
2619 4569 2824 4636 ἔπαθε,
2865 4569 3018 4642 φησί.

2197 4745 2328 4801 All'.
2363 4749 2474 4800 Καὶ
2498 4748 2652 4817 ὁρᾷς,
2698 4747 2781 4800 ὅτι
2811 4748 2991 4802 πάντα
3023 4747 3114 4802 τοῦ
3167 4749 3406 4820 Χριστοῦ
3445 4749 3584 4812 λεῖα,
3615 4752 3708 4804 καὶ

2126 4838 2275 4892 οὐδὲν
2309 4841 2366 4890 έν
2405 4839 2589 4898 αὐτοῖς
2638 4837 3097 4909 στραγγαλιὼδες.
3147 4839 3220 4891 Τὸ
3261 4838 3389 4910 γὰρ,
3434 4840 3711 4910 ἀρχιερέα

2127 4930 2348 4983 πιστὸν
2388 4929 2534 4982 ὄντα
2563 4928 2641 4994 τῷ
2683 4931 3002 4996 ποιήσαντι
3031 4931 3236 4998 αὑτὸν,
3267 4933 3385 4985 οὐδὲ
3413 4935 3510 5004 τὴν
3541 4935 3712 5008 αὐτην

2127 5021 2324 5074 πλάσιν
2374 5021 2607 5075 ἐνταῦθα
2655 5021 2922 5091 διηγεῖται
2967 5023 3061 5076 τοῦ
3113 5024 3385 5093 σώματος,
3443 5025 3564 5078 οὐδὲ
3612 5028 3711 5097 τῆς

2123 5115 2289 5169 αὐτοῦ
2329 5116 2813 5186 ἐνανθρωπήσεως,
2832 5117 2890 5168 οὐ
2917 5117 3044 5187 περὶ
3069 5117 3298 5180 κτίσεως
3325 5117 3462 5181 ὅλως
3491 5118 3708 5186 φάσκει,

2125 5209 2259 5261 ἀλλά
2298 5207 2434 5279 μετά
2461 5208 2558 5279 τὴν
2589 5207 2846 5279 ἐνδημίαν
2873 5207 2967 5261 τοῦ
3007 5208 3314 5280 ἀξιώματος
3347 5209 3407 5261 τὸ
3434 5209 3706 5280 χάρισμα·

2127 5302 2202 5367 ὡς
2237 5303 2332 5356 καὶ
2383 5301 2444 5354 τὸ
2497 5303 2822 5373 εἰρημένον·
2883 5303 3148 5356 νΕδωκεν
3199 5301 3359 5368 αὐτῷ
3411 5303 3599 5372 ὄνομα
3645 5303 3711 5356 τὸ

2127 5396 2280 5464 ὑπὲρ
2316 5395 2439 5450 πᾶν
2469 5395 2674 5465 ὄνομα.
2727 5396 2836 5448 Καὶ
2884 5398 2946 5449 οὐ
2995 5395 3186 5468 πρώην
3221 5396 3378 5448 τοῦτο
3409 5395 3711 5466 ἐπληροῦτο

2127 5490 2186 5540 ὲν
2211 5492 2277 5559 τῇ
2313 5488 2551 5558 θεότητι,
2583 5487 2721 5540 ἀλλὰ
2751 5491 2816 5558 τῇ
2865 5489 2961 5541 νῦν
3011 5487 3316 5559 παρουσίᾳ·
3353 5485 3646 5558 ἐπειδήπερ
3685 5490 3711 5539 ὗ

2127 5581 2294 5635 αὐτοῦ
2343 5579 2754 5653 ἐνανθρὼπησις
2801 5582 2834 5652 ἡ
2882 5583 2946 5635 ἐκ
2981 5581 3197 5653 Μαρίας
3235 5577 3424 5632 ἔλαϐεν
3457 5579 3626 5649 ὄνομα
3655 5579 3711 5631 τὸ

2641 5759 2660 5791 ⁸
2695 5757 2858 5815 Hebr.
2895 5775 2948 5827 ι’,
2977 5758 3000 5812 l
3038 5773 3160 5829 sqq.
3239 5761 3259 5794 ⁸
3291 5753 3527 5825 Philipp.
3555 5772 3616 5820 ιι,
3658 5754 3711 5811 9.
