4138 6396
393 381 493 437 281

1040 382 1414 443 ADVERSUS
1450 384 1798 443 HERESES
1834 381 1965 442 LIB.
2006 382 2073 442 ΙΙ.
2114 386 2277 445 TOM.
2320 388 2457 444 ll.—
2496 388 2773 449 HASRES.
2812 389 3003 446 LXIX.

3572 392 3684 451 26$

393 498 535 570 ὑπὲρ
567 498 676 552 πᾶν
708 497 899 570 ὄνομα,
950 501 1046 553 σὺν
1076 501 1154 573 τῷ
1194 501 1313 572 Θεῷ
1353 502 1515 573 Λόγῳ
1546 501 1830 555 καλεῖσθαι
1866 502 1992 556 Υἱὸν

2099 504 2292 568 nitate,
2323 507 2419 561 sed
2447 506 2501 560 in
2536 506 2917 562 incarnatione
2946 503 3252 576 perfectum
3284 512 3388 571 est,
3424 520 3548 561 cum
3575 506 3686 562 sci-

392 588 550 643 Θεοῦ.
593 590 703 642 Καὶ
754 590 842 642 διὰ
881 589 1040 645 τοῦτο
1083 593 1178 646 καὶ
1207 592 1275 645 δι’
1313 593 1478 645 αὐτοῦ
1526 592 1621 646 τοῦ
1669 594 1993 648 Ἀποστόλου

394 678 629 734 ἐνταῦθα
658 680 817 735 πάλιν
842 682 1031 753 εἴρηκε
1052 700 1068 714 ·
1101 684 1211 737 Τὸν
1231 683 1300 736 δὲ
1318 684 1522 753 βραχύ
1549 701 1604 738 τι
1641 688 1779 754 παρ’
1805 685 1997 753 ἀλλή-

394 774 542 837 λους
572 771 995 842 ἠλαττωμένον
1019 774 1338 844 βλέπομεν
1379 775 1625 843 Ἰησοῦν
1650 774 1749 831 διὰ
1780 777 1847 830 τὸ
1879 776 1994 831 πά-

397 867 558 932 θημα
585 864 692 919 τοῦ
714 864 980 920 θανάτου
1003 866 1154 937 δόξῃ
1183 869 1280 923 καὶ
1309 868 1450 939 τιμῇ
1472 870 1995 945 ἐστεφανωμένον

397 952 484 1006 ἵνα
517 955 546 1008 6
582 953 849 1027 δεσπότης
890 958 1138 1027 ἀγγέλων
1168 960 1264 1013 καὶ
1302 961 1533 1034 ποιητὴς
1567 964 1698 1033 παρ’
1729 963 1995 1032 ἀγγέλους

396 1045 781 1118 ἠλαττωμένος
804 1049 1001 1120 φανείη
1039 1051 1068 1103 6
1106 1052 1332 1123 φρικτὸς
1366 1054 1460 1106 καὶ
1492 1053 1721 1124 φοϐερὸς
1747 1058 1860 1119 τοῖς
1891 1057 1994 1124 ἀγ-

395 1138 598 1208 γέλοις,
627 1140 721 1193 καὶ
744 1141 804 1206 ἐξ
829 1141 928 1195 οὐκ
953 1142 1122 1196 ὄντων
1148 1145 1346 1209 αὐτοὺς
1377 1146 1570 1210 κτίσας
1598 1148 1695 1200 σὺν
1725 1146 1802 1219 τῷ
1821 1149 1996 1219 Πατρὶ

396 1234 490 1286 καὶ
518 1234 616 1288 σὺν
642 1233 720 1304 τῷ
745 1234 886 1304 ἁγίῳ
911 1235 1192 1307 Πνεύματι
1220 1237 1603 1310 ήλαττωμένος
1635 1238 1875 1308 λέγοιτο·
1902 1241 1996 1294 καὶ

396 1326 591 1397 φανείη
630 1328 839 1396 σαφῶς,
869 1329 952 1382 ὅτι
977 1331 1038 1383 οὐ
1065 1331 1193 1402 περ).
1225 1330 1481 1403 θεότητος
1506 1332 1741 1386 ἐνταῦθα
1768 1333 1991 1403 φάσκει,

398 1415 534 1470 ἀλλά
563 1418 819 1489 περὶτῆς
861 1420 1029 1473 αὐτοῦ
1061 1422 1282 1491 σαρκός.
1327 1423 1566 1494 Πάθημα
1606 1423 1716 1496 γὰρ
1758 1424 1992 1478 θανάτου

399 1509 460 1563 οὐ
486 1510 590 1580 πρὸ
628 1510 833 1583 σαρκὸς
862 1513 943 1576 εἰς
966 1512 1057 1567 τὸν
1085 1515 1259 1584 Λόγον
1298 1516 1670 1586 ἀναλογεϊται,
1697 1518 1831 1573 ἀλλὰ
1857 1519 1994 1590 μετά

402 1602 498 1674 τὴν
540 1603 803 1677 ἕνσαρκον
852 1608 1158 1677 παρουσίαν
1209 1610 1304 1665 τοῦ
1345 1611 1513 1666 αὐτοῦ
1562 1613 1810 1678 ἀπαθοῦς
1840 1614 1995 1679 ὄντος

401 1695 495 1748 καὶ
529 1695 775 1766 παθητοῦ
796 1713 811 1728 ο
842 1698 1088 1763 ἀπαθοῦς
1115 1700 1216 1772 μὲν
1252 1701 1404 1768 ὄντος
1436 1705 1495 1758 ἐν
1527 1707 1592 1776 τῇ
1622 1705 1856 1776 θεότητι,
1890 1706 1996 1759 πά-

401 1803 621 1858 σχοντος
659 1788 716 1842 δὲ
764 1791 823 1843 ἐν
869 1793 935 1861 τῇ
967 1790 1347 1865 ἀνθρωπήσει·
1379 1795 1455 1872 ῶς
1480 1798 1575 1850 καὶ
1605 1796 1675 1850 τά
1707 1797 1993 1869 ἀμφότερα

2100 599 2226 653 licet
2248 598 2487 653 humana
2509 599 2682 670 ipsius
2706 608 2924 661 natura,
2951 614 3114 669 quam
3138 613 3206 654 ex
3229 597 3399 653 Maria
3423 599 3681 669 sumpsit,

2099 707 2300 746 nomen
2351 678 2436 748 est
2478 692 2750 763 ejusmodi
2811 699 3133 757 consecuta,
3170 690 3320 761 quod
3362 691 3544 745 omnia
3586 706 3687 746 no-

2098 786 2251 839 mina
2279 785 2548 856 dignitate
2573 792 2883 856 superaret,
2912 792 2973 838 ut
2995 798 3119 838 cum
3149 781 3530 838 divinoVerbo
3551 798 3688 838 con-

2092 878 2305 949 juncta,
2357 877 2453 933 Dei
2482 874 2656 933 Filins
2694 877 3085 947 appellaretur.
3126 875 3306 943 Quam
3354 875 3428 930 ob
3458 889 3685 930 causam

2098 986 2196 1041 per
2224 970 2475 1024 eumdem
2505 968 2829 1040 Apostolum
2857 969 2964 1024 hoc
3012 970 3138 1024 loco
3164 968 3308 1024 dixit
3336 986 3352 1022 :
3388 966 3547 1022 Hunc
3581 983 3684 1021 au-

2099 1073 2199 1117 tem
2228 1062 2392 1132 paulo
2420 1061 2596 1115 minus
2631 1061 2697 1114 ab
2729 1061 2935 1132 angelis
2966 1061 3292 1115 minoratum
3317 1059 3552 1115 videmus
3591 1056 3687 1115 Jo-

2096 1171 2217 1209 sum
2249 1159 2314 1207 ob
2358 1153 2660 1223 passionem
2696 1154 2883 1207 mortis
2922 1152 3098 1223 gloria
3137 1160 3189 1207 et
3234 1152 3434 1206 honore
3463 1167 3688 1206 corona-

2100 1257 2211 1301 tum
2242 1248 2283 1300 ².
2309 1245 2431 1314 Quo
2456 1247 2668 1302 scilicet
2696 1245 3015 1316 angelorum
3038 1242 3303 1299 Dominus
3325 1251 3381 1298 et
3406 1241 3683 1308 conditor,

2098 1339 2306 1411 angelis
2346 1340 2529 1394 minor
2561 1338 2740 1393 factus
2771 1351 2896 1393 esse
2931 1335 3235 1401 videretur,
3278 1336 3401 1397 ille,
3434 1336 3684 1405 inquam,

2096 1431 2216 1501 ipse
2246 1431 2455 1502 angelis
2484 1431 2813 1486 metuendus
2840 1444 2903 1484 ac
2931 1429 3212 1494 terribilis,
3239 1443 3382 1499 quos
3410 1426 3479 1482 de
3511 1428 3686 1482 nihilo

2097 1537 2222 1576 cum
2258 1520 2421 1576 Patre
2448 1530 2504 1576 et
2530 1520 2737 1591 Spiritu
2773 1526 2963 1576 sancto
2994 1520 3223 1585 creavit,
3259 1517 3442 1572 minor
3473 1516 3687 1572 dicere-

2097 1614 2209 1669 tur,
2259 1614 2521 1677 certoque
2577 1613 2879 1669 constaret,
2928 1621 3036 1660 non
3097 1605 3165 1661 de
3221 1605 3343 1675 ejus
3397 1605 3686 1663 divinitate

2096 1701 2426 1756 mentionem
2466 1700 2568 1753 hoc
2601 1699 2721 1754 loco
2762 1699 2877 1754 fieri
2905 1740 2920 1764 ,
2947 1698 3043 1754 sed
3076 1698 3145 1754 de
3174 1714 3345 1753 carne
3390 1697 3680 1755 duntaxat.

2096 1789 2288 1844 Mortis
2322 1790 2467 1844 enim
2496 1787 2683 1859 passio
2716 1804 2827 1851 non
2855 1788 3177 1857 priusquam
3208 1802 3430 1842 carnem
3472 1787 3685 1843 induis-

399 1885 480 1937 ἐνὶ
505 1883 805 1956 πληροῦται
830 1885 921 1939 τδ¹
954 1885 1083 1952 Υἱὸς
1111 1887 1399 1960 ἀνθρώπου
1429 1892 1487 1943 ἐν
1518 1889 1721 1961 σεαυτῷ,
1758 1891 1853 1943 καὶ
1869 1890 1992 1955 Υίὸς

2100 1888 2205 1945 set,
2237 1878 2419 1935 Verbo
2450 1880 2542 1935 Dei
2575 1880 2788 1934 ratione
2815 1879 3051 1949 quadam
3083 1877 3553 1944 accommodatur,
3586 1880 3684 1935 sed

398 1976 534 2030 Θεοῦ
585 1979 641 2030 ἐν
680 1979 881 2050 ταυτῷ.
921 1980 1087 2050 Ὁμοῦ
1117 1980 1226 2052 γὰρ
1256 1983 1493 2055 Χριστὸς
1521 1985 1578 2036 ἐν
1611 1986 1723 2047 τοῖς
1750 1982 1990 2054 ἀμφοτέ-

401 2085 517 2139 ροις
541 2069 572 2122 6
597 2070 725 2134 Υἱὸς
753 2070 1017 2125 καλεῖται.

2099 1982 2224 2044 post
2262 1973 2507 2043 ejusdem
2557 1972 2989 2027 incarnationem
3033 1987 3047 2023 :
3087 1970 3181 2041 qui
3222 1985 3331 2025 una
3379 1978 3434 2026 et
3465 1972 3687 2042 passio-

2096 2068 2184 2124 nis
2208 2082 2410 2137 expers
2446 2073 2563 2129 est,
2598 2074 2652 2121 et
2684 2065 2958 2120 obnoxius
3000 2064 3246 2134 passioni
3278 2084 3291 2118 :
3328 2080 3523 2136 expers
3555 2063 3684 2136 qui-

398 2163 556 2221 dem,
589 2161 732 2232 quod
789 2163 855 2216 ad
899 2164 1240 2219 divinitatem
1282 2165 1516 2231 attinet;
1569 2166 1842 2221 obnoxius
1895 2177 2048 2227 vero,
2114 2161 2161 2216 si
2202 2157 2446 2214 hominis
2498 2166 2750 2212 naturam
2801 2154 3137 2211 consideres.
3188 2155 3346 2223 Quod
3388 2168 3685 2227 utrumque

403 2256 459 2310 in
496 2273 606 2313 uno
659 2258 983 2328 completur,
1020 2266 1082 2312 ut
1140 2267 1193 2313 et
1227 2256 1399 2313 Filius
1448 2259 1688 2314 hominis
1736 2258 1794 2314 in
1846 2258 2060 2320 eodem,
2111 2261 2166 2309 et
2217 2251 2314 2307 Dei
2360 2249 2533 2306 Filius
2591 2252 2646 2305 in
2693 2249 2884 2307 eodem
2941 2254 3196 2310 exsistat.
3231 2253 3487 2309 Christus
3534 2248 3685 2306 enim

406 2350 700 2409 utrobique
730 2349 826 2405 Dei
855 2349 1030 2407 Filius
1052 2359 1301 2406 vocatur.

469 2442 592 2496 AO'.
631 2443 697 2496 Τί
722 2438 816 2497 οὖν
857 2444 1148 2513 ἐποίησεν
1191 2446 1412 2511 αὺτόν;
1457 2445 1522 2500 Οἱ
1550 2442 1986 2515 φιλονεικοῦντες

406 2532 650 2605 μάθωσιν
683 2535 792 2588 ἀπὸ
833 2534 944 2589 τῶν
986 2536 1401 2609 προειρημένων
1437 2536 1680 2602 πάντων,
1721 2538 1803 2591 ὅτι
1836 2536 1986 2590 οὐδὲν

400 2628 483 2690 εἰς
509 2627 607 2697 τὴν
636 2625 867 2699 θεότητα
889 2630 946 2681 ἐν
971 2628 1050 2700 τῷ
1075 2629 1231 2702 ρητῷ
1250 2630 1428 2702 τούτῳ
1454 2630 1825 2699 ἀναλογεῖται,
1851 2629 1990 2682 ἀλλὰ

403 2718 485 2782 εξς
510 2718 607 2786 τὴν
637 2716 900 2790 ἐνσαρκον
928 2720 1253 2791 παρουσίαν.
1283 2721 1394 2775 Καὶ⁸
1420 2722 1541 2774 οὐδὲ
1567 2722 1643 2786 ὼς
1668 2722 1797 2793 περὶ
1830 2721 1989 2792 ποιή-

403 2828 544 2876 σεως
568 2811 601 2881 ἢ
625 2811 923 2882 κτίσματος
948 2852 963 2877 ,
1002 2811 1117 2866 ἀλλ’
1149 2812 1225 2878 ὡς
1253 2794 1381 2885 περὶ
1402 2811 1714 2885 ἀξιώματος
1731 2812 1871 2885 μετά
1889 2812 1989 2879 τὴν

403 2901 729 2973 παρουσίαν,
766 2902 827 2955 τὸ
867 2901 1178 2969 ἐποίησεν.
1229 2903 1404 2957 Αὐτὸν
1449 2904 1731 2975 ἐρωτήσας
1763 2902 1872 2975 γάρ
1905 2903 1991 2966 τίς

400 3008 525 3046 τινα
551 2991 776 3062 βασιλέα
808 2993 936 3063 περὶ⁸
956 2990 1049 3046 τοῦ
1083 2991 1213 3046 ἰδίου
1260 2991 1400 3058 υἱοῦ,
1435 2993 1518 3046 ὅτι
1551 2993 1616 3046 Τί
1641 3009 1722 3045 σοι
1748 2993 1990 3062 πέφυκεν

403 3077 593 3150 οῦτος;
620 3083 715 3138 καὶ
748 3083 971 3139 ἀκούσει
1012 3086 1142 3156 παρ’
1191 3083 1391 3147 αὐτοῦ,
1429 3084 1662 3148 ὄτιΥίός
1713 3083 1813 3155 μού
1851 3086 1986 3137 ἐστι.

403 3176 631 3249 Γνήσιος
653 3171 747 3229 οὖν
780 3192 861 3228 σοι
884 3174 1143 3246 ὑπάρχει,
1173 3175 1206 3247 ἢ
1236 3174 1426 3238 νόθος;
1471 3175 1529 3228 ’0
1559 3174 1617 3227 δέ
1647 3191 1781 3245 φησι
1807 3191 1820 3205 ·
1854 3173 1992 3244 Γνήο

2159 2430 2404 2488 XXXIX.
2443 2430 2718 2498 Quidnam
2769 2430 2936 2502 igitur
2965 2440 3051 2488 est
3078 2431 3226 2503 quod
3268 2431 3449 2502 ipsum
3485 2429 3684 2488 fecisse

2092 2527 2336 2583 dicitur?
2371 2524 2596 2581 Discant
2627 2524 2805 2595 arguti
2848 2539 2913 2579 ac
2971 2524 3300 2579 contentiosi
3330 2522 3581 2579 homines
3613 2538 3682 2579 ex

2092 2621 2163 2675 iis
2194 2632 2315 2688 qum
2345 2618 2612 2671 hactenus
2641 2614 2789 2669 dicta
2833 2624 2985 2677 sunt,
3027 2613 3166 2668 nihil
3197 2613 3301 2668 hoc
3330 2613 3531 2668 inloco
3558 2627 3685 2668 esse

2092 2711 2239 2782 quod
2280 2709 2349 2765 ad
2381 2708 2724 2764 divinitatem
2752 2707 3044 2777 pertineat,
3093 2704 3189 2761 sed
3231 2705 3296 2760 ad
3346 2705 3679 2761 incarnatioo

2094 2819 2217 2859 nem
2249 2802 2434 2858 omnia
2490 2799 2706 2857 referri.
2735 2800 2811 2853 Ita
2870 2810 3073 2865 tamen,
3109 2807 3170 2851 ut
3203 2796 3271 2852 de
3319 2798 3596 2853 creatione
3629 2806 3685 2852 ct

2095 2894 2382 2950 en‘ectione
2421 2893 2571 2947 nulla
2625 2893 2698 2946 sit
2732 2891 2978 2953 mentio;
3035 2889 3133 2945 sed
3180 2889 3248 2946 de
3285 2904 3350 2944 ea
3399 2889 3682 2960 dignitate,

2095 3001 2260 3056 quam
2290 2991 2548 3054 suscepta
2596 2997 2763 3038 carne
2801 2990 3134 3037 consecutus
3164 2988 3271 3048 est,
3301 2996 3379 3036 ea:
3401 2997 3563 3037 voces
3591 2997 3684 3036 ac-

2096 3077 2362 3147 cipiendae
2401 3075 2536 3140 sint,
2571 3074 2693 3144 fecit
2718 3075 2912 3143 ipsum.
2951 3072 3042 3128 Sic
3066 3075 3213 3130 enim
3237 3089 3358 3129 sese
3374 3090 3465 3130 res
3496 3074 3683 3140 habet,

2096 3179 2157 3224 ut
2187 3168 2376 3239 siqnis
2398 3168 2467 3223 ab
2494 3183 2620 3238 rege
2636 3167 2703 3222 de
2730 3168 2840 3221 lilio
2873 3182 2974 3223 suo
3003 3174 3388 3238 percontetur:
3430 3165 3683 3232 Quanam

407 3279 523 3326 σιος
559 3263 619 3327 ἐξ
651 3262 788 3334 ἐμοῦ
822 3263 1079 3334 ὑπάρχει.
1115 3264 1179 3316 Τί
1218 3259 1312 3317 οὖν
1351 3262 1513 3317 αὐτὸν
1549 3264 1845 3335 ἐποίησας;
1880 3264 1991 3318 Βα-

2096 3261 2201 3318 istc
2226 3261 2327 3316 tibi
2378 3260 2665 3329 sanguinis
2700 3259 3024 3330 cognatione
3051 3260 3386 3329 eonjunctus
3413 3258 3531 3315 est?
3565 3267 3681 3312 tum

406 3354 558 3409 σιλέα
602 3354 763 3435 αὐτδν
804 3356 1056 3424 ἐποίησα.
1099 3354 1270 3425 Δῆλον
1320 3354 1487 3425 μηδὲν
1533 3354 1990 3426 παρηλλαγμένον

401 3447 505 3518 τῆς
538 3446 633 3500 τοῦ
676 3451 885 3519 πατρὸς
930 3445 1097 3500 αὐτοῦ
1133 3446 1309 3511 ἀξίας.
1342 3447 1454 3501 Καὶ
1495 3446 1619 3518 οὐχὶ
1654 3448 1871 3512 πάντως
1903 3448 1993 3503 διὰ

403 3538 466 3593 τδ
498 3539 802 3610 εἰρηκέναι,
854 3539 1121 3611 Ἐποίησα
1153 3539 1314 3592 αὐτὸν
1352 3537 1614 3609 βασιλέα,
1645 3539 1800 3612 παρά
1832 3539 1992 3595 τοῦτο

406 3631 639 3683 Ἔκτισα
670 3630 854 3693 αὑτὸν,
872 3630 1021 3700 λέγει
1040 3633 1069 3684 6
1092 3630 1373 3701 βασιλεύς·
1398 3631 1458 3684 οὐ
1487 3631 1596 3703 γὰρ
1616 3631 1715 3703 τὴν
1739 3632 1991 3705 γέννησιν

402 3723 702 3793 ἠρνήσατο,
726 3724 793 3792 ἣν
821 3722 1139 3795 ὡμολόγησε
1168 3724 1580 3795 γεγεννηκέναι,
1606 3723 1665 3776 ἐν
1687 3723 1765 3795 τῷ
1794 3726 1987 3791 εἰπεῖν,

417 3815 682 3886 Ἐποίησα
699 3832 712 3846 ’
743 3815 857 3868 ἀλλ’
875 3815 1091 3887 ἐκείνην
1117 3815 1214 3887 μὲν
1245 3814 1432 3885 σαφῶς
1463 3815 1799 3887 ἀπεφήνατο,
1823 3816 1885 3869 τὸ
1910 3817 1990 3879 δὲ,

404 3905 792 3977 ἐποίησαμιτερλ¹
806 3903 961 3969 ἀξίας
980 3904 1271 3976 ἐδήλωσεν.
1290 3903 1446 3958 υῦτω
1464 3906 1558 3959 καὶ
1571 3905 1600 3957 6
1617 3904 1743 3970 Υἱὸς
1755 3905 1883 3969 Υἱὸς
1894 3904 1991 3959 τοῦ

404 3998 620 4069 Πατρὸς
657 3997 1042 4068 ἀναμφιϐόλως
1073 3998 1185 4062 τοῖς
1220 3995 1366 4067 ζωὴν
1396 3997 1640 4051 ἐθέλουσι
1675 3997 1992 4051 πιστεύεται

404 4106 465 4142 τε
491 4090 586 4142 καὶ
616 4090 1038 4160 προσκυνεῖται·
1077 4088 1137 4141 τὸ
1166 4087 1222 4141 δὲ
1250 4088 1512 4160 ἀρχιερέα
1541 4088 1825 4157 γενέσθαι,
1856 4089 1991 4143 διότι

404 4182 466 4235 ἐν
492 4180 572 4253 τῷ
605 4180 816 4253 σώματι
862 4178 1027 4234 αὐτοῦ
1060 4178 1138 4251 τῷ
1171 4180 1349 4252 Πατρὶ
1386 4181 1577 4235 ἑαυτὸν
1618 4183 1992 4254 προσήνεγκεν

407 4274 554 4344 ὑπὲρ
579 4274 678 4344 τῆς
698 4272 1141 4344 ἀνθρωπότητος,
1167 4272 1328 4336 αὐτὸς
1353 4273 1554 4344 ἱερεὺς,
1581 4272 1743 4337 αὐτὸς
1775 4274 1990 4344 ἱερεῖον,

406 4365 599 4419 ἑαυτὸν
631 4366 729 4436 μὲν
779 4366 1155 4439 προσήνεγκεν
1187 4363 1329 4435 ὑπὲρ
1375 4365 1556 4434 πάσης
1607 4365 1707 4434 τῆς
1760 4364 1993 4429 κτίσεως

406 4457 815 4530 ἀρχιερατεύων
834 4475 848 4489 ο
882 4456 1088 4520 ἀναϐὰς
1117 4455 1173 4509 δὲ
1204 4456 1588 4526 πνευματικῶς
1612 4458 1705 4511 καὶ
1733 4458 1990 4525 ἐνδόξως,

408 4553 469 4605 ἐν
499 4550 647 4621 αὐτῷ
683 4550 763 4621 τῷ
799 4549 1012 4622 σώματι
1052 4549 1304 4604 ἐκάθισεν
1335 4553 1392 4603 ἐν
1429 4550 1579 4622 δεξιᾷ
1611 4550 1705 4604 τοῦ
1747 4553 1990 4624 Πατρός,

2095 3354 2187 3409 ille
2243 3351 2609 3424 respondeat:
2640 3350 2814 3407 Filius
2860 3365 3019 3407 meus
3073 3360 3189 3418 est;
3230 3359 3421 3422 pergat
3458 3349 3680 3415 deinde,

2094 3454 2148 3501 et
2180 3460 2544 3516 germanusne
2583 3446 2655 3501 sit
2684 3460 2753 3499 an
2809 3446 3033 3515 spurius
3079 3449 3232 3515 roget
3262 3461 3276 3498 :
3308 3441 3421 3498 Rex
3449 3451 3632 3498 autem
3664 3459 3681 3497 :

2098 3536 2430 3602 Germanus,
2461 3545 2517 3592 et
2547 3552 2579 3591 a
2616 3552 2705 3593 me
2733 3536 2973 3608 genitus,
3010 3535 3290 3606 subjiciat.
3324 3533 3468 3602 Quid
3515 3535 3684 3606 igitur

2094 3632 2246 3687 illum
2281 3630 2498 3688 fecisti?
2531 3630 2753 3702 Regem,
2778 3630 2977 3701 inquit,
3002 3628 3128 3685 feci.
3157 3628 3235 3684 Ex
3260 3644 3370 3701 quo
3395 3629 3685 3686 manifeste

2094 3723 2365 3795 sequitur,
2397 3723 2623 3777 minime
2652 3722 2801 3777 hunc
2833 3737 2959 3778 esse
2978 3722 3265 3794 dignitatis
3297 3731 3540 3791 paternae
3569 3720 3686 3776 dis-

2094 3815 2351 3872 similem.
2379 3812 2493 3869 Nec
2521 3829 2588 3870 eo
2623 3813 2771 3884 quod
2803 3829 2899 3869 rex
2926 3811 3108 3867 dicat:
3132 3810 3333 3882 Regem
3370 3811 3524 3866 illum
3553 3810 3682 3879 feci,

2094 3907 2347 3964 eumdem
2385 3921 2445 3962 se
2476 3921 2696 3961 creasse
2753 3905 3067 3961 confitetur.
3113 3902 3233 3957 Non
3274 3903 3420 3958 enim
3451 3916 3686 3974 genera-

2095 4002 2298 4057 tionem
2340 3998 2638 4062 inliciatur,
2669 4013 2795 4053 cum
2842 4012 2968 4052 eum
3007 4011 3068 4052 se
3105 3995 3366 4066 genuisse
3405 3996 3551 4051 dicat
3579 3995 3685 4050 hoc

2097 4095 2237 4166 ipso,
2267 4092 2415 4164 quod
2467 4091 2666 4148 fecisse
2712 4104 2771 4146 se
2800 4097 3012 4155 narrat,
3046 4088 3209 4159 ’162
3248 4086 3343 4143 sed
3379 4103 3504 4142 cum
3535 4088 3683 4141 illam

2096 4196 2283 4263 aperte
2316 4188 2657 4259 profiteatur,
2692 4184 2927 4239 faciendi
2958 4183 3318 4237 nihilominus
3356 4183 3584 4237 verbum
3614 4183 3682 4235 ad

2096 4282 2414 4353 dignitatem
2461 4279 2672 4335 retulit.
2709 4276 2977 4332 Similiter
3021 4283 3076 4332 et
3103 4275 3298 4332 'Filius
3341 4274 3522 4331 Patris
3561 4278 3686 4345 qui-

2095 4376 2221 4434 dem
2245 4373 2418 4430 Filius
2452 4373 2571 4429 sine
2599 4372 2711 4426 ulla
2744 4371 3086 4426 dubitatione
3119 4371 3187 4425 ab
3216 4370 3326 4427 illis
3361 4369 3605 4425 creditur
3630 4377 3686 4423 et

2097 4468 2361 4524 adoratur
2386 4467 2480 4537 qui
2510 4467 2678 4522 vitam
2709 4464 2959 4520 obtinere
2989 4464 3220 4532 cupiunt
3249 4480 3263 4517 :
3290 4460 3531 4533 pontifex
3556 4476 3686 4516 vero

2098 4559 2307 4615 idcirco
2363 4558 2555 4621 fuisse,
2590 4556 2737 4627 quod
2788 4557 2844 4611 in
2902 4570 3005 4611 suo
3043 4568 3275 4624 corpore
3309 4569 3408 4624 pro
3442 4552 3686 4608 humano

411 4642 657 4713 γεγονὼς
696 4644 987 4715 ἀρχιερεὺς
1030 4646 1111 4708 εἰς
1138 4644 1198 4698 τὸ
1226 4643 1505 4713 διηνεκὲς,
1547 4643 1642 4697 καὶ
1679 4643 1992 4716 διεληλυθὼς

2113 4661 2312 4719 genere
2338 4645 2486 4700 Patri
2522 4646 2872 4716 semetipsum
2907 4645 3199 4712 obtulerit;
3252 4644 3394 4700 idem
3422 4653 3478 4699 et
3503 4658 3684 4699 sacer-

405 4738 537 4802 τοὺς
569 4737 835 4809 οὐρανοὺς
867 4738 951 4805 ἐφ’
988 4736 1156 4802 ἆπαξ,
1179 4736 1254 4799 ὡς
1288 4738 1556 4807 μαρτυρεί
1583 4737 1712 4807 περὶ
1744 4736 1909 4789 αὑτοῦ
1933 4738 1992 4790 ἐν

406 4832 531 4892 ⁸ταῖς
580 4828 820 4899 καθεξῆς
874 4829 1087 4895 λέξεσιν
1131 4829 1160 4882 6
1209 4827 1371 4890 αὐτὸς
1431 4828 1584 4896 ἅγιος
1648 4827 1994 4891 Ἀπόστολος.

407 4922 523 4974 Καὶ
553 4920 776 4986 ἐξέπεσε
806 4920 968 4973 πάλιν
1013 4918 1218 4973 τούτων
1256 4921 1289 4989 ἡ
1324 4919 1729 4990 προφασιστικὴ
1771 4918 1993 4992 διαλογὴ

404 5010 510 5082 τῆς
532 5009 682 5075 θείας
716 5011 975 5083 Γραφῆς,
1010 5008 1250 5078 ζωτικῆς
1280 5008 1340 5062 οῦ
1354 5027 1482 5080 της,
1512 5010 1606 5062 καὶ
1638 5010 1804 5081 μηδὲν
1836 5011 1994 5081 ἐχού-

409 5122 512 5176 σης
554 5106 633 5168 είς
679 5105 1014 5177 πρόσκομμα
1059 5105 1298 5168 πιστοῖς,
1326 5102 1360 5174 ἢ
1389 5105 1470 5166 εἰς
1498 5103 1788 5175 ἐλάττωμα
1827 5103 1992 5175 βλασ-

408 5213 485 5268 φη
495 5195 625 5267 μίας
654 5197 791 5268 πρὸς
811 5196 902 5250 τὸν
928 5195 1119 5265 Λόγον.
1910 5204 1913 5205 ⁷

2096 4741 2197 4795 dos
2225 4739 2409 4805 simul,
2431 4746 2488 4794 et
2513 4739 2694 4795 hostia
2728 4755 2829 4809 pro
2866 4739 3016 4794 omni
3039 4743 3295 4793 creatura
3325 4735 3683 4807 pontificatus

2097 4832 2276 4888 cilicio
2322 4831 2553 4901 fungens
2611 4834 2852 4903 seipsum
2892 4832 3110 4897 obtulit,
3141 4841 3253 4885 tum
3296 4828 3527 4901 spiritali
3548 4844 3686 4899 quo-

2097 4926 2222 4980 dam
2258 4923 2443 4989 modo,
2474 4932 2529 4978 et
2583 4924 2792 4995 ingenti
2843 4939 2969 4978 cum
3002 4924 3173 4994 gloria
3209 4922 3527 4983 subvectus,
3557 4934 3684 4974 cum

2097 5017 2287 5074 eodem
2337 5020 2432 5074 illo
2480 5034 2713 5090 corpore
2759 5018 2827 5072 ad
2870 5016 3052 5072 Patris
3092 5016 3375 5071 dexteram
3411 5013 3683 5072 consedit.

2100 5111 2436 5166 constitutus
2468 5111 2522 5165 in
2557 5119 2820 5166 aeternum
2861 5107 3103 5179 pontifex
3126 5108 3170 5171 ³,
3206 5121 3269 5161 ac
3308 5108 3561 5161 caelestes
3597 5119 3685 5159 or.

2100 5198 2198 5255 bes
2251 5202 2420 5256 semel
2474 5216 2820 5271 permensus,
2856 5205 2916 5253 ut
2964 5199 3105 5254 idem
3152 5197 3448 5268 Apostolus
3495 5196 3549 5249 in
3602 5210 3662 5249 se

408 5294 708 5362 quentibus
744 5293 1006 5348 declarat.
1036 5291 1190 5348 Unde
1228 5300 1345 5348 tota
1373 5293 1491 5348 haec
1529 5293 1746 5346 illorum
1782 5291 1852 5345 ad
1900 5291 2233 5348 calumniam
2277 5298 2756 5367 captationemque
2791 5295 3096 5365 composita
3126 5294 3194 5348 de
3233 5290 3536 5360 Scripturis
3571 5288 3682 5343 dis-

410 5389 624 5462 putatio
666 5390 917 5444 corruit:
955 5404 1077 5458 qua:
1129 5390 1350 5460 quidem
1403 5388 1702 5459 Scriptura!
1742 5403 1868 5442 cum
1922 5388 2045 5443 vitae
2102 5390 2479 5463 impertienda:
2521 5394 2631 5447 vim
2667 5394 2889 5461 habent,
2942 5401 3056 5445 tum
3100 5390 3236 5445 nihil
3270 5387 3575 5451 continent,
3619 5384 3684 5439 ad

406 5481 562 5549 quod
613 5478 799 5536 ﬁdeles
851 5480 1163 5545 offendant;
1197 5490 1291 5534 aut
1328 5481 1475 5551 quod
1518 5482 1588 5535 ad
1628 5480 1794 5534 ullam
1829 5478 1993 5536 Verbi
2029 5487 2443 5553 contumeliam,
2503 5487 2735 5557 ejusque
2766 5486 3050 5558 dignitatis
3117 5481 3554 5537 imminutionem
3596 5492 3681 5530 ac.

404 5573 749 5629 commodari
770 5572 892 5643 jure
918 5573 1110 5645 possit.

477 5670 572 5729 M'.
612 5669 748 5728 Εἶτα
782 5672 1055 5745 μέμνηται
1085 5671 1246 5727 πάλιν
1274 5670 1463 5747 ἐτέρου
1490 5673 1679 5747 ῥητοῦ,
1703 5674 1779 5739 ὡς
1821 5674 1996 5728 Ἰωάν-
2027 5730 2031 5734 _

487 5831 506 5863 ⁸
552 5827 616 5885 F.
654 5827 756 5902 τῷ.
832 5830 854 5863 ³
895 5826 1063 5885 Hebr.
1097 5800 1158 5895 tt,
1189 5827 1244 5884 9.
1323 5829 1343 5862 ³
1377 5827 1543 5886 Hebr.
1571 5846 1648 5896 vt,
1679 5828 1769 5884 20.

2180 5670 2292 5725 XL.
2334 5671 2513 5726 Alium
2543 5679 2804 5742 praeterea
2864 5670 3044 5725 locum
3077 5670 3241 5724 Arius
3271 5682 3683 5726 commemorat.
