4138 6396
485 275 597 337 “3

1900 271 1967 326 S.
2008 268 2355 326 EPIPHANII

3664 275 3786 335 26“

483 399 544 455 in
602 412 715 470 quo
747 395 1009 462 Joannes,
1049 410 1176 451 cuin
1197 411 1271 451 an
1313 393 1536 456 deserto
1578 401 1773 458 staret,
1833 403 1888 448 et
1928 410 2077 448 acce-

2193 412 2292 468 νης
2320 393 2496 459 ἑστὼς
2525 395 2586 450 ἐν
2611 398 2679 468 τῇ
2711 397 2904 470 ἐρήμῳ
2951 397 3044 452 καὶ
3069 398 3412 471 θεασάμενος
3438 399 3604 455 αὑτὸν
3632 403 3784 474 ἐρχό-

488 491 708 546 dentem
739 490 890 544 illum
921 490 1150 552 videret,
1191 487 1400 542 dixisse
1425 487 1602 542 fertur
1637 507 1649 541 :
1681 485 1787 540 Hic
1811 496 1891 540 est
1931 501 2085 557 quem

487 581 604 634 dixi
628 581 772 635 vobis
802 598 821 634 :
853 579 1120 645 Quoniam
1151 581 1282 633 venit
1333 589 1450 648 post
1480 596 1558 633 me
1597 581 1696 642 vir,
1729 580 1821 650 qui
1858 588 1978 632 ante
2004 596 2086 632 me

487 673 664 742 {actus
691 683 790 739 est,
813 676 936 744 quia
955 675 1101 741 prior
1137 689 1216 727 me
1237 684 1351 727 erat
1377 675 1416 729 ¹.
1449 672 1692 728 Primum
1720 675 1883 746 igitur
1920 690 2084 730 vaces

483 763 658 834 ipsas,
703 773 963 835 tanquam
1007 765 1232 834 crapula
1260 773 1315 819 et
1347 765 1611 820 ebrietate
1650 766 1912 834 correpti,
1936 768 2081 836 quod

483 855 552 909 ad
579 872 803 912 sensum
825 858 1040 920 attinet,
1072 858 1384 911 inimutant.
1402 856 1780 928 thnomodo,
1805 860 2079 928 inquiunt,

482 947 551 1002 de
603 947 985 1002 incarnatione
1028 946 1238 1002 dictum
1297 949 1430 1002 illud
1471 951 1646 1019 accipi
1704 959 1901 1020 potest,
1953 966 2080 1005 cum

482 1049 611 1096 ante
641 1038 909 1094 Joannem
963 1041 1018 1094 in
1077 1041 1262 1095 Maria:
1311 1053 1468 1096 utero
1499 1046 1714 1112 genitus
1752 1060 1862 1098 non
1895 1044 2082 1099 fuerit?

479 1130 641 1196 Nam,
683 1143 740 1188 ut
763 1134 1093 1204 evangelista
1129 1141 1317 1188 narrat
1349 1153 1362 1189 :
1401 1135 1559 1189 Sexto
1590 1153 1764 1191 mense
1790 1139 1983 1192 missus
2003 1148 2080 1193 est

483 1225 703 1295 angelus
754 1224 971 1280 Gabriel
1013 1229 1066 1281 in
1111 1229 1379 1282 civitatem
1425 1227 1666 1283 Galiltete
1696 1231 1765 1284 ad
1825 1233 2080 1302 virginem

481 1317 859 1387 desponsata»:
885 1322 1018 1385 viro,
1041 1322 1127 1374 cui
1156 1339 1342 1376 nomen
1367 1320 1583 1392 Ioseph.
1614 1321 1680 1375 Et
1704 1324 1972 1393 ingressus
2009 1326 2078 1378 ad

484 1423 602 1464 eam
627 1409 763 1464 dixit
789 1428 806 1465 :
832 1414 956 1478 Ave,
985 1415 1162 1483 gratia
1189 1413 1366 1482 plena,
1403 1413 1662 1469 Dominus
1702 1427 1873 1469 tecum
1898 1419 1940 1479 ',
1969 1432 2074 1472 etc.

481 1502 733 1574 Cumque
773 1503 938 1576 Virgo
969 1507 1040 1561 ob
1068 1523 1187 1561 eam
1228 1509 1617 1563 salutationem
1649 1511 1868 1563 turbata
1915 1512 2074 1576 t'orct,

481 1595 716 1665 subjecit
749 1613 761 1648 :
791 1596 926 1650 Ecce
977 1600 1234 1667 concipies
1284 1601 1339 1653 in
1383 1610 1534 1654 utero
1559 1601 1754 1670 ﬁlium,
1790 1615 1837 1656 et
1867 1604 2074 1658 vocabis

481 1703 668 1741 nomen
721 1688 835 1758 ejus
888 1687 1094 1743 Iesum.
1125 1689 1194 1743 Et
1225 1707 1344 1745 ecce
1391 1701 1620 1762 cognata
1669 1702 1761 1745 tua
1801 1691 2072 1747 Elisabet/i

481 1781 713 1849 concepit
739 1781 910 1850 [ilium
934 1783 988 1835 in
1023 1792 1285 1836 senectute
1313 1801 1432 1847 sua,
1462 1794 1511 1837 et
1545 1784 1627 1837 hic
1659 1787 1851 1839 mensis
1903 1797 2079 1840 sextus

480 1881 559 1926 est
585 1873 665 1926 illi
689 1889 806 1944 qua:
835 1883 1052 1928 vocatur
1073 1874 1290 1929 sterilis.
1315 1877 1720 1931 Animadvertis
1739 1885 1794 1930 ut
1825 1893 1917 1932 sex
1954 1887 2081 1931 ante

482 1967 790 2033 mensibus,
847 1983 1010 2036 quam
1063 1966 1251 2021 Mariae
1304 1972 1582 2023 nuntiaret
1631 1971 1776 2026 istud
1827 1973 2077 2041 angelus,

481 2055 723 2112 Joannes
749 2060 1041 2114 exstiterit.
1081 2059 1314 2124 Quinam
1373 2060 1538 2130 igitur
1585 2061 1700 2114 haec
1736 2063 1924 2124 verba,
1958 2072 2081 2115 ante

481 2165 563 2202 me
594 2149 770 2218 [actus
803 2160 904 2214 est,
939 2152 992 2204 in
1032 2152 1180 2206 illius
1215 2153 1595 2206 incarnatione
1648 2154 1860 2223 impleri
1896 2164 2082 2222 potue-

479 2238 651 2292 runt?
683 2237 818 2303 Quis
844 2247 927 2292 est
955 2255 985 2294 e
1018 2241 1334 2296 rudioribus
1383 2255 1446 2295 ac
1471 2242 1836 2311 simplicibus,
1873 2245 2078 2314 quique

481 2333 618 2385 satis
671 2333 827 2385 lirnio
873 2347 938 2385 ac
986 2335 1348 2388 corroborata
1406 2333 1626 2404 ingenio
1677 2349 1784 2388 non
1835 2336 2074 2402 fuerint,

480 2423 575 2494 qui
619 2438 727 2476 non
759 2422 943 2478 audita
997 2425 1086 2479 illa
1120 2426 1389 2480 sententia
1424 2427 1814 2496 perturbetur?
1863 2427 2075 2483 Etenim

480 2515 816 2570 necessariis
868 2528 933 2568 ac
987 2515 1243 2576 sinceris.
1279 2525 1331 2570 et
1365 2519 1431 2570 ad
1462 2520 1628 2571 vitam
1670 2519 2074 2574 conciliandam

480 2607 696 2663 idoneis
757 2606 1056 2680 Scriptura:
1113 2611 1295 2666 verbis
1333 2612 1535 2678 utitur;
1586 2629 1709 2682 qua:
1742 2614 1905 2686 763
1945 2632 2074 2682 pro.

479 2698 625 2756 fecto
647 2701 715 2756 iis
757 2702 913 2772 ipsis,
945 2704 1037 2774 qui
1073 2703 1213 2757 mala
1249 2712 1440 2774 sponte
1471 2705 1576 2760 sibi
1604 2706 1740 2776 ipsis
1768 2715 2074 2772 arcessunt,

483 2792 666 2862 inajus
691 2793 966 2864 quoddam
997 2795 1383 2850 detrimentum
1415 2797 1794 2852 consciscunt:
1816 2801 2076 2853 tnmalio.

478 2886 574 2956 qui
605 2901 799 2941 omnes
832 2887 938 2941 illa:
971 2889 1258 2943 sententia:
1311 2887 1550 2958 Spiritus
1594 2893 1771 2944 sancti
1804 2891 1925 2945 luce
1963 2893 2077 2948 col-

479 2979 804 3036 lustrentur.
837 2979 973 3034 Nam
1003 2981 1134 3061 quid
1166 2989 1251 3036 est
1284 2981 1338 3035 in
1377 2981 1469 3036 illo
1490 2983 1554 3037 de
1583 2997 1692 3053 quo
1715 2981 1928 3054 agimus
1955 2983 2076 3036 loco

479 3074 549 3130 ad
591 3075 902 3131 cautionem
960 3075 1431 3146 praetermissum?
1474 3073 1608 3130 Ecce
1648 3076 1828 3144 enim,
1870 3077 2072 3148 inquit,

479 3170 682 3234 hiem,
723 3176 784 3225 ut
812 3168 1200 3240 aspectabilem
1235 3169 1389 3222 illum
1421 3183 1545 3223 esse
1566 3167 1861 3236 signiticet,
1900 3177 1954 3224 et
1996 3171 2080 3223 in-

477 3264 762 3320 tuentibus
791 3269 1187 3319 commonstret
1215 3279 1230 3316 :
1261 3262 1431 3329 Quem
1464 3260 1578 3314 dixi
1608 3261 1785 3316 vobis:
1813 3263 2082 3328 Quoniam

477 3364 596 3426 post
628 3372 710 3410 me
749 3355 906 3410 venit.
937 3353 1074 3421 Quis
1106 3354 1197 3409 ille
1222 3355 1370 3409 venit
1395 3361 1760 3424 praeterquam
1790 3355 1910 3408 vir?

554 3447 660 3502 Sed
716 3460 880 3502 nemo
931 3444 1291 3516 intelligentia
1340 3445 1524 3515 aliqua
1577 3444 1838 3516 pneditus
1871 3445 2079 3500 nudum

479 3539 760 3595 hominem
789 3538 928 3592 'esse
982 3536 1276 3592 Dominum
1315 3537 1619 3603 existimet,
1667 3538 1775 3592 nisi
1812 3536 1952 3592 forte
1985 3553 2080 3593 su-

481 3633 729 3706 periores
780 3631 887 3686 illa:
951 3630 1210 3696 haereses,
1251 3645 1392 3701 quas
1447 3637 1608 3685 antea
1662 3631 2077 3702 proposuimus.

481 3724 731 3782 Cerintiii
779 3723 1057 3788 videlicet,
1111 3721 1370 3777 )lerinthi
1423 3729 1479 3776 et
1518 3720 1766 3778 Ebionis.
1807 3722 2078 3778 Caeterum

483 3826 847 3890 prater-quam
901 3817 1046 3888 quod
1086 3814 1168 3870 vir
1193 3823 1280 3872 est
1319 3814 1486 3886 idque
1538 3817 1794 3872 consulto
1853 3817 1923 3872 ad
1985 3833 2078 3873 se-

481 3907 772 3964 curitatem
821 3907 1152 3974 ostenditur,
1194 3921 1300 3961 una
1331 3907 1496 3962 etiam
1531 3913 1587 3962 et
1627 3905 1916 3962 Dominum
1955 3923 2080 3964 esse

483 4015 595 4056 non
642 3999 896 4056 dubitant
939 3999 1198 4071 quivere
1253 3998 1445 4056 ﬁdeles
1501 4007 1652 4054 sunt.
1705 3998 1865 4064 Quod
1899 3999 2076 4070 ipsum

480 4090 712 4147 Joannis
753 4106 974 4162 quoque
1001 4089 1344 4154 {testimonio
1381 4095 1601 4148 constat
1630 4106 1645 4143 :
1675 4085 1832 4154 Quod
1867 4086 2077 4140 audiri-

479 4200 625 4248 ntus,
679 4183 878 4254 inquit,
921 4181 986 4237 ab
1051 4183 1205 4237 initio
1235 4181 1256 4214 ³
1289 4199 1303 4236 :
1334 4189 1393 4236 ut
1425 4197 1552 4237 eum
1609 4181 1850 4236 declaret
1879 4181 1973 4252 qui
2007 4181 2080 4236 ab

482 4277 642 4333 initio
681 4277 914 4341 exstitit,
943 4275 1037 4332 Dei
1071 4273 1306 4330 Verbum
1337 4275 1552 4330 scilicet
1583 4272 1730 4344 quod
1764 4273 1935 4328 videri
1967 4288 2076 4328 non

480 4377 706 4442 potest:
741 4369 1000 4442 quodque
1049 4369 1225 4425 sacris
1291 4367 1350 4422 in
1407 4366 1634 4423 Litteris
1690 4374 1745 4421 et
1796 4366 2076 4436 prophetis

481 4463 794 4519 nuntiatum
825 4463 1160 4526 audivimus,
1186 4471 1240 4516 et
1267 4461 1321 4515 in
1358 4461 1502 4515 caelo
1543 4460 1831 4516 sublimem
1860 4459 1926 4514 ad
1965 4461 2077 4530 glo-
2107 4495 2152 4551 υ

478 4555 618 4610 riam
670 4562 1010 4625 provectum.
1051 4553 1232 4620 Quare
1273 4553 1347 4607 ita
1403 4554 1687 4623 loquitur:
1719 4552 1872 4619 Quod
1916 4554 2069 4606 initio

479 4645 804 4709 audivimus,
857 4655 908 4699 et
964 4645 1132 4700 oculis
1174 4644 1425 4698 vidimus.
1467 4643 1538 4698 Ut
1585 4661 1709 4699 cum
1752 4645 1974 4699 audisse
2009 4660 2069 4700 se

479 4736 634 4803 dicit,
663 4737 830 4794 Deum
879 4737 950 4792 ab
983 4738 1140 4792 initio
1192 4737 1366 4793 fuisse
1412 4738 1679 4803 fateatur;
1719 4753 1844 4794 cum
1886 4746 2066 4791 autem

478 4830 690 4886 vidisse
725 4839 932 4895 narrat,
965 4830 1242 4885 hominem
1279 4830 1573 4902 signiﬁcet,
1599 4830 1666 4884 de
1688 4845 1798 4899 quo
1827 4827 2068 4885 Joannes

477 4920 723 4993 Baptista
758 4923 1105 4992 loquebatur,
1133 4937 1259 4976 cum
1286 4922 1516 4984 diceret,
1548 4922 1683 4976 venit
1717 4931 1832 4991 post
1855 4937 1936 4975 me
1969 4923 2066 4978 vir.

478 5014 618 5070 Illud
680 5030 832 5078 vero,
865 5024 916 5070 et
951 5030 1141 5069 manus
1191 5024 1386 5069 nostra:
1422 5023 1902 5080 contrectaverunt,
1940 5029 2064 5068 enin

477 5123 642 5162 usnm
682 5107 868 5172 habet,
900 5113 962 5161 ut
983 5121 1108 5160 cuin
1151 5106 1219 5161 ab
1243 5106 1404 5160 initio
1429 5104 1574 5162 Deus
1605 5104 1790 5170 fuerit,
1813 5109 2064 5160 eumdem

478 5199 643 5254 etiam
681 5197 1150 5268 conspectabilem
1210 5196 1490 5253 hominem
1520 5211 1586 5252 ex
1618 5193 1786 5250 Maria
1822 5197 2064 5266 genitum

480 5291 653 5347 fuisse
705 5292 1068 5358 demonstret,
1115 5289 1353 5361 indeque
1405 5305 1436 5344 a
1480 5290 1710 5346 mortuis
1761 5292 2068 5345 surrexisse

479 5384 807 5457 perlectum,
838 5385 975 5441 adeo
1023 5392 1085 5440 ut
1115 5391 1370 5440 sanctum
1411 5382 1544 5438 illud
1577 5397 1696 5444 vas,
1732 5383 1876 5453 quod
1911 5399 2070 5438 acce-

479 5487 656 5547 perat,
688 5478 791 5534 hoc
811 5488 896 5534 est
919 5477 1218 5549 perfectam
1245 5477 1486 5533 hominis
1513 5482 1787 5540 naturam,
1829 5491 1938 5530 non
1975 5479 2071 5532 ah-

475 5572 696 5644 jecerit,
733 5572 830 5630 sed
854 5588 979 5629 cum
1012 5572 1161 5629 illius
1191 5572 1336 5628 latus
1365 5570 1756 5640 clavorumque
1777 5570 2070 5624 cicatrices

550 5731 574 5766 ⁸
605 5728 766 5792 Joan.
800 5749 840 5801 ι,
869 5732 960 5789 27.
1036 5735 1058 5766 ⁸
1096 5730 1230 5790 Luc.
1265 5748 1304 5800 ι,
1334 5723 1559 5802 26ἐηη.
1640 5730 1657 5763 ³
1687 5726 1894 5785 IJoan.
1938 5744 1975 5798 ι,
2013 5728 2063 5784 l.

2192 507 2376 560 μενον,
2423 489 2646 558 ἔλεγεν·
2686 487 2875 557 Οὗτός
2907 491 3102 559 ἐστιν,
3157 491 3231 546 ὃν
3257 489 3432 547 εἷπον
3479 494 3640 564 ὑμῖν,
3691 495 3780 550 ὅτι

2203 580 2426 634 Ὀπίσω
2443 598 2563 650 μου
2595 579 2831 650 ἔρχεται
2862 579 3042 649 ἀνὴρ,
3069 581 3138 647 ὃς
3161 581 3508 652 ἔμπροσθέν
3539 600 3652 651 μου
3685 582 3784 652 γέ-

2186 689 2386 742 γονεν,
2417 672 2505 726 ὅτι
2534 671 2765 743 πρῶτός
2786 690 2908 742 μου
2942 669 3040 743 ἦν.
3079 673 3190 727 Καὶ
3221 673 3438 744 πρῶτον
3480 673 3580 744 μὲν
3613 675 3785 739 αὑτὰς

2185 766 2284 829 τὰς
2317 764 2491 840 λέξεις
2519 766 2594 829 ὼς
2622 765 3064 837 καρηϐαροῦντες
3098 765 3427 819 ἀλλάσσουσι
3453 770 3520 836 τῇ
3546 767 3781 836 διανοίᾳ,

2186 860 2281 912 καὶ
2320 859 2569 928 λέγουσι’
2613 859 2738 922 Πῶς
2779 859 2938 913 τοῦτο
2985 858 3290 930 πληροῦται
3321 861 3379 912 ἐν
3411 860 3479 930 τῇ
3528 859 3781 929 ὲνσὰρκῳ

2185 953 2484 1024 παρουσίᾳ,
2509 954 2590 1006 ὅτι
2617 954 2718 1005 οὑκ
2741 949 2809 1022 ἦν
2833 953 2938 1024 πρὸ
2973 953 3221 1006 Ἰωάννου
3245 954 3302 1005 έν
3322 953 3526 1024 γαστρὶ
3558 952 3780 1024 Μαρίας

2187 1045 2652 1115 συνειλημμένος;
2703 1041 2864 1096 Ἀλλά
2889 1083 2904 1106 ,
2946 1043 3131 1113 φησὶν,
3180 1041 3256 1104 ὡς
3286 1044 3315 1095 ὁ
3348 1041 3774 1112 εὑαγγελιστήςο

2194 1139 2299 1190 Ἐν
2331 1137 2401 1191 δὲ
2449 1137 2530 1203 τῷ
2562 1137 2714 1202 ἕκτῳ
2759 1136 2904 1206 μηνὶ
2937 1134 3255 1202 ἀπεστάλη
3295 1138 3328 1188 ὀ
3371 1134 3627 1204 ἄγγελος
3660 1136 3778 1187 Γα-

2184 1229 2359 1298 ϐριὴλ
2379 1232 2467 1297 είς
2515 1230 2698 1284 πόλιν
2733 1229 2844 1298 τῆς
2888 1230 3245 1295 Γαλιλαίας,
3287 1227 3438 1297 πρὸς
3475 1228 3778 1295 παρθένον

2175 1323 2723 1392 μεμνηστευμένην
2769 1322 2974 1390 ἀνδρὶ,
3031 1315 3078 1388 ᾧ
3124 1321 3312 1391 ὄνομα
3371 1321 3614 1390 Ἰωσήφ.
3669 1317 3779 1374 Καὶ

2179 1417 2471 1472 εἰσελθὼν
2503 1418 2653 1486 πρὸς
2674 1417 2868 1485 αὐτὴν
2892 1418 3006 1485 ἔφη
3037 1437 3047 1446 ·
3074 1416 3272 1484 Χαῖρε,
3306 1413 3773 1484 κεχαριτωμένη,

2180 1517 2213 1567 d
2243 1515 2457 1581 Κύριος
2484 1511 2636 1581 μετὰ
2667 1509 2805 1573 σοῦ,
2837 1509 2933 1563 καὶ
2968 1509 3034 1562 τά
3075 1508 3238 1562 λοιπά
3287 1508 3386 1578 τῆς
3433 1505 3774 1568 ἀκολουθίας.

2193 1607 2282 1670 Ὠς
2327 1602 2420 1659 οὖν
2455 1607 2487 1675 ὴ
2539 1603 2820 1676 Παρθένος
2860 1602 2954 1655 ἐπὶ
2997 1601 3074 1672 τῷ
3105 1599 3382 1671 ἀσπασμῷ
3413 1599 3773 1670 ἐταράσσετο,

2181 1697 2284 1768 ἔφη
2321 1696 2457 1768 πρὸς
2490 1697 2688 1765 αὑτήν·
2727 1693 2887 1748 Ἰδοὺ
2927 1691 3228 1760 causam,
3268 1692 3338 1744 ἐν
3393 1689 3630 1760 γαστρὶ,
3675 1686 3775 1741 καὶ

2112 1767 2156 1820 Β
2188 1767 2333 1855 τέξῃ
2361 1787 2516 1850 υἱὸν,
2542 1785 2641 1840 καί
2667 1783 2947 1850 καλέσεις
2979 1783 3045 1836 τὸ
3069 1783 3255 1852 ὄνομα
3283 1781 3469 1836 αὑτοῦ
3510 1779 3773 1850 Ἰησοῦν.

2189 1881 2297 1936 Καὶ
2323 1879 2451 1933 ἰδοὺ
2478 1879 2514 1947 ή
2540 1877 2842 1948 συγγενής
2881 1891 2998 1930 σου
3035 1875 3342 1930 Ἐλισὰϐετ
3370 1873 3778 1944 συνειλημυῖα

2188 1973 2324 2028 υἱὸν
2379 1973 2450 2026 ἐν
2520 1969 2675 2042 γήρᾳ
2723 1967 2951 2037 αὐτῆς,
3015 1968 3113 2022 καί
3169 1963 3347 2033 οὗτος
3403 1967 3534 2038 μὴν
3599 1965 3775 2032 ἕκτος

2187 2066 2362 2120 ἐστίν
2418 2061 2574 2131 αὐτῇ
2630 2059 2702 2129 τῇ
2761 2060 3109 2129 καλουμένῃ
3165 2059 3390 2127 στείρᾳ.
3442 2057 3553 2112 Καὶ
3611 2058 3773 2129 ὁρᾷς,

2188 2159 2376 2229 φησὶν,
2399 2159 2479 2211 ὅτι
2504 2155 2609 2228 πρὸ
2635 2154 2692 2220 ἒξ
2719 2153 2904 2226 μηνῶν
2929 2154 3022 2206 τοῦ
3050 2152 3503 2221 εὑαγγελισθῆναι
3531 2149 3772 2220 Μαρίαν,

2187 2253 2288 2323 1ἤδη
2319 2249 2674 2322 προϋπῆρχεν
2701 2249 2729 2300 ὁ
2770 2247 3044 2317 Ἰωάννης.
3085 2246 3209 2310 Πῶς
3244 2241 3337 2300 οὖν
3365 2243 3446 2307 τὸ,
3483 2243 3594 2312 πρὸ
3627 2241 3774 2311 ἐμοῦ

2184 2343 2442 2414 ἐγένετο,
2478 2344 2535 2396 έν
2581 2343 2647 2412 τῇ
2681 2340 2932 2412 ὲνσάρκῳ
2962 2341 3236 2411 παρουσίᾳ
3270 2337 3506 2412 Χριστοῦ
3555 2337 3775 2406 πληρω-

2187 2439 2447 2509 θήσεται;
2489 2438 2585 2501 Τίς
2625 2436 2680 2490 δὲ
2725 2437 2830 2489 τῶν
2879 2435 3153 2506 ἀκεραίων
3203 2434 3277 2505 μὴ
3314 2434 3408 2488 καὶ
3457 2435 3516 2486 ὲν
3565 2430 3774 2500 διανοίᾳ

2185 2529 2427 2602 ἐναργῶς
2455 2528 2854 2601 ἑδραιωμένων,
2889 2528 3127 2591 ἀκούσας
3160 2527 3219 2580 τὸ
3258 2527 3440 2598 ῥητὸν.
3494 2526 3556 2579 οὑ
3602 2541 3773 2594 ταρα-

2184 2623 2486 2694 χθήσεται;
2518 2622 2681 2691 Λέγει
2730 2619 2869 2692 γάρ·
2908 2621 2989 2674 Τὰ
3036 2621 3332 2688 ἀναγκαῖα,
3368 2618 3461 2672 καὶ
3501 2617 3768 2689 ἀκέραια,

2184 2711 2280 2764 καὶ
2313 2709 2522 2776 ζωτικά
2571 2710 2642 2764 τὰ
2678 2713 2778 2780 τῆς
2829 2708 2982 2773 Θείας
3016 2710 3240 2780 Γραφῆς
3291 2711 3403 2772 τοῖς
3440 2707 3510 2761 τὰ
3557 2705 3770 2775 πονηρά

2183 2805 2395 2868 ἑαυτοῖς
2431 2802 2840 2874 ὲπισπωμένοις
2878 2801 3079 2873 μᾶλλον
3133 2801 3546 2874 βλαὸλερῶτερα
3581 2804 3768 2871 φαίνε-

2181 2913 2292 2964 ται,
2319 2895 2427 2950 τῶν
2458 2895 2637 2966 ῥητῶν
2691 2897 2867 2965 πάντη
2915 2897 2974 2948 ὲν
3009 2894 3288 2966 Πνεύματι
3326 2896 3464 2967 ἀγίῳ
3496 2913 3771 2968 κατηυγα-

2183 2987 2419 3060 σμένων.
2450 2988 2515 3040 Τί
2544 2986 2654 3060 γὰρ
2685 2986 3116 3059 παραλέλειπται
3145 2987 3223 3057 τῷ
3250 2987 3400 3059 ρητῷ
3434 2988 3569 3060 πρὸς
3594 2989 3770 3057 ἀσφά-

2181 3080 2373 3146 λειαν;
2427 3077 2584 3135 Ἰδοὺ
2615 3078 2748 3149 γὰρ,
2783 3078 2954 3146 λέγει,
2981 3078 3064 3131 ὅτι
3096 3073 3276 3144 οὗτός
3299 3079 3452 3143 ἐστι,
3485 3079 3770 3152 τδιὸρατὸν

2186 3171 2489 3242 σημαίνων,
2532 3171 2629 3224 καὶ
2669 3167 3037 3222 ὑποδεικνύων
3075 3169 3188 3232 τοῖς
3222 3167 3444 3241 ὁρῶσιν,
3493 3169 3568 3223 ὃν
3595 3165 3770 3224 εἷπον

2180 3263 2346 3334 ὑμῖν,
2393 3263 2484 3317 ὅτι
2537 3262 2733 3318 ὀπίσω
2779 3280 2901 3333 μου
2951 3261 3208 3332 ἔρχεται.
3263 3261 3374 3316 Καὶ
3419 3263 3506 3327 τίς
3548 3262 3768 3336 ἔρχεται

2181 3354 2300 3409 ἀλλ’
2341 3354 2588 3426 ἣάνήρ;

2251 3443 2442 3507 Οὐδεὶς
2477 3442 2535 3495 δὲ
2569 3439 2681 3494 τῶν
2719 3439 2936 3496 σύνεσιν
2986 3442 3345 3512 κεκτημένων
3393 3439 3564 3513 ἄνδρα
3611 3440 3767 3513 ψιλὸν

2179 3535 2421 3607 νομίσειε
2453 3534 2547 3588 τὸν
2581 3533 2783 3607 Κύριον
2811 3531 2990 3605 ἡμῶν,
3026 3532 3165 3586 ἀλλὰ
3195 3534 3253 3587 αί
3281 3534 3394 3588 ἀνω
3430 3534 3673 3606 αἱρέσεις
3705 3537 3764 3590 αἱ

2179 3627 2283 3699 ἤδη
2312 3627 2696 3700 σημανθεϊσαι,
2726 3628 2776 3680 οι
2825 3628 2953 3698 περὶ
3004 3625 3300 3698 Κήρινθον,
3340 3627 3433 3681 καὶ
3463 3627 3764 3701 Μήρινθον,

2179 3720 2276 3774 καὶ
2334 3719 2587 3775 Ἐὁίωνα.
2655 3717 2817 3780 Ἅλλά
2867 3718 3007 3790 μετά
3049 3717 3144 3772 τοῦ
3193 3718 3355 3790 ἀνὴρ,
3413 3719 3631 3784 πάντως
3681 3722 3764 3776 ὅτι

2177 3811 2602 3884 ὴσφαλισμένως
2623 3849 2639 3877 ,
2668 3812 2764 3866 καὶ⁸
2806 3811 3011 3882 Κύριον
3040 3811 3203 3864 αὑτὸν
3231 3811 3408 3864 ἴσασιν
3441 3811 3492 3866 οξ
3520 3812 3765 3884 ἀληθινοὶ

2179 3908 2383 3971 πιστοὶ,
2412 3906 2489 3970 ὡς
2521 3907 2615 3960 καὶ⁷
2673 3905 2927 3976 Ἰωάννης
2962 3907 3232 3978 μαρτυρεῖ
3255 3921 3272 3936 ο
3321 3907 3390 3960 Ὃ
3419 3905 3766 3977 ἀκηκόαμεν

2179 3999 2492 4069 άπαρχῆςο
2525 3999 2612 4052 ἵνα
2647 3999 2778 4072 εῐπῃ
2817 3997 2909 4051 τδν
2939 3997 3196 4069 ἀπαρχῆς
3232 3995 3382 4060 δντα,
3411 3996 3504 4050 τὸν
3533 3997 3764 4066 ἀόρατον

2179 4091 2312 4145 Θεὸν
2362 4091 2556 4160 Λόγον,
2610 4089 2669 4143 ὃν
2720 4088 3038 4160 ἠκούσαμεν
3088 4089 3147 4141 ὲν
3192 4087 3366 4152 θείαις
3409 4088 3654 4160 Γραφατς
3705 4089 3764 4143 έν

2178 4186 2486 4256 προφήταις
2517 4181 3040 4253 καταγγελλόμενον.
3094 4183 3153 4234 ὲν
3180 4179 3395 4252 οὐρανῷ
3423 4180 3762 4253 ὲξυπνούμε-

2177 4293 2288 4331 νον.
2317 4275 2428 4329 Καὶ
2453 4274 2542 4328 διὰ
2564 4272 2724 4326 τοῦτο
2746 4271 2778 4326 ὃ
2802 4273 2871 4326 ἐν
2895 4271 3050 4342 ἀρχῇ
3072 4272 3442 4343 ἠκούσαμεν,
3471 4272 3570 4325 καὶ
3599 4273 3762 4326 ἐθεα-

2177 4365 2410 4436 σάμεθα
2438 4365 2562 4431 τοῖς
2588 4363 2936 4434 ὀφθαλμοῖς,
2973 4364 3060 4419 ἵνα
3087 4365 3199 4418 ἄνω
3217 4365 3278 4418 τὸ
3305 4365 3599 4436 ἀκηκοέναι
3627 4365 3762 4419 Θεὸν

2178 4459 2485 4532 ὁμολογήσῃ
2518 4459 2577 4526 ἐξ
2620 4459 2906 4530 ὑπαρχῆςσ
2943 4458 3004 4511 τὸ
3032 4458 3091 4511 δὲ
3126 4458 3432 4531 ἑωρακέναι
3475 4457 3761 4530 ἄνθρωπον

2178 4553 2418 4625 σημάνῃ,
2475 4550 2534 4604 ὃν
2591 4551 2687 4604 καὶ
2738 4553 2766 4604 ὁ
2804 4551 3117 4620 Βαπτιστὴς
3182 4550 3435 4619 Ἰωάννης
3491 4549 3629 4621 ἔφη,
3677 4551 3759 4605 ὃτι

2189 4645 2412 4698 Ὀπίσω
2433 4661 2552 4713 μου
2573 4645 2807 4712 ἔρχεται
2833 4643 3008 4712 ἀνήρ.
3034 4643 3143 4697 Καὶ
3166 4643 3246 4706 τὸ,
3275 4646 3346 4697 Al
3373 4642 3567 4712 χεῖρες
3592 4643 3760 4713 ἡμῶν

2175 4737 2612 4806 ἐψηλάφησαν,
2639 4737 2728 4791 ἵνα
2751 4737 2884 4789 Θεὸν
2917 4735 3122 4790 ἄνωθεν
3153 4737 3394 4810 σημάνῃ,
3429 4739 3523 4790 καὶ
3552 4736 3760 4810 ἄνθρω-

2177 4848 2280 4884 πον
2311 4830 2505 4901 ὁρατὸν
2542 4828 2801 4901 ὑποδείξῃ
2831 4829 2938 4882 ἀπὸ
2971 4828 3187 4901 Μαρίας
3214 4828 3636 4899 γεγεννημένον,
3665 4831 3758 4884 καὶ

2176 4924 2242 4977 ὲκ
2271 4923 2479 4994 νεκρῶν
2509 4922 2819 4977 ἀναστάντα
2844 4921 3076 4987 τέλειον,
3116 4921 3189 4992 μὴ
3235 4920 3674 4991 ἀποὸαλλόμενον
3698 4920 3759 4975 τὸ

2175 5015 2329 5085 ἅγιον
2359 5014 2552 5080 σκεῦος
2573 5057 2586 5080 ,
2614 5014 2643 5068 ὃ
2675 5016 2886 5088 εἴληφε,
2917 5016 3012 5070 καὶ
3039 5015 3137 5086 τὴν
3169 5015 3380 5069 τελείαν
3406 5014 3569 5069 αὑτοῦ
3602 5017 3756 5068 ἐναν-

2174 5107 2479 5179 θρώπησιν,
2509 5107 2645 5161 ἀλλὰ
2673 5107 2763 5162 διὰ
2798 5107 2892 5162 τοῦ
2926 5107 3338 5178 ἐψηλαφηκέναι
3365 5107 3464 5178 τὴν
3492 5105 3752 5175 πλευρὰν,

2173 5199 2264 5252 τόν
2301 5217 2362 5252 τε
2391 5199 2562 5254 τύπον
2597 5199 2707 5254 τῶν
2731 5199 2899 5272 ἥλων,
2930 5199 3000 5252 τὰ
3027 5200 3154 5270 τρία
3185 5199 3496 5270 ὁμολογήσῃ
3537 5199 3756 5268 ἀπαρα-

2174 5292 2471 5356 σαλεύτως.
2505 5291 2662 5346 Οὕτω
2694 5309 2783 5364 μοι
2807 5293 2903 5346 καὶ
2927 5293 3163 5346 ἐνταῦθα
3189 5292 3321 5356 νόει,
3349 5293 3432 5354 τὸ,
3463 5292 3544 5344 ὅτι
3567 5286 3757 5358 Οὗτός

2171 5385 2344 5438 ἐστιν
2370 5383 2443 5438 ὃν
2457 5381 2630 5440 εἷπον
2651 5385 2812 5456 ὑμῖν,
2833 5385 2924 5439 ὅτι
2952 5387 3146 5439 ὀπίσω
3172 5402 3292 5454 μου
3315 5384 3547 5453 ἔρχεται
3575 5381 3753 5450 ἀνὴρ,

2173 5475 2260 5529 ἴνα
2298 5474 2397 5547 τὴν
2429 5475 2690 5548 ένσαρκον
2731 5478 2950 5550 σημάνῃ
2994 5477 3318 5548 παρουσίαν.
3353 5475 3476 5528 Ὅτι
3518 5473 3754 5542 Πρῶτός

2167 5587 2287 5640 μου
2326 5566 2426 5643 ἦν,
2454 5570 2543 5625 ἵνα
2580 5571 2680 5643 τὴν
2725 5571 2955 5645 Θεὸτητα
2996 5568 3252 5642 ὑποδείξῃ
3275 5609 3289 5636 ,
3329 5565 3420 5623 ὅτι
3453 5564 3568 5636 πρὸ
3608 5562 3755 5635 ἐμοῦ
