4138 6396
417 371 528 430 265
1132 368 1507 423 ΑυνΕιιδυδ
1543 363 1887 421 HERBSES
1923 364 2012 418 LII

2123 365 2163 418 Ι.
2206 363 2374 419 ἸΟΜ.
2419 366 2483 418 ll.
2528 394 2595 409 --
2632 364 2910 420 HZERES.
2959 361 3146 420 LXIX.
3614 367 3724 424 εδδ

416 487 678 561 ἐγένετο⁴
708 480 780 542 ἐν
800 484 882 553 τῷ
905 486 1116 557 κόσμῳ
1142 486 1255 560 γὰρ
1280 481 1381 558 ἦν,
1408 485 1546 556 φησὶ
1571 484 1634 538 τδ
1662 484 1818 553 ἅγιον
1847 482 2012 552 Εὐαγ-

2127 498 2192 538 ae
2215 483 2447 556 vestigia
2486 490 2909 551 contrectasset,
2942 485 3050 539 tria
3109 485 3201 539 illa
3252 483 3372 541 sine
3408 483 3519 540 ulla
3561 486 3725 543 lux-si-

416 582 621 652 γέλιον,
679 579 778 635 καὶ
833 583 867 635 ὁ
917 579 1150 650 κόσμος
1186 578 1262 633 δι’
1310 577 1500 633 αὐτοῦ
1527 576 1785 649 ἐγένετο,
1837 577 1935 630 καί
1986 580 2012 629 d

2121 573 2335 637 talione
2403 572 2696 629 confessus
2741 583 2847 632 est.
2911 574 3004 631 Sic
3057 577 3225 647 igitur
3265 576 3411 646 quod
3443 591 3475 631 a
3510 576 3724 634 Joanne

417 674 647 742 κόσμος
668 669 861 726 αὑτὸν
894 670 1011 724 οὐκ
1044 668 1222 739 ἔγνω.

2129 662 2373 735 Baptista
2419 664 2659 720 dicitur:
2690 663 2792 719 Hic
2819 674 2896 720 est
2912 682 3066 737 quem
3094 667 3209 721 dixi
3237 668 3382 722 vobis
3409 683 3425 720 :
3451 666 3722 735 Quoniam

416 765 559 822 venit
601 775 723 836 post
768 779 850 817 me
905 762 1008 825 vir,
1059 760 1497 816 incarnationem
1537 759 1803 815 declarat.
1870 756 1998 812 Haec
2044 751 2251 824 autem,
2305 757 2453 825 prior
2489 773 2571 811 me
2613 767 2753 824 erat,
2809 758 2930 829 ejus
2991 758 3329 814 divinitatem
3383 760 3720 831 signiﬁcant,

416 861 670 931 quoniam
691 867 815 913 ante
845 873 925 911 me
944 857 1120 927 {actus
1141 867 1243 911 est.
1267 856 1479 928 Quippe
1521 864 1583 912 ut
1630 857 1684 911 in
1720 855 2015 927 Evangelia
2054 856 2319 925 scriptum
2345 863 2470 910 est:
2509 854 2576 909 In
2603 858 2799 909 mundo
2831 866 2968 920 erat,
3024 865 3074 910 et
3122 857 3350 912 mundus
3393 872 3486 925 per
3548 859 3722 928 ipsum

422 954 597 1021 factus
629 961 729 1015 est,
748 962 797 1006 et
818 949 1047 1005 mundus
1081 966 1203 1004 eum
1235 966 1338 1005 non
1367 948 1666 1020 cognovit‘.

487 1067 625 1121 MA'.
669 1065 732 1118 Ei
778 1063 835 1117 δὲ
871 1065 930 1117 ὲν
978 1062 1172 1135 κόσμῳ
1203 1059 1275 1135 ἦν
1320 1063 1433 1134 (95)
1464 1063 1572 1136 πρὸ
1609 1060 1702 1116 τοῦ
1764 1060 2016 1134 Ἰωάννην

417 1157 748 1228 ¹γεννηθῆναι
778 1158 874 1209 καὶ
902 1154 1280 1226 συλληφθῆναι
1299 1198 1315 1223 ,
1349 1156 1457 1227 πρὸ
1501 1155 1669 1210 αὐτοῦ
1700 1154 1924 1226 γέγονεν
1958 1156 2017 1207 ἐν

417 1252 642 1322 κόσμῳ.
682 1249 744 1319 ού
780 1248 909 1318 περὶ
946 1248 1179 1312 κτίσεως
1202 1288 1218 1312 ,
1249 1249 1313 1301 ού
1346 1249 1475 1320 περὶ
1506 1253 1779 1320 ποιήσεως
1812 1247 2013 1320 σημαί-

419 1359 551 1406 νων,
586 1340 723 1396 ἀλλά
768 1339 912 1394 κατά
939 1339 1038 1412 τὴν
1070 1341 1288 1412 χρῆσιν,
1318 1340 1384 1411 ἢν
1424 1340 1732 1412 ὁμωνύμως
1760 1339 2016 1393 εἰώθασιν

416 1436 469 1489 οἱ
505 1434 781 1507 ἄνθρωποι
826 1432 1044 1502 λέγειν’
1110 1433 1414 1503 Ἐγενόμην
1466 1434 1525 1486 ἐν
1592 1431 2014 1504 Ἱεροσολύμοις,

418 1523 689 1596 ἐγενόμην
710 1523 768 1575 ὲν
788 1521 1090 1586 Βαϐυλῶνι,
1114 1522 1384 1593 ἐγενόμην
1402 1524 1459 1576 ἐν
1487 1521 1742 1596 Αἰθιοπίᾳ
1762 1524 1803 1585 ί,
1832 1522 2015 1592 ἐγενό-

422 1632 533 1689 μην
560 1618 619 1669 ὲν
677 1612 1088 1685 ’Δλεξανδρείᾳα
1120 1614 1181 1666 ού
1226 1612 1405 1667 κτίσιν
1437 1613 1720 1685 σημαίνων
1757 1612 2014 1679 ἐνταῦθα,

419 1706 559 1761 ἀλλά
587 1703 840 1759 ὲπίϐασίν
868 1721 926 1757 τε
956 1703 1051 1758 καὶ
1082 1701 1409 1774 παρουσίαν.
1442 1703 1515 1755 Τὸ
1538 1701 1669 1778 γὰρ,
1715 1700 2016 1770 Ἐγενόμην

2196 1058 2336 1116 XLI.
2370 1059 2527 1126 Quod
2555 1060 2604 1116 si
2630 1060 2687 1114 in
2723 1062 2930 1117 mundo
2959 1070 3099 1127 erat,
3127 1075 3418 1135 antequam
3463 1081 3721 1123 nascere-

2123 1160 2215 1206 tur
2251 1159 2346 1207 aut
2367 1152 2682 1223 gigneretur
2705 1150 2970 1219 Joannes,
3014 1161 3141 1210 ante
3203 1154 3357 1209 illum
3402 1156 3457 1210 in
3511 1162 3719 1212 mundo

2121 1243 2331 1299 exstitit
2363 1261 2377 1297 :
2408 1242 2556 1314 quod
2596 1243 2665 1299 de
2713 1247 2992 1301 creatione
3034 1254 3128 1300 aut
3157 1246 3445 1303 effectione
3488 1249 3716 1323 intelligi

2123 1350 2235 1390 non
2284 1334 2468 1400 debet,
2522 1334 2618 1389 sed
2647 1334 2715 1389 ad
2747 1350 3095 1391 communem
3142 1337 3403 1408 loquendi
3443 1341 3716 1396 rationem

2123 1425 2598 1481 accommodatum
2650 1433 2756 1493 est,
2801 1442 2909 1497 qua
2940 1428 3103 1499 vulgo
3135 1429 3215 1485 sic
3245 1429 3547 1501 loquuntur
3573 1446 3589 1486 :
3614 1431 3714 1487 Fui

2122 1517 2514 1590 Jerosolymis,
2554 1518 2631 1573 fui
2685 1518 2981 1592 Babylone,
3038 1519 3114 1574 fni
3176 1521 3231 1575 in
3282 1520 3592 1594 Ethiopia,
3638 1524 3717 1580 fui

2123 1615 2506 1671 Alexandriae:
2543 1614 2636 1669 ubi
2675 1629 2784 1669 non
2843 1615 3052 1670 creatio
3109 1617 3240 1681 ulla,
3281 1617 3365 1672 vel
3401 1616 3714 1687 productio,

2123 1707 2289 1781 7641
2336 1709 2432 1764 sed
2483 1707 2728 1764 accessio
2777 1716 2829 1763 et
2866 1709 3138 1765 adventus
3183 1711 3530 1781 exprimitur.
3576 1709 3714 1766 Nam

421 1801 481 1854 ὲν
508 1796 842 1869 Βαϐυλῶνιῆ
864 1797 922 1850 ὲν
948 1796 1125 1868 ἑτέρῳ
1142 1795 1295 1867 τόπῳ
1313 1836 1328 1860 ,
1353 1796 1436 1849 ὅτι
1464 1791 1691 1849 1Ἦλθον.
1722 1792 1843 1862 Πρὸ
1871 1793 2012 1863 ἐμοῦ

2123 1802 2268 1857 istud
2318 1820 2332 1855 :
2378 1799 2476 1854 Fui
2522 1800 2820 1873 Babylone,
2878 1802 2961 1856 vel
3020 1803 3128 1857 alio
3189 1804 3331 1869 loco,
3374 1804 3518 1860 idem
3572 1807 3713 1861 valet

417 1884 518 1945 οὖν
547 1887 819 1959 ἐγένετο,
853 1887 941 1942 ἵνα
978 1887 1129 1960 δείξῃ
1167 1888 1261 1940 ἐπὶ
1289 1887 1388 1959 τῆς
1429 1886 1536 1957 γῆς
1576 1885 1674 1957 τὴν
1717 1883 1810 1939 τοῦ
1840 1885 2013 1955 Λόγου

420 1981 512 2036 ἀέι
534 1978 817 2033 ἐπίϐασινο
848 1977 941 2031 καὶ
967 1977 1049 2043 τὸ,
1080 1976 1320 2047 Πρῶτός
1345 1994 1467 2046 μου
1492 1971 1591 2047 ἦν,
1619 1975 1708 2029 ἵνα
1734 1971 1885 2048 δείξῃ
1916 1974 2016 2047 τὴν

421 2072 656 2144 θεότητα
689 2071 779 2125 ἀεὶ
813 2064 978 2124 οὖσαν
1003 2085 1016 2097 ’
1056 2067 1118 2121 τὸ
1158 2069 1237 2134 δὲ,
1276 2069 1472 2122 ὀπίσω
1509 2085 1630 2138 μου
1659 2066 2012 2137 ἐρχόμενον,

425 2165 517 2220 ἵνα
541 2164 692 2239 δείξῃ
718 2164 818 2235 τὴν
860 2161 1124 2233 σύλληψιν
1170 2161 1308 2233 μετά
1341 2160 1433 2215 τὸν
1476 2159 1752 2232 Ἰωάννην.
1789 2159 1901 2213 Καὶ⁹
1930 2158 2018 2213 διὰ

422 2259 612 2324 τοῦτο,
675 2256 825 2327 Ἐγὼ
849 2256 1019 2326 φωνὴ
1049 2254 1326 2322 ,ϐοῶντος
1345 2255 1414 2308 ἐν
1440 2252 1517 2323 τῇ
1543 2253 1761 2323 ἐρήμῳ,
1790 2254 2017 2324 ἑτοιμα-

426 2350 585 2420 στικὴ
616 2349 768 2421 φωνὴ
795 2349 897 2419 τῆς
925 2346 1034 2401 τῶν
1067 2345 1370 2420 ἀνθρώπων
1415 2346 1606 2417 ἀκοῆς.
1648 2344 1873 2416 Πρῶτον
1908 2345 2016 2417 γάρ

422 2440 794 2513 ἀδιάρθρωτον
818 2440 1074 2495 εἰώθασιν
1094 2443 1144 2494 οἱ
1167 2438 1473 2509 φωνοῦντες
1499 2438 1808 2492 ἀποδιδόναι
1832 2442 2017 2509 φωνὴν

420 2532 734 2602 ἠχήεσσαν,
770 2531 1124 2604 ἀπομήκοθεν
1173 2529 1467 2594 καλοῦντες
1517 2530 1642 2594 τοὺς
1689 2531 1744 2584 τὶ
1797 2529 2017 2601 ἔχοντας

427 2623 559 2694 παρ’
611 2621 777 2676 αὑτοῦ
828 2622 1082 2677 ἀκούειν’
1132 2622 1228 2676 καὶ
1269 2622 1408 2678 ἐπὰν
1445 2624 1645 2676 ἐκεῖνοι
1688 2621 1789 2693 τῆς
1833 2622 2018 2692 φωνῆς

427 2713 703 2767 ἀκούσωσι
739 2714 907 2787 μόνης
927 2756 944 2783 ,
990 2716 1085 2770 καὶ
1112 2713 1327 2770 δὼσωσι
1357 2714 1449 2770 τὸν
1476 2713 1603 2769 νοῦν
1636 2713 1730 2768 τοῦ
1773 2714 2012 2779 ἀκούειν,

428 2810 523 2863 καὶ
575 2809 909 2881 ὲτοιμάσωσι
955 2811 1057 2882 τήν
1099 2809 1289 2882 ἀκοὴν,
1348 2810 1471 2863 τότε
1514 2811 1544 2864 ό
1591 2809 1691 2881 τὴν
1738 2810 2017 2881 ἠχήεσσαν

426 2902 613 2974 φωνὴν
641 2902 875 2966 ἀποδοὺς
919 2902 1106 2957 λοιπὸν
1153 2903 1456 2958 διαστέλλει
1497 2903 1589 2957 τὸν
1621 2903 1798 2972 λόγον,
1848 2902 2017 2975 ὅνπερ

2124 1902 2306 1965 atque,
2355 1892 2434 1947 Eo
2471 1893 2713 1964 perveni.
2770 1892 3132 1960 Quamobrem
3176 1902 3230 1950 et
3265 1895 3396 1950 illud
3436 1898 3606 1953 :Ante
3636 1915 3716 1952 me

2126 1986 2300 2055 {actus
2322 1994 2421 2049 est,
2453 1984 2574 2040 ideo
2606 1984 2815 2040 dictum
2856 1994 2961 2051 est,
2989 1995 3050 2042 ut
3078 1980 3240 2043 Verbi
3279 1989 3344 2044 ad
3389 1998 3592 2046 terram
3622 2008 3716 2047 ac-

2125 2078 2431 2133 cessionem
2470 2078 2833 2134 demonstret.
2882 2078 3011 2134 ltein
3051 2080 3184 2136 illud
3223 2099 3236 2135 :
3268 2081 3427 2137 Prior
3465 2100 3548 2138 me
3574 2095 3712 2150 erat,

2124 2169 2487 2233 divinitatem,
2503 2187 2625 2240 qua:
2643 2187 2859 2241 semper
2878 2172 3113 2232 exsistit,
3133 2174 3404 2240 ostendit;
3424 2174 3539 2228 hmc
3560 2189 3714 2236 vero,

2123 2264 2213 2333 qui
2242 2272 2359 2333 post
2382 2280 2462 2317 me
2483 2265 2642 2325 venit,
2686 2274 2811 2335 post
2835 2262 3099 2320 Joannem
3134 2282 3257 2323 esse
3287 2266 3552 2336 genitum.
3581 2266 3718 2323 Pro-

2124 2363 2331 2427 pterea,
2392 2354 2505 2426 Ego
2527 2371 2646 2418 vox,
2674 2358 2871 2428 inquit,
2900 2358 3187 2413 clamantis
3219 2359 3272 2413 in
3304 2359 3509 2414 deserto
3531 2367 3577 2426 ι,
3611 2360 3717 2416 hoc

2123 2457 2229 2515 est,
2253 2464 2357 2504 vox
2410 2448 2477 2503 ad
2526 2450 2914 2519 praeparandas
2963 2450 3246 2505 hominum
3283 2466 3447 2506 aures
3489 2452 3711 2508 emissa.

2122 2539 2226 2607 Qui
2264 2542 2410 2596 enim
2450 2541 2708 2604 clamant,
2747 2550 2807 2595 ut
2857 2543 3076 2598 eminus
3126 2558 3222 2598 eos
3248 2551 3480 2599 evocent
3510 2543 3714 2615 quibus

2124 2630 2438 2702 signiﬁcare
2468 2631 2674 2701 aliquid
2706 2632 2956 2703 cupiunt,
2996 2648 3252 2696 sonoram
3277 2635 3572 2705 quamdam
3605 2635 3715 2689 ini-

2123 2723 2203 2777 tio
2242 2740 2454 2785 vocem,
2492 2740 2593 2780 nec
2623 2725 2970 2781 articulatam
3002 2725 3290 2798 proferunt
3321 2746 3334 2782 :
3361 2743 3598 2799 cumque
3634 2729 3716 2783 illi

2124 2811 2241 2866 sola
2269 2812 2524 2867 exaudita
2556 2829 2690 2869 voce
2714 2813 2781 2867 ad
2813 2815 3146 2870 audiendum
3173 2825 3412 2874 mentem
3445 2818 3715 2875 adhibue-

2124 2900 2255 2965 rint,
2288 2913 2453 2972 atque
2486 2916 2676 2958 aurem
2706 2904 3072 2970 admoverint,
3110 2913 3226 2960 tum
3268 2906 3601 2965 vociferator
3624 2911 3716 2966 ille

427 2991 704 3065 ¹ἠϐουλήθη
747 2995 940 3048 εἰπεῖν.
989 2993 1144 3049 Οὕτω
1171 2996 1266 3049 καὶ⁹
1325 2996 1580 3067 Ἰωάννης
1607 2996 1759 3067 φωνὴ
1799 2996 2012 3065 ἐγένετο

2122 2995 2269 3064 quod
2320 2993 2505 3050 dicere
2536 2995 2897 3050 constituerat
2926 2995 3244 3053 distinctius
3290 2998 3590 3070 eloquitur.
3633 2999 3714 3055 Ita

427 3084 796 3158 ἐτοιμάζουσα
823 3086 923 3159 τὴν
964 3088 1134 3156 ἀκοὴν
1161 3088 1269 3142 τῶν
1316 3087 1642 3159 ἀνθρώπων.
1678 3090 1753 3143 Οὐ
1800 3088 1910 3161 γὰρ
1942 3084 2011 3160 ἦν

2121 3100 2252 3157 ergo
2276 3084 2517 3142 Joannes
2551 3101 2656 3141 vox
2681 3086 2931 3158 quaedam
2983 3086 3086 3142 fuit
3135 3091 3511 3160 praeparandis
3542 3093 3715 3147 homi-

427 3177 593 3243 αὐτὸς
611 3179 643 3231 ὁ
672 3179 867 3248 Λόγος,
894 3178 1030 3233 ἀλλά
1064 3179 1177 3249 μετ’
1206 3180 1367 3233 αὐτὸν
1395 3178 1560 3251 ἦλθεν
1582 3182 1610 3233 ὁ
1642 3180 1835 3249 Λόγος,
1865 3180 1932 3234 δι’
1956 3180 2012 3237 ὃν

2121 3190 2251 3230 num
2283 3176 2532 3232 auribus.
2565 3173 2687 3231 Non
2729 3175 2875 3232 enim
2914 3177 3107 3233 Sermo
3155 3178 3275 3250 ipse
3319 3177 3441 3246 fuit,
3468 3180 3562 3237 sed
3585 3191 3711 3252 post

427 3271 460 3341 ή
514 3270 872 3343 ὲτοιμαστικὴ
918 3272 1074 3343 φωνὴ
1124 3271 1334 3341 γέγονε.
1376 3273 1485 3325 Καὶ
1525 3271 1612 3325 διά
1638 3272 1797 3325 τοῦτο
1828 3272 2011 3341 λέγει·

2121 3268 2269 3323 illum
2305 3268 2496 3324 Sermo
2529 3269 2750 3325 tandem
2808 3269 3050 3335 advenit,
3087 3271 3248 3342 cujus
3291 3274 3461 3343 gratia
3502 3289 3715 3345 praepa-

429 3360 602 3430 Φωνὴ
619 3361 892 3428 ,ϐοῶντος
914 3354 986 3416 ἐν
1009 3360 1086 3431 τῇ
1099 3361 1315 3432 ἐρήμῳ·
1343 3361 1697 3432 ἑτοιμάσατε
1710 3364 1817 3428 τὰς
1834 3362 2012 3430 ὀδοὺς

2121 3357 2292 3413 ratrix
2329 3357 2423 3411 illa
2468 3374 2572 3414 vox
2605 3366 2999 3415 antecesserat.
3034 3357 3188 3417 Unde
3229 3362 3395 3417 etiam
3428 3363 3503 3418 ita
3537 3365 3717 3436 loqui-

429 3456 669 3522 Kvplov.
723 3456 789 3509 Ἣ
828 3455 938 3527 γὰρ
970 3458 1123 3528 φωνὴ
1170 3454 1481 3527 ἑτοιμάζει,
1526 3456 1554 3509 ὁ
1589 3455 1646 3509 δὲ
1690 3454 1894 3526 Κύριος
1924 3458 2012 3508 ὲκ-

2121 3459 2253 3505 tur:
2293 3450 2409 3505 V0.1:
2458 3452 2741 3506 clamantis
2791 3453 2847 3506 in
2896 3452 3145 3510 deserto:
3177 3451 3374 3510 Parate
3427 3456 3541 3511 vias
3601 3457 3714 3512 Do-

431 3544 606 3598 ϐαίνει
648 3549 771 3609 ταῖς
807 3548 1259 3620 ἡτοιμασμέναις.
1308 3549 1419 3602 Καὶ
1463 3550 1511 3621 ἡ,
1541 3550 1694 3619 φωνῂ
1727 3548 1878 3603 λαλεῖ
1917 3549 2012 3620 τὴν

2121 3541 2250 3595 mini
2277 3541 2320 3595 ⁵.
2362 3540 2573 3611 Quippe
2593 3556 2700 3596 vox
2748 3553 3043 3614 praeparat,
3076 3543 3344 3600 Dominus
3371 3554 3554 3601 autem
3578 3562 3713 3617 pm:-

431 3636 602 3707 ἀκοήν
622 3639 665 3692 ².
699 3639 870 3693 Ὅταν
912 3640 1034 3712 δὲιή
1082 3640 1216 3712 ἀκοὴ
1258 3640 1491 3712 σχολάσῃ
1513 3679 1528 3703 ,
1564 3641 1685 3694 τότε
1706 3643 1738 3694 ό
1768 3640 1925 3711 λόγος
1958 3642 2012 3694 ὲν

2123 3641 2349 3706 paratas
2376 3634 2489 3704 jam
2513 3634 2631 3690 vias
2663 3633 2989 3705 ingreditur.
3019 3634 3267 3707 Itemque
3303 3652 3405 3692 vox
3436 3652 3598 3694 aures
3645 3638 3714 3693 ad

429 3730 497 3798 τῇ
532 3729 668 3801 ἀκοῇ
701 3732 1100 3787 καταϐάλλεται
1120 3733 1227 3786 τῶν
1257 3731 1581 3802 δεχομένων.
1615 3731 1868 3804 Οὐδαμοῦ
1903 3733 2012 3786 τοί-

2124 3728 2458 3783 audientiam
2492 3728 2774 3797 componit
2811 3747 2823 3782 :
2856 3743 2978 3798 qua:
3007 3728 3097 3783 ubi
3132 3743 3336 3785 vacuas
3376 3744 3436 3785 se
3466 3730 3706 3801 praebue-

428 3836 527 3871 νυν
570 3822 894 3894 ἐπιλήψεται
945 3826 1194 3898 Ἄρειος,
1227 3823 1321 3878 καὶ
1347 3825 1398 3876 oi
1444 3825 1540 3878 ἀπ’
1570 3823 1736 3877 αὑτοῦ
1776 3824 1879 3894 τῆς
1920 3824 2012 3878 τοῦ

2121 3820 2256 3883 rint,
2290 3826 2407 3872 tum
2467 3833 2649 3873 sermo
2705 3819 3045 3874 audientium
3101 3821 3327 3877 auribus
3375 3822 3710 3876 immittitur.

429 3910 568 3966 Θεοῦ
611 3915 868 3986 ἀληθείας
902 3918 990 3970 ἀεὶ
1021 3915 1474 3989 καταυγαζούσης
1512 3915 1736 3987 καρδίας
1783 3914 2011 3977 πιστῶν,

431 4005 514 4068 είς
540 4006 602 4059 τὸ
633 4007 707 4077 μὴ
741 4009 1081 4086 ἐκτραπῆναι
1107 4008 1214 4063 ἀπὸ
1234 4010 1333 4081 τῆς
1360 4011 1418 4063 ὲν
1448 4007 1525 4079 τῷ
1553 4007 1710 4079 Λόγῳ
1737 4006 1853 4078 Υἱῷ
1876 4006 2012 4061 Θεοῦ

433 4096 490 4148 ὲν
523 4095 750 4170 ἀληθείᾳ
779 4101 1019 4172 ἀκτίστῳ
1051 4101 1145 4155 καὶ
1172 4101 1451 4172 ἀγεννήτῳ
1479 4099 1769 4171 σωτηρίας.

2122 3911 2265 3966 Nihil
2295 3920 2380 3968 est
2409 3913 2576 3983 igitur
2609 3912 2757 3984 quod
2808 3913 2976 3969 Arius
3026 3915 3257 3986 ejusque
3296 3913 3542 3971 fautores
3573 3915 3713 3970 arri.

2122 4009 2274 4079 piant
2302 4022 2369 4062 ex
2398 4008 2500 4063 hoc
2524 4008 2676 4071 loco,
2699 4022 2823 4062 cum
2847 4007 3032 4062 divina
3066 4011 3270 4066 veritas
3306 4008 3547 4065 ﬁdelium
3588 4015 3712 4064 ani-.

2119 4116 2241 4156 mos
2262 4109 2524 4172 perpetuo
2555 4100 2864 4164 collustret,
2895 4117 2963 4156 ne
2983 4102 3052 4156 ab
3081 4117 3145 4157 ea
3183 4102 3360 4159 salute
3395 4102 3709 4166 deﬂectunt,

435 4205 559 4261 quae
605 4207 701 4261 per
745 4190 984 4249 Verbum
1015 4193 1111 4249 Dei
1153 4192 1353 4247 Filium
1387 4209 1577 4249 revera
1616 4194 1918 4247 inereatum
1952 4208 2016 4248 ac
2056 4193 2297 4265 genitum
2333 4192 2630 4248 obtinetur.

506 4283 640 4339 ΜΒ¹.
687 4285 1115 4357 Προκοπτόντων
1147 4284 1203 4337 δὲ
1243 4285 1406 4338 πάλιν
1443 4285 1621 4356 ήμῶν,
1648 4285 1743 4338 καὶ
1776 4285 1868 4337 ἐπὶ
1912 4283 2011 4348 τὰς

431 4376 559 4431 ἑξῆς
603 4377 913 4444 ϐαινόντων,
949 4376 1103 4429 οὐδὲν
1140 4376 1550 4448 παραλείψομεν
1581 4375 1690 4430 τῶν
1733 4375 1845 4429 ἄνω
1876 4393 2013 4448 προ-

2188 4283 2355 4341 XLII.
2394 4283 2512 4338 Jam
2542 4301 2674 4341 vero
2729 4286 3143 4357 progredientes
3191 4303 3378 4358 porro,
3432 4295 3487 4344 et
3531 4289 3597 4344 ad
3645 4305 3710 4346 ea

2117 4392 2239 4448 quae
2288 4388 2598 4448 sequuntur
2641 4379 2905 4451 deinceps
2936 4388 3310 4447 transeuntes,
3342 4384 3478 4439 nihil
3513 4400 3707 4439 eorum

510 4547 524 4563 '
561 4538 622 4593 F.
666 4539 985 4610 Ἀντιοχείᾳ.
1065 4539 1085 4569 ³
1112 4535 1174 4591 F.
1200 4538 1280 4599 εἰς
1308 4536 1409 4606 τὴν
1432 4518 1533 4590 ax.
1611 4534 1632 4565 ³
1661 4534 1821 4592 Joan.
1858 4552 1895 4600 ι,
1941 4536 2005 4593 10

2121 4536 2340 4592 ‘Matth.
2369 4553 2453 4606 m,
2486 4539 2539 4594 5.
2617 4540 2638 4573 ⁸
2663 4540 2792 4596 ibid.

509 4693 620 4764 (95)
650 4695 719 4747 Et
749 4691 818 4764 δὲ
844 4692 915 4746 ἐν
944 4691 1150 4764 κόσμῳ
1176 4686 1279 4764 ἦν.
1315 4688 1469 4764 Nova

430 4759 661 4818 Joannis
716 4763 806 4816 illa
865 4763 1028 4817 verba
1062 4759 1315 4815 declarat
1341 4780 1354 4816 :
1378 4761 1491 4827 ’⁸ος
1518 4759 1859 4828 ἔμπροσθέν
1887 4779 2008 4831 μου

440 4833 663 4904 γέγονε,
700 4833 804 4899 Qui
842 4842 964 4904 ante
990 4847 1069 4886 me
1100 4832 1273 4904 factus
1316 4842 1415 4904 est,
1441 4838 1501 4904 ut
1530 4832 1802 4904 interpres
1820 4840 2012 4904 noster

434 4901 692 4965 reddidit,
712 4904 868 4972 quasi
889 4903 1112 4970 γέγονεν
1136 4902 1277 4956 idem
1305 4901 1573 4971 signiﬁcet
1596 4916 1661 4955 ac
1687 4902 1873 4970 fuisse,
1895 4903 2012 4957 sive

437 4971 743 5043 profectum
803 4981 923 5043 aut,
950 4973 1153 5043 alicubi
1186 4981 1465 5027 versatum
1515 4987 1660 5026 esse.
1693 4971 1814 5037 Quo
1842 4988 2010 5028 sensu

436 5040 590 5116 prius
634 5040 845 5116 Joanne
900 5042 995 5098 Dei
1048 5041 1223 5116 Filius
1270 5043 1501 5106 exstitit,
1543 5051 1831 5116 propterea
1864 5043 2012 5112 quod

434 5112 657 5184 Smpius,
709 5114 792 5167 vel
839 5124 1132 5183 antequam
1165 5112 1459 5166 humanam
1466 5126 1703 5184 _carnent
1736 5112 2010 5175 indueret,

435 5181 713 5240 veteribus
766 5181 1096 5254 patriarchis
1138 5186 1413 5254 apparuit.
1461 5181 1691 5254 Te_rtttll.
1727 5199 1790 5248 ιι,
1826 5192 2013 5237 contra

432 5259 630 5320 Mora,
650 5252 782 5324 cap.
800 5253 892 5308 27:
927 5253 1070 5308 Nam
1090 5263 1140 5308 et
1171 5252 1483 5324 proﬁtemur
1512 5252 1784 5307 Christum
1812 5270 2014 5320 semper

432 5327 602 5396 egisse
622 5328 675 5379 in
702 5323 798 5378 Dei
835 5325 1017 5378 Patris
1049 5323 1277 5385 nomine,
1306 5325 1476 5396 ipsum
1510 5323 1575 5396 ab_
1601 5324 1757 5396 initio
1801 5339 2015 5396 conver—

433 5393 629 5458 satum,
647 5397 817 5463 ipsum
839 5411 1167 5465 congressum
1190 5393 1637 5465 cumpatriarchis
1659 5402 1708 5447 et
1724 5395 2008 5462 prophetis,

433 5476 488 5535 et
518 5475 737 5528 caetera,
769 5481 890 5535 qua:
921 5463 1100 5530 caute,
1126 5465 1202 5518 uti
1236 5464 1383 5535 nixi,
1412 5463 1650 5535 legenda
1681 5471 1843 5527 sunt;
1870 5472 1929 5516 ut
1957 5472 2011 5517 ct

430 5534 634 5591 Justiui
665 5533 819 5590 locus
849 5536 958 5600 ille,
990 5551 1054 5590 ex
1095 5550 1204 5603 quo
1235 5533 1607 5588 Tertullianus
1632 5535 1735 5589 ista
1753 5535 2004 5602 sumpsit.

432 5606 577 5661 Idem
599 5622 787 5676 porro,
825 5606 921 5660 sed
969 5606 1127 5675 longe
1171 5604 1517 5676 prudentius,
1558 5606 1721 5676 docet
1750 5608 2006 5676 Attgusti-

432 5693 539 5732 nus
564 5674 749 5730 contra
775 5675 1046 5733 Adimam,
1074 5674 1243 5743 cap.9
1264 5690 1277 5724 :
1297 5674 1433 5740 Quia
1454 5676 1564 5743 ipse
1590 5674 2007 5743 Filius,inquit,

430 5746 521 5815 qui
540 5757 617 5801 est
651 5745 872 5802 Verbum
886 5746 1000 5807 Dei,
1022 5762 1122 5798 non
1140 5745 1312 5798 solum
1340 5746 1634 5799 novissimis
1665 5744 2006 5815 temporibus,

432 5832 550 5872 cum
584 5820 639 5873 in
672 5834 830 5872 carne
869 5832 1120 5886 apparere
1148 5815 1395 5885 dignatus
1427 5826 1526 5883 est,
1557 5818 1646 5871 sed
1672 5817 1833 5871 etiam
1854 5816 2004 5884 prius

756 5907 1028 5968 PATBOL.
1071 5906 1187 5965 Gn.
1230 5905 1421 5967 XLII.

1561 4690 1754 4745 uadam
1800 4690 2016 4762 ratione
2047 4697 2091 4751 D
2121 4710 2154 4746 a
2187 4694 2561 4749 constitutione
2590 4696 2797 4762 mundi,
2829 4699 2918 4752 cui
2946 4699 3109 4753 uoluit
3141 4699 3207 4754 de
3232 4699 3399 4756 Patre
3429 4705 3717 4758 annuntio.

2119 4764 2210 4829 vit,
2229 4765 2331 4816 sive
2347 4765 2623 4834 loquendo,
2647 4768 2752 4842 sine
2768 4770 3089 4842 apparentia,
3106 4770 3181 4824 vel
3208 4787 3300 4840 per
3311 4774 3600 4842 angelicam
3614 4775 3715 4829 alia

2117 4850 2274 4904 quam
2291 4845 2622 4909 patestatem,
2644 4837 2721 4909 rel
2735 4854 2828 4907 per
2839 4837 3125 4909 quamlibet
3145 4837 3466 4905 creaturam,
3485 4844 3706 4901 etc.Sed

2122 4919 2242 4980 eam
2270 4907 2632 4980 quaestionem
2667 4907 2891 4980 uberius
2918 4911 3142 4980 exponit
3179 4913 3271 4966 lib.
3305 4928 3365 4978 ιι,
3402 4912 3481 4967 De
3512 4914 3705 4970 Trimt.

2122 4971 2311 5054 Redeo
2338 4977 2404 5029 ad
2442 4976 2833 5054 Epiphanium,
2862 4983 2957 5050 qui
2987 4971 3204 5050 ἐγένετο
3233 4971 3512 5054 (εἰς’θηὶηι
3552 4987 3699 5053 legit.

2120 5046 2493 5125 μιᾳγέχονεν)
2527 5047 2668 5125 idem
2705 5065 2828 5125 esse
2877 5046 3492 5125 putat'atque'accessit
3523 5063 3576 5125 et
3605 5046 3706 5108 ad-

2120 5115 2275 5192 venit.
2305 5115 2481 5192 ρειοᾴ
2506 5118 2638 5170 mihi
2674 5115 2890 5192 quidem
2949 5138 3057 5176 non
3094 5115 3307 5192 probat.
3343 5126 3422 5179 Ac
3451 5126 3495 5178 si
3530 5124 3702 5180 Graecu

2118 5186 2373 5264 vocabuli
2403 5186 2508 5240 vim
2543 5186 2880 5264 consideres,
2918 5186 3110 5261 γέγονὲ
3139 5195 3279 5249 idem
3329 5209 3453 5249 esse
3500 5204 3702 5264 potest,

2122 5269 2197 5335 ac
2220 5256 2532 5322 productus,
2560 5259 2643 5335 vel
2664 5262 2869 5329 genitus
2895 5256 2972 5316 est
2991 5256 3008 5316 Ξ
3026 5265 3173 5333 quod
3212 5264 3306 5319 Dei
3339 5264 3477 5319 Filio
3500 5256 3703 5320 eonveé

2123 5326 2235 5390 nit;
2259 5340 2384 5380 nam
2416 5336 2543 5381 ante
2566 5326 2833 5402 Joaitttettt
2863 5326 3082 5402 genitu-5
3112 5344 3228 5400 est;
3253 5344 3350 5389 aut
3381 5346 3528 5391 certe
3554 5337 3701 5391 idem

2123 5402 2222 5472 est,
2254 5404 2419 5466 atque
2446 5399 2782 5472 exstitit._At
2819 5399 3009 5472 noster
3061 5399 3333 5472 interpres
3368 5406 3475 5460 alio
3506 5422 3697 5469 sensu,

2114 5465 2290 5536 [actus
2322 5477 2421 5532 est,
2456 5470 2639 5522 vertit.
2676 5469 2846 5536 Quasi
2888 5473 2942 5527 id
2985 5474 3114 5527 velit
3145 5465 3419 5531 Joannes:
3444 5478 3578 5530 Ante
3616 5465 3703 5530 me

2112 5535 2287 5616 [actus
2323 5546 2424 5616 est,
2461 5539 2513 5591 id
2556 5548 2642 5616 est
2682 5535 2879 5616 majnri
2908 5543 3139 5616 quadam
3178 5546 3238 5616 in
3282 5547 3604 5602 excellentia
3633 5563 3699 5603 ac

2112 5604 2379 5687 dignitate
2402 5604 2980 5687 constitutusfPote'st
2996 5622 3048 5668 et
3069 5615 3133 5667 ad
3156 5615 3393 5671 divinam
3417 5621 3700 5687 przedesti-

2113 5680 2411 5800 aationem,
2453 5695 2517 5733 ac
2560 5683 2892 5805 ῗροορισμόν
2944 5688 3187 5741 revocari
3216 5706 3228 5743 :
3261 5689 3329 5744 de
3357 5680 3464 5758 qua
3492 5686 3696 5747 Paulus

2163 5762 2268 5802 om.
2305 5765 2341 5805 ι.
2380 5765 2522 5805 com.
2606 5790 2617 5804 .

2163 5762 2268 5802 om.
2305 5765 2341 5815 ι,
2380 5765 2522 5806 com.
2566 5762 2617 5805 4.

3338 5924 3374 5983 9
