4138 6396
489 323 598 380 267

1864 322 1920 375 S.
1963 316 2304 378 EPIPHANII

3623 327 3730 387 968

490 442 962 513 praetermittemus
1014 456 1135 510 quae
1177 440 1242 494 ad
1298 441 1701 497 dissolvendum
1751 440 1906 494 initio
1939 455 2065 510 pro-

2170 445 2512 516 τεταγμένων
2551 447 2630 510 εἰς
2663 446 2930 509 ἐπίλυσιν,
2960 443 3096 498 ἀλλὰ
3131 437 3286 507 αὖθις
3331 442 3492 497 πάλιν
3539 443 3731 514 ἐπιλη-

495 533 801 605 posuimus,
854 533 948 589 sed
1009 533 1395 602 consequentia
1441 534 1631 589 ordine
1692 541 2054 604 pertexemus.

489 622 568 676 Ex
615 624 722 677 alio
770 625 952 692 itaque
1007 623 1127 676 loco
1162 623 1440 692 opinionis
1487 639 1599 678 sua:
1640 623 2058 692 comprobandze

489 724 868 786 argumentum
921 715 1185 771 eliciunt:
1221 731 1286 770 ex
1331 730 1396 770 eo
1421 755 1436 778 ,
1475 715 1717 785 inquam,
1755 714 1899 784 quod
1962 712 2060 769 Pe-

489 817 611 864 trus
658 810 710 862 in
756 809 906 862 Actis
941 809 1310 878 apostolorum
1349 807 1557 862 dixisse
1602 807 1842 878 legitur:
1879 805 2060 860 Mani-

489 901 681 970 festum
712 901 779 953 sit
805 901 969 965 vobis,
1007 902 1174 954 omnis
1213 900 1400 953 domus
1432 899 1624 964 Israel,
1655 902 1900 970 quoniam
1924 901 2059 954 hunc

486 993 692 1054 Iesum,
733 1008 882 1061 quem
911 993 1276 1061 rruciﬁxistis,
1299 1003 1348 1046 et
1371 991 1674 1056 Dominum,
1710 1002 1760 1046 et
1791 993 2058 1046 Christum

487 1087 659 1154 ipsum
694 1083 831 1139 Deus
864 1083 984 1152 fecit
1012 1085 1052 1138 ⁸.
1084 1083 1293 1148 Quibus
1348 1085 1401 1138 in
1436 1084 1618 1138 verbis
1659 1083 2057 1137 observandum

489 1176 618 1229 illttd
650 1184 890 1239 monent,
933 1173 1076 1244 quod
1109 1174 1251 1243 .fecit
1298 1175 1588 1239 scribatur,
1639 1189 1739 1228 nec
1783 1173 1849 1227 ad
1885 1174 2058 1242 ipsam

491 1266 814 1322 sententiam
846 1265 1151 1326 attendunt,
1182 1280 1302 1335 qua:
1326 1265 1558 1335 scipsam
1585 1265 1845 1319 declarat.
1882 1263 2056 1329 Hunc,

492 1359 687 1428 inquit,
738 1355 940 1420 Iesum,
975 1365 1034 1409 ttt
1079 1365 1413 1425 assumptam
1460 1372 1489 1409 a
1537 1355 1761 1409 Domino
1809 1367 2057 1410 naturam

491 1451 729 1504 hominis
763 1449 1120 1504 demonstret.
1148 1447 1281 1501 Nam
1309 1463 1372 1502 ex
1417 1447 1503 1502 his
1533 1448 1713 1501 verbis
1741 1465 1752 1500 :
1793 1447 1944 1501 "unc
1966 1446 2058 1501 Je-

491 1559 606 1596 sum
660 1558 811 1612 quem
869 1539 1232 1608 cruciﬁxistis,
1285 1539 1631 1608 perspicuum
1665 1539 1846 1592 estde
1896 1554 2060 1593 carne

492 1637 582 1688 illa
620 1649 741 1689 esse
776 1647 1102 1693 sermonem,
1137 1647 1300 1701 quam
1352 1631 1440 1686 isti
1482 1630 1884 1684 cruciﬁxerant.
1928 1631 2060 1684 Pro-

493 1738 674 1795 pterea
728 1725 986 1779 Dominus
1051 1725 1106 1778 in
1168 1722 1456 1792 Evangelio
1488 1739 1500 1773 :
1540 1721 1698 1776 Nunc
1733 1732 1926 1784 autem,
1959 1723 2055 1785 ait,

2162 536 2376 608 ψόμεθα
2417 537 2516 607 τῆς
2560 537 2897 600 ἀκολουθίας.
2942 534 3372 607 Προφασίζονται
3411 533 3522 606 γὰρ
3569 534 3731 588 πάλιν

2165 630 2354 702 ἑτέραν
2385 630 2654 702 πρόφασιν
2686 630 2784 701 τὴν
2813 629 2917 682 ὑπὸ
2950 628 3042 682 τοῦ
3073 628 3227 697 ἁγίου
3261 628 3469 700 Πέτρου
3518 630 3575 682 ἐν
3612 629 3734 691 ταῖς

2165 721 2432 794 Πράξεσιν
2465 723 2794 794 εἰρημένηνο
2826 723 2906 774 ὅτι
2931 722 3197 788 Φανερὸν
3231 722 3385 776 ἔστω
3409 720 3573 790 ὑμῖν,
3616 720 3734 786 πᾶς

2165 809 2329 878 οἶκος
2370 813 2632 880 Ἰσραὴλ,
2656 812 2743 864 ὅτι
2769 811 2983 865 τοῦτον
3006 811 3111 864 τὸν
3146 811 3388 876 Ἰησοῦν
3425 811 3496 863 ὃν
3518 809 3735 863 ἐσταυ-

2157 903 2413 971 ρώσατε,
2461 903 2561 956 καὶ
2597 905 2816 972 Κύριον
2853 903 2951 956 καὶ
2995 901 3256 970 Χριστὸν
3298 902 3484 955 αὐτὸν
3516 904 3548 953 ὁ
3589 899 3733 965 Θεὸς

2163 997 2435 1063 ἐποίησε.
2463 997 2572 1050 Καὶ
2600 995 2814 1063 λέγουσι
2839 995 3020 1059 πάλιν,
3045 995 3126 1048 ὃτι
3150 994 3209 1047 τὸ
3229 993 3462 1046 ἐνταῦθα
3483 992 3734 1059 ἐποίησε

2165 1089 2493 1159 γέγραπται.
2551 1089 2661 1140 Καὶ
2700 1089 2797 1158 οὐχ
2837 1087 3005 1158 ὁρῶσι
3050 1087 3111 1140 τὸ
3159 1086 3321 1156 ῥητὸν
3375 1085 3574 1154 (αὐτὸς
3624 1083 3733 1155 γὰρ

2167 1179 2343 1249 ἐαυτῷ
2370 1179 2429 1231 τὸ
2453 1180 2610 1250 ῥητὸν
2639 1179 2874 1249 μηνύει).
2907 1178 3131 1232 Τοῦτον
3179 1179 3291 1250 γάρ
3319 1177 3442 1230 -τὸν
3468 1176 3732 1243 Ἰησοῦν,

2166 1270 2252 1322 ἴνα
2271 1269 2485 1340 σημάνῃ
2507 1270 2604 1341 τὴν
2626 1268 3035 1340 ἐνανθρώπησιν
3060 1269 3286 1337 Κυρίου.
3331 1267 3463 1319 Ἀπὸ
3484 1266 3578 1318 τοῦ
3602 1264 3730 1336 γὰρ,

2173 1359 2390 1412 Τοῦτον
2412 1360 2516 1412 τὸν
2557 1359 2820 1426 Ἰησοῦν,
2850 1359 2921 1412 ὃν
2945 1357 3381 1426 ἐσταυρώσατε,
3425 1357 3656 1426 φανερόν
3683 1357 3734 1408 τί

2167 1455 2314 1506 ἐστιν
2342 1453 2422 1504 ὅτι
2457 1453 2521 1522 ἦν
2551 1451 2897 1519 ἐσταύρωσαν
2928 1451 3125 1522 σάρκα.
3171 1451 3358 1521 Σάρκα
3398 1450 3506 1521 γάρ
3543 1448 3738 1502 ἐσταύο

2169 1561 2369 1615 ρωσαν.
2412 1545 2522 1597 Καὶ
2561 1545 2647 1598 διά
2676 1543 2834 1597 τοῦτο
2861 1545 2889 1596 ὁ
2923 1544 3126 1613 Κύριος
3167 1545 3224 1596 ἐν
3270 1543 3348 1614 τῷ
3379 1542 3730 1612 Εὐαγγελίῳο

2165 1636 2294 1690 Νῦν
2323 1635 2389 1688 δὲ
2421 1635 2637 1702 ζητεῖτέ
2662 1653 2738 1705 με
2765 1636 3108 1689 ἀποκτεῖναι
3155 1634 3487 1702 ἄνθρωπον,
3527 1634 3595 1699 ὃς
3621 1635 3736 1700 τὴν

2166 1728 2457 1796 ἀλήθειαν
2496 1727 2636 1796 ὑμῖν
2672 1728 2968 1794 ἐλάλησα,
3014 1726 3095 1794 ἣν
3142 1727 3378 1795 ἥκουσα
3424 1725 3584 1794 παρά
3626 1726 3734 1779 τοῦ

494 1818 729 1888 quwritis
768 1833 849 1870 me
888 1816 1178 1884 interﬁcere
1208 1814 1487 1875 hominem,
1537 1815 1625 1884 qui
1666 1816 1932 1867 ceritatem
1979 1815 2060 1867 lo-

2170 1819 2392 1884 Πατρός
2425 1835 2563 1886 μουο
2599 1818 2712 1870 ἀλλ’
2751 1818 2812 1870 οὐ
2847 1819 2944 1886 τῆς
2985 1816 3446 1886 ἐνανθρωπήσεως
3487 1815 3737 1885 διορίζων

493 1920 644 1962 cutus
673 1925 788 1962 sum
818 1909 980 1971 vobis,
1012 1925 1168 1978 quam
1196 1908 1371 1960 audivi
1423 1925 1454 1960 a
1494 1906 1656 1968 [{atre
1695 1924 1805 1961 meo
1826 1909 1867 1962 ¹.
1902 1907 2061 1979 765

493 1999 679 2071 Neque
729 2009 910 2054 tamen
941 2000 1008 2054 ab
1046 1999 1280 2054 humana
1340 1999 1430 2053 illa
1490 2009 1685 2052 natura
1727 1999 2062 2053 divinitatem

495 2093 781 2148 abstraxit.
803 2093 1086 2163 Siquidem
1111 2091 1223 2147 haec
1249 2092 1319 2146 ab
1339 2093 1428 2146 illa
1467 2093 1780 2147 imminente
1809 2091 2064 2162 passione

497 2192 746 2255 separata
809 2200 916 2238 non
973 2184 1094 2248 fuit,
1151 2198 1251 2238 nec
1288 2183 1344 2236 in
1401 2183 1516 2252 ipsa
1555 2180 1772 2236 demum
1811 2183 2065 2252 passione

495 2278 684 2332 eadem
721 2286 804 2330 cst.
854 2292 884 2330 τι
927 2275 1102 2330 Verbo
1132 2277 1223 2329 illa
1274 2275 1551 2329 derelicta.
1587 2273 1693 2328 Sed
1735 2290 1909 2343 neque
1931 2272 2066 2329 Ver-

497 2371 626 2422 hnm
678 2366 949 2438 passionis
1016 2365 1195 2420 omnis
1254 2380 1451 2434 expers
1509 2372 1665 2418 antea
1699 2380 1918 2434 passum
1955 2375 2062 2427 est,

497 2465 747 2533 quamvis
778 2464 831 2516 in
857 2477 1016 2515 carne
1055 2460 1290 2530 patiente
1329 2459 1610 2514 resideret.
1642 2459 1854 2514 Etenim
1878 2475 1982 2514 una
2013 2467 2067 2514 et

496 2557 683 2612 eadem
737 2554 1023 2624 appellatio
1071 2561 1180 2606 tam
1210 2552 1325 2618 Dei,
1356 2567 1519 2622 quam
1566 2552 1822 2614 hominis,
1862 2564 2068 2606 natura;

498 2663 626 2702 vere
664 2654 718 2701 et
747 2645 960 2716 proprie
985 2648 1259 2707 convenit,
1304 2658 1365 2696 ac
1401 2651 1510 2696 tam
1542 2654 1796 2712 suscepta
1831 2644 2066 2698 hominis

499 2756 528 2794 a
572 2739 747 2795 Verbo
773 2748 990 2802 natura,
1020 2751 1180 2806 quam
1214 2734 1475 2790 Dominus
1502 2735 1554 2787 in
1591 2741 1868 2803 assumpta
1902 2750 2068 2789 carne

498 2833 806 2886 subsistens
829 2830 1080 2884 Christus
1101 2827 1318 2882 dicitur.
1356 2824 1559 2880 Verum
1589 2841 1785 2894 passus
1814 2827 1868 2878 in
1898 2841 2066 2880 carne

499 2922 565 2974 ad
600 2936 724 2975 eum
765 2918 985 2973 modum
1032 2917 1252 2981 dicitur,
1297 2931 1404 2986 quo
1455 2915 1646 2970 Petrus
1684 2917 1896 2970 locutus
1932 2923 2016 2970 est
2050 2935 2063 2970 :

499 3010 711 3067 Christo
730 3027 887 3080 passo
908 3027 1002 3080 pro
1030 3009 1175 3064 nobis
1205 3011 1257 3063 in
1287 3025 1441 3062 carne
1464 3009 1505 3073 ⁸,
1537 3024 1646 3077 quo
1680 3009 1974 3062 immunem
2000 3006 2068 3060 ab

2163 1911 2261 1981 τὴν
2299 1909 2546 1978 θεότητα.
2589 1909 2726 1962 Οὔτε
2773 1909 2882 1980 γὰρ
2930 1910 3088 1972 ἐκτὸς
3129 1912 3227 1978 τῆς
3271 1909 3735 1980 ἐνανθρωπήσεως

2165 2002 2410 2073 ὑπῆρχεν
2443 2005 2475 2072 ή
2511 2003 2720 2073 θεότης,
2765 2002 3000 2071 ὁπηνίκα
3028 2001 3215 2070 ἔμελλε
3243 2001 3490 2070 πάσχειν,
3522 1999 3645 2051 οὕτε
3677 2001 3738 2051 ἐν

2163 2095 2242 2166 τῷ
2274 2096 2497 2165 πάσχειν
2525 2095 2917 2164 ἐγκατελείφθη
2957 2094 3061 2146 ὑπὸ
3085 2093 3178 2145 τοῦ
3209 2093 3382 2161 Λόγου
3415 2095 3447 2163 ἡ
3476 2091 3737 2162 ἔνσαρκος

2165 2189 2456 2258 παρουσία.
2515 2187 2654 2239 Ἀλλ’
2699 2185 2822 2238 οὗτε
2865 2187 2892 2237 ὁ
2927 2185 3141 2255 ἀπαθὴς
3181 2185 3352 2252 Λόγος
3399 2183 3636 2236 πέπονθε
3675 2183 3739 2234 τὸ

2166 2281 2426 2352 πρότερον
2471 2281 2528 2331 ἐν
2579 2278 2741 2349 σαρκὶ
2785 2278 2860 2330 ὢν
2900 2281 2966 2348 τῇ
3018 2277 3321 2346 πασχούσῃ.
3369 2274 3595 2344 ’Λληθές
3628 2275 3737 2344 γάρ

2167 2375 2313 2426 ἐστιν
2353 2372 2436 2424 ἐπ’
2469 2371 2790 2441 ἀμφοτέρων
2819 2370 2879 2422 τὸ
2907 2370 2963 2422 ἓν
3001 2370 3200 2438 ὄνομα,
3233 2369 3290 2420 ἐν
3323 2384 3382 2420 τε
3410 2371 3476 2438 τῇ
3525 2367 3736 2436 θεότητι

2167 2466 2259 2518 καὶ
2291 2466 2348 2516 ἐν
2376 2467 2442 2534 τῇ
2472 2463 2838 2533 ἁνθρωπήσει.
2869 2461 3100 2532 Χριστὸς
3131 2459 3240 2530 γὰρ
3265 2461 3298 2529 ή
3327 2457 3738 2529 ἐνανθρώπησις

2167 2555 2330 2610 αὑτοῦ
2376 2555 2470 2608 τοῦ
2511 2556 2716 2623 Λόγου,
2760 2553 2854 2606 καὶ
2881 2553 3113 2624 Χριστὸς
3141 2551 3344 2621 Κύριος
3381 2552 3438 2603 ἐν
3483 2551 3620 2620 αὐτῇ
3670 2551 3735 2619 τῇ

2167 2650 2414 2719 ἐνσάρκῳ
2447 2647 2738 2718 παρουσίᾳ.
2793 2645 2952 2699 ’Λλλά
2978 2644 3039 2697 τὸ
3081 2644 3177 2714 μέν
3226 2642 3417 2696 παθεῖν
3450 2643 3506 2694 ἐν
3549 2641 3736 2710 σαρκὶ,

2167 2740 2349 2804 καθὼς
2387 2737 2505 2793 εἶπε
2550 2740 2754 2811 Πέτρος
2776 2778 2789 2801 ,
2836 2738 2918 2790 ὅτι
2960 2735 3217 2804 Χριστοῦ
3255 2735 3550 2798 παθόντος
3586 2730 3738 2798 ὑπὲρ

2169 2833 2336 2902 ἡμῶν
2363 2833 2564 2900 σαρκὶ,
2603 2833 2690 2886 ἵνα
2732 2830 2881 2904 δείξῃ
2906 2829 3003 2900 τὴν
3039 2828 3304 2882 ἀπάθειαν
3335 2829 3434 2897 τῆς
3461 2825 3736 2895 θεότητος

2169 2927 2262 2980 καὶ
2296 2926 2476 2978 πάλιν·
2523 2922 2867 2978 Ἀποθανὼν
2905 2923 2976 2975 ἐν
3017 2920 3217 2988 σαρκὶ,
3265 2917 3646 2988 ζωοτονηθεὶς
3671 2914 3742 2968 δὲ

2169 3017 2249 3082 τῷ
2288 3017 2603 3085 Πνεύματι.
2635 3015 2813 3069 Τοῦτο
2837 3016 2856 3045 ⁸
2894 3010 2986 3067 οὖν
3017 3013 3122 3066 τὸν
3169 3011 3402 3078 Ἰησοῦν
3424 3009 3496 3062 ὃν
3519 3009 3739 3061 ἐσταυ-

497 3105 647 3158 omni
692 3103 928 3172 patiendi
999 3101 1312 3156 conditione
1363 3100 1708 3154 Divinitatem
1775 3097 2064 3168 signiﬁcet.

2170 3109 2418 3178 ρώσιιτε,
2457 3109 2541 3160 ἵνα
2579 3107 2652 3177 μὴ
2691 3104 3032 3176 παραλειφθῇ
3067 3107 3099 3176 ἡ
3150 3103 3277 3171 ἁγία
3306 3102 3568 3173 ἐνσαρκος
3597 3101 3740 3152 οἱκο-

498 3196 632 3250 Item
667 3193 947 3250 :Mortuus
970 3196 1024 3248 in
1044 3209 1233 3258 carne;
1261 3195 1554 3262 viviﬁcatus
1594 3201 1769 3246 autent
1807 3192 1999 3260 spiritu
2022 3190 2064 3242 ⁸.

497 3286 660 3358 Ergo,
691 3287 825 3340 hunc
851 3285 1052 3352 Iesum,
1093 3304 1243 3358 quem
1275 3287 1636 3356 cruciﬁxistis,
1657 3285 1779 3340 ideo
1811 3283 1969 3348 dixit,
2002 3299 2072 3338 ne

498 3395 531 3434 a
562 3380 833 3450 passionis
866 3390 918 3434 et
949 3381 1242 3435 creationis
1282 3387 1503 3448 experte
1532 3376 1711 3433 Verbo
1743 3376 1934 3430 relicta
1967 3376 2070 3429 hu-

497 3486 657 3526 mana
681 3480 872 3525 natura
905 3470 1173 3535 videatur,
1215 3470 1308 3526 sed
1341 3486 1465 3526 cum
1513 3469 1705 3524 eodem
1751 3469 2064 3540 conjuncta.

499 3565 582 3620 Oh
616 3565 668 3618 id
704 3563 990 3618 Dominum
1025 3561 1412 3632 Christumque
1463 3560 1588 3615 fecit
1648 3559 1790 3616 Dens
1834 3561 1887 3615 id
1919 3559 2066 3632 quod

499 3670 566 3709 ex
593 3654 761 3708 Maria
795 3655 1034 3725 genitum
1072 3659 1213 3717 erat,
1267 3660 1322 3707 et
1361 3667 1484 3706 cuni
1525 3651 1812 3706 divinitate
1842 3651 2068 3722 copula-

500 3755 638 3800 tum.
668 3746 785 3800 Non
819 3746 963 3800 enim
1011 3743 1180 3798 Maria
1217 3743 1361 3802 Deus
1388 3744 1596 3800 exstitit
1626 3761 1642 3801 :
1675 3743 1819 3800 unde
1845 3744 2069 3800 verbum

500 3836 656 3899 illud,
688 3836 829 3903 fecit,
853 3849 978 3888 mox
1003 3834 1226 3889 addidit.

573 3927 676 3983 Sed
707 3936 760 3982 et
790 3928 1014 3997 angelus
1039 3925 1257 3982 Gabriel
1284 3926 1637 3997 interroganti
1673 3925 1853 3981 Mariae
1881 3944 1896 3981 :
1927 3925 2065 3991 Quo-

502 4021 655 4075 modo
693 4021 782 4089 ﬁet
823 4017 987 4084 istud,
1008 4019 1254 4090 quoniam
1298 4019 1467 4073 virum
1513 4034 1616 4072 non
1656 4019 1948 4087 cognosco?
1984 4033 2072 4071 re-

502 4113 759 4184 spondit:
793 4109 1022 4180 Spiritus
1055 4108 1266 4163 Domini
1295 4108 1612 4176 superveniet
1645 4109 1701 4160 in
1731 4117 1799 4180 te,
1825 4116 1873 4161 et
1905 4108 2071 4161 virtus

501 4203 764 4259 Altissimi
789 4199 1117 4256 obumbrabit
1151 4209 1222 4254 te.
1266 4197 1492 4270 Ideoque
1527 4198 1663 4270 quod
1686 4199 1924 4269 gignetur
1943 4215 2070 4252 sun-

502 4305 664 4358 ctum,
699 4293 1095 4348 vocabiturDei
1125 4291 1298 4345 Filius
1323 4292 1366 4347 ⁸.
1413 4288 1533 4345 Jam
1577 4305 1700 4344 cum
1739 4291 1896 4351 dixit,
1933 4288 2068 4359 quod

503 4389 760 4458 gignetur,
797 4397 949 4442 extra
977 4399 1190 4439 omnem
1222 4385 1651 4440 controversiam
1678 4383 1745 4439 de
1773 4383 1864 4438 Dei
1893 4381 2071 4438 Verbo

2170 3203 2332 3274 νομία
2364 3201 2470 3255 ἀπὸ
2511 3199 2604 3253 τοῦ
2653 3199 2894 3262 ἀπαθοῦς
2938 3199 3031 3251 καὶ
3074 3197 3328 3250 ἀκτίστου
3369 3195 3564 3263 Λόγου,
3604 3192 3743 3245 ἀλλὰ

2173 3297 2445 3367 συνενωθῇ
2473 3295 2585 3348 ἄνω
2610 3293 2686 3363 τῷ
2712 3293 2950 3362 ἅκτίστῳ
2976 3291 3154 3360 Λόγῳ.
3185 3291 3282 3342 Διὰ
3309 3289 3465 3342 τοῦτο
3497 3288 3592 3340 καὶ
3629 3284 3741 3338 Κύ-

2175 3405 2289 3458 ριον
2313 3388 2408 3440 καὶ
2439 3386 2672 3456 Χριστὸν
2706 3386 2734 3437 ὁ
2761 3384 2892 3447 Θεὸς
2928 3383 3153 3453 ἐποίησε
3182 3381 3240 3433 τὸ
3268 3383 3333 3432 ἐκ
3361 3376 3577 3448 Μαρίας
3613 3375 3740 3427 συλ-

2171 3479 2391 3551 ληφθέν,
2429 3478 2490 3530 τὸ
2520 3480 2578 3532 ἐν
2611 3476 2824 3547 θεότητι
2871 3471 3168 3526 συνενωθὲν
3188 3486 3200 3498 ·
3240 3472 3300 3523 οὺ
3329 3470 3439 3540 γὰρ
3469 3471 3500 3540 ἡ
3551 3465 3741 3538 Μαρία

2171 3575 2304 3637 Θεὸς
2338 3572 2478 3627 κατά
2508 3570 2689 3642 φύσιν.
2720 3567 2818 3621 Διά
2851 3565 3008 3620 τοῦτο
3037 3564 3163 3634 ἑξῆς
3207 3561 3266 3616 τὸ
3299 3561 3588 3627 ἐποίησεν
3620 3560 3739 3610 ἐπι-

2174 3666 2349 3737 φέρει.

2255 3928 2342 3990 Ὧς
2369 3925 2462 3980 καὶ
2487 3927 2514 3978 ὁ
2544 3922 2772 3992 ἄγγελος
2800 3921 3038 3991 Γαϐριὴλ
3061 3933 3246 3990 φησιν,
3269 3913 3621 3988 ἐρωτησάσης
3646 3912 3712 3964 αὑ

2184 4019 2386 4092 εῆς,ὃτι
2414 4015 2548 4082 Πῶς
2573 4018 2742 4070 ἔσται
2769 4013 2965 4078 τοῦτο,
2987 4011 3116 4064 ἐπεὶ
3138 4009 3325 4077 ἄνδρα
3346 4011 3416 4060 οὺ
3437 4005 3704 4076 γινώσκω
3723 4017 3740 4065 ;

2175 4113 2309 4184 φησί
2329 4130 2343 4144 ο
2389 4109 2631 4178 Πνεῦμα
2663 4107 2884 4174 Κυρίου
2914 4103 3302 4158 ἐπελεύσεται
3336 4100 3431 4153 ἐπὶ
3481 4099 3555 4152 σὲ
3579 4137 3593 4162 ,
3644 4096 3741 4150 καὶ

2173 4206 2424 4274 δύναμις
2451 4202 2730 4271 Ὑψίστου
2754 4196 3090 4252 ἐπισκιάσει
3119 4213 3239 4249 σοι.
3257 4194 3352 4246 Διὸ
3378 4193 3476 4246 καὶ
3513 4193 3579 4244 τὸ
3610 4206 3741 4260 τεν-

2174 4299 2442 4369 νώμενον
2484 4296 2653 4364 ἅγιον
2687 4291 3051 4360 κληθήσεται
3102 4289 3235 4354 Υἱὸς
3277 4286 3445 4340 Θεοῦ.
3485 4285 3652 4337 Ὅταν
3683 4283 3740 4336 δέ

2177 4391 2303 4461 είπῃ
2315 4431 2329 4449 ,
2346 4387 2443 4442 καὶ
2461 4386 2524 4440 τὸ
2540 4384 2934 4454 γεννώμενον,
2951 4381 3148 4444 ἔδειξεν
3163 4377 3591 4447 ἀκαταζητήτως
3615 4373 3742 4444 περὶ

503 4478 846 4549 signiﬁcavit,
892 4477 1048 4531 'haud
1111 4478 1275 4532 dubie
1335 4475 1531 4532 Filium
1593 4491 1750 4539 esse,
1815 4475 1909 4544 qui
1971 4489 2065 4530 nec

2173 4482 2307 4535 Θεοῦ
2332 4481 2524 4548 Λόγου,
2542 4481 2621 4531 ὅτι
2643 4477 2770 4538 Υἱός
2797 4477 2942 4527 ἐστιν
2967 4470 3366 4541 ἀναμφιϐόλως,
3393 4468 3452 4520 οὐ
3481 4465 3739 4528 κτισθεὶς,

501 4574 774 4628 creatione
801 4585 902 4625 nec
928 4569 1210 4624 effectione
1239 4567 1537 4638 productus
1571 4568 1751 4622 fuerit.
1785 4565 1859 4620 De
1886 4581 2072 4621 susce-

502 4675 593 4737 pta
641 4674 819 4719 autem
862 4679 893 4718 e
943 4661 1110 4714 Maria
1158 4660 1394 4714 hominis
1439 4665 1634 4713 natura
1691 4672 1816 4712 cum
1863 4655 2072 4711 addita-

502 4764 687 4812 mento
716 4757 828 4822 illo,
853 4755 989 4825 quod
1013 4755 1271 4824 gignetur,
1325 4752 1456 4806 illud
1497 4750 1668 4820 accipi
1710 4748 1886 4812 debet,
1921 4749 2074 4802 Cimi-

502 4856 644 4900 stum
673 4855 722 4898 et
755 4843 1036 4898 Dominum
1064 4843 1208 4912 fecit,
1238 4841 1460 4910 perinde
1495 4848 1656 4906 atque
1699 4838 1753 4891 in
1782 4837 1904 4894 aliis
1937 4837 2072 4890 locis

501 4937 789 4992 manifeste
843 4936 1059 5006 impleta
1115 4935 1299 4989 omnia
1369 4941 1532 4994 sunt,
1586 4944 1687 4985 nec
1741 4929 2072 4984 ditl‘tcultatis

501 5031 799 5100 quidquam
831 5028 1130 5082 continent.
1167 5025 1268 5089 Ita,
1323 5025 1566 5093 inquam,
1595 5021 1740 5093 quod
1798 5022 1902 5076 hoc
1952 5023 2075 5075 loco

501 5120 724 5185 dicitur,
755 5120 810 5174 in
839 5118 1212 5173 incarnatione
1250 5115 1548 5186 perfectum
1590 5122 1695 5169 est.
1727 5113 1906 5180 Quare
1940 5113 2078 5168 nihil

502 5221 584 5267 est
613 5212 754 5282 quod
787 5211 843 5264 hi
887 5211 978 5279 qui
1007 5209 1134 5262 vitae
1173 5222 1284 5262 sua:
1332 5221 1515 5261 curam
1557 5213 1772 5274 gerunt,
1811 5205 1984 5275 abripi
2017 5221 2076 5261 se

503 5303 560 5356 in
617 5315 860 5356 errorem
909 5301 1018 5354 ullo
1061 5299 1223 5353 modo
1268 5299 1561 5369 patiantur.
1613 5297 1855 5366 Denique
1888 5299 2070 5351 vivum

502 5391 740 5449 Verbum
791 5408 821 5446 a
865 5393 988 5447 vivo
1025 5390 1184 5447 Patre
1219 5392 1506 5462 processit,
1530 5387 1696 5444 Filius
1729 5387 1927 5452 Patris,
1961 5404 2070 5444 non

503 5485 574 5539 ab
609 5500 676 5541 eo
708 5492 946 5540 creatus.
993 5483 1164 5538 Porro
1195 5483 1377 5537 omnia
1421 5483 1478 5537 in
1523 5482 1897 5537 incarnatione
1944 5497 2070 5552 per-

578 5660 595 5692 '
622 5662 740 5716 Act.
767 5678 828 5724 ιι,
852 5663 940 5717 ὅθ.
1016 5664 1036 5694 ⁹
1061 5661 1217 5717 Joan.
1247 5679 1342 5729 vn,
1376 5660 1461 5717 l9.
1537 5661 1557 5693 ³
1583 5661 1600 5716 l
1631 5659 1870 5727 Petr.tv,
1899 5662 1946 5716 ι.
2023 5659 2091 5732 εἰ
2119 5660 2262 5715 Petr.
2298 5676 2380 5723 in,
2406 5659 2488 5713 l8.
2572 5658 2590 5689 '
2623 5656 2752 5711 Luc.
2789 5672 2823 5720 l,
2859 5656 2923 5710 54
2952 5671 3072 5724 sqq.

503 5727 528 5764 ⁷
556 5729 841 5788 lntricatus
872 5733 960 5789 hic
983 5733 1156 5793 locus.

2177 4575 2237 4629 οὐ
2288 4571 2551 4642 ποιηθείς.
2595 4568 2775 4639 Περὶ.⁷
2823 4567 2880 4620 δὲ
2923 4565 3024 4618 ἀπὸ
3073 4563 3291 4634 Μαρίας
3339 4560 3438 4629 τῆς
3477 4559 3741 4629 ἐνσάρκου

2176 4662 2486 4733 οἰκονομίας
2505 4700 2520 4724 ,
2569 4659 2707 4730 μετά
2741 4657 3056 4727 προσθήκης
3075 4695 3088 4716 ,
3122 4653 3217 4706 καὶ
3241 4652 3306 4705 τὸ
3333 4650 3705 4720 γεννώμενον
3724 4689 3741 4711 ,

2177 4755 2284 4808 τὸν
2320 4752 2575 4821 Χριστὸν
2615 4749 2711 4804 καὶ
2753 4749 2970 4816 Κύριον
3012 4745 3331 4811 ἐποίησεν⁸
3383 4741 3458 4804 ὡς
3500 4741 3591 4792 ἐπὶ
3625 4741 3746 4800 ταῖς

2176 4843 2364 4905 ἀλλαις
2411 4843 2598 4912 ῥήσεσι
2647 4838 2826 4891 πάντα
2869 4835 3053 4904 σαφῶς
3086 4832 3376 4903 ἐπληρώθη
3402 4873 3417 4897 ,
3459 4830 3552 4882 καὶ
3593 4829 3744 4881 οὐδὲν

2178 4935 2424 5006 καμάτου
2453 4929 2816 5002 περιέχουσιν.
2859 4926 3016 4979 Οὕτω
3047 4925 3141 4978 καὶ
3178 4923 3412 4976 ἐνταῦθα
3455 4924 3513 4973 ἐν
3543 4923 3606 4991 τῇ
3657 4921 3742 4971 ἐν·

2179 5028 2366 5099 σάρκῳ
2419 5022 2690 5093 παρουσίᾳ
2743 5017 3126 5088 πεπλήρωται·
3181 5015 3275 5067 καὶ
3348 5012 3570 5081 οὐδεμία
3627 5010 3744 5062 ἐστὶ

2179 5115 2532 5188 παρεκτροπὴ
2583 5115 2694 5174 τοῖς
2745 5113 2842 5180 τῆς
2891 5107 3024 5169 ἰδίας
3074 5105 3220 5170 ζωῆς
3271 5099 3739 5171 ἐπιμελουμένοις.

2178 5207 2293 5260 Ζὼν
2326 5204 2432 5274 γὰρ
2465 5204 2492 5254 ὁ
2526 5201 2695 5268 Λόγος
2721 5200 2827 5251 ἀπὸ
2853 5196 3052 5260 ζῶντος
3087 5195 3322 5266 Πατρὸς,
3352 5193 3478 5253 Υἱὸς
3499 5191 3591 5242 τοῦ
3626 5190 3742 5241 Πα-

2175 5297 2324 5368 τρὸς,
2374 5296 2468 5347 καὶ
2493 5295 2552 5346 οὐ
2583 5291 2815 5352 κτιστός.
2847 5290 3030 5341 Πάντα
3056 5288 3111 5340 δὲ
3140 5289 3198 5340 ἐν
3223 5288 3288 5356 τῇ
3323 5285 3571 5354 ἐνσάρκῳ
3606 5297 3744 5350 παρ-

2177 5389 2334 5459 ουσίᾳ.
2384 5385 2768 5457 πεπλήρωται,
2809 5381 2896 5434 ἵνα
2929 5381 3065 5451 μήτε
3098 5379 3387 5448 φάντασμα
3426 5371 3743 5444 νομισθείη,

2182 5455 2320 5552 μήτέ
2359 5455 2638 5550 ὁμοούςίος
2681 5477 2715 5544 ἡ
2767 5473 2901 5543 σὰρξ
2933 5476 2999 5543 τῇ
3043 5471 3154 5526 ἄνω
3181 5470 3414 5538 θεότητι,
3456 5455 3592 5519 ἀλλά
3621 5481 3747 5517 συν-

3150 5653 3169 5683 ⁶
3200 5651 3326 5720 ch.
3361 5650 3498 5705 forte
3533 5645 3740 5702 τοῦτον.
