4138 6396
479 361 587 418 269

1117 359 1489 416 ADVERSUS
1517 359 1869 418 H/ERESES
1903 361 2031 416 LIB.
2063 361 2130 418 Π.
2169 360 2333 417 ΤΟΜ.
2375 359 2438 414 II.
2461 359 2824 416 —H£RES.
2863 360 3049 416 LXIX.

3686 361 3793 417 9.70

481 479 740 551 ηνωμένη
772 481 807 551 ἡ
836 479 1250 552 ὲνανθρώπησις
1292 481 1459 535 αὑτοῦ
1503 483 1584 546 είς
1621 482 1751 554 μίαν
1796 484 2087 548 ἀπάθειαν,

2198 480 2339 536 fecta
2375 489 2522 544 sunt,
2562 495 2629 534 ne
2662 486 2756 535 aut
2783 478 2965 535 inanis
3001 477 3248 549 quaadam
3303 476 3536 549 species,
3573 488 3667 533 aut
3707 479 3794 534 di-

487 572 725 643 μάλιστα
757 571 896 642 μετά
925 570 1024 643 τὴν
1049 575 1115 625 ὲκ
1143 573 1356 645 νεκρῶν
1377 574 1697 630 ἀνάστασιν.
1737 576 1948 631 Οὐκέτι
1974 579 2085 647 γὰρ

483 663 858 733 ἀποθνήσκει
881 703 896 727 ,
961 665 1128 736 φησὶ,
1175 666 1430 732 θάνατος
1477 667 1666 722 αὐτοῦ
1731 669 1933 724 οὐκέτι
1986 690 2088 725 κυ-

481 758 686 824 ριεύει.
715 758 873 810 Ἔστι
903 755 1014 826 γὰρ
1047 750 1130 822 εἷς
1160 757 1386 829 Κύριος,
1412 754 1493 823 εἷς
1519 761 1774 832 Χριστὸς,
1811 757 1892 827 εἷς
1923 764 2083 835 βτιισι⁶

485 847 632 914 λεὺς,
664 850 722 902 ὲν
755 849 909 921 δεξιᾷ
945 850 1162 921 Πατρὺς
1185 850 1520 921 καθήμενος,
1551 852 1612 906 τὸ
1638 853 1951 924 σωματικὸν
1986 856 2080 910 καὶ

484 943 877 1012 πνευματικὸν,
899 942 998 1012 μία
1019 941 1235 1007 ἓνωσις,
1267 942 1363 1013 μία
1393 942 1583 1015 θεότης
1613 946 1988 1018 πνευματικὴ,
2010 947 2080 1001 τά

486 1035 773 1107 ἀμφότερα
799 1033 1037 1104 φωτεινὰ
1069 1035 1164 1088 καὶ¹
1211 1035 1416 1100 ἔνδοξα.
1447 1038 1569 1090 Ἔτι
1605 1037 1664 1092 δὲ
1703 1039 2089 1111 ὑπερϐήσομαι

483 1129 546 1181 τὸ
573 1127 734 1198 ῥητὸν
777 1127 980 1190 ἱκανῶς
1011 1127 1451 1198 ἑρμηνευόμενον
1481 1127 1741 1200 νομίζων,
1771 1131 1869 1183 καὶ
1901 1131 1996 1184 ἐπὶ
2021 1130 2090 1184 τὰ

485 1219 652 1288 ἔτερα
683 1216 817 1288 τῆςί
846 1215 1028 1269 αὐτῶν
1049 1216 1131 1278 είς
1159 1214 1475 1286 ἀνατροπὴν
1494 1215 1606 1269 τῶν
1630 1216 1942 1270 ἀκουόντων
1966 1218 2086 1270 ἐπι-

485 1307 791 1378 νενοημένα
817 1305 910 1359 τοῦ
944 1305 1125 1374 λέγειν
1154 1303 1490 1373 ὲπιλάϐοιμι.

2198 573 2415 626 vinitati
2476 571 2959 627 consubstantialis
3012 586 3141 626 caro
3194 570 3529 636 crederetur,
3581 568 3674 625 sed
3733 569 3792 626 in

2196 680 2360 718 unam
2401 664 2676 734 passionis
2706 669 2985 734 expertem
3015 669 3224 718 natura:
3259 662 3629 718 conditionem
3663 676 3794 717 cono

2197 757 2404 811 sociata
2435 765 2628 810 natura
2658 755 2896 810 hominis
2921 755 3317 825 intelligeretur
3345 776 3357 810 :
3388 754 3447 811 id
3479 755 3622 825 quod
3652 760 3794 825 prm—

2198 849 2361 918 cipue
2390 856 2515 919 post
2555 848 3017 904 resurrectionem
3061 846 3307 916 contigit.
3340 843 3462 898 Non
3497 845 3634 898 enim
3672 862 3792 899 am-

2200 941 2340 1010 plius
2363 942 2611 1004 moritur,
2639 939 2848 1010 inquit;
2882 955 3026 992 mors
3060 937 3143 991 illi
3179 937 3325 991 ultra
3358 953 3461 991 non
3490 935 3791 991 dominabi-

2195 1043 2282 1085 tur
2320 1033 2359 1085 ³.
2411 1033 2506 1086 Est
2552 1034 2697 1087 enim
2750 1048 2895 1087 unus
2958 1030 3242 1092 Dominus.
3297 1047 3440 1086 unus
3490 1030 3788 1098 Christus,

2197 1122 2361 1194 766
2397 1139 2538 1177 unus
2566 1139 2658 1178 rex
2673 1123 2738 1177 ad
2757 1123 3035 1178 dexteram
3061 1121 3238 1178 Patris
3269 1121 3586 1186 considcns,
3619 1136 3789 1175 unum

2189 1215 2448 1285 quiddam
2516 1215 2760 1286 spiritale
2791 1215 2996 1286 pariter
3024 1222 3078 1270 et
3106 1229 3428 1285 corporeum
3449 1254 3465 1278 ,
3492 1212 3789 1282 singularis

2188 1307 2394 1370 unitas,
2453 1322 2562 1360 una
2617 1308 2879 1378 spiritalis
2930 1306 3212 1372 divinitas,
3269 1305 3575 1376 splendoris
3623 1303 3787 1356 ambo

487 1399 784 1471 gloriaeque
819 1396 1159 1469 plenissima.
1190 1393 1392 1450 Verum
1425 1394 1493 1449 de
1521 1394 1627 1449 hoc
1659 1394 1781 1450 loco
1808 1395 2110 1460 hactenus;
2141 1397 2358 1452 abunde
2388 1399 2534 1452 enim
2568 1414 2596 1451 a
2644 1398 2804 1453 nobis
2856 1398 3186 1468 explicatum
3240 1397 3499 1450 arbitror.
3530 1393 3686 1448 Nunc
3716 1393 3787 1449 ad

486 1493 594 1549 alia
627 1489 978 1550 veniendum,
1009 1502 1133 1558 qua:
1158 1487 1224 1541 ad
1255 1487 1595 1541 audientium
1627 1487 1926 1556 perniciem
1957 1489 2027 1542 ab
2059 1488 2170 1544 illis
2201 1491 2509 1561 excogitata
2543 1499 2688 1544 sunt.

557 1587 694 1643 MF’.
734 1583 873 1637 Φασὶ
902 1582 1012 1654 γὰρ
1044 1581 1210 1636 πάλιν
1233 1581 1348 1653 (96)
1369 1597 1384 1611 ⁸
1405 1582 1470 1634 Εἰ
1505 1581 1652 1636 ἔστιν
1681 1583 1748 1636 ὲκ
1775 1583 1875 1654 τῆς
1896 1583 2083 1647 οὐσίας

487 1678 583 1733 τοῦ
610 1677 848 1747 Πατρὸς,
879 1675 997 1739 πῶς
1029 1675 1130 1728 οὐκ
1159 1669 1268 1727 οἶδε
1299 1673 1397 1746 τὴν
1430 1673 1580 1744 ὤραν
1599 1676 1694 1728 καὶ
1720 1673 1818 1747 τὴν
1843 1676 2080 1746 ἡμέραν,

488 1771 629 1824 ἀλλά
657 1769 772 1840 ἰδίῳ
805 1768 952 1838 λόγῳ
981 1766 1236 1839 ὁμολογεῖ
1256 1770 1370 1832 τοῖς
1407 1767 1678 1838 μαθηταῖς
1709 1767 1784 1838 μὴ
1814 1767 2012 1821 εἰδέναι
2046 1766 2084 1821 ἃ

488 1866 519 1920 6
546 1863 742 1935 Πατὴρ
773 1862 1062 1914 ἐπίσταται
1082 1902 1098 1928 ,
1147 1862 1360 1932 φήσας,
1408 1861 1493 1913 ὃτι
1540 1861 1683 1929 Περὶ
1714 1859 1824 1928 τῆς
1856 1862 2083 1930 ἡμέρας

488 1957 728 2024 ἐκείνης
757 1954 858 2008 καὶ
878 1953 990 2023 τῆς
1021 1953 1179 2023 ὥρας
1211 1953 1415 2018 οὐδεὶς
1434 1949 1620 2017 οἶδεν,
1659 1953 1798 2006 οὕτε
1824 1957 1878 2007 ol
1906 1954 2080 2024 ἅγγε-

489 2051 591 2102 λοι
615 2048 685 2101 ἐν
712 2045 952 2115 οὐρανῷ
972 2087 987 2113 ,
1015 2046 1154 2101 οὔτε
1201 2049 1234 2100 ὁ
1286 2045 1421 2111 Υἱὸς
1444 2085 1458 2109 ,
1497 2047 1553 2098 εὶ
1572 2044 1660 2114 μὴ
1691 2047 1724 2099 0'
1752 2045 1957 2113 Πατὴρ
1981 2047 2086 2116 μό.

491 2155 641 2204 γος;
676 2139 740 2192 El
773 2139 977 2203 τοίνυν,
1010 2138 1198 2207 φασιν,
1235 2139 1264 2190 6
1291 2137 1482 2208 Πατὴρ
1513 2133 1643 2198 οἶδε,
1676 2138 1769 2190 καὶ
1795 2138 1957 2202 αὐτὸς
1985 2139 2085 2192 οὐκ

491 2227 630 2296 οἶδε,
659 2231 777 2296 πῶς
809 2231 1031 2285 δύναται
1081 2232 1115 2302 ἡ
1162 2229 1301 2301 αὐτὴ
1340 2229 1531 2300 θεότης
1565 2229 1780 2300 Πατρὸς
1822 2230 1916 2283 καὶ
1952 2229 2083 2284 Υἱοῦ

493 2321 762 2391 ὑπάρχειν
783 2363 799 2386 ,
847 2321 1009 2374 ὁπότε
1054 2319 1090 2374 δι
1134 2315 1274 2373 οἶδεν
1305 2322 1334 2372 6
1366 2319 1586 2392 Πατὴρ,
1640 2322 1669 2372 6
1703 2319 1832 2383 Υἱὸς
1867 2321 2081 2387 ἀγνοεῖς

497 2414 638 2467 Ὅσα
658 2413 714 2466 δὲ
739 2413 1043 2485 μυστικῶς,
1065 2413 1157 2466 καὶ
1186 2413 1245 2465 ὲν
1274 2414 1340 2483 τῇ
1367 2409 1536 2482 ἐνθὲῳ
1558 2411 1724 2464 αὐτοῦ
1755 2411 1921 2482 σοφίᾳ
1946 2411 2085 2482 πρὸς

491 2505 788 2574 ἀσφάλειαν
817 2503 1072 2573 γνώσεως
1106 2503 1504 2576 ἀληθεστάτης,
1535 2507 1564 2558 6
1594 2505 1907 2578 Μονογενὴς
1937 2506 2086 2560 διδά-

494 2613 642 2650 σκων
675 2598 962 2668 ὑφηγεῖτο,
999 2589 1146 2650 οὗτοι
1181 2596 1507 2665 ἀγνοοῦντες
1537 2595 1607 2649 τά
1649 2597 2080 2668 ἀνθρωποπαθῆ,

493 2691 673 2745 πάντα
706 2693 785 2753 είς
816 2689 1028 2744 ἑαυτῶν
1062 2689 1300 2762 βλάϐην,
1333 2689 1522 2762 ῶσπερ
1549 2691 1698 2744 δεινά
1731 2693 1958 2765 ἑρπετὰ,
1991 2692 2086 2746 καὶ

495 2784 576 2846 είς
604 2783 810 2836 ἑαυτῶν
856 2782 1035 2854 λύμην
1071 2782 1142 2836 τά
1189 2784 1295 2836 ὑπὸ
1326 2783 1423 2837 τοῦ
1454 2783 1768 2855 πανούργου
1817 2784 2083 2856 θηρευτοῦ

495 2876 892 2946 δεδελεασμένα
959 2875 1410 2948 ἀφαρπάζουσιν,
1461 2877 1563 2930 οὐκ
1613 2876 1850 2941 εἰδότες,
1895 2878 1978 2931 ὅτι
2025 2877 2088 2930 τὸ

495 2967 694 3038 ψεῦδος
717 2967 958 3039 οὐδαμοῦ
984 2969 1340 3040 σταθήσεται,
1370 2970 1404 3040 ή
1426 2967 1483 3021 δὲ
1507 2967 1735 3040 ἀλήθεια
1757 2969 1937 3040 πάντη
1959 2970 2087 3033 τοὺς

500 3059 666 3123 ἰδίους
696 3060 867 3130 αὐτῆς
897 3060 1046 3124 υἱοὺς
1087 3059 1416 3131 διορθοῦται,
1446 3061 1540 3114 καὶ
1569 3060 1843 3132 ἐξελέγχει
1869 3060 1930 3114 τὸ
1949 3060 2085 3131 ψεῦ-

2267 1585 2448 1639 XLlll.
2480 1585 2594 1640 Hoc
2624 1585 2767 1640 enim
2815 1585 3083 1654 objiciunt
3110 1602 3122 1636 :
3161 1583 3217 1637 Si
3248 1599 3311 1638 ex
3350 1581 3585 1638 essentia
3606 1579 3788 1636 Patris

2191 1686 2298 1741 est,
2326 1680 2596 1748 quomodo
2630 1678 2821 1732 horam
2858 1693 2922 1730 ac
2965 1676 3108 1731 diem
3156 1676 3391 1745 ignorat,
3443 1691 3608 1745 seque
3638 1671 3785 1745 quod

2117 1805 2159 1861 Β
2190 1767 2354 1825 Pater
2392 1771 2540 1825 novit
2588 1771 2803 1826 nescire
2835 1769 3122 1838 discipulis
3163 1768 3280 1823 suis
3317 1767 3556 1823 fatetur?
3587 1765 3664 1821 De
3699 1762 3786 1820 die

2201 1863 2321 1926 illa,
2349 1864 2544 1934 inquit,
2579 1874 2628 1918 et
2651 1864 2781 1917 hora
2803 1880 2951 1917 nemo
2981 1863 3142 1926 novit,
3169 1877 3329 1930 neque
3355 1861 3528 1932 angeli
3554 1862 3608 1914 in
3633 1859 3783 1924 creto,

2185 1971 2349 2026 neque
2379 1953 2577 2018 Filius,
2614 1957 2717 2008 nisi
2753 1955 2900 2010 solus
2931 1953 3096 2008 Pater
3121 1955 3163 2009 ⁸.
3207 1953 3263 2006 Si
3298 1953 3466 2023 igitur
3493 1951 3653 2008 Pater
3684 1969 3786 2006 no-

2186 2049 2265 2102 vit
2317 2051 2462 2120 quod
2518 2047 2731 2120 ignorat
2781 2051 2916 2120 ipse,
2968 2050 3059 2120 qui
3112 2057 3292 2119 potest
3331 2047 3512 2102 Patris
3554 2061 3617 2101 ac
3659 2045 3786 2101 Filii

2186 2141 2376 2197 eadem
2399 2157 2537 2196 esse
2565 2141 2850 2205 divinitas,
2891 2157 3016 2195 cum
3045 2139 3218 2196 Filius
3241 2156 3362 2210 quae
3391 2139 3536 2194 Patri
3567 2141 3787 2210 cognita

2187 2238 2317 2286 sunt
2371 2231 2619 2286 nesciat?
2646 2228 2850 2285 Verum
2898 2245 3021 2300 quae
3066 2232 3315 2301 mystice,
3349 2245 3411 2285 ac
3459 2245 3558 2300 pro
3601 2229 3786 2283 divina

2188 2337 2288 2377 sua
2321 2322 2589 2392 sapientia
2623 2323 2692 2376 ad
2718 2322 3040 2378 certissima:
3082 2322 3328 2377 scientiae
3376 2320 3689 2375 ﬁrmitatem
3721 2334 3786 2374 ac

2186 2412 2584 2468 munimentum
2642 2412 2734 2467 Dei
2770 2411 2942 2467 Filius
2988 2411 3240 2467 docendo
3289 2412 3598 2482 proposuit,
3638 2425 3788 2480 quaee

2185 2520 2292 2575 que
2325 2505 2392 2559 ad
2431 2505 2727 2558 humanam
2761 2504 3131 2559 conditionem
3174 2502 3592 2559 accommodata
3632 2511 3784 2565 sunt,

2187 2598 2358 2669 ignari
2393 2598 2484 2654 isti
2524 2612 2680 2652 suam
2721 2598 2789 2652 ad
2825 2604 3034 2667 pestem
3075 2613 3139 2653 ac
3181 2597 3482 2668 perniciem
3527 2595 3786 2662 trahunt;

2189 2697 2446 2761 tanquam
2501 2697 2784 2760 serpentes
2840 2690 3065 2760 quidam
3116 2689 3457 2754 exitiabiles,
3499 2697 3663 2758 atque
3717 2688 3787 2744 ab

2188 2782 2388 2837 callido
2420 2789 2710 2852 captatore
2740 2796 2866 2837 esca
2893 2783 3130 2851 quadam
3164 2792 3219 2838 et
3245 2783 3501 2837 illecebra
3532 2783 3784 2852 pellecti;

2189 2889 2291 2929 nec
2327 2873 2460 2928 illud
2491 2873 2758 2940 sentiunt,
2795 2873 2938 2927 hanc
2966 2888 3088 2928 esse
3122 2873 3392 2928 mendacii
3419 2881 3694 2940 naturam,
3725 2881 3788 2928 ut

2189 2968 2496 3022 consistere
2532 2966 2786 3036 nuspiam
2837 2967 3042 3036 possit;
3106 2973 3296 3021 contra
3334 2967 3623 3022 veritatem
3677 2982 3789 3022 non

2190 3070 2288 3114 eos
2321 3059 2521 3124 solum,
2552 3073 2692 3129 quos
2727 3065 2988 3129 tanquam
3027 3058 3168 3113 (illos
3209 3058 3394 3122 habet,
3420 3056 3694 3113 moderari
3723 3073 3790 3112 ac

496 3148 605 3213 δος.
639 3149 794 3204 Εἴπω
818 3151 928 3222 γὰρ
950 3151 1079 3222 ὑμῖν
1097 3151 1116 3183 ⁸
1145 3153 1194 3205 οἱ
1216 3152 1317 3224 τὴν
1346 3150 1524 3224 κακὴν
1555 3151 1810 3206 ὑπόνοιαν
1841 3152 1969 3226 περὶ
1993 3152 2087 3206 τοῦ

2193 3167 2398 3222 regere,
2436 3151 2531 3207 sed
2570 3159 2626 3206 et
2664 3152 3011 3206 mendacium
3066 3165 3230 3205 omne
3281 3151 3628 3206 convincere.
3673 3148 3791 3208 Hoc

496 3241 733 3312 Χριστοῦ
759 3241 1085 3313 κεκτημένοι
1123 3242 1219 3295 ἀπ’
1249 3243 1460 3314 ἀρχῆς·
1491 3243 1557 3295 Τί
1587 3243 1771 3314 μεῖζόν
1797 3245 1915 3298 ἐστι
1943 3244 2085 3297 κατά

499 3330 662 3401 φύσιν
692 3331 787 3384 καὶ
811 3332 950 3403 πρὸς
968 3331 1067 3404 τὴν
1098 3332 1325 3403 εἴδησιν,
1355 3333 1384 3385 6
1421 3331 1555 3395 Θεὸς
1583 3335 1612 3385 ὁ
1648 3333 1867 3386 πάντων
1894 3332 2088 3386 δεσπό-

497 3439 619 3493 της,
645 3421 738 3475 καὶ
772 3422 969 3495 Πατὴρ
993 3422 1090 3477 τοῦ
1117 3424 1324 3496 Κυρίου
1358 3422 1515 3494 ἡμῶν
1553 3424 1728 3495 Ἰησοῦ
1761 3423 2022 3496 Χριστοῦ,
2051 3423 2085 3495 ἢ

499 3517 534 3586 ἡ
569 3515 752 3588 ἡμέρα
783 3515 889 3569 ὑπὸ
921 3515 1138 3587 Πατρὺς
1157 3557 1172 3582 ,
1203 3514 1300 3568 καὶ
1333 3514 1483 3577 Υίοῦ,
1514 3515 1608 3570 καὶ
1641 3516 1798 3584 ἁγίου
1841 3516 2090 3587 Πνεῦμα-

498 3622 588 3670 τος
621 3604 866 3677 ἀγομένη
915 3623 978 3659 τε
1005 3645 1021 3668 ,
1062 3606 1156 3659 καὶ
1190 3605 1473 3676 γινομένη,
1515 3607 1610 3660 καὶ
1643 3608 1679 3678 η
1716 3605 1835 3678 ὥρα
1869 3607 2085 3678 ἐκείνη;

500 3700 727 3763 Πάντως
769 3699 826 3752 δὲ
866 3698 1213 3770 ἐρωτώμενοι
1247 3696 1755 3769 ἀναγκασθήσονται
1801 3698 1896 3752 ἀπ’
1919 3698 2089 3768 αὐτῆς

499 3794 602 3865 τῆς
645 3791 906 3863 ἀληθείας
946 3791 1036 3846 τὸν
1083 3790 1304 3863 Πατέρα
1349 3790 1570 3862 μείζονα
1617 3791 1818 3861 λέγειν,
1863 3791 1940 3856 ὡς
1996 3793 2091 3846 καὶ

501 3883 672 3938 ἐστιν.
708 3885 773 3938 Ei
797 3885 978 3937 τοίνυν
1009 3884 1212 3953 φάσκει
1248 3886 1276 3936 ὁ
1310 3884 1439 3948 Υίὺς
1470 3883 1646 3954 λέγων
1667 3901 1680 3914 ·
1721 3884 1934 3951 Οὐδεὶς
1965 3880 2091 3938 οἶδε

502 3976 612 4030 τὸν
647 3975 882 4044 Πατέρα
923 3978 977 4030 εὶ
1019 3975 1107 4045 μὴ
1148 3979 1182 4030 ό
1221 3975 1386 4042 Υἱὸς,
1420 3976 1523 4030 καὶ
1569 3976 1771 4044 οὐδεὶς
1826 3973 1953 4032 οἵδε
1985 3976 2093 4031 τὸν

501 4067 658 4132 Υὶὸν,
690 4069 743 4120 εί
761 4067 848 4137 μὴ
878 4069 911 4120 ό
945 4065 1150 4134 Πατήρ
1170 4081 1184 4095 ·
1218 4066 1247 4118 6
1279 4066 1340 4119 τὸ
1372 4066 1558 4137 μεῖζον
1589 4067 1898 4136 γινώσκων,
1934 4083 2090 4122 τουτ-

503 4159 622 4212 έστι
661 4159 753 4213 τὸν
783 4158 1001 4230 Πατέρα
1029 4199 1044 4223 ,
1077 4158 1194 4223 πῶς
1219 4158 1280 4212 τὸ
1315 4152 1484 4230 ἧσσον
1513 4159 1734 4228 ἀγνοεῖς
1777 4160 1940 4214 Ἀλλά
1977 4160 2092 4214 ἐστι

507 4250 627 4305 θεῖα
664 4251 734 4305 τά
765 4254 985 4323 ῥήματα
1034 4251 1313 4322 Πνεῦματι
1348 4252 1489 4323 ἁγίῳ
1515 4253 1806 4324 λεγόμενα,
1838 4255 2093 4322 ἄγνωστα

504 4344 564 4398 δὲ
612 4347 726 4408 τοῖς
770 4343 846 4416 μὴ
894 4344 1138 4416 εἰληφόσι
1172 4344 1492 4415 Πνεύματος
1540 4347 1696 4415 ἁγίου
1742 4345 1951 4417 δωρεὰν
1999 4347 2094 4400 καὶ

508 4437 688 4509 χάριν.
726 4437 970 4491 Τοιοῦτοι
1001 4438 1108 4510 γὰρ
1138 4438 1291 4502 ὄντες
1329 4441 1377 4492 oi
1406 4439 1798 4510 ’προειρημένοι
1820 4478 1834 4503 ,
1863 4439 2094 4492 ἄστατον

2194 3245 2337 3298 enim
2372 3250 2556 3314 petere
2578 3259 2611 3298 a
2645 3243 2800 3299 vobis
2829 3243 2980 3306 libet,
3025 3258 3059 3297 o
3095 3242 3304 3307 miseri,
3333 3242 3428 3312 qui
3470 3241 3540 3297 de
3565 3241 3790 3299 Christo

2195 3333 2426 3389 Domino
2465 3341 2575 3388 tam
2611 3335 2752 3390 male
2797 3335 2866 3389 ab
2907 3336 3026 3405 ipso
3069 3334 3339 3405 principio
3383 3333 3645 3390 sentitis:
3686 3331 3790 3390 Ec-

2197 3429 2328 3500 quid
2371 3429 2438 3484 ad
2481 3440 2691 3484 natura:
2734 3428 3051 3499 dignitatem
3079 3434 3172 3480 aut
3210 3425 3576 3496 cognitionem
3609 3425 3790 3494 majus

2195 3535 2320 3576 esse
2350 3520 2618 3585 videatur,
2656 3519 2871 3576 Deusne
2903 3517 3171 3573 Dominus
3204 3517 3472 3584 omnium,
3517 3531 3583 3571 ac
3629 3515 3790 3572 Pater

2198 3610 2415 3666 Domini
2455 3612 2630 3666 nostri
2672 3609 2800 3665 Jesu
2827 3608 3054 3672 Christi,
3092 3623 3161 3664 an
3216 3609 3334 3665 dies
3376 3608 3468 3663 illa
3511 3608 3597 3664 vel
3629 3606 3788 3675 hora,

2197 3718 2319 3774 quae
2363 3717 2394 3756 a
2447 3700 2628 3768 Patre,
2679 3702 2820 3756 Filio
2865 3711 2921 3758 et
2973 3701 3180 3773 Spiritu
3235 3711 3427 3758 sancto
3468 3701 3793 3771 producitur

2199 3805 2363 3865 atque
2402 3793 2671 3849 ellicitur?
2715 3793 2952 3850 Necesse
2989 3803 3073 3849 est
3117 3794 3340 3849 omnino
3368 3794 3451 3849 vel
3494 3794 3611 3865 ipsa
3643 3795 3790 3848 veri-

2199 3897 2310 3943 tate
2358 3895 2585 3957 cogente
2638 3889 3025 3957 respondeant,
3079 3887 3273 3952 multo,
3329 3893 3390 3940 ut
3442 3901 3632 3942 revera
3681 3894 3786 3950 est,

2200 3979 2465 4051 majorem
2497 3994 2621 4035 esse
2650 3977 2888 4034 Patrem.
2920 3978 3107 4049 Itaque
3135 3994 3262 4034 cum
3295 3979 3401 4033 hoc
3436 3976 3606 4033 Filius
3634 3992 3790 4033 asse-

2198 4081 2286 4126 rat
2313 4091 2326 4125 :
2362 4069 2532 4125 Nemo
2560 4071 2701 4124 novit
2731 4070 2972 4136 Patrem,
3002 4071 3108 4124 nisi
3137 4068 3310 4124 Filius
3335 4087 3354 4133 ;
3387 4079 3437 4124 et
3471 4086 3619 4124 nemo
3649 4071 3790 4124 navit

2202 4163 2406 4217 Filium
2452 4163 2556 4217 nisi
2595 4161 2824 4228 Pater“;
2867 4162 2960 4232 qni
3017 4162 3162 4232 quod
3205 4162 3384 4232 majus
3427 4169 3531 4227 est,
3571 4161 3790 4216 Patrem

2201 4252 2473 4317 videlicet,
2512 4251 2683 4318 novit,
2709 4251 2855 4322 quod
2896 4252 3078 4306 minus
3126 4261 3245 4320 est,
3287 4254 3538 4323 ignorare
3570 4252 3663 4322 qui
3692 4267 3791 4322 po-

2201 4343 2348 4399 test?
2399 4342 2506 4398 Sed
2551 4342 2823 4412 ejusmodi
2857 4351 2987 4398 sunt
3033 4343 3202 4398 divini
3255 4345 3334 4398 illi
3393 4359 3695 4409 sermones,
3731 4353 3793 4398 ut

2203 4449 2327 4490 cum
2361 4449 2430 4489 ex
2459 4434 2635 4489 sancti
2686 4433 2924 4504 Spiritus
2960 4435 3137 4490 aﬂlatu
3177 4436 3375 4505 prolati
3404 4436 3534 4502 sint,
3567 4435 3792 4490 minime

509 4529 814 4599 ἓχουσικαὶ
856 4531 918 4584 τὸ
967 4531 1257 4601 φρόνημα,
1306 4530 1514 4600 ὴλίθιόν
1559 4548 1619 4583 τε
1663 4531 1765 4602 τὴν
1822 4529 2087 4594 διάνοιαν,

2202 4527 2272 4581 ab
2324 4527 2434 4581 illis
2493 4527 2886 4596 percipiantur,
2922 4528 3015 4598 qui
3069 4527 3307 4598 Spiritus
3363 4527 3540 4582 sancti
3585 4527 3790 4581 donum

509 4621 591 4683 et;
609 4620 924 4686 ὲπιϐλαϐεῖς
945 4623 1040 4674 καί⁹
1068 4623 1147 4686 είς
1168 4623 1404 4692 ἥσσονας
1430 4621 1822 4694 παρεκτροπάς
1851 4621 2097 4675 ὀλισθαί-

510 4727 603 4763 νου
611 4728 728 4765 σαν.

581 4981 712 5033 ΜΔ¹⁸
765 4983 1254 5053 Προῦπαντήσεται
1301 4983 1409 5056 γὰρ
1456 4984 1640 5047 αὐτοῖς
1691 4984 1752 5037 τὸ
1794 4984 1888 5037 ὑπ’
1929 4985 2096 5038 αὐτοῦ

510 5071 606 5126 τοῦ
653 5073 861 5144 Κυρίου
908 5074 1227 5147 εἰρημένονο
1292 5076 1374 5129 ὅτι
1419 5077 1676 5130 Γίνεσθε
1739 5075 1978 5147 ἕτοιμοι.
2029 5081 2099 5132 Αἱ

512 5163 743 5233 ὀσφύες
816 5165 986 5236 ὑμῶν
1045 5167 1500 5237 περιεζωσμέναι
1521 5211 1535 5234 ,
1587 5169 1686 5223 καὶ
1746 5172 1806 5224 al
1857 5170 2097 5239 λαμπά-

511 5253 614 5320 δες
635 5253 806 5324 ὑμῶν
824 5257 895 5309 ἐν
915 5256 1045 5323 ταῖς
1065 5258 1280 5326 χερσιν
1310 5256 1495 5326 ὑμῶν.
1514 5258 1625 5312 Καὶ
1649 5260 1868 5314 ἔσεσθε
1887 5260 1968 5326 ὡς
1995 5278 2098 5315 κα-

510 5346 608 5400 λοὶ
637 5346 882 5416 δοῦλοι,
929 5348 1387 5417 προσδοκῶντες
1414 5349 1524 5403 τὸν
1559 5350 1716 5404 ἴδιον
1764 5351 2091 5420 δεσπότην.

583 5503 598 5532 ¹
640 5501 747 5555 Pro
771 5503 874 5574 τῆς
907 5502 1047 5574 forte
1075 5506 1188 5558 ὑπ’.
1221 5503 1320 5560 Vel
1346 5508 1457 5569 τοῖς
1484 5506 1686 5570 αὐτοῖς.

512 5588 634 5636 xm,
676 5574 768 5628 52.
834 5573 862 5605 "
889 5573 1079 5629 Matth.
1105 5593 1179 5642 χι,
1203 5575 1293 5630 27.

584 5726 696 5794 (96)
733 5730 888 5783 Φασὶ
925 5731 1034 5800 γὰρ
1065 5730 1271 5786 πάλιν.
1313 5729 1391 5786 De
1424 5731 1530 5786 hoc
1564 5731 1730 5788 Marci
1771 5735 2090 5790 testimonio

512 5797 733 5856 disserit
779 5797 1114 5857 Athanasius
1157 5810 1300 5857 orat.
1337 5802 1372 5856 4
1413 5801 1664 5858 adversus
1696 5804 1962 5871 Arianos;
1989 5807 2102 5862 Au-

2200 4619 2546 4688 gratiamque
2582 4633 2692 4672 non
2723 4620 3056 4689 acceperint.
3093 4618 3409 4689 Cujusmodi
3449 4634 3574 4674 cum
3623 4621 3791 4674 luere-

2201 4711 2296 4766 tici
2328 4712 2406 4766 illi
2438 4713 2570 4774 sint,
2603 4712 2840 4765 instabili
2868 4721 2922 4766 et
2955 4712 3288 4767 inconstanti
3321 4712 3558 4783 ingenio,
3589 4727 3653 4766 ac
3682 4718 3790 4766 sto-

2203 4804 2310 4859 lida
2342 4814 2520 4858 mente
2543 4803 2754 4874 praediti
2787 4813 2936 4868 sunt,
2967 4819 3087 4873 quat
3117 4803 3171 4857 in
3203 4803 3792 4874 perniciosissimorum

2207 4902 2369 4964 atque
2401 4893 2715 4948 inﬁmorum
2749 4909 3000 4954 errorum
3030 4893 3350 4949 diverticula
3378 4895 3612 4950 labatur.

2277 4987 2463 5043 XLIV.
2494 4989 2629 5043 Nam
2659 5003 2952 5044 occurrere
3000 4988 3216 5043 illorum
3263 4990 3552 5044 conatibus
3593 4998 3794 5059 potest,

2206 5080 2353 5150 quod
2408 5095 2436 5133 a
2481 5079 2712 5134 Domino
2770 5081 3158 5150 pronuntiatur
3225 5096 3240 5133 :
3301 5079 3485 5136 Eslote
3540 5081 3719 5149 parati
3749 5081 3791 5133 ⁸.

2207 5173 2369 5245 767
2410 5173 2528 5229 Sint
2558 5174 2725 5228 lumbi
2756 5177 2914 5229 vestri
2941 5177 3233 5244 prwcincti,
3257 5186 3307 5231 et
3353 5180 3578 5231 lucernw
3610 5187 3794 5231 vestris

2206 5266 2261 5319 in
2307 5266 2552 5321 manibus
2603 5267 2810 5322 vestris.
2869 5266 2934 5321 Et
2989 5269 3138 5322 eritis
3183 5278 3434 5338 tanquam
3471 5267 3592 5322 boni
3633 5270 3790 5334 servi,

2205 5365 2563 5426 exspectantes
2594 5357 2868 5412 dominum
2887 5376 3051 5430 suum
3077 5361 3120 5413 ".
3153 5359 3221 5413 Ut
3250 5363 3388 5415 enim
3416 5360 3506 5430 fur
3531 5360 3596 5415 de
3620 5370 3788 5426 nocte,

1764 5509 1784 5539 ¹
1808 5507 1870 5582 F.
1889 5509 2087 5582 Αεῖπωσ

2198 5519 2260 5565 ett
2283 5515 2438 5582 ἡμῖν.
2516 5513 2538 5544 ³
2571 5511 2730 5568 Rom.
2766 5530 2843 5577 γι.
2876 5514 2930 5569 9.
3022 5516 3043 5546 ⁵
3081 5514 3271 5571 Matth.
3305 5531 3453 5582 xxrv,
3481 5514 3586 5582 56;
3619 5516 3787 5573 Marc.

1371 5577 1392 5606 ‘
1423 5577 1616 5632 lilatth.
1649 5594 1797 5646 xxrv,
1837 5579 1928 5634 44.
2007 5581 2025 5611 ⁷
2066 5581 2199 5636 Luc.
2244 5577 2343 5646 xit,
2379 5583 2470 5638 55.

2199 5738 2477 5814 gust.__lib.
2518 5755 2531 5791 ι
2562 5737 2639 5814 De
2677 5740 3025 5814 Trinil.,cap.
3064 5744 3162 5812 i2;
3207 5743 3378 5800 Hilar.
3412 5759 3466 5800 tx
3508 5743 3584 5801 De
3615 5745 3790 5813 Trin.,

2209 5817 2262 5864 et
2297 5810 2388 5864 alii
2421 5813 2754 5880 complures.
