4138 6396
419 344 520 399 ιιτι

1831 340 1888 396 S.
1931 338 2275 394 ΕΡΙΡΗΑΝΙΙ

3597 337 3705 390 2⁸79.

420 459 496 514 sic
555 458 758 514 advenit
805 457 916 513 dies
964 455 1117 512 ilta‘.
1171 457 1268 512 Cui
1319 465 1372 512 ct
1437 465 1664 512 sanctus
1711 459 2009 528 Apostolus

2126 459 2220 525 Ὠς
2245 457 2356 528 γὰρ
2391 456 2632 526 λῃστὴς
2671 457 2740 510 ἐν
2773 454 2970 518 νυκτί,
3013 455 3200 520 οὕτως
3245 451 3632 522 παραγίνεται
3671 453 3708 520 ἡ

421 551 745 622 astipulatur
777 569 790 604 :
828 547 951 604 Non
979 550 1130 612 estis,
1165 548 1366 619 inquit,
1411 549 1740 603 tenebrarum
1778 551 1899 619 ﬁlii,
1924 549 2013 604 sed

420 643 568 705 diei;
600 659 663 696 ne
690 642 800 694 dies
833 651 1086 712 tanquam
1130 643 1220 712 fur
1255 657 1344 694 vos
1381 641 1736 710 apprehendat
1759 641 1801 694 ¹.
1835 639 2016 705 Quare

423 747 548 786 cum
580 730 686 786 diei
723 731 818 784 filii
848 732 1088 786 tenebris
1139 746 1250 785 non
1297 731 1666 792 obducantur,
1708 729 1802 784 sed
1840 729 2017 799 parati

422 825 555 888 sint,
585 823 842 893 quoniam
874 838 980 893 qua
1021 823 1109 878 die
1155 823 1432 885 nesciunt,
1475 831 1530 876 et
1571 839 1675 893 qua
1726 823 1864 876 hora
1903 837 2015 877 non

421 921 760 986 exspectant,
780 914 1302 986 dominus.ipsorum
1328 915 1581 981 advenit;
1615 915 1769 978 nihil,
1795 915 2012 985 opinor,

421 1023 453 1062 a
489 1005 662 1062 servis
695 1007 834 1070 suis,
876 1022 940 1061 ac
974 1006 1080 1061 diei
1123 1007 1250 1062 tiliis
1280 1007 1350 1070 is,
1384 1007 1478 1077 qui
1509 1007 1740 1062 istorum
1769 1006 2013 1060 omnium

421 1113 586 1152 causa
623 1097 730 1153 illis
758 1105 862 1162 est,
897 1098 1342 1168 splendidissima
1372 1115 1470 1154 sua
1503 1115 1739 1170 persona
1773 1115 1838 1155 ac
1871 1099 2013 1155 divi-

419 1189 593 1245 nitate
627 1189 983 1260 discrepabit.
1027 1193 1106 1246 Ac
1145 1191 1378 1256 scilicet,
1415 1191 1642 1262 perinde
1691 1199 1751 1247 ut
1799 1192 1908 1247 diei
1949 1193 2016 1246 il-

419 1280 528 1336 lius
559 1279 737 1350 ignari
778 1280 1158 1351 imparatique,
1213 1281 1427 1335 nescius
1473 1289 1530 1336 et
1571 1281 1888 1352 imprudens
1921 1297 2014 1337 oc—

413 1371 733 1440 ,cupabitur,
777 1371 878 1425 hac
924 1371 1044 1441 ipsa
1093 1387 1153 1426 re
1201 1385 1433 1426 mancus
1479 1386 1543 1426 ac
1576 1371 1844 1426 defectus.
1878 1373 2013 1439 Quis

419 1463 556 1519 adeo
593 1461 836 1518 furiosus
868 1471 954 1519 est
999 1479 1064 1518 ac
1107 1479 1326 1532 vecors,
1355 1473 1413 1518 ut
1461 1466 1732 1534 ejusmodi
1763 1469 2012 1538 quaedam

319 1601 322 1604 .
419 1555 488 1608 de
521 1555 744 1610 Christo
777 1555 1000 1626 cogitet,
1047 1556 1308 1611 nimirum
1353 1556 1596 1626 ejusdem
1636 1559 1789 1614 illum
1819 1563 2011 1616 condi-

417 1647 584 1702 tionis
612 1663 754 1713 esse,
785 1649 945 1718 cujus
989 1649 1239 1705 homines
1287 1658 1418 1705 sunt
1461 1651 1582 1720 ejus
1617 1651 1919 1709 dominatui
1949 1669 2014 1710 ac

416 1739 724 1810 disciplina:
753 1741 1022 1812 subjecti;
1056 1751 1150 1797 aut
1181 1750 1241 1796 ut
1272 1744 1575 1801 deteriores
1607 1746 1684 1800 illi
1715 1747 1809 1818 qui
1847 1747 2015 1818 impa-

415 1833 522 1887 rati
551 1833 836 1906 ignarique
861 1836 1028 1891 sunt?
1061 1835 1157 1889 Est
1207 1836 1340 1890 illud
1381 1851 1515 1892 sane
1556 1853 1721 1908 quam
1754 1841 2014 1896 stolidum
2049 1821 2088 1875 Β

417 1942 482 1982 ac
514 1927 827 1983 ridiculum.
855 1928 1220 1994 Quamobrem
1249 1944 1376 1984 cum
1418 1931 1534 1986 haec
1585 1932 1660 1985 ita
1711 1948 1771 1988 se
1813 1934 2016 1990 habere

421 2025 719 2088 nequeant,
761 2024 816 2072 et
848 2018 1024 2072 oratio
1055 2018 1173 2088 ipsa
1204 2033 1327 2071 cum
1360 2034 1463 2073 usu
1499 2029 1816 2089 comparata
1857 2035 2018 2090 repu-

430 2124 600 2179 gnare
630 2109 900 2173 videatur,
928 2109 1290 2179 excogitanda
1331 2109 1492 2164 nobis
1524 2109 1706 2180 aliqua
1739 2112 1878 2164 ratio
1907 2119 2013 2176 est,

421 2206 486 2254 ut
536 2198 787 2269 utrisque
837 2200 956 2254 sine
991 2199 1100 2254 ulla
1151 2201 1584 2256 contradictione
1639 2203 1829 2268 salvis,
1861 2217 1890 2256 a
1919 2219 2016 2258 ve-

419 2289 586 2345 ritate
618 2304 730 2346 non
761 2291 1102 2348 excidamus.
1135 2289 1350 2346 Mentiri
1382 2293 1583 2363 quippe
1609 2291 1874 2348 Dominus
1903 2309 2016 2350 non

418 2387 622 2450 potest,
653 2387 749 2434 aut
792 2380 860 2435 ad
892 2381 1058 2435 vitam
1097 2387 1344 2435 nostram
1377 2383 1772 2438 instituendam
1809 2384 2016 2442 frustra

415 2472 625 2542 aliquid
669 2472 984 2543 praecipere.
1041 2471 1311 2538 Quocirca
1351 2475 1637 2545 cognoscit
1667 2473 1830 2530 Pater
1864 2478 2011 2532 diem

415 2563 590 2629 illum,
639 2565 923 2636 cognoscit
983 2571 1037 2620 et
1089 2563 1285 2629 Filius,
1343 2567 1628 2636 cognoscit
1674 2576 1729 2622 ct
1778 2567 2015 2640 Spiritus

418 2667 667 2716 sanctus.
699 2657 814 2715 Nec
840 2667 925 2714 est
952 2659 1252 2730 quidquam
1309 2661 1365 2715 in
1394 2659 1556 2716 Patre
1598 2677 1628 2716 a
1663 2662 1800 2718 Filio
1832 2663 2016 2719 diver—

421 2767 568 2820 sum,
628 2759 722 2806 aut
774 2752 832 2806 in
887 2750 1026 2806 Filio
1074 2767 1105 2805 a
1166 2751 1374 2823 Spiritu
1427 2764 1616 2810 sancto
1655 2755 2010 2827 discrepans;

413 2843 881 2915 quemadmodum
913 2844 968 2898 in
1003 2859 1331 2916 unaquaque
1363 2845 1706 2914 superiorum
1733 2847 2012 2904 hareseon

413 2931 730 2996 refutanda,
764 2933 856 2988 ubi
902 2932 958 2986 id
1004 2948 1229 2988 necesse
1271 2933 1392 3000 fuit,
1425 2935 1751 2992 certissimis
1783 2939 2013 2993 rationi-

413 3025 520 3082 bus
553 3025 917 3088 ostendimus,
946 3035 1356 3081 sacrosanctam
1392 3027 1646 3083 videlicet
1681 3027 2010 3086 Trinitatem

416 3131 525 3170 una
556 3115 840 3171 divinitate
867 3124 1142 3180 constare,
1175 3133 1354 3188 neque
1401 3118 1698 3189 quidquam
1730 3121 2009 3178 diversum

416 3208 470 3262 in
519 3223 640 3264 sese
683 3208 1005 3278 variumque
1049 3210 1372 3276 continere;
1421 3209 1518 3264 sed
1557 3211 1730 3279 ipsam
1780 3213 2007 3274 omnino

414 3299 806 3370 perfectionem
835 3309 979 3364 esse,
1017 3300 1071 3354 in
1100 3317 1206 3372 qua
1235 3301 1339 3356 tria
1367 3301 1608 3372 perfecta
1643 3303 1773 3369 sint,
1808 3305 2008 3374 quibus

414 3392 582 3448 unius
614 3401 668 3448 et
698 3392 994 3462 singularis
1029 3393 1214 3464 gloriae
1257 3395 1572 3464 praedicatio
1611 3409 1676 3450 ac
1711 3396 2009 3468 singularis

416 3483 717 3539 dominatio
759 3485 1048 3540 tribuatur.

487 3575 653 3630 XLV.
687 3575 846 3632 Dices
880 3594 895 3630 :
931 3575 1042 3631 Cur
1079 3577 1245 3648 igitur
1273 3578 1376 3632 hoc
1406 3578 1496 3634 ille
1528 3579 1702 3634 dicit?
1737 3579 1856 3634 Jam
1888 3580 2006 3651 qui-

417 3668 540 3724 dem
573 3669 710 3723 alias
741 3669 896 3723 nobis
925 3667 1015 3722 illa
1047 3669 1320 3739 disputata
1348 3671 1578 3741 quaestio
1608 3681 1712 3738 est,
1743 3673 1838 3730 sed
1871 3673 2011 3728 nihil

416 3760 581 3815 modo
631 3759 916 3830 prohibet,
970 3759 1265 3828 quominus
1311 3760 1500 3816 eadem
1556 3763 1648 3817 illa
1698 3772 2010 3834 repetamus

423 3853 530 3908 hoc
561 3853 704 3906 loco.
741 3852 916 3921 Atque
945 3849 1165 3906 eosdem
1215 3851 1340 3908 illos
1373 3853 1688 3909 verissimos
1730 3869 2012 3911 sermones

424 3957 696 4012 usurpare
726 3956 904 4011 neque
931 3957 1017 3996 me
1047 3941 1249 4012 pigebit
1277 3941 1319 4006 ³,
1376 3951 1430 3998 et
1461 3944 1759 3999 lectoribus
1785 3945 1852 4000 ad
1878 3961 2010 4001 cau-

421 4035 624 4090 tionem
691 4035 859 4098 utile,
920 4042 1081 4102 atque
1140 4033 1206 4087 ad
1277 4034 1604 4089 refellendos
1664 4036 2013 4094 adversarios

419 4127 742 4198 cumprimis
777 4137 1144 4197 Opporlunum
1176 4126 1407 4181 videtur.
1440 4127 1532 4182 Sic
1571 4129 1736 4199 igitur
1775 4145 1895 4185 sese
1923 4147 2014 4187 res

419 4223 600 4276 habet.
661 4221 950 4290 Triplicem
1003 4219 1055 4272 in
1120 4219 1212 4274 illo
1273 4220 1394 4274 loco
1447 4219 1703 4276 Christus
1761 4223 2013 4278 ordinem

418 4311 747 4384 propcsuit:
787 4309 1022 4374 Patrem,
1072 4311 1309 4380 seipsum
1360 4327 1423 4366 ac
1473 4313 1726 4368 cmlestes
1763 4317 2009 4385 angelos.

421 4405 502 4459 Ex
529 4403 730 4474 quibus
770 4401 918 4456 Patri
953 4401 1172 4472 quidem
1216 4401 1380 4474 768
1412 4404 1557 4459 illius
1605 4405 1713 4459 diei
1761 4406 2011 4461 notitiam

2117 552 2330 620 ἡμέρα.
2380 550 2491 603 Καὶ
2528 551 2555 602 ὁ
2595 549 2751 618 ἅγιος
2790 546 3112 609 Ἀπόστολός
3159 561 3357 615 φησιν·
3403 545 3529 596 Οὐκ
3566 540 3708 594 ἐστὲ

2117 645 2379 708 σκότους
2408 642 2613 707 τέκνα,
2643 639 2807 694 ἀλλὰ
2853 639 3108 708 ἡμέρας,
3136 639 3236 690 ἵνα
3263 636 3302 704 ή
3338 634 3530 706 ἡμέρα
3555 631 3702 704 ὑμᾶς

2114 735 2200 806 μὴ
2253 737 2333 802 ὡς
2365 734 2632 802 κλέπτης
2666 733 2995 800 καταλάϐῃ.
3047 732 3110 784 Ei
3157 728 3336 782 τοίνυν
3379 729 3427 780 οἱ
3467 725 3574 779 υἱοὶ
3611 723 3710 796 τῆς

2120 828 2332 901 ἡμέρας
2359 829 2458 899 οὺχ
2497 829 2602 881 ὑπὸ
2633 827 2862 890 σκότους
2896 825 3296 883 καλύπτονται,
3335 821 3472 876 ἀλλά
3503 821 3709 891 ἕτοιμοι

2119 923 2383 994 γίνονται,
2428 922 2511 974 ὅτι
2601 921 2702 972 οὐκ
2735 919 2940 971 οἴδασιν
2971 917 3170 987 ἡμέρᾳ,
3201 914 3295 967 καὶ
3400 913 3460 966 ού
3491 911 3712 994 προσδο-

2120 1015 2290 1069 κῶσιν
2325 1013 2466 1085 ὥρᾳ,
2501 1015 2529 1065 ὁ
2561 1011 2832 1082 δεσπότης
2864 1009 3043 1064 αὐτῶν
3081 1006 3476 1078 παραγίνεται·
3509 1005 3616 1074 ἄρα
3647 1001 3708 1055 οὐ

2117 1105 2390 1173 διαλλάξει
2444 1104 2595 1169 παρὰ
2645 1104 2771 1166 τοὺς
2825 1100 2990 1156 αὑτοῦ
3031 1100 3252 1162 δούλους
3296 1097 3389 1151 καὶ
3419 1097 3566 1160 υἱοὺς
3611 1096 3709 1168 τῆς

2118 1200 2334 1272 ἡμέρας
2379 1197 2466 1250 διὰ
2510 1197 2608 1268 τὴν
2655 1193 2819 1248 αὐτοῦ
2865 1193 3131 1264 φωτεινὴν
3175 1191 3494 1272 ὑπόστασίν.
3520 1206 3578 1242 τε
3617 1189 3710 1241 καὶ

2121 1291 2370 1364 θεότητα,
2407 1290 2570 1353 αὐτὸς
2609 1288 2780 1352 αἴτιος
2811 1288 2995 1349 αὐτοῖς
3039 1283 3243 1338 τούτων
3283 1282 3590 1353 τυγχάνων.
3635 1281 3711 1333 Ἢ

2119 1383 2222 1448 ὅτι,
2251 1383 2326 1447 ὡς
2353 1384 2402 1435 οἱ
2432 1381 2752 1450 ἀγνοοῦντες
2803 1379 2901 1450 τὴν
2934 1377 3148 1449 ἡμέραν
3171 1418 3185 1442 ,
3220 1377 3315 1429 καὶ
3362 1374 3436 1445 μὴ
3489 1375 3710 1442 ἑτοιμα-

2123 1475 2360 1538 σθέντες,
2391 1472 2870 1544 καταληφθήσεται
2897 1469 3127 1538 ἀγνοῶν,
3161 1469 3256 1521 καὶ
3283 1468 3373 1520 ὑπ’
3408 1465 3706 1519 ἐλαττώσει

2119 1569 2422 1638 τυγχάνων.
2461 1568 2556 1629 Τίς
2587 1566 2644 1618 δὲ
2679 1562 2939 1636 μεμηνὼς
2985 1561 3161 1616 ταῦτα
3206 1561 3333 1630 περὶ
3375 1560 3579 1630 Κυρίου
3618 1558 3706 1610 λο-

2120 1661 2346 1730 γίσοιτο,
2379 1661 2460 1714 ὅτι
2495 1660 2657 1722 αὐτὸς
2691 1659 2864 1720 ἔσται,
2914 1657 2988 1719 ὡς
3015 1657 3065 1708 οἱ
3128 1654 3219 1708 ὑπ’
3255 1653 3419 1708 αὑτοῦ
3452 1651 3709 1715 δεσποζό-

2125 1765 2274 1818 μενοι
2302 1747 2602 1818 ἅνθρωποι,
2625 1747 2718 1799 καὶ
2749 1763 2814 1816 με
2824 1745 3064 1816 μαθητευ
3074 1745 3246 1815 μένοι,
3271 1743 3303 1813 ἢ
3328 1743 3402 1805 ὡς
3422 1744 3471 1794 ot
3495 1743 3708 1813 χείρους

2117 1841 2207 1894 διὰ
2252 1840 2350 1912 τὴν
2402 1839 2581 1892 αὐτῶν
2639 1839 3024 1908 ἁνετοιμασίαν
3063 1837 3156 1889 καὶ
3203 1833 3459 1904 ἄγνοιαν;
3507 1835 3616 1888 Καὶ
3648 1833 3710 1885 τὸ

2119 1933 2240 1986 ὅλον
2268 1935 2416 1986 ἐστὶν
2459 1933 2684 2002 ἠλίθιον.
2725 1931 2788 1984 Εἰ
2827 1932 3005 1984 τοίνυν
3032 1929 3204 1984 ταῦτα
3231 1929 3291 1982 οὐ
3324 1927 3543 1982 δύναται
3571 1928 3710 1997 πλη-

2121 2027 2380 2100 ροῦσθαι,
2425 2027 2552 2079 δ’δὲ
2586 2026 2742 2094 λόγος
2790 2025 3282 2096 παρεκτεινόμενος
3327 2023 3602 2086 άντίθετος
3639 2025 3707 2095 τῇ

2118 2125 2308 2191 χρήσει
2343 2119 2726 2191 εὑρεθήσεται·
2757 2118 2865 2188 ἄρα
2891 2117 3151 2188 ζητητέον
3182 2117 3326 2182 ἐστὶ,
3351 2116 3474 2169 τίνα
3501 2117 3590 2169 τὸν
3616 2115 3706 2168 λό-

2116 2229 2212 2280 γον
2235 2210 2505 2283 εὕρωμεν,
2545 2211 2630 2263 ἵνα
2651 2251 2664 2274 ,
2710 2211 3071 2272 ἀναντιθέτως
3100 2208 3207 2262 τῶν
3243 2209 3568 2279 ἀμφοτέρων
3599 2225 3708 2261 σω-

2118 2303 2361 2373 ζομένων
2390 2343 2404 2367 ,
2439 2303 2512 2374 μὴ
2553 2303 2918 2374 ὲκτραπῶμεν
2958 2303 3056 2372 τῆς
3105 2301 3382 2372 ἀληθείας.
3424 2299 3707 2352 Ἀδύνατον

2117 2393 2226 2463 γὰρ
2264 2394 2354 2447 τὸν
2385 2393 2591 2465 Κύριον
2624 2393 2916 2464 ψεύδεσθαι
2937 2433 2950 2456 ,
2987 2393 3082 2445 καὶ
3111 2391 3372 2446 ἀδύνατον
3403 2390 3564 2444 αὑτὸν
3595 2391 3708 2460 μά-

2115 2501 2214 2555 την
2247 2485 2350 2548 τὰς
2380 2483 2669 2555 ἐξηγήσεις
2704 2485 2782 2546 είς
2807 2482 3082 2553 ἡμετέραν
3108 2479 3252 2550 ζωὴν
3283 2479 3576 2533 ποιεῖσθαι.
3618 2480 3708 2531 Γι-

2115 2576 2314 2631 νώσκει
2345 2576 2524 2629 τοίνυν
2551 2578 2578 2628 ό
2609 2573 3093 2646 Πατὴρ,γινώσκει
3120 2575 3147 2626 ὁ
3180 2573 3329 2636 Υἱὸς,
3357 2572 3621 2640 γινώσκει
3646 2571 3707 2622 τὺ

2115 2666 2271 2736 ἆγιον
2315 2666 2560 2735 Πνεῦμα.
2618 2665 2782 2717 Οὐδὲν
2829 2663 2936 2734 γάρ
2987 2665 3044 2716 ἐν
3089 2663 3264 2734 Ila-cpi.
3313 2661 3707 2732 διηλλαγμένον

2116 2757 2266 2828 παρά
2293 2756 2383 2810 τὸν
2417 2755 2568 2819 Υἱὸν,
2593 2755 2712 2807 οὐδὲ
2739 2757 2795 2808 ἐν
2829 2753 2941 2824 Υἱῷ
2972 2751 3425 2826 παρηλλαγμένον
3465 2750 3616 2820 παρὰ
3646 2749 3710 2802 τὸ

2114 2849 2362 2919 Πνεῦμα,
2395 2849 2470 2911 ὡς
2502 2849 2561 2901 ὲν
2591 2847 2798 2919 ἑκάστῃ
2835 2845 2944 2898 τῶν
2987 2844 3403 2916 προειρημένων
3435 2842 3710 2914 αἱρέσει-’κ

2115 2943 2172 2994 ὲν
2233 2941 2394 3012 χρείᾳ
2441 2940 2809 3001 καταστάντες
2880 2936 3274 3008 ἀπεδείξαμεν,
3326 2937 3386 3000 ἐξ
3441 2934 3709 3006 ἀληθινῶν

2114 3033 2428 3084 συστάσεων
2456 3031 2554 3102 τὴν
2599 3030 2806 3102 Τριάδα
2838 3026 2978 3082 εἶναι
3023 3030 3152 3100 μίαν
3182 3027 3412 3099 θεότητα
3431 3069 3445 3090 ,
3476 3029 3572 3080 καὶ
3601 3045 3711 3098 μη-

2113 3123 2200 3176 δὲν
2226 3123 2369 3193 ἔχειν
2399 3125 2455 3175 ἐν
2491 3125 2656 3193 ἑαυτῇ
2694 3121 3171 3193 παρηλλαγμένον,
3218 3119 3353 3173 ἀλλὰ
3381 3119 3442 3172 τὸ
3481 3121 3590 3172 πᾶν
3619 3136 3710 3171 τε·

2113 3215 2360 3285 λειότης,
2399 3215 2525 3286 τρία
2565 3213 2784 3278 τέλεια,
2837 3213 2936 3284 μία
2971 3211 3278 3280 δοξολογία,
3333 3211 3426 3264 καὶ
3473 3211 3572 3281 μία
3613 3228 3710 3262 κυ-

2115 3311 2319 3382 ριότης.

2183 3570 2315 3624 ME'.
2361 3567 2498 3621 Ἀλλ’
2533 3568 2678 3639 ipsi;
2709 3582 2831 3638 μοι’
2863 3564 2984 3620 Τίνι
3019 3565 3200 3619 τοίνυν
3229 3563 3308 3634 τῷ
3340 3563 3486 3633 λόγῳ
3515 3563 3704 3634 εἴρηκε

2111 3660 2298 3726 τοῦτο;
2327 3661 2440 3714 Καὶ
2481 3661 2582 3732 ἥδη
2613 3659 2711 3730 μὲν
2738 3659 2876 3730 ἄλλῃ
2909 3675 2998 3728 μοι
3035 3657 3164 3727 περὶ
3196 3657 3290 3709 τοῦ
3319 3655 3478 3725 λόγου
3509 3654 3702 3708 τούτου

2113 3754 2454 3825 πέφρασται·
2477 3753 2629 3806 οὐδὲν
2652 3751 2708 3805 δὲ
2733 3751 2969 3804 κωλύσει
2996 3753 3108 3812 τοῖς
3144 3749 3326 3812 αὐτοῖς
3355 3746 3695 3818 προσθεῖναι.

2113 3849 2223 3900 Καὶ
2265 3849 2334 3900 τὰ
2373 3846 2512 3900 αὐτὰ
2545 3845 2774 3916 ἀληθινὰ
2809 3845 3030 3916 ῥήματα
3075 3843 3256 3911 λέγειν
3311 3841 3436 3911 ἐμοὶ
3475 3839 3573 3910 μὲν
3604 3839 3705 3892 οὐκ

2115 3941 2348 4012 ὀκνηρὸν
2369 3981 2384 4006 ,
2419 3943 2532 4002 τοῖς
2559 3939 2615 3992 δὲ
2644 3938 3064 4006 ἐντυγχάνουσιν
3094 3933 3334 4003 ἀσφαλὲς
3366 3931 3520 3984 ἕσται
3541 3969 3557 3994 ,
3588 3932 3703 3992 τοῖς

2121 4035 2179 4088 δὲ
2213 4033 2473 4096 ἐναντίοις
2525 4033 2607 4096 είς
2653 4030 2895 4100 ἔλεγχον.
2943 4029 3009 4082 Ἦ
3050 4027 3159 4096 γάρ
3206 4024 3466 4086 ὑπόθεσις
3517 4021 3705 4076 τοῦτον

2114 4125 2348 4196 ἔχειτὸν
2377 4123 2596 4194 τρόπον.
2634 4121 2774 4192 Τρία
2825 4118 2934 4190 γὰρ
2965 4119 3225 4188 τάγματα
3261 4117 3318 4169 ἐν
3373 4113 3553 4185 ταυτῷ
3601 4115 3704 4167 ὑπ-

2115 4217 2434 4286 εισήνεγκεν
2463 4217 2520 4267 ὲν
2547 4213 2715 4284 μέσῳ,
2735 4213 2983 4284 Πατέρα,
3011 4211 3107 4264 καὶ
3137 4209 3348 4271 ἑαυτὸν,
3369 4208 3462 4260 καὶ
3495 4207 3705 4269 πάντας

2115 4307 2382 4376 ἀγγέλους
2412 4309 2470 4358 ὲν
2507 4305 2744 4377 οὺρανῷ.
2776 4307 2888 4358 Καὶ
2919 4303 2994 4376 τῷ
3027 4304 3125 4375 μὲν
3159 4301 3333 4372 Πατρὶ
3366 4299 3614 4353 ἀπέδωκε
3646 4297 3707 4351 τὸ

2118 4401 2336 4462 εἰδέναι,
2384 4399 2444 4451 οὐ
2497 4398 2657 4468 μόνον
2689 4397 2895 4467 εἴδησιν
2929 4392 3296 4448 ὑποδεικνύων
3337 4391 3432 4444 καὶ
3483 4389 3702 4458 γνῶσιν,

419 4497 631 4553 detulit.
685 4493 872 4564 Neque
925 4494 1064 4548 hanc
1105 4495 1279 4549 solum
1333 4495 1612 4561 indicavit,
1663 4496 1755 4551 sed
1810 4505 1864 4551 et
1906 4499 2013 4551 alia

2119 4492 2255 4547 ἀλλὰ
2283 4493 2376 4545 καὶ
2402 4491 2470 4545 τὰ
2497 4493 2585 4546 ἀεὶ
2613 4491 2763 4561 παρὰ
2797 4492 2910 4544 Πατ
2923 4491 2974 4561 ρί
3011 4489 3105 4542 καὶ
3136 4487 3285 4557 παρὰ
3325 4484 3439 4555 Υίῴ
3469 4485 3706 4554 ἀναμφι-

419 4591 626 4655 omnia,
651 4603 772 4659 quae
817 4588 874 4641 iu
923 4585 1104 4640 Patris
1147 4602 1212 4641 ac
1267 4584 1392 4640 Filii
1438 4594 1706 4655 potestate
1750 4587 1869 4642 sine
1905 4589 2013 4642 ulla

420 4679 796 4738 controversia
835 4685 1097 4747 perpetuo
1127 4675 1367 4739 fuerunt,
1394 4693 1622 4747 quaeque
1657 4678 1726 4732 ab
1756 4679 1862 4734 illis
1892 4695 2014 4749 pro-

425 4775 582 4830 ilucta
619 4787 684 4827 ac
723 4771 964 4840 perfecta
1012 4778 1161 4824 sunt.
1212 4767 1375 4822 Novit
1424 4769 1610 4838 itaque
1655 4767 1820 4823 Pater
1866 4770 2010 4826 diem

419 4869 604 4930 illam;
657 4865 828 4926 novit,
885 4861 1130 4929 inquam,
1172 4869 1225 4912 et
1274 4859 1552 4927 produxit,
1613 4875 1678 4912 ac
1719 4860 2006 4926 judicavit,

419 4967 581 5028 prout
629 4957 683 5009 in
719 4951 946 5007 Joannis
982 4949 1271 5020 Evangelio
1317 4948 1580 5004 Dominus
1617 4961 1807 5004 narrat
1838 4971 1849 5004 :
1895 4951 2006 5004 Pa-

421 5057 519 5112 ter,
559 5047 756 5116 inquit,
804 5043 1060 5097 neminem
1085 5041 1371 5111 judicabit,
1407 5043 1494 5096 sed
1551 5060 1700 5124 omne
1737 5042 2005 5111 judicium

419 5141 563 5195 dedit
597 5137 740 5192 Filio
761 5138 804 5190 ’⁸.
861 5135 976 5188 Hoc
1007 5135 1150 5190 enim
1185 5139 1304 5204 ipso
1343 5137 1486 5204 quod
1522 5135 1792 5205 judicium
1832 5137 2003 5200 dedit,

415 5233 694 5302 judicasse
723 5229 996 5300 putandus
1028 5234 1130 5282 est.
1167 5225 1307 5298 Ergo
1336 5243 1458 5280 cum
1487 5227 1832 5296 judicaverit,
1859 5230 2009 5282 novit

419 5323 638 5394 quando
669 5325 738 5376 sit
779 5321 869 5374 illa
898 5321 1015 5375 dies
1047 5327 1294 5375 ventura.
1329 5317 1465 5372 Nam
1495 5319 1582 5390 qui
1616 5337 1718 5373 non
1752 5320 1918 5374 credit
1949 5323 2004 5374 in

419 5413 646 5476 Filium,
691 5413 808 5482 jam
865 5411 1130 5477 iudicatus
1189 5420 1265 5465 est
1289 5413 1332 5462 ⁵.
1380 5410 1498 5465 Non
1553 5413 1700 5481 quod
1737 5412 2005 5482 judicium

415 5508 530 5572 jam
575 5503 918 5574 praeterierit,
961 5501 1056 5558 sed
1111 5501 1256 5571 quod
1293 5516 1415 5570 quae
1468 5513 1598 5556 tttuc
1646 5501 1826 5556 futura
1881 5511 2010 5556 sunt

419 5595 583 5650 modo
606 5594 952 5649 declarentur
984 5611 998 5647 :
1031 5593 1336 5663 cujusmodi
1368 5591 1630 5662 quiddam
1665 5593 1718 5646 in
1750 5592 2008 5662 praesenti

493 5771 966 5832 'lThv'ss.v.2.
1043 5773 1222 5828 ἰδίει.
1308 5768 1361 5824 4.
1478 5769 1766 5842 'Philipp.
1803 5774 1962 5838 "n.1,

2041 5774 2062 5805 ⁵
2087 5772 2241 5830 Joan.
2275 5791 2326 5841 ι’,
2363 5774 2454 5829 Ἠ.
2531 5777 2551 5807 ³
2582 5773 2742 5830 Joan.
2789 5791 2868 5840 ιιι,
2911 5774 2986 5827 18.

2121 4583 2293 4646 ὅόλως
2327 4583 2719 4654 κεκρατημένα
2745 4599 2804 4635 τε
2837 4581 2931 4634 καὶ
2965 4579 3359 4650 γεγεννημένα,
3391 4577 3486 4628 καὶ
3514 4577 3704 4645 εἰργα-

2122 4677 2314 4748 σμένα.
2349 4677 2457 4729 Καὶ
2485 4678 2514 4730 ὁ
2548 4677 2646 4746 μὲν
2674 4675 2864 4746 Πατὴρ
2891 4671 2998 4726 οἶδε
3028 4673 3126 4742 τὴν
3151 4671 3394 4742 ἡμέραν·
3437 4665 3575 4722 οἶδεν
3607 4667 3706 4720 αύ-

2117 4768 2216 4837 τὴν
2247 4767 2341 4818 καὶ
2367 4766 2684 4836 εἰργάσατο,
2739 4766 2833 4817 καὶ
2888 4765 3161 4834 πέπραχε,
3208 4761 3302 4814 καὶ
3350 4759 3585 4830 ἔκρινεν,
3628 4758 3703 4821 ὡς

2118 4859 2222 4929 ἔφη
2257 4859 2314 4910 ὲν
2339 4857 2418 4928 τῷ
2452 4857 2593 4910 κατὰ
2629 4855 2882 4926 Ἰωάννην
2914 4853 3232 4922 Εὐαγγελίῳ
3255 4868 3266 4879 ·
3301 4853 3382 4905 ὅτι
3424 4852 3474 4903 Ὀ
3501 4849 3704 4918 Πατὴρ

2117 4952 2336 5005 οὐδένα
2381 4949 2600 5019 κρινεῖ,
2631 4947 2792 5002 ἀλλὰ
2841 4947 2955 5015 τὴν
2991 4945 3197 5000 πᾶσαν
3235 4946 3440 5012 κρίσιν
3485 4941 3704 4995 δέδωκε

2114 5041 2194 5106 τῷ
2232 5039 2361 5105 Υἱῷ.
2409 5041 2497 5093 Ἐν
2541 5041 2650 5112 γὰρ
2683 5039 2760 5110 τῷ
2787 5038 3120 5104 δεδωκέναι,
3165 5035 3444 5106 κέκρικεν.
3497 5035 3703 5105 Κρίνας

2113 5134 2291 5186 τοίνυν
2318 5133 2480 5201 ἔγνω,
2511 5133 2674 5200 γνοὺς
2699 5127 2806 5184 οἶδε
2835 5131 2966 5183 πότε
2997 5129 3239 5200 ἔρχεται.
3284 5129 3345 5181 '0
3371 5129 3480 5198 γάρ
3504 5125 3590 5195 μὴ
3615 5142 3702 5178 πι-

2113 5225 2347 5277 στεύων
2371 5226 2456 5289 εὶς
2477 5225 2585 5276 τὸν
2616 5223 2753 5276 Υίὸν
2783 5221 2902 5290 ἤδη
2937 5221 3219 5289 κέκριται,
3248 5221 3306 5274 οὐ
3341 5221 3439 5290 τῆς
3469 5218 3700 5288 κρίσεως

2114 5314 2520 5386 παρελθούσης,
2558 5314 2694 5366 ἀλλὰ
2718 5313 2829 5366 τῶν
2863 5313 2982 5366 τότε
3022 5312 3324 5383 μελλόντων
3348 5309 3564 5364 ἔσεσθαι
3601 5307 3698 5377 ἤδη

2114 5407 2610 5477 ἀποδεικνυμένων,
2652 5407 2728 5470 ὡς
2765 5407 2860 5459 καὶ
2890 5407 2982 5458 ἐπὶ
3018 5406 3174 5472 τύπῳ
3208 5405 3269 5457 τὸ
3293 5401 3534 5456 τοιοῦτον
3566 5399 3684 5467 πληι

2118 5499 2322 5570 ροῦται.
2348 5495 2466 5552 Οῐδε
2487 5501 2507 5530 ⁸
2529 5499 2638 5569 γάρ
2659 5502 2691 5569 ἡ
2713 5499 2902 5570 Γραφὴ
2925 5499 3126 5568 εἴδησιν
3151 5498 3244 5549 καὶ
3265 5495 3488 5564 εἴδησιν,
3505 5492 3580 5572 ᾡς
3605 5492 3694 5544 καὶ

2117 5591 2378 5655 πολλάκις
2407 5594 2485 5656 είς
2511 5593 2570 5645 τὸ
2608 5592 2925 5645 συνεκτικὸν
2953 5592 3345 5660 κατερχόμενοι
3369 5587 3476 5640 ἀπὸ
3501 5587 3684 5655 ὀμοιω

3097 5774 3116 5803 ε’
3157 5770 3312 5827 Dccst
3347 5766 3602 5825 nonnihil
