4138 6396
531 431 598 484 73
1200 443 1571 506 ADVERSUS
1610 449 1953 509 [IASRESES
1992 453 2124 512 LIB.
2152 455 2216 511 ll.
2261 457 2423 514 ΤΟΜ.
2467 457 2530 515 ll.
2564 489 2634 499 -—
2676 458 2947 516 HERES.
2992 459 3178 517 LXIX.

3666 466 3772 522 επ

494 544 684 612 μάτων
722 548 816 601 καὶ
857 554 1319 627 παραδειγμάτων
1368 562 1475 618 τῶν
1515 565 1614 637 ἤδη
1648 583 2075 639 πεπραγματευ-

2181 574 2401 642 negotio
2463 574 2729 631 cernitur.
2788 573 3002 646 Quippe
3076 574 3360 645 Scriptura
3422 589 3532 630 non
3601 592 3769 631 unum

495 635 677 731 μένων
706 639 803 711 τὴν
835 647 1136 715 σαφήνειαν
1167 651 1262 704 καὶ
1298 652 1395 723 τὴν
1432 658 1632 727 φράσιν
1667 659 1905 731 ἑκάστης
1942 661 2075 715 ὑπο-

491 726 714 795 θέσεως,
743 736 1116 821 παριστῷντες
1142 742 1202 795 οὐ
1232 726 1596 816 διελείψαμεν.

2182 664 2423 718 scientiae
2470 679 2643 734 genus
2690 665 3096 733 complectitur.
3138 663 3411 721 Caeterum
3443 665 3592 736 quod
3637 665 3770 720 hac-

2180 764 2340 810 tenus
2380 770 2521 825 saepe
2551 770 2616 809 ac
2655 762 2979 812 constanter
3023 755 3276 825 fecimus,
3322 765 3382 813 ut
3417 758 3485 813 ad
3522 757 3627 825 rei,
3663 771 3773 827 qua

491 821 559 876 de
580 823 786 920 agitur,
821 826 1244 888 illustrationem
1303 844 1358 892 et
1417 841 1835 908 explicationem
1884 843 2274 903 similitudines
2313 821 2579 917 quasdam
2627 858 2682 902 et
2727 846 2977 919 citempla
3034 821 3465 920 proponeremus
3510 864 3578 904 ex
3613 821 3773 916 pra:-

492 914 668 1011 teritis
707 918 874 1011 rebus
913 936 977 1011 ac
1016 926 1206 993 gestis,
1253 943 1283 981 a
1330 930 1532 1007 quibus
1589 933 1657 987 ad
1708 943 2090 1005 argumentum
2146 914 2344 1011 ipsum
2379 949 2433 994 et
2478 947 2646 1010 caput
2695 914 3085 1011 disputationis
3132 914 3561 1011 perveniremus,
3625 914 3769 995 idem

494 1002 554 1058 in
584 1009 876 1075 praesentia
911 1008 1220 1069 faciendum
1248 1002 1456 1086 judico.

559 1097 713 1190 atqu
755 1100 1028 1174 Λάὸωμεν
1057 1105 1235 1163 τοίνυν
1269 1109 1581 1184 ὲξυπαρχῆς
1605 1111 1784 1181 αὖθις,
1815 1119 1911 1171 xa‘t
1947 1118 2079 1190 περὶ

488 1187 701 1280 τούτων
715 1192 979 1265 εἴπωμεν.
997 1197 1062 1249 Τί
1082 1216 1245 1267 φατε,
1269 1195 1315 1255 ὧ
1338 1197 1516 1272 οὗτοι;
1550 1206 1705 1278 ’ῌδει
1740 1208 1912 1280 Ἀδάμ
1935 1187 2080 1264 Εὕαν

489 1279 590 1350 τὴν
615 1275 853 1351 γυναῖκα
881 1287 1047 1341 αὑτοῦ
1075 1292 1169 1343 xal
1205 1294 1313 1362 πρὸ
1335 1296 1432 1366 τῆς
1471 1275 1756 1369 παρακοῆς
1786 1275 1884 1354 καί
1912 1318 2086 1373 παρα-

491 1373 738 1441 ϐάσεως,
780 1377 812 1448 ἢ
855 1381 956 1433 οὐκ
987 1382 1137 1454 ᾔδεις
1187 1386 1298 1439 Kal
1332 1388 1392 1440 οὐ
1432 1388 1661 1443 δύνασθε
1700 1391 1978 1447 ἀντειπεῖν
2012 1396 2079 1466 τῇ

491 1466 744 1539 ἀληθεία.
796 1470 923 1526 Ἐὰν
972 1474 1083 1548 γὰρ
1128 1476 1202 1549 μὴ
1238 1477 1503 1550 θελήσητε
1537 1480 1901 1554 ὀρθοποδῆσαι
1943 1485 2079 1556 πρὸς

500 1560 594 1612 τὸν
619 1561 860 1616 τοιοῦτον
890 1565 1037 1628 νοῦν,
1082 1568 1496 1641 ἐλεγχθήσεσθε.
1523 1568 1719 1629 Ἦσαν
1754 1576 1882 1648 γὰρ,
1923 1579 2077 1648 φησὶ,

490 1652 737 1720 γυμνοὶ,
763 1656 861 1709 καὶ
890 1659 1002 1712 οὐκ
1029 1660 1379 1731 ᾐσχύνοντο
1397 1681 1410 1696 ο
1442 1667 1667 1737 γυμνῶν
1703 1668 1761 1722 δὲ
1790 1669 1970 1724 αὐτῶν
1993 1671 2080 1724 ὅν-

489 1759 597 1795 των
617 1784 633 1808 ,
659 1746 753 1799 καὶ
779 1748 839 1800 οὐ
865 1749 1288 1818 τυφλωττὸντων
1308 1771 1322 1786 ·
1355 1755 1481 1811 οὔτε
1520 1757 1629 1830 γὰρ
1651 1759 1811 1814 τοῦτο
1838 1763 2079 1834 ἀρνήσα-

2246 1109 2434 1167 XLVI.
2468 1110 2646 1179 Quare
2703 1111 2870 1168 altius
2920 1113 3150 1182 repetito
3203 1114 3494 1185 principio,
3535 1116 3603 1171 ad
3641 1133 3767 1173 eum

2176 1204 2397 1258 modum
2450 1219 2573 1257 cum
2627 1203 2735 1259 illis
2783 1218 3025 1275 agamus.
3085 1202 3226 1270 Quid
3281 1206 3499 1260 tandem
3548 1208 3771 1265 dicitis?

2177 1292 2316 1348 Num
2355 1292 2596 1348 Ad‘amus
2643 1308 2866 1348 uxorem
2902 1293 3069 1349 Evam
3104 1295 3187 1348 vel
3226 1306 3350 1351 ante
3379 1307 3662 1366 peccatum
3704 1315 3770 1355 ac

2178 1386 2434 1440 violatam
2470 1386 2641 1456 legem
2679 1389 2927 1445 noVerat.
2958 1386 3170 1441 necne?
3217 1385 3337 1441 Non
3371 1389 3600 1458 potestis
3624 1390 3769 1445 veri-

2178 1478 2274 1532 tati
2311 1493 2635 1548 repugnare.
2684 1476 2800 1532 Nisi
2831 1478 2977 1535 enim
3008 1478 3062 1531 in
3098 1478 3264 1547 hujus
3307 1480 3383 1534 rei
3415 1479 3771 1552 intelligentia

2178 1577 2327 1623 recta
2402 1569 2652 1640 progredi
2733 1568 2948 1634 velitis,
3024 1568 3280 1625 facillime
3342 1572 3768 1628 convincemini.

2179 1661 2373 1726 Erant,
2415 1662 2593 1733 inquit
2634 1660 2913 1733 Scriptura
2953 1645 3214 1730 “,Inudi,
3265 1680 3357 1717 nec
3408 1664 3605 1733 pudore
3655 1666 3772 1736 aﬂi-

2178 1754 2471 1810 ciebanlur.
2496 1755 2661 1822 Atqui
2693 1765 2805 1809 tum
2830 1754 2961 1809 nudi
2985 1763 3165 1823 erant,
3188 1771 3364 1826 neque
3394 1764 3574 1812 tamen
3596 1759 3724 1812 caci
3751 1777 3766 1815 :

492 1835 615 1926 σθαι
664 1837 926 1905 δύνασθε,
979 1845 1054 1915 μὴ
1106 1845 1408 1915 βλέποντας
1454 1850 1653 1915 αὐτοὺς
1705 1852 2074 1926 ὁμολογῆσαι*

2177 1849 2321 1918 quod
2352 1848 2572 1918 quidem
2605 1848 2835 1901 inticiari
2860 1863 2964 1902 non
2999 1848 3254 1918 potestis,
3284 1856 3379 1902 aut
3412 1863 3522 1903 non
3550 1848 3772 1905 videndi

489 1922 632 1980 Εἷδε
666 1929 813 1998 γὰρ,
846 1933 1034 2001 φησὶν,
1083 1936 1212 1989 Εὕα
1259 1936 1324 1991 τὸ
1374 1938 1586 2007 ξύλον,
1627 1940 1718 1995 ὅτι
1742 1922 1962 1998 inalba-
1990 1947 2075 2010 sic

2181 1937 2441 1994 facultate
2495 1938 2753 2009 prazditos
2809 1954 3069 1995 asserere.
3121 1939 3264 1993 Vidit
3319 1941 3495 2003 enim,
3554 1940 3769 2013 inquit,

483 2018 751 2085 βρῶσιν,
785 2024 885 2077 καὶ
922 2025 1139 2094 ὡραῖον
1182 2029 1292 2083 τοῦ
1334 2031 1725 2100 κατανοῆσαι;
1766 2036 1911 2105 Ἀρα
1946 2036 2076 2104 γοῦν

494 2107 631 2200 ᾔδει,
660 2114 754 2165 καὶ
779 2113 1018 2185 ᾔδεισαν.
1054 2119 1270 2185 Εὶδότες
1296 2121 1375 2188 δὲ,
1412 2122 1508 2177 καὶ
1536 2123 1791 2197 ὁρῶντες,
1814 2128 2078 2200 ἀλλήλους

488 2198 876 2292 ἐπεγίνωσκον.
903 2202 1012 2262 Ἦν
1040 2211 1179 2280 μετὰ
1211 2212 1377 2267 πολὺν
1398 2217 1413 2246 ¹
1440 2216 1653 2287 χρόνον,
1683 2219 1848 2289 φησὶν
1871 2221 1904 2291 ἡ
1933 2198 2076 2292 Γρα-

493 2290 601 2361 cpi),
637 2293 738 2346 καὶ
775 2295 931 2365 ἔγνω
977 2300 1160 2372 Ἀδὰμ
1199 2305 1366 2358 Εὔαν
1410 2305 1526 2375 τὴν
1564 2309 1824 2377 γυναῖκα
1865 2290 2072 2366 αὐτοῦ.

503 2382 663 2439 Ἀλλὰ
691 2387 789 2457 τὴν
825 2388 924 2444 μὲν
958 2391 1182 2466 πρώτην
1219 2395 1429 2468 εἴδησιν
1457 2399 1552 2452 καὶ
1578 2398 1762 2470 βλέψιν
1786 2401 1916 2473 περὶ
1938 2402 2077 2474 εἰδή-

491 2492 628 2540 σεως
651 2477 718 2531 δι’
735 2480 979 2551 ὁράσεως
1005 2488 1405 2561 συνισταμένης
1438 2489 1585 2560 λέγει
1613 2494 1706 2546 καὶ
1729 2493 1817 2547 διὰ
1839 2495 2071 2559 ἐννοίας·

491 2569 620 2640 περὶ
645 2570 703 2623 δὲ
741 2573 842 2644 τῆς
887 2575 1148 2648 δευτέρας
1197 2578 1474 2649 γνώσεως,
1524 2585 1652 2657 περὶ
1685 2585 1944 2657 εἰδήσεως
1980 2587 2077 2641 καὶ

488 2663 740 2733 χρήσεως
778 2666 1152 2737 ἀπαγγέλλει·
1187 2672 1264 2737 ὡς
1298 2674 1392 2728 καί
1439 2691 1545 2729 που
1590 2677 1753 2731 Δαδὶδ
1789 2681 2073 2750 γηράσας,

485 2756 561 2820 ὡς
602 2756 749 2827 λέγει
785 2763 817 2831 ἡ
856 2761 977 2817 θεία
1015 2765 1204 2838 Γραφή
1228 2784 1242 2797 ·
1279 2768 1389 2822 Kal
1423 2769 1689 2842 ἐγήρασε
1730 2772 1929 2841 Δαϐὶδ,
1977 2774 2075 2828 καὶ

486 2851 600 2903 οὐκ
653 2852 1054 2923 ἐθερμαὶνετο.
1100 2863 1208 2913 Καὶ
1254 2856 1429 2916 εἷπον
1458 2861 1619 2928 αὐτῷ
1644 2866 1699 2918 οὶ
1725 2863 1933 2932 παῖδες
1964 2869 2074 2921 αὑ-

489 2942 596 2996 τοῦ
621 2960 634 2974 ·
665 2946 985 3015 Ζητηθήτω
1008 2950 1087 3018 τῷ
1101 2950 1361 3015 βασιλεῖ
1384 2955 1700 3023 παρθένος.
1726 2956 1834 3010 Καὶ
1862 2959 2072 3028 εὑρέθη

500 3035 733 3091 Ἆϐισὰκ
775 3040 814 3107 ἡ
852 3042 1197 3112 Συναμῖτις.
1252 3046 1364 3109 Καί
1404 3063 1598 3115 φησιν·
1634 3049 1940 3103 Ἔθαλπεν
1966 3051 2074 3103 αὐ-

486 3124 613 3189 τὸν,
641 3127 740 3182 καὶ
767 3131 1167 3201 συνεκοιμᾶτο
1197 3133 1375 3200 αὐτῷ.
1421 3136 1529 3189 Καὶ
1555 3138 1665 3190 οὐκ
1693 3136 1844 3206 ἔγνω
1877 3138 2075 3207 αὐτὴν

2182 2028 2295 2084 Eva
2333 2030 2555 2099 lignum,
2591 2030 2839 2100 quoniam
2888 2029 3078 2084 bonum
3123 2044 3202 2084 est
3255 2030 3325 2084 ad
3370 2030 3770 2096 comedendum,

2177 2131 2229 2176 et
2272 2122 2547 2193 pulchrum
2590 2123 2706 2177 visu
2747 2123 2789 2176 '.
2833 2122 3181 2194 Proindeque
3228 2132 3284 2178 et
3332 2123 3570 2180 Adamus
3620 2125 3770 2179 illam

2178 2223 2429 2277 noverat,
2455 2225 2509 2270 et
2538 2216 2757 2285 utrique
2789 2230 2848 2268 se
2877 2222 3070 2270 mutuo
3099 2216 3504 2285 cognoscebant
3527 2231 3591 2270 ac
3619 2215 3771 2272 vide-

2178 2309 2332 2373 bant,
2367 2317 2420 2365 et
2452 2319 2635 2364 tamen
2668 2310 2829 2379 longo
2866 2319 3053 2380 postea
3095 2317 3362 2380 tempore,
3390 2318 3451 2364 ut
3487 2310 3772 2383 Scriptura

2178 2411 2385 2464 narrat,
2421 2400 2662 2471 cognovit
2687 2400 2862 2453 Adam
2898 2398 3058 2454 Evam
3094 2400 3367 2472 conjugem
3398 2419 3549 2456 suam
3571 2404 3613 2458 °.
3663 2401 3771 2459 Sed

2177 2492 2438 2546 nimirum
2479 2492 2629 2560 prior
2669 2490 2759 2544 illa
2799 2492 3039 2561 cognitio
3084 2506 3148 2546 ac
3179 2492 3317 2547 visio
3350 2491 3417 2547 de
3459 2509 3522 2548 ea
3551 2493 3769 2559 notitia,

2176 2598 2300 2652 quae
2337 2581 2557 2637 videndi
2596 2597 2760 2638 sensu
2801 2591 2857 2637 et
2910 2583 3262 2654 intelligentia
3293 2594 3531 2650 constat,
3567 2586 3773 2657 accipi-

2179 2682 2287 2727 tur.
2349 2672 2421 2728 At
2470 2671 2712 2727 secunda
2768 2681 2965 2744 praeter
3024 2675 3273 2729 notitiam
3335 2693 3493 2731 usum
3551 2693 3771 2749 quoque

2177 2764 2579 2835 Complectitur.
2605 2763 3072 2833 Quemadmodum
3099 2756 3288 2823 Davidi
3320 2777 3481 2823 aetate
3502 2770 3614 2837 jam
3647 2769 3771 2826 alle-

2176 2864 2263 2910 cta
2287 2855 2536 2925 contigit,
2557 2863 2618 2909 ut
2641 2858 2905 2927 scriptum
2939 2865 3020 2914 est
3049 2877 3062 2913 :
3089 2857 3154 2913 Et
3176 2861 3346 2914 senuit
3372 2859 3560 2924 Darid,
3585 2870 3634 2915 et
3663 2878 3770 2916 non

2177 2946 2473 3016 cale/iebat.
2525 2946 2595 3001 Et
2637 2947 2887 3002 dixerunt
2923 2950 2970 3004 ei
3011 2952 3145 3004 servi
3177 2953 3261 3004 sui
3292 2967 3310 3006 :
3339 2950 3629 3017 Quwratur
3659 2953 3771 3024 regi

2176 3036 2341 3105 virgo.
2366 3033 2436 3087 Et
2459 3036 2667 3090 inventa
2690 3047 2769 3091 est
2793 3037 2988 3092 Abisac
3010 3038 3329 3096 Sunamitis.
3364 3039 3431 3094 Et
3464 3042 3540 3095 ait
3566 3060 3578 3096 :
3610 3020 3770 3098 Cale;

2176 3123 2403 3193 faciebat
2437 3125 2630 3192 ipsum,
2672 3136 2720 3180 et
2755 3127 3051 3181 dormiebat
3083 3145 3202 3182 cum
3251 3128 3370 3183 illo.
3422 3128 3493 3183 Et
3540 3147 3646 3184 non
3674 3148 3769 3186 co-

487 3217 685 3272 Δαϐίδ.
712 3218 825 3290 Τὴν
847 3220 1135 3292 σύσσωμον
1159 3223 1254 3277 καὶ
1278 3223 1626 3297 σύμπλευρον
1658 3226 1774 3288 πῶς
1801 3227 1900 3279 οὐκ
1918 3226 2066 3298 ﬁdet;

2177 3218 2346 3287 gnovit
2375 3234 2491 3270 eam
2522 3217 2752 3273 David".
2788 3217 2986 3286 Quaero
3048 3237 3170 3291 qua:
3213 3220 3279 3275 ad
3326 3221 3447 3290 ejus
3479 3237 3680 3294 corpus
3704 3238 3768 3290 ac

500 3307 638 3360 Ἀλλ’
672 3311 906 3367 ἐνταῦθα
936 3314 1142 3386 εἴδησιν
1190 3316 1251 3369 οὐ
1280 3317 1377 3389 τὴν
1404 3318 1472 3372 δι’
1500 3319 1709 3383 εὐνοίας
1728 3320 1748 3350 ²
1779 3319 2070 3391 διηγεῖται,

422 3454 427 3460 .
488 3403 626 3457 ἀλλὰ
653 3406 753 3476 τὴν
780 3407 870 3461 διὰ
903 3410 1175 3480 χρήσεως.
1210 3412 1320 3464 Καὶ
1343 3411 1454 3484 γὰρ
1488 3412 1583 3466 καὶ
1608 3413 1703 3465 ἐπὶ
1725 3413 1818 3466 τοῦ
1857 3414 2070 3467 Ἰακὼϐ·
2120 3450 2125 3454 ι

487 3495 569 3549 ὅτι
598 3497 696 3568 μὲν
723 3500 832 3571 γὰρ
858 3502 997 3554 ἑπτὰ
1021 3501 1116 3574 ἐτη
1148 3502 1413 3573 ἐτύγχανε
1452 3504 1756 3575 ποιμαίνων
1781 3505 1918 3576 μετὰ
1957 3504 2075 3558 'Pa-

488 3587 590 3659 χὴλ
624 3590 722 3643 καὶ
744 3591 900 3655 Λίας,
940 3594 1034 3646 xal
1067 3594 1185 3664 ᾔδει
1224 3596 1393 3658 αὐτάς
1419 3612 1433 3623 ·
1459 3596 1547 3648 ὅτε
1586 3595 1641 3649 δὲ
1669 3597 1797 3667 ἰτερῖ¹
1828 3596 1928 3666 τῆς
1957 3612 2075 3649 συν-

487 3679 684 3747 αφείας
727 3682 828 3752 τῆς
854 3680 949 3735 τοῦ
979 3683 1181 3754 σεμνοῦ
1220 3684 1398 3737 αὐτῶν
1427 3685 1608 3757 γάμου
1643 3685 1933 3757 διηγεῖται,
1966 3703 2073 3756 φη-

489 3772 575 3824 σίν
600 3789 614 3801 ⁸
651 3773 847 3843 Ἔγνω
890 3775 1042 3828 Λίαν
1070 3775 1185 3844 τὴν
1217 3776 1471 3845 γυναῖκα
1499 3776 1706 3830 αὐτοῦ.
1740 3776 1864 3828 Ὅτι
1898 3776 1931 3846 ὴ
1975 3775 2073 3846 μὲν

487 3860 677 3936 πρώτη
711 3864 916 3936 εἷδησις
958 3867 1026 3920 δι’
1057 3868 1266 3933 ἑννοίας
1296 3864 1364 3938 ἦν
1409 3869 1502 3922 καὶ
1531 3867 1598 3921 δι’
1626 3868 1898 3939 ὁράσεως,
1934 3870 1968 3937 ἡ
2016 3866 2072 3920 δὲ

487 3953 717 4027 δευτέρα
742 3959 946 4025 γνῶσις
976 3960 1068 4013 καὶ
1097 3961 1305 4032 εἴδησις
1352 3961 1480 4033 περὶ
1521 3961 1772 4032 χρήσεως
1802 3963 1898 4014 καὶ
1922 3963 2073 4032 ὲνερ⁹

487 4046 665 4113 γείας.
691 4047 848 4102 υῦτω
873 4051 967 4103 καὶ
1009 4053 1067 4104 ἐν
1106 4054 1171 4122 τῇ
1215 4050 1336 4123 Θείᾳ
1364 4052 1592 4123 Γραφῇ·
1626 4052 1821 4120 Ἔγνω
1855 4053 2073 4120 Κύριος

487 4138 631 4206 τοὺς
659 4139 839 4208 ὄντας
869 4144 1079 4198 αὑτοῦ.
1142 4145 1253 4214 Οὐχ
1293 4143 1368 4207 ὡς
1412 4142 1785 4212 ἀγνοοῦντας³
1825 4144 1952 4207 τοὺς
1996 4144 2070 4224 μέ]

486 4235 674 4301 ὄντας,
716 4235 852 4290 ἀλλὰ
889 4236 951 4290 τὸ
978 4238 1205 4310 ἐναργὲς,
1249 4238 1350 4308 τῆς
1378 4237 1472 4290 τοῦ
1503 4237 1705 4308 Κυρίου
1735 4236 2073 4307 ἀντιλήψεως

488 4324 773 4396 σημαίνει·
808 4325 924 4388 καὶ,
957 4326 1280 4393 Ἀπόστητε
1305 4327 1406 4381 ἀπ’
1430 4325 1597 4396 ἐμοῦ,
1621 4331 1673 4381 οἱ
1699 4326 1939 4396 ἐργάται
1959 4324 2073 4394 τῆς

487 4417 762 4487 ἀνομίας,
792 4418 960 4472 οὔπω
988 4418 1180 4489 ἔγνων
1203 4417 1379 4488 ὑμᾶς.
1410 4414 1558 4490 Ἀρα
1593 4419 1692 4472 οὐκ
1722 4418 1837 4490 ᾔδει
1873 4419 2072 4481 αὐτοὺς

487 4508 635 4562 κατὰ
666 4509 909 4581 εἴδησινς
955 4509 1094 4562 Ἀλλ’
1126 4510 1316 4582 ἐπειδὴ
1339 4511 1438 4563 οὐκ
1462 4506 1604 4581 ἦσαν
1633 4507 1775 4574 ἄξιοι
1799 4508 1987 4575 αὐτοῦ,
2011 4510 2072 4563 τὸ

2185 3309 2327 3363 latus
2356 3307 2682 3372 accubabat,
2720 3324 2848 3363 num
2889 3324 3008 3362 eam
3054 3311 3308 3379 ignorare
3348 3309 3519 3365 David
3558 3313 3770 3393 potuit?

2185 3398 2382 3454 Verum
2417 3400 2521 3455 hoc
2554 3401 2605 3454 in
2640 3402 2761 3455 loco
2795 3399 2960 3472 769
2998 3416 3105 3455 non
3144 3402 3212 3457 de
3242 3416 3306 3457 ea
3343 3402 3655 3473 cognitione
3686 3404 3768 3457 lo-

2181 3492 2389 3561 quitur,
2436 3508 2559 3563 quae
2609 3493 2724 3548 sola
2764 3493 2932 3547 animi
2987 3494 3472 3563 comprehensione
3529 3504 3767 3564 constat,

2183 3583 2278 3638 sed
2306 3599 2427 3654 quae
2466 3585 2533 3639 ad
2578 3600 2737 3639 usum
2778 3584 3035 3641 refertur.
3073 3583 3209 3639 Nam
3243 3594 3299 3642 et
3328 3588 3469 3643 idem
3503 3588 3570 3643 de
3597 3585 3767 3653 πωροι»

2182 3686 2525 3748 usurpatur:
2556 3678 2649 3748 qui
2689 3684 2895 3747 septem
2936 3694 3110 3735 annos
3144 3694 3269 3733 cum
3314 3679 3549 3734 Rachele
3589 3688 3642 3733 et
3670 3678 3769 3734 Lia

2180 3783 2377 3840 pecora
2429 3777 2671 3841 paverat,
2711 3785 2914 3839 easque
2965 3772 3131 3842 probe
3181 3779 3528 3841 cognoverat.
3559 3771 3768 3826 Nihilo-

2180 3861 2364 3916 minus
2393 3876 2517 3915 cum
2567 3861 2635 3915 de
2689 3861 2935 3917 honestis
2976 3863 3192 3916 illorum
3233 3862 3439 3932 nuptiis
3483 3861 3766 3933 Scriptura

2180 3952 2443 4021 loquitur,
2496 3950 2782 4020 Cognovit,
2824 3954 3021 4024 inquit,
3067 3952 3221 4007 Liam
3268 3970 3485 4019 uxorem
3541 3970 3689 4009 suam
3719 3954 3763 4008 ⁸.

2180 4045 2337 4111 Quod
2373 4045 2624 4101 videlicet
2657 4048 2831 4116 prima
2862 4047 3102 4117 cognitio
3144 4047 3210 4101 ad
3254 4047 3664 4118 intelligentiam
3711 4059 3768 4102 et

2177 4135 2394 4190 videndi
2436 4152 2657 4191 sensum
2683 4177 2697 4200 ,
2754 4139 3025 4208 posterior
3070 4138 3135 4192 ad
3176 4154 3333 4193 nsum
3384 4141 3768 4210 actionemque

2179 4226 2467 4283 referatur.
2501 4227 2702 4285 Eodem
2746 4230 2908 4283 modo
2948 4240 3003 4284 et
3050 4232 3105 4285 in
3151 4232 3326 4287 sacris
3368 4231 3591 4286 Litteris
3633 4233 3768 4304 legi-

2179 4341 2343 4379 mus:
2379 4324 2633 4395 Cognovit
2675 4325 2930 4380 Dominus
2966 4329 3055 4397 qui
3087 4339 3207 4393 sunt
3241 4327 3354 4396 ejus
3374 4329 3418 4381 ’.
3463 4326 3581 4380 Non
3616 4326 3764 4397 quod

2178 4431 2274 4472 eos
2300 4416 2533 4487 ignoret,
2565 4417 2657 4486 qui
2692 4418 2776 4471 sui
2809 4433 2917 4471 non
2947 4426 3097 4481 sunt,
3129 4418 3224 4473 sed
3260 4418 3460 4473 divinae
3492 4418 3765 4487 cognitio-

2178 4508 2266 4562 nis
2314 4522 2376 4561 ac
2429 4508 2784 4576 perfectionis
2834 4511 2917 4563 vis
2967 4517 3020 4563 et
3082 4508 3370 4565 ellicacitas
3415 4509 3765 4580 exprimitur.

488 4600 795 4671 πρακτικὸν
836 4601 931 4654 ἀπ’
976 4600 1159 4655 αὐτῶν
1192 4603 1424 4672 ἀναιρεῖ.
1459 4603 1570 4656 Kal
1597 4603 1657 4655 ὲν
1690 4600 1835 4671 ἄλλῳ
1875 4601 2028 4673 τόπῳ
2053 4618 2068 4633 ·

2178 4600 2310 4653 Item
2362 4598 2496 4653 illud
2532 4618 2545 4654 :
2582 4599 2851 4662 Discedite
2897 4617 2930 4653 a
2972 4617 3084 4663 me,
3129 4600 3359 4670 operarii
3413 4600 3706 4669 iniquitatis
3743 4616 3766 4654 :

498 4692 675 4763 Ὺμᾶς
705 4694 900 4764 ἔγνων
930 4693 1000 4746 ἐκ
1033 4693 1276 4749 πάντων
1298 4691 1508 4748 ἐθνῶν.
1546 4689 1695 4763 Ἀρα
1718 4693 1828 4764 γὰρ
1851 4692 1919 4746 τά
1944 4691 2070 4763 ἔθνη

487 4782 670 4836 πάντα
693 4821 708 4846 ,
734 4782 831 4836 καὶ
854 4783 883 4835 ὁ
918 4782 1151 4853 ἀριθμὸς
1186 4782 1364 4853 πάσης
1395 4781 1819 4853 ἅνθρωπότητος
1841 4781 1949 4835 ἀπὸ
1968 4782 2072 4852 τῆς

488 4872 656 4927 αὐτοῦ
697 4872 954 4942 γνώσεως
998 4872 1460 4946 παραλέλειπται;
1489 4874 1601 4927 Kal
1627 4875 1749 4944 οὐχὶ
1776 4873 1975 4945 μᾶλλον
2013 4874 2070 4925 αἱ

487 4963 674 5033 τρίχες
701 4963 940 5036 ἑκάστης
961 4963 1205 5035 κεφαλῆς
1230 4963 1544 5036 ἀνθρώπου,
1567 4963 1675 5017 τῶν
1703 4981 1764 5017 τε
1786 4963 1937 5035 αὑτῷ
1958 4963 2074 5018 δου-

484 5056 755 5111 λευόντων
775 5059 873 5112 καὶ
894 5059 1004 5111 τῶν
1035 5058 1185 5129 αὐτῷ
1204 5057 1572 5112 ἀπειθούντων
1592 5058 1650 5110 οὐ
1675 5056 2035 5127 γινώσκονται
2055 5075 2070 5123 ;

487 5149 602 5203 Kal
633 5147 814 5215 ὀδοὺς
836 5148 947 5221 γὰρ
976 5149 1083 5215 τὰς
1120 5149 1190 5202 ἐκ
1231 5147 1447 5213 δεξιῶν
1483 5147 1645 5201 οἶδεν
1674 5151 1707 5201 ό
1738 5147 1901 5213 Θεός.
1926 5144 2074 5220 Ἀρα

488 5243 599 5315 γὰρ
634 5243 822 5311 ἀγνοεῖ
862 5241 963 5305 τὰς
1002 5242 1062 5306 ἐξ
1105 5240 1453 5313 ἀριστερῶν;
1489 5242 1599 5294 Kal
1633 5240 1773 5293 πόσα
1812 5240 1931 5294 ἐστὶ
1961 5258 2072 5296 τοι-

488 5334 630 5389 αὕτα
661 5336 837 5388 εἰπεῖν
879 5333 1008 5404 περὶ⁵
1038 5331 1298 5403 εἰδήσεως
1332 5332 1425 5384 καὶ
1454 5329 1747 5400 είδήσεως;

2179 4693 2354 4745 nescio
2385 4708 2472 4745 vos
2499 4693 2564 4746 '°.
2588 4691 2728 4746 Num
2771 4693 2917 4756 illos,
2948 4693 3092 4764 quod
3132 4693 3199 4748 ad
3222 4691 3590 4763 cognitionem
3640 4693 3776 4763 atti‘.

2178 4788 2292 4845 net,
2331 4783 2648 4838 nesciebat?
2679 4782 2783 4853 Sed
2825 4784 3109 4849 nimirum,
3136 4784 3280 4857 quod
3311 4784 3431 4854 ipso
3472 4781 3621 4849 digni
3653 4797 3766 4847 non

2179 4883 2355 4939 erant,
2386 4875 2716 4945 cognitionis
2742 4876 2888 4931 illius
2910 4875 3258 4931 ellicientiam
3289 4890 3355 4930 eo
3382 4876 3547 4930 verbo
3579 4880 3755 4929 sustu-

2178 4966 2258 5021 lit.
2298 4968 2380 5023 Ad
2415 4969 2529 5022 haec
2565 4968 2618 5023 in
2644 4970 2911 5035 alio,loco
2944 4989 2959 5025 :
3012 4969 3138 5035 Vos,
3174 4971 3369 5040 inquit,
3400 4969 3519 5022 novi
3551 4982 3616 5021 ex
3649 4983 3767 5020 om-

2176 5058 2329 5112 nibus
2375 5060 2691 5131 gentibus”.
2740 5060 2887 5131 itane
2937 5062 3099 5117 vero?
3146 5060 3408 5115 Nationes
3457 5073 3648 5113 omnes
3702 5072 3766 5112 ac

2174 5149 2345 5205 totius
2388 5150 2613 5205 humani
2667 5152 2884 5221 generis
2931 5150 3223 5206 multitudo
3267 5150 3414 5205 illius
3462 5147 3764 5220 cognitioni

2174 5240 2566 5310 subtrahetur?
2610 5224 2809 5309 Annon
2848 5259 2877 5298 e
2907 5245 3188 5298 contrario
3223 5243 3307 5297 vel
3336 5242 3539 5312 capilli,
3578 5239 3671 5311 qui
3704 5239 3763 5309 in

2172 5332 2437 5403 cujusque
2479 5332 2719 5387 hominis
2766 5333 2944 5403 capite
3000 5333 3210 5400 sunt",
3271 5344 3378 5388 tam
3439 5346 3627 5387 eorum
3668 5335 3769 5415 qui,

488 5429 594 5501 ipsi
616 5428 898 5488 serviunt,
940 5441 1104 5496 quam
1148 5426 1241 5495 qui
1290 5425 1578 5494 imperium
1637 5423 1974 5489 detrectant,’
2003 5424 2073 5479 ab
2101 5426 2294 5481 eodem
2345 5427 2440 5483 illo
2494 5425 2832 5497 noscuntur?
2899 5424 3071 5482 ltem:
3128 5423 3256 5480 Via:
3301 5441 3419 5496 quia
3476 5440 3510 5477 a
3555 5421 3770 5493 dextris,

487 5535 611 5581 sunt
665 5524 806 5577 novit
855 5522 995 5576 Deus
1030 5522 1092 5576 ¹³.
1135 5519 1274 5575 Num
1326 5521 1580 5579 sinistras
1618 5519 1865 5591 ignorat?
1915 5519 2089 5586 Quam
2118 5521 2291 5576 multa
2324 5522 2377 5576 id
2405 5522 2675 5593 genusdc
2707 5520 3081 5592 cognitionum
3135 5518 3456 5575 discrimine
3508 5531 3754 5585 comme:

490 5616 694 5672 morari
728 5615 993 5685 possunt?

538 5776 582 5831 .‘
612 5776 676 5831 F.
707 5775 906 5830 τοίνυν.
984 5776 1005 5806 ³
1042 5772 1170 5829 Cor.
1207 5773 1434 5838 ἑννοίας.
1514 5773 1534 5805 ³
1568 5771 1694 5825 Cor.
1735 5769 2074 5840 ἀγνοοῦντος.

2153 5769 2175 5803 ⁸
2202 5769 2337 5827 Gen.
2362 5771 2533 5831 ".25.
2606 5772 2627 5804 ⁸
2668 5770 2910 5833 Gou.m,
2947 5768 3000 5823 6.
3045 5768 3065 5800 ‘
3089 5766 3224 5822 Gen.
3261 5781 3334 5830 iv,
3371 5764 3420 5818 l.
3475 5764 3495 5794 ⁷
3526 5760 3591 5833 ιιι
3622 5759 3759 5833 Beg.

493 5864 536 5910 ι,
572 5830 621 5900 2
651 5830 789 5918 σαψ
838 5843 1040 5918 fGen.
1066 5860 1219 5918 ινδιξ,
1242 5845 1331 5901 3i.
1395 5830 1429 5877 ’⁸
1458 5840 1503 5899 ll
1532 5841 1675 5898 Tim.
1713 5830 1887 5909 u,'i9.
1962 5830 2075 5896 "1

2177 5881 2180 5893 .
2221 5849 2342 5907 χίιι,
2374 5830 2463 5896 27.
2544 5842 2584 5874 “
2622 5840 2779 5898 Deut.
2815 5830 2926 5908 m’,
2954 5840 3009 5894 2.
3090 5838 3132 5871 ⁸³
3162 5836 3351 5893 Matth.
3392 5851 3449 5902 κ,
3480 5832 3583 5902 50;
3620 5830 3758 5888 Luc.

486 5936 589 5988 xu,
619 5918 672 5975 ’1.
698 5914 713 5918 ’
737 5914 795 5950 ’¹³
833 5914 992 5972 Prov.
1024 5931 1097 5982 iv,
1122 5914 1212 5970 27.
