4138 6396
499 387 607 444 ΞΠ

1146 386 1513 447 ADVERbUS
1553 389 1893 449 HERESES
1929 392 2058 449 LIB.
2094 391 2111 449 1

2210 393 2365 453 ΤΟΜ.
2402 394 2540 453 ll.—
2573 396 2850 456 HERES.
2882 398 3068 455 LXIX.

3673 354 3780 456 επ

477 503 702 575 ενογενῆ
732 505 837 559 οὒκ
867 503 1175 577 ἐπληροῦτο
1202 505 1312 579 πρὸ
1337 507 1438 579 τῆς
1471 490 1737 581 ἐνσάρκου
1772 510 2096 581 παρουσίας,

2210 512 2354 568 nime
2385 514 2710 571 convenisse
2743 514 2905 581 Filio,
2939 515 3025 571 vel
3060 512 3162 585 ipsi
3197 512 3487 569 fateantur.
3517 509 3620 568 Cui
3655 527 3785 593 cum

501 597 662 651 αὐτοὶ
683 596 1115 668 ὁμολογήσουσιν
1134 612 1149 627 ⁸
1177 598 1308 652 ὅταν
1331 597 1389 651 δὲ
1417 599 1829 671 ὁμολογήσωσιν
1852 600 2096 671 ἀναγκα-

505 688 746 760 ζόμενοι,
771 688 967 744 ἔλθωσι
989 688 1047 743 δὲ
1074 690 1157 754 είς
1186 690 1258 745 τὰ
1285 691 1344 744 ἐν
1375 693 1442 764 τῇ
1471 692 1724 765 ἐνσάρκῳ
1755 692 1923 748 αὐτοῦ
1956 712 2098 767 παρ-

503 780 666 852 ουσίᾳ
706 780 1107 852 τετελειωμένα
1129 823 1146 846 ,
1198 782 1297 836 καὶ
1350 783 1626 839 ἀκούσωσι
1645 825 1660 849 ,
1695 784 1888 857 διόπερ
1937 785 2098 841 ἔλασε

506 868 692 940 σῶμα,
736 869 828 924 διὰ
858 870 1020 924 τοῦτο
1046 869 1221 925 ταῦτα
1266 871 1500 942 εὐλόγως
1534 874 1827 941 ἐπιτελεῖν,
1863 875 2100 941 ἐνδιδοὺς

508 959 951 1034 ὥσπερ-ἡνίοχος
978 962 1060 1035 τῷ
1093 964 1301 1036 ἅρματι
1346 965 1427 1028 είς
1469 965 1570 1029 τὰς
1600 965 1855 1036 εὐλόγους
1888 967 2097 1041 χρείας,

509 1053 591 1106 ὅτι
633 1051 779 1107 κατὰ
818 1053 1081 1126 ἀλήθειαν
1137 1056 1320 1128 σάρκα
1362 1056 1673 1123 ἐνεδύσατο,
1714 1060 1812 1114 καὶ
1848 1062 1909 1114 ού
1957 1061 2099 1115 κατὰ

509 1143 771 1217 δόκησιν·
810 1147 934 1202 τότε
961 1148 1236 1218 φάσκουσι
1274 1148 1350 1221 μὴ
1392 1152 1457 1204 ἐκ
1497 1150 1702 1224 σαρκὸς
1750 1148 1892 1207 εἶναι
1925 1153 2101 1208 ταῦτα

514 1237 706 1310 μόνης.

580 1421 714 1477 ΜΘ’.
758 1421 870 1476 Καὶ
890 1423 1001 1495 γὰρ
1025 1422 1106 1495 τῷ
1137 1425 1236 1495 μὲν
1267 1424 1383 1478 ὄντι
1418 1424 1540 1479 καθ’
1568 1426 1770 1497 ἐαυτὴν
1797 1425 1920 1480 οὗτε
1947 1427 2102 1499 διψη-

513 1531 617 1580 σει,
647 1513 774 1569 οὔτε
798 1515 1085 1570 κοπιάσει·
1117 1516 1221 1570 οὑκ
1249 1517 1398 1570 ίσασι
1435 1517 1494 1572 δὲ
1523 1518 1572 1572 οί
1598 1517 1698 1589 τὴν
1727 1518 1845 1572 ὁδὸν
1875 1518 2104 1574 καταλε-

510 1606 781 1673 λοιπότες,
810 1608 909 1663 καὶ
937 1608 1032 1662 ἐπὶ
1051 1607 1153 1672 τὰς
1181 1610 1431 1674 ἐναντίας
1461 1610 1686 1683 τρίϐους
1714 1610 2100 1681 ἐκτραπέντες,

509 1697 595 1750 ὄτι
635 1696 696 1751 ού
731 1697 894 1769 μόνον
923 1699 1104 1772 σάρκα
1135 1700 1164 1752 ὀ
1208 1698 1341 1763 Υἱὸς
1385 1699 1479 1753 τοῦ
1516 1698 1654 1754 Θεοῦ
1682 1699 1878 1755 ἐλαϐεν
1911 1699 2100 1767 ἐλθὼν,

508 1787 653 1844 ἀλλὰ
679 1790 776 1844 καὶ
802 1789 1005 1861 ψυχὴν,
1050 1791 1148 1845 καὶ
1178 1790 1330 1856 νοῦν,
1359 1793 1455 1847 καὶ
1481 1793 1662 1848 πάντα
1688 1791 1743 1845 εί
1760 1792 1813 1847 τί
1839 1794 1987 1848 ἐστιν
2007 1793 2104 1848 ἀν-

510 1881 774 1954 θρώποις,
806 1882 981 1955 χωρὶς
1022 1883 1323 1956 ἁμαρτίας,
1367 1884 1469 1937 ούκ
1508 1883 1618 1938 ἀπὸ
1667 1883 1984 1956 σπέρματος
2011 1885 2105 1940 ἀν·
2132 1873 2175 1929 Β

508 1974 659 2046 δρὸς,
708 1975 847 2030 ἀλλὰ
888 1976 999 2030 ἀπὸ
1055 1976 1277 2048 Μαρίας
1308 1979 1408 2048 τῆς
1460 1977 1622 2047 ἁγίας
1667 1977 1962 2050 παρθένου,
2013 1977 2105 2033 διὰ

512 2066 832 2139 Πνεύματος
870 2068 1050 2138 ἁγίου.
1086 2069 1160 2123 Ού
1198 2068 1482 2139 βούλονται
1514 2070 1532 2101 ¹
1567 2069 1966 2135 καταδέξασθαι
1998 2070 2104 2141 ψυ-

512 2161 616 2232 χὴν
649 2160 816 2215 αὐτὸν
858 2160 1143 2234 είληφέναι
1181 2161 1273 2216 διὰ
1304 2162 1397 2216 τὸν
1435 2163 1677 2217 τοιοῦτον
1723 2164 1863 2236 πρὸς
1906 2163 2107 2229 αὐτοὺς

513 2252 758 2325 ιλεγχον,
793 2253 933 2327 ὅπερ
967 2254 1116 2310 ἐστὶν
1143 2256 1530 2329 εὐχερέστερον
1555 2256 1815 2311 ἁπάντων
1843 2255 1983 2328 πρὸς
2005 2257 2105 2310 ἀν-

511 2347 720 2405 τίθεσιν
749 2349 849 2420 τῆς
869 2350 1050 2404 αὐτῶν
1083 2350 1494 2422 ματαιολογίας.
1526 2351 1700 2415 Αὐτὸς
1720 2350 1830 2423 γὰρ
1850 2349 2110 2420 ὁμολογεῖ

513 2439 720 2514 ἀληθὴς
774 2441 908 2508 Θεὸς
954 2442 1131 2513 λέγων
1173 2443 1303 2515 περὶ
1347 2442 1544 2510 αὑτοῦ,
1601 2443 1686 2497 ὅτι
1732 2441 1876 2515 Ἐγώ
1916 2445 2034 2513 ειμι
2065 2442 2105 2512 ἡ

512 2531 794 2600 ἀλήθειαν
831 2535 915 2589 ὃτι
950 2535 1016 2592 Ἠ
1053 2534 1226 2605 ψυχή
1262 2552 1386 2605 μου
1415 2534 1768 2606 τετάρακται
1787 2551 1800 2564 ·
1841 2534 1958 2602 καὶ,
1998 2537 2110 2590 Πε-

508 2626 770 2694 ρίλυπός
802 2628 976 2682 ἐστιν
1014 2629 1054 2698 ἡ
1091 2626 1265 2698 ψυχή
1284 2645 1404 2697 μου
1427 2646 1440 2659 -
1473 2629 1589 2693 καὶ,
1635 2627 1962 2692 Ἐεουσίαν
1990 2627 2109 2697 ἔχω

514 2724 706 2780 θεῖναι
728 2724 844 2794 τὴν
864 2725 1084 2795 ψυχήν
1095 2743 1240 2795 μου,
1265 2725 1368 2779 καὶ
1394 2724 1604 2780 λαϐεῖν
1624 2724 1823 2794 αὐτήν
1842 2742 1855 2756 ·
1891 2725 1986 2779 καὶ
2020 2724 2109 2777 ἵνα

513 2816 666 2891 δείξῃ
694 2816 889 2870 ἑαυτὸν
909 2816 1043 2871 Θεὸν
1073 2817 1172 2887 μὲν
1198 2811 1337 2870 εἶναι
1362 2815 1554 2887 ἔχοντα
1580 2816 1682 2887 τὴν
1709 2814 1963 2880 ἐξουσίαν
1983 2833 1997 2847 ο
2022 2817 2110 2870 ἀν-

516 2904 742 2978 θρώπου
796 2905 906 2977 γὰρ
949 2906 1053 2959 οὐκ
1099 2905 1248 2961 ἐστιν
1281 2898 1440 2970 οὗτος
1474 2908 1503 2960 ὁ
1542 2906 1722 2976 λόγος.
1770 2906 1961 2972 Οὐδεὶς
1999 2907 2108 2981 γὰρ

516 2998 632 3070 ἔχει
664 2999 915 3067 ἐξουσίαν
944 2999 1041 3053 τοῦ
1070 2998 1245 3054 θεῖναι
1272 2998 1371 3070 τὴν
1391 2999 1568 3071 ψυχὴν
1592 2999 1782 3066 αὐτοῦ,
1813 3000 1910 3053 καὶ
1923 2999 2109 3054 λαϐεῖν

517 3095 709 3165 αὐτήν.
749 3095 920 3149 Ὅταν
960 3095 1021 3148 δὲ
1080 3096 1211 3168 περὶ
1261 3095 1444 3167 ψυχῆς
1492 3096 1788 3168 διηγεῖται,
1838 3093 2109 3151 δείκνυσιν

516 3185 709 3239 ἐαυτὸν
739 3183 1013 3257 ἀληθινῶς
1042 3184 1564 3258 ἐνανθρωπήσαντα,
1600 3187 1695 3240 καὶ
1726 3185 1804 3257 μὴ
1847 3185 2070 3283 δοκήσεξ
2091 3201 2104 3215 ’
2135 3224 2178 3283 c

516 3276 613 3328 καὶ
646 3274 840 3329 πόιλιν⁸
887 3274 1031 3346 Ἐγώ
1061 3276 1178 3345 εἰμι
1208 3275 1242 3328 ὁ
1271 3274 1508 3344 Ποιμήν
1547 3278 1581 3329 ό
1618 3275 1829 3340 καλὸς,
1862 3276 1895 3328 ὁ
1927 3271 2109 3340 τιθεὶς

517 3366 637 3433 τὴν
677 3367 892 3436 ψυχὴν
928 3368 1117 3421 αὑτοῦ
1145 3366 1299 3435 ὑπὲρ
1326 3367 1446 3421 τῶν
1487 3366 1819 3435 προϐάτων.
1864 3366 1975 3420 Καὶ
2021 3366 2109 3419 ἵνα

517 3456 669 3528 δείξῃ
700 3455 935 3528 ἀληθινὰ
955 3455 1135 3511 ταῦτα
1163 3457 1315 3521 ὄντα,
1340 3456 1434 3509 ἐπὶ
1461 3456 1556 3510 τοῦ
1585 3454 1822 3529 σταυροῦ
1851 3455 2005 3525 ἔλεγε
2031 3454 2111 3527 τῷ

519 3548 696 3619 Πατρί
716 3565 730 3579 ο
782 3550 890 3615 Εἰς
938 3547 1143 3620 χεῖράς
1184 3562 1302 3603 σου
1345 3548 1710 3618 παρατίθημι
1751 3546 1822 3603 τὸ
1871 3546 2113 3617 πνεῦμά

514 3656 659 3709 μου.
684 3637 812 3699 Καὶ,
832 3640 1191 3703 Ἐλθόντων,
1214 3640 1368 3709 φησὶ,
1383 3638 1503 3694 τῶν
1519 3637 1916 3707 στρατιωτῶν,
1931 3634 2113 3707 εὗρον

521 3731 711 3786 αὐτὸν
742 3730 859 3800 ἤδη
891 3732 1348 3786 ἐκπεπνευκότα
1366 3748 1379 3762 ’
1414 3732 1507 3785 καὶ
1534 3730 1718 3795 πάλιν,
1748 3729 1859 3787 Kal
1886 3729 2112 3800 κράξας

521 3821 695 3891 φωνῇ
713 3822 950 3893 μεγάλῃ
972 3819 1142 3877 εἶπεν
1156 3840 1169 3854 ⁸
1190 3822 1341 3886 Ἠλὶ,
1379 3822 1532 3887 Ἠλὶ,
1556 3821 1718 3891 λαμᾱ
1736 3822 2106 3892 σαϐαχθανίλ·

523 3914 820 3982 τουτέστι,
876 3917 983 3971 Θεέ
1016 3935 1171 3986 μου,
1234 3915 1342 3969 Θεέ
1376 3932 1518 3985 μου,
1551 3915 1652 3968 ἵνα
1679 3914 1739 3968 τί
1784 3932 1861 3985 με
1902 3915 2115 3984 ἐγκατ-

523 4006 773 4072 έλιπες;
810 4007 886 4071 ὡς
924 4008 1023 4080 ἤδη
1067 4009 1158 4062 καὶ
1185 4006 1389 4078 ταύτην
1429 4006 1527 4077 τὴν
1558 4006 1789 4077 δύναμιν
1826 4006 1921 4059 τοῦ
1953 4005 2111 4076 λόγου

525 4099 870 4171 ἐφράσαμεν.
911 4101 1021 4154 Kal
1085 4100 1442 4166 ἐξέπνευσε,
1477 4099 1612 4170 φησὶ
1648 4099 1711 4151 τὸ
1755 4098 2111 4167 Εὑαγγέλιον.

526 4192 602 4245 Τὸ
636 4192 713 4256 δὲ,
744 4192 1101 4258 ἐξέπνευσε,
1133 4195 1247 4257 καὶ,
1280 4196 1369 4258 εὶς
1397 4191 1601 4262 χεῖράς
1632 4205 1772 4257 σου,
1817 4191 1914 4245 καὶ
1946 4189 2028 4258 τὸ,
2073 4192 2113 4260 ἡ

524 4282 699 4351 ψυχή
740 4301 862 4352 μου
916 4282 1302 4351 τετάρακται,
1351 4281 1448 4335 καὶ
1493 4280 1564 4334 τὰ
1604 4280 1740 4335 ἄλλα
1788 4280 1967 4336 πάντα
2012 4279 2115 4350 τῆς

527 4373 790 4445 ἀληθείας
832 4374 1121 4445 λεγούσης,
1158 4375 1242 4438 τίς
1288 4373 1498 4445 ἠλίθιος
1537 4375 1625 4444 εἴη
1670 4371 1965 4443 πεισθῆναι
2013 4372 2114 4443 μὲν

525 4466 754 4538 τοιούτῳ
790 4469 1143 4540 ἐργαστηρίῳ
1178 4465 1488 4540 ἀνθρώπων
1537 4465 1966 4538 μυωπαξόντων,
2019 4466 2115 4519 καὶ

2203 606 2370 659 etiam
2410 605 2569 661 inviti
2597 607 2955 672 assenserint,
2987 614 3042 662 et
3079 607 3147 662 ad
3181 621 3244 662 ea
3279 606 3625 676 pervenerint
3657 620 3780 675 qua:

2205 705 2462 769 suscepta
2479 697 2590 768 jam
2617 712 2784 753 carne
2814 699 2870 752 in
2900 714 2968 754 eo
2990 696 3236 771 perfecta
3264 697 3557 760 dicuntur;
3589 699 3780 755 audie-

2203 789 2317 843 rint
2359 803 2489 844 vero
2528 796 2749 859 pr0pter
2802 798 3117 860 susceptum
3167 789 3236 844 ab
3282 789 3376 844 illo
3407 804 3628 861 corpus,
3668 789 3786 845 hac
3848 781 3863 822 ³

2202 881 2400 936 merito
2422 896 2487 936 ac
2513 882 2842 951 justissimis
2872 882 2940 938 de
2977 881 3163 938 causis
3191 883 3535 938 necessarios
3564 883 3629 938 ad
3660 883 3786 939 vitae

2205 987 2338 1027 usus
2366 973 2436 1029 ab
2463 974 2558 1028 illo
2596 973 2889 1044 permissa,
2920 974 3385 1045 quemadmodum
3429 973 3621 1045 auriga
3664 989 3785 1033 mo-

2202 1065 2386 1120 derari
2418 1080 2642 1120 currunt
2674 1068 2849 1133 solet;
2880 1066 3328 1138 quandoquidem
3366 1082 3475 1123 non
3507 1068 3626 1123 sola
3654 1082 3782 1138 spe—

2203 1156 2308 1219 cie,
2342 1156 2439 1212 sed
2461 1171 2653 1212 revera
2681 1171 2903 1215 carnem
2935 1158 3094 1230 771
3131 1158 3344 1228 induit;
3379 1159 3495 1216 haec
3519 1175 3645 1216 cum
3675 1160 3782 1215 illis

2204 1247 2564 1318 objiciuntur,
2594 1256 2796 1321 negant
2823 1264 2892 1304 ex
2921 1249 3038 1306 sola
3064 1265 3234 1309 carne
3256 1251 3533 1323 proﬁcisci
3558 1252 3649 1306 illa
3680 1266 3783 1323 po-

2204 1340 2398 1395 tuisse.

2275 1428 2463 1485 XLIX.
2490 1429 2557 1485 Et
2577 1446 2709 1487 vero
2725 1446 2823 1503 per
2845 1432 3087 1505 seipsam
3110 1433 3227 1489 sola
3249 1447 3379 1489 caro
3402 1446 3580 1505 neque
3607 1430 3783 1497 sitire,

2204 1538 2385 1595 neque
2415 1524 2633 1597 fatigari
2665 1526 2901 1597 poterit;
2943 1526 3039 1584 sed
3068 1528 3175 1582 hoc
3204 1526 3319 1587 isti.
3350 1526 3443 1598 qui
3474 1526 3668 1581 relicta
3696 1526 3786 1581 via

2205 1617 2516 1675 contrarias
2550 1619 2617 1674 ad
2649 1619 2876 1676 semitas
2911 1618 3275 1686 deﬂexerunt,
3309 1621 3566 1693 ignorare
3593 1618 3787 1676 viden-

2205 1716 2318 1775 tur,
2352 1708 2450 1766 Dei
2472 1709 2670 1767 Filium
2702 1726 2815 1768 non
2844 1713 3010 1772 modo
3040 1728 3290 1778 carnem,
3318 1714 3413 1770 sed
3437 1720 3492 1770 et
3520 1714 3782 1778 animam,

2204 1812 2260 1860 et
2288 1810 2548 1870 mentem,
2578 1816 2742 1875 atque
2764 1805 2951 1862 omnia
2978 1806 3221 1878 denique
3247 1821 3371 1877 quae
3391 1814 3521 1863 sunt
3547 1805 3786 1863 hominis

2205 1896 2450 1966 propria,
2483 1896 2818 1968 suscepisse,
2848 1905 3049 1971 preter
3068 1905 3395 1971 peccatum;
3423 1914 3604 1971 neque
3628 1899 3734 1955 hoc
3754 1914 3787 1955 e

2206 1984 2352 2041 virili
2391 1987 2624 2052 semine,
2662 1988 2758 2045 sed
2800 2004 2869 2046 ex
2903 1988 3130 2061 Virgine
3162 1989 3354 2057 Maria,
3390 2005 3488 2060 per
3517 1989 3787 2062 Spiritum

2207 2085 2482 2136 sanctum.
2505 2078 2576 2134 At
2605 2080 2698 2137 isti
2722 2089 2928 2153 negant
2945 2082 3182 2138 animam
3213 2082 3365 2137 illum
3394 2082 3785 2153 assumpsisse,

2206 2186 2317 2241 quo
2353 2171 2503 2228 illius
2552 2174 2862 2244 argumenti
2899 2174 3010 2229 vim
3054 2174 3338 2247 eﬂugiant,
3378 2175 3528 2248 quod
3561 2176 3631 2231 ad
3663 2176 3789 2231 illo-

2208 2276 2329 2316 rum
2360 2263 2581 2317 inanem
2626 2263 3113 2345 comprimendam.
3136 2266 3529 2336 loquacitatem
3573 2267 3790 2323 caeteris

2207 2352 2467 2411 omnibus
2489 2353 2800 2425 promptius
2819 2363 2906 2411 est
2925 2372 2991 2412 ac
3015 2355 3253 2414 facilius.
3281 2357 3358 2415 De
3382 2358 3567 2429 seipso
3587 2359 3792 2430 quippe

2206 2459 2373 2501 verus
2402 2446 2520 2517 ipse
2551 2448 2880 2528 testiﬁcatus
2928 2456 3013 2505 est
3052 2447 3221 2517 Deus,
3269 2450 3365 2521 qui
3409 2451 3699 2508 veritatem
3731 2466 3793 2506 se

2207 2551 2332 2592 esse
2361 2536 2525 2603 dixit,
2564 2538 2673 2594 hoc
2705 2539 2887 2611 ipsum
2935 2540 3084 2611 quod
3131 2540 3393 2604 dicimus,
3435 2541 3524 2598 his
3560 2542 3788 2599 verbis:

2208 2626 2407 2683 Anima
2464 2645 2583 2684 mea
2634 2630 2851 2686 turbata
2887 2631 3034 2698 est’;
3081 2641 3183 2687 et:
3219 2630 3414 2687 Tristis
3468 2641 3549 2687 est
3609 2633 3796 2687 anima

2209 2719 2363 2775 mea‘
2377 2738 2395 2785 ;
2419 2728 2508 2777 et:
2538 2720 2864 2777 Potestatem
2892 2721 3059 2778 habeo
3079 2723 3306 2792 ponendi
3334 2724 3573 2778 animam
3591 2740 3791 2789 meam,

2208 2823 2259 2867 et
2285 2812 2527 2867 sumendi
2557 2814 2735 2881 eam“;
2769 2824 2831 2869 ut
2878 2823 2935 2870 et
2975 2815 3217 2886 seipsum
3256 2814 3424 2872 Deum
3468 2831 3596 2873 esse
3635 2830 3793 2873 mon-

2210 2910 2434 2970 straret,
2472 2919 2642 2975 penes
2672 2920 2835 2975 quem
2868 2905 3183 2961 istiusmodi
3216 2907 3289 2961 sit
3319 2914 3585 2978 potesms.
3617 2906 3794 2964 Usur—

2210 2994 2326 3064 pari
2385 2996 2531 3049 enim
2585 2995 2702 3051 haec
2752 2995 2821 3050 ab
2872 2995 3095 3052 homine
3151 3011 3261 3052 non
3320 3009 3557 3069 possunt
3600 3018 3614 3053 :
3662 2999 3794 3070 quia

2211 3101 2372 3142 nemo
2414 3096 2519 3152 est,
2566 3088 2660 3157 qui
2709 3087 2976 3159 ponendae
3027 3087 3225 3144 animae
3289 3104 3423 3154 suae,
3482 3089 3795 3161 iterumque

2212 3180 2492 3234 sumendae
2536 3177 2853 3234 facultatem
2910 3180 3130 3235 habeat.
3181 3181 3249 3234 At
3303 3196 3429 3239 cum
3485 3180 3554 3238 de
3610 3184 3794 3237 anima

2210 3269 2469 3340 loquitur,
2517 3270 2794 3327 hominem
2838 3287 2900 3327 se
2954 3288 3177 3339 revera,
3208 3287 3321 3329 non
3371 3274 3489 3328 sola
3533 3273 3796 3344 Opinione

2212 3362 2417 3418 factum
2466 3364 2728 3419 ostendit.
2774 3364 2904 3420 Item
2957 3383 2969 3418 :
3023 3363 3134 3436 Ego
3172 3381 3291 3420 sum
3346 3364 3546 3420 Pastor
3603 3365 3792 3431 bonus,

2211 3453 2301 3524 qui
2346 3455 2583 3508 animam
2636 3470 2787 3510 suam
2837 3455 2986 3524 ponit
3028 3469 3124 3524 pro
3171 3453 3353 3510 ovibus
3405 3455 3518 3511 suis
3544 3451 3585 3509 ⁸.
3614 3454 3795 3525 Atque

2213 3554 2273 3601 ut
2315 3545 2432 3601 haec
2482 3547 2698 3602 veritati
2746 3562 2870 3604 esse
2929 3555 3306 3604 consentanea
3354 3547 3685 3615 declararet,
3735 3547 3796 3602 in

2212 3653 2381 3693 cruce
2427 3653 2728 3710 suspensus
2766 3640 2839 3693 ita
2869 3638 3085 3695 Patrem
3129 3640 3463 3710 alloquitur:
3490 3637 3557 3692 In
3604 3654 3795 3695 manu

2215 3741 2334 3785 tuas
2368 3731 2674 3786 commenda
2702 3733 2952 3802 spiritum
2988 3734 3219 3799 meum”.
3260 3730 3329 3786 Et
3365 3748 3483 3785 cum
3512 3732 3815 3796 venissent,.

2215 3823 2414 3893 inquit,
2436 3824 2648 3887 milites,
2678 3825 2982 3879 invenerunt
3004 3826 3125 3894 jam
3146 3825 3299 3879 illum
3323 3827 3624 3894 exspirasse
3639 3824 3685 3877 ⁸.
3709 3824 3796 3879 Ad

2215 3913 2330 3966 haec
2358 3933 2370 3966 :
2406 3912 2477 3967 Et
2508 3915 2838 3980 exclamans,
2863 3914 3062 3985 inquit,
3096 3931 3216 3968 voce
3244 3931 3441 3985 magna
3478 3915 3615 3967 dixit
3638 3928 3656 3966 :
3683 3912 3795 3978 Eli,

2216 4002 2326 4067 Eli,
2367 4004 2511 4059 tanta
2557 4005 2894 4061 sabacthani.
2945 4005 3062 4062 Hoc
3109 4017 3209 4071 est,
3254 4006 3405 4061 Deus.
3446 4023 3614 4070 meus,
3657 4004 3821 4060 Deus.

2215 4113 2384 4160 meus,
2408 4114 2570 4168 quare
2598 4115 2679 4153 me
2708 4093 3104 4171 dereliquisti’?
3138 4098 3312 4171 Cujus
3337 4099 3554 4170 quidem
3584 4100 3796 4155 oratio-

2216 4190 2304 4244 nis
2342 4189 2453 4244 vim
2483 4190 2596 4260 jam
2645 4198 2774 4246 ante
2818 4192 3251 4247 declaravimus..
3280 4190 3347 4246 Et
3379 4192 3691 4261 aspiravit,
3721 4193 3827 4247 ino.

2217 4281 2336 4351 quit
2362 4280 2718 4353 Evangelium
2743 4283 2808 4338 ¹⁰.
2829 4283 2962 4350 Quae
2990 4299 3116 4338 cum
3150 4284 3227 4338 ita
3260 4284 3373 4339 sint
3393 4324 3409 4349 ,
3430 4292 3488 4340 et
3521 4283 3799 4354 ejusmodi

2216 4388 2400 4439 voces,
2435 4375 2748 4442 exspiravit,
2781 4385 2836 4430 et
2874 4377 2929 4429 in
2957 4391 3144 4430 manus
3186 4384 3328 4439 tuas,
3367 4384 3497 4441 etc.,
3527 4384 3583 4430 et
3616 4375 3799 4429 anima

2217 4482 2335 4519 mea
2368 4466 2583 4520 turbata
2625 4477 2726 4531 est,
2773 4482 2839 4521 ac
2885 4476 3111 4523 caeteras
3142 4468 3194 4522 id
3226 4483 3400 4538 genus
3424 4467 3554 4537 ipsa
3597 4467 3797 4522 veritas

525 4559 1090 4632 ὀνειροπολουμένων,
1138 4561 1235 4613 καὶ
1280 4558 1605 4630 καταλείψαι
1653 4559 1824 4622 αὑτὰς
1870 4557 1971 4622 τὰς
2017 4555 2111 4610 τοῦ

2222 4565 2473 4629 usurpet,
2518 4559 2643 4629 quis
2683 4560 2820 4615 adeo
2859 4561 3064 4616 stultus
3094 4568 3201 4625 est,
3243 4560 3372 4614 huic
3407 4568 3467 4614 ut
3505 4559 3801 4614 ementien-

526 4651 665 4706 Θεοῦ
692 4653 869 4723 Λόγου
904 4653 1159 4722 εὐλόγους
1187 4654 1375 4725 ῥήσεις
1404 4653 1503 4724 τῆς
1536 4650 1828 4721 ἀληθείας;

2224 4650 2380 4716 tium,
2415 4666 2480 4707 ac
2527 4653 2919 4708 somniantium
2974 4654 3259 4708 hominum
3304 4653 3583 4723 ergastulo
3637 4651 3800 4707 (idem

529 4746 790 4802 adhibere
814 4745 964 4807 velit,
993 4761 1058 4801 ac
1078 4745 1325 4801 veritatis
1349 4760 1513 4800 voces
1542 4745 1691 4816 ipsas
1718 4760 1749 4799 a
1776 4744 1965 4801 divino
1986 4742 2167 4799 Verbo
2189 4745 2597 4817 pronuntiatus,
2620 4747 2931 4818 rationique
2952 4754 3354 4805 consentaneas
3379 4747 3731 4816 relinquere?

600 4835 685 4888 N’.
740 4833 900 4888 Ἀλλὰ
938 4833 1122 4888 λοιπὸν
1150 4834 1561 4906 λεξιθηροῦντες
1590 4834 1660 4889 τὰ
1690 4834 1872 4899 καλῶς
1909 4835 2004 4890 καὶ
2027 4837 2110 4906 ὀρ·

2300 4836 2361 4892 L.
2399 4836 2642 4909 Pergunt
2673 4840 2729 4893 in
2756 4840 3101 4910 aucupandis
3132 4839 3381 4919 vocibus,
3417 4854 3539 4908 quae
3567 4845 3714 4893 recte
3735 4852 3801 4891 ac

531 4927 640 4991 θῶς
665 4927 933 5000 είρημένα
968 4926 1077 4981 ἀπὸ
1103 4928 1342 4998 ἐκάστης
1368 4926 1615 4999 Γραφῆς,
1645 4926 1802 4998 δίκην
1843 4933 2111 5001 πειρατῶι

2224 4929 2487 4999 praeclare
2531 4930 2586 4984 in
2630 4944 2962 5009 unoquoque
3000 4929 3301 5001 Scriptum
3342 4931 3486 4987 libro
3521 4936 3803 4998 conceptae

532 5019 745 5092 ἀνδρῶν
800 5021 1033 5092 σώματα
1076 5022 1203 5092 ὑγιῆ
1242 5020 1791 5093 ἁκρωτηριαξόντων,
1841 5027 2111 5099 μαρτυρίᾳ

2219 5028 2368 5075 sum.
2403 5018 2461 5075 lu
2490 5035 2600 5091 quo
2648 5021 2855 5092 piratas
2904 5023 3214 5090 imitantur,
3264 5022 3360 5094 qui
3397 5037 3535 5078 sana
3566 5035 3815 5092 corpora.

532 5114 641 5168 τινὶ
679 5113 999 5185 κέχρηνται,
1102 5113 1509 5185 τροπικώτερον
1557 5114 1819 5180 πολλάκις
1859 5118 1893 5187 ἡ
1926 5118 2120 5193 Γραφὴ

533 5208 851 5280 κεχρημένη
883 5208 1172 5279 διηγεῖται.
1212 5209 1323 5261 Καὶ
1349 5208 1409 5261 τὸ
1447 5207 1548 5279 μὲν
1578 5208 1855 5279 τροπικῶς
1896 5211 2122 5284 είρημέ-

534 5287 624 5354 νόν
656 5299 884 5372 ἀλήθεια
909 5301 1096 5373 φέρειν
1118 5300 1276 5355 εἴωθε
1305 5303 1359 5333 ’θ
1392 5302 1454 5355 τὸ
1492 5302 1551 5355 δὲ
1579 5303 1778 5374 ἀληθὲς
1810 5303 1906 5357 καὶ
1939 5304 2121 5376 ἀπαρ-

2221 5113 2494 5167 mutilant.
2525 5111 2607 5166 lta
2656 5113 2734 5167 illi
2772 5113 3089 5170 testimonio
3125 5115 3364 5186 quodam
3401 5115 3707 5173 abutuntur
3734 5126 3801 5168 ac

2220 5204 2482 5274 loquendi
2507 5205 2927 5270 consuetudine,
2961 5221 3129 5276 quam
3158 5207 3373 5276 tropice
3400 5207 3601 5277 saepius
3633 5222 3801 5262 usur-
3861 5198 3872 5277 ζ

2224 5312 2355 5367 pare
2387 5295 2674 5369 Scriptura
2690 5292 3012 5354 consuevit.
3048 5297 3114 5353 Et
3144 5299 3366 5369 quidem
3395 5298 3541 5369 quod
3575 5299 3645 5354 ad
3672 5313 3802 5354 eum
3872 5330 3881 5335 κ

534 5393 796 5464 εμφάτως
834 5392 945 5465 (97)
997 5394 1410 5466 κεκηρυγμένον
1467 5397 1547 5459 εἰς
1586 5395 1773 5468 ἕτερον
1830 5395 2111 5468 πρόσωποι

2224 5389 2452 5445 modum
2492 5389 2704 5459 tropice
2732 5388 2940 5445 dictum
2968 5397 3077 5453 est,
3106 5397 3371 5461 tanquam
3395 5406 3523 5446 vere
3555 5391 3803 5462 proprie-

611 5554 625 5584 ¹
661 5550 724 5606 F.
757 5551 836 5606 δέ.
916 5549 1034 5635 ξιξ.
1063 5550 1292 5635 ἀληθείᾳ
1322 5569 1446 5622 φερ.
1491 5550 1774 5635 είιὲιθαςι;.
1808 5549 2022 5635 fJJoan.
2058 5568 2110 5605 χι

2210 5549 2286 5635 ιι.
2321 5547 2608 5635 n‘_l_llatth.
2644 5561 2796 5635 n33,
2827 5547 2916 5603 '53.
2991 5548 3012 5579 ο
3038 5544 3398 5635 Joan.x,18.
3493 5548 3514 5579 ι
3543 5547 3676 5602 ibid.
3710 5549 3799 5606 ιι.

536 5621 560 5660 ¹
587 5622 723 5678 Luc.
751 5638 912 5691 uin,
942 5621 1032 5677 46.
1108 5622 1130 5653 ⁸
1161 5621 1320 5677 Joau.
1358 5621 1471 5686 xix,
1509 5623 1597 5676 Ξῖ).

614 5807 726 5875 (97)
766 5806 836 5862 Τὸ
866 5806 936 5861 δὲ
959 5805 1206 5874 ἀληθὲς.
1229 5804 1326 5859 καί
1350 5802 1803 5874 ἀπαρεμφάτως.
1841 5802 1970 5874 Leg.
1991 5802 2125 5872 ἁλη-

541 5875 672 5944 θῶς.
714 5876 888 5934 Porro
913 5877 1330 5948 ἀπαρεμφάτως
1354 5875 1498 5932 idem
1525 5884 1609 5932 est
1629 5891 1691 5931 ac
1724 5875 1979 5946 simplici,
2006 5888 2115 5929 non

1674 5623 1694 5654 ’
1725 5622 1915 5676 Matth.
1957 5638 2127 5687 xxv",
2154 5620 2240 5677 46.
2321 5621 2369 5652 '°
2389 5619 2556 5674 Marc.
2589 5634 2677 5685 xv,
2708 5616 2795 5672 57-.

2234 5801 2527 5872 allegorico
2565 5815 2754 5871 sensu,
2799 5799 2892 5858 sed
2935 5798 3172 5872 proprie.
3209 5807 3262 5857 et
3303 5800 3422 5857 sine
3461 5799 3688 5857 alterius
3721 5799 3803 5856 rei

2226 5871 2643 5944 signiﬁcatione.
