4138 6396
445 282 546 336 2Τ9

1833 303 1890 358 S.
1930 303 2273 361 EPIPIIANII

3591 315 3696 370 280

443 415 550 468 que
583 397 790 453 dictum
825 403 984 474 ’172
1016 406 1209 462 all'erre
1234 409 1430 466 solent.
1462 413 1620 480 Quod
1666 427 1848 474 autem
1869 437 1990 476 vere

2121 422 2536 494 ἀλληγοροῦσιν.
2569 419 2745 487 Εὐθίῖς
2779 425 2887 495 γὰρ
2918 423 3266 494 ἀναπηδῶσιν
3289 424 3395 478 ἀπὸ
3417 425 3509 478 τοῦ
3539 427 3694 496 ἁγίου

441 495 495 542 ει
529 489 852 560 simpliciter
875 499 1283 564 pronuntiatum
1309 511 1413 566 est,
1440 506 1600 559 aliam
1626 508 1692 561 ad
1723 525 2014 579 personam

441 597 540 651 per
571 584 884 655 allegoriam
917 591 1157 644 trahunt.
1181 591 1281 647 I~Iic
1307 595 1450 649 enim
1477 607 1775 653 accurrunt
1805 603 2010 667 statim,

439 679 494 726 et
529 689 594 727 ex
625 675 762 730 Isaia
803 683 1128 736 sententiam
1159 685 1431 753 ejusmodi
1469 690 1778 758 proferunt,
1819 693 1874 748 in
1906 712 2014 768 qua

439 764 521 818 sic
549 763 712 822 Pater
739 769 966 839 IOqucns
991 773 1397 834 introducitur:
1431 779 1563 835 Ecce
1595 783 1848 855 intelliget
1882 763 2013 856 puer

437 870 582 908 meus
617 855 862 918 dilectus,
897 863 951 914 in
975 880 1075 932 quo
1105 865 1233 920 mihi
1257 865 1460 937 placui,
1501 889 1652 942 quem
1683 875 1861 948 diligit
1884 855 2012 931 rani-

435 964 523 1002 ma
563 965 678 1003 mea
706 953 744 1003 ³.
804 952 934 1018 Quae
964 955 1180 1024 quidem
1213 974 1278 1014 ex
1313 960 1493 1018 Patris
1540 980 1772 1034 persona
1816 969 2012 1024 dicun-

435 1049 544 1101 tur,
565 1055 666 1093 nec
690 1041 755 1096 de
776 1058 837 1095 ea
865 1059 921 1098 re
946 1044 1305 1104 dubitandum
1340 1059 1442 1106 est.
1472 1041 1614 1119 Quid
1647 1057 1844 1128 igitur?
1869 1059 2006 1114 Num

432 1130 592 1184 etiam
623 1130 782 1187 Pater
813 1137 1049 1191 animam
1091 1142 1377 1211 suscepit?
1406 1143 1887 1216 Respondentibus
1910 1168 2007 1208 no-

431 1220 537 1284 bis,
581 1224 805 1280 minime
851 1227 902 1280 id
934 1229 1178 1298 quidem.
1235 1233 1445 1304 Ecquid
1497 1238 1685 1308 igitur,
1725 1241 2004 1312 inquiunt,

433 1313 580 1367 aliud
611 1324 712 1380 est,
742 1318 850 1372 nisi
882 1321 1030 1390 quod
1078 1325 1286 1394 tropice
1313 1326 1420 1382 ista
1445 1328 1742 1388 dicuntur?
1775 1333 2007 1391 Perinde

434 1404 618 1474 itaque
645 1415 699 1461 et
741 1423 770 1461 a
809 1407 948 1465 Filio
979 1416 1192 1483 trepice
1221 1426 1350 1471 sunt
1387 1418 1476 1472 illa
1516 1421 1683 1476 dicta.
1717 1423 1790 1476 Ita
1815 1440 1876 1478 ex
1907 1427 2006 1479 hu-

424 1495 521 1564 jus
551 1499 843 1556 occasione
873 1503 978 1556 loci
1007 1521 1262 1576 magnum
1299 1523 1356 1562 se
1385 1519 1575 1566 contra
1601 1515 1882 1569 veritatem
1913 1533 2004 1571 ar-

429 1597 747 1656 gumentum
798 1603 989 1649 nactos
1043 1597 1420 1654 arbitrantur:
1451 1602 1596 1670 quod
1644 1604 1776 1672 ipsis
1821 1613 2001 1662 tamen

428 1693 770 1749 nequaquam
799 1682 1072 1741 dabimus.
1105 1686 1318 1758 Quippe
1345 1693 1546 1746 veritas
1576 1691 1682 1746 fuci
1707 1709 1770 1748 ac
1797 1697 2001 1751 lenoci-

2129 514 2348 568 Ἡσαΐου
2379 516 2636 585 φέροντες
2656 515 2833 586 ῥῆσιν,
2859 517 2939 568 ὅτι
2959 517 3023 569 ὲκ
3047 517 3336 588 προσώπου
3361 517 3455 570 τοῦ
3485 519 3696 588 Πατρδς

2130 607 2365 678 εἴρηται,
2397 607 2477 660 ὅτι
2520 607 2672 662 Ἰδοὺ
2717 609 2976 676 συνήσει
3004 611 3036 662 ό
3085 608 3227 672 παῖς
3249 627 3368 678 μου
3398 613 3430 662 o'
3469 610 3690 678 ἀγαπηο

2115 699 2239 766 τὸς,
2270 701 2342 766 ἐρ
2360 701 2372 720 ‘
2397 699 2468 752 ὃν
2496 701 2824 768 εὐδόκησα,
2855 699 2926 752 ὃν
2953 699 3272 768 ἠγάπησεν
3296 703 3334 769 ἡ
3361 698 3531 769 ψυχή
3551 719 3686 770 μου.

2132 789 2218 852 Ὠς
2251 789 2343 842 τοῦ
2380 790 2594 858 Πατρὸς
2635 784 2774 844 εἶναι
2816 789 3020 862 ταύτην
3067 792 3168 860 τὴν
3226 791 3402 857 λέξιν·
3429 793 3524 844 καὶ⁸
3575 793 3687 863 γὰρ

2112 881 2328 950 ἀληθές.
2359 879 2480 944 Πῶς
2502 877 2595 934 οὖν
2628 883 2720 934 καὶ
2749 885 2777 934 6
2803 883 3014 953 Πατὴρ,
3045 883 3198 953 φησι,
3227 883 3405 952 ψυχὴν
3431 881 3685 952 είληφενς

2124 972 2250 1024 Ἐὰν
2289 972 2344 1023 δὲ
2392 972 2655 1042 εἴπωμεν,
2686 973 2766 1025 ὅτι
2820 974 2892 1044 μὴ
2933 973 3173 1042 γένοιτοί
3225 973 3288 1025 Τί
3334 970 3447 1038 οὖν,
3498 975 3685 1043 φησιν,

2110 1061 2224 1114 ἀλλ’
2256 1063 2337 1114 ὅτι
2365 1062 2770 1134 τροπικώτερον
2805 1063 3056 1135 simul;
3091 1065 3232 1136 Ἄρα
3270 1060 3386 1132 οὖν,
3415 1065 3566 1134 φασὶ,
3597 1065 3690 1118 καὶ

2109 1155 2168 1207 τὸ
2202 1155 2308 1209 ἀπὸ
2353 1155 2447 1208 τοῦ
2485 1155 2616 1208 Υίοῦ
2655 1157 2944 1228 εἰρημένον
2993 1157 3398 1228 τροπικώτερον
3451 1159 3684 1230 εἴρηται.

2109 1243 2218 1296 Καὶ
2237 1243 2544 1312 νομίζουσιν
2574 1248 2630 1298 ἐν
2647 1245 2820 1317 τούτῳ
2845 1245 2985 1300 κατὰ
3007 1247 3105 1318 τῆς
3128 1247 3389 1320 ἀληθείας
3411 1249 3689 1319 εὑρίσκειν

2109 1333 2381 1404 θηρᾶσθαι
2449 1337 2758 1408 πρόφασιν’
2819 1339 2957 1410 ὅπερ
3029 1339 3214 1402 αὺτοῖς
3274 1339 3336 1391 οὐ
3379 1339 3684 1410 δοθήσεται.

2120 1427 2558 1492 Ἀκαλλώπιστος
2603 1431 2712 1502 γὰρ
2761 1425 2895 1484 οὖσα
2935 1433 2968 1499 ἡ
3015 1430 3280 1500 ἀλήθεια,
3327 1431 3450 1484 καθ’
3489 1432 3689 1503 ἑαυτὴν

2107 1517 2332 1587 ἔστηκε,
2373 1520 2509 1590 μήτε
2539 1521 2851 1592 ἡττωμένη,
2885 1524 3021 1591 μήτε
3053 1521 3443 1592 καλλωπισμοῦ
3477 1523 3684 1577 ἐπιδεο-

2109 1609 2264 1680 μένη.
2301 1609 2530 1680 Ἴδωμεν
2555 1611 2664 1680 γὰρ
2702 1610 2811 1662 τῶν
2845 1611 3170 1682 ἀμφοτέρων
3203 1613 3298 1684 τὴν
3335 1612 3584 1684 δύναμιν.
3621 1617 3685 1668 EE

2108 1701 2206 1770 μὲν
2235 1701 2341 1773 γὰρ
2383 1705 2410 1754 6
2439 1703 2629 1773 Πατὴρ
2651 1698 2812 1773 ἦλθεν
2840 1706 2919 1766 εἰς
2956 1702 3134 1773 σῶμα,
3171 1705 3263 1756 καὶ
3297 1707 3478 1776 σάρκα
3503 1707 3682 1759 ἐνεδύ-

427 1767 502 1820 ιιίί
543 1771 722 1825 omnis
751 1787 946 1842 expers
979 1791 1073 1844 per
1107 1779 1342 1847 seipsam
1372 1791 1510 1848 stat;
1557 1800 1732 1854 neque
1777 1799 1870 1840 aut
1903 1807 1990 1844 su-

2103 1809 2255 1856 σατο,
2297 1794 2389 1845 καὶ
2413 1793 2604 1864 εἴρηκε
2644 1795 2735 1846 τὸν
2773 1795 2929 1862 λόγον
2959 1795 3171 1858 τοῦτον,
3209 1796 3478 1866 ἀληθινῶς
3507 1798 3684 1868 ψυχὴν

426 1863 604 1929 perari
641 1872 842 1932 potest,
891 1875 986 1921 aut
1020 1871 1360 1939 exquisitum
1406 1877 1696 1944 quemdam
1742 1889 1998 1936 ornatum

425 1949 721 2006 desiderat.
767 1953 1062 2013 Videamus
1111 1975 1276 2028 porro
1309 1979 1431 2031 qua:
1479 1965 1548 2019 sit
1596 1967 1881 2023 amborum
1916 1972 1998 2026 vis

425 2055 490 2094 ac
529 2051 793 2110 potestas.
838 2043 976 2099 Nam
1021 2049 1067 2102 si
1101 2050 1267 2104 Pater
1295 2052 1362 2105 ad
1395 2068 1598 2124 corpus
1627 2057 1994 2125 descenderit,

423 2142 477 2186 et
497 2150 717 2192 carnem
745 2139 1001 2202 induerit,
1026 2149 1188 2211 atque
1210 2145 1479 2214 ejusmodi
1503 2164 1808 2206 sermonem
1837 2171 1998 2208 usur-

423 2227 586 2294 parit,
623 2243 810 2283 revera
851 2231 1015 2285 etiam
1069 2235 1304 2288 animam
1360 2237 1570 2294 habuit.
1629 2243 1724 2296 Sin
1773 2257 1994 2299 carnem

423 2313 568 2370 haud
600 2321 928 2388 susceperit,
975 2331 1028 2376 et
1069 2324 1429 2382 nihilominus
1460 2329 1564 2384 hoc
1593 2331 1791 2388 dixerit
1819 2353 1831 2387 :
1861 2337 1992 2389 Ani-

421 2421 512 2458 ma
543 2423 680 2471 mea,
714 2417 846 2476 etc.,
877 2413 1087 2481 tropice
1116 2415 1184 2469 de
1213 2414 1323 2470 Deo
1345 2419 1450 2472 ista
1481 2423 1764 2490 prmdicari
1801 2437 1996 2494 putan—

419 2499 548 2552 dum
579 2508 684 2565 est,
720 2510 778 2554 ut
817 2506 1253 2574 germanitatem,
1286 2525 1408 2578 quae
1439 2512 1580 2566 inter
1614 2529 1671 2568 sc
1703 2530 1769 2572 ac
1795 2515 1991 2573 Filium

419 2591 810 2660 intercedebat,
841 2612 904 2650 ea
935 2599 1149 2653 ratione
1179 2600 1439 2657 ﬁrmaret.
1469 2602 1550 2656 Ad
1581 2605 1776 2662 Filium
1813 2621 1992 2665 autem

415 2683 604 2738 eadem
638 2685 728 2738 illa
767 2689 1060 2744 convenire
1101 2701 1400 2760 nequeunt.
1449 2693 1662 2766 Quippe
1703 2699 1865 2756 Pater
1893 2704 1993 2757 mi-

413 2775 562 2830 nime
591 2791 814 2832 carnem
847 2782 1079 2849 accepit,
1118 2799 1284 2851 quam
1315 2783 1487 2841 Filius
1521 2789 1732 2859 induit;
1763 2793 1854 2847 ille
1883 2811 1992 2851 non

413 2873 500 2918 est
533 2863 708 2920 factus
733 2867 930 2922 homo:
968 2869 1140 2927 Filius
1181 2873 1345 2929 homo
1377 2875 1558 2933 Iactus
1581 2889 1685 2935 cst.
1719 2883 1794 2938 Ac
1826 2885 1990 2941 simili

413 2955 574 3024 plane
621 2957 834 3012 ratione
880 2960 1139 3028 quiddam
1201 2963 1309 3016 alio
1359 2965 1480 3019 loco
1525 2965 1671 3022 Patri
1703 2971 1988 3031 tribuitur.

2101 1881 2282 1951 ἐσχενο
2318 1884 2366 1934 εί
2405 1883 2462 1935 δὲ
2509 1884 2689 1954 σάρκα
2723 1886 2750 1937 ὁ
2789 1883 2980 1956 Πατὴρ
3017 1885 3117 1938 οὐκ
3153 1887 3458 1950 ἐνεδύσατο,
3493 1888 3681 1960 εἴρηκε

2097 1974 2175 2034 δὲ,
2206 1975 2287 2027 ὅτι
2326 1976 2400 2029 Ἠ
2419 1974 2590 2045 ψυχή
2625 1995 2766 2045 μου,
2799 1977 3076 2047 τροπικῶς
3099 1977 3257 2031 τοῦτο
3283 1980 3411 2050 περὶ
3435 1980 3524 2033 τὸν
3551 1981 3682 2032 Θεὸν

2099 2067 2302 2138 ᾄδεται,
2339 2067 2425 2120 ἵνα
2459 2069 2886 2138 ἐνασφαλίσηται
2926 2069 2988 2122 τὸ
3010 2071 3254 2140 γνήσιον,
3293 2072 3386 2124 καὶ
3413 2071 3560 2146 δείξῃ
3583 2071 3682 2142 τὴν

2098 2159 2234 2230 πρὸς
2283 2159 2374 2212 τὸν
2427 2161 2556 2213 Υίὸν
2594 2161 2946 2232 γνησιότητα.
3005 2162 3144 2216 Ἀλλ’
3191 2163 3376 2216 οὐκέτι
3411 2165 3538 2234 περὶ
3588 2165 3683 2217 τὸν

2098 2250 2226 2304 Υίδν
2259 2251 2328 2304 τὰ
2374 2251 2514 2305 αὖτά
2559 2255 2706 2304 ἐστιν
2751 2255 2806 2306 ὲν
2851 2253 3025 2322 τούτῳ
3063 2253 3261 2324 λέγειν.
3319 2255 3378 2307 '0
3437 2257 3532 2326 μὲν
3571 2257 3680 2328 γὰρ

2097 2339 2286 2411 Πατὴρ
2311 2343 2410 2394 οὐκ
2435 2341 2593 2395 ἔλαϐε
2621 2343 2799 2414 σάρκα
2822 2361 2833 2372 '
2861 2345 2888 2396 ὁ
2923 2343 2978 2396 δὲ
3003 2343 3128 2407 Υἱὸς
3150 2345 3438 2402 ἐνεδύσατο
3471 2347 3668 2416 σάρκα.

2109 2436 2166 2490 Ὀ
2205 2435 2393 2506 Πατὴρ
2430 2435 2715 2507 ἄνθρωπος
2749 2438 2809 2490 οὐ
2853 2438 3074 2506 γέγονεν
3097 2453 3110 2466 ·
3148 2439 3176 2490 ὁ
3199 2439 3254 2492 δὲ
3295 2440 3421 2504 Υἱὸς
3454 2441 3674 2510 γέγονεν

2096 2527 2399 2598 ἄνθρωπος.
2432 2527 2506 2580 Τὸ
2534 2528 2718 2598 ὅμοιον
2744 2529 2852 2600 γὰρ
2882 2531 2972 2583 ἐπὶ
3006 2529 3082 2602 τῷ
3117 2531 3292 2602 Πατρὶ
3335 2533 3540 2602 ῥητέον.
3583 2533 3674 2595 Ὠς

2094 2620 2202 2690 γὰρ
2235 2617 2470 2674 ἐνταῦθα
2523 2618 2698 2687 λέγει·
2716 2619 3261 2687 Ἠγάπησεναύτὸν
3274 2623 3308 2690 ἡ
3327 2621 3495 2690 ψυχή
3509 2635 3666 2690 μου·

2094 2709 2270 2774 οὕτως
2295 2711 2441 2779 λέγει
2462 2727 2474 2738 ·
2503 2707 2701 2779 Εὗρον
2727 2710 2904 2764 Δαϐὶδ
2925 2710 3030 2762 τὸν
3055 2710 3162 2762 τοῦ
3205 2709 3451 2770 Ἰεσσαὶ,
3481 2709 3616 2772 ore,
3632 2725 3669 2758 ιι

2098 2802 2247 2856 κατὰ
2273 2802 2387 2870 τὴν
2407 2801 2660 2872 καρδίαν
2679 2821 2798 2872 μου
2817 2819 2828 2832 ·
2855 2803 2970 2862 καὶ,
3003 2803 3063 2856 Ἠ
3087 2801 3302 2870 καρδία
3327 2819 3445 2871 μου
3475 2801 3674 2869 πιίρῤω

2093 2891 2302 2961 ἀπέχει
2331 2893 2432 2946 ἀπ’
2462 2892 2680 2945 αὐτῶν.
2717 2892 2780 2945 Et
2820 2891 3016 2956 τοίνυν,
3049 2891 3136 2944 διὰ
3167 2892 3227 2946 τὸ
3265 2891 3671 2964 τροπικιὲιτεροθ

2093 2983 2366 3052 εἰρῆσθαι,
2412 2983 2493 3035 ὅτι
2544 2982 2888 3051 Ἦγάπησεν
2921 2985 2959 3050 ἡ
3010 2981 3178 3051 ψυχή
3213 3001 3353 3052 μου,
3403 2981 3670 3052 δεχόμεθα

409 3046 548 3100 Nam
582 3059 638 3100 ιιι
667 3049 755 3102 hic
789 3052 860 3103 ita
889 3051 1131 3120 loquitur
1163 3073 1174 3106 :
1207 3053 1408 3110 Dilexit
1441 3057 1594 3112 illum
1631 3061 1812 3114 anima
1845 3080 1990 3136 mea;

2095 3046 2160 3126 τὸ·
2186 3046 2314 3144 περὶ
2348 3046 2550 3144 ψυχῆς,
2585 3046 2692 3143 ἄρα
2723 3046 2852 3142 γοῦν
2882 3046 2973 3128 καὶ
3005 3046 3066 3128 τὸ
3279 3046 3506 3145 καρδίας
3532 3046 3670 3145 ’τρο-

412 3137 494 3191 sic
523 3139 693 3192 alibi:
725 3139 903 3196 [tweni
937 3141 1106 3196 David
1146 3145 1320 3212 [ilium
1365 3146 1536 3214 Jesse,
1587 3152 1755 3204 virum
1801 3167 1986 3207 secun-

409 3223 535 3277 dum
574 3243 664 3279 cor
697 3232 930 3282 neeum'.
971 3231 1100 3284 Item
1138 3252 1150 3286 :
1190 3233 1295 3288 Cor
1337 3253 1504 3290 meum
1549 3239 1698 3309 longe
1741 3241 1886 3296 abest
1921 3243 1986 3297 ab

409 3309 520 3364 illis
543 3313 583 3364 ³.
611 3311 790 3377 Quare
825 3316 871 3370 si
902 3327 1189 3388 prepterea
1223 3325 1365 3392 quod
1401 3327 1612 3394 tropice
1645 3329 1851 3384 dictum
1878 3342 1982 3396 est,

407 3419 558 3471 quem
589 3403 775 3459 dilexit
809 3409 990 3463 anima
1037 3427 1176 3474 mea,
1229 3414 1282 3466 id
1326 3415 1394 3470 de
1439 3418 1615 3472 anima
1649 3436 1834 3474 verum
1862 3439 1984 3478 esse

408 3497 755 3562 conﬁtemur,
789 3516 1136 3571 consequens
1170 3515 1273 3570 est,
1307 3515 1366 3560 ut
1411 3510 1600 3564 eodem
1645 3514 1806 3567 modo
1837 3517 1982 3584 quod

408 3587 476 3642 de
505 3590 670 3644 corde
715 3590 938 3656 dicitur,
989 3596 1196 3664 trOpice
1243 3599 1442 3652 Jictum
1489 3603 1752 3659 videatur.
1797 3607 1982 3680 Neque

407 3685 585 3746 potest
619 3679 685 3733 ab
725 3681 944 3736 homine
993 3685 1262 3753 prudente
1293 3705 1353 3742 ea
1385 3689 1452 3744 de
1487 3707 1546 3746 re
1586 3696 1668 3748 vel
1709 3679 1980 3757 levissime

2089 3159 2392 3234 πικὼτερον
2422 3161 2657 3234 εἴρηται.
2683 3165 2792 3217 Καὶ
2816 3165 2992 3234 δῆλον,
3026 3167 3106 3220 ὅτι
3138 3167 3230 3219 καὶ
3257 3167 3419 3218 παντὶ
3443 3164 3518 3236 τῷ
3541 3165 3668 3219 σύν-

2089 3271 2206 3307 εσιν
2251 3255 2574 3326 κεκτημένῳ
2617 3256 2786 3325 σαφὲς
2821 3256 2928 3328 εἴη.
2967 3258 3032 3312 Ei
3068 3259 3246 3310 τοίνυν
3269 3257 3546 3327 τροπικῶς
3579 3255 3668 3308 λέ·-

2085 3335 2174 3412 ζγει
2207 3345 2335 3416 περὶ
2367 3346 2543 3418 ψυχῆς
2575 3348 2602 3399 ὀ
2641 3347 2851 3418 Πατὴρ,
2888 3349 2980 3401 καὶ
3027 3348 3154 3418 περὶ
3183 3347 3436 3416 καρδίας,
3468 3341 3536 3416 ἧς
3567 3347 3666 3404 οὑξ*

2090 3435 2280 3490 ἔλαϐεν
2299 3454 2311 3466 ·
2336 3437 2396 3490 οὐ
2424 3438 2532 3509 γὰρ
2561 3441 2786 3511 ὲφόρεσε
2813 3439 2991 3508 σάρκα
3010 3457 3022 3469 ο
3048 3438 3449 3510 τροπικὼτερον
3475 3439 3554 3499 εἰς
3573 3437 3666 3488 τὸν

2087 3527 2307 3599 Πατέρα
2346 3529 2413 3581 τὰ
2459 3529 2684 3584 τοιαῦτα
2725 3531 3090 3597 ἀναλογεῖται.
3131 3531 3325 3582 Οὐκέτι
3374 3529 3428 3581 δὲ
3468 3527 3665 3580 ταυτὸν

2087 3619 2217 3688 περὶ
2265 3619 2356 3672 τὸν
2395 3621 2524 3672 Υίὺν
2567 3621 2835 3691 ἡγητέον·
2872 3622 2899 3672 ὁ
2937 3621 3064 3683 Υἱὸς
3107 3621 3214 3692 γὰρ
3269 3619 3426 3672 ἔλαϐε
3463 3618 3666 3690 σάρκα,

2091 3709 2182 3760 καὶ
2207 3711 2389 3762 πᾶσαν
2440 3711 2538 3780 τὴν
2565 3711 2910 3782 ἀνθρωπείαν
2945 3709 3114 3763 θέσιν.

406 3769 666 3824 dubitari.
698 3769 838 3842 Ergo
880 3773 926 3828 si
955 3775 1022 3829 de
1057 3777 1234 3832 anima
1275 3783 1480 3852 tr0pice
1511 3783 1664 3840 Patet
1729 3789 1990 3862 loquitur,
2027 3797 2096 3854 de
2145 3801 2331 3863 corde,
2375 3769 2520 3870 quod
2567 3769 2790 3858 minime
2838 3805 3098 3873 suscepit,
3153 3817 3330 3871 neque
3361 3801 3503 3854 enim
3535 3814 3661 3853 car-

403 3877 529 3917 nem
554 3868 872 3936 assumpsit,
899 3884 1122 3926 necesse
1143 3882 1226 3926 est
1248 3875 1517 3944 ejusmodi
1547 3883 1730 3937 omnia
1772 3901 1870 3954 per
1910 3896 2122 3961 tropum
2174 3896 2466 3965 quemdam
2511 3897 2578 3950 ad
2627 3897 2837 3952 Patrem
2885 3897 3304 3953 accommodari.
3349 3895 3463 3950 Non
3521 3895 3662 3952 idem

404 3962 592 4010 tamen
625 3965 680 4011 et
733 3959 800 4013 de
851 3959 988 4016 Filio
1024 3965 1364 4022 sentiendum
1394 3979 1500 4032 est,
1533 3975 1623 4041 qui
1687 3977 1904 4045 quidem
1961 3997 1989 4037 c

2097 4001 2180 4040 cm
2243 4002 2368 4041 cum
2436 3991 2582 4043 omni
2629 3989 2984 4043 humanarum
3027 3989 3262 4060 partium
3305 3987 3664 4058 dispositione

403 4051 672 4120 suscepit.

480 4141 566 4200 LI.
602 4145 736 4200 Nam
773 4149 866 4218 qui
897 4151 963 4205 de
1002 4151 1138 4208 Filio
1179 4157 1388 4226 tropice
1418 4160 1676 4228 quiddam
1713 4165 1982 4233 ejusmodi

406 4235 678 4294 afﬁrmare
739 4243 958 4309 audeat,
1017 4251 1235 4304 tametsi
1289 4251 1345 4304 in
1401 4269 1508 4306 una
1561 4256 1829 4312 duntaxat
1879 4262 1981 4314 ali-

2160 4167 2287 4224 NA'.
2324 4171 2512 4222 Ἔσται
2551 4171 2658 4241 γὰρ
2692 4171 2849 4223 τοῦτο
2889 4171 3127 4223 ἐναντίον
3150 4169 3227 4242 τῷ
3257 4171 3346 4222 ἐπὶ
3373 4169 3501 4223 Υίοῦ
3534 4187 3662 4238 τρο-

2088 4259 2392 4331 πικώτερον
2435 4261 2642 4329 λέγοντι
2686 4262 2813 4332 περὶ
2843 4262 2944 4331 τῆς
2969 4264 3032 4314 ὲκ
3062 4260 3350 4330 προσώπου
3392 4259 3662 4331 ὲνανθρωφ

403 4347 514 4401 qua
561 4343 716 4402 parte
777 4337 920 4390 istud
973 4344 1228 4409 usurpari
1274 4345 1423 4410 velit,
1482 4347 1841 4408 nihilominus
1873 4355 1976 4408 hoc

405 4423 480 4447 :Il:
505 4423 618 4447 ε..,...
653 4429 976 4447 n--_-.,.‘_2._.__
1027 4431 1184 4447 --Α
1445 4437 1454 4447 .
1571 4440 1584 4447 -
1961 4445 1972 4447 μ

2095 4353 2321 4422 πήσεως,
2356 4351 2458 4406 κᾶν
2495 4351 2552 4404 ἐν
2590 4369 2694 4404 τινι
2737 4353 2891 4423 μέρει
2934 4353 3092 4421 λόγου
3131 4353 3427 4422 γενομένης
3462 4353 3660 4447 ὑποθέ-

404 4423 480 4476 illi
505 4423 622 4493 ipse
648 4429 983 4482 contrarium
1027 4431 1186 4502 773
1220 4449 1341 4490 esse
1371 4437 1760 4495 animadvertet
1783 4484 1797 4508 ,
1833 4445 1976 4513 quod

403 4517 471 4572 de
517 4524 630 4572 tota
663 4519 860 4574 divinae
903 4537 1147 4590 persona:
1185 4529 1562 4585 incarnatione
1593 4535 1977 4592 constituerit:

403 4611 548 4678 quod
597 4612 852 4666 nimirum
883 4631 1008 4670 vere
1039 4616 1274 4673 hominis
1317 4631 1566 4676 naturam
1600 4629 1976 4696 assumpserit.

401 4701 613 4757 Etenim
667 4711 727 4758 ut
785 4705 915 4760 illud
983 4707 1220 4774 demus,
1285 4713 1432 4782 quod
1495 4715 1563 4770 de
1621 4718 1802 4772 anima
1856 4719 1978 4774 Filii

401 4795 668 4864 scriptum
717 4805 803 4852 est
857 4799 930 4864 _ad
985 4801 1296 4872 allegoriam
1330 4813 1578 4873 spectare
1606 4849 1620 4872 ,
1673 4823 1737 4863 ac
1771 4811 1976 4880 tropice

400 4886 532 4940 illud
565 4901 726 4944 omne
757 4890 1228 4961 interpretandum
1257 4909 1380 4950 esse
1407 4935 1421 4956 .
1455 4909 1703 4967 superest
1737 4910 1794 4954 ιιι
1831 4901 1974 4958 idem

402 4992 620 5048 quoque
640 4979 708 5034 de
734 4983 898 5036 corde
933 4983 1296 5054 suspicemur.
1325 4987 1500 5057 Atque
1528 5003 1594 5044 eo
1636 4991 1852 5047 tandem
1889 5009 1977 5050 res

399 5070 643 5138 recidat,
683 5072 822 5126 nihil
863 5081 920 5128 ut
972 5076 1230 5142 veritate,
1277 5079 1534 5148 Opinione
1576 5091 1756 5136 autem
1791 5087 1976 5138 omnia

397 5170 654 5218 constare
685 5164 989 5220 videantur.
1028 5167 1214 5237 Itaque
1247 5170 1314 5224 de
1347 5187 1514 5227 carne
1547 5189 1666 5242 quae
1695 5175 1973 5240 dicuntur,

395 5265 494 5320 per
520 5261 738 5322 tropum
769 5271 1034 5326 usurpare
1067 5259 1320 5314 dicentur
1345 5302 1358 5324 ,
1387 5263 1431 5316 si
1463 5265 1591 5333 quid
1619 5265 1972 5337 vitilitigatori

398 5343 526 5398 huic
553 5345 682 5400 Ario
711 5349 1004 5404 credimus.
1041 5349 1195 5406 Unde
1216 5367 1392 5422 neque
1425 5369 1519 5407 cor
1545 5395 1560 5416 ,
1589 5371 1765 5427 neque
1789 5359 1968 5426 jecur,

397 5448 575 5504 neque
613 5452 808 5493 carnes
835 5479 848 5502 ,
907 5457 1083 5511 neque
1137 5444 1394 5500 intestina
1420 5487 1434 5510 ,
1475 5463 1650 5516 neque
1683 5463 1836 5511 ossa,
1871 5467 1969 5506 nec

399 5524 562 5580 ullam
603 5526 834 5598 denique
865 5530 1172 5588 istiusmodi
1216 5546 1422 5606 partem
1453 5537 1696 5592 divinum
1728 5537 1964 5595 Verbum

469 5709 485 5744 ⁸
519 5707 620 5769 Isa.
648 5725 778 5777 xui,
809 5713 859 5774 i.
937 5717 956 5746 '
985 5713 1157 5788 Illrg.
1203 5733 1318 5784 xm,
1355 5719 1436 5774 Η.
1516 5721 1534 5750 ³
1568 5721 1670 5776 Isa.
1703 5739 1852 5788 χχιχ,
1893 5723 1971 5780 I5.

2081 4459 2220 4506 σεως
2252 4443 2338 4498 διὰ
2373 4443 2466 4496 τοῦ
2493 4443 2762 4514 ἀληθινῶς
2789 4443 3221 4515 ὲνανθρωπῆσαι.
3262 4445 3322 4495 Ei
3349 4443 3453 4514 γὰρ
3491 4443 3658 4513 ἀλληη

2079 4538 2322 4606 γορεῖται
2347 4535 2408 4587 τὸ
2433 4536 2558 4606 περὶ
2579 4535 2756 4606 ψυχῆς
2783 4535 2936 4597 Υἰοῦ,
2977 4535 3070 4587 καὶ
3101 4533 3500 4605 τροπικὼτερον
3533 4536 3660 4604 περ).

2079 4627 2248 4698 αὐτῆς
2275 4627 2636 4696 ὑποληπτέον,
2669 4628 2778 4697 ἄρα
2816 4629 2910 4679 καὶ
2936 4628 3061 4698 περὶ
3089 4625 3314 4696 καρδίας
3342 4626 3408 4678 τὰ
3437 4625 3660 4681 τοιαῦτα

2075 4718 2313 4789 λελέχθω
2335 4735 2348 4748 ’
2387 4721 2481 4772 καὶ
2512 4717 2756 4788 δώσομεν
2801 4717 2985 4771 λοιπὸν
3029 4717 3099 4770 τὰ
3127 4718 3302 4771 πάντα
3337 4717 3556 4787 δόκησιν
3581 4715 3657 4770 £7;-

2077 4828 2188 4874 ναι,
2226 4809 2322 4862 καὶ
2350 4809 2450 4862 οὐκ
2495 4808 2768 4881 ἀλήθειαν.
2808 4808 3098 4880 Τροπικῶς
3139 4809 3350 4879 εἴρηται
3391 4809 3485 4863 καὶ⁵
3530 4811 3660 4880 περὶ

2075 4901 2295 4972 σαρκὸς,
2323 4901 2464 4955 κατὰ
2489 4901 2580 4954 τὸν
2605 4899 2909 4970 φιλονείκου
2953 4899 3162 4971 Ἀρείου
3189 4901 3364 4968 λόγον.
3389 4901 3500 4955 Καὶ
3529 4901 3656 4955 οὐκ·

2073 4994 2152 5046 έτι
2191 4993 2417 5066 καρδίαν
2449 4992 2606 5064 ἔσχεν
2643 4991 2812 5046 ἐλθὼν
2853 4995 2883 5046 6
2913 4993 3104 5060 Λόγος,
3149 4991 3272 5046 οὔτε
3317 4988 3490 5064 ἧπαρ,
3533 4991 3659 5046 οὔτε

2074 5087 2271 5156 σάρκα,
2297 5085 2420 5138 οὔτε
2453 5083 2678 5152 ἔγκατα,
2715 5083 2838 5136 οὔτε
2875 5084 3056 5147 ὀστέα,
3099 5083 3224 5136 οὔτε
3261 5101 3313 5136 τι
3338 5084 3446 5137 τῶν
3474 5083 3654 5137 τοιού-

2072 5193 2198 5230 των·
2227 5177 2362 5230 ἀλλὰ
2385 5177 2561 5231 πάντα
2583 5175 2766 5228 λοιπὸν
2791 5175 3192 5245 ἀλληγορεῖται,
3213 5173 3308 5228 καὶ
3328 5175 3653 5248 τροπικώτε-

2077 5287 2168 5342 ρον
2223 5271 2461 5338 λέγεται·
2495 5271 2527 5340 ἢ
2565 5269 2645 5321 ὅτι
2688 5269 2822 5332 ὅλως
2851 5269 3050 5339 φυρτὸν
3081 5267 3236 5321 έλαόε
3277 5267 3456 5338 σῶμα,
3487 5265 3652 5337 μηδὲν

2073 5361 2179 5413 τῶν
2203 5362 2486 5415 ὲντοσθίων
2515 5362 2655 5432 ἔχον.
2689 5361 2812 5424 Πῶς
2833 5357 2925 5414 οὖν
2953 5361 3127 5431 ἤσθιε,
3161 5360 3255 5412 καὶ
3283 5359 3496 5424 ἔπινεν;
3537 5356 3638 5410 Ἀλ-

2071 5451 2140 5505 λὰ
2173 5452 2387 5522 ἇπαγεί
2421 5455 2484 5506 Εἰ
2514 5453 2570 5506 δὲ
2615 5457 2642 5507 6
2669 5454 2858 5525 Πατὴρ
2895 5453 3042 5519 λέγει
3078 5452 3304 5524 καρδίαν
3331 5451 3425 5504 καὶ
3451 5448 3651 5520 ψυχὴν,

2074 5543 2293 5604 δύναται
2345 5545 2402 5600 δὲ
2455 5549 2536 5610 εἰς
2581 5547 2742 5600 αὑτὸν
2781 5543 3217 5616 ἀλληγορείσθαι,
3257 5543 3351 5597 καὶ
3379 5539 3650 5603 τροπικῶς
