  <div class='ocr_page' id='page_1' title='image "/cluster/home/n/w/nwhite01/storage/ocr_20150623/42/nnc1.0046978682/164.png"; bbox 0 0 4138 6396; ppageno 0'>
   <div class='ocr_carea' id='block_1_1' title="bbox 401 386 500 443">
    <p class='ocr_par' dir='ltr' id='par_1_1' title="bbox 401 386 500 443">
     <span class='ocr_line' id='line_1_1' title="bbox 401 386 500 443; baseline -0.02 -1"><span class='ocrx_word' id='word_1_1' title='bbox 401 386 500 443; x_wconf 70' lang='lat' dir='ltr'><strong>2M</strong></span> 
     </span>
    </p>
   </div>
   <div class='ocr_carea' id='block_1_2' title="bbox 1150 391 3125 458">
    <p class='ocr_par' dir='ltr' id='par_1_2' title="bbox 1150 391 3125 458">
     <span class='ocr_line' id='line_1_2' title="bbox 1150 391 3125 458; baseline 0.004 -10"><span class='ocrx_word' id='word_1_2' title='bbox 1150 393 1526 453; x_wconf 79' lang='lat' dir='ltr'><strong>ADVERSUS</strong></span> <span class='ocrx_word' id='word_1_3' title='bbox 1562 392 1909 453; x_wconf 67' lang='lat' dir='ltr'><strong>HAERESES</strong></span> <span class='ocrx_word' id='word_1_4' title='bbox 1946 391 2076 450; x_wconf 87' lang='lat' dir='ltr'><strong>LIB.</strong></span> <span class='ocrx_word' id='word_1_5' title='bbox 2117 393 2183 452; x_wconf 85' lang='lat' dir='ltr'><strong>II.</strong></span> <span class='ocrx_word' id='word_1_6' title='bbox 2224 396 2388 455; x_wconf 80' lang='lat' dir='ltr'><strong>TOM.</strong></span> <span class='ocrx_word' id='word_1_7' title='bbox 2432 399 2589 456; x_wconf 89' lang='lat' dir='ltr'><strong>ll.-—</strong></span> <span class='ocrx_word' id='word_1_8' title='bbox 2630 398 2903 458; x_wconf 74' lang='lat' dir='ltr'><strong>llAiRES.</strong></span> <span class='ocrx_word' id='word_1_9' title='bbox 2938 398 3125 456; x_wconf 77' lang='lat' dir='ltr'><strong>LXIX.</strong></span> 
     </span>
    </p>
   </div>
   <div class='ocr_carea' id='block_1_3' title="bbox 3592 400 3702 460">
    <p class='ocr_par' dir='ltr' id='par_1_3' title="bbox 3592 400 3702 460">
     <span class='ocr_line' id='line_1_3' title="bbox 3592 400 3702 460; baseline 0 0"><span class='ocrx_word' id='word_1_10' title='bbox 3592 400 3702 460; x_wconf 70' lang='lat'><strong>283</strong></span> 
     </span>
    </p>
   </div>
   <div class='ocr_carea' id='block_1_4' title="bbox 402 495 2001 586">
    <p class='ocr_par' dir='ltr' id='par_1_4' title="bbox 402 495 2001 582">
     <span class='ocr_line' id='line_1_4' title="bbox 402 495 2001 582; baseline 0.008 -33"><span class='ocrx_word' id='word_1_11' title='bbox 402 495 679 566; x_wconf 80' lang='grc' dir='ltr'>λέγεσθαι,</span> <span class='ocrx_word' id='word_1_12' title='bbox 703 502 797 553; x_wconf 77' lang='grc' dir='ltr'><strong>καὶ</strong></span> <span class='ocrx_word' id='word_1_13' title='bbox 819 503 900 566; x_wconf 88' lang='grc' dir='ltr'><strong>είς</strong></span> <span class='ocrx_word' id='word_1_14' title='bbox 929 502 1020 556; x_wconf 79' lang='grc' dir='ltr'>τὸν</span> <span class='ocrx_word' id='word_1_15' title='bbox 1044 503 1172 559; x_wconf 81' lang='grc' dir='ltr'>Υἱὸν</span> <span class='ocrx_word' id='word_1_16' title='bbox 1191 508 1490 579; x_wconf 83' lang='grc' dir='ltr'><strong>τροπικῶς,</strong></span> <span class='ocrx_word' id='word_1_17' title='bbox 1521 509 1610 564; x_wconf 81' lang='grc' dir='ltr'>διὰ</span> <span class='ocrx_word' id='word_1_18' title='bbox 1633 510 1696 564; x_wconf 84' lang='grc' dir='ltr'><strong>τὸ</strong></span> <span class='ocrx_word' id='word_1_19' title='bbox 1719 508 2001 582; x_wconf 80' lang='grc' dir='ltr'>ἀρνεῖσθαι</span> 
     </span>
    </p>
   </div>
   <div class='ocr_carea' id='block_1_5' title="bbox 2106 495 3698 586">
    <p class='ocr_par' dir='ltr' id='par_1_5' title="bbox 2108 509 3698 586">
     <span class='ocr_line' id='line_1_5' title="bbox 2108 509 3698 586; baseline 0.005 -23"><span class='ocrx_word' id='word_1_20' title='bbox 2108 509 2200 565; x_wconf 92' lang='lat' dir='ltr'><strong>illa</strong></span> <span class='ocrx_word' id='word_1_21' title='bbox 2249 512 2303 567; x_wconf 92' lang='lat' dir='ltr'><strong>in</strong></span> <span class='ocrx_word' id='word_1_22' title='bbox 2344 514 2726 572; x_wconf 76' lang='lat' dir='ltr'><strong>incarnatione</strong></span> <span class='ocrx_word' id='word_1_23' title='bbox 2759 516 3089 586; x_wconf 83' lang='lat' dir='ltr'><strong>susceperit,</strong></span> <span class='ocrx_word' id='word_1_24' title='bbox 3130 513 3226 568; x_wconf 77' lang='lat' dir='ltr'><strong>sed</strong></span> <span class='ocrx_word' id='word_1_25' title='bbox 3266 512 3334 568; x_wconf 81' lang='lat' dir='ltr'><strong>ad</strong></span> <span class='ocrx_word' id='word_1_26' title='bbox 3379 513 3698 585; x_wconf 76' lang='lat' dir='ltr'><strong>allegoriam</strong></span> 
     </span>
    </p>
   </div>
   <div class='ocr_carea' id='block_1_6' title="bbox 402 588 2001 676">
    <p class='ocr_par' dir='ltr' id='par_1_6' title="bbox 402 588 2001 676">
     <span class='ocr_line' id='line_1_6' title="bbox 402 588 2001 676; baseline 0.01 -35"><span class='ocrx_word' id='word_1_27' title='bbox 402 588 566 644; x_wconf 71' lang='grc' dir='ltr'>αὑτὸν</span> <span class='ocrx_word' id='word_1_28' title='bbox 590 589 871 662; x_wconf 70' lang='grc' dir='ltr'><strong>εἰληφέναι</strong></span> <span class='ocrx_word' id='word_1_29' title='bbox 901 594 1102 668; x_wconf 80' lang='grc' dir='ltr'>ψυχήν.</span> <span class='ocrx_word' id='word_1_30' title='bbox 1134 599 1231 664; x_wconf 72' lang='lat' dir='ltr'><strong>El;</strong></span> <span class='ocrx_word' id='word_1_31' title='bbox 1267 600 1325 654; x_wconf 79' lang='grc' dir='ltr'>δὲ</span> <span class='ocrx_word' id='word_1_32' title='bbox 1366 601 1429 654; x_wconf 84' lang='grc' dir='ltr'>τὸ</span> <span class='ocrx_word' id='word_1_33' title='bbox 1458 603 1589 675; x_wconf 71' lang='grc' dir='ltr'>περὶ</span> <span class='ocrx_word' id='word_1_34' title='bbox 1620 602 1850 676; x_wconf 77' lang='grc' dir='ltr'>καρδίας</span> <span class='ocrx_word' id='word_1_35' title='bbox 1879 620 2001 657; x_wconf 79' lang='grc' dir='ltr'>πιε-</span> 
     </span>
    </p>
   </div>
   <div class='ocr_carea' id='block_1_7' title="bbox 402 681 2003 768">
    <p class='ocr_par' dir='ltr' id='par_1_7' title="bbox 402 681 2003 768">
     <span class='ocr_line' id='line_1_7' title="bbox 402 681 2003 768; baseline 0.011 -33"><span class='ocrx_word' id='word_1_36' title='bbox 402 681 643 754; x_wconf 81' lang='grc' dir='ltr'>ζόμενοι,</span> <span class='ocrx_word' id='word_1_37' title='bbox 691 686 753 739; x_wconf 87' lang='grc' dir='ltr'><strong>ού</strong></span> <span class='ocrx_word' id='word_1_38' title='bbox 793 686 1048 744; x_wconf 85' lang='grc' dir='ltr'>δύνανται</span> <span class='ocrx_word' id='word_1_39' title='bbox 1095 691 1461 765; x_wconf 83' lang='grc' dir='ltr'><strong>ἀρνήσασθαι,</strong></span> <span class='ocrx_word' id='word_1_40' title='bbox 1494 695 1585 750; x_wconf 87' lang='grc' dir='ltr'><strong>διά</strong></span> <span class='ocrx_word' id='word_1_41' title='bbox 1625 697 1688 750; x_wconf 84' lang='grc' dir='ltr'><strong>τὸ</strong></span> <span class='ocrx_word' id='word_1_42' title='bbox 1719 697 2003 768; x_wconf 79' lang='grc' dir='ltr'>ὁμολογεῖ-</span> 
     </span>
    </p>
   </div>
   <div class='ocr_carea' id='block_1_8' title="bbox 404 775 2001 861">
    <p class='ocr_par' dir='ltr' id='par_1_8' title="bbox 404 775 2001 861">
     <span class='ocr_line' id='line_1_8' title="bbox 404 775 2001 861; baseline 0.009 -32"><span class='ocrx_word' id='word_1_43' title='bbox 404 775 530 830; x_wconf 88' lang='grc' dir='ltr'>σθαι</span> <span class='ocrx_word' id='word_1_44' title='bbox 566 778 697 849; x_wconf 82' lang='grc' dir='ltr'>παρ’</span> <span class='ocrx_word' id='word_1_45' title='bbox 733 780 915 834; x_wconf 78' lang='grc' dir='ltr'>αὐτῶν</span> <span class='ocrx_word' id='word_1_46' title='bbox 945 783 1129 837; x_wconf 84' lang='grc' dir='ltr'>πᾶσαν</span> <span class='ocrx_word' id='word_1_47' title='bbox 1171 786 1271 857; x_wconf 78' lang='grc' dir='ltr'>τὴν</span> <span class='ocrx_word' id='word_1_48' title='bbox 1306 785 1457 843; x_wconf 80' lang='grc' dir='ltr'>θέσιν</span> <span class='ocrx_word' id='word_1_49' title='bbox 1482 788 1576 843; x_wconf 86' lang='grc' dir='ltr'><strong>τοῦ</strong></span> <span class='ocrx_word' id='word_1_50' title='bbox 1618 788 1875 861; x_wconf 84' lang='grc' dir='ltr'>σώματος</span> <span class='ocrx_word' id='word_1_51' title='bbox 1904 789 2001 844; x_wconf 89' lang='grc' dir='ltr'><strong>τοῦ</strong></span> 
     </span>
    </p>
   </div>
   <div class='ocr_carea' id='block_1_9' title="bbox 401 869 2003 955">
    <p class='ocr_par' dir='ltr' id='par_1_9' title="bbox 401 869 2003 955">
     <span class='ocr_line' id='line_1_9' title="bbox 401 869 2003 955; baseline 0.011 -35"><span class='ocrx_word' id='word_1_52' title='bbox 401 869 610 941; x_wconf 79' lang='grc' dir='ltr'>Κυρίου</span> <span class='ocrx_word' id='word_1_53' title='bbox 639 870 943 943; x_wconf 84' lang='grc' dir='ltr'>είληφέναι.</span> <span class='ocrx_word' id='word_1_54' title='bbox 974 875 1084 928; x_wconf 81' lang='grc' dir='ltr'><strong>ἀπὸ</strong></span> <span class='ocrx_word' id='word_1_55' title='bbox 1108 875 1205 930; x_wconf 90' lang='grc' dir='ltr'><strong>τοῦ</strong></span> <span class='ocrx_word' id='word_1_56' title='bbox 1237 880 1468 951; x_wconf 79' lang='grc' dir='ltr'>καρδίαν</span> <span class='ocrx_word' id='word_1_57' title='bbox 1500 882 1596 935; x_wconf 74' lang='grc' dir='ltr'><strong>καὶ</strong></span> <span class='ocrx_word' id='word_1_58' title='bbox 1624 883 1874 955; x_wconf 84' lang='grc' dir='ltr'>καρδίαν,</span> <span class='ocrx_word' id='word_1_59' title='bbox 1901 883 2003 954; x_wconf 83' lang='grc' dir='ltr'>τὴν</span> 
     </span>
    </p>
   </div>
   <div class='ocr_carea' id='block_1_10' title="bbox 405 958 2002 1045">
    <p class='ocr_par' dir='ltr' id='par_1_10' title="bbox 405 958 2002 1045">
     <span class='ocr_line' id='line_1_10' title="bbox 405 958 2002 1045; baseline 0.011 -34"><span class='ocrx_word' id='word_1_60' title='bbox 405 958 506 1029; x_wconf 80' lang='grc' dir='ltr'>μὲν</span> <span class='ocrx_word' id='word_1_61' title='bbox 549 959 820 1033; x_wconf 82' lang='grc' dir='ltr'><strong>ἀληθινῶς</strong></span> <span class='ocrx_word' id='word_1_62' title='bbox 855 964 1320 1041; x_wconf 77' lang='grc' dir='ltr'><strong>ὁμολογουμένην,</strong></span> <span class='ocrx_word' id='word_1_63' title='bbox 1362 969 1461 1042; x_wconf 84' lang='grc' dir='ltr'>τὴν</span> <span class='ocrx_word' id='word_1_64' title='bbox 1498 970 1555 1026; x_wconf 87' lang='grc' dir='ltr'>δὲ</span> <span class='ocrx_word' id='word_1_65' title='bbox 1589 972 2002 1045; x_wconf 84' lang='grc' dir='ltr'>ἀλληγορουμέ-</span> 
     </span>
    </p>
   </div>
   <div class='ocr_carea' id='block_1_11' title="bbox 403 1051 2000 1137">
    <p class='ocr_par' dir='ltr' id='par_1_11' title="bbox 403 1051 2000 1137">
     <span class='ocr_line' id='line_1_11' title="bbox 403 1051 2000 1137; baseline 0.009 -33"><span class='ocrx_word' id='word_1_66' title='bbox 403 1068 523 1123; x_wconf 90' lang='grc' dir='ltr'>νην.</span> <span class='ocrx_word' id='word_1_67' title='bbox 559 1051 718 1107; x_wconf 81' lang='grc' dir='ltr'>Οὕτω</span> <span class='ocrx_word' id='word_1_68' title='bbox 744 1056 839 1109; x_wconf 84' lang='grc' dir='ltr'><strong>καὶ</strong></span> <span class='ocrx_word' id='word_1_69' title='bbox 870 1057 999 1129; x_wconf 57' lang='grc' dir='ltr'><strong>περὶ⁵</strong></span> <span class='ocrx_word' id='word_1_70' title='bbox 1032 1057 1212 1131; x_wconf 81' lang='grc' dir='ltr'>ψυχῆς</span> <span class='ocrx_word' id='word_1_71' title='bbox 1241 1063 1269 1115; x_wconf 98' lang='lat'><strong>6</strong></span> <span class='ocrx_word' id='word_1_72' title='bbox 1297 1061 1455 1131; x_wconf 84' lang='grc' dir='ltr'>λόγος</span> <span class='ocrx_word' id='word_1_73' title='bbox 1495 1063 1703 1135; x_wconf 81' lang='grc' dir='ltr'>ἀληθὴς</span> <span class='ocrx_word' id='word_1_74' title='bbox 1743 1065 2000 1137; x_wconf 84' lang='grc' dir='ltr'>ὑπάρχει,</span> 
     </span>
    </p>
   </div>
   <div class='ocr_carea' id='block_1_12' title="bbox 404 1145 2001 1228">
    <p class='ocr_par' dir='ltr' id='par_1_12' title="bbox 404 1145 2001 1228">
     <span class='ocr_line' id='line_1_12' title="bbox 404 1145 2001 1228; baseline 0.009 -31"><span class='ocrx_word' id='word_1_75' title='bbox 404 1145 499 1197; x_wconf 72' lang='grc' dir='ltr'>καὶ</span> <span class='ocrx_word' id='word_1_76' title='bbox 528 1146 628 1200; x_wconf 83' lang='grc' dir='ltr'><strong>οὐκ</strong></span> <span class='ocrx_word' id='word_1_77' title='bbox 650 1145 1055 1220; x_wconf 86' lang='grc' dir='ltr'>ἀλληγορεῖται,</span> <span class='ocrx_word' id='word_1_78' title='bbox 1085 1150 1212 1206; x_wconf 76' lang='grc' dir='ltr'>οὔτε</span> <span class='ocrx_word' id='word_1_79' title='bbox 1235 1155 1515 1227; x_wconf 83' lang='grc' dir='ltr'>τροπικῶς</span> <span class='ocrx_word' id='word_1_80' title='bbox 1543 1156 1783 1224; x_wconf 81' lang='grc' dir='ltr'>λέγεται.</span> <span class='ocrx_word' id='word_1_81' title='bbox 1819 1156 2001 1228; x_wconf 74' lang='grc' dir='ltr'>Οὔσης</span> 
     </span>
    </p>
   </div>
   <div class='ocr_carea' id='block_1_13' title="bbox 404 1235 2004 1319">
    <p class='ocr_par' dir='ltr' id='par_1_13' title="bbox 404 1235 2004 1319">
     <span class='ocr_line' id='line_1_13' title="bbox 404 1235 2004 1319; baseline 0.009 -30"><span class='ocrx_word' id='word_1_82' title='bbox 404 1235 462 1290; x_wconf 78' lang='grc' dir='ltr'><strong>δὲ</strong></span> <span class='ocrx_word' id='word_1_83' title='bbox 486 1237 586 1309; x_wconf 83' lang='grc' dir='ltr'>τῆς</span> <span class='ocrx_word' id='word_1_84' title='bbox 609 1238 702 1292; x_wconf 86' lang='grc' dir='ltr'><strong>τοῦ</strong></span> <span class='ocrx_word' id='word_1_85' title='bbox 733 1242 972 1313; x_wconf 85' lang='grc' dir='ltr'>Χριστοῦ</span> <span class='ocrx_word' id='word_1_86' title='bbox 1001 1244 1470 1319; x_wconf 81' lang='grc' dir='ltr'>ὲνανθρωπήσεως</span> <span class='ocrx_word' id='word_1_87' title='bbox 1501 1249 1560 1303; x_wconf 83' lang='grc' dir='ltr'>ὲν</span> <span class='ocrx_word' id='word_1_88' title='bbox 1583 1251 1745 1303; x_wconf 74' lang='grc' dir='ltr'>παντὶ</span> <span class='ocrx_word' id='word_1_89' title='bbox 1775 1249 2004 1304; x_wconf 86' lang='grc' dir='ltr'>τελειου-</span> 
     </span>
    </p>
   </div>
   <div class='ocr_carea' id='block_1_14' title="bbox 407 1328 2001 1415">
    <p class='ocr_par' dir='ltr' id='par_1_14' title="bbox 407 1328 2001 1415">
     <span class='ocr_line' id='line_1_14' title="bbox 407 1328 2001 1415; baseline 0.01 -33"><span class='ocrx_word' id='word_1_90' title='bbox 407 1328 574 1400; x_wconf 82' lang='grc' dir='ltr'>μένης</span> <span class='ocrx_word' id='word_1_91' title='bbox 608 1330 842 1404; x_wconf 86' lang='grc' dir='ltr'>σώματι,</span> <span class='ocrx_word' id='word_1_92' title='bbox 864 1336 959 1389; x_wconf 63' lang='grc' dir='ltr'><strong>καὶ⁵</strong></span> <span class='ocrx_word' id='word_1_93' title='bbox 985 1336 1154 1410; x_wconf 80' lang='grc' dir='ltr'>ψυχῇ.</span> <span class='ocrx_word' id='word_1_94' title='bbox 1185 1341 1281 1394; x_wconf 73' lang='grc' dir='ltr'><strong>καὶ</strong></span> <span class='ocrx_word' id='word_1_95' title='bbox 1312 1343 1406 1413; x_wconf 86' lang='grc' dir='ltr'>νῷ,</span> <span class='ocrx_word' id='word_1_96' title='bbox 1434 1342 1530 1397; x_wconf 80' lang='grc' dir='ltr'>καὶ</span> <span class='ocrx_word' id='word_1_97' title='bbox 1552 1343 1772 1415; x_wconf 79' lang='grc' dir='ltr'>καρδίᾳ,</span> <span class='ocrx_word' id='word_1_98' title='bbox 1796 1345 1888 1398; x_wconf 74' lang='grc' dir='ltr'><strong>καὶ</strong></span> <span class='ocrx_word' id='word_1_99' title='bbox 1921 1345 2001 1410; x_wconf 87' lang='grc' dir='ltr'><strong>είς</strong></span> 
     </span>
    </p>
   </div>
   <div class='ocr_carea' id='block_1_15' title="bbox 404 1421 2000 1508">
    <p class='ocr_par' dir='ltr' id='par_1_15' title="bbox 404 1421 2000 1508">
     <span class='ocr_line' id='line_1_15' title="bbox 404 1421 2000 1508; baseline 0.009 -31"><span class='ocrx_word' id='word_1_100' title='bbox 404 1421 586 1478; x_wconf 80' lang='grc' dir='ltr'>πάντα</span> <span class='ocrx_word' id='word_1_101' title='bbox 620 1425 723 1478; x_wconf 85' lang='grc' dir='ltr'><strong>ὅσα</strong></span> <span class='ocrx_word' id='word_1_102' title='bbox 750 1427 900 1481; x_wconf 76' lang='grc' dir='ltr'>ἐστὶν</span> <span class='ocrx_word' id='word_1_103' title='bbox 929 1429 1217 1504; x_wconf 79' lang='grc' dir='ltr'>ἄνθρωπος</span> <span class='ocrx_word' id='word_1_104' title='bbox 1258 1435 1429 1506; x_wconf 71' lang='grc' dir='ltr'>χωρὶς</span> <span class='ocrx_word' id='word_1_105' title='bbox 1470 1436 1768 1508; x_wconf 67' lang='grc' dir='ltr'>ἁμαρτίας</span> <span class='ocrx_word' id='word_1_106' title='bbox 1806 1436 2000 1507; x_wconf 80' lang='grc' dir='ltr'>γέγονε</span> 
     </span>
    </p>
   </div>
   <div class='ocr_carea' id='block_1_16' title="bbox 403 1514 2001 1600">
    <p class='ocr_par' dir='ltr' id='par_1_16' title="bbox 403 1514 2001 1600">
     <span class='ocr_line' id='line_1_16' title="bbox 403 1514 2001 1600; baseline 0.01 -32"><span class='ocrx_word' id='word_1_107' title='bbox 403 1514 460 1569; x_wconf 81' lang='grc' dir='ltr'><strong>δὲ</strong></span> <span class='ocrx_word' id='word_1_108' title='bbox 499 1516 646 1588; x_wconf 83' lang='grc' dir='ltr'><strong>αὒτῷ</strong></span> <span class='ocrx_word' id='word_1_109' title='bbox 683 1518 751 1572; x_wconf 84' lang='grc' dir='ltr'><strong>τά</strong></span> <span class='ocrx_word' id='word_1_110' title='bbox 796 1520 1114 1592; x_wconf 80' lang='grc' dir='ltr'>ἀνθρώπινα</span> <span class='ocrx_word' id='word_1_111' title='bbox 1156 1526 1393 1595; x_wconf 78' lang='grc' dir='ltr'>εὐλόγως</span> <span class='ocrx_word' id='word_1_112' title='bbox 1419 1528 1778 1600; x_wconf 86' lang='grc' dir='ltr'>πράττεσθαι,</span> <span class='ocrx_word' id='word_1_113' title='bbox 1814 1529 1909 1584; x_wconf 73' lang='grc' dir='ltr'>καὶ</span> <span class='ocrx_word' id='word_1_114' title='bbox 1943 1532 2001 1585; x_wconf 78' lang='grc' dir='ltr'>ἐν</span> 
     </span>
    </p>
   </div>
   <div class='ocr_carea' id='block_1_17' title="bbox 405 1607 1998 1699">
    <p class='ocr_par' dir='ltr' id='par_1_17' title="bbox 405 1607 1998 1699">
     <span class='ocr_line' id='line_1_17' title="bbox 405 1607 1998 1699; baseline 0.011 -37"><span class='ocrx_word' id='word_1_115' title='bbox 405 1607 616 1681; x_wconf 85' lang='grc' dir='ltr'>θεότητι</span> <span class='ocrx_word' id='word_1_116' title='bbox 660 1613 882 1680; x_wconf 86' lang='grc' dir='ltr'>τελείως</span> <span class='ocrx_word' id='word_1_117' title='bbox 920 1619 979 1671; x_wconf 87' lang='grc' dir='ltr'>ὲν</span> <span class='ocrx_word' id='word_1_118' title='bbox 1024 1621 1271 1694; x_wconf 79' lang='grc' dir='ltr'>σωτηρίᾳ</span> <span class='ocrx_word' id='word_1_119' title='bbox 1309 1622 1699 1691; x_wconf 79' lang='grc' dir='ltr'>ἐπιτελεῖσθαι,</span> <span class='ocrx_word' id='word_1_120' title='bbox 1731 1624 1916 1679; x_wconf 81' lang='grc' dir='ltr'>οὐκέτι</span> <span class='ocrx_word' id='word_1_121' title='bbox 1963 1627 1998 1699; x_wconf 81' lang='grc' dir='ltr'>ἡ</span> 
     </span>
    </p>
   </div>
   <div class='ocr_carea' id='block_1_18' title="bbox 404 1703 1996 1789">
    <p class='ocr_par' dir='ltr' id='par_1_18' title="bbox 404 1703 1996 1789">
     <span class='ocr_line' id='line_1_18' title="bbox 404 1703 1996 1789; baseline 0.011 -34"><span class='ocrx_word' id='word_1_122' title='bbox 404 1703 569 1757; x_wconf 83' lang='grc' dir='ltr'>αὐτοῦ</span> <span class='ocrx_word' id='word_1_123' title='bbox 595 1705 786 1779; x_wconf 86' lang='grc' dir='ltr'>θεότης</span> <span class='ocrx_word' id='word_1_124' title='bbox 819 1709 1070 1783; x_wconf 80' lang='grc' dir='ltr'>ἀδοξήσει</span> <span class='ocrx_word' id='word_1_125' title='bbox 1101 1713 1252 1786; x_wconf 71' lang='grc' dir='ltr'>παρὰ</span> <span class='ocrx_word' id='word_1_126' title='bbox 1290 1716 1391 1785; x_wconf 76' lang='grc' dir='ltr'>τὴν</span> <span class='ocrx_word' id='word_1_127' title='bbox 1426 1717 1518 1771; x_wconf 87' lang='grc' dir='ltr'><strong>τοῦ</strong></span> <span class='ocrx_word' id='word_1_128' title='bbox 1553 1717 1766 1789; x_wconf 76' lang='grc' dir='ltr'>Πατρδς</span> <span class='ocrx_word' id='word_1_129' title='bbox 1794 1718 1996 1772; x_wconf 87' lang='grc' dir='ltr'>τελειό-</span> 
     </span>
    </p>
   </div>
   <div class='ocr_carea' id='block_1_19' title="bbox 2107 608 3700 678">
    <p class='ocr_par' dir='ltr' id='par_1_19' title="bbox 2107 608 3700 678">
     <span class='ocr_line' id='line_1_19' title="bbox 2107 608 3700 678; baseline 0.003 -18"><span class='ocrx_word' id='word_1_130' title='bbox 2107 615 2162 661; x_wconf 91' lang='lat' dir='ltr'><strong>et</strong></span> <span class='ocrx_word' id='word_1_131' title='bbox 2194 616 2414 678; x_wconf 82' lang='lat' dir='ltr'><strong>tropum</strong></span> <span class='ocrx_word' id='word_1_132' title='bbox 2456 611 2712 669; x_wconf 85' lang='lat' dir='ltr'><strong>universa</strong></span> <span class='ocrx_word' id='word_1_133' title='bbox 2737 608 3072 666; x_wconf 86' lang='lat' dir='ltr'><strong>traducenda</strong></span> <span class='ocrx_word' id='word_1_134' title='bbox 3104 615 3257 674; x_wconf 90' lang='lat' dir='ltr'><strong>sunt,</strong></span> <span class='ocrx_word' id='word_1_135' title='bbox 3286 615 3381 663; x_wconf 89' lang='lat' dir='ltr'><strong>aut</strong></span> <span class='ocrx_word' id='word_1_136' title='bbox 3403 608 3700 665; x_wconf 83' lang='lat' dir='ltr'><strong>confusum</strong></span> 
     </span>
    </p>
   </div>
   <div class='ocr_carea' id='block_1_20' title="bbox 2104 701 3700 775">
    <p class='ocr_par' dir='ltr' id='par_1_20' title="bbox 2104 701 3700 775">
     <span class='ocr_line' id='line_1_20' title="bbox 2104 701 3700 775; baseline 0.002 -18"><span class='ocrx_word' id='word_1_137' title='bbox 2104 701 2379 772; x_wconf 85' lang='lat' dir='ltr'><strong>quoddam</strong></span> <span class='ocrx_word' id='word_1_138' title='bbox 2405 717 2610 774; x_wconf 87' lang='lat' dir='ltr'><strong>corpus</strong></span> <span class='ocrx_word' id='word_1_139' title='bbox 2650 703 2893 759; x_wconf 75' lang='lat' dir='ltr'><strong>induerit</strong></span> <span class='ocrx_word' id='word_1_140' title='bbox 2948 710 3164 775; x_wconf 83' lang='lat' dir='ltr'><strong>oportet</strong></span> <span class='ocrx_word' id='word_1_141' title='bbox 3188 742 3202 767; x_wconf 87' lang='lat'><strong>,</strong></span> <span class='ocrx_word' id='word_1_142' title='bbox 3240 704 3384 775; x_wconf 92' lang='lat' dir='ltr'><strong>quod</strong></span> <span class='ocrx_word' id='word_1_143' title='bbox 3422 704 3700 760; x_wconf 84' lang='lat' dir='ltr'><strong>intestinis</strong></span> 
     </span>
    </p>
   </div>
   <div class='ocr_carea' id='block_1_21' title="bbox 2105 793 3701 865">
    <p class='ocr_par' dir='ltr' id='par_1_21' title="bbox 2105 793 3701 865">
     <span class='ocr_line' id='line_1_21' title="bbox 2105 793 3701 865; baseline 0.001 -15"><span class='ocrx_word' id='word_1_144' title='bbox 2105 795 2328 865; x_wconf 87' lang='lat' dir='ltr'><strong>penitus</strong></span> <span class='ocrx_word' id='word_1_145' title='bbox 2357 802 2564 850; x_wconf 85' lang='lat' dir='ltr'><strong>careat.</strong></span> <span class='ocrx_word' id='word_1_146' title='bbox 2599 793 2757 862; x_wconf 86' lang='lat' dir='ltr'><strong>Quod</strong></span> <span class='ocrx_word' id='word_1_147' title='bbox 2801 795 2849 850; x_wconf 89' lang='lat' dir='ltr'><strong>si</strong></span> <span class='ocrx_word' id='word_1_148' title='bbox 2901 795 2977 850; x_wconf 89' lang='lat' dir='ltr'><strong>ita</strong></span> <span class='ocrx_word' id='word_1_149' title='bbox 3006 802 3132 860; x_wconf 91' lang='lat' dir='ltr'><strong>est,</strong></span> <span class='ocrx_word' id='word_1_150' title='bbox 3168 796 3318 851; x_wconf 80' lang='lat' dir='ltr'><strong>vesci</strong></span> <span class='ocrx_word' id='word_1_151' title='bbox 3366 806 3463 850; x_wconf 88' lang='lat' dir='ltr'><strong>aut</strong></span> <span class='ocrx_word' id='word_1_152' title='bbox 3512 796 3701 852; x_wconf 85' lang='lat' dir='ltr'><strong>bibere</strong></span> 
     </span>
    </p>
   </div>
   <div class='ocr_carea' id='block_1_22' title="bbox 2105 886 3702 960">
    <p class='ocr_par' dir='ltr' id='par_1_22' title="bbox 2105 886 3702 960">
     <span class='ocr_line' id='line_1_22' title="bbox 2105 886 3702 960; baseline 0.001 -19"><span class='ocrx_word' id='word_1_153' title='bbox 2105 886 2383 959; x_wconf 87' lang='lat' dir='ltr'><strong>quomodo</strong></span> <span class='ocrx_word' id='word_1_154' title='bbox 2436 888 2661 959; x_wconf 87' lang='lat' dir='ltr'><strong>potuit?</strong></span> <span class='ocrx_word' id='word_1_155' title='bbox 2703 889 2890 960; x_wconf 81' lang='lat' dir='ltr'><strong>Apage</strong></span> <span class='ocrx_word' id='word_1_156' title='bbox 2947 898 3056 942; x_wconf 86' lang='lat' dir='ltr'><strong>tam</strong></span> <span class='ocrx_word' id='word_1_157' title='bbox 3094 888 3356 944; x_wconf 90' lang='lat' dir='ltr'><strong>absurda.</strong></span> <span class='ocrx_word' id='word_1_158' title='bbox 3414 886 3533 944; x_wconf 82' lang='lat' dir='ltr'><strong>Jam</strong></span> <span class='ocrx_word' id='word_1_159' title='bbox 3568 905 3702 944; x_wconf 87' lang='lat' dir='ltr'><strong>vero</strong></span> 
     </span>
    </p>
   </div>
   <div class='ocr_carea' id='block_1_23' title="bbox 2104 977 3700 1050">
    <p class='ocr_par' dir='ltr' id='par_1_23' title="bbox 2104 977 3700 1050">
     <span class='ocr_line' id='line_1_23' title="bbox 2104 977 3700 1050; baseline 0.001 -18"><span class='ocrx_word' id='word_1_160' title='bbox 2104 993 2229 1032; x_wconf 92' lang='lat' dir='ltr'><strong>cum</strong></span> <span class='ocrx_word' id='word_1_161' title='bbox 2261 977 2425 1035; x_wconf 84' lang='lat' dir='ltr'><strong>Pater</strong></span> <span class='ocrx_word' id='word_1_162' title='bbox 2455 993 2554 1033; x_wconf 90' lang='lat' dir='ltr'><strong>cor</strong></span> <span class='ocrx_word' id='word_1_163' title='bbox 2578 985 2634 1034; x_wconf 92' lang='lat' dir='ltr'><strong>et</strong></span> <span class='ocrx_word' id='word_1_164' title='bbox 2666 980 2910 1034; x_wconf 90' lang='lat' dir='ltr'><strong>animam</strong></span> <span class='ocrx_word' id='word_1_165' title='bbox 2952 978 3059 1034; x_wconf 84' lang='lat' dir='ltr'><strong>sibi</strong></span> <span class='ocrx_word' id='word_1_166' title='bbox 3105 978 3333 1046; x_wconf 82' lang='lat' dir='ltr'><strong>tribuat,</strong></span> <span class='ocrx_word' id='word_1_167' title='bbox 3377 979 3540 1050; x_wconf 86' lang='lat' dir='ltr'><strong>idque</strong></span> <span class='ocrx_word' id='word_1_168' title='bbox 3564 979 3700 1034; x_wconf 90' lang='lat' dir='ltr'><strong>alle-</strong></span> 
     </span>
    </p>
   </div>
   <div class='ocr_carea' id='block_1_24' title="bbox 2104 1060 3702 1143">
    <p class='ocr_par' dir='ltr' id='par_1_24' title="bbox 2104 1060 3702 1143">
     <span class='ocr_line' id='line_1_24' title="bbox 2104 1060 3702 1143; baseline 0 -18"><span class='ocrx_word' id='word_1_169' title='bbox 2104 1071 2290 1143; x_wconf 88' lang='lat' dir='ltr'><strong>gorice</strong></span> <span class='ocrx_word' id='word_1_170' title='bbox 2316 1113 2333 1138; x_wconf 89' lang='lat'><strong>,</strong></span> <span class='ocrx_word' id='word_1_171' title='bbox 2361 1085 2426 1126; x_wconf 90' lang='lat' dir='ltr'><strong>ac</strong></span> <span class='ocrx_word' id='word_1_172' title='bbox 2454 1086 2553 1142; x_wconf 89' lang='lat' dir='ltr'><strong>per</strong></span> <span class='ocrx_word' id='word_1_173' title='bbox 2591 1079 2812 1141; x_wconf 89' lang='lat' dir='ltr'><strong>tropum</strong></span> <span class='ocrx_word' id='word_1_174' title='bbox 2851 1060 2927 1127; x_wconf 71' lang='lat' dir='ltr'><strong>de&#39;</strong></span> <span class='ocrx_word' id='word_1_175' title='bbox 2968 1061 3089 1142; x_wconf 85' lang='lat' dir='ltr'><strong>ipso</strong></span> <span class='ocrx_word' id='word_1_176' title='bbox 3125 1072 3472 1141; x_wconf 86' lang='lat' dir='ltr'><strong>interpretari</strong></span> <span class='ocrx_word' id='word_1_177' title='bbox 3520 1071 3702 1142; x_wconf 84' lang='lat' dir='ltr'><strong>possi-</strong></span> 
     </span>
    </p>
   </div>
   <div class='ocr_carea' id='block_1_25' title="bbox 2106 1162 3708 1236">
    <p class='ocr_par' dir='ltr' id='par_1_25' title="bbox 2106 1162 3708 1236">
     <span class='ocr_line' id='line_1_25' title="bbox 2106 1162 3708 1236; baseline -0.001 -17"><span class='ocrx_word' id='word_1_178' title='bbox 2106 1181 2260 1230; x_wconf 89' lang='lat' dir='ltr'><strong>mus;</strong></span> <span class='ocrx_word' id='word_1_179' title='bbox 2293 1179 2358 1220; x_wconf 90' lang='lat' dir='ltr'><strong>ac</strong></span> <span class='ocrx_word' id='word_1_180' title='bbox 2383 1163 2450 1220; x_wconf 90' lang='lat' dir='ltr'><strong>de</strong></span> <span class='ocrx_word' id='word_1_181' title='bbox 2481 1162 2621 1219; x_wconf 81' lang='lat' dir='ltr'><strong>Filio</strong></span> <span class='ocrx_word' id='word_1_182' title='bbox 2652 1180 2895 1236; x_wconf 90' lang='lat' dir='ltr'><strong>quoque,</strong></span> <span class='ocrx_word' id='word_1_183' title='bbox 2929 1165 3079 1235; x_wconf 92' lang='lat' dir='ltr'><strong>quod</strong></span> <span class='ocrx_word' id='word_1_184' title='bbox 3113 1165 3180 1219; x_wconf 92' lang='lat' dir='ltr'><strong>ad</strong></span> <span class='ocrx_word' id='word_1_185' title='bbox 3211 1165 3450 1219; x_wconf 88' lang='lat' dir='ltr'><strong>animam</strong></span> <span class='ocrx_word' id='word_1_186' title='bbox 3482 1162 3708 1226; x_wconf 82' lang='lat' dir='ltr'><strong>attinet.’</strong></span> 
     </span>
    </p>
   </div>
   <div class='ocr_carea' id='block_1_26' title="bbox 2103 1254 3703 1327">
    <p class='ocr_par' dir='ltr' id='par_1_26' title="bbox 2103 1254 3703 1327">
     <span class='ocr_line' id='line_1_26' title="bbox 2103 1254 3703 1327; baseline -0.001 -17"><span class='ocrx_word' id='word_1_187' title='bbox 2103 1270 2268 1327; x_wconf 93' lang='lat' dir='ltr'><strong>quam</strong></span> <span class='ocrx_word' id='word_1_188' title='bbox 2299 1255 2368 1311; x_wconf 90' lang='lat' dir='ltr'><strong>ab</strong></span> <span class='ocrx_word' id='word_1_189' title='bbox 2413 1255 2508 1311; x_wconf 90' lang='lat' dir='ltr'><strong>illo</strong></span> <span class='ocrx_word' id='word_1_190' title='bbox 2559 1263 2875 1326; x_wconf 86' lang='lat' dir='ltr'><strong>susceptam</strong></span> <span class='ocrx_word' id='word_1_191' title='bbox 2928 1254 3118 1310; x_wconf 82' lang='lat' dir='ltr'><strong>Ariani</strong></span> <span class='ocrx_word' id='word_1_192' title='bbox 3149 1262 3393 1326; x_wconf 82' lang='lat' dir='ltr'><strong>negant,</strong></span> <span class='ocrx_word' id='word_1_193' title='bbox 3424 1262 3703 1326; x_wconf 90' lang='lat' dir='ltr'><strong>utcunque</strong></span> 
     </span>
    </p>
   </div>
   <div class='ocr_carea' id='block_1_27' title="bbox 2104 1344 3747 1417">
    <p class='ocr_par' dir='ltr' id='par_1_27' title="bbox 2104 1344 3747 1417">
     <span class='ocr_line' id='line_1_27' title="bbox 2104 1344 3747 1417; baseline -0.003 -14"><span class='ocrx_word' id='word_1_194' title='bbox 2104 1349 2270 1404; x_wconf 88' lang='lat' dir='ltr'><strong>etiam</strong></span> <span class='ocrx_word' id='word_1_195' title='bbox 2305 1347 2515 1417; x_wconf 89' lang='lat' dir='ltr'><strong>tropice</strong></span> <span class='ocrx_word' id='word_1_196' title='bbox 2564 1346 2774 1403; x_wconf 89' lang='lat' dir='ltr'><strong>dictum</strong></span> <span class='ocrx_word' id='word_1_197' title='bbox 2808 1344 2981 1400; x_wconf 90' lang='lat' dir='ltr'><strong>videri</strong></span> <span class='ocrx_word' id='word_1_198' title='bbox 3020 1346 3228 1415; x_wconf 91' lang='lat' dir='ltr'><strong>possit:</strong></span> <span class='ocrx_word' id='word_1_199' title='bbox 3271 1351 3419 1399; x_wconf 88' lang='lat' dir='ltr'><strong>certe</strong></span> <span class='ocrx_word' id='word_1_200' title='bbox 3453 1358 3578 1399; x_wconf 91' lang='lat' dir='ltr'><strong>cum</strong></span> <span class='ocrx_word' id='word_1_201' title='bbox 3603 1358 3703 1399; x_wconf 91' lang='lat' dir='ltr'><strong>cor</strong></span> <span class='ocrx_word' id='word_1_202' title='bbox 3744 1368 3747 1371; x_wconf 83' lang='lat'><strong><em>-</em></strong></span> 
     </span>
    </p>
   </div>
   <div class='ocr_carea' id='block_1_28' title="bbox 2101 1439 3703 1511">
    <p class='ocr_par' dir='ltr' id='par_1_28' title="bbox 2101 1439 3703 1511">
     <span class='ocr_line' id='line_1_28' title="bbox 2101 1439 3703 1511; baseline -0.003 -14"><span class='ocrx_word' id='word_1_203' title='bbox 2101 1441 2213 1497; x_wconf 89' lang='lat' dir='ltr'><strong>illis</strong></span> <span class='ocrx_word' id='word_1_204' title='bbox 2246 1440 2544 1511; x_wconf 91' lang='lat' dir='ltr'><strong>opponitur</strong></span> <span class='ocrx_word' id='word_1_205' title='bbox 2574 1479 2590 1503; x_wconf 86' lang='lat'><strong>,</strong></span> <span class='ocrx_word' id='word_1_206' title='bbox 2652 1454 2855 1510; x_wconf 85' lang='lat' dir='ltr'><strong>negare</strong></span> <span class='ocrx_word' id='word_1_207' title='bbox 2908 1439 3134 1492; x_wconf 88' lang='lat' dir='ltr'><strong>omnino</strong></span> <span class='ocrx_word' id='word_1_208' title='bbox 3185 1453 3291 1492; x_wconf 89' lang='lat' dir='ltr'><strong>non</strong></span> <span class='ocrx_word' id='word_1_209' title='bbox 3325 1445 3599 1505; x_wconf 78' lang='lat' dir='ltr'><strong>possunt,</strong></span> <span class='ocrx_word' id='word_1_210' title='bbox 3633 1452 3703 1492; x_wconf 92' lang='lat' dir='ltr'><strong>eo</strong></span> 
     </span>
    </p>
   </div>
   <div class='ocr_carea' id='block_1_29' title="bbox 2105 1526 3699 1606">
    <p class='ocr_par' dir='ltr' id='par_1_29' title="bbox 2105 1526 3699 1606">
     <span class='ocr_line' id='line_1_29' title="bbox 2105 1526 3699 1606; baseline -0.005 -18"><span class='ocrx_word' id='word_1_211' title='bbox 2105 1533 2252 1606; x_wconf 89' lang='lat' dir='ltr'><strong>quod</strong></span> <span class='ocrx_word' id='word_1_212' title='bbox 2313 1540 2485 1587; x_wconf 90' lang='lat' dir='ltr'><strong>totam</strong></span> <span class='ocrx_word' id='word_1_213' title='bbox 2544 1530 2777 1585; x_wconf 87' lang='lat' dir='ltr'><strong>humani</strong></span> <span class='ocrx_word' id='word_1_214' title='bbox 2836 1529 3087 1601; x_wconf 90' lang='lat' dir='ltr'><strong>corporis</strong></span> <span class='ocrx_word' id='word_1_215' title='bbox 3135 1526 3549 1598; x_wconf 84' lang='lat' dir='ltr'><strong>dispositionem</strong></span> <span class='ocrx_word' id='word_1_216' title='bbox 3605 1540 3699 1581; x_wconf 85' lang='lat' dir='ltr'><strong>as-</strong></span> 
     </span>
    </p>
   </div>
   <div class='ocr_carea' id='block_1_30' title="bbox 2102 1618 3697 1696">
    <p class='ocr_par' dir='ltr' id='par_1_30' title="bbox 2102 1618 3697 1696">
     <span class='ocr_line' id='line_1_30' title="bbox 2102 1618 3697 1696; baseline -0.003 -14"><span class='ocrx_word' id='word_1_217' title='bbox 2102 1633 2376 1696; x_wconf 88' lang='lat' dir='ltr'><strong>sumptam</strong></span> <span class='ocrx_word' id='word_1_218' title='bbox 2431 1639 2463 1678; x_wconf 92' lang='lat' dir='ltr'><strong>a</strong></span> <span class='ocrx_word' id='word_1_219' title='bbox 2515 1623 2750 1678; x_wconf 89' lang='lat' dir='ltr'><strong>Domino</strong></span> <span class='ocrx_word' id='word_1_220' title='bbox 2800 1621 2972 1678; x_wconf 82' lang='lat' dir='ltr'><strong>fuisse</strong></span> <span class='ocrx_word' id='word_1_221' title='bbox 3024 1621 3171 1677; x_wconf 87' lang='lat' dir='ltr'><strong>ultro</strong></span> <span class='ocrx_word' id='word_1_222' title='bbox 3210 1620 3314 1691; x_wconf 87' lang='lat' dir='ltr'><strong>ipsi</strong></span> <span class='ocrx_word' id='word_1_223' title='bbox 3344 1618 3697 1678; x_wconf 81' lang='lat' dir='ltr'><strong>conﬁtentur.</strong></span> 
     </span>
    </p>
   </div>
   <div class='ocr_carea' id='block_1_31' title="bbox 2103 1711 3701 1789">
    <p class='ocr_par' dir='ltr' id='par_1_31' title="bbox 2103 1711 3701 1789">
     <span class='ocr_line' id='line_1_31' title="bbox 2103 1711 3701 1789; baseline -0.003 -16"><span class='ocrx_word' id='word_1_224' title='bbox 2103 1718 2451 1789; x_wconf 89' lang='lat' dir='ltr'><strong>Proindeque</strong></span> <span class='ocrx_word' id='word_1_225' title='bbox 2486 1715 2948 1788; x_wconf 82' lang='lat' dir='ltr'><strong>quemadmodum</strong></span> <span class='ocrx_word' id='word_1_226' title='bbox 2993 1729 3089 1769; x_wconf 91' lang='lat' dir='ltr'><strong>cor</strong></span> <span class='ocrx_word' id='word_1_227' title='bbox 3141 1713 3358 1769; x_wconf 88' lang='lat' dir='ltr'><strong>duobus</strong></span> <span class='ocrx_word' id='word_1_228' title='bbox 3394 1711 3575 1769; x_wconf 92' lang='lat' dir='ltr'><strong>modis</strong></span> <span class='ocrx_word' id='word_1_229' title='bbox 3605 1727 3701 1768; x_wconf 87' lang='lat' dir='ltr'><strong>ac-</strong></span> 
     </span>
    </p>
   </div>
   <div class='ocr_carea' id='block_1_32' title="bbox 403 1798 2001 1884">
    <p class='ocr_par' dir='ltr' id='par_1_32' title="bbox 403 1798 1999 1881">
     <span class='ocr_line' id='line_1_32' title="bbox 403 1798 1999 1881; baseline 0.01 -33"><span class='ocrx_word' id='word_1_230' title='bbox 403 1812 562 1865; x_wconf 82' lang='grc' dir='ltr'>τητα’</span> <span class='ocrx_word' id='word_1_231' title='bbox 597 1798 733 1852; x_wconf 85' lang='grc' dir='ltr'><strong>άλλά</strong></span> <span class='ocrx_word' id='word_1_232' title='bbox 775 1799 863 1855; x_wconf 85' lang='grc' dir='ltr'>διὰ</span> <span class='ocrx_word' id='word_1_233' title='bbox 900 1802 999 1875; x_wconf 86' lang='grc' dir='ltr'>τὴν</span> <span class='ocrx_word' id='word_1_234' title='bbox 1032 1802 1299 1876; x_wconf 81' lang='grc' dir='ltr'>ἕνσαρκον</span> <span class='ocrx_word' id='word_1_235' title='bbox 1339 1808 1776 1881; x_wconf 82' lang='grc' dir='ltr'>ἑνανθρὼπησιν,</span> <span class='ocrx_word' id='word_1_236' title='bbox 1808 1811 1904 1865; x_wconf 72' lang='grc' dir='ltr'><strong>καὶ</strong></span> <span class='ocrx_word' id='word_1_237' title='bbox 1936 1810 1999 1864; x_wconf 82' lang='grc' dir='ltr'><strong>τὸ</strong></span> 
     </span>
    </p>
   </div>
   <div class='ocr_carea' id='block_1_33' title="bbox 2106 1798 3701 1884">
    <p class='ocr_par' dir='ltr' id='par_1_33' title="bbox 2106 1807 3701 1884">
     <span class='ocr_line' id='line_1_33' title="bbox 2106 1807 3701 1884; baseline -0.005 -15"><span class='ocrx_word' id='word_1_238' title='bbox 2106 1814 2208 1884; x_wconf 89' lang='lat' dir='ltr'><strong>cipi</strong></span> <span class='ocrx_word' id='word_1_239' title='bbox 2243 1828 2356 1868; x_wconf 91' lang='lat' dir='ltr'><strong>non</strong></span> <span class='ocrx_word' id='word_1_240' title='bbox 2379 1819 2602 1884; x_wconf 89' lang='lat' dir='ltr'><strong>negant,</strong></span> <span class='ocrx_word' id='word_1_241' title='bbox 2642 1811 2860 1882; x_wconf 89' lang='lat' dir='ltr'><strong>proprie</strong></span> <span class='ocrx_word' id='word_1_242' title='bbox 2900 1808 3116 1865; x_wconf 85' lang='lat' dir='ltr'><strong>scilicet</strong></span> <span class='ocrx_word' id='word_1_243' title='bbox 3142 1822 3208 1863; x_wconf 88' lang='lat' dir='ltr'><strong>ac</strong></span> <span class='ocrx_word' id='word_1_244' title='bbox 3234 1823 3383 1872; x_wconf 83' lang='lat' dir='ltr'><strong>vere,</strong></span> <span class='ocrx_word' id='word_1_245' title='bbox 3406 1815 3462 1863; x_wconf 91' lang='lat' dir='ltr'><strong>et</strong></span> <span class='ocrx_word' id='word_1_246' title='bbox 3493 1807 3701 1878; x_wconf 83' lang='lat' dir='ltr'><strong>allego-</strong></span> 
     </span>
    </p>
   </div>
   <div class='ocr_carea' id='block_1_34' title="bbox 403 1870 2001 1972">
    <p class='ocr_par' dir='ltr' id='par_1_34' title="bbox 403 1870 1996 1964">
     <span class='ocr_line' id='line_1_34' title="bbox 403 1870 1996 1964; baseline 0.011 -26"><span class='ocrx_word' id='word_1_247' title='bbox 403 1884 648 1958; x_wconf 74' lang='grc' dir='ltr'>διψῆσαι,</span> <span class='ocrx_word' id='word_1_248' title='bbox 681 1890 777 1943; x_wconf 76' lang='grc' dir='ltr'><strong>καὶ</strong></span> <span class='ocrx_word' id='word_1_249' title='bbox 812 1890 875 1944; x_wconf 82' lang='grc' dir='ltr'><strong>τὸ</strong></span> <span class='ocrx_word' id='word_1_250' title='bbox 907 1870 1183 1964; x_wconf 71' lang='grc' dir='ltr'>πεινῆσαι,</span> <span class='ocrx_word' id='word_1_251' title='bbox 1210 1899 1304 1950; x_wconf 75' lang='grc' dir='ltr'>καὶ</span> <span class='ocrx_word' id='word_1_252' title='bbox 1333 1897 1395 1951; x_wconf 83' lang='grc' dir='ltr'><strong>τὸ</strong></span> <span class='ocrx_word' id='word_1_253' title='bbox 1438 1870 1605 1963; x_wconf 72' lang='grc' dir='ltr'>πιεῖν,</span> <span class='ocrx_word' id='word_1_254' title='bbox 1645 1870 1742 1954; x_wconf 74' lang='grc' dir='ltr'><strong>καὶ</strong></span> <span class='ocrx_word' id='word_1_255' title='bbox 1763 1870 1996 1964; x_wconf 34' lang='grc' dir='ltr'>-ὲσθίειν,</span> 
     </span>
    </p>
   </div>
   <div class='ocr_carea' id='block_1_35' title="bbox 2106 1870 3701 1972">
    <p class='ocr_par' dir='ltr' id='par_1_35' title="bbox 2106 1870 3701 1972">
     <span class='ocr_line' id='line_1_35' title="bbox 2106 1870 3701 1972; baseline -0.004 -12"><span class='ocrx_word' id='word_1_256' title='bbox 2106 1870 2215 1963; x_wconf 70' lang='lat' dir='ltr'><strong>rice</strong></span> <span class='ocrx_word' id='word_1_257' title='bbox 2234 1947 2249 1971; x_wconf 91' lang='lat'><strong>,</strong></span> <span class='ocrx_word' id='word_1_258' title='bbox 2278 1905 2354 1959; x_wconf 88' lang='lat' dir='ltr'><strong>ita</strong></span> <span class='ocrx_word' id='word_1_259' title='bbox 2381 1912 2436 1960; x_wconf 90' lang='lat' dir='ltr'><strong>et</strong></span> <span class='ocrx_word' id='word_1_260' title='bbox 2451 1870 2539 1959; x_wconf 46' lang='lat' dir='ltr'><strong>&quot;de</strong></span> <span class='ocrx_word' id='word_1_261' title='bbox 2564 1903 2746 1957; x_wconf 90' lang='lat' dir='ltr'><strong>anima</strong></span> <span class='ocrx_word' id='word_1_262' title='bbox 2784 1892 3035 1972; x_wconf 79' lang='lat' dir='ltr'><strong>judicare</strong></span> <span class='ocrx_word' id='word_1_263' title='bbox 3063 1900 3321 1955; x_wconf 83' lang='lat' dir='ltr'><strong>convenit</strong></span> <span class='ocrx_word' id='word_1_264' title='bbox 3347 1940 3362 1964; x_wconf 94' lang='lat'><strong>,</strong></span> <span class='ocrx_word' id='word_1_265' title='bbox 3393 1905 3451 1952; x_wconf 88' lang='lat' dir='ltr'><strong>ut</strong></span> <span class='ocrx_word' id='word_1_266' title='bbox 3475 1913 3539 1954; x_wconf 91' lang='lat' dir='ltr'><strong>ea</strong></span> <span class='ocrx_word' id='word_1_267' title='bbox 3570 1913 3701 1953; x_wconf 90' lang='lat' dir='ltr'><strong>vere</strong></span> 
     </span>
    </p>
   </div>
   <div class='ocr_carea' id='block_1_36' title="bbox 402 1978 2001 2066">
    <p class='ocr_par' dir='ltr' id='par_1_36' title="bbox 402 1978 2001 2065">
     <span class='ocr_line' id='line_1_36' title="bbox 402 1978 2001 2065; baseline 0.014 -36"><span class='ocrx_word' id='word_1_268' title='bbox 402 1978 583 2032; x_wconf 76' lang='grc' dir='ltr'>καὶτὸ</span> <span class='ocrx_word' id='word_1_269' title='bbox 603 1980 827 2046; x_wconf 84' lang='grc' dir='ltr'>ὑπνοῦν,</span> <span class='ocrx_word' id='word_1_270' title='bbox 854 1986 948 2038; x_wconf 59' lang='grc' dir='ltr'><strong>καί⁵</strong></span> <span class='ocrx_word' id='word_1_271' title='bbox 972 1986 1262 2058; x_wconf 83' lang='grc' dir='ltr'>ἀδημονεῖν</span> <span class='ocrx_word' id='word_1_272' title='bbox 1286 1990 1727 2065; x_wconf 75' lang='grc' dir='ltr'>πληρωθήσεται,</span> <span class='ocrx_word' id='word_1_273' title='bbox 1753 1995 2001 2061; x_wconf 82' lang='grc' dir='ltr'>ἀπαθοῦς</span> 
     </span>
    </p>
   </div>
   <div class='ocr_carea' id='block_1_37' title="bbox 2106 1978 3694 2066">
    <p class='ocr_par' dir='ltr' id='par_1_37' title="bbox 2106 1991 3694 2066">
     <span class='ocr_line' id='line_1_37' title="bbox 2106 1991 3694 2066; baseline -0.004 -13"><span class='ocrx_word' id='word_1_274' title='bbox 2106 1997 2281 2063; x_wconf 85' lang='lat' dir='ltr'><strong>Filio,</strong></span> <span class='ocrx_word' id='word_1_275' title='bbox 2336 2013 2448 2052; x_wconf 91' lang='lat' dir='ltr'><strong>non</strong></span> <span class='ocrx_word' id='word_1_276' title='bbox 2498 1994 2826 2066; x_wconf 81' lang='lat' dir='ltr'><strong>allegorice,</strong></span> <span class='ocrx_word' id='word_1_277' title='bbox 2883 2008 3062 2063; x_wconf 87' lang='lat' dir='ltr'><strong>neque</strong></span> <span class='ocrx_word' id='word_1_278' title='bbox 3126 1992 3335 2062; x_wconf 88' lang='lat' dir='ltr'><strong>tropice</strong></span> <span class='ocrx_word' id='word_1_279' title='bbox 3398 1991 3694 2047; x_wconf 88' lang='lat' dir='ltr'><strong>tribuatur.</strong></span> 
     </span>
    </p>
   </div>
   <div class='ocr_carea' id='block_1_38' title="bbox 402 2067 2001 2158">
    <p class='ocr_par' dir='ltr' id='par_1_38' title="bbox 402 2067 2001 2158">
     <span class='ocr_line' id='line_1_38' title="bbox 402 2067 2001 2158; baseline 0.014 -37"><span class='ocrx_word' id='word_1_280' title='bbox 402 2067 568 2158; x_wconf 76' lang='grc' dir='ltr'>ούσης</span> <span class='ocrx_word' id='word_1_281' title='bbox 596 2073 695 2141; x_wconf 84' lang='grc' dir='ltr'>τῆς</span> <span class='ocrx_word' id='word_1_282' title='bbox 723 2074 890 2128; x_wconf 84' lang='grc' dir='ltr'>αὑτοῦ</span> <span class='ocrx_word' id='word_1_283' title='bbox 921 2076 1194 2149; x_wconf 83' lang='grc' dir='ltr'>θεότητος.</span> <span class='ocrx_word' id='word_1_284' title='bbox 1244 2083 1354 2135; x_wconf 76' lang='grc' dir='ltr'>Καὶ</span> <span class='ocrx_word' id='word_1_285' title='bbox 1392 2083 1641 2139; x_wconf 84' lang='grc' dir='ltr'>διέπεσεν</span> <span class='ocrx_word' id='word_1_286' title='bbox 1676 2086 1856 2142; x_wconf 82' lang='grc' dir='ltr'>αὐτῶν</span> <span class='ocrx_word' id='word_1_287' title='bbox 1902 2090 2001 2144; x_wconf 87' lang='grc' dir='ltr'>πά-</span> 
     </span>
    </p>
   </div>
   <div class='ocr_carea' id='block_1_39' title="bbox 2106 2067 3699 2158">
    <p class='ocr_par' dir='ltr' id='par_1_39' title="bbox 2106 2083 3699 2158">
     <span class='ocr_line' id='line_1_39' title="bbox 2106 2083 3699 2158; baseline -0.006 -12"><span class='ocrx_word' id='word_1_288' title='bbox 2106 2090 2378 2158; x_wconf 86' lang='lat' dir='ltr'><strong>Quucirca</strong></span> <span class='ocrx_word' id='word_1_289' title='bbox 2430 2105 2554 2144; x_wconf 91' lang='lat' dir='ltr'><strong>cum</strong></span> <span class='ocrx_word' id='word_1_290' title='bbox 2605 2095 2859 2156; x_wconf 84' lang='lat' dir='ltr'><strong>suscepta</strong></span> <span class='ocrx_word' id='word_1_291' title='bbox 2911 2084 3152 2141; x_wconf 88' lang='lat' dir='ltr'><strong>hominis</strong></span> <span class='ocrx_word' id='word_1_292' title='bbox 3184 2098 3216 2137; x_wconf 85' lang='lat' dir='ltr'><strong>a</strong></span> <span class='ocrx_word' id='word_1_293' title='bbox 3251 2083 3474 2140; x_wconf 88' lang='lat' dir='ltr'><strong>Christo</strong></span> <span class='ocrx_word' id='word_1_294' title='bbox 3499 2090 3699 2137; x_wconf 81' lang='lat' dir='ltr'><strong>natura</strong></span> 
     </span>
    </p>
   </div>
   <div class='ocr_carea' id='block_1_40' title="bbox 402 2157 2001 2252">
    <p class='ocr_par' dir='ltr' id='par_1_40' title="bbox 402 2157 2001 2252">
     <span class='ocr_line' id='line_1_40' title="bbox 402 2157 2001 2252; baseline 0.016 -41"><span class='ocrx_word' id='word_1_295' title='bbox 402 2157 487 2252; x_wconf 75' lang='grc' dir='ltr'><strong>λιν</strong></span> <span class='ocrx_word' id='word_1_296' title='bbox 511 2162 539 2214; x_wconf 93' lang='lat'><strong>6</strong></span> <span class='ocrx_word' id='word_1_297' title='bbox 569 2162 697 2234; x_wconf 82' lang='grc' dir='ltr'>περὶ</span> <span class='ocrx_word' id='word_1_298' title='bbox 725 2164 916 2220; x_wconf 86' lang='grc' dir='ltr'>τούτου</span> <span class='ocrx_word' id='word_1_299' title='bbox 941 2168 1115 2239; x_wconf 80' lang='grc' dir='ltr'>λόγος’</span> <span class='ocrx_word' id='word_1_300' title='bbox 1141 2174 1329 2247; x_wconf 83' lang='grc' dir='ltr'>ἐπειδὴ</span> <span class='ocrx_word' id='word_1_301' title='bbox 1357 2170 1521 2247; x_wconf 81' lang='grc' dir='ltr'>ἦλθεν</span> <span class='ocrx_word' id='word_1_302' title='bbox 1553 2181 1634 2242; x_wconf 87' lang='grc' dir='ltr'><strong>είς</strong></span> <span class='ocrx_word' id='word_1_303' title='bbox 1662 2180 1842 2252; x_wconf 86' lang='grc' dir='ltr'>σάρκα</span> <span class='ocrx_word' id='word_1_304' title='bbox 1867 2181 2001 2249; x_wconf 83' lang='grc' dir='ltr'>Θεὸς</span> 
     </span>
    </p>
   </div>
   <div class='ocr_carea' id='block_1_41' title="bbox 2106 2157 3698 2252">
    <p class='ocr_par' dir='ltr' id='par_1_41' title="bbox 2106 2157 3698 2246">
     <span class='ocr_line' id='line_1_41' title="bbox 2106 2157 3698 2246; baseline -0.008 -7"><span class='ocrx_word' id='word_1_305' title='bbox 2106 2157 2223 2239; x_wconf 82' lang='lat' dir='ltr'><strong>suis</strong></span> <span class='ocrx_word' id='word_1_306' title='bbox 2255 2180 2514 2237; x_wconf 88' lang='lat' dir='ltr'><strong>omnibus</strong></span> <span class='ocrx_word' id='word_1_307' title='bbox 2567 2177 2817 2233; x_wconf 88' lang='lat' dir='ltr'><strong>numeris</strong></span> <span class='ocrx_word' id='word_1_308' title='bbox 2864 2176 3114 2232; x_wconf 90' lang='lat' dir='ltr'><strong>absoluto</strong></span> <span class='ocrx_word' id='word_1_309' title='bbox 3173 2190 3406 2246; x_wconf 84' lang='lat' dir='ltr'><strong>corpore</strong></span> <span class='ocrx_word' id='word_1_310' title='bbox 3459 2182 3698 2241; x_wconf 88' lang='lat' dir='ltr'><strong>constet,</strong></span> 
     </span>
    </p>
   </div>
   <div class='ocr_carea' id='block_1_42' title="bbox 402 2250 3705 2338">
    <p class='ocr_par' dir='ltr' id='par_1_42' title="bbox 402 2250 3705 2338">
     <span class='ocr_line' id='line_1_42' title="bbox 402 2250 3705 2338; baseline -0.001 -16"><span class='ocrx_word' id='word_1_311' title='bbox 402 2250 500 2308; x_wconf 63' lang='grc' dir='ltr'><strong>ῶνα</strong></span> <span class='ocrx_word' id='word_1_312' title='bbox 1738 2250 1748 2252; x_wconf 31' lang='grc'>⁷</span> <span class='ocrx_word' id='word_1_313' title='bbox 2100 2289 2315 2331; x_wconf 88' lang='lat' dir='ltr'><strong>necnon</strong></span> <span class='ocrx_word' id='word_1_314' title='bbox 2359 2279 2415 2329; x_wconf 90' lang='lat' dir='ltr'><strong>et</strong></span> <span class='ocrx_word' id='word_1_315' title='bbox 2454 2271 2633 2326; x_wconf 91' lang='lat' dir='ltr'><strong>anima</strong></span> <span class='ocrx_word' id='word_1_316' title='bbox 2657 2312 2671 2336; x_wconf 93' lang='lat'><strong>,</strong></span> <span class='ocrx_word' id='word_1_317' title='bbox 2729 2278 2911 2325; x_wconf 91' lang='lat' dir='ltr'><strong>mente</strong></span> <span class='ocrx_word' id='word_1_318' title='bbox 2937 2308 2952 2331; x_wconf 92' lang='lat'><strong>,</strong></span> <span class='ocrx_word' id='word_1_319' title='bbox 2998 2267 3165 2324; x_wconf 89' lang='lat' dir='ltr'><strong>corde</strong></span> <span class='ocrx_word' id='word_1_320' title='bbox 3212 2268 3536 2338; x_wconf 67' lang='lat' dir='ltr'><strong>caeterisque</strong></span> <span class='ocrx_word' id='word_1_321' title='bbox 3572 2280 3705 2337; x_wconf 56' lang='lat' dir='ltr'><strong>quae</strong></span> 
     </span>
    </p>
   </div>
   <div class='ocr_carea' id='block_1_43' title="bbox 402 2346 3693 2440">
    <p class='ocr_par' dir='ltr' id='par_1_43' title="bbox 402 2346 3693 2440">
     <span class='ocr_line' id='line_1_43' title="bbox 402 2346 3693 2440; baseline 0.007 -37"><span class='ocrx_word' id='word_1_322' title='bbox 402 2346 612 2407; x_wconf 88' lang='lat' dir='ltr'><strong>homini</strong></span> <span class='ocrx_word' id='word_1_323' title='bbox 680 2354 892 2424; x_wconf 85' lang='lat' dir='ltr'><strong>insunt,</strong></span> <span class='ocrx_word' id='word_1_324' title='bbox 924 2367 1123 2432; x_wconf 64' lang='lat' dir='ltr'><strong>praeter</strong></span> <span class='ocrx_word' id='word_1_325' title='bbox 1151 2374 1464 2434; x_wconf 83' lang='lat' dir='ltr'><strong>peccatum;</strong></span> <span class='ocrx_word' id='word_1_326' title='bbox 1506 2383 1743 2440; x_wconf 87' lang='lat' dir='ltr'><strong>cumque</strong></span> <span class='ocrx_word' id='word_1_327' title='bbox 1804 2371 2060 2430; x_wconf 54' lang='lat' dir='ltr'><strong>humanae</strong></span> <span class='ocrx_word' id='word_1_328' title='bbox 2097 2371 2444 2435; x_wconf 82' lang='lat' dir='ltr'><strong>functiones,</strong></span> <span class='ocrx_word' id='word_1_329' title='bbox 2476 2382 2577 2438; x_wconf 84' lang='lat' dir='ltr'><strong>pro</strong></span> <span class='ocrx_word' id='word_1_330' title='bbox 2613 2381 2679 2421; x_wconf 87' lang='lat' dir='ltr'><strong>eo</strong></span> <span class='ocrx_word' id='word_1_331' title='bbox 2728 2379 2793 2419; x_wconf 85' lang='lat' dir='ltr'><strong>ac</strong></span> <span class='ocrx_word' id='word_1_332' title='bbox 2835 2365 3035 2419; x_wconf 81' lang='lat' dir='ltr'><strong>ralioni</strong></span> <span class='ocrx_word' id='word_1_333' title='bbox 3083 2370 3519 2418; x_wconf 69' lang='lat' dir='ltr'><strong>consentaneum</strong></span> <span class='ocrx_word' id='word_1_334' title='bbox 3549 2367 3693 2425; x_wconf 64' lang='lat' dir='ltr'><strong>erat.</strong></span> 
     </span>
    </p>
   </div>
   <div class='ocr_carea' id='block_1_44' title="bbox 403 2449 3693 2529">
    <p class='ocr_par' dir='ltr' id='par_1_44' title="bbox 403 2449 3693 2529">
     <span class='ocr_line' id='line_1_44' title="bbox 403 2449 3693 2529; baseline 0.004 -35"><span class='ocrx_word' id='word_1_335' title='bbox 403 2456 511 2496; x_wconf 92' lang='lat' dir='ltr'><strong>una</strong></span> <span class='ocrx_word' id='word_1_336' title='bbox 541 2459 666 2501; x_wconf 91' lang='lat' dir='ltr'><strong>cum</strong></span> <span class='ocrx_word' id='word_1_337' title='bbox 703 2449 944 2519; x_wconf 79' lang='lat' dir='ltr'><strong>perfecta</strong></span> <span class='ocrx_word' id='word_1_338' title='bbox 975 2453 1263 2511; x_wconf 86' lang='lat' dir='ltr'><strong>divinitate</strong></span> <span class='ocrx_word' id='word_1_339' title='bbox 1300 2457 1368 2511; x_wconf 91' lang='lat' dir='ltr'><strong>ad</strong></span> <span class='ocrx_word' id='word_1_340' title='bbox 1408 2459 1598 2516; x_wconf 89' lang='lat' dir='ltr'><strong>salutis</strong></span> <span class='ocrx_word' id='word_1_341' title='bbox 1634 2463 2167 2521; x_wconf 86' lang='lat' dir='ltr'><strong>administrationem</strong></span> <span class='ocrx_word' id='word_1_342' title='bbox 2196 2463 2264 2518; x_wconf 90' lang='lat' dir='ltr'><strong>ab</strong></span> <span class='ocrx_word' id='word_1_343' title='bbox 2300 2462 2396 2516; x_wconf 91' lang='lat' dir='ltr'><strong>illo</strong></span> <span class='ocrx_word' id='word_1_344' title='bbox 2440 2460 2605 2515; x_wconf 66' lang='lat' dir='ltr'><strong>obita:</strong></span> <span class='ocrx_word' id='word_1_345' title='bbox 2664 2459 3029 2529; x_wconf 65' lang='lat' dir='ltr'><strong>prmstitazque</strong></span> <span class='ocrx_word' id='word_1_346' title='bbox 3088 2454 3327 2519; x_wconf 81' lang='lat' dir='ltr'><strong>fuerint,</strong></span> <span class='ocrx_word' id='word_1_347' title='bbox 3384 2454 3499 2524; x_wconf 89' lang='lat' dir='ltr'><strong>jam</strong></span> <span class='ocrx_word' id='word_1_348' title='bbox 3557 2452 3693 2508; x_wconf 90' lang='lat' dir='ltr'><strong>illud</strong></span> 
     </span>
    </p>
   </div>
   <div class='ocr_carea' id='block_1_45' title="bbox 401 2536 3702 2624">
    <p class='ocr_par' dir='ltr' id='par_1_45' title="bbox 401 2536 3702 2624">
     <span class='ocr_line' id='line_1_45' title="bbox 401 2536 3702 2624; baseline 0.002 -33"><span class='ocrx_word' id='word_1_349' title='bbox 401 2536 661 2606; x_wconf 84' lang='lat' dir='ltr'><strong>explicari</strong></span> <span class='ocrx_word' id='word_1_350' title='bbox 709 2545 996 2600; x_wconf 87' lang='lat' dir='ltr'><strong>commode</strong></span> <span class='ocrx_word' id='word_1_351' title='bbox 1046 2556 1265 2618; x_wconf 89' lang='lat' dir='ltr'><strong>potest,</strong></span> <span class='ocrx_word' id='word_1_352' title='bbox 1325 2553 1781 2624; x_wconf 87' lang='lat' dir='ltr'><strong>quemadmodum</strong></span> <span class='ocrx_word' id='word_1_353' title='bbox 1838 2557 1987 2614; x_wconf 89' lang='lat' dir='ltr'><strong>illius</strong></span> <span class='ocrx_word' id='word_1_354' title='bbox 2026 2557 2286 2613; x_wconf 86' lang='lat' dir='ltr'><strong>divinitas</strong></span> <span class='ocrx_word' id='word_1_355' title='bbox 2341 2568 2452 2609; x_wconf 89' lang='lat' dir='ltr'><strong>non</strong></span> <span class='ocrx_word' id='word_1_356' title='bbox 2508 2551 2601 2616; x_wconf 86' lang='lat' dir='ltr'><strong>sit,</strong></span> <span class='ocrx_word' id='word_1_357' title='bbox 2633 2547 2778 2621; x_wconf 93' lang='lat' dir='ltr'><strong>quod</strong></span> <span class='ocrx_word' id='word_1_358' title='bbox 2839 2547 2909 2602; x_wconf 91' lang='lat' dir='ltr'><strong>ad</strong></span> <span class='ocrx_word' id='word_1_359' title='bbox 2967 2546 3289 2616; x_wconf 84' lang='lat' dir='ltr'><strong>dignitatem</strong></span> <span class='ocrx_word' id='word_1_360' title='bbox 3324 2545 3542 2611; x_wconf 90' lang='lat' dir='ltr'><strong>attinet,</strong></span> <span class='ocrx_word' id='word_1_361' title='bbox 3572 2560 3702 2615; x_wconf 85' lang='lat' dir='ltr'><strong>per-</strong></span> 
     </span>
    </p>
   </div>
   <div class='ocr_carea' id='block_1_46' title="bbox 405 2626 3703 2719">
    <p class='ocr_par' dir='ltr' id='par_1_46' title="bbox 405 2626 3703 2719">
     <span class='ocr_line' id='line_1_46' title="bbox 405 2626 3703 2719; baseline 0.004 -39"><span class='ocrx_word' id='word_1_362' title='bbox 405 2626 646 2686; x_wconf 77' lang='lat' dir='ltr'><strong>fectione</strong></span> <span class='ocrx_word' id='word_1_363' title='bbox 682 2629 866 2689; x_wconf 88' lang='lat' dir='ltr'><strong>Patris</strong></span> <span class='ocrx_word' id='word_1_364' title='bbox 914 2634 1183 2706; x_wconf 80' lang='lat' dir='ltr'><strong>inferior;</strong></span> <span class='ocrx_word' id='word_1_365' title='bbox 1238 2639 1310 2695; x_wconf 85' lang='lat' dir='ltr'><strong>ob</strong></span> <span class='ocrx_word' id='word_1_366' title='bbox 1346 2657 1579 2713; x_wconf 85' lang='lat' dir='ltr'><strong>eamque</strong></span> <span class='ocrx_word' id='word_1_367' title='bbox 1631 2661 1796 2718; x_wconf 90' lang='lat' dir='ltr'><strong>quam</strong></span> <span class='ocrx_word' id='word_1_368' title='bbox 1868 2650 2157 2719; x_wconf 86' lang='lat' dir='ltr'><strong>usurpavit</strong></span> <span class='ocrx_word' id='word_1_369' title='bbox 2189 2646 2376 2702; x_wconf 89' lang='lat' dir='ltr'><strong>carnis</strong></span> <span class='ocrx_word' id='word_1_370' title='bbox 2412 2646 2665 2699; x_wconf 74' lang='lat' dir='ltr'><strong>humanae</strong></span> <span class='ocrx_word' id='word_1_371' title='bbox 2725 2639 3094 2696; x_wconf 89' lang='lat' dir='ltr'><strong>conditionem</strong></span> <span class='ocrx_word' id='word_1_372' title='bbox 3148 2638 3412 2708; x_wconf 66' lang='lat' dir='ltr'><strong>praeclare</strong></span> <span class='ocrx_word' id='word_1_373' title='bbox 3467 2636 3518 2692; x_wconf 89' lang='lat' dir='ltr'><strong>id</strong></span> <span class='ocrx_word' id='word_1_374' title='bbox 3575 2653 3703 2695; x_wconf 90' lang='lat' dir='ltr'><strong>esse</strong></span> 
     </span>
    </p>
   </div>
   <div class='ocr_carea' id='block_1_47' title="bbox 401 2722 3705 2808">
    <p class='ocr_par' dir='ltr' id='par_1_47' title="bbox 401 2722 3705 2808">
     <span class='ocr_line' id='line_1_47' title="bbox 401 2722 3705 2808; baseline 0.004 -32"><span class='ocrx_word' id='word_1_375' title='bbox 401 2722 705 2791; x_wconf 78' lang='lat' dir='ltr'><strong>perfectum</strong></span> <span class='ocrx_word' id='word_1_376' title='bbox 751 2726 1154 2802; x_wconf 78' lang='lat' dir='ltr'><strong>intelligemus,</strong></span> <span class='ocrx_word' id='word_1_377' title='bbox 1203 2735 1352 2805; x_wconf 91' lang='lat' dir='ltr'><strong>quod</strong></span> <span class='ocrx_word' id='word_1_378' title='bbox 1412 2745 1466 2794; x_wconf 90' lang='lat' dir='ltr'><strong>et</strong></span> <span class='ocrx_word' id='word_1_379' title='bbox 1501 2740 1650 2796; x_wconf 89' lang='lat' dir='ltr'><strong>sitim</strong></span> <span class='ocrx_word' id='word_1_380' title='bbox 1677 2783 1691 2805; x_wconf 87' lang='lat'><strong>,</strong></span> <span class='ocrx_word' id='word_1_381' title='bbox 1722 2751 1777 2798; x_wconf 91' lang='lat' dir='ltr'><strong>et</strong></span> <span class='ocrx_word' id='word_1_382' title='bbox 1821 2742 2021 2800; x_wconf 80' lang='lat' dir='ltr'><strong>famem</strong></span> <span class='ocrx_word' id='word_1_383' title='bbox 2057 2745 2285 2808; x_wconf 89' lang='lat' dir='ltr'><strong>tulisse,</strong></span> <span class='ocrx_word' id='word_1_384' title='bbox 2338 2749 2395 2797; x_wconf 90' lang='lat' dir='ltr'><strong>et</strong></span> <span class='ocrx_word' id='word_1_385' title='bbox 2443 2741 2683 2803; x_wconf 87' lang='lat' dir='ltr'><strong>bibisse,</strong></span> <span class='ocrx_word' id='word_1_386' title='bbox 2717 2746 2773 2793; x_wconf 88' lang='lat' dir='ltr'><strong>et</strong></span> <span class='ocrx_word' id='word_1_387' title='bbox 2817 2737 3156 2801; x_wconf 85' lang='lat' dir='ltr'><strong>comedisse,</strong></span> <span class='ocrx_word' id='word_1_388' title='bbox 3186 2744 3242 2790; x_wconf 89' lang='lat' dir='ltr'><strong>et</strong></span> <span class='ocrx_word' id='word_1_389' title='bbox 3287 2750 3543 2792; x_wconf 92' lang='lat' dir='ltr'><strong>somnum</strong></span> <span class='ocrx_word' id='word_1_390' title='bbox 3610 2749 3705 2789; x_wconf 79' lang='lat' dir='ltr'><strong>ce-</strong></span> 
     </span>
    </p>
   </div>
   <div class='ocr_carea' id='block_1_48' title="bbox 402 2812 3699 2907">
    <p class='ocr_par' dir='ltr' id='par_1_48' title="bbox 402 2812 3699 2907">
     <span class='ocr_line' id='line_1_48' title="bbox 402 2812 3699 2907; baseline 0.003 -41"><span class='ocrx_word' id='word_1_391' title='bbox 402 2812 552 2882; x_wconf 88' lang='lat' dir='ltr'><strong>pisse</strong></span> <span class='ocrx_word' id='word_1_392' title='bbox 578 2854 594 2881; x_wconf 92' lang='lat'><strong>,</strong></span> <span class='ocrx_word' id='word_1_393' title='bbox 622 2826 678 2870; x_wconf 90' lang='lat' dir='ltr'><strong>et</strong></span> <span class='ocrx_word' id='word_1_394' title='bbox 729 2818 955 2875; x_wconf 82' lang='lat' dir='ltr'><strong>tristitia</strong></span> <span class='ocrx_word' id='word_1_395' title='bbox 988 2836 1054 2877; x_wconf 87' lang='lat' dir='ltr'><strong>ac</strong></span> <span class='ocrx_word' id='word_1_396' title='bbox 1088 2838 1324 2883; x_wconf 83' lang='lat' dir='ltr'><strong>maerore</strong></span> <span class='ocrx_word' id='word_1_397' title='bbox 1362 2838 1681 2889; x_wconf 85' lang='lat' dir='ltr'><strong>contractus</strong></span> <span class='ocrx_word' id='word_1_398' title='bbox 1712 2832 1885 2891; x_wconf 82' lang='lat' dir='ltr'><strong>fuisse</strong></span> <span class='ocrx_word' id='word_1_399' title='bbox 1914 2835 2131 2907; x_wconf 80' lang='lat' dir='ltr'><strong>legitur,</strong></span> <span class='ocrx_word' id='word_1_400' title='bbox 2159 2850 2283 2891; x_wconf 90' lang='lat' dir='ltr'><strong>cum</strong></span> <span class='ocrx_word' id='word_1_401' title='bbox 2347 2832 2574 2888; x_wconf 88' lang='lat' dir='ltr'><strong>interim</strong></span> <span class='ocrx_word' id='word_1_402' title='bbox 2639 2830 2761 2899; x_wconf 87' lang='lat' dir='ltr'><strong>ejus</strong></span> <span class='ocrx_word' id='word_1_403' title='bbox 2807 2828 3071 2883; x_wconf 84' lang='lat' dir='ltr'><strong>divinitas</strong></span> <span class='ocrx_word' id='word_1_404' title='bbox 3102 2827 3172 2882; x_wconf 88' lang='lat' dir='ltr'><strong>ab</strong></span> <span class='ocrx_word' id='word_1_405' title='bbox 3228 2828 3376 2882; x_wconf 86' lang='lat' dir='ltr'><strong>omni</strong></span> <span class='ocrx_word' id='word_1_406' title='bbox 3427 2815 3699 2896; x_wconf 82' lang='lat' dir='ltr'><strong>ejusmodi</strong></span> 
     </span>
    </p>
   </div>
   <div class='ocr_carea' id='block_1_49' title="bbox 404 2903 3705 3000">
    <p class='ocr_par' dir='ltr' id='par_1_49' title="bbox 404 2903 3705 3000">
     <span class='ocr_line' id='line_1_49' title="bbox 404 2903 3705 3000; baseline 0.005 -42"><span class='ocrx_word' id='word_1_407' title='bbox 404 2903 693 2964; x_wconf 72' lang='lat' dir='ltr'><strong>affectione</strong></span> <span class='ocrx_word' id='word_1_408' title='bbox 740 2922 886 2967; x_wconf 88' lang='lat' dir='ltr'><strong>esset</strong></span> <span class='ocrx_word' id='word_1_409' title='bbox 924 2913 1204 2973; x_wconf 91' lang='lat' dir='ltr'><strong>immunis.</strong></span> <span class='ocrx_word' id='word_1_410' title='bbox 1237 2919 1318 2975; x_wconf 89' lang='lat' dir='ltr'><strong>Ita</strong></span> <span class='ocrx_word' id='word_1_411' title='bbox 1360 2924 1547 2981; x_wconf 90' lang='lat' dir='ltr'><strong>nullus</strong></span> <span class='ocrx_word' id='word_1_412' title='bbox 1587 2927 1691 2984; x_wconf 93' lang='lat' dir='ltr'><strong>hac</strong></span> <span class='ocrx_word' id='word_1_413' title='bbox 1728 2929 1784 2983; x_wconf 89' lang='lat' dir='ltr'><strong>in</strong></span> <span class='ocrx_word' id='word_1_414' title='bbox 1832 2903 1991 3000; x_wconf 76' lang='lat' dir='ltr'><strong>parte</strong></span> <span class='ocrx_word' id='word_1_415' title='bbox 2020 2931 2241 2987; x_wconf 90' lang='lat' dir='ltr'><strong>illorum</strong></span> <span class='ocrx_word' id='word_1_416' title='bbox 2272 2927 2523 3000; x_wconf 88' lang='lat' dir='ltr'><strong>opinioni</strong></span> <span class='ocrx_word' id='word_1_417' title='bbox 2574 2926 2733 2981; x_wconf 92' lang='lat' dir='ltr'><strong>locus</strong></span> <span class='ocrx_word' id='word_1_418' title='bbox 2767 2933 2875 2989; x_wconf 87' lang='lat' dir='ltr'><strong>est,</strong></span> <span class='ocrx_word' id='word_1_419' title='bbox 2930 2923 3191 2993; x_wconf 88' lang='lat' dir='ltr'><strong>quoniam</strong></span> <span class='ocrx_word' id='word_1_420' title='bbox 3253 2921 3476 2993; x_wconf 87' lang='lat' dir='ltr'><strong>quidem</strong></span> <span class='ocrx_word' id='word_1_421' title='bbox 3551 2918 3705 2974; x_wconf 83' lang='lat' dir='ltr'><strong>Deus</strong></span> 
     </span>
    </p>
   </div>
   <div class='ocr_carea' id='block_1_50' title="bbox 405 3001 1059 3067">
    <p class='ocr_par' dir='ltr' id='par_1_50' title="bbox 405 3001 1059 3067">
     <span class='ocr_line' id='line_1_50' title="bbox 405 3001 1059 3067; baseline 0.018 -13"><span class='ocrx_word' id='word_1_422' title='bbox 405 3001 474 3055; x_wconf 86' lang='lat' dir='ltr'><strong>ad</strong></span> <span class='ocrx_word' id='word_1_423' title='bbox 499 3017 719 3059; x_wconf 85' lang='lat' dir='ltr'><strong>carnem</strong></span> <span class='ocrx_word' id='word_1_424' title='bbox 756 3007 1059 3067; x_wconf 88' lang='lat' dir='ltr'><strong>descendit.</strong></span> 
     </span>
    </p>
   </div>
   <div class='ocr_carea' id='block_1_51' title="bbox 478 3096 2008 3186">
    <p class='ocr_par' dir='ltr' id='par_1_51' title="bbox 478 3096 2008 3186">
     <span class='ocr_line' id='line_1_51' title="bbox 478 3096 2008 3186; baseline 0.015 -37"><span class='ocrx_word' id='word_1_425' title='bbox 478 3096 604 3151; x_wconf 82' lang='lat' dir='ltr'><strong>NB&#39;.</strong></span> <span class='ocrx_word' id='word_1_426' title='bbox 643 3099 927 3167; x_wconf 85' lang='grc' dir='ltr'>Λεγόντων</span> <span class='ocrx_word' id='word_1_427' title='bbox 990 3104 1172 3158; x_wconf 83' lang='grc' dir='ltr'>αὐτῶν</span> <span class='ocrx_word' id='word_1_428' title='bbox 1203 3099 1368 3174; x_wconf 51' lang='grc' dir='ltr'>¹,’ὃτι</span> <span class='ocrx_word' id='word_1_429' title='bbox 1417 3114 1482 3166; x_wconf 84' lang='lat' dir='ltr'><strong>Et</strong></span> <span class='ocrx_word' id='word_1_430' title='bbox 1527 3110 1596 3186; x_wconf 83' lang='grc' dir='ltr'>ἦν</span> <span class='ocrx_word' id='word_1_431' title='bbox 1644 3117 1710 3168; x_wconf 83' lang='grc' dir='ltr'>ὲκ</span> <span class='ocrx_word' id='word_1_432' title='bbox 1754 3114 1850 3170; x_wconf 86' lang='grc' dir='ltr'><strong>τοῦ</strong></span> <span class='ocrx_word' id='word_1_433' title='bbox 1892 3118 2008 3171; x_wconf 87' lang='grc' dir='ltr'>Πα-</span> 
     </span>
    </p>
   </div>
   <div class='ocr_carea' id='block_1_52' title="bbox 2186 3102 3702 3176">
    <p class='ocr_par' dir='ltr' id='par_1_52' title="bbox 2186 3102 3702 3176">
     <span class='ocr_line' id='line_1_52' title="bbox 2186 3102 3702 3176; baseline -0.003 -10"><span class='ocrx_word' id='word_1_434' title='bbox 2186 3109 2294 3166; x_wconf 80' lang='lat' dir='ltr'><strong>LII.</strong></span> <span class='ocrx_word' id='word_1_435' title='bbox 2329 3107 2486 3176; x_wconf 84' lang='lat' dir='ltr'><strong>Quod</strong></span> <span class='ocrx_word' id='word_1_436' title='bbox 2512 3115 2694 3162; x_wconf 89' lang='lat' dir='ltr'><strong>autem</strong></span> <span class='ocrx_word' id='word_1_437' title='bbox 2723 3106 2827 3161; x_wconf 87' lang='lat' dir='ltr'><strong>hoc</strong></span> <span class='ocrx_word' id='word_1_438' title='bbox 2853 3105 2922 3160; x_wconf 88' lang='lat' dir='ltr'><strong>ab</strong></span> <span class='ocrx_word' id='word_1_439' title='bbox 2954 3104 3176 3160; x_wconf 84' lang='lat' dir='ltr'><strong>Arianis</strong></span> <span class='ocrx_word' id='word_1_440' title='bbox 3211 3102 3511 3171; x_wconf 76' lang='lat' dir='ltr'><strong>obiicitur:</strong></span> <span class='ocrx_word' id='word_1_441' title='bbox 3546 3103 3603 3160; x_wconf 91' lang='lat' dir='ltr'><strong>Si</strong></span> <span class='ocrx_word' id='word_1_442' title='bbox 3634 3118 3702 3161; x_wconf 79' lang='lat' dir='ltr'><strong>ex</strong></span> 
     </span>
    </p>
   </div>
   <div class='ocr_carea' id='block_1_53' title="bbox 403 3191 2001 3284">
    <p class='ocr_par' dir='ltr' id='par_1_53' title="bbox 403 3191 2001 3284">
     <span class='ocr_line' id='line_1_53' title="bbox 403 3191 2001 3284; baseline 0.013 -39"><span class='ocrx_word' id='word_1_443' title='bbox 403 3191 554 3284; x_wconf 72' lang='grc' dir='ltr'>τρδς,</span> <span class='ocrx_word' id='word_1_444' title='bbox 582 3196 701 3260; x_wconf 89' lang='grc' dir='ltr'><strong>πῶς</strong></span> <span class='ocrx_word' id='word_1_445' title='bbox 736 3199 816 3261; x_wconf 83' lang='grc' dir='ltr'><strong>είς</strong></span> <span class='ocrx_word' id='word_1_446' title='bbox 862 3198 1041 3270; x_wconf 85' lang='grc' dir='ltr'>σάρκα</span> <span class='ocrx_word' id='word_1_447' title='bbox 1065 3196 1196 3273; x_wconf 82' lang='grc' dir='ltr'>ἦλθε</span> <span class='ocrx_word' id='word_1_448' title='bbox 1225 3220 1240 3270; x_wconf 88' lang='grc'>;</span> <span class='ocrx_word' id='word_1_449' title='bbox 1270 3205 1499 3277; x_wconf 82' lang='grc' dir='ltr'>Φήσειεν</span> <span class='ocrx_word' id='word_1_450' title='bbox 1541 3207 1606 3261; x_wconf 83' lang='grc' dir='ltr'>ἄν</span> <span class='ocrx_word' id='word_1_451' title='bbox 1638 3226 1721 3273; x_wconf 89' lang='grc' dir='ltr'><strong>τις</strong></span> <span class='ocrx_word' id='word_1_452' title='bbox 1750 3210 1888 3282; x_wconf 84' lang='grc' dir='ltr'>πρὸς</span> <span class='ocrx_word' id='word_1_453' title='bbox 1913 3210 2001 3263; x_wconf 85' lang='grc' dir='ltr'>αὑ-</span> 
     </span>
    </p>
   </div>
   <div class='ocr_carea' id='block_1_54' title="bbox 2106 3191 3707 3284">
    <p class='ocr_par' dir='ltr' id='par_1_54' title="bbox 2113 3195 3707 3270">
     <span class='ocr_line' id='line_1_54' title="bbox 2113 3195 3707 3270; baseline -0.005 -12"><span class='ocrx_word' id='word_1_454' title='bbox 2113 3206 2280 3259; x_wconf 90' lang='lat' dir='ltr'><strong>Patre</strong></span> <span class='ocrx_word' id='word_1_455' title='bbox 2309 3208 2427 3257; x_wconf 87' lang='lat' dir='ltr'><strong>erat</strong></span> <span class='ocrx_word' id='word_1_456' title='bbox 2450 3239 2465 3264; x_wconf 92' lang='lat'><strong>,</strong></span> <span class='ocrx_word' id='word_1_457' title='bbox 2496 3200 2719 3270; x_wconf 85' lang='lat' dir='ltr'><strong>quinam</strong></span> <span class='ocrx_word' id='word_1_458' title='bbox 2751 3197 2819 3251; x_wconf 88' lang='lat' dir='ltr'><strong>ad</strong></span> <span class='ocrx_word' id='word_1_459' title='bbox 2851 3212 3073 3251; x_wconf 89' lang='lat' dir='ltr'><strong>carnem</strong></span> <span class='ocrx_word' id='word_1_460' title='bbox 3107 3195 3440 3252; x_wconf 85' lang='lat' dir='ltr'><strong>descendit?</strong></span> <span class='ocrx_word' id='word_1_461' title='bbox 3479 3197 3557 3251; x_wconf 87' lang='lat' dir='ltr'><strong>lta</strong></span> <span class='ocrx_word' id='word_1_462' title='bbox 3592 3195 3707 3251; x_wconf 74' lang='lat' dir='ltr'><strong>ilEis</strong></span> 
     </span>
    </p>
   </div>
   <div class='ocr_carea' id='block_1_55' title="bbox 403 3283 1998 3374">
    <p class='ocr_par' dir='ltr' id='par_1_55' title="bbox 403 3283 1998 3374">
     <span class='ocr_line' id='line_1_55' title="bbox 403 3283 1998 3374; baseline 0.013 -38"><span class='ocrx_word' id='word_1_463' title='bbox 403 3283 552 3348; x_wconf 87' lang='grc' dir='ltr'>τούς·</span> <span class='ocrx_word' id='word_1_464' title='bbox 586 3287 723 3359; x_wconf 79' lang='grc' dir='ltr'>Περὶ</span> <span class='ocrx_word' id='word_1_465' title='bbox 749 3287 860 3342; x_wconf 90' lang='grc' dir='ltr'><strong>τῶν</strong></span> <span class='ocrx_word' id='word_1_466' title='bbox 881 3290 1128 3359; x_wconf 82' lang='grc' dir='ltr'>ἀγγέλων</span> <span class='ocrx_word' id='word_1_467' title='bbox 1153 3294 1205 3346; x_wconf 90' lang='grc' dir='ltr'><strong>τί</strong></span> <span class='ocrx_word' id='word_1_468' title='bbox 1235 3312 1405 3364; x_wconf 75' lang='grc' dir='ltr'>φατες</span> <span class='ocrx_word' id='word_1_469' title='bbox 1443 3298 1618 3353; x_wconf 70' lang='grc' dir='ltr'>Παντὶ</span> <span class='ocrx_word' id='word_1_470' title='bbox 1649 3300 1810 3354; x_wconf 85' lang='grc' dir='ltr'>τοῦτο</span> <span class='ocrx_word' id='word_1_471' title='bbox 1840 3301 1998 3374; x_wconf 81' lang='grc' dir='ltr'>δῆλόν</span> 
     </span>
    </p>
   </div>
   <div class='ocr_carea' id='block_1_56' title="bbox 405 3376 2001 3464">
    <p class='ocr_par' dir='ltr' id='par_1_56' title="bbox 405 3376 2001 3464">
     <span class='ocr_line' id='line_1_56' title="bbox 405 3376 2001 3464; baseline 0.013 -35"><span class='ocrx_word' id='word_1_472' title='bbox 405 3376 576 3444; x_wconf 72' lang='grc' dir='ltr'>ἔστιν,</span> <span class='ocrx_word' id='word_1_473' title='bbox 600 3380 681 3432; x_wconf 76' lang='grc' dir='ltr'>ὅτι</span> <span class='ocrx_word' id='word_1_474' title='bbox 711 3380 1034 3451; x_wconf 80' lang='grc' dir='ltr'>ὁμολογοῦσι</span> <span class='ocrx_word' id='word_1_475' title='bbox 1054 3385 1182 3449; x_wconf 76' lang='grc' dir='ltr'>τοὺς</span> <span class='ocrx_word' id='word_1_476' title='bbox 1208 3387 1473 3456; x_wconf 74' lang='grc' dir='ltr'>ἀγγέλους</span> <span class='ocrx_word' id='word_1_477' title='bbox 1495 3391 1600 3444; x_wconf 80' lang='grc' dir='ltr'>ὑπὸ</span> <span class='ocrx_word' id='word_1_478' title='bbox 1628 3391 1723 3446; x_wconf 85' lang='grc' dir='ltr'><strong>τοῦ</strong></span> <span class='ocrx_word' id='word_1_479' title='bbox 1746 3393 1879 3448; x_wconf 87' lang='grc' dir='ltr'>Υἱοῦ</span> <span class='ocrx_word' id='word_1_480' title='bbox 1909 3411 2001 3464; x_wconf 83' lang='grc' dir='ltr'>γε·</span> 
     </span>
    </p>
   </div>
   <div class='ocr_carea' id='block_1_57' title="bbox 404 3468 2003 3559">
    <p class='ocr_par' dir='ltr' id='par_1_57' title="bbox 404 3468 2003 3559">
     <span class='ocr_line' id='line_1_57' title="bbox 404 3468 2003 3559; baseline 0.012 -39"><span class='ocrx_word' id='word_1_481' title='bbox 404 3468 642 3538; x_wconf 81' lang='grc' dir='ltr'>γονέναι.</span> <span class='ocrx_word' id='word_1_482' title='bbox 671 3472 781 3525; x_wconf 82' lang='grc' dir='ltr'><strong>Καὶ</strong></span> <span class='ocrx_word' id='word_1_483' title='bbox 809 3473 918 3547; x_wconf 87' lang='grc' dir='ltr'><strong>γάρ</strong></span> <span class='ocrx_word' id='word_1_484' title='bbox 953 3477 1046 3530; x_wconf 78' lang='grc' dir='ltr'><strong>καὶ</strong></span> <span class='ocrx_word' id='word_1_485' title='bbox 1088 3479 1216 3549; x_wconf 77' lang='grc' dir='ltr'>περὶ</span> <span class='ocrx_word' id='word_1_486' title='bbox 1256 3479 1350 3532; x_wconf 88' lang='grc' dir='ltr'><strong>τοῦ</strong></span> <span class='ocrx_word' id='word_1_487' title='bbox 1392 3481 1712 3554; x_wconf 86' lang='grc' dir='ltr'>Πνεύματος</span> <span class='ocrx_word' id='word_1_488' title='bbox 1757 3485 2003 3559; x_wconf 84' lang='grc' dir='ltr'>βλασφη-</span> 
     </span>
    </p>
   </div>
   <div class='ocr_carea' id='block_1_58' title="bbox 410 3562 1997 3641">
    <p class='ocr_par' dir='ltr' id='par_1_58' title="bbox 410 3562 1997 3641">
     <span class='ocr_line' id='line_1_58' title="bbox 410 3562 1997 3641; baseline 0.012 -26"><span class='ocrx_word' id='word_1_489' title='bbox 410 3562 594 3633; x_wconf 82' lang='grc' dir='ltr'>μοῦσι,</span> <span class='ocrx_word' id='word_1_490' title='bbox 624 3566 720 3619; x_wconf 74' lang='grc' dir='ltr'>καὶ</span> <span class='ocrx_word' id='word_1_491' title='bbox 751 3566 991 3639; x_wconf 85' lang='grc' dir='ltr'>τολμῶσι</span> <span class='ocrx_word' id='word_1_492' title='bbox 1031 3569 1209 3641; x_wconf 82' lang='grc' dir='ltr'>λέγειν</span> <span class='ocrx_word' id='word_1_493' title='bbox 1263 3575 1546 3630; x_wconf 88' lang='grc' dir='ltr'>κεκτίσθαι</span> <span class='ocrx_word' id='word_1_494' title='bbox 1578 3577 1683 3630; x_wconf 77' lang='grc' dir='ltr'>ὑπὸ</span> <span class='ocrx_word' id='word_1_495' title='bbox 1714 3578 1809 3632; x_wconf 86' lang='grc' dir='ltr'><strong>τοῦ</strong></span> <span class='ocrx_word' id='word_1_496' title='bbox 1844 3580 1997 3634; x_wconf 84' lang='grc' dir='ltr'>Υίοῦ·</span> 
     </span>
    </p>
   </div>
   <div class='ocr_carea' id='block_1_59' title="bbox 406 3652 2002 3739">
    <p class='ocr_par' dir='ltr' id='par_1_59' title="bbox 406 3652 2002 3739">
     <span class='ocr_line' id='line_1_59' title="bbox 406 3652 2002 3739; baseline 0.014 -35"><span class='ocrx_word' id='word_1_497' title='bbox 406 3652 545 3724; x_wconf 82' lang='grc' dir='ltr'>ὅπερ</span> <span class='ocrx_word' id='word_1_498' title='bbox 576 3656 724 3710; x_wconf 74' lang='grc' dir='ltr'>ἐστὶν</span> <span class='ocrx_word' id='word_1_499' title='bbox 746 3655 1023 3724; x_wconf 82' lang='grc' dir='ltr'>ἄκτιστον,</span> <span class='ocrx_word' id='word_1_500' title='bbox 1043 3661 1111 3713; x_wconf 86' lang='grc' dir='ltr'>ἐκ</span> <span class='ocrx_word' id='word_1_501' title='bbox 1129 3665 1362 3731; x_wconf 75' lang='grc' dir='ltr'>Πατρός</span> <span class='ocrx_word' id='word_1_502' title='bbox 1386 3666 1883 3739; x_wconf 73' lang='grc' dir='ltr'>ἐκπορευόμενον,</span> <span class='ocrx_word' id='word_1_503' title='bbox 1902 3671 2002 3726; x_wconf 79' lang='grc' dir='ltr'>καὶ</span> 
     </span>
    </p>
   </div>
   <div class='ocr_carea' id='block_1_60' title="bbox 405 3745 2004 3832">
    <p class='ocr_par' dir='ltr' id='par_1_60' title="bbox 405 3745 2004 3832">
     <span class='ocr_line' id='line_1_60' title="bbox 405 3745 2004 3832; baseline 0.013 -35"><span class='ocrx_word' id='word_1_504' title='bbox 405 3745 515 3799; x_wconf 84' lang='grc' dir='ltr'><strong>τοῦ</strong></span> <span class='ocrx_word' id='word_1_505' title='bbox 558 3746 695 3801; x_wconf 86' lang='grc' dir='ltr'><strong>Υἱοῦ</strong></span> <span class='ocrx_word' id='word_1_506' title='bbox 723 3752 1056 3819; x_wconf 80' lang='grc' dir='ltr'>λαμϐάνον.</span> <span class='ocrx_word' id='word_1_507' title='bbox 1088 3754 1153 3807; x_wconf 82' lang='grc' dir='ltr'><strong>Εἰ</strong></span> <span class='ocrx_word' id='word_1_508' title='bbox 1174 3751 1269 3808; x_wconf 84' lang='grc' dir='ltr'>οὖν</span> <span class='ocrx_word' id='word_1_509' title='bbox 1297 3758 1378 3821; x_wconf 90' lang='grc' dir='ltr'><strong>είς</strong></span> <span class='ocrx_word' id='word_1_510' title='bbox 1406 3758 1467 3811; x_wconf 85' lang='grc' dir='ltr'><strong>τὸ</strong></span> <span class='ocrx_word' id='word_1_511' title='bbox 1493 3759 1716 3832; x_wconf 84' lang='grc' dir='ltr'>Πνεῦμα</span> <span class='ocrx_word' id='word_1_512' title='bbox 1750 3762 1811 3816; x_wconf 85' lang='grc' dir='ltr'><strong>τὸ</strong></span> <span class='ocrx_word' id='word_1_513' title='bbox 1847 3762 2004 3832; x_wconf 77' lang='grc' dir='ltr'>ἅγιον</span> 
     </span>
    </p>
   </div>
   <div class='ocr_carea' id='block_1_61' title="bbox 406 3836 2005 3925">
    <p class='ocr_par' dir='ltr' id='par_1_61' title="bbox 406 3836 2005 3925">
     <span class='ocr_line' id='line_1_61' title="bbox 406 3836 2005 3925; baseline 0.014 -37"><span class='ocrx_word' id='word_1_514' title='bbox 406 3836 645 3907; x_wconf 84' lang='grc' dir='ltr'>τολμῶσι</span> <span class='ocrx_word' id='word_1_515' title='bbox 663 3839 822 3894; x_wconf 89' lang='grc' dir='ltr'>τοῦτο</span> <span class='ocrx_word' id='word_1_516' title='bbox 841 3840 1042 3911; x_wconf 80' lang='grc' dir='ltr'>λέγειν,</span> <span class='ocrx_word' id='word_1_517' title='bbox 1068 3845 1219 3918; x_wconf 80' lang='grc' dir='ltr'>πόσῳ</span> <span class='ocrx_word' id='word_1_518' title='bbox 1250 3865 1315 3917; x_wconf 85' lang='grc' dir='ltr'><strong>γε</strong></span> <span class='ocrx_word' id='word_1_519' title='bbox 1338 3849 1538 3920; x_wconf 83' lang='grc' dir='ltr'>μᾶλλον</span> <span class='ocrx_word' id='word_1_520' title='bbox 1566 3854 1693 3925; x_wconf 80' lang='grc' dir='ltr'>περὶ</span> <span class='ocrx_word' id='word_1_521' title='bbox 1709 3853 1817 3907; x_wconf 86' lang='grc' dir='ltr'><strong>τῶν</strong></span> <span class='ocrx_word' id='word_1_522' title='bbox 1845 3856 2005 3924; x_wconf 83' lang='grc' dir='ltr'>ἀγγέ-</span> 
     </span>
    </p>
   </div>
   <div class='ocr_carea' id='block_1_62' title="bbox 405 3928 2005 4016">
    <p class='ocr_par' dir='ltr' id='par_1_62' title="bbox 405 3928 2005 4016">
     <span class='ocr_line' id='line_1_62' title="bbox 405 3928 2005 4016; baseline 0.011 -33"><span class='ocrx_word' id='word_1_523' title='bbox 405 3928 516 3984; x_wconf 85' lang='grc' dir='ltr'><strong>λων</strong></span> <span class='ocrx_word' id='word_1_524' title='bbox 544 3932 604 3985; x_wconf 80' lang='grc' dir='ltr'><strong>οὐ</strong></span> <span class='ocrx_word' id='word_1_525' title='bbox 633 3931 952 4005; x_wconf 83' lang='grc' dir='ltr'>δυνήσονται</span> <span class='ocrx_word' id='word_1_526' title='bbox 978 3938 1438 4009; x_wconf 85' lang='grc' dir='ltr'>ἁρνήσασθαι,ὄτι</span> <span class='ocrx_word' id='word_1_527' title='bbox 1457 3944 1522 3997; x_wconf 79' lang='grc' dir='ltr'>ἐκ</span> <span class='ocrx_word' id='word_1_528' title='bbox 1547 3945 1640 3999; x_wconf 86' lang='grc' dir='ltr'><strong>τοῦ</strong></span> <span class='ocrx_word' id='word_1_529' title='bbox 1665 3946 2005 4016; x_wconf 87' lang='grc' dir='ltr'>Μονογενοῦς</span> 
     </span>
    </p>
   </div>
   <div class='ocr_carea' id='block_1_63' title="bbox 407 4023 2004 4103">
    <p class='ocr_par' dir='ltr' id='par_1_63' title="bbox 407 4023 2004 4103">
     <span class='ocr_line' id='line_1_63' title="bbox 407 4023 2004 4103; baseline 0.012 -28"><span class='ocrx_word' id='word_1_530' title='bbox 407 4024 674 4094; x_wconf 74' lang='grc' dir='ltr'>ἐσχήκασι</span> <span class='ocrx_word' id='word_1_531' title='bbox 703 4026 766 4079; x_wconf 83' lang='grc' dir='ltr'><strong>τὸ</strong></span> <span class='ocrx_word' id='word_1_532' title='bbox 792 4023 930 4082; x_wconf 81' lang='grc' dir='ltr'>εῖναι</span> <span class='ocrx_word' id='word_1_533' title='bbox 960 4031 1269 4103; x_wconf 81' lang='grc' dir='ltr'>ἑκτισμένοι</span> <span class='ocrx_word' id='word_1_534' title='bbox 1294 4037 1615 4103; x_wconf 86' lang='grc' dir='ltr'>γεγονότες;</span> <span class='ocrx_word' id='word_1_535' title='bbox 1651 4037 1714 4091; x_wconf 87' lang='grc' dir='ltr'>Εί</span> <span class='ocrx_word' id='word_1_536' title='bbox 1743 4040 1923 4093; x_wconf 86' lang='grc' dir='ltr'>τοίνυν</span> <span class='ocrx_word' id='word_1_537' title='bbox 1953 4042 2004 4094; x_wconf 79' lang='lat' dir='ltr'><strong>oi</strong></span> 
     </span>
    </p>
   </div>
   <div class='ocr_carea' id='block_1_64' title="bbox 409 4112 2006 4200">
    <p class='ocr_par' dir='ltr' id='par_1_64' title="bbox 409 4112 2006 4200">
     <span class='ocr_line' id='line_1_64' title="bbox 409 4112 2006 4200; baseline 0.013 -35"><span class='ocrx_word' id='word_1_538' title='bbox 409 4112 503 4166; x_wconf 83' lang='grc' dir='ltr'><strong>ὑπ’</strong></span> <span class='ocrx_word' id='word_1_539' title='bbox 531 4115 696 4170; x_wconf 85' lang='grc' dir='ltr'>αὐτοῦ</span> <span class='ocrx_word' id='word_1_540' title='bbox 716 4119 1003 4187; x_wconf 81' lang='grc' dir='ltr'>γεγονότες</span> <span class='ocrx_word' id='word_1_541' title='bbox 1029 4121 1251 4191; x_wconf 84' lang='grc' dir='ltr'>ἄγγελοι</span> <span class='ocrx_word' id='word_1_542' title='bbox 1272 4125 1369 4194; x_wconf 85' lang='grc' dir='ltr'><strong>μὲν</strong></span> <span class='ocrx_word' id='word_1_543' title='bbox 1397 4131 1758 4198; x_wconf 81' lang='grc' dir='ltr'>πνευματικοὶ</span> <span class='ocrx_word' id='word_1_544' title='bbox 1785 4132 2006 4200; x_wconf 86' lang='grc' dir='ltr'>γεγονό-</span> 
     </span>
    </p>
   </div>
   <div class='ocr_carea' id='block_1_65' title="bbox 406 4206 2005 4293">
    <p class='ocr_par' dir='ltr' id='par_1_65' title="bbox 406 4206 2005 4293">
     <span class='ocr_line' id='line_1_65' title="bbox 406 4206 2005 4293; baseline 0.013 -36"><span class='ocrx_word' id='word_1_545' title='bbox 406 4221 521 4270; x_wconf 83' lang='grc' dir='ltr'>τες,</span> <span class='ocrx_word' id='word_1_546' title='bbox 566 4206 703 4279; x_wconf 83' lang='grc' dir='ltr'>πλὴν</span> <span class='ocrx_word' id='word_1_547' title='bbox 760 4208 1038 4282; x_wconf 82' lang='grc' dir='ltr'>κτίσματα</span> <span class='ocrx_word' id='word_1_548' title='bbox 1070 4212 1236 4267; x_wconf 81' lang='grc' dir='ltr'>αὐτοῦ</span> <span class='ocrx_word' id='word_1_549' title='bbox 1268 4214 1440 4279; x_wconf 77' lang='grc' dir='ltr'>ὄντες,</span> <span class='ocrx_word' id='word_1_550' title='bbox 1474 4218 1569 4270; x_wconf 75' lang='grc' dir='ltr'>καὶ</span> <span class='ocrx_word' id='word_1_551' title='bbox 1601 4220 2005 4293; x_wconf 81' lang='grc' dir='ltr'>ὑποϐεϐηκότες</span> 
     </span>
    </p>
   </div>
   <div class='ocr_carea' id='block_1_66' title="bbox 408 4297 2001 4381">
    <p class='ocr_par' dir='ltr' id='par_1_66' title="bbox 408 4297 2001 4381">
     <span class='ocr_line' id='line_1_66' title="bbox 408 4297 2001 4381; baseline 0.012 -32"><span class='ocrx_word' id='word_1_552' title='bbox 408 4297 546 4351; x_wconf 81' lang='grc' dir='ltr'>πολὺ</span> <span class='ocrx_word' id='word_1_553' title='bbox 569 4299 816 4371; x_wconf 86' lang='grc' dir='ltr'>ἀπείρως</span> <span class='ocrx_word' id='word_1_554' title='bbox 833 4303 932 4373; x_wconf 86' lang='grc' dir='ltr'>τῆς</span> <span class='ocrx_word' id='word_1_555' title='bbox 953 4304 1116 4357; x_wconf 77' lang='grc' dir='ltr'>αὐτοῦ</span> <span class='ocrx_word' id='word_1_556' title='bbox 1134 4306 1343 4372; x_wconf 86' lang='grc' dir='ltr'>οὐσίας,</span> <span class='ocrx_word' id='word_1_557' title='bbox 1365 4308 1441 4372; x_wconf 81' lang='grc' dir='ltr'>ὡς</span> <span class='ocrx_word' id='word_1_558' title='bbox 1463 4307 1624 4381; x_wconf 76' lang='grc' dir='ltr'>ἔργον</span> <span class='ocrx_word' id='word_1_559' title='bbox 1644 4312 1810 4366; x_wconf 82' lang='grc' dir='ltr'>αὑτοῦ</span> <span class='ocrx_word' id='word_1_560' title='bbox 1830 4312 2001 4381; x_wconf 74' lang='grc' dir='ltr'>ὄντες,</span> 
     </span>
    </p>
   </div>
   <div class='ocr_carea' id='block_1_67' title="bbox 409 4392 2007 4476">
    <p class='ocr_par' dir='ltr' id='par_1_67' title="bbox 409 4392 2007 4476">
     <span class='ocr_line' id='line_1_67' title="bbox 409 4392 2007 4476; baseline 0.011 -33"><span class='ocrx_word' id='word_1_561' title='bbox 409 4392 562 4461; x_wconf 85' lang='grc' dir='ltr'>ὅμως</span> <span class='ocrx_word' id='word_1_562' title='bbox 589 4393 768 4464; x_wconf 83' lang='grc' dir='ltr'>σάρκα</span> <span class='ocrx_word' id='word_1_563' title='bbox 797 4395 872 4467; x_wconf 83' lang='grc' dir='ltr'>μὴ</span> <span class='ocrx_word' id='word_1_564' title='bbox 900 4396 1203 4468; x_wconf 78' lang='grc' dir='ltr'>εἰληφότες,</span> <span class='ocrx_word' id='word_1_565' title='bbox 1239 4400 1291 4453; x_wconf 87' lang='grc' dir='ltr'><strong>τί</strong></span> <span class='ocrx_word' id='word_1_566' title='bbox 1320 4401 1582 4474; x_wconf 75' lang='grc' dir='ltr'>ὲροῦμενς</span> <span class='ocrx_word' id='word_1_567' title='bbox 1614 4399 1760 4476; x_wconf 73' lang='grc' dir='ltr'>Ἀρα</span> <span class='ocrx_word' id='word_1_568' title='bbox 1790 4406 2007 4475; x_wconf 82' lang='grc' dir='ltr'>μείζους</span> 
     </span>
    </p>
   </div>
   <div class='ocr_carea' id='block_1_68' title="bbox 408 4486 2006 4570">
    <p class='ocr_par' dir='ltr' id='par_1_68' title="bbox 408 4486 2006 4570">
     <span class='ocr_line' id='line_1_68' title="bbox 408 4486 2006 4570; baseline 0.011 -33"><span class='ocrx_word' id='word_1_569' title='bbox 408 4486 518 4538; x_wconf 78' lang='lat' dir='ltr'><strong>eici</strong></span> <span class='ocrx_word' id='word_1_570' title='bbox 542 4486 637 4539; x_wconf 90' lang='grc' dir='ltr'><strong>τοῦ</strong></span> <span class='ocrx_word' id='word_1_571' title='bbox 673 4487 801 4541; x_wconf 85' lang='grc' dir='ltr'>Υίοῦ</span> <span class='ocrx_word' id='word_1_572' title='bbox 829 4490 920 4542; x_wconf 85' lang='grc' dir='ltr'>ὑπ’</span> <span class='ocrx_word' id='word_1_573' title='bbox 946 4492 1113 4545; x_wconf 85' lang='grc' dir='ltr'>αὐτοῦ</span> <span class='ocrx_word' id='word_1_574' title='bbox 1140 4493 1476 4560; x_wconf 84' lang='grc' dir='ltr'>κτισθέντες,</span> <span class='ocrx_word' id='word_1_575' title='bbox 1517 4497 1550 4568; x_wconf 82' lang='grc' dir='ltr'><strong>ἢ</strong></span> <span class='ocrx_word' id='word_1_576' title='bbox 1577 4497 1750 4551; x_wconf 76' lang='grc' dir='ltr'>καὶτὸ</span> <span class='ocrx_word' id='word_1_577' title='bbox 1780 4499 2006 4570; x_wconf 88' lang='grc' dir='ltr'>Πνεῦμα</span> 
     </span>
    </p>
   </div>
   <div class='ocr_carea' id='block_1_69' title="bbox 2102 3288 3703 3362">
    <p class='ocr_par' dir='ltr' id='par_1_69' title="bbox 2102 3288 3703 3362">
     <span class='ocr_line' id='line_1_69' title="bbox 2102 3288 3703 3362; baseline -0.007 -8"><span class='ocrx_word' id='word_1_578' title='bbox 2102 3317 2133 3355; x_wconf 92' lang='lat' dir='ltr'><strong>e</strong></span> <span class='ocrx_word' id='word_1_579' title='bbox 2155 3296 2430 3352; x_wconf 85' lang='lat' dir='ltr'><strong>contrario</strong></span> <span class='ocrx_word' id='word_1_580' title='bbox 2460 3298 2641 3362; x_wconf 87' lang='lat' dir='ltr'><strong>potest</strong></span> <span class='ocrx_word' id='word_1_581' title='bbox 2667 3291 2886 3345; x_wconf 84' lang='lat' dir='ltr'><strong>occurri</strong></span> <span class='ocrx_word' id='word_1_582' title='bbox 2914 3308 2928 3345; x_wconf 93' lang='lat'><strong>:</strong></span> <span class='ocrx_word' id='word_1_583' title='bbox 2956 3288 3032 3345; x_wconf 91' lang='lat' dir='ltr'><strong>De</strong></span> <span class='ocrx_word' id='word_1_584' title='bbox 3081 3289 3289 3359; x_wconf 80' lang='lat' dir='ltr'><strong>angelis</strong></span> <span class='ocrx_word' id='word_1_585' title='bbox 3318 3289 3449 3359; x_wconf 89' lang='lat' dir='ltr'><strong>quid</strong></span> <span class='ocrx_word' id='word_1_586' title='bbox 3482 3288 3703 3343; x_wconf 90' lang='lat' dir='ltr'><strong>tandem</strong></span> 
     </span>
    </p>
   </div>
   <div class='ocr_carea' id='block_1_70' title="bbox 2102 3382 3704 3456">
    <p class='ocr_par' dir='ltr' id='par_1_70' title="bbox 2102 3382 3704 3456">
     <span class='ocr_line' id='line_1_70' title="bbox 2102 3382 3704 3456; baseline -0.008 -8"><span class='ocrx_word' id='word_1_587' title='bbox 2102 3388 2480 3449; x_wconf 77' lang='lat' dir='ltr'><strong>existimatis?</strong></span> <span class='ocrx_word' id='word_1_588' title='bbox 2512 3384 2727 3440; x_wconf 85' lang='lat' dir='ltr'><strong>Nemini</strong></span> <span class='ocrx_word' id='word_1_589' title='bbox 2776 3382 2942 3456; x_wconf 66' lang='grc'><strong>774</strong></span> <span class='ocrx_word' id='word_1_590' title='bbox 2990 3382 3197 3453; x_wconf 90' lang='lat' dir='ltr'><strong>quippe</strong></span> <span class='ocrx_word' id='word_1_591' title='bbox 3226 3382 3455 3436; x_wconf 91' lang='lat' dir='ltr'><strong>dubium</strong></span> <span class='ocrx_word' id='word_1_592' title='bbox 3488 3391 3573 3438; x_wconf 84' lang='lat' dir='ltr'><strong>est</strong></span> <span class='ocrx_word' id='word_1_593' title='bbox 3603 3398 3704 3436; x_wconf 82' lang='lat' dir='ltr'><strong>an-</strong></span> 
     </span>
    </p>
   </div>
   <div class='ocr_carea' id='block_1_71' title="bbox 2104 3474 3707 3555">
    <p class='ocr_par' dir='ltr' id='par_1_71' title="bbox 2104 3474 3707 3555">
     <span class='ocr_line' id='line_1_71' title="bbox 2104 3474 3707 3555; baseline -0.009 -17"><span class='ocrx_word' id='word_1_594' title='bbox 2104 3482 2256 3555; x_wconf 88' lang='lat' dir='ltr'><strong>gelos</strong></span> <span class='ocrx_word' id='word_1_595' title='bbox 2295 3495 2325 3535; x_wconf 91' lang='lat' dir='ltr'><strong>a</strong></span> <span class='ocrx_word' id='word_1_596' title='bbox 2368 3477 2509 3533; x_wconf 86' lang='lat' dir='ltr'><strong>Filio</strong></span> <span class='ocrx_word' id='word_1_597' title='bbox 2554 3492 2623 3532; x_wconf 83' lang='lat' dir='ltr'><strong>ex</strong></span> <span class='ocrx_word' id='word_1_598' title='bbox 2652 3477 2873 3531; x_wconf 90' lang='lat' dir='ltr'><strong>illorum</strong></span> <span class='ocrx_word' id='word_1_599' title='bbox 2905 3489 3030 3529; x_wconf 88' lang='lat' dir='ltr'><strong>esse</strong></span> <span class='ocrx_word' id='word_1_600' title='bbox 3064 3474 3339 3529; x_wconf 87' lang='lat' dir='ltr'><strong>sententia</strong></span> <span class='ocrx_word' id='word_1_601' title='bbox 3374 3474 3707 3544; x_wconf 89' lang='lat' dir='ltr'><strong>productos.</strong></span> 
     </span>
    </p>
   </div>
   <div class='ocr_carea' id='block_1_72' title="bbox 2104 3565 3702 3638">
    <p class='ocr_par' dir='ltr' id='par_1_72' title="bbox 2104 3565 3702 3638">
     <span class='ocr_line' id='line_1_72' title="bbox 2104 3565 3702 3638; baseline -0.006 -8"><span class='ocrx_word' id='word_1_602' title='bbox 2104 3572 2414 3630; x_wconf 81' lang='lat' dir='ltr'><strong>Praesertim</strong></span> <span class='ocrx_word' id='word_1_603' title='bbox 2449 3584 2574 3625; x_wconf 91' lang='lat' dir='ltr'><strong>cum</strong></span> <span class='ocrx_word' id='word_1_604' title='bbox 2606 3567 2674 3623; x_wconf 91' lang='lat' dir='ltr'><strong>de</strong></span> <span class='ocrx_word' id='word_1_605' title='bbox 2705 3567 2915 3638; x_wconf 90' lang='lat' dir='ltr'><strong>Spiritu</strong></span> <span class='ocrx_word' id='word_1_606' title='bbox 2958 3572 3155 3621; x_wconf 89' lang='lat' dir='ltr'><strong>sancto</strong></span> <span class='ocrx_word' id='word_1_607' title='bbox 3187 3581 3284 3636; x_wconf 90' lang='lat' dir='ltr'><strong>per</strong></span> <span class='ocrx_word' id='word_1_608' title='bbox 3320 3580 3594 3622; x_wconf 87' lang='lat' dir='ltr'><strong>summam</strong></span> <span class='ocrx_word' id='word_1_609' title='bbox 3644 3565 3702 3620; x_wconf 89' lang='lat' dir='ltr'><strong>in</strong></span> 
     </span>
    </p>
   </div>
   <div class='ocr_carea' id='block_1_73' title="bbox 2106 3656 3704 3737">
    <p class='ocr_par' dir='ltr' id='par_1_73' title="bbox 2106 3656 3704 3737">
     <span class='ocr_line' id='line_1_73' title="bbox 2106 3656 3704 3737; baseline -0.007 -15"><span class='ocrx_word' id='word_1_610' title='bbox 2106 3666 2287 3737; x_wconf 86' lang='lat' dir='ltr'><strong>ipsum</strong></span> <span class='ocrx_word' id='word_1_611' title='bbox 2330 3661 2721 3718; x_wconf 80' lang='lat' dir='ltr'><strong>contumeliam</strong></span> <span class='ocrx_word' id='word_1_612' title='bbox 2757 3659 2943 3714; x_wconf 84' lang='lat' dir='ltr'><strong>dicere</strong></span> <span class='ocrx_word' id='word_1_613' title='bbox 2979 3657 3254 3725; x_wconf 88' lang='lat' dir='ltr'><strong>audeant,</strong></span> <span class='ocrx_word' id='word_1_614' title='bbox 3310 3673 3340 3711; x_wconf 92' lang='lat' dir='ltr'><strong>a</strong></span> <span class='ocrx_word' id='word_1_615' title='bbox 3372 3656 3510 3712; x_wconf 83' lang='lat' dir='ltr'><strong>Filio</strong></span> <span class='ocrx_word' id='word_1_616' title='bbox 3554 3658 3704 3712; x_wconf 89' lang='lat' dir='ltr'><strong>hunc</strong></span> 
     </span>
    </p>
   </div>
   <div class='ocr_carea' id='block_1_74' title="bbox 2107 3750 3702 3827">
    <p class='ocr_par' dir='ltr' id='par_1_74' title="bbox 2107 3750 3702 3827">
     <span class='ocr_line' id='line_1_74' title="bbox 2107 3750 3702 3827; baseline -0.006 -14"><span class='ocrx_word' id='word_1_617' title='bbox 2107 3773 2233 3815; x_wconf 86' lang='lat' dir='ltr'><strong>esse</strong></span> <span class='ocrx_word' id='word_1_618' title='bbox 2264 3761 2614 3827; x_wconf 89' lang='lat' dir='ltr'><strong>procreatum</strong></span> <span class='ocrx_word' id='word_1_619' title='bbox 2647 3772 2660 3808; x_wconf 91' lang='lat'>:</span> <span class='ocrx_word' id='word_1_620' title='bbox 2693 3752 2786 3822; x_wconf 90' lang='lat' dir='ltr'><strong>qui</strong></span> <span class='ocrx_word' id='word_1_621' title='bbox 2837 3758 3019 3805; x_wconf 87' lang='lat' dir='ltr'><strong>tamen</strong></span> <span class='ocrx_word' id='word_1_622' title='bbox 3059 3750 3362 3805; x_wconf 88' lang='lat' dir='ltr'><strong>creationis</strong></span> <span class='ocrx_word' id='word_1_623' title='bbox 3393 3750 3574 3805; x_wconf 90' lang='lat' dir='ltr'><strong>omnis</strong></span> <span class='ocrx_word' id='word_1_624' title='bbox 3603 3765 3702 3805; x_wconf 78' lang='lat' dir='ltr'><strong>ex-</strong></span> 
     </span>
    </p>
   </div>
   <div class='ocr_carea' id='block_1_75' title="bbox 2106 3839 3703 3923">
    <p class='ocr_par' dir='ltr' id='par_1_75' title="bbox 2106 3839 3703 3923">
     <span class='ocr_line' id='line_1_75' title="bbox 2106 3839 3703 3923; baseline -0.007 -17"><span class='ocrx_word' id='word_1_625' title='bbox 2106 3866 2254 3923; x_wconf 86' lang='lat' dir='ltr'><strong>pers,</strong></span> <span class='ocrx_word' id='word_1_626' title='bbox 2287 3866 2320 3902; x_wconf 93' lang='lat' dir='ltr'><strong>a</strong></span> <span class='ocrx_word' id='word_1_627' title='bbox 2361 3848 2517 3902; x_wconf 86' lang='lat' dir='ltr'><strong>Patre</strong></span> <span class='ocrx_word' id='word_1_628' title='bbox 2539 3846 2772 3916; x_wconf 83' lang='lat' dir='ltr'><strong>procedit</strong></span> <span class='ocrx_word' id='word_1_629' title='bbox 2795 3847 2816 3877; x_wconf 75' lang='grc'>⁸</span> <span class='ocrx_word' id='word_1_630' title='bbox 2855 3852 2905 3897; x_wconf 89' lang='lat' dir='ltr'><strong>et</strong></span> <span class='ocrx_word' id='word_1_631' title='bbox 2955 3860 2988 3896; x_wconf 92' lang='lat' dir='ltr'><strong>a</strong></span> <span class='ocrx_word' id='word_1_632' title='bbox 3028 3841 3176 3896; x_wconf 80' lang='lat' dir='ltr'><strong>Filio</strong></span> <span class='ocrx_word' id='word_1_633' title='bbox 3206 3842 3397 3911; x_wconf 81' lang='lat' dir='ltr'><strong>accipit</strong></span> <span class='ocrx_word' id='word_1_634' title='bbox 3429 3840 3470 3896; x_wconf 89' lang='grc'><strong>³.</strong></span> <span class='ocrx_word' id='word_1_635' title='bbox 3513 3839 3619 3896; x_wconf 86' lang='lat' dir='ltr'><strong>Sed</strong></span> <span class='ocrx_word' id='word_1_636' title='bbox 3653 3840 3703 3895; x_wconf 91' lang='lat' dir='ltr'><strong>si</strong></span> 
     </span>
    </p>
   </div>
   <div class='ocr_carea' id='block_1_76' title="bbox 2107 3931 3704 4008">
    <p class='ocr_par' dir='ltr' id='par_1_76' title="bbox 2107 3931 3704 4008">
     <span class='ocr_line' id='line_1_76' title="bbox 2107 3931 3704 4008; baseline -0.006 -13"><span class='ocrx_word' id='word_1_637' title='bbox 2107 3941 2175 3995; x_wconf 90' lang='lat' dir='ltr'><strong>de</strong></span> <span class='ocrx_word' id='word_1_638' title='bbox 2219 3938 2430 4008; x_wconf 91' lang='lat' dir='ltr'><strong>Spiritu</strong></span> <span class='ocrx_word' id='word_1_639' title='bbox 2483 3943 2679 3993; x_wconf 89' lang='lat' dir='ltr'><strong>sancto</strong></span> <span class='ocrx_word' id='word_1_640' title='bbox 2722 3933 2996 4004; x_wconf 89' lang='lat' dir='ltr'><strong>ejusmodi</strong></span> <span class='ocrx_word' id='word_1_641' title='bbox 3034 3931 3293 4002; x_wconf 82' lang='lat' dir='ltr'><strong>quiddam</strong></span> <span class='ocrx_word' id='word_1_642' title='bbox 3342 3931 3704 4003; x_wconf 88' lang='lat' dir='ltr'><strong>pronuntiare</strong></span> 
     </span>
    </p>
   </div>
   <div class='ocr_carea' id='block_1_77' title="bbox 2106 4024 3703 4099">
    <p class='ocr_par' dir='ltr' id='par_1_77' title="bbox 2106 4024 3703 4099">
     <span class='ocr_line' id='line_1_77' title="bbox 2106 4024 3703 4099; baseline -0.005 -12"><span class='ocrx_word' id='word_1_643' title='bbox 2106 4047 2215 4087; x_wconf 90' lang='lat' dir='ltr'><strong>non</strong></span> <span class='ocrx_word' id='word_1_644' title='bbox 2249 4031 2524 4096; x_wconf 89' lang='lat' dir='ltr'><strong>dubitant,</strong></span> <span class='ocrx_word' id='word_1_645' title='bbox 2549 4035 2758 4099; x_wconf 89' lang='lat' dir='ltr'><strong>quanto</strong></span> <span class='ocrx_word' id='word_1_646' title='bbox 2788 4027 2974 4081; x_wconf 91' lang='lat' dir='ltr'><strong>minus</strong></span> <span class='ocrx_word' id='word_1_647' title='bbox 2998 4025 3141 4080; x_wconf 86' lang='lat' dir='ltr'><strong>idem</strong></span> <span class='ocrx_word' id='word_1_648' title='bbox 3174 4024 3241 4079; x_wconf 94' lang='lat' dir='ltr'><strong>de</strong></span> <span class='ocrx_word' id='word_1_649' title='bbox 3264 4024 3473 4094; x_wconf 81' lang='lat' dir='ltr'><strong>angelis</strong></span> <span class='ocrx_word' id='word_1_650' title='bbox 3501 4039 3703 4095; x_wconf 78' lang='lat' dir='ltr'><strong>negare</strong></span> 
     </span>
    </p>
   </div>
   <div class='ocr_carea' id='block_1_78' title="bbox 2107 4115 3700 4196">
    <p class='ocr_par' dir='ltr' id='par_1_78' title="bbox 2107 4115 3700 4196">
     <span class='ocr_line' id='line_1_78' title="bbox 2107 4115 3700 4196; baseline -0.005 -18"><span class='ocrx_word' id='word_1_651' title='bbox 2107 4129 2370 4196; x_wconf 88' lang='lat' dir='ltr'><strong>poterunt</strong></span> <span class='ocrx_word' id='word_1_652' title='bbox 2396 4139 2411 4189; x_wconf 92' lang='lat'><strong>;</strong></span> <span class='ocrx_word' id='word_1_653' title='bbox 2449 4136 2550 4176; x_wconf 90' lang='lat' dir='ltr'><strong>nec</strong></span> <span class='ocrx_word' id='word_1_654' title='bbox 2578 4119 2832 4174; x_wconf 86' lang='lat' dir='ltr'><strong>dubitare</strong></span> <span class='ocrx_word' id='word_1_655' title='bbox 2859 4159 2874 4181; x_wconf 91' lang='lat'><strong>,</strong></span> <span class='ocrx_word' id='word_1_656' title='bbox 2915 4133 3039 4173; x_wconf 92' lang='lat' dir='ltr'><strong>cum</strong></span> <span class='ocrx_word' id='word_1_657' title='bbox 3069 4117 3240 4173; x_wconf 88' lang='lat' dir='ltr'><strong>creati</strong></span> <span class='ocrx_word' id='word_1_658' title='bbox 3271 4116 3346 4170; x_wconf 92' lang='lat' dir='ltr'><strong>illi</strong></span> <span class='ocrx_word' id='word_1_659' title='bbox 3384 4116 3496 4172; x_wconf 90' lang='lat' dir='ltr'><strong>sint</strong></span> <span class='ocrx_word' id='word_1_660' title='bbox 3521 4157 3537 4182; x_wconf 90' lang='lat'><strong>,</strong></span> <span class='ocrx_word' id='word_1_661' title='bbox 3566 4115 3700 4187; x_wconf 91' lang='lat' dir='ltr'><strong>quin</strong></span> 
     </span>
    </p>
   </div>
   <div class='ocr_carea' id='block_1_79' title="bbox 2108 4208 3701 4281">
    <p class='ocr_par' dir='ltr' id='par_1_79' title="bbox 2108 4208 3701 4281">
     <span class='ocr_line' id='line_1_79' title="bbox 2108 4208 3701 4281; baseline -0.004 -12"><span class='ocrx_word' id='word_1_662' title='bbox 2108 4231 2138 4269; x_wconf 90' lang='lat' dir='ltr'><strong>a</strong></span> <span class='ocrx_word' id='word_1_663' title='bbox 2183 4213 2323 4269; x_wconf 89' lang='lat' dir='ltr'><strong>Filio</strong></span> <span class='ocrx_word' id='word_1_664' title='bbox 2353 4221 2412 4267; x_wconf 90' lang='lat' dir='ltr'><strong>ut</strong></span> <span class='ocrx_word' id='word_1_665' title='bbox 2444 4221 2634 4268; x_wconf 84' lang='lat' dir='ltr'><strong>essent</strong></span> <span class='ocrx_word' id='word_1_666' title='bbox 2663 4211 3018 4281; x_wconf 85' lang='lat' dir='ltr'><strong>acceperint?</strong></span> <span class='ocrx_word' id='word_1_667' title='bbox 3055 4208 3241 4280; x_wconf 89' lang='lat' dir='ltr'><strong>Itaque</strong></span> <span class='ocrx_word' id='word_1_668' title='bbox 3276 4225 3400 4264; x_wconf 91' lang='lat' dir='ltr'><strong>cum</strong></span> <span class='ocrx_word' id='word_1_669' title='bbox 3446 4209 3701 4279; x_wconf 80' lang='lat' dir='ltr'><strong>producti</strong></span> 
     </span>
    </p>
   </div>
   <div class='ocr_carea' id='block_1_80' title="bbox 2109 4300 3702 4375">
    <p class='ocr_par' dir='ltr' id='par_1_80' title="bbox 2109 4300 3702 4375">
     <span class='ocr_line' id='line_1_80' title="bbox 2109 4300 3702 4375; baseline -0.003 -14"><span class='ocrx_word' id='word_1_670' title='bbox 2109 4308 2178 4363; x_wconf 89' lang='lat' dir='ltr'><strong>ab</strong></span> <span class='ocrx_word' id='word_1_671' title='bbox 2206 4306 2396 4361; x_wconf 88' lang='lat' dir='ltr'><strong>eodem</strong></span> <span class='ocrx_word' id='word_1_672' title='bbox 2432 4303 2609 4375; x_wconf 88' lang='lat' dir='ltr'><strong>angeli</strong></span> <span class='ocrx_word' id='word_1_673' title='bbox 2644 4304 2737 4372; x_wconf 90' lang='lat' dir='ltr'><strong>qui</strong></span> <span class='ocrx_word' id='word_1_674' title='bbox 2792 4302 3011 4356; x_wconf 85' lang='lat' dir='ltr'><strong>tametsi</strong></span> <span class='ocrx_word' id='word_1_675' title='bbox 3065 4302 3294 4372; x_wconf 87' lang='lat' dir='ltr'><strong>spiritus</strong></span> <span class='ocrx_word' id='word_1_676' title='bbox 3343 4301 3492 4365; x_wconf 87' lang='lat' dir='ltr'><strong>sint,</strong></span> <span class='ocrx_word' id='word_1_677' title='bbox 3553 4300 3702 4356; x_wconf 88' lang='lat' dir='ltr'><strong>illius</strong></span> 
     </span>
    </p>
   </div>
   <div class='ocr_carea' id='block_1_81' title="bbox 2109 4394 3703 4463">
    <p class='ocr_par' dir='ltr' id='par_1_81' title="bbox 2109 4394 3703 4463">
     <span class='ocr_line' id='line_1_81' title="bbox 2109 4394 3703 4463; baseline -0.003 -10"><span class='ocrx_word' id='word_1_678' title='bbox 2109 4407 2290 4454; x_wconf 89' lang='lat' dir='ltr'><strong>tamen</strong></span> <span class='ocrx_word' id='word_1_679' title='bbox 2323 4407 2594 4452; x_wconf 60' lang='lat' dir='ltr'><strong>creaturae</strong></span> <span class='ocrx_word' id='word_1_680' title='bbox 2624 4402 2789 4458; x_wconf 89' lang='lat' dir='ltr'><strong>sunt,</strong></span> <span class='ocrx_word' id='word_1_681' title='bbox 2818 4401 2875 4448; x_wconf 81' lang='lat' dir='ltr'><strong>et</strong></span> <span class='ocrx_word' id='word_1_682' title='bbox 2902 4394 2972 4448; x_wconf 91' lang='lat' dir='ltr'><strong>ab</strong></span> <span class='ocrx_word' id='word_1_683' title='bbox 3000 4394 3120 4463; x_wconf 75' lang='lat' dir='ltr'><strong>ejus</strong></span> <span class='ocrx_word' id='word_1_684' title='bbox 3148 4404 3357 4449; x_wconf 71' lang='lat' dir='ltr'><strong>naturae</strong></span> <span class='ocrx_word' id='word_1_685' title='bbox 3386 4394 3703 4463; x_wconf 67' lang='lat' dir='ltr'><strong>praestantia</strong></span> 
     </span>
    </p>
   </div>
   <div class='ocr_carea' id='block_1_82' title="bbox 2110 4486 3702 4559">
    <p class='ocr_par' dir='ltr' id='par_1_82' title="bbox 2110 4486 3702 4559">
     <span class='ocr_line' id='line_1_82' title="bbox 2110 4486 3702 4559; baseline -0.003 -15"><span class='ocrx_word' id='word_1_686' title='bbox 2110 4490 2339 4545; x_wconf 85' lang='lat' dir='ltr'><strong>inﬁnitis</strong></span> <span class='ocrx_word' id='word_1_687' title='bbox 2390 4489 2642 4559; x_wconf 85' lang='lat' dir='ltr'><strong>partibus</strong></span> <span class='ocrx_word' id='word_1_688' title='bbox 2673 4488 2916 4551; x_wconf 90' lang='lat' dir='ltr'><strong>absunt,</strong></span> <span class='ocrx_word' id='word_1_689' title='bbox 2968 4496 3158 4556; x_wconf 91' lang='lat' dir='ltr'><strong>utpote</strong></span> <span class='ocrx_word' id='word_1_690' title='bbox 3205 4501 3331 4540; x_wconf 91' lang='lat' dir='ltr'><strong>cum</strong></span> <span class='ocrx_word' id='word_1_691' title='bbox 3382 4486 3530 4542; x_wconf 91' lang='lat' dir='ltr'><strong>illius</strong></span> <span class='ocrx_word' id='word_1_692' title='bbox 3562 4501 3702 4558; x_wconf 91' lang='lat' dir='ltr'><strong>opus</strong></span> 
     </span>
    </p>
   </div>
   <div class='ocr_carea' id='block_1_83' title="bbox 407 4576 2001 4661">
    <p class='ocr_par' dir='ltr' id='par_1_83' title="bbox 407 4577 2001 4661">
     <span class='ocr_line' id='line_1_83' title="bbox 407 4577 2001 4661; baseline 0.008 -31"><span class='ocrx_word' id='word_1_693' title='bbox 407 4577 470 4631; x_wconf 85' lang='grc' dir='ltr'><strong>τὸ</strong></span> <span class='ocrx_word' id='word_1_694' title='bbox 494 4577 683 4647; x_wconf 81' lang='grc' dir='ltr'>ἆγιον;</span> <span class='ocrx_word' id='word_1_695' title='bbox 717 4579 819 4632; x_wconf 91' lang='grc' dir='ltr'>Διά</span> <span class='ocrx_word' id='word_1_696' title='bbox 840 4580 893 4633; x_wconf 86' lang='grc' dir='ltr'><strong>τί</strong></span> <span class='ocrx_word' id='word_1_697' title='bbox 934 4583 1008 4652; x_wconf 86' lang='grc' dir='ltr'>μὴ</span> <span class='ocrx_word' id='word_1_698' title='bbox 1036 4585 1117 4647; x_wconf 83' lang='grc' dir='ltr'><strong>είς</strong></span> <span class='ocrx_word' id='word_1_699' title='bbox 1149 4584 1329 4655; x_wconf 84' lang='grc' dir='ltr'>σάρκα</span> <span class='ocrx_word' id='word_1_700' title='bbox 1347 4582 1505 4658; x_wconf 79' lang='grc' dir='ltr'>ἦλθε,</span> <span class='ocrx_word' id='word_1_701' title='bbox 1533 4588 1626 4641; x_wconf 72' lang='grc' dir='ltr'>καὶ</span> <span class='ocrx_word' id='word_1_702' title='bbox 1660 4589 1839 4661; x_wconf 88' lang='grc' dir='ltr'>σάρκα</span> <span class='ocrx_word' id='word_1_703' title='bbox 1878 4590 2001 4658; x_wconf 78' lang='grc' dir='ltr'>ἐφό-</span> 
     </span>
    </p>
   </div>
   <div class='ocr_carea' id='block_1_84' title="bbox 2106 4576 3700 4661">
    <p class='ocr_par' dir='ltr' id='par_1_84' title="bbox 2110 4579 3700 4652">
     <span class='ocr_line' id='line_1_84' title="bbox 2110 4579 3700 4652; baseline -0.003 -13"><span class='ocrx_word' id='word_1_704' title='bbox 2110 4584 2246 4649; x_wconf 84' lang='lat' dir='ltr'><strong>sint;</strong></span> <span class='ocrx_word' id='word_1_705' title='bbox 2281 4583 2375 4639; x_wconf 84' lang='lat' dir='ltr'><strong>sed</strong></span> <span class='ocrx_word' id='word_1_706' title='bbox 2410 4597 2534 4635; x_wconf 89' lang='lat' dir='ltr'><strong>cum</strong></span> <span class='ocrx_word' id='word_1_707' title='bbox 2571 4579 2747 4652; x_wconf 86' lang='lat' dir='ltr'><strong>angeli</strong></span> <span class='ocrx_word' id='word_1_708' title='bbox 2780 4594 3002 4634; x_wconf 91' lang='lat' dir='ltr'><strong>carnem</strong></span> <span class='ocrx_word' id='word_1_709' title='bbox 3034 4594 3143 4635; x_wconf 91' lang='lat' dir='ltr'><strong>non</strong></span> <span class='ocrx_word' id='word_1_710' title='bbox 3175 4579 3538 4649; x_wconf 86' lang='lat' dir='ltr'><strong>susceperint.</strong></span> <span class='ocrx_word' id='word_1_711' title='bbox 3566 4579 3700 4650; x_wconf 89' lang='lat' dir='ltr'><strong>quid</strong></span> 
     </span>
    </p>
   </div>
   <div class='ocr_carea' id='block_1_85' title="bbox 410 4674 1999 4753">
    <p class='ocr_par' dir='ltr' id='par_1_85' title="bbox 410 4674 1999 4753">
     <span class='ocr_line' id='line_1_85' title="bbox 410 4674 1999 4753; baseline 0.007 -28"><span class='ocrx_word' id='word_1_712' title='bbox 410 4690 560 4744; x_wconf 88' lang='grc' dir='ltr'>ρεσε,</span> <span class='ocrx_word' id='word_1_713' title='bbox 589 4674 687 4729; x_wconf 80' lang='grc' dir='ltr'>καὶ</span> <span class='ocrx_word' id='word_1_714' title='bbox 720 4674 1164 4747; x_wconf 80' lang='grc' dir='ltr'>ὲνηνθρώπησεν,</span> <span class='ocrx_word' id='word_1_715' title='bbox 1205 4679 1238 4752; x_wconf 76' lang='grc' dir='ltr'>ἢ</span> <span class='ocrx_word' id='word_1_716' title='bbox 1270 4680 1332 4733; x_wconf 86' lang='grc' dir='ltr'>τὸ</span> <span class='ocrx_word' id='word_1_717' title='bbox 1372 4679 1600 4753; x_wconf 89' lang='grc' dir='ltr'>Πνεῦμα</span> <span class='ocrx_word' id='word_1_718' title='bbox 1641 4682 1703 4736; x_wconf 85' lang='grc' dir='ltr'><strong>τὸ</strong></span> <span class='ocrx_word' id='word_1_719' title='bbox 1726 4683 1880 4752; x_wconf 74' lang='grc' dir='ltr'>ἅγιον</span> <span class='ocrx_word' id='word_1_720' title='bbox 1903 4682 1999 4737; x_wconf 89' lang='grc' dir='ltr'><strong>τοῦ</strong></span> 
     </span>
    </p>
   </div>
   <div class='ocr_carea' id='block_1_86' title="bbox 405 4763 2001 4845">
    <p class='ocr_par' dir='ltr' id='par_1_86' title="bbox 405 4763 2001 4845">
     <span class='ocr_line' id='line_1_86' title="bbox 405 4763 2001 4845; baseline 0.007 -29"><span class='ocrx_word' id='word_1_721' title='bbox 405 4763 564 4828; x_wconf 83' lang='grc' dir='ltr'>Θεοῦ,</span> <span class='ocrx_word' id='word_1_722' title='bbox 602 4765 638 4835; x_wconf 79' lang='grc' dir='ltr'><strong>ἧ</strong></span> <span class='ocrx_word' id='word_1_723' title='bbox 679 4782 766 4830; x_wconf 85' lang='grc' dir='ltr'><strong>τις</strong></span> <span class='ocrx_word' id='word_1_724' title='bbox 804 4766 915 4821; x_wconf 87' lang='grc' dir='ltr'><strong>τῶν</strong></span> <span class='ocrx_word' id='word_1_725' title='bbox 947 4769 1231 4837; x_wconf 83' lang='grc' dir='ltr'>άγγέλων;</span> <span class='ocrx_word' id='word_1_726' title='bbox 1263 4770 1339 4824; x_wconf 86' lang='grc' dir='ltr'><strong>Οὐ</strong></span> <span class='ocrx_word' id='word_1_727' title='bbox 1389 4772 1496 4845; x_wconf 84' lang='grc' dir='ltr'>γὰρ</span> <span class='ocrx_word' id='word_1_728' title='bbox 1543 4772 1762 4836; x_wconf 88' lang='grc' dir='ltr'>πάντως</span> <span class='ocrx_word' id='word_1_729' title='bbox 1809 4773 1898 4826; x_wconf 80' lang='grc' dir='ltr'>διὰ.</span> <span class='ocrx_word' id='word_1_730' title='bbox 1938 4773 2001 4826; x_wconf 87' lang='grc' dir='ltr'><strong>τὸ</strong></span> 
     </span>
    </p>
   </div>
   <div class='ocr_carea' id='block_1_87' title="bbox 404 4856 2000 4938">
    <p class='ocr_par' dir='ltr' id='par_1_87' title="bbox 404 4856 2000 4938">
     <span class='ocr_line' id='line_1_87' title="bbox 404 4856 2000 4938; baseline 0.007 -29"><span class='ocrx_word' id='word_1_731' title='bbox 404 4856 754 4926; x_wconf 74' lang='grc' dir='ltr'>ἠλαττῶσθαι</span> <span class='ocrx_word' id='word_1_732' title='bbox 784 4859 877 4913; x_wconf 77' lang='grc' dir='ltr'><strong>τὸν</strong></span> <span class='ocrx_word' id='word_1_733' title='bbox 907 4860 1036 4914; x_wconf 84' lang='grc' dir='ltr'>Υίὺν</span> <span class='ocrx_word' id='word_1_734' title='bbox 1067 4861 1220 4934; x_wconf 80' lang='grc' dir='ltr'>παρὰ</span> <span class='ocrx_word' id='word_1_735' title='bbox 1247 4862 1340 4916; x_wconf 81' lang='grc' dir='ltr'><strong>τὸν</strong></span> <span class='ocrx_word' id='word_1_736' title='bbox 1356 4864 1599 4938; x_wconf 79' lang='grc' dir='ltr'>Πατέρα,</span> <span class='ocrx_word' id='word_1_737' title='bbox 1617 4864 1808 4920; x_wconf 85' lang='grc' dir='ltr'>τούτου</span> <span class='ocrx_word' id='word_1_738' title='bbox 1836 4865 2000 4920; x_wconf 69' lang='grc' dir='ltr'>ἕνεκα</span> 
     </span>
    </p>
   </div>
   <div class='ocr_carea' id='block_1_88' title="bbox 407 4948 1999 5028">
    <p class='ocr_par' dir='ltr' id='par_1_88' title="bbox 407 4948 1999 5028">
     <span class='ocr_line' id='line_1_88' title="bbox 407 4948 1999 5028; baseline 0.008 -27"><span class='ocrx_word' id='word_1_739' title='bbox 407 4948 589 5019; x_wconf 88' lang='grc' dir='ltr'>σάρκα</span> <span class='ocrx_word' id='word_1_740' title='bbox 634 4950 921 5005; x_wconf 75' lang='grc' dir='ltr'>ἐνεδύσατο</span> <span class='ocrx_word' id='word_1_741' title='bbox 939 4968 953 4982; x_wconf 82' lang='grc' dir='ltr'><strong>ο</strong></span> <span class='ocrx_word' id='word_1_742' title='bbox 998 4952 1122 5006; x_wconf 78' lang='grc' dir='ltr'>ἐπεὶ</span> <span class='ocrx_word' id='word_1_743' title='bbox 1159 4951 1227 5009; x_wconf 79' lang='grc' dir='ltr'>ἂν</span> <span class='ocrx_word' id='word_1_744' title='bbox 1269 4952 1500 5026; x_wconf 80' lang='grc' dir='ltr'>ὤφειλον</span> <span class='ocrx_word' id='word_1_745' title='bbox 1553 4957 1651 5012; x_wconf 79' lang='grc' dir='ltr'>καὶ</span> <span class='ocrx_word' id='word_1_746' title='bbox 1687 4960 1739 5012; x_wconf 85' lang='grc' dir='ltr'>οἱ</span> <span class='ocrx_word' id='word_1_747' title='bbox 1775 4958 1999 5028; x_wconf 75' lang='grc' dir='ltr'>ἄγγελοι</span> 
     </span>
    </p>
   </div>
   <div class='ocr_carea' id='block_1_89' title="bbox 404 5037 1998 5119">
    <p class='ocr_par' dir='ltr' id='par_1_89' title="bbox 404 5037 1998 5119">
     <span class='ocr_line' id='line_1_89' title="bbox 404 5037 1998 5119; baseline 0.007 -28"><span class='ocrx_word' id='word_1_748' title='bbox 404 5037 627 5104; x_wconf 84' lang='grc' dir='ltr'>πάντως</span> <span class='ocrx_word' id='word_1_749' title='bbox 658 5040 839 5111; x_wconf 84' lang='grc' dir='ltr'>σάρκα</span> <span class='ocrx_word' id='word_1_750' title='bbox 878 5041 1223 5107; x_wconf 76' lang='grc' dir='ltr'>ἐνδύσασθαι,</span> <span class='ocrx_word' id='word_1_751' title='bbox 1253 5043 1286 5115; x_wconf 83' lang='grc' dir='ltr'>ἢ</span> <span class='ocrx_word' id='word_1_752' title='bbox 1334 5046 1429 5099; x_wconf 78' lang='grc' dir='ltr'><strong>καὶ</strong></span> <span class='ocrx_word' id='word_1_753' title='bbox 1466 5047 1529 5100; x_wconf 82' lang='grc' dir='ltr'>τὸ</span> <span class='ocrx_word' id='word_1_754' title='bbox 1561 5046 1808 5119; x_wconf 90' lang='grc' dir='ltr'>Πνεῦμα.</span> <span class='ocrx_word' id='word_1_755' title='bbox 1857 5048 1998 5102; x_wconf 84' lang='grc' dir='ltr'>Ἀλλ’</span> 
     </span>
    </p>
   </div>
   <div class='ocr_carea' id='block_1_90' title="bbox 404 5131 1998 5211">
    <p class='ocr_par' dir='ltr' id='par_1_90' title="bbox 404 5131 1998 5211">
     <span class='ocr_line' id='line_1_90' title="bbox 404 5131 1998 5211; baseline 0.008 -27"><span class='ocrx_word' id='word_1_756' title='bbox 404 5131 594 5204; x_wconf 74' lang='grc' dir='ltr'>ἐπειδὴ</span> <span class='ocrx_word' id='word_1_757' title='bbox 629 5133 663 5204; x_wconf 76' lang='grc' dir='ltr'>ἡ</span> <span class='ocrx_word' id='word_1_758' title='bbox 691 5133 852 5203; x_wconf 83' lang='grc' dir='ltr'>σοφία</span> <span class='ocrx_word' id='word_1_759' title='bbox 878 5133 953 5187; x_wconf 82' lang='grc' dir='ltr'>ὢν</span> <span class='ocrx_word' id='word_1_760' title='bbox 980 5135 1074 5188; x_wconf 88' lang='grc' dir='ltr'><strong>τοῦ</strong></span> <span class='ocrx_word' id='word_1_761' title='bbox 1104 5136 1335 5207; x_wconf 84' lang='grc' dir='ltr'>Πατρὸς,</span> <span class='ocrx_word' id='word_1_762' title='bbox 1365 5139 1460 5192; x_wconf 79' lang='grc' dir='ltr'>καὶ</span> <span class='ocrx_word' id='word_1_763' title='bbox 1485 5139 1735 5211; x_wconf 89' lang='grc' dir='ltr'>δύναμις,</span> <span class='ocrx_word' id='word_1_764' title='bbox 1771 5141 1867 5196; x_wconf 77' lang='grc' dir='ltr'>καὶ</span> <span class='ocrx_word' id='word_1_765' title='bbox 1891 5141 1998 5196; x_wconf 85' lang='grc' dir='ltr'><strong>Λό-</strong></span> 
     </span>
    </p>
   </div>
   <div class='ocr_carea' id='block_1_91' title="bbox 402 5224 2002 5305">
    <p class='ocr_par' dir='ltr' id='par_1_91' title="bbox 402 5224 2002 5305">
     <span class='ocr_line' id='line_1_91' title="bbox 402 5224 2002 5305; baseline 0.008 -29"><span class='ocrx_word' id='word_1_766' title='bbox 402 5240 519 5293; x_wconf 90' lang='grc' dir='ltr'>γος,</span> <span class='ocrx_word' id='word_1_767' title='bbox 569 5224 733 5288; x_wconf 79' lang='grc' dir='ltr'>αὐτὸς</span> <span class='ocrx_word' id='word_1_768' title='bbox 773 5226 843 5280; x_wconf 86' lang='grc' dir='ltr'><strong>τά</strong></span> <span class='ocrx_word' id='word_1_769' title='bbox 882 5228 1059 5282; x_wconf 84' lang='grc' dir='ltr'>πάντα</span> <span class='ocrx_word' id='word_1_770' title='bbox 1099 5229 1502 5303; x_wconf 79' lang='grc' dir='ltr'>ἐδημιούργησε</span> <span class='ocrx_word' id='word_1_771' title='bbox 1543 5233 1640 5286; x_wconf 84' lang='grc' dir='ltr'><strong>σὺν</strong></span> <span class='ocrx_word' id='word_1_772' title='bbox 1679 5234 1856 5305; x_wconf 77' lang='grc' dir='ltr'>Πατρὶ</span> <span class='ocrx_word' id='word_1_773' title='bbox 1907 5234 2002 5288; x_wconf 74' lang='grc' dir='ltr'><strong>καὶ</strong></span> 
     </span>
    </p>
   </div>
   <div class='ocr_carea' id='block_1_92' title="bbox 403 5316 1999 5396">
    <p class='ocr_par' dir='ltr' id='par_1_92' title="bbox 403 5316 1999 5396">
     <span class='ocr_line' id='line_1_92' title="bbox 403 5316 1999 5396; baseline 0.006 -27"><span class='ocrx_word' id='word_1_774' title='bbox 403 5316 546 5387; x_wconf 82' lang='grc' dir='ltr'>ἁγίῳ</span> <span class='ocrx_word' id='word_1_775' title='bbox 594 5317 896 5387; x_wconf 84' lang='grc' dir='ltr'>Πνεύματι,</span> <span class='ocrx_word' id='word_1_776' title='bbox 943 5319 1030 5373; x_wconf 77' lang='grc' dir='ltr'><strong>ἵνα</strong></span> <span class='ocrx_word' id='word_1_777' title='bbox 1075 5320 1244 5395; x_wconf 80' lang='grc' dir='ltr'>δείξῃ,</span> <span class='ocrx_word' id='word_1_778' title='bbox 1304 5324 1387 5377; x_wconf 83' lang='grc' dir='ltr'>ὅτι</span> <span class='ocrx_word' id='word_1_779' title='bbox 1434 5324 1497 5377; x_wconf 82' lang='grc' dir='ltr'><strong>τὸ</strong></span> <span class='ocrx_word' id='word_1_780' title='bbox 1548 5323 1718 5377; x_wconf 83' lang='grc' dir='ltr'>αίτιον</span> <span class='ocrx_word' id='word_1_781' title='bbox 1768 5326 1868 5396; x_wconf 79' lang='grc' dir='ltr'>τῆς</span> <span class='ocrx_word' id='word_1_782' title='bbox 1904 5324 1999 5379; x_wconf 88' lang='grc' dir='ltr'><strong>τοῦ</strong></span> 
     </span>
    </p>
   </div>
   <div class='ocr_carea' id='block_1_93' title="bbox 394 5406 2000 5480">
    <p class='ocr_par' dir='ltr' id='par_1_93' title="bbox 394 5406 2000 5480">
     <span class='ocr_line' id='line_1_93' title="bbox 394 5406 2000 5480; baseline 0.009 -26"><span class='ocrx_word' id='word_1_783' title='bbox 394 5406 593 5477; x_wconf 51' lang='grc' dir='ltr'>ΑἈδάμ</span> <span class='ocrx_word' id='word_1_784' title='bbox 630 5407 999 5478; x_wconf 78' lang='grc' dir='ltr'>παραϐάσεως</span> <span class='ocrx_word' id='word_1_785' title='bbox 1046 5413 1148 5466; x_wconf 82' lang='grc' dir='ltr'><strong>οὐκ</strong></span> <span class='ocrx_word' id='word_1_786' title='bbox 1196 5412 1305 5468; x_wconf 82' lang='grc' dir='ltr'><strong>ἀπὸ</strong></span> <span class='ocrx_word' id='word_1_787' title='bbox 1346 5412 1441 5467; x_wconf 86' lang='grc' dir='ltr'><strong>τοῦ</strong></span> <span class='ocrx_word' id='word_1_788' title='bbox 1485 5415 1845 5480; x_wconf 81' lang='grc' dir='ltr'>πεπλακέναι,</span> <span class='ocrx_word' id='word_1_789' title='bbox 1879 5415 2000 5469; x_wconf 74' lang='grc' dir='ltr'>οὐδὲ</span> 
     </span>
    </p>
   </div>
   <div class='ocr_carea' id='block_1_94' title="bbox 403 5497 1999 5579">
    <p class='ocr_par' dir='ltr' id='par_1_94' title="bbox 403 5497 1999 5579">
     <span class='ocr_line' id='line_1_94' title="bbox 403 5497 1999 5579; baseline 0.006 -27"><span class='ocrx_word' id='word_1_790' title='bbox 403 5499 516 5553; x_wconf 81' lang='grc' dir='ltr'><strong>ἀπὸ</strong></span> <span class='ocrx_word' id='word_1_791' title='bbox 539 5497 635 5553; x_wconf 86' lang='grc' dir='ltr'><strong>τοῦ</strong></span> <span class='ocrx_word' id='word_1_792' title='bbox 673 5503 1033 5573; x_wconf 81' lang='grc' dir='ltr'>πεποιηκέναι</span> <span class='ocrx_word' id='word_1_793' title='bbox 1061 5503 1123 5557; x_wconf 83' lang='grc' dir='ltr'><strong>τὸ</strong></span> <span class='ocrx_word' id='word_1_794' title='bbox 1156 5506 1402 5579; x_wconf 84' lang='grc' dir='ltr'>ἁμαρτὲς</span> <span class='ocrx_word' id='word_1_795' title='bbox 1434 5506 1466 5578; x_wconf 80' lang='grc' dir='ltr'><strong>ἢ</strong></span> <span class='ocrx_word' id='word_1_796' title='bbox 1496 5507 1559 5560; x_wconf 87' lang='grc' dir='ltr'><strong>τὸ</strong></span> <span class='ocrx_word' id='word_1_797' title='bbox 1586 5507 1687 5578; x_wconf 82' lang='grc' dir='ltr'><strong>τῆς</strong></span> <span class='ocrx_word' id='word_1_798' title='bbox 1712 5508 1999 5579; x_wconf 83' lang='grc' dir='ltr'>παρακοῆς</span> 
     </span>
    </p>
   </div>
   <div class='ocr_carea' id='block_1_95' title="bbox 405 5588 1999 5670">
    <p class='ocr_par' dir='ltr' id='par_1_95' title="bbox 405 5588 1999 5670">
     <span class='ocr_line' id='line_1_95' title="bbox 405 5588 1999 5670; baseline 0.006 -28"><span class='ocrx_word' id='word_1_799' title='bbox 405 5588 585 5661; x_wconf 75' lang='grc' dir='ltr'>ἔσχεν,</span> <span class='ocrx_word' id='word_1_800' title='bbox 621 5590 737 5645; x_wconf 82' lang='grc' dir='ltr'>ἀλλ’</span> <span class='ocrx_word' id='word_1_801' title='bbox 776 5593 885 5647; x_wconf 80' lang='grc' dir='ltr'><strong>ἀπὸ</strong></span> <span class='ocrx_word' id='word_1_802' title='bbox 916 5593 1053 5658; x_wconf 76' lang='grc' dir='ltr'>ιδίας</span> <span class='ocrx_word' id='word_1_803' title='bbox 1090 5597 1484 5669; x_wconf 84' lang='grc' dir='ltr'>προαιρέσεως,</span> <span class='ocrx_word' id='word_1_804' title='bbox 1522 5598 1609 5652; x_wconf 81' lang='grc' dir='ltr'>ἵνα</span> <span class='ocrx_word' id='word_1_805' title='bbox 1653 5599 1753 5670; x_wconf 82' lang='grc' dir='ltr'>τὴν</span> <span class='ocrx_word' id='word_1_806' title='bbox 1787 5599 1999 5653; x_wconf 88' lang='grc' dir='ltr'>δικαίαν</span> 
     </span>
    </p>
   </div>
   <div class='ocr_carea' id='block_1_96' title="bbox 405 5683 2001 5758">
    <p class='ocr_par' dir='ltr' id='par_1_96' title="bbox 405 5683 2001 5758">
     <span class='ocr_line' id='line_1_96' title="bbox 405 5683 2001 5758; baseline 0.007 -23"><span class='ocrx_word' id='word_1_807' title='bbox 405 5683 587 5756; x_wconf 80' lang='grc' dir='ltr'>κρίσιν</span> <span class='ocrx_word' id='word_1_808' title='bbox 608 5685 691 5749; x_wconf 83' lang='grc' dir='ltr'>εἰς</span> <span class='ocrx_word' id='word_1_809' title='bbox 715 5684 867 5750; x_wconf 80' lang='grc' dir='ltr'>τέλος</span> <span class='ocrx_word' id='word_1_810' title='bbox 895 5685 1226 5758; x_wconf 84' lang='grc' dir='ltr'>διεξαγάγοι,</span> <span class='ocrx_word' id='word_1_811' title='bbox 1255 5687 1332 5754; x_wconf 86' lang='grc' dir='ltr'><strong>ὡς</strong></span> <span class='ocrx_word' id='word_1_812' title='bbox 1359 5685 1514 5743; x_wconf 79' lang='grc' dir='ltr'>εἶπεν</span> <span class='ocrx_word' id='word_1_813' title='bbox 1538 5693 1568 5744; x_wconf 93' lang='lat'><strong>6</strong></span> <span class='ocrx_word' id='word_1_814' title='bbox 1610 5691 1839 5756; x_wconf 79' lang='grc' dir='ltr'>Ἡσαΐας</span> <span class='ocrx_word' id='word_1_815' title='bbox 1855 5709 1868 5722; x_wconf 87' lang='grc'>·</span> <span class='ocrx_word' id='word_1_816' title='bbox 1891 5689 2001 5746; x_wconf 83' lang='grc' dir='ltr'><strong>Κά-</strong></span> 
     </span>
    </p>
   </div>
   <div class='ocr_carea' id='block_1_97' title="bbox 2108 4669 3702 4744">
    <p class='ocr_par' dir='ltr' id='par_1_97' title="bbox 2108 4669 3702 4744">
     <span class='ocr_line' id='line_1_97' title="bbox 2108 4669 3702 4744; baseline -0.002 -13"><span class='ocrx_word' id='word_1_817' title='bbox 2108 4676 2329 4731; x_wconf 89' lang='lat' dir='ltr'><strong>tandem</strong></span> <span class='ocrx_word' id='word_1_818' title='bbox 2382 4673 2743 4744; x_wconf 88' lang='lat' dir='ltr'><strong>putabimus?</strong></span> <span class='ocrx_word' id='word_1_819' title='bbox 2784 4671 2953 4728; x_wconf 89' lang='lat' dir='ltr'><strong>Estne</strong></span> <span class='ocrx_word' id='word_1_820' title='bbox 2998 4678 3057 4725; x_wconf 91' lang='lat' dir='ltr'><strong>ut</strong></span> <span class='ocrx_word' id='word_1_821' title='bbox 3096 4669 3233 4726; x_wconf 82' lang='lat' dir='ltr'><strong>Filio</strong></span> <span class='ocrx_word' id='word_1_822' title='bbox 3283 4670 3702 4728; x_wconf 82' lang='lat' dir='ltr'><strong>excellentiores</strong></span> 
     </span>
    </p>
   </div>
   <div class='ocr_carea' id='block_1_98' title="bbox 2108 4762 3703 4834">
    <p class='ocr_par' dir='ltr' id='par_1_98' title="bbox 2108 4762 3703 4834">
     <span class='ocr_line' id='line_1_98' title="bbox 2108 4762 3703 4834; baseline -0.003 -11"><span class='ocrx_word' id='word_1_823' title='bbox 2108 4768 2233 4824; x_wconf 91' lang='lat' dir='ltr'><strong>illos</strong></span> <span class='ocrx_word' id='word_1_824' title='bbox 2267 4765 2619 4828; x_wconf 86' lang='lat' dir='ltr'><strong>arbitremur,</strong></span> <span class='ocrx_word' id='word_1_825' title='bbox 2654 4780 2684 4818; x_wconf 91' lang='lat' dir='ltr'><strong>a</strong></span> <span class='ocrx_word' id='word_1_826' title='bbox 2711 4779 2822 4834; x_wconf 90' lang='lat' dir='ltr'><strong>quo</strong></span> <span class='ocrx_word' id='word_1_827' title='bbox 2864 4764 3036 4820; x_wconf 84' lang='lat' dir='ltr'><strong>creati</strong></span> <span class='ocrx_word' id='word_1_828' title='bbox 3065 4763 3233 4820; x_wconf 86' lang='lat' dir='ltr'><strong>sunt?</strong></span> <span class='ocrx_word' id='word_1_829' title='bbox 3262 4764 3345 4817; x_wconf 86' lang='lat' dir='ltr'><strong>An</strong></span> <span class='ocrx_word' id='word_1_830' title='bbox 3391 4762 3532 4819; x_wconf 92' lang='lat' dir='ltr'><strong>idem</strong></span> <span class='ocrx_word' id='word_1_831' title='bbox 3563 4777 3703 4833; x_wconf 86' lang='lat' dir='ltr'><strong>quo-</strong></span> 
     </span>
    </p>
   </div>
   <div class='ocr_carea' id='block_1_99' title="bbox 2108 4855 3701 4932">
    <p class='ocr_par' dir='ltr' id='par_1_99' title="bbox 2108 4855 3701 4932">
     <span class='ocr_line' id='line_1_99' title="bbox 2108 4855 3701 4932; baseline -0.003 -17"><span class='ocrx_word' id='word_1_832' title='bbox 2108 4875 2217 4932; x_wconf 89' lang='lat' dir='ltr'><strong>que</strong></span> <span class='ocrx_word' id='word_1_833' title='bbox 2242 4859 2405 4915; x_wconf 91' lang='lat' dir='ltr'><strong>nobis</strong></span> <span class='ocrx_word' id='word_1_834' title='bbox 2437 4856 2508 4913; x_wconf 85' lang='lat' dir='ltr'><strong>de</strong></span> <span class='ocrx_word' id='word_1_835' title='bbox 2541 4855 2749 4928; x_wconf 90' lang='lat' dir='ltr'><strong>Spiritu</strong></span> <span class='ocrx_word' id='word_1_836' title='bbox 2779 4866 2994 4928; x_wconf 75' lang='lat' dir='ltr'><strong>_sancto</strong></span> <span class='ocrx_word' id='word_1_837' title='bbox 3032 4855 3535 4927; x_wconf 80' lang='lat' dir='ltr'><strong>persuadebimus?</strong></span> <span class='ocrx_word' id='word_1_838' title='bbox 3565 4855 3701 4925; x_wconf 87' lang='lat' dir='ltr'><strong>Cur,</strong></span> 
     </span>
    </p>
   </div>
   <div class='ocr_carea' id='block_1_100' title="bbox 2107 4947 3703 5023">
    <p class='ocr_par' dir='ltr' id='par_1_100' title="bbox 2107 4947 3703 5023">
     <span class='ocr_line' id='line_1_100' title="bbox 2107 4947 3703 5023; baseline -0.005 -16"><span class='ocrx_word' id='word_1_839' title='bbox 2107 4953 2367 5023; x_wconf 83' lang='lat' dir='ltr'><strong>inquam,</strong></span> <span class='ocrx_word' id='word_1_840' title='bbox 2405 4964 2585 5019; x_wconf 87' lang='lat' dir='ltr'><strong>neque</strong></span> <span class='ocrx_word' id='word_1_841' title='bbox 2612 4949 2701 5003; x_wconf 82' lang='lat' dir='ltr'><strong>hic</strong></span> <span class='ocrx_word' id='word_1_842' title='bbox 2725 4988 2741 5013; x_wconf 90' lang='lat'><strong>,</strong></span> <span class='ocrx_word' id='word_1_843' title='bbox 2776 4963 2880 5004; x_wconf 90' lang='lat' dir='ltr'><strong>nec</strong></span> <span class='ocrx_word' id='word_1_844' title='bbox 2911 4948 3234 5019; x_wconf 81' lang='lat' dir='ltr'><strong>angelorum</strong></span> <span class='ocrx_word' id='word_1_845' title='bbox 3274 4947 3418 5003; x_wconf 89' lang='lat' dir='ltr'><strong>ullus</strong></span> <span class='ocrx_word' id='word_1_846' title='bbox 3457 4947 3526 5003; x_wconf 89' lang='lat' dir='ltr'><strong>ad</strong></span> <span class='ocrx_word' id='word_1_847' title='bbox 3573 4961 3703 5001; x_wconf 87' lang='lat' dir='ltr'><strong>car-</strong></span> 
     </span>
    </p>
   </div>
   <div class='ocr_carea' id='block_1_101' title="bbox 2107 5037 3700 5109">
    <p class='ocr_par' dir='ltr' id='par_1_101' title="bbox 2107 5037 3700 5109">
     <span class='ocr_line' id='line_1_101' title="bbox 2107 5037 3700 5109; baseline -0.003 -13"><span class='ocrx_word' id='word_1_848' title='bbox 2107 5055 2235 5096; x_wconf 90' lang='lat' dir='ltr'><strong>nem</strong></span> <span class='ocrx_word' id='word_1_849' title='bbox 2265 5038 2551 5095; x_wconf 91' lang='lat' dir='ltr'><strong>descendit</strong></span> <span class='ocrx_word' id='word_1_850' title='bbox 2576 5079 2593 5105; x_wconf 92' lang='lat'><strong>,</strong></span> <span class='ocrx_word' id='word_1_851' title='bbox 2624 5054 2725 5093; x_wconf 88' lang='lat' dir='ltr'><strong>nec</strong></span> <span class='ocrx_word' id='word_1_852' title='bbox 2756 5053 2877 5092; x_wconf 88' lang='lat' dir='ltr'><strong>eam</strong></span> <span class='ocrx_word' id='word_1_853' title='bbox 2914 5040 3151 5109; x_wconf 86' lang='lat' dir='ltr'><strong>gestavit</strong></span> <span class='ocrx_word' id='word_1_854' title='bbox 3182 5046 3278 5094; x_wconf 90' lang='lat' dir='ltr'><strong>aut</strong></span> <span class='ocrx_word' id='word_1_855' title='bbox 3306 5045 3560 5093; x_wconf 89' lang='lat' dir='ltr'><strong>naturam</strong></span> <span class='ocrx_word' id='word_1_856' title='bbox 3598 5037 3700 5091; x_wconf 83' lang='lat' dir='ltr'><strong>ho—</strong></span> 
     </span>
    </p>
   </div>
   <div class='ocr_carea' id='block_1_102' title="bbox 2108 5130 3702 5203">
    <p class='ocr_par' dir='ltr' id='par_1_102' title="bbox 2108 5130 3702 5203">
     <span class='ocr_line' id='line_1_102' title="bbox 2108 5130 3702 5203; baseline -0.001 -14"><span class='ocrx_word' id='word_1_857' title='bbox 2108 5133 2274 5190; x_wconf 89' lang='lat' dir='ltr'><strong>minis</strong></span> <span class='ocrx_word' id='word_1_858' title='bbox 2307 5132 2646 5203; x_wconf 84' lang='lat' dir='ltr'><strong>assumpsit?</strong></span> <span class='ocrx_word' id='word_1_859' title='bbox 2683 5131 2977 5187; x_wconf 85' lang='lat' dir='ltr'><strong>Enimvero</strong></span> <span class='ocrx_word' id='word_1_860' title='bbox 3031 5147 3143 5187; x_wconf 92' lang='lat' dir='ltr'><strong>non</strong></span> <span class='ocrx_word' id='word_1_861' title='bbox 3185 5131 3309 5187; x_wconf 90' lang='lat' dir='ltr'><strong>ideo</strong></span> <span class='ocrx_word' id='word_1_862' title='bbox 3359 5130 3506 5202; x_wconf 91' lang='lat' dir='ltr'><strong>quod</strong></span> <span class='ocrx_word' id='word_1_863' title='bbox 3539 5130 3702 5187; x_wconf 89' lang='lat' dir='ltr'><strong>Patre</strong></span> 
     </span>
    </p>
   </div>
   <div class='ocr_carea' id='block_1_103' title="bbox 2107 5222 3700 5295">
    <p class='ocr_par' dir='ltr' id='par_1_103' title="bbox 2107 5222 3700 5295">
     <span class='ocr_line' id='line_1_103' title="bbox 2107 5222 3700 5295; baseline -0.003 -14"><span class='ocrx_word' id='word_1_864' title='bbox 2107 5226 2292 5281; x_wconf 90' lang='lat' dir='ltr'><strong>minor</strong></span> <span class='ocrx_word' id='word_1_865' title='bbox 2323 5226 2393 5281; x_wconf 88' lang='lat' dir='ltr'><strong>sit</strong></span> <span class='ocrx_word' id='word_1_866' title='bbox 2439 5222 2636 5288; x_wconf 84' lang='lat' dir='ltr'><strong>Filius,</strong></span> <span class='ocrx_word' id='word_1_867' title='bbox 2672 5233 2963 5295; x_wconf 89' lang='lat' dir='ltr'><strong>propterea</strong></span> <span class='ocrx_word' id='word_1_868' title='bbox 2994 5239 3218 5278; x_wconf 81' lang='lat' dir='ltr'><strong>carnem</strong></span> <span class='ocrx_word' id='word_1_869' title='bbox 3250 5223 3449 5278; x_wconf 89' lang='lat' dir='ltr'><strong>induit.</strong></span> <span class='ocrx_word' id='word_1_870' title='bbox 3477 5223 3700 5294; x_wconf 86' lang='lat' dir='ltr'><strong>Alioqui</strong></span> 
     </span>
    </p>
   </div>
   <div class='ocr_carea' id='block_1_104' title="bbox 2111 5314 3699 5389">
    <p class='ocr_par' dir='ltr' id='par_1_104' title="bbox 2111 5314 3699 5389">
     <span class='ocr_line' id='line_1_104' title="bbox 2111 5314 3699 5389; baseline 0 -17"><span class='ocrx_word' id='word_1_871' title='bbox 2111 5326 2219 5372; x_wconf 90' lang='lat' dir='ltr'><strong>tam</strong></span> <span class='ocrx_word' id='word_1_872' title='bbox 2255 5317 2433 5389; x_wconf 85' lang='lat' dir='ltr'><strong>angeli</strong></span> <span class='ocrx_word' id='word_1_873' title='bbox 2464 5356 2482 5381; x_wconf 86' lang='lat'><strong>,</strong></span> <span class='ocrx_word' id='word_1_874' title='bbox 2513 5332 2678 5388; x_wconf 90' lang='lat' dir='ltr'><strong>quam</strong></span> <span class='ocrx_word' id='word_1_875' title='bbox 2717 5314 2958 5388; x_wconf 87' lang='lat' dir='ltr'><strong>Spiritus</strong></span> <span class='ocrx_word' id='word_1_876' title='bbox 3001 5324 3226 5371; x_wconf 89' lang='lat' dir='ltr'><strong>sanctus</strong></span> <span class='ocrx_word' id='word_1_877' title='bbox 3265 5331 3429 5370; x_wconf 88' lang='lat' dir='ltr'><strong>carne</strong></span> <span class='ocrx_word' id='word_1_878' title='bbox 3479 5320 3699 5386; x_wconf 82' lang='lat' dir='ltr'><strong>quoque</strong></span> 
     </span>
    </p>
   </div>
   <div class='ocr_carea' id='block_1_105' title="bbox 2107 5407 3698 5479">
    <p class='ocr_par' dir='ltr' id='par_1_105' title="bbox 2107 5407 3698 5479">
     <span class='ocr_line' id='line_1_105' title="bbox 2107 5407 3698 5479; baseline 0 -17"><span class='ocrx_word' id='word_1_879' title='bbox 2107 5411 2294 5466; x_wconf 88' lang='lat' dir='ltr'><strong>vestiri</strong></span> <span class='ocrx_word' id='word_1_880' title='bbox 2330 5410 2655 5465; x_wconf 88' lang='lat' dir='ltr'><strong>debuerant.</strong></span> <span class='ocrx_word' id='word_1_881' title='bbox 2695 5408 2803 5463; x_wconf 90' lang='lat' dir='ltr'><strong>Sed</strong></span> <span class='ocrx_word' id='word_1_882' title='bbox 2832 5408 3091 5479; x_wconf 91' lang='lat' dir='ltr'><strong>quoniam</strong></span> <span class='ocrx_word' id='word_1_883' title='bbox 3126 5407 3268 5462; x_wconf 90' lang='lat' dir='ltr'><strong>idem</strong></span> <span class='ocrx_word' id='word_1_884' title='bbox 3304 5407 3442 5476; x_wconf 87' lang='lat' dir='ltr'><strong>ipse,</strong></span> <span class='ocrx_word' id='word_1_885' title='bbox 3474 5407 3568 5477; x_wconf 92' lang='lat' dir='ltr'><strong>qui</strong></span> <span class='ocrx_word' id='word_1_886' title='bbox 3612 5414 3698 5462; x_wconf 89' lang='lat' dir='ltr'><strong>est</strong></span> 
     </span>
    </p>
   </div>
   <div class='ocr_carea' id='block_1_106' title="bbox 2108 5498 3693 5573">
    <p class='ocr_par' dir='ltr' id='par_1_106' title="bbox 2108 5498 3693 5573">
     <span class='ocr_line' id='line_1_106' title="bbox 2108 5498 3693 5573; baseline -0.004 -14"><span class='ocrx_word' id='word_1_887' title='bbox 2108 5503 2376 5573; x_wconf 90' lang='lat' dir='ltr'><strong>sapientia</strong></span> <span class='ocrx_word' id='word_1_888' title='bbox 2425 5502 2626 5568; x_wconf 81' lang='lat' dir='ltr'><strong>Patris,</strong></span> <span class='ocrx_word' id='word_1_889' title='bbox 2657 5510 2711 5558; x_wconf 90' lang='lat' dir='ltr'><strong>et</strong></span> <span class='ocrx_word' id='word_1_890' title='bbox 2744 5503 2939 5567; x_wconf 89' lang='lat' dir='ltr'><strong>virtus,</strong></span> <span class='ocrx_word' id='word_1_891' title='bbox 2969 5516 3033 5555; x_wconf 91' lang='lat' dir='ltr'><strong>ac</strong></span> <span class='ocrx_word' id='word_1_892' title='bbox 3059 5498 3322 5563; x_wconf 82' lang='lat' dir='ltr'><strong>Verbum,</strong></span> <span class='ocrx_word' id='word_1_893' title='bbox 3354 5500 3540 5554; x_wconf 92' lang='lat' dir='ltr'><strong>omnia</strong></span> <span class='ocrx_word' id='word_1_894' title='bbox 3566 5514 3693 5553; x_wconf 89' lang='lat' dir='ltr'><strong>cum</strong></span> 
     </span>
    </p>
   </div>
   <div class='ocr_carea' id='block_1_107' title="bbox 2107 5591 3697 5667">
    <p class='ocr_par' dir='ltr' id='par_1_107' title="bbox 2107 5591 3697 5667">
     <span class='ocr_line' id='line_1_107' title="bbox 2107 5591 3697 5667; baseline -0.003 -17"><span class='ocrx_word' id='word_1_895' title='bbox 2107 5594 2272 5650; x_wconf 87' lang='lat' dir='ltr'><strong>Patre</strong></span> <span class='ocrx_word' id='word_1_896' title='bbox 2308 5605 2364 5651; x_wconf 92' lang='lat' dir='ltr'><strong>et</strong></span> <span class='ocrx_word' id='word_1_897' title='bbox 2411 5593 2618 5667; x_wconf 88' lang='lat' dir='ltr'><strong>Spiritu</strong></span> <span class='ocrx_word' id='word_1_898' title='bbox 2666 5604 2860 5652; x_wconf 87' lang='lat' dir='ltr'><strong>sancto</strong></span> <span class='ocrx_word' id='word_1_899' title='bbox 2889 5593 3178 5658; x_wconf 90' lang='lat' dir='ltr'><strong>condidit,</strong></span> <span class='ocrx_word' id='word_1_900' title='bbox 3211 5603 3268 5648; x_wconf 90' lang='lat' dir='ltr'><strong>ut</strong></span> <span class='ocrx_word' id='word_1_901' title='bbox 3301 5592 3406 5648; x_wconf 91' lang='lat' dir='ltr'><strong>hoc</strong></span> <span class='ocrx_word' id='word_1_902' title='bbox 3439 5591 3697 5648; x_wconf 82' lang='lat' dir='ltr'><strong>videlicet</strong></span> 
     </span>
    </p>
   </div>
   <div class='ocr_carea' id='block_1_108' title="bbox 2108 5685 3700 5762">
    <p class='ocr_par' dir='ltr' id='par_1_108' title="bbox 2108 5685 3700 5762">
     <span class='ocr_line' id='line_1_108' title="bbox 2108 5685 3700 5762; baseline -0.003 -18"><span class='ocrx_word' id='word_1_903' title='bbox 2108 5689 2542 5757; x_wconf 86' lang='lat' dir='ltr'><strong>demonstraret,</strong></span> <span class='ocrx_word' id='word_1_904' title='bbox 2576 5690 2787 5762; x_wconf 90' lang='lat' dir='ltr'><strong>peccati</strong></span> <span class='ocrx_word' id='word_1_905' title='bbox 2814 5688 2965 5746; x_wconf 90' lang='lat' dir='ltr'><strong>illius</strong></span> <span class='ocrx_word' id='word_1_906' title='bbox 2987 5730 3002 5758; x_wconf 88' lang='lat'><strong>,</strong></span> <span class='ocrx_word' id='word_1_907' title='bbox 3033 5687 3180 5760; x_wconf 90' lang='lat' dir='ltr'><strong>quod</strong></span> <span class='ocrx_word' id='word_1_908' title='bbox 3206 5686 3275 5744; x_wconf 92' lang='lat' dir='ltr'><strong>ab</strong></span> <span class='ocrx_word' id='word_1_909' title='bbox 3303 5685 3514 5744; x_wconf 90' lang='lat' dir='ltr'><strong>Adamo</strong></span> <span class='ocrx_word' id='word_1_910' title='bbox 3544 5698 3700 5740; x_wconf 85' lang='lat' dir='ltr'><strong>com-</strong></span> 
     </span>
    </p>
   </div>
   <div class='ocr_carea' id='block_1_109' title="bbox 479 5836 2001 5918">
    <p class='ocr_par' dir='ltr' id='par_1_109' title="bbox 479 5836 2001 5915">
     <span class='ocr_line' id='line_1_109' title="bbox 479 5836 2001 5915; baseline 0.006 -22"><span class='ocrx_word' id='word_1_911' title='bbox 479 5837 498 5870; x_wconf 80' lang='grc'>⁸</span> <span class='ocrx_word' id='word_1_912' title='bbox 528 5836 591 5894; x_wconf 82' lang='lat' dir='ltr'><strong>F.</strong></span> <span class='ocrx_word' id='word_1_913' title='bbox 628 5838 897 5908; x_wconf 80' lang='grc' dir='ltr'>λεγόντων</span> <span class='ocrx_word' id='word_1_914' title='bbox 928 5842 986 5897; x_wconf 80' lang='grc' dir='ltr'>δὲ</span> <span class='ocrx_word' id='word_1_915' title='bbox 1014 5843 1214 5900; x_wconf 82' lang='grc' dir='ltr'>αὐτῶν.</span> <span class='ocrx_word' id='word_1_916' title='bbox 1294 5848 1314 5878; x_wconf 86' lang='grc'><strong><em>²</em></strong></span> <span class='ocrx_word' id='word_1_917' title='bbox 1343 5843 1503 5903; x_wconf 77' lang='lat' dir='ltr'><strong>Joan.</strong></span> <span class='ocrx_word' id='word_1_918' title='bbox 1535 5863 1625 5915; x_wconf 85' lang='lat' dir='ltr'><strong>xv,</strong></span> <span class='ocrx_word' id='word_1_919' title='bbox 1657 5847 1747 5903; x_wconf 80' lang='lat'><strong>‘26.</strong></span> <span class='ocrx_word' id='word_1_920' title='bbox 1828 5847 1847 5879; x_wconf 87' lang='grc'>³</span> <span class='ocrx_word' id='word_1_921' title='bbox 1873 5844 2001 5903; x_wconf 82' lang='lat' dir='ltr'><strong>Joan</strong></span> 
     </span>
    </p>
   </div>
   <div class='ocr_carea' id='block_1_110' title="bbox 2106 5836 2426 5918">
    <p class='ocr_par' dir='ltr' id='par_1_110' title="bbox 2106 5845 2426 5918">
     <span class='ocr_line' id='line_1_110' title="bbox 2106 5845 2426 5918; baseline -0.006 -16"><span class='ocrx_word' id='word_1_922' title='bbox 2106 5860 2180 5918; x_wconf 78' lang='lat' dir='ltr'><strong>v1,</strong></span> <span class='ocrx_word' id='word_1_923' title='bbox 2213 5845 2299 5915; x_wconf 71' lang='lat' dir='ltr'><strong>l4,</strong></span> <span class='ocrx_word' id='word_1_924' title='bbox 2341 5846 2426 5901; x_wconf 87' lang='lat' dir='ltr'><strong>l5.</strong></span> 
     </span>
    </p>
   </div>
  </div>
