4138 6396
1080 249 1100 279 \

478 367 588 426 τεδ
1909 374 1967 429 S.
2010 374 2360 433 EPIPHANII
3664 383 3771 442 28-!

485 500 714 540 missum
747 495 831 542 est
855 528 871 555 ,
907 485 1175 557 originem
1210 487 1265 541 in
1294 487 1471 559 ipsius
1505 487 1891 546 formationem
1923 493 2079 564 rejici

2184 497 2381 564 ,ιαμον
2432 492 2943 562 συντετριμμένον
2989 496 3062 549 οὐ
3110 493 3406 561 κατεάξει,
3450 496 3549 551 καὶ
3595 499 3774 555 λίνον

482 590 594 632 non
622 578 854 642 debere;
897 594 1077 649 neque
1105 594 1171 634 ex
1227 580 1592 650 productione
1637 599 1736 639 sua
1765 625 1781 649 ,
1814 585 2073 641 delictqu

2184 588 2526 655 τυφόμενον
2567 587 2639 639 οὐ
2673 586 2903 651 σϐέσει,
2940 586 3052 653 ἕως
3082 587 3367 658 ἐξαγάγοι
3414 588 3530 657 τὴν
3571 590 3775 659 κρίσιν

485 669 618 724 illud
666 672 1183 741 contumaciamque
1237 673 1517 739 traxisse,
1570 675 1665 729 sed
1717 691 1783 731 ex
1839 677 2076 748 propriae

2184 682 2270 745 είς
2294 680 2484 745 νῖκος,
2528 677 2628 733 καὶ
2666 677 2748 744 τῷ
2791 679 3034 747 ὀνόματι
3064 680 3253 734 αὐτοῦ
3288 681 3436 749 ἔθνη
3469 681 3753 738 uth

485 763 787 819 voluntatis
817 764 1066 826 arbitrio,
1108 778 1219 834 quo
1245 762 1454 834 justum
1473 763 1745 834 judicium
1770 766 1840 821 ad
1863 768 2074 822 exitum

485 856 828 927 perduceret,
861 856 1323 924 quemadmodum
1360 855 1537 912 Isaias
1574 857 1850 928 loquitur;
1909 856 2077 915 Cala-

484 963 629 1000 mum
659 947 945 1001 contritum
996 963 1102 1000 non
1132 948 1431 1020 conlringet
1458 989 1476 1011 .
1509 959 1559 1004 et
1594 949 1764 1005 linunt
1806 951 2075 1021 [umigans

2182 770 2435 843 καθάπερ
2469 771 2566 824 καὶ
2604 768 2768 824 Δαϐὶδ
2802 770 2930 841 περὶ
2957 770 3121 825 αὐτοῦ
3167 771 3358 844 εἴρηκε
3400 771 3481 837 τὸ,
3538 774 3653 830 Καὶ
3688 791 3776 827 νι-

2180 861 2397 929 κήσεις
2427 863 2496 916 ἐν
2523 860 2604 927 τῷ
2627 862 2941 929 κρίνεσθαί
2968 877 3063 916 σε.
3105 862 3327 936 Ἐκρίθη
3354 864 3485 941 γάρ,
3527 866 3614 918 ἵνα
3646 865 3773 937 κρί-

2184 973 2288 1010 νων
2315 956 2542 1020 δικαίως
2574 954 2755 1029 φράξῃ
2783 955 2853 1007 τά
2881 954 3127 1024 στόματα
3147 953 3257 1009 τῶν
3282 955 3586 1026 μελλόντων
3620 958 3774 1011 ἀντι·-

484 1057 588 1095 non
618 1040 937 1110 exstinguat.
968 1038 1134 1095 donec
1167 1039 1361 1095 educat
1380 1042 1649 1111 judicium
1688 1045 1743 1098 in
1773 1046 2072 1115 victoriam,

2184 1048 2380 1115 λέγειν.
2429 1048 2504 1101 Οὐ
2547 1048 2657 1119 γὰρ
2696 1047 2985 1119 δυνήσεταί
3026 1065 3112 1111 τις
3160 1048 3463 1119 ἀντιλέγειν
3503 1052 3568 1120 τῇ
3607 1049 3772 1104 αὑτοῦ

483 1140 534 1185 et
565 1133 617 1185 in
650 1133 858 1185 nomine
889 1131 1057 1198 ipsius
1101 1141 1278 1200 gentes
1319 1134 1603 1201 sperabunt
1636 1136 1677 1189 ί.
1722 1135 1822 1189 Cui
1855 1144 1909 1191 et
1940 1137 2073 1192 illud

2184 1140 2371 1213 δικαίᾳ
2395 1139 2595 1213 κρίσει.
2640 1140 2899 1213 Ἐφόρεσε
2932 1138 3043 1212 γὰρ
3069 1140 3131 1194 τὸ
3165 1139 3326 1213 σῶμα
3358 1140 3655 1214 τᾶχραντον
3675 1141 3775 1196 αὺ-

490 1221 712 1277 Davidis
743 1221 999 1291 congruit
1026 1240 1039 1276 :
1069 1220 1139 1277 Et
1160 1223 1339 1278 vincas
1372 1243 1492 1279 cum
1513 1226 1781 1296 judicaris
1804 1231 1846 1281 ³.
1873 1228 2085 1301 Quippe

2195 1233 2257 1287 τὸ
2291 1235 2663 1305 συντηρήσας.

484 1315 694 1370 idcirco
725 1313 1007 1383 judicatus
1038 1321 1157 1379 est,
1200 1323 1259 1368 ut
1284 1317 1525 1372 vicissim
1551 1318 1701 1388 juste
1728 1320 1986 1389 judicans
2014 1337 2205 1378 eorum
2234 1326 2329 1395 qui
2364 1324 2765 1382 coutradicturi
2790 1333 2920 1381 sunt
2947 1339 3045 1379 ora
3079 1326 3398 1396 praecludat.
3429 1326 3600 1383 Nemo
3629 1326 3779 1383 enim

477 1408 633 1479 justo
661 1406 836 1477 ipsius
868 1404 1081 1476 judicio
1112 1422 1418 1480 repugnare
1434 1412 1656 1480 poterit.
1689 1412 1823 1469 Nam
1854 1416 1931 1472 ita
1993 1421 2098 1477 sibi
2156 1436 2358 1491 corpus
2407 1421 2695 1493 imposuit,
2729 1430 2791 1477 ut
2825 1421 3100 1493 integrum
3152 1423 3609 1494 impollutumque
3656 1437 3778 1479 ser-

484 1502 649 1559 varit.

553 1598 743 1671 Neque
793 1600 940 1655 enim
974 1599 1122 1669 quod
1155 1599 1314 1654 initio
1344 1600 1400 1654 in
1428 1600 1643 1655 Adamo
1675 1613 1959 1673 peccatum
1989 1621 2080 1662 ex-

2256 1610 2330 1663 Οὐ
2369 1609 2479 1680 γὰρ
2508 1609 2540 1663 ὃ
2571 1608 2794 1679 γέγονεν
2842 1610 2901 1663 ὲν
2940 1608 3021 1680 τῷ
3056 1605 3352 1680 ἀνθρώπῳ.
3391 1606 3473 1668 είς
3516 1603 3676 1659 τοῦτο
3715 1604 3783 1658 ἐκ

486 1692 630 1749 stitit
656 1731 671 1758 ,
704 1691 761 1747 id
786 1693 856 1749 ab
887 1691 1096 1763 Opitice
1124 1692 1245 1762 ipso
1267 1732 1282 1756 ,
1318 1692 1411 1761 qui
1443 1694 1513 1748 ab
1547 1695 1698 1750 omni
1727 1697 1885 1768 culpa
1916 1699 2079 1768 primi

2184 1700 2279 1755 τοῦ
2315 1700 2664 1774 Δημιουργοῦ
2707 1699 2801 1756 τοῦ
2839 1700 3084 1755 ἁναιτίου
3132 1699 3233 1769 τῆς
3260 1694 3357 1750 τοῦ
3402 1694 3573 1766 Ἀδὰμ
3597 1695 3781 1767 ἁμαρ-

484 1785 663 1842 nostri
694 1786 938 1855 parentis
972 1785 1189 1841 alienus
1216 1793 1322 1848 est,
1360 1785 1416 1841 in
1456 1785 1664 1842 Christi
1694 1802 1900 1859 corpus
1931 1789 2079 1846 deri-

2184 1793 2304 1857 τίας
2347 1792 2444 1848 τοῦ
2477 1782 2989 1866 ἀμαρτεϊνγέγονε,
3035 1792 3131 1847 καὶ
3176 1789 3266 1844 διὰ
3306 1788 3467 1843 τοῦτο
3508 1789 3778 1859 ἥμαρτεν·

487 1886 673 1935 vatum
708 1886 794 1935 est
814 1918 830 1943 ,
881 1885 940 1934 ut
971 1888 1257 1950 prapterea
1287 1879 1548 1934 delictum
1577 1880 1800 1951 aliquod
1849 1884 2080 1939 commi-

2184 1886 2321 1941 ἀλλὰ
2347 1886 2410 1941 τὸ
2446 1885 2793 1952 αὐτεξούσιον
2830 1885 2982 1957 αὐτῷ
3013 1885 3279 1949 ἐπέδωκε,
3314 1882 3411 1937 καὶ
3448 1882 3619 1945 αῐτιος
3655 1882 3784 1935 ἐαυ-

488 1974 657 2039 serit;
687 1972 782 2027 sed
813 1972 1122 2027 libertatem
1158 1971 1333 2028 eidem
1365 1973 1640 2039 indulsit,
1678 1974 1814 2029 adeo
1843 1985 1902 2031 ut
1950 1991 2078 2047 pec-

2184 1978 2260 2049 τῷ
2287 1978 2520 2043 ἔκαστος
2546 1979 2755 2048 γίνεται
2790 1978 3089 2050 ἁμαρτίας.
3123 1977 3224 2032 Διά
3240 1993 3325 2029 τοι
3353 1974 3512 2029 τοῦτο
3540 1975 3783 2038 ἀναίτιος

484 2065 595 2121 cati
626 2064 727 2119 sibi
754 2064 988 2135 quisque
1017 2078 1185 2120 causa
1214 2065 1304 2120 sit.
1336 2062 1428 2120 Dei
1458 2065 1643 2135 itaque
1677 2066 1917 2123 Verbum
1956 2068 2078 2121 cnl-

2184 2072 2209 2124 ὁ
2246 2070 2577 2141 δημιουργὸς
2637 2070 2771 2137 Θεὸς
2808 2071 3002 2141 Λόγος,
3042 2073 3071 2124 ὁ
3113 2070 3212 2123 σὺν
3247 2070 3426 2140 lla.th
3454 2067 3647 2132 κτίσας
3687 2067 3783 2122 τὸν

487 2171 571 2228 pa:
625 2156 806 2213 omnis
853 2171 1093 2226 expers,
1150 2155 1302 2225 quod
1359 2170 1486 2210 cum
1540 2153 1705 2211 Patre
1759 2163 1814 2212 et
1870 2154 2079 2227 Spiritu

2184 2162 2491 2236 ἄνθρωπον,
2525 2163 2621 2218 καί⁸
2669 2163 2768 2217 σὺν
2798 2163 2878 2234 τῷ
2903 2163 3045 2234 ἁγίῳ
3096 2159 3264 2215 αὐτοῦ
3306 2159 3608 2230 Πνεῦμα-τι,
3644 2159 3782 2212 ἀθά-

486 2259 684 2307 sancto
730 2249 1005 2304 hominem
1046 2247 1209 2319 775
1237 2249 1481 2313 creavit,
1517 2246 1849 2315 immortale,
1886 2249 2084 2320 impol—

489 2344 669 2399 lutum
697 2384 713 2409 ,
747 2351 943 2413 sponte
994 2358 1124 2403 sua,
1172 2348 1227 2395 et
1278 2356 1483 2395 arcano
1521 2341 1757 2411 quodam
1801 2342 2083 2412 sapientia:

487 2436 756 2507 mysterio
805 2442 1060 2489 naturam
1115 2434 1358 2489 hominis
1403 2435 1739 2504 assumpsit,
1786 2435 2083 2506 omniaque

486 2528 694 2598 opiﬁcii
746 2528 833 2583 sui
878 2529 1055 2599 gratia
1085 2526 1425 2582 abundantia
1451 2526 1688 2596 quadam
1725 2526 2082 2584 humanitatis

486 2620 546 2676 in
581 2635 705 2676 sese
744 2620 1041 2683 transtulit,
1079 2636 1186 2673 non
1218 2619 1550 2674 necessitate
1588 2618 1654 2673 ad
1699 2617 1753 2673 id
1789 2619 2078 2691 impulsus,

487 2714 585 2770 sed
617 2713 920 2768 voluntatis
950 2713 1214 2779 arbitrio,
1244 2721 1304 2767 ut
1335 2724 1616 2784 peccatum
1657 2712 1714 2767 in
1740 2726 1906 2767 carne
1929 2712 2082 2769 dam-

487 2814 693 2871 naret,
730 2812 785 2861 et
818 2807 1256 2860 exsecrationem
1302 2805 1357 2861 in
1405 2820 1572 2859 cruce
1638 2803 1999 2869 dilueret,.et
2026 2807 2081 2861 in

489 2897 742 2967 sepulcro
772 2897 1142 2966 corruptelam
1174 2912 1392 2952 onmem
1436 2912 1468 2951 e
1517 2896 1699 2951 medio
1726 2897 1989 2972 tolleret,
2026 2906 2082 2952 et

488 2991 559 3045 ad
592 2991 802 3046 inferos
832 3005 958 3043 cum
984 2991 1166 3044 anima
1202 3004 1267 3043 ac
1294 2989 1580 3044 divinitate
1605 2989 1948 3045 descendens
1985 2991 2083 3045 sti-

488 3084 699 3137 mulum
741 3082 936 3137 mortis
971 3080 1297 3150 infringeret
1325 3123 1342 3147 ,
1390 3080 1682 3151 foedusque
1722 3096 1847 3136 cum
1890 3082 2082 3139 inferis

488 3172 685 3227 initum
715 3172 1061 3227 dissolveret.
1095 3172 1163 3225 At
1196 3169 1393 3241 ingrati
1425 3171 1697 3235 homines,
1730 3172 1822 3243 qui
1853 3173 1996 3228 bona
2026 3173 2080 3227 in

2183 2273 2340 2319 νατος
2373 2256 2468 2309 καὶ
2501 2255 2791 2328 ἄχραντος,
2830 2256 2937 2327 ἰδίᾳ
2961 2254 3181 2322 δοκήσει
3207 2253 3431 2324 ἀρρήτῳ
3453 2252 3560 2304 τινὶ
3588 2250 3783 2320 σοφίας

2187 2346 2473 2419 μυστηρίῳ
2503 2344 2918 2417 ἑνηνθρώπησε,
2949 2342 3173 2406 τελείως
3200 2341 3270 2395 τὰ
3305 2340 3483 2395 πάντα
3511 2338 3781 2403 ἀναδεξά-

2185 2457 2346 2510 μενος
2377 2439 2517 2510 ὑπὲρ
2542 2436 2638 2492 τοῦ
2678 2438 2812 2492 ἰδίου
2851 2437 3171 2508 πλάσματος
3200 2434 3270 2488 δι’
3304 2432 3614 2505 ὑπερϐολὴν
3659 2430 3781 2500 φιλ-

2184 2530 2520 2604 ανθρωπίας,
2562 2530 2623 2586 οὐ
2662 2529 2800 2602 μετά
2841 2529 3109 2600 ἀνάγκης,
3138 2526 3253 2582 ἀλλ’
3286 2525 3511 2596 ἑκουσίᾳ
3555 2522 3779 2595 γνώμῃ,

2185 2625 2271 2679 ῖνα
2312 2626 2370 2678 ὲν
2417 2626 2484 2695 τῇ
2536 2624 2702 2695 σαρκὶ
2744 2621 3051 2693 κατακρίνῃ
3093 2618 3195 2691 τὴν
3230 2615 3528 2688 ἁμαρτίαν,
3562 2615 3657 2668 καὶ
3687 2613 3783 2668 ἐπὶ

2183 2715 2263 2788 τῷ
2296 2714 2516 2788 σταυρῷ
2538 2713 2765 2786 διαλύσῃ
2791 2713 2891 2785 τὴν
2928 2713 3198 2782 κατάραν,
3221 2709 3318 2764 καὶ
3346 2711 3404 2762 ὲν
3433 2707 3511 2779 τῷ
3541 2707 3783 2778 μνήματι

2184 2808 2585 2879 καταφαίρετον
2613 2808 2813 2877 ποιήσῃ
2836 2805 2934 2875 τὴν
2957 2802 3186 2875 φθοράν,
3222 2802 3316 2857 καὶ
3355 2801 3414 2855 ὲν
3440 2799 3520 2871 τῷ
3552 2798 3656 2872 ᾅδῃ
3683 2798 3784 2852 σὺν

2183 2904 2247 2973 τῇ
2290 2899 2434 2972 ψυχῇ
2484 2897 2760 2953 κατελθὼν
2802 2898 2862 2950 ἐν
2904 2898 2971 2969 τῇ
2997 2895 3212 2965 θεότητι
3244 2892 3422 2964 κλάσῃ
3461 2891 3523 2944 τὸ
3553 2890 3783 2961 κέντρον

2183 2993 2278 3046 τοῦ
2315 2992 2571 3056 θανάτου,
2604 2991 2699 3044 καὶ
2735 2987 2964 3061 διαλύσῃ
3002 2989 3103 3060 τὴν
3146 2989 3283 3061 πρὸς
3304 2986 3395 3040 τὸν
3425 2985 3561 3057 ᾅδην
3592 2984 3785 3055 διαθή-

2186 3104 2310 3159 κην.
2339 3087 2403 3139 υἱ
2434 3084 2492 3137 δὲ
2528 3083 2838 3155 ἀχάριστοι,
2871 3082 3185 3137 παντάπασι
3215 3080 3284 3134 τά
3308 3078 3492 3149 ἀγαθά
3523 3079 3603 3141 εἰς
3637 3076 3786 3132 κακά

2190 3176 2644 3249 μετατρέποντες,
2667 3174 2783 3228 ἀνθ’
2812 3168 2888 3228 ὧν
2908 3171 3304 3246 εὐχαριστῆσαι
3328 3171 3352 3204 ⁸
3373 3171 3452 3242 τῷ
3481 3167 3786 3240 φιλανθρώ-

489 3266 634 3320 mala
667 3270 1041 3328 commutant,
1096 3278 1221 3317 cum
1275 3278 1377 3332 pro
1417 3264 1503 3318 his
1541 3266 1800 3319 omnibus
1833 3265 2078 3320 clemen-

2184 3289 2291 3340 πῳ,
2336 3269 2433 3323 καὶ
2472 3267 2686 3337 τελείῳ,
2727 3268 2824 3320 καὶ
2854 3265 3045 3335 ἀγαθῷ
3086 3264 3145 3331 ἐξ
3182 3262 3390 3333 ἀγαθοῦ
3427 3261 3642 3334 Πατρδς
3674 3261 3783 3314 ὑπ-

488 3358 709 3413 εἰεείιιιο
742 3372 808 3412 ac
855 3355 1101 3425 perfecto
1135 3355 1391 3425 bonoque
1428 3371 1459 3410 a
1495 3357 1640 3410 bono
1686 3353 1848 3411 Patre
1899 3357 2084 3427 genito

486 3448 628 3505 Filio
684 3449 979 3520 gratiﬁcari
1009 3448 1321 3511 deberent,
1367 3463 1478 3504 non
1531 3450 1696 3505 modo
1738 3450 1920 3505 nullas
1986 3451 2087 3504 lia-

488 3541 622 3597 hent
650 3541 856 3611 gratias
883 3579 899 3601 .
932 3539 1026 3594 sed
1076 3549 1132 3592 et
1184 3538 1593 3603 ingratissimos
1649 3556 1770 3595 sese
1814 3540 2081 3611 praebent.

486 3632 723 3700 ejusque
755 3628 1032 3684 divinitati
1065 3628 1389 3684 alTectiones
1420 3644 1485 3684 ac
1520 3632 1971 3701 perturbationes
2002 3630 2084 3685 af-

491 3722 702 3794 ﬁngunt
726 3741 740 3778 :
777 3721 925 3792 quod
953 3720 1178 3791 quidem
1209 3720 1422 3777 edicere
1447 3722 1599 3777 nullo
1639 3722 1804 3778 modo
1825 3732 2081 3794 possunt,

487 3830 616 3871 cum
647 3814 906 3869 omnibus
935 3812 1137 3868 veritas
1164 3812 1283 3881 ipsa
1313 3813 1604 3871 manifesta
1635 3815 1727 3870 sit.

565 3904 693 3961 LIII.
720 3905 819 3961 His
845 3905 899 3959 in
930 3904 1080 3959 hunc
1112 3903 1334 3958 modum
1367 3904 1677 3975 explicatis,
1719 3907 1788 3961 ad
1821 3906 1929 3961 alia
1958 3922 2083 3977 qua:
2189 3960 2193 3967 .

490 3997 698 4052 abillis
723 4001 1130 4067 proponuntur,
1170 4010 1257 4050 me
1280 3993 1523 4054 confero.
1555 3993 1692 4049 Nam
1726 4011 1791 4051 ex
1830 3996 2083 4067 Evange-

490 4087 567 4141 lio
593 4086 801 4141 dictum
828 4085 881 4138 in
908 4085 1101 4155 primis
1137 4083 1269 4138 illud
1297 4083 1604 4153 proferunt,
1638 4085 2085 4156 interpretatione

491 4192 593 4234 sua
626 4176 1025 4245 depravatum:
1084 4173 1189 4239 Qui
1240 4174 1385 4227 misit
1434 4189 1516 4227 me
1565 4174 1728 4228 Pater
1781 4178 1957 4245 major
2002 4193 2085 4231 me

486 4278 569 4325 est
600 4268 642 4324 ³.
680 4266 778 4321 Ubi
813 4265 1110 4320 notandum
1150 4266 1204 4318 iu
1239 4264 1434 4335 primis
1470 4266 1600 4321 illud
1636 4276 1743 4329 est,
1785 4268 1932 4338 quod
1972 4270 2079 4324 ait:

491 4359 600 4427 Qui
654 4358 793 4412 misit
832 4373 912 4411 me
957 4355 1159 4420 Pater,
1197 4372 1306 4410 non
1337 4364 1519 4411 autem
1545 4396 1560 4421 ,
1599 4356 1703 4422 Qui
1735 4359 1944 4412 creavit
1973 4374 2080 4424 me,

490 4450 763 4522 siquidem
796 4448 1055 4503 omnibus
1097 4447 1150 4500 iu
1189 4446 1485 4515 Scriptura:
1520 4447 1675 4501 lihris
1715 4448 1885 4502 divini
1920 4447 2081 4504 Verbi

488 4560 616 4600 cum
669 4542 833 4597 Patre
887 4539 1224 4612 germanitas
1277 4539 1622 4608 exprimitur.
1672 4536 1919 4595 Gennisti
1972 4557 2078 4606 me,

2182 3362 2435 3432 ἄρχοντι,
2488 3359 2671 3412 οὐκέτι
2727 3355 3123 3429 εὐχαριστῆσαι
3154 3356 3199 3419 ⁵,
3257 3355 3374 3409 ἀλλ’
3423 3350 3782 3424 ἀχαριστοῦσι

2186 3450 2407 3521 μᾶλλον,
2440 3448 2590 3518 πάθη
2620 3450 2686 3519 τῇ
2726 3446 2893 3502 αὐτοῦ
2927 3446 3143 3517 θεότητι
3172 3447 3603 3516 ιττροσιίιπτονιςες⁸
3632 3443 3669 3498 ἃ
3706 3442 3782 3513 μὴ

2182 3542 2436 3595 δύνανται
2463 3540 2741 3611 συνιστᾷν,
2788 3539 2888 3611 τῆς
2917 3537 3178 3610 ἀληθείας
3208 3538 3450 3610 φανερᾶς
3483 3538 3649 3591 πᾶσιν
3678 3537 3782 3590 ὑπ-

2184 3649 2480 3705 αρχουσης.

2254 3893 2378 3948 NI".
2418 3894 2530 3949 Καὶ
2551 3892 2759 3948 τούτων
2789 3892 2963 3958 οὕτως
2993 3892 3468 3965 ἑρμηνευομένων,
3503 3892 3664 3946 πάλιν
3691 3891 3778 3945 ἐπ’

2183 3986 2347 4049 ἄλλας
2381 3985 2556 4052 λέξεις
2595 3987 2793 4056 ἐφεξῆς
2831 3985 3146 4056 ἐλεύσομαι.
3187 3985 3419 4053 Λέγουσι
3446 3983 3555 4056 γὰρ
3589 3984 3649 4037 τὸ
3683 3986 3782 4056 ρη-

2182 4078 2273 4131 τδν
2321 4078 2415 4132 τοῦ
2462 4078 2798 4146 Εὐαγγελίου
2866 4077 3052 4140 κακῶς
3114 4076 3527 4149 ἑρμηνεύοντες,
3580 4077 3661 4129 ὅτι
3717 4076 3780 4130 Ὃ

2182 4170 2553 4236 ἀποστείλας
2573 4187 2651 4240 με
2676 4169 2880 4239 Πατὴρ
2906 4168 3121 4240 μείζων
3145 4187 3266 4239 μου
3299 4169 3453 4223 ἐστι.
3485 4169 3595 4223 Καὶ
3626 4167 3780 4240 πρῶ-

2181 4281 2272 4317 τον
2318 4266 2437 4336 μὲν,
2488 4266 2550 4318 ’0
2583 4265 2954 4330 ἀποστείλας
3001 4280 3079 4334 με
3133 4262 3362 4331 Πατὴρ,
3417 4263 3636 4332 φάσκει,
3685 4263 3781 4316 καὶ⁵

2182 4359 2303 4430 οὐχ,
2351 4358 2409 4410 '0
2452 4357 2643 4420 κτίσας
2677 4372 2764 4427 με.
2798 4357 2978 4409 Πᾶσαι
3010 4356 3119 4427 γάρ
3163 4356 3219 4408 αἱ
3260 4353 3402 4407 θεῖαι
3435 4354 3645 4426 Γραφαὶ
3680 4355 3781 4427 τὴν

2183 4449 2349 4504 αὐτοῦ
2378 4448 2511 4521 πρὸς
2531 4449 2752 4520 Πατέρα
2771 4449 3103 4520 γνησιότητα
3125 4446 3501 4519 σημαίνουσιν.
3532 4447 3782 4519 Ἐγέννη-

2185 4542 2284 4605 σάς
2323 4558 2411 4611 με,
2448 4541 2604 4610 φησὶ,
2637 4541 2842 4612 Πάτερ.
2896 4540 3026 4605 Καὶ,
3093 4539 3242 4609 Ἐγὼ
3285 4539 3355 4593 ἐκ
3392 4539 3499 4593 τοῦ
3548 4542 3780 4607 Πατρὸς

490 4635 674 4699 Pater,
711 4634 907 4704 inquit.
964 4632 1052 4694 Et,
1085 4630 1195 4701 Ego
1248 4645 1313 4684 ea:
1362 4629 1526 4684 Patre
1573 4631 1747 4696 exivi,
1778 4641 1828 4684 et
1875 4631 2009 4684 vado
2037 4631 2078 4686 ‘.

2184 4632 2469 4702 ἐξῆλθον,
2509 4634 2610 4687 καὶ
2647 4631 2775 4701 ἥκω
2798 4648 2813 4663 ο
2845 4633 2959 4694 καὶ,
3004 4630 3146 4701 Ἐγὼ
3175 4631 3245 4685 ὲν
3278 4629 3359 4695 τῷ
3389 4631 3597 4701 Πατρὶ,
3624 4632 3724 4685 καὶ
3746 4635 3780 4686 ό

489 4727 663 4783 Item:
698 4726 806 4796 Ego
840 4729 895 4779 in
930 4724 1092 4778 Patre
1127 4733 1176 4776 et
1218 4722 1383 4776 Pater
1410 4723 1466 4775 in
1504 4740 1584 4776 me
1614 4724 1673 4789 ⁵;
1711 4734 1799 4778 et:
1840 4723 1945 4790 Qui
1978 4725 2081 4778 mi-

484 4825 560 4877 sit
591 4837 672 4875 me
714 4820 873 4873 Pater
899 4820 940 4874 ⁸.
972 4816 1082 4873 Nec
1112 4832 1345 4886 usquam
1382 4823 1477 4869 aut
1508 4826 1745 4880 creator,
1783 4826 1877 4871 aut
1908 4816 2082 4870 factor

484 4915 713 4971 dicitur.
756 4917 1006 4979 Quonam
1060 4910 1228 4980 igitur
1271 4916 1433 4979 pacto
1481 4924 1603 4979 qua:
1660 4910 1912 4979 nuspiam
1952 4918 2081 4964 sunt

485 5006 845 5061 accumulare
864 5001 1152 5059 nituntur?
1185 4999 1289 5066 Qui
1319 5001 1463 5054 misit
1497 5018 1578 5055 me
1607 5000 1770 5054 Pater
1793 5001 1969 5069 major
1999 5018 2081 5056 me

486 5109 588 5154 est.
627 5096 771 5163 Quid
819 5111 884 5151 ea
932 5110 1067 5149 voce
1094 5093 1268 5163 magis
1302 5092 1624 5163 proprium?
1654 5094 1787 5163 quid
1822 5109 2084 5149 necessa-

488 5193 633 5247 rium
666 5189 874 5260 magis?
906 5189 1035 5260 quid
1060 5188 1235 5258 magis
1266 5188 1587 5258 genuinum,
1609 5195 1704 5240 aut
1736 5187 2084 5256 congruum?

489 5285 535 5339 A
563 5297 805 5354 quonam
832 5283 980 5337 enim
1006 5291 1441 5337 consentaneum
1469 5280 1647 5350 magis
1676 5289 1761 5335 est
1794 5283 1937 5334 allici
1966 5282 2083 5350 glo-

491 5376 596 5439 ria,
631 5374 1008 5443 celebrarique
1046 5372 1262 5428 Patrem
1289 5413 1304 5437 ,
1330 5387 1495 5443 quam
1527 5372 1597 5425 ab
1623 5386 1886 5441 germano
1920 5369 2078 5436 Filio,

487 5468 583 5537 qui
609 5467 679 5522 sit
716 5466 786 5521 ab
810 5481 875 5521 eo
899 5466 1161 5536 genitus?
1188 5465 1351 5518 Pater
1384 5464 1529 5518 cnim
1561 5464 1831 5534 glorilicat
1854 5462 2077 5529 Filium,

493 5565 545 5610 et
571 5554 746 5610 Filius
774 5555 1046 5623 gloriﬁcat
1072 5554 1294 5610 Patrem
1320 5556 1362 5610 ⁷.
1401 5553 1555 5610 Unde
1590 5556 1657 5613 ad
1688 5571 1789 5611 nos
1815 5555 1964 5625 ipsos
1994 5555 2081 5609 in-

490 5646 847 5713 firmandas,
905 5662 1135 5719 eamque
1188 5647 1633 5718 praedicationem
1691 5646 2081 5702 demonstran-

568 5805 585 5836 ¹
609 5804 715 5861 Isa.
756 5822 829 5869 Iv,
855 5807 909 5861 3.
985 5810 1005 5839 ²
1035 5806 1179 5861 Psal.
1216 5822 1269 5868 ι,
1298 5804 1351 5858 6.
1430 5805 1451 5837 ³
1480 5802 1638 5859 Joan.
1670 5821 1724 5870 ν,
1757 5803 1863 5864 37;
1892 5818 2005 5864 xlv,
2041 5801 2133 5857 28.

2185 4725 2390 4794 Πατὴρ
2448 4725 2518 4779 ἑν
2566 4725 2718 4795 ἐμοί’
2761 4725 2877 4790 καὶ,
2940 4725 3002 4777 '0
3041 4723 3409 4787 ἀποστείλας
3449 4739 3527 4792 με
3555 4723 3777 4792 Πατήρ·

2187 4816 2283 4868 καί⁸
2318 4814 2555 4886 οὐδαμοῦ
2610 4817 2639 4868 ὁ
2668 4815 2877 4880 κτίσας,
2942 4811 3180 4883 οὐδαμοῦ
3216 4814 3245 4866 ὁ
3278 4816 3531 4884 ποιήσας,
3566 4814 3776 4886 εἴρηκε.

2187 4909 2297 4962 Καὶ
2356 4908 2473 4972 πῶς
2510 4900 2657 4961 οῦτοι
2689 4907 2759 4960 τά
2796 4907 2871 4978 μὴ
2898 4906 3028 4960 ὄντα
3062 4908 3273 4990 ἑαυτοῖς
3309 4904 3777 4976 ἐπισωρεύουσιν;

2198 5002 2251 5055 Ὀ
2300 5002 2368 5055 δὲ
2393 5000 2764 5067 ἀποστείλας
2794 5016 2872 5070 με
2900 4996 3103 5068 Πατὴρ
3131 4995 3346 5068 μείζων
3365 5015 3487 5068 μου
3526 4997 3680 5051 ἐστί.
3713 4997 3779 5052 Τί

2185 5094 2376 5148 τούτου
2424 5092 2795 5166 κυριώτερον;
2847 5093 2942 5151 καὶ
2984 5093 3037 5145 τί
3072 5091 3263 5145 τούτου
3315 5090 3776 5162 ἀναγκαιότερον;

2186 5188 2280 5241 καὶ
2300 5187 2353 5240 τί
2382 5187 2573 5241 τούτου
2610 5185 3013 5257 γνησιώτερον;
3052 5186 3146 5239 καὶ
3190 5184 3243 5238 τί
3274 5183 3466 5237 τούτου
3497 5182 3777 5253 πρεπωδέο

2187 5293 2378 5348 στερον
2402 5293 2415 5342 ;
2445 5274 2563 5330 Τίνι
2595 5275 2704 5348 γάρ
2740 5275 2940 5344 πρέπει
2968 5272 3210 5339 δοξάζειν
3233 5272 3472 5343 Πατέρα.
3500 5272 3634 5326 ἀλλὰ
3661 5270 3778 5343 Υἰιῖι

2184 5366 2444 5438 ἀληθινῷ,
2472 5366 2550 5437 τῷ
2574 5366 2631 5433 ἐξ
2664 5363 2829 5419 αὑτοῦ
2873 5364 3298 5434 γεγεννημένῳ;
3348 5363 3407 5416 Ὀ
3436 5361 3628 5432 Πατὴρ
3667 5360 3778 5429 γὰρ

2182 5458 2395 5525 δοξάζει
2423 5459 2515 5512 τὸν
2541 5459 2690 5526 Υἱὸν,
2723 5459 2815 5513 καὶ
2839 5461 2868 5511 ὁ
2898 5458 3029 5521 Υἱὸς
3053 5452 3267 5520 δοξάζει
3291 5455 3383 5508 τὸν
3413 5453 3653 5525 Πατέρα,
3683 5453 3778 5507 καὶ

2182 5550 2373 5604 τούτου
2407 5551 2571 5607 ’ἑνεκα
2610 5554 2690 5615 είς
2736 5549 2892 5622 ἡμῶν
2928 5548 3313 5620 ὑπογραμμὸν,
3363 5546 3457 5599 καὶ
3498 5544 3599 5614 τῆς
3640 5544 3777 5615 πρὸς

2183 5642 2275 5697 τὸν
2306 5644 2527 5716 Πατέρα
2558 5641 2714 5714 δόξης
2749 5642 2839 5696 ὑπ’
2874 5641 3041 5696 αὑτοῦ
3081 5637 3496 5709 ἀναφερομένης
3527 5638 3607 5700 είς
3647 5636 3778 5708 μίαν

2235 5802 2256 5834 ⁸
2290 5801 2447 5858 Joan.
2483 5818 2592 5871 x-vt,
2625 5801 2715 5858 28.
2790 5803 2811 5834 δ
2839 5798 2995 5854 Ioan.
3029 5814 3138 5867 xw,
3178 5797 3262 5856 II.
3361 5796 3382 5828 ⁸
3413 5794 3573 5852 Joan.
3600 5811 3654 5860 ν,
3682 5791 3770 5846 '57.

492 5878 515 5909 '
549 5873 712 5932 Joan.
743 5894 857 5938 γιιι.
884 5876 955 5935 5:
988 5893 1121 5938 xm.
1152 5878 1206 5931 4.
1281 5876 1301 5908 ⁸
1337 5874 1500 5931 Deest
1556 5874 1682 5929 ἔδει.
1762 5876 1782 5907 ⁹
1824 5873 1884 5928 F.
1925 5870 2324 5941 εὐχαριστοῦσι.
