4138 6396
367 418 473 476 Ξεῦ

371 537 620 606 ἑνότητα,
653 531 747 584 καὶ
779 530 859 592 εἰς
895 524 1024 596 μίαν
1053 523 1236 589 δόξαν,
1264 519 1474 585 δοξάζει
1498 520 1528 572 6
1555 519 1683 582 Υἱὸς
1725 517 1816 571 τὸν
1840 518 1958 570 Πα-

370 635 529 700 τέρα,
581 625 670 680 ina
705 623 855 692 ἡμᾶς
895 617 1084 691 διδάξῃ
1110 615 1208 687 τὴν
1231 612 1397 668 αὐτοῦ
1421 611 1586 684 τιμὴν
1618 609 1713 664 τοῦ
1753 608 1968 680 Πατρὸς

372 698 542 783 εἶναι,
577 713 760 777 καθὼς
802 710 1043 782 εἴρηκεν,
1073 708 1154 760 ὅτι
1195 707 1259 758 '0
1276 703 1363 774 μὴ
1386 700 1569 772 τιμῶν
1594 700 1702 754 τὸν
1734 701 1775 753 Υ
1773 700 1865 752 ἱὸν
1887 698 1968 763 ὡς

373 809 511 883 τιμᾷ
529 809 638 864 τὸν
648 804 899 874 Πατέρα,
917 804 956 872 ἡ
983 799 1130 870 ὀργὴ
1152 798 1260 853 τοῦ
1290 795 1438 850 Θεοῦ
1459 795 1550 847 ἐπ’
1573 794 1762 848 αὐτὸν
1776 789 1966 860 μένει.

373 881 660 967 Μείζωνδὲ
678 895 822 952 κατὰ
853 896 1005 948 ποῖον
1036 891 1233 962 τρόπον
1267 883 1411 942 οὗτοι
1442 885 1746 954 λογίζονται
1771 898 1786 948 ;
1811 881 1970 934 Κατὰ

375 997 574 1065 δγκον;
607 988 743 1044 ἀλλὰ
771 985 914 1041 κατὰ
945 983 1171 1056 χρόνον;
1203 977 1341 1034 ἀλλὰ
1385 976 1528 1031 κατά
1554 974 1794 1044 ὓψωμα;
1832 970 1971 1025 ἀλλὰ

377 1063 521 1144 κατά
541 1083 793 1156 ἡλικίαν;
834 1076 969 1132 ἀλλὰ
1005 1072 1148 1128 κατὰ
1171 1070 1360 1138 eam;
1390 1066 1456 1121 Τί
1481 1065 1685 1121 τούτων
1726 1063 1874 1117 ἐστὶν
1910 1063 1969 1114 ὲν

377 1178 519 1250 Θεῷ,
536 1155 622 1230 ἵνα
649 1167 809 1228 τοῦτο
837 1166 1225 1238 διανοηθῶσιν;
1261 1160 1399 1216 Οῦτε
1427 1159 1537 1230 γὰρ
1565 1159 1742 1230 χρόνῳ
1776 1155 1975 1210 ὑποπί-

379 1283 504 1322 πτει
543 1266 605 1321 τὸ
643 1265 818 1328 Θείον,
849 1263 935 1315 ἵνα
983 1257 1368 1328 ὑποδεέστερος
1412 1253 1602 1325 νοηθῇ,
1629 1252 1873 1323 ἀχρόνως
1913 1252 1977 1304 ὲκ

382 1354 600 1425 Πατρὸς
620 1349 1032 1421 γεγεννημένος·
1056 1345 1179 1400 οὔτε
1206 1344 1492 1418 προκοπῆς
1512 1343 1690 1412 ἔχεται
1715 1341 1779 1394 τὸ
1801 1342 1974 1406 Θεῖον,

385 1449 473 1500 ἵνα
501 1449 529 1499 6
557 1445 652 1516 μὲν
686 1443 814 1506 Υἱὸς
847 1439 1129 1512 προκόψας
1167 1438 1242 1510 μὴ
1273 1437 1467 1506 φθάσοι
1502 1435 1600 1506 τὴν
1642 1433 1736 1486 τοῦ
1767 1433 1981 1504 Πατρὸς

389 1538 806 1612 μεγαλειότητα.
830 1536 894 1588 Et
915 1533 1023 1604 γὰρ
1051 1531 1195 1586 κατά
1219 1529 1505 1600 προκοπὴν
1534 1530 1562 1579 ὁ
1585 1525 1713 1589 Υἱὸς
1732 1525 1826 1579 τοῦ
1843 1524 1978 1578 Θεοῦ

387 1632 518 1694 Υἱὸς
542 1628 677 1683 Θεοῦ
714 1627 980 1690 καλεῖται,
1009 1624 1116 1696 ἄρα
1146 1621 1332 1675 πολλοὶ
1367 1615 1508 1690 ἦσαν
1548 1618 1653 1672 ἴσοι
1684 1616 1851 1688 αὐτῷ’
1887 1616 1983 1670 καὶ

388 1724 578 1778 τούτου
609 1722 796 1774 ’ἐνεκεν
822 1719 987 1781 αὐτὸς
1025 1714 1322 1788 προέκοψε,
1360 1713 1560 1785 μείζων
1595 1712 1692 1783 μὲν
1708 1709 1787 1780 τῷ
1819 1708 1984 1774 ἀξιώ-

395 1831 525 1884 ματι
553 1811 796 1882 κληθεὶς,
821 1807 1060 1862 ἐλάττων
1089 1805 1145 1858 δὲ
1169 1803 1262 1857 τοῦ
1288 1802 1395 1874 πρὸ
1423 1800 1590 1855 αὐτοῦ
1622 1802 1681 1853 ὲν
1707 1798 1982 1870 ἀξιώματι

391 1906 524 1959 ὄντι.
576 1903 736 1957 Ἀλλά
769 1916 934 1972 φησιν
959 1901 992 1968 ὴ
1032 1897 1254 1970 Γραφήο
1293 1896 1389 1962 Τίς
1437 1891 1870 1964 ὁμοιωθήσεται
1901 1889 1983 1956 τῷ

391 1995 587 2064 Κυρίῳ
620 1993 691 2046 ἐν
719 1990 872 2056 υἱοῖς
899 1988 1086 2052 Θεοῦ;
1119 1988 1195 2050 ὡς
1216 1986 1325 2040 τῶν
1360 1986 1579 2039 πάντων
1616 1999 1985 2054 καταχρηστι-

392 2087 508 2150 κῶς
532 2085 859 2156 λεγομένων,
883 2081 1071 2136 τούτου
1100 2080 1157 2134 δὲ
1189 2079 1349 2150 μόνου
1378 2078 1529 2141 ὄντος
1565 2077 1684 2131 υἱοῦ
1723 2077 1864 2130 κατὰ
1885 2074 1986 2145 φύ-

394 2197 499 2242 σιν,
537 2178 632 2232 καὶ
650 2177 710 2230 οὐ
742 2175 886 2230 κατὰ
905 2173 1089 2245 χάριν.
1129 2169 1480 2238 Ἐπειδήπερ
1525 2167 1742 2238 ἐφεῦρε
1775 2166 1986 2222 πᾶσαν

393 2271 541 2327 ὁδὸν
565 2267 927 2337 ἐπιστήμης,
961 2263 1063 2318 καί
1093 2262 1294 2330 οὐδεὶς
1325 2259 1486 2327 αὐτῷ
1527 2259 1982 2329 ἐξισωθήσεται.

407 2363 570 2416 Ἀλλά
597 2361 652 2416 τί
676 2375 874 2432 φασιν;
924 2357 1012 2412 Ἐν
1039 2354 1296 2428 ὑψώματι
1321 2353 1577 2425 ὑπερέχει
1617 2353 1646 2406 6
1669 2350 1860 2422 Πατὴρ
1890 2349 1986 2405 τοῦ

396 2454 550 2509 Υίοῦ.
626 2453 716 2506 Ἐν
764 2451 903 2522 ποίῳ
962 2446 1144 2502 τοίνυν
1209 2447 1365 2518 μέρει
1411 2447 1668 2498 τάττεται
1699 2442 1760 2496 τὺ
1801 2442 1986 2507 Θεῖον;

395 2548 431 2620 ἢ
474 2544 717 2608 τοπικῶς
762 2540 1171 2612 περιορίζεται,
1225 2539 1314 2592 ἵνα
1369 2538 1444 2608 μὴ
1502 2537 1876 2608 περιγραφῇ.¹
1925 2536 1988 2589 τὸ

407 2637 590 2710 μεῖζον
624 2637 842 2707 σημανῇ
865 2651 879 2700 ;
904 2633 1132 2703 Πνεῦμα
1164 2631 1273 2703 γὰρ
1312 2632 1340 2683 6
1365 2629 1519 2693 Θεὸς.
1547 2629 1658 2683 Καὶ
1685 2631 1748 2680 ὲκ
1781 2645 1991 2681 παντα-

399 2730 557 2802 χόθεν
593 2728 873 2782 διαπίπτει
928 2727 960 2796 ἡ
1007 2723 1184 2777 αὐτῶν
1242 2720 1639 2792 ὲπινενοημένη
1689 2720 1987 2787 ξενολογία.

401 2823 514 2878 Καὶ
538 2821 698 2874 τοῦτο
727 2820 784 2872 δὲ
811 2816 1192 2889 παρελθόντες,
1223 2815 1316 2868 ἐπὶ
1340 2813 1440 2877 τὰς
1468 2813 1594 2884 ἑξῆς
1615 2812 1794 2866 αὐτῶν
1816 2813 1990 2877 λέξεις

404 2916 595 2985 ίῗωμεν,
617 2907 663 2966 ὦ
695 2909 991 2980 ἀγαπητοί.

404 3013 488 3060 εει
541 3001 925 3059 demonstret?
965 3000 1130 3070 Atqui
1182 2999 1326 3054 Deus
1357 2995 1628 3068 Spiritus
1679 3005 1784 3052 est.
1849 2999 2004 3054 Unde
2038 2995 2219 3054 omnis
2245 2991 2314 3045 ab
2361 2987 2471 3041 illis

1073 400 1446 460 ADVERSUS
1477 391 1824 453 HIERESES
1859 391 1988 447 LIB.
2031 389 2091 446 ll.
2136 385 2301 444 TOM.
2344 383 2499 439 ll.—
2536 376 2808 435 HERES.
2856 369 3036 428 LXIX.

1989 514 2036 573 Α
2063 509 2216 574 dum,
2244 519 2409 578 quam
2444 503 2498 555 in
2524 499 2741 553 Patrem
2774 494 3027 548 collatam
3059 485 3126 542 ad
3155 481 3487 552 singularem
3523 477 3650 531 uni-

3539 365 3648 422 236

2071 565 2283 663 tatem:
2324 595 2768 666 singularemque
2814 585 3043 655 gloriam
3076 577 3342 641 referret;
3383 571 3554 642 gloria
3585 565 3653 621 il-

2070 696 2184 748 lum
2239 665 2452 744 afﬁcere
2509 683 2724 747 voluit,
2785 687 2846 732 ut
2901 674 3328 742 intelligeremus
3384 665 3651 718 honorem

2076 798 2235 841 suum
2259 780 2410 835 Patri
2433 792 2556 832 csse
2585 782 2934 828 communem
2953 806 2969 831 ,
3005 758 3460 834 quemadmodum
3493 751 3650 806 dixit:

2078 878 2182 945 Qui
2211 891 2315 929 non
2352 869 2668 938 honoriﬁcat
2700 863 2922 927 Filium,
2949 869 3008 913 ut
3037 854 3353 923 Itonoriﬁcat
3378 846 3652 908 Patrem',

2074 968 2158 1021 ira
2192 965 2287 1018 Dei
2321 963 2376 1016 in
2403 963 2518 1028 ipso
2549 966 2725 1011 manet
2755 957 2798 1008 ³.
2835 952 3032 1007 Verum
3073 962 3198 1002 cum
3236 943 3499 1012 majorem
3534 952 3659 992 esse

2076 1059 2293 1114 Patrem
2332 1060 2607 1114 asserunt,
2645 1063 2879 1120 quanam
2915 1043 3081 1114 776
3113 1041 3166 1095 id
3197 1036 3416 1092 demum
3446 1031 3660 1086 ratione

2077 1150 2434 1222 concipiunt?
2461 1145 2645 1201 Mole?
2679 1159 2747 1197 an
2778 1136 3063 1210 tempore?
3085 1148 3153 1186 an
3190 1125 3561 1186 sublimitate?
3587 1138 3660 1177 an

2079 1219 2255 1301 aetate
2275 1243 2357 1297 vel
2397 1235 2705 1309 dignitate?
2736 1232 2873 1299 Quid
2908 1232 3102 1284 horum
3135 1227 3279 1279 inest.
3318 1223 3373 1276 iu
3419 1219 3563 1283 Deo,
3600 1224 3661 1271 ut

2080 1340 2186 1394 hoc
2229 1331 2503 1405 suspicari
2555 1329 2754 1383 liceat?
2803 1323 2923 1378 Non
2977 1321 3122 1375 enim
3187 1317 3378 1371 subest
3429 1309 3663 1380 tempori

2083 1430 2226 1484 Deus
2245 1469 2260 1491 ,
2304 1437 2362 1481 ut
2393 1422 2624 1479 inferior
2655 1424 2878 1489 putetur
2897 1453 2913 1478 ,
2956 1427 3079 1467 cum
3111 1425 3141 1462 a
3169 1407 3332 1462 Patre
3373 1412 3498 1458 ante
3525 1410 3665 1456 tem-

2082 1535 2187 1592 pus
2209 1531 2374 1574 omne
2403 1516 2473 1570 sit
2496 1512 2732 1583 genitus.
2767 1505 2874 1560 Sed
2907 1517 3084 1571 neque
3115 1509 3465 1569 progressum
3493 1492 3665 1546 ullum

2085 1581 2228 1667 idem
2267 1608 2411 1662 Deus
2445 1581 2686 1658 admittit
2709 1639 2724 1662 ,
2757 1606 2817 1650 ut
2849 1595 2919 1648 ob
2965 1592 3067 1646 hoc
3099 1591 3277 1660 ipsum
3311 1581 3668 1656 progrediens

2085 1703 2258 1758 Filius
2285 1706 2568 1770 paternam
2617 1686 3034 1760 amplitudinem
3078 1679 3297 1748 assequi
3347 1689 3455 1730 non
3503 1685 3667 1742 posse

2089 1761 2319 1850 dicatur.
2355 1787 2492 1843 Nam
2526 1785 2574 1840 si
2622 1782 2714 1836 Dei
2748 1777 2921 1833 Filius
2954 1775 3095 1828 hanc
3140 1771 3314 1839 ipsam
3350 1761 3670 1836 appellatio-

2015 1855 2061 1916 Β
2089 1899 2214 1942 nem
2245 1879 2497 1952 proiectu
2521 1873 2757 1947 quodam
2795 1865 3081 1930 meruerit,
3111 1861 3407 1933 plerosque
3445 1866 3673 1908 necesse

2090 1984 2175 2032 est
2197 1973 2434 2044 aequales
2459 1968 2588 2023 huic
2618 1960 2919 2025 exstitisse,
2950 1967 3184 2026 quorum
3214 1966 3245 2006 e
3283 1961 3513 2003 numero
3541 1943 3671 1998 effe-

2092 2083 2222 2123 rens
2253 2079 2408 2127 sese,
2442 2074 2508 2114 ac
2551 2067 2875 2128 progressus
2919 2049 3009 2104 ille
3050 2054 3111 2102 ut
3153 2042 3367 2099 caeteris
3411 2037 3675 2108 dignitate

2089 2160 2266 2228 major
2291 2163 2374 2211 est
2397 2126 2672 2216 habit—us,
2707 2147 2789 2202 sic
2827 2145 2921 2200 illo
2957 2143 3052 2212 qui
3101 2152 3161 2192 se
3198 2133 3496 2191 antecessit
3534 2126 3677 2184 inl‘e—

2089 2220 2224 2308 rior.
2259 2247 2535 2316 Scriptum
2567 2249 2654 2297 est
2701 2246 2883 2293 autem
2911 2255 2925 2290 :
2960 2232 3092 2299 Quis
3144 2223 3440 2298 aequabitur
3476 2221 3588 2276 Deo
3621 2220 3678 2273 in

2100 2345 2227 2414 ﬁliis
2264 2341 2362 2397 Dei
2389 2338 2453 2392 δῖ
2499 2334 2660 2406 quasi
2712 2328 2895 2388 caeteri
2926 2337 3118 2381 omnes
3165 2336 3262 2391 per
3313 2313 3679 2372 catacliresim

2101 2441 2196 2496 ﬁlii
2229 2435 2620 2492 nominentur:
2664 2427 2755 2481 hic
2793 2430 2978 2478 autem
3016 2427 3213 2473 natura
3243 2413 3394 2470 solus
3418 2424 3523 2464 non
3551 2421 3681 2477 gra-

2100 2536 2176 2588 tia
2237 2529 2380 2583 ﬁlius
2428 2523 2678 2580 exsistat.
2720 2513 2986 2583 Quoniam
3039 2506 3235 2562 invenit
3289 2515 3494 2556 omnem
3543 2498 3682 2552 viam

2096 2625 2352 2684 scientiae,
2383 2627 2433 2672 et
2463 2615 2640 2670 nullus
2674 2626 2792 2664 cum
2819 2623 2877 2660 eo
2919 2598 3321 2670 comparabitur
3344 2595 3385 2648 ⁸.
3415 2589 3558 2658 Quid
3585 2588 3685 2657 igi-

2099 2726 2190 2771 tur
2221 2679 2452 2767 dicunt?
2479 2701 2826 2760 Sublimitate
2861 2693 2998 2748 Filio
3025 2689 3186 2743 Pater
3207 2683 3505 2740 antecellit.
3541 2679 3687 2746 Qua-

2101 2824 2225 2865 nam
2257 2806 2422 2876 igitur
2451 2802 2507 2854 in
2539 2803 2692 2868 parte
2725 2791 3026 2845 collocatur
3061 2781 3238 2837 Deus?
3294 2779 3374 2840 An
3427 2775 3548 2828 loco
3579 2771 3687 2826 cir-

2099 2863 2514 2958 eumscvribitur,
2540 2863 2602 2943 ἰιι
2659 2881 2824 2955 spatii
2864 2881 2982 2948 ipsa
3007 2870 3303 2942 descriptio
3333 2866 3480 2937 quod
3512 2863 3688 2931 majus

2520 2979 2830 3049 excogitata
2865 2970 3150 3043 peregrina
3207 2963 3495 3020 verborum
3536 2957 3690 3012 novi-

405 3103 496 3150 tas
533 3093 900 3164 undequaque
936 3093 1165 3147 corruit.
1214 3090 1312 3146 His
1371 3091 1554 3160 itaque
1604 3093 2008 3160 praetermissis,
2045 3090 2110 3144 ad
2139 3097 2368 3142 caeteras
2399 3081 2617 3134 illorum
2653 3068 2988 3140 objectiones
3027 3072 3396 3114 transeamus.

479 3190 604 3242 NA'.
639 3187 776 3241 Φασὶ
812 3187 942 3258 γὰρ,
970 3186 1053 3238 ὅτι
1080 3186 1181 3237 οὐκ
1205 3183 1350 3237 ἔστιν
1377 3186 1404 3237 6

2173 3175 2304 3232 LlV.
2357 3171 2569 3240 Negant
2617 3163 2762 3220 enim
2807 3174 2931 3214 eum
2984 3154 3076 3224 qui
3122 3151 3377 3212 mittitur,
3421 3142 3691 3200 mittentis

409 3282 488 3353 τῷ
521 3278 990 3348 ἀποστελλομένῳ,
1026 3276 1163 3330 ἀλλὰ
1193 3275 1351 3338 ἄλλος
1381 3275 1529 3328 ἐστὶν
1581 3277 1609 3327 6
1655 3276 2000 3328 ἀποστέλλων

412 3373 751 3445 τῇπδυνάμει,
786 3372 881 3423 καὶ⁹
910 3370 1066 3432 ἄλλος
1095 3369 1242 3421 ἐστὶν
1275 3370 1303 3421 ὁ
1338 3366 1821 3437 ἀποστελλόμενος·
1857 3369 1938 3419 ὅτι
1971 3368 2000 3419 6

418 3467 520 3538 μὲν
549 3465 778 3535 πέμπει,
810 3463 920 3516 όδὲ
950 3461 1246 3532 πέμπεται.
1287 3460 1396 3513 Καὶ
1426 3461 1473 3512 εἰ
1508 3460 1626 3512 κατ’
1650 3459 1845 3522 αὐτοὺς
1877 3455 1944 3530 ἦν
1971 3461 2003 3530 ή

416 3561 518 3629 τῆς
571 3555 831 3627 ἀληθείας
886 3554 1115 3620 διάνοια,
1184 3551 1371 3605 οὐκέτι
1432 3551 1526 3603 ἐπὶ
1598 3551 1726 3621 μίαν
1779 3551 2005 3621 ἑνότητα

418 3649 700 3721 ἀληθείας,
758 3647 855 3701 καὶ
913 3647 1214 3715 δυνάμεως,
1274 3645 1368 3698 καὶ
1433 3643 1688 3714 θεότητος
1749 3643 2008 3714 ἀνεφέρε-

419 3758 481 3794 το
509 3742 542 3810 ή
565 3741 717 3792 πᾶσα
745 3739 842 3808 τῆς
873 3735 1128 3806 γνώσεως
1155 3735 1427 3798 ὑπόθεσις.
1457 3733 1561 3787 Δύο
1582 3735 1690 3804 γὰρ
1720 3733 2008 3786 ἀπαντῶν-

421 3850 552 3895 των,
576 3833 609 3901 ἢ
649 3831 742 3884 δύο
779 3830 1126 3900 πεμπόντων,
1174 3828 1356 3881 οὐκέτι
1393 3828 1524 3890 Υἱὸς
1558 3827 1586 3878 6
1613 3827 1739 3889 Υἱὸς
1768 3822 1856 3896 ἦν,
1894 3825 2007 3878 ἀλλ’

423 3922 672 3992 ἀδελφὸς,
715 3919 1044 3989 συναδέλφου
1092 3918 1362 3979 συνόντος,
1393 3915 1575 3968 οὐκέτι
1619 3915 1768 3978 Υἱὸς,
1804 3915 1940 3968 ἀλλὰ
1976 3914 2009 3984 ἢ

428 4016 574 4071 κατὰ
605 4013 956 4084 συναλοιφὴν,
985 4012 1018 4082 ἢ
1060 4011 1201 4065 κατά
1231 4008 1523 4070 υἱοθεσίαν,
1559 4008 1593 4078 ἦ
1623 4007 1785 4070 αὐτὸς
1821 4006 2014 4060 ἑαυτὸν

426 4105 495 4181 ἦν
526 4108 886 4164 ἀποστέλλων.
920 4107 953 4178 ἢ
981 4107 1029 4158 οἱ
1055 4104 1148 4158 δύο
1176 4105 1291 4174 ἅμα
1315 4101 1754 4165 ἀποστέλλοντες,
1777 4101 1810 4171 ἢ
1845 4117 2017 4170 παρα-

429 4203 724 4272 γινόμενοι,
747 4199 840 4253 δύο
862 4198 1124 4268 θεότητας
1151 4197 1247 4267 ὲσή
1258 4213 1445 4266 μανον,
1475 4195 1570 4248 καὶ
1599 4194 1720 4264 οὐχ).
1750 4193 1877 4263 μίαν
1912 4192 2020 4245 ἑνό-

431 4312 587 4365 τητα.
635 4291 901 4347 Ἐνταῦθα
931 4286 1023 4344 οὖν
1049 4293 1077 4343 6
1097 4289 1423 4353 ἀποστείλας
1445 4289 1539 4342 καί
1568 4289 1596 4340 6
1621 4286 2020 4356 ἀποστελλόμε-

433 4405 542 4450 νος,
569 4387 656 4438 ἵνα
675 4385 826 4456 δείξῃ
844 4382 953 4435 τῶν
980 4383 1198 4436 πάντων
1223 4380 1444 4449 ἀγαθῶν
1474 4380 1600 4450 μίαν
1629 4374 1769 4432 εἶναι
1795 4377 1893 4448 τὴν
1915 4395 2020 4447 πη-

431 4478 558 4550 γὴν,
585 4477 832 4531 τουτέστι
861 4477 950 4528 τὸν
978 4474 1216 4543 Πατέρα·
1247 4472 1481 4543 καθεξῆς
1509 4473 1566 4525 δὲ
1587 4471 1688 4541 τῆς
1719 4470 1903 4540 πηγῆς
1923 4470 2023 4539 οὐχ

434 4568 812 4642 ἑτερωνύμως,
834 4567 968 4622 ἀλλὰ
1001 4567 1142 4620 κατὰ
1169 4565 1264 4618 τοῦ
1289 4565 1420 4617 Υἰοῦ
1462 4564 1632 4634 ὄνομα
1663 4563 1756 4616 καί
1788 4561 1881 4614 τοῦ
1909 4561 2022 4614 Λό-

434 4680 533 4732 γου
567 4660 643 4714 ῶν
681 4659 778 4730 μία
803 4657 954 4728 πηγὴ
977 4659 1042 4710 ἐκ
1069 4656 1249 4725 πηγῆς
1279 4655 1307 4706 6
1330 4653 1459 4715 Υἱὸς
1489 4649 1790 4724 προελθὼν,
1825 4649 1912 4701 ἀεὶ
1941 4647 2020 4700 ὢν

435 4751 588 4822 παρὰ
618 4749 698 4820 τῷ
724 4749 903 4819 Πατρὶ
939 4743 1356 4815 γεγεννημένος,
1384 4743 1505 4794 ’Ότι
1542 4741 1701 4810 παρὰ
1732 4739 1829 4792 σοι
1857 4737 2019 4806 πηγὴ

437 4841 601 4910 ζωῆς·
638 4842 734 4896 καὶ
782 4841 870 4894 ἵνα
899 4838 1044 4910 δείξῃ
1073 4837 1168 4890 καὶ
1201 4834 1330 4906 περὶ
1351 4834 1446 4886 τοῦ
1478 4832 1634 4901 ἁγίου
1681 4829 2020 4900 Πνεύματος·

447 4927 556 4988 Ἐν
589 4932 672 4998 τῷ
696 4933 845 5002 ,φωτί
868 4945 984 4984 σου
1013 4930 1282 4997 ὀψόμεθα
1305 4923 1452 4994 φῶς·
1486 4925 1573 4976 ἵνα
1601 4923 1750 4995 δείξῃ
1778 4923 1893 4990 φῶς
1935 4921 2024 4974 τὸν

440 5027 680 5097 Πατέρα,
709 5024 803 5080 καὶ
823 5023 940 5094 φῶς
967 5021 1060 5075 τοῦ
1093 5018 1305 5088 Πατρός
1331 5013 1470 5070 εἶναι
1498 5016 1589 5069 τὸν
1616 5015 1768 5080 Υίὸν,
1789 5014 1881 5067 καὶ
1909 5013 2026 5081 φῶς

439 5120 502 5172 τὸ
557 5116 782 5188 Πνεῦμα
826 5117 888 5169 τὸ
935 5113 1108 5182 ἅγιον·
1153 5114 1248 5165 καὶ
1286 5109 1469 5180 πηγὴν
1501 5110 1566 5162 ὲκ
1593 5108 1796 5177 πηγῆς,
1831 5107 1898 5158 ἐκ
1933 5102 2027 5156 τοῦ

442 5209 659 5282 Πατρδς
685 5209 780 5262 καὶ
810 5206 906 5259 τοῦ
931 5201 1270 5272 Μονογενοῦς
1295 5201 1357 5254 τὸ
1381 5200 1604 5269 Πνεῦμα
1627 5197 1689 5250 τὸ
1717 5198 1890 5264 ἆγιον.
1922 5198 2033 5248 Πο-

443 5302 616 5372 rapat
641 5302 752 5370 γὰρ
778 5301 847 5353 ἐκ
879 5299 991 5368 τῆς
1023 5298 1256 5362 κοιλίας
1285 5294 1474 5349 αὐτοῦ
1515 5291 1854 5361 ῥεύσουσιν
1887 5289 2031 5343 ὕδα-

443 5414 547 5461 τος
567 5392 909 5462 ἁλλομένου
941 5393 1028 5456 εὶς
1053 5388 1205 5457 ζωὴν·
1227 5386 1486 5442 αἰώνιον.
1522 5384 1728 5451 Ἔλεγε
1757 5380 1826 5434 δὲ
1859 5381 2035 5434 τοῦτο

447 5487 582 5556 περὶ
615 5485 724 5540 τοῦ
779 5484 954 5554 ἁγίου
985 5483 1351 5550 Πνεύματος,
1407 5475 1540 5546 φησὶ
1577 5474 1639 5528 τὸ
1673 5472 2033 5541 Εὑαγγέλιον.

448 5581 559 5634 Καὶ
597 5576 762 5631 πάλιν
791 5573 947 5647 φησὶ,
976 5572 1237 5626 δεικνύων
1266 5572 1377 5632 τοῖς
1410 5565 1573 5623 αὐτοῦ
1609 5565 1881 5637 μαθηταῖς
1910 5582 1975 5617 πε
1985 5563 2040 5636 pl.

525 5759 540 5788 ¹
574 5757 634 5810 F.
677 5760 743 5826 τῇ
786 5772 1006 5824 τεριγρ.
1080 5755 1100 5826 ξ
1133 5750 1290 5826 {nam
1327 5765 1378 5801 v.
1403 5748 1520 5826 25;
1574 5745 1593 5776 ³
1637 5742 1794 5826 Joan.
1825 5758 1906 5810 III,
1935 5743 2021 5797 56.

461 5844 624 5893 xxxv,
657 5815 744 5881 1οξ
822 5829 839 5856 ⁷
863 5815 1000 5881 ibid.
1081 5824 1100 5853 ⁸
1132 5820 1290 5875 Juan.
1325 5833 1422 5882 vn,
1455 5818 1554 5887 58;
1589 5833 1660 5882 Iv,
1699 5815 1782 5869 14.

2121 5741 2144 5774 ἰ
2189 5739 2331 5796 Psal.
2363 5752 2622 5800 LXXXVIII,
2663 5735 2711 5787 7.

2105 3283 2227 3325 esse
2275 3263 2509 3321 similem
2539 3298 2554 3322 ,
2615 3269 2739 3310 cum
2789 3250 2930 3305 alius
2961 3247 3032 3300 sit
3069 3243 3119 3297 vi
3182 3256 3243 3296 ac
3287 3243 3558 3310 potestate
3591 3234 3688 3303 qui

2106 3361 2313 3422 mittit,
2345 3357 2484 3410 alius
2523 3352 2615 3422 qui
2647 3347 2883 3403 mittitur
2915 3361 2927 3395 :
2959 3338 3105 3411 quod
3136 3336 3226 3390 hic
3261 3332 3400 3388 mitti
3429 3370 3444 3395 ,
3480 3329 3695 3383 mittere

2109 3456 2198 3508 ille
2261 3451 2493 3504 dicatur.
2549 3441 2706 3509 Quod
2751 3439 2798 3494 si
2849 3437 3064 3491 illorum
3122 3426 3368 3499 opinioni
3421 3429 3698 3476 constaret

2108 3547 2343 3605 veritas,
2385 3556 2491 3594 non
2530 3537 2643 3605 jam
2700 3539 2813 3587 tota
2862 3523 3190 3596 cognitionis
3243 3520 3385 3573 ratio
3422 3515 3491 3569 ad
3529 3528 3696 3568 unam

2110 3639 2363 3697 veritatis
2385 3630 2639 3706 potentia?
2675 3642 2740 3680 ac
2773 3617 3077 3678 divinitatis
3105 3611 3544 3684 singularitatem
3578 3620 3699 3675 per--

2112 3735 2337 3787 tineret.
2354 3725 2577 3781 Duobus
2594 3722 2740 3775 enim
2753 3709 3195 3771 occurrentibus,
3213 3713 3307 3760 aut
3329 3698 3695 3760 mittentibus,

2115 3824 2291 3878 Filius
2349 3834 2458 3874 non
2515 3813 2750 3882 amplius
2798 3806 2972 3861 Filius
3005 3802 3150 3862 erit,
3201 3796 3296 3853 sed
3330 3795 3499 3848 frater
3525 3831 3540 3855 ,
3575 3804 3702 3844 cum

2115 3925 2224 3965 una
2278 3909 2450 3962 frater
2490 3903 2760 3965 exsistat;
2807 3910 2908 3950 nec
2944 3891 3178 3962 amplius
3226 3884 3400 3940 Filius
3429 3882 3564 3945 erit,
3597 3878 3704 3932 nisi

2116 4004 2201 4058 vel
2257 3998 2616 4059 confusione,
2648 3991 2730 4046 vel
2793 3985 3114 4056 adoptione;
3170 3985 3264 4033 aut
3315 3978 3556 4046 seipsum
3614 3971 3706 4024 ille

2117 4094 2334 4157 mittet;
2370 4095 2465 4144 aut
2497 4087 2605 4140 duo
2653 4081 2816 4137 simul
2865 4078 3188 4136 mittentes,
3236 4069 3323 4124 vel
3381 4065 3709 4121 accedentes

2120 4185 2434 4241 divinitates
2487 4180 2625 4234 duas
2663 4191 2772 4229 non
2825 4185 2988 4226 unam
3043 4162 3475 4235 singularitatem
3523 4166 3708 4213 ostenr

2121 4278 2269 4331 dent.
2304 4273 2402 4327 llic
2437 4271 2602 4341 igitur
2639 4267 2861 4320 mittens
2895 4276 2960 4315 ac
2990 4259 3194 4313 missus
3226 4253 3591 4324 exprimitur,
3649 4254 3709 4300 ut

2123 4371 2446 4436 argumento
2497 4361 2607 4421 sit,
2643 4353 2936 4427 quemdam
2993 4365 3116 4404 esse
3162 4348 3432 4402 bonorum
3465 4340 3710 4397 omnium

2125 4460 2366 4518 fontem,
2417 4452 2675 4506 videlicet
2731 4445 2985 4506 Patrem,
3022 4437 3324 4496 secundum
3380 4448 3541 4504 quem
3600 4445 3712 4484 non

2054 4541 2097 4595 ι)
2128 4552 2235 4605 alio
2267 4548 2519 4610 nomine,
2552 4558 2716 4614 quam
2763 4539 2882 4592 Filii
2917 4534 3192 4603 Verbique
3231 4529 3490 4602 praeditus
3517 4523 3712 4587 Filius,

2130 4646 2252 4699 fons
2279 4643 2439 4695 vivus
2473 4654 2536 4692 ex
2569 4637 2718 4690 fonte
2760 4629 3146 4703 progreditur;
3192 4623 3286 4694 qui
3322 4619 3465 4690 apud
3497 4617 3717 4670 Patrem

2128 4739 2393 4806 perpetuo
2436 4730 2504 4783 ab
2535 4727 2740 4782 codem‘
2774 4723 2994 4794 genitus
3033 4715 3345 4774 exstiterit:
3375 4709 3534 4781 777
3566 4708 3717 4774 Quo-

2131 4804 2278 4882 niam
2307 4822 2449 4893 apud
2485 4834 2534 4875 te
2556 4830 2630 4874 est
2662 4818 2780 4887 fons
2811 4816 2931 4870 vita:
2957 4815 2998 4867 ⁸.
3026 4813 3204 4880 Atque
3235 4817 3296 4861 ut
3324 4804 3566 4874 Spiritus
3591 4816 3720 4870 quo-

2132 4935 2237 4990 que
2269 4925 2495 4974 sanctus
2531 4913 2833 4969 indicetur:
2870 4906 2938 4961 In
2973 4905 3189 4967 lumine,
3220 4899 3416 4968 inquit.
3451 4906 3541 4948 tuo
3582 4894 3724 4947 vide-

2135 5012 2307 5064 bimus
2341 5005 2596 5060 lumen":
2640 5016 2749 5071 quo
2798 5006 2852 5052 et
2886 4995 3104 5050 Patrem
3145 4993 3327 5045 lumen
3373 5002 3496 5042 esse
3537 4984 3724 5038 decla—

2138 5112 2262 5167 ret,
2311 5111 2365 5156 et
2404 5101 2588 5152 lumen
2638 5092 2818 5147 Patris
2852 5087 3054 5142 Filium
3077 5125 3091 5150 ,
3123 5085 3419 5150 lumenque
3456 5075 3723 5146 Spiritum

2141 5204 2429 5259 sanctum;
2459 5206 2525 5245 ac
2554 5197 2833 5260 postremo
2887 5183 3091 5236 fontem
3146 5193 3213 5230 ex
3275 5173 3425 5226 fonte
3449 5211 3464 5234 ,
3499 5169 3603 5222 hoc
3643 5172 3728 5217 est

2125 5288 2302 5343 'Patre
2329 5294 2384 5341 et
2407 5258 2688 5356 unigenito
2702 5277 2842 5332 Filio
2857 5273 3122 5345 Spiritum
3149 5277 3402 5326 sanctum
3430 5258 3725 5332 proﬂuere.

2144 5379 2398 5432 Flumina
2425 5355 2563 5429 enim
2589 5415 2603 5435 ,
2637 5371 2854 5441 inquit,
2886 5382 2951 5420 ea:
2983 5373 3156 5418 uentre
3196 5359 3341 5413 illius
3371 5355 3534 5424 ﬂuent
3575 5365 3727 5417 aqucv

2143 5467 2383 5525 salientis
2418 5468 2473 5518 in
2519 5464 2683 5518 vitam
2715 5437 2992 5515 attentam.
3030 5450 3245 5508 Dicebat
3279 5455 3455 5502 autent
3486 5441 3624 5496 is‘tud
3663 5437 3729 5491 de

2147 5561 2350 5631 Spiritu
2375 5564 2589 5620 sancto,
2621 5553 2700 5608 ait
2731 5547 3087 5620 Evangelium
3111 5545 3154 5601 ³.
3195 5541 3463 5599 Praeterea
3508 5543 3568 5589 ut
3597 5547 3731 5588 cou—

2817 5732 2836 5763 ⁸
2871 5724 3084 5782 Baruch
3111 5739 3195 5789 III,
3225 5721 3316 5788 '57,
3352 5717 3440 5774 '58.
3517 5714 3537 5745 ⁶
3575 5707 3726 5766 Psal.
