4138 6396
480 400 582 456 237

1882 408 1939 463 S.
1978 406 2321 464 EPlPllANll

3637 410 3744 469 988

483 525 899 583 substantialem
931 545 991 586 se
1019 545 1143 587 esse
1184 530 1325 587 Patri
1352 532 1634 604 discipulis
1662 531 1776 586 suis
1801 530 2053 585 ostende-

2162 532 2263 601 τῆς
2301 532 2435 601 πρὸς
2474 531 2564 586 τὸν
2606 533 2827 605 Πατέρα
2866 532 3031 588 αὐτοῦ
3055 532 3486 605 δμοουσιότητος.
3521 532 3738 603 ἔλεγεν*

484 626 600 672 ret:
644 617 705 672 Si
752 621 906 690 quis,
945 622 1159 692 inquit,
1200 627 1465 694 aperuerit
1500 625 1628 678 mihi
1653 664 1667 688 ,
1715 625 1937 695 ingressi
1968 640 2061 690 ego

483 720 530 764 et
561 710 725 765 Pater
750 714 1078 769 mansionem
1117 716 1256 786 apud
1293 716 1446 771 illum
1484 718 1795 786 faciemus‘.
1830 714 1949 770 Non
1978 717 2061 770 di-

485 806 590 857 xit:
624 802 806 858 Mittar
850 820 879 858 a
932 804 1096 861 Patre
1135 824 1298 874 meo;
1342 809 1469 874 sed,
1496 808 1609 882 Ego
1637 818 1687 863 et
1716 808 1880 863 Pater
1923 809 2061 877 apud

484 891 635 955 illum
685 895 1045 963 manebimus,
1078 898 1215 953 adeo
1260 906 1319 953 ut
1348 901 1605 969 pulsante
1630 899 1798 963 Filio.
1834 917 1956 957 cum
1994 916 2062 958 eo

484 981 644 1037 Pater
699 984 1080 1054 ingrediatur;
1140 988 1392 1059 idemque
1441 1006 1565 1045 cum
1605 989 1745 1045 Filio
1798 1001 2061 1063 perpetuo

482 1073 574 1134 sit,
614 1089 714 1129 nec
753 1091 992 1145 unquam
1023 1078 1091 1132 ab
1123 1078 1216 1133 illo
1254 1087 1561 1149 separetur,
1603 1081 1679 1134 uti
1720 1094 1875 1136 neca
1899 1081 2062 1138 Patre

482 1162 677 1220 Filius.
707 1164 861 1220 Unde
890 1167 942 1220 in
975 1167 1082 1220 alio
1112 1170 1259 1224 loco:
1299 1168 1408 1241 Ego
1448 1186 1601 1234 sum,
1632 1171 1841 1241 inquit,
1870 1173 1974 1237 via,
2007 1182 2059 1227 et

480 1271 572 1324 per
604 1273 683 1310 me
707 1257 1064 1327 ingrediantur
1094 1260 1162 1311 ad
1192 1259 1411 1314 Patrem
1440 1263 1479 1316 ¹.
1526 1262 1605 1315 Ae
1641 1278 1708 1316 ne
1732 1263 1856 1332 quis
1884 1264 2062 1317 mino-

481 1363 593 1401 rem
626 1348 745 1403 ideo
777 1364 901 1405 esse
940 1349 1100 1405 Patre
1141 1352 1428 1417 crederet,
1460 1351 1607 1423 quod
1658 1368 1753 1423 per
1783 1354 1960 1423 ipsum
1992 1353 2061 1407 ad

480 1437 693 1493 Patrem
739 1440 921 1494 aditus
960 1451 1209 1510 pateret,
1242 1443 1324 1497 sic
1376 1444 1485 1498 alio
1513 1444 1632 1498 loco
1671 1443 1850 1499 dixit:
1892 1442 2060 1498 Nemo

478 1526 645 1579 veniet
670 1526 738 1580 ad
772 1545 853 1582 me
874 1570 887 1594 ,
921 1530 1025 1583 nisi
1063 1529 1242 1607 'Paler
1284 1549 1428 1586 meus
1461 1534 1683 1587 caelestis
1728 1535 1955 1588 traxerit
1992 1534 2061 1589 il-

483 1621 592 1671 lum
620 1620 661 1672 ³.
696 1619 866 1691 lgitnr
898 1631 949 1676 et
977 1619 1140 1677 Pater
1170 1624 1236 1678 ad
1276 1622 1474 1680 Filium
1511 1625 1684 1688 ducit,
1715 1635 1769 1681 et
1793 1627 1964 1682 Filius
1991 1628 2060 1682 ad

480 1706 697 1765 Patrem
720 1750 734 1772 .
766 1720 820 1766 et
850 1720 1082 1783 uterque
1112 1729 1210 1783 per
1234 1713 1496 1784 Spiritum
1531 1727 1779 1773 sanctum
1810 1716 2061 1773 introdu-

480 1801 575 1855 cit.
611 1799 746 1854 Nam
798 1801 1038 1859 Trinitas
1090 1807 1143 1859 in
1192 1822 1299 1860 una
1354 1808 1728 1879 singularique
1776 1809 2061 1869 divinitate

479 1904 744 1984 perpetire
777 1898 1064 1957 consistit.
1103 1907 1162 1951 ut
1216 1900 1321 1952 tria
1372 1900 1610 1970 perfecta
1661 1902 1808 1967 sint,
1841 1918 2059 1974 unaque

481 1985 760 2041 divinitas.
812 1987 991 2058 Atque
1045 1991 1145 2044 hoc
1187 1991 1766 2055 niodanereticorum
1826 1995 2059 2050 istorum

483 2079 670 2149 Opinio
704 2081 981 2135 cohaerere
1015 2098 1122 2136 non
1171 2092 1370 2152 potest.

554 2168 823 2253 Νησώ
871 2172 1005 2225 illud
1050 2172 1359 2244 objiciunt:
1403 2174 1517 2230 Cur
1565 2176 1732 2247 igitur
1774 2175 2060 2247 discipulis

483 2263 600 2318 suis
640 2250 897 2319 Christus
953 2266 1247 2336 aliquando
1301 2267 1480 2321 dixit:
1543 2268 1693 2323 Vada
1734 2268 1803 2323 ad
1842 2269 2060 2324 Patrem

480 2372 673 2421 meum,
724 2365 773 2409 et
828 2356 1045 2411 Patrem
1091 2368 1347 2423 vestrum,
1379 2358 1548 2413 Deum
1598 2378 1769 2415 meum
1816 2371 1865 2415 et
1891 2361 2061 2416 Deum

480 2448 949 2503 uestrum‘?Nam
997 2451 1044 2505 si
1095 2450 1266 2506 Deum
1320 2468 1479 2507 suum
1530 2451 1749 2516 fatetur,
1787 2453 2062 2523 quomodo

481 2540 608 2595 huic
653 2542 877 2611 aequalis
921 2557 1044 2598 esse
1089 2546 1310 2613 poterit,
1353 2544 1439 2598 vel
1475 2544 1543 2599 ab
1575 2559 1639 2600 co
1670 2545 1915 2616 germani
1965 2546 2059 2599 lilii

480 2647 633 2686 more
660 2633 918 2703 genitus?
948 2635 1124 2704 Atque
1152 2634 1252 2691 hac
1293 2635 1515 2706 quidem
1561 2636 1809 2692 oratione
1847 2652 2061 2693 summa

482 2737 542 2777 se
563 2723 616 2776 in
644 2724 900 2779 omnibus
925 2723 1018 2780 Dei
1047 2726 1355 2795 ignorantia
1386 2728 1637 2782 laborare
1659 2728 2058 2794 demonstrant,

480 2832 583 2871 nec
625 2833 691 2872 ex
722 2819 832 2873 ulla
866 2826 1019 2889 parte
1069 2818 1342 2890 Evangelii
1387 2820 1678 2890 Splendore
1725 2822 2059 2877 collustrari.

478 2911 691 2964 Etenim
735 2911 981 2981 quisquis
1018 2912 1378 2982 perscrutari,
1424 2922 1477 2967 et
1525 2928 1556 2965 a
1605 2914 1823 2977 saeculo,
1865 2928 1929 2968 ac
1967 2929 2065 2984 per

479 3000 1157 3073 generationes'indagare
1187 3004 1441 3067 voluerit,
1477 3018 1599 3074 quae
1622 3005 1694 3060 sit
1728 3004 1975 3060 veritatis
2006 3005 2062 3059 in

2177 621 2312 675 Ἐάν
2334 639 2419 687 τις
2450 622 2665 691 ἀνοίξῃ
2696 640 2819 692 μοι,
2857 624 3168 686 εἰσελθὼν,
3206 623 3322 692 ἐγὼ
3344 621 3445 675 καὶ
3475 625 3508 677 ὀ
3540 622 3741 691 Πατήρ

2158 730 2278 783 μου
2302 712 2503 782 μονὴν
2536 715 2670 780 παρ’
2721 712 2881 777 αὺτῷ
2911 711 3263 782 ποιήσομεν.
3296 711 3406 765 Καὶ
3442 712 3625 765 οὐκέτι
3664 709 3742 764 εἷ-

2163 823 2286 871 πεν,
2323 808 2795 877 Ἀποσταλήσομαι
2826 807 2932 859 ὑπὸ
2952 806 3047 859 τοῦ
3069 805 3280 878 Πατρός
3307 823 3429 876 μου·
3470 805 3617 876 Ἐγὼ
3641 806 3740 859 καὶ

2164 902 2198 954 ό
2226 899 2427 969 Πατὴρ
2455 901 2590 968 παρ’
2607 898 2786 965 αὐτῷ,
2819 900 2895 963 ὡς
2914 898 3198 970 κρούοντος
3219 898 3312 950 τοῦ
3346 897 3499 961 Υἱεῦ,
3527 899 3621 952 καὶ
3644 897 3740 951 τοῦ

2163 991 2374 1060 Πατρδς
2432 991 2529 1043 σὺν
2577 988 2726 1060 αὑτῷ
2762 988 3168 1061 εἰσερχομένουο
3206 988 3283 1052 ὡς
3312 990 3400 1042 ἀεὶ
3440 985 3601 1055 εἶναι,
3647 988 3742 1041 καὶ⁸

2166 1080 2435 1151 μηδέποτε
2471 1080 2738 1133 διαλιπεῖν
2769 1080 2987 1151 Πατέρα
3017 1079 3127 1133 ἀπὸ
3159 1079 3310 1143 Υίοῦ,
3346 1080 3440 1132 καὶ
3474 1079 3602 1132 Υἱὸν
3633 1077 3742 1132 ἀπὸ

2161 1172 2256 1225 τοῦ
2313 1170 2441 1223 ἰδίου
2494 1171 2730 1242 Πατρός.
2785 1171 2877 1223 Διὸ
2933 1171 3029 1224 καὶ
3064 1172 3124 1223 ὲν
3173 1170 3346 1242 ἑτέρῳ
3392 1170 3544 1240 τόπῳ
3568 1170 3737 1238 λέγει’

2097 1307 2108 1321 .
2174 1263 2321 1333 Ἐγώ
2372 1264 2488 1333 εἰμι
2538 1262 2577 1329 ἠ
2615 1262 2775 1329 ὁδὸς,
2828 1262 2928 1316 καὶ
2981 1261 3056 1317 δι’
3085 1260 3232 1331 ἐμοῦ
3285 1263 3741 1316 εἰσελεύσονται

2162 1355 2315 1423 πρὸς
2354 1356 2462 1408 τὸν
2497 1355 2749 1425 Πατέρα.
2799 1356 2909 1409 Kal.
2963 1356 3050 1411 ἵνα
3085 1357 3158 1427 μή
3192 1373 3337 1419 τινες
3362 1356 3566 1426 ἥσσονα
3606 1354 3743 1426 πρὸς

2162 1448 2252 1501 τὸν
2311 1448 2533 1520 Πατέρα
2581 1451 2866 1521 νομίσωσι,
2928 1448 3017 1503 διὰ
3069 1449 3131 1502 τὸ
3181 1448 3248 1502 δι’
3277 1446 3445 1500 αὑτοῦ
3488 1446 3623 1519 πρὸς
3652 1445 3743 1499 τὸν

2163 1538 2381 1609 Πατέρα
2437 1539 2683 1602 εἰσιέναι⁹
2747 1541 2931 1613 φησίν·
2982 1538 3190 1605 Οὐδεὶς
3239 1538 3553 1593 ἐλεύσεται
3596 1538 3745 1605 πρὸς

2158 1629 2259 1699 μὲ,
2299 1630 2408 1683 ἐὰν
2432 1630 2519 1700 μὴ
2554 1635 2587 1686 ό
2618 1631 2820 1701 Πατήρ
2845 1649 2964 1702 μου
2995 1634 3028 1685 ό
3060 1631 3336 1699 οὐράνιος
3362 1629 3596 1697 ἐλκύσῃ
3635 1630 3744 1682 αὐ-

2164 1725 2289 1778 τόν.
2336 1725 2393 1777 Ὀ
2422 1723 2609 1795 Πατὴρ
2640 1720 2732 1779 οὖν
2776 1725 2934 1796 φέρει
2970 1725 3105 1796 πρὸς
3133 1723 3224 1776 τὸν
3258 1723 3405 1785 Υἱὸν,
3432 1723 3526 1776 καὶ
3555 1723 3583 1774 6
3616 1721 3747 1783 Υἱὸς

2164 1813 2320 1885 φέρει
2371 1815 2507 1886 πρὸς
2554 1815 2646 1867 τὸν
2694 1816 2935 1885 Πατέρα,
2986 1812 3226 1884 εἰσφέρει
3273 1813 3329 1866 δὲ
3371 1814 3428 1865 ὲν
3464 1811 3742 1882 Πνεύματι

2092 1879 2135 1938 Β
2164 1879 2324 1976 ἀγίῳ.
2364 1879 2476 1958 Ἀἐὶ
2507 1904 2616 1977 γὰρ
2658 1879 2888 1959 πάντοτε
2919 1907 2952 1974 ἡ
2982 1879 3157 1974 me;
3186 1906 3244 1957 ὲν
3273 1904 3370 1974 μιᾷ
3397 1879 3744 1973 ὲνότητιῄθεὸ-

2162 2014 2341 2068 meo:
2377 1999 2504 2069 τρία
2530 1998 2728 2062 τέλεια,
2774 1998 2872 2069 μία
2901 1996 3110 2069 θεότης.
3145 1997 3257 2050 Καὶ
3286 1995 3535 2048 διέπεσεν
3564 1996 3593 2047 6
3619 1992 3744 2046 τού-

2170 2106 2278 2142 των
2309 2089 2485 2158 λόγος.

2233 2182 2358 2234 NE'.
2392 2182 2560 2235 Πάλιν
2581 2181 2631 2235 δὲ
2654 2183 2920 2252 φάσκουσι
2940 2198 2954 2212 ’
2983 2182 3100 2235 Τίνι
3132 2179 3404 2251 τοίνυντῷ
3430 2179 3572 2251 λόγῳ
3597 2179 3748 2252 εἴρη-

2162 2291 2259 2327 κεν
2288 2275 2560 2346 ὁΧριστὸς
2588 2277 2700 2337 τοῖς
2726 2273 2919 2328 ἑαυτοῦ
2959 2274 3246 2346 μαθηταῖς,
3280 2274 3361 2326 ὃτι
3403 2272 3747 2342 Ἀπέρχομαι

2163 2369 2311 2437 πρὸς
2332 2369 2438 2422 τὸν
2459 2367 2690 2436 Πατέρα
2705 2385 2844 2437 μου,
2879 2367 2977 2419 καὶ
3008 2365 3237 2434 Πατέρα
3259 2364 3443 2435 ὑμῶν,
3468 2363 3565 2418 καὶ
3597 2365 3748 2418 Θεόν

2157 2480 2297 2531 μου,
2334 2462 2432 2515 καὶ
2469 2460 2617 2516 Θεὸν
2648 2460 2850 2529 ὐμῶν;
2892 2458 2954 2513 Εἰ
2991 2459 3170 2512 τοίνυν
3196 2459 3329 2512 Θεὸν
3354 2457 3516 2512 αὑτοῦ
3556 2458 3748 2529 ὁμολο-

2163 2555 2269 2620 γεῖ,
2296 2551 2412 2615 πῶς
2445 2551 2525 2605 ἔτι
2583 2552 2735 2605 ἔσται
2775 2551 2887 2615 ἴσος
2911 2550 3080 2620 αὐτῷ,
3116 2549 3148 2620 ἢ
3192 2549 3284 2603 ὑπ’
3314 2548 3478 2602 αὑτοῦ
3509 2547 3749 2618 γνησίως

2163 2645 2559 2716 γεγεννημένος
2581 2662 2595 2710 ;
2628 2645 2743 2698 Ἵνα
2784 2643 3028 2707 δείξωσιν
3049 2644 3106 2695 ὲν
3130 2642 3294 2695 πᾶσιν
3320 2640 3591 2710 ἀγνωσίαν
3609 2639 3747 2693 Θεοῦ

2165 2738 2361 2800 αὐτοὺς
2399 2737 2564 2807 ἔχειν,
2586 2736 2741 2790 καὶ¹³
2769 2738 2827 2789 ὲν
2874 2735 3059 2806 μηδενί
3095 2736 3198 2788 εἱσι
3227 2733 3490 2805 φωτισμῷ
3529 2731 3623 2786 τοῦ
3643 2733 3749 2786 Εὐ»

2164 2829 2419 2899 αγγελίου
2453 2828 2913 2901 κατηυγασμένοι.
2970 2828 3313 2898 Ψηλαφήσας
3366 2826 3475 2896 γάρ
3519 2842 3603 2889 τις
3655 2825 3753 2878 καὶ

2165 2923 2531 2995 ἀνερευνήσας
2564 2920 2673 2975 ἀπὸ
2708 2921 2801 2973 τοῦ
2830 2919 3043 2984 αἰῶνος,
3069 2920 3162 2973 καὶ
3194 2919 3336 2974 κατὰ
3366 2917 3580 2987 γενεὰν,
3612 2917 3753 2971 εἵσε-

2163 3031 2255 3067 ται
2274 3013 2372 3084 τῆς
2398 3010 2657 3083 ἀληθείας
2678 3011 2778 3082 τῆς
2806 3010 2897 3063 τοῦ
2923 3011 3175 3082 Σωτῆρος
3206 3009 3362 3080 ἡμῶν
3385 3009 3595 3072 τελείας
3614 3008 3754 3078 γνώ-

483 3092 782 3149 Salvatoris
834 3095 1009 3149 nostri
1063 3093 1303 3165 perlecta
1352 3096 1604 3162 scientia,
1658 3096 1889 3165 ejusque
1934 3111 2061 3150 cum

2168 3121 2306 3168 σεως
2337 3103 2595 3174 καὶπρὸς
2648 3103 2739 3157 τὸν
2789 3104 3010 3173 Πατέρα
3065 3104 3306 3174 ἰσότητος
3351 3102 3450 3174 τὴν
3499 3102 3763 3173 δύναμιν.λ

478 3183 641 3240 Patre
684 3186 1012 3256 aequalitatis
1056 3187 1139 3242 vis
1175 3185 1466 3258 intelliget.
1504 3187 1597 3241 Isti
1646 3203 1777 3242 vero
1818 3186 2061 3243 Judaicis

2166 3196 2454 3261 Κνίζονται
2478 3195 2534 3247 δὲ
2588 3190 2732 3250 οὗτοι
2771 3194 3049 3265 Ἰουδαῖκῷ
3081 3198 3390 3267 φρονήματι
3427 3195 3752 3267 περιϐεϐλη-

479 3277 831 3346 opinionibus
875 3276 1120 3347 impediti
1148 3276 1415 3332 adversus
1446 3277 1540 3331 Dei
1565 3275 1764 3331 Filium
1792 3279 2059 3333 exstimu-

2169 3287 2340 3357 μένοι,
2372 3286 2467 3340 καὶ
2497 3284 2870 3355 ἀγανακτοῦσι
2915 3285 2994 3355 τῷ
3028 3285 3142 3356 Υἱῷ
3171 3286 3267 3339 τοῦ
3306 3285 3461 3347 Θεοῦ,
3504 3286 3755 3357 καθάπερ

478 3370 680 3423 lantur.
720 3368 955 3426 Perinde
988 3377 1151 3440 atque
1203 3370 1276 3423 illi
1330 3370 1554 3425 Christo
1585 3371 1840 3424 dicebant
1874 3390 1886 3423 :
1922 3368 2064 3422 Nul-

2163 3376 2358 3429 ὲκεῖνοι
2399 3375 2602 3443 ἔλεγον,
2652 3376 2735 3429 ὃτι
2779 3375 2858 3428 Δι’
2890 3375 3070 3428 οὐδὲν
3129 3379 3400 3444 πονηρόν
3423 3394 3497 3430 σε
3525 3376 3753 3437 λιθάζο-

481 3463 590 3514 lum
617 3463 679 3515 ob
728 3461 875 3514 aliud
931 3462 1097 3515 scelus
1136 3472 1184 3515 te
1231 3460 1552 3529 lapidamus,
1605 3461 1772 3532 778
1807 3460 1900 3532 sed
1924 3460 2063 3532 quod

2162 3484 2293 3535 μεν,
2334 3467 2472 3520 ἀλλ’
2511 3466 2621 3532 ὅτι,
2679 3465 2990 3535 ἅνθρωπος
3022 3465 3127 3531 ὢν,
3202 3466 3339 3520 Υιὸν
3378 3467 3525 3521 Θεοῦ
3565 3466 3755 3520 αὐτὸν

478 3557 634 3610 homo
663 3573 781 3609 cum
812 3557 910 3617 sis,
941 3554 1141 3610 Filium
1173 3555 1268 3610 Dei
1298 3557 1517 3625 teipsum
1548 3558 1787 3609 nominas
1816 3565 1865 3609 et
1893 3571 2065 3626 requa-

482 3646 583 3700 lem
621 3646 730 3701 Deo
768 3655 816 3700 te
847 3647 981 3717 facis
1011 3648 1054 3700 ⁵.
1085 3646 1197 3700 llac
1227 3648 1302 3701 illi
1329 3647 1732 3702 Pharisaeorum
1765 3662 1829 3701 ac
1850 3646 2067 3702 Iudaeo-

479 3755 600 3793 rum
632 3740 687 3793 in
714 3736 993 3794 Christum
1025 3740 1308 3794 iracundia
1341 3741 1535 3810 perciti
1571 3740 1857 3808 feruntur;
1887 3756 2064 3810 neque

480 3828 682 3884 Filium
719 3831 980 3900 aqualem
1024 3832 1256 3901 genitori
1296 3832 1544 3886 conliteri
1593 3828 1801 3888 volunt.
1847 3831 1967 3899 Qua
2009 3834 2065 3887 in

480 3936 542 3977 re
598 3936 878 3976 sacrarum
930 3919 1261 3977 Litterarum
1293 3932 1604 3978 accuratam
1636 3925 1973 3996 diligentiam
2008 3925 2064 3978 in

484 4015 680 4085 primis
723 4014 1014 4070 considera
1060 4035 1071 4070 :
1121 4030 1243 4085 qua:
1288 4026 1414 4071 ante
1455 4017 1887 4071 incarnationem
1930 4016 2067 4071 nihil

480 4106 751 4175 ejusmodi
782 4106 849 4159 de
876 4105 1096 4162 Christo
1127 4110 1570 4177 pronuntiarunt,
1606 4107 1703 4162 sed
1731 4105 1893 4162 Pater
1928 4107 2067 4162 Filio

481 4198 689 4253 dixisse
720 4197 916 4269 legitur
944 4218 956 4253 :
989 4197 1276 4253 Faciamus
1310 4198 1639 4266 hominem“,
1673 4207 1732 4254 ut
1758 4201 2066 4256 communis

482 4290 684 4360 opiﬁcii
722 4299 999 4345 auctorem
1031 4293 1234 4361 pariter
1277 4290 1476 4346 Filium
1523 4292 1757 4363 appellet
1793 4300 1847 4347 et
1878 4307 2067 4363 aequa—

482 4386 636 4440 litate
665 4400 984 4456 germanum
1022 4384 1314 4455 signiﬁcet.
1359 4382 1557 4454 Neque
1581 4400 1712 4440 vero
1747 4392 1863 4438 tum
1894 4382 2068 4440 Filius

479 4479 651 4534 Deum
679 4495 872 4541 meum,
898 4486 949 4532 et
980 4477 1150 4532 Deum
1179 4488 1405 4532 vestrum
1428 4477 1641 4548 uspiam
1673 4478 2077 4540 vocavitJtem.

2165 3555 2486 3625 ὀνομάζεις,
2510 3556 2650 3610 ἴσον
2685 3555 2765 3621 τῷ
2791 3554 2913 3621 Θεῷ
2945 3555 3131 3609 ποιῶν
3158 3556 3439 3611 σεαυτόν.
3472 3554 3628 3608 Οὕτω
3658 3557 3753 3609 καὶ

2164 3640 2332 3710 οὗτοι,
2372 3647 2450 3718 τῷ
2478 3647 2628 3716 αὐτῷ
2662 3646 2824 3700 πάθει
2855 3646 2965 3700 τῶν
2991 3646 3300 3718 Φαρισαίων
3353 3647 3445 3699 καὶ
3483 3646 3752 3700 Ἰουδαίων

2168 3739 2578 3811 περιπεσόντες,
2639 3736 3029 3806 ἀγανακτοῦσι,
3069 3737 3143 3809 μὴ
3187 3737 3429 3799 θέλοντες
3456 3735 3635 3805 λέγειν
3661 3737 3752 3790 τὸν

2166 3831 2295 3885 Υἱὺν
2318 3832 2430 3885 ίσον
2449 3830 2527 3902 τῷ
2547 3831 2920 3900 γεγεννηκότι.
2955 3832 3096 3901 Ὅρα
3122 3831 3231 3902 γάρ
3260 3847 3348 3901 μοι
3372 3831 3472 3902 τὴν
3488 3832 3595 3882 τῶν
3612 3830 3755 3901 Γρα-

2168 3924 2283 3994 φῶν
2326 3923 2633 3997 ἀκρίῦειαν.
2667 3924 2749 3977 ὅτι
2801 3922 3039 3995 οὐδαμοῦ
3066 3922 3287 3995 εἴρηκεν
3326 3923 3360 3993 ἡ
3401 3921 3520 3975 θεία
3557 3921 3752 3994 Γραφὴ

2168 4016 2257 4069 τὸν
2283 4015 2439 4083 λόγον
2467 4014 2655 4067 τοῦτον
2688 4014 2794 4086 πρὸ
2819 4014 2920 4085 τῆς
2967 4013 3228 4085 ἐνσάρκου
3257 4013 3557 4085 παρουσίας
3577 4028 3590 4043 ο
3627 4013 3746 4067 ἀλλ’

2167 4108 2195 4160 6
2243 4106 2434 4178 Πατὴρ
2471 4105 2548 4177 τῷ
2602 4105 2750 4175 Υίῷ,
2805 4103 3160 4174 Ποιήσωμεν
3201 4104 3536 4171 ἄνθρωπον,
3581 4092 3762 4173 λέγει,’

2168 4198 2596 4272 συνδημιουργὸν
2628 4199 2810 4252 καλῶν
2859 4197 2950 4251 τὸν
2978 4197 3126 4263 Υίὸν,
3164 4199 3259 4250 καὶ
3296 4198 3517 4268 γνήσιον
3542 4195 3756 4261 δεικνὺς

2168 4296 2290 4348 κατ’
2338 4294 2576 4365 ἰσότητα.
2634 4293 2746 4346 Καὶ
2806 4289 3044 4362 οὐδαμοῦ
3075 4291 3295 4361 εἴρηκεν
3343 4291 3372 4343 6
3422 4290 3570 4352 Υἱὸς.
3606 4290 3758 4342 Θεῶν

2164 4404 2303 4457 μου,
2349 4385 2447 4438 καὶ
2477 4383 2625 4437 Θεὸν
2658 4382 2858 4452 ὑμῶν’
2915 4382 3031 4444 καὶ,
3069 4382 3372 4436 Ἤκουσεν
3431 4380 3614 4449 Ἀδὰμ
3646 4378 3757 4448 τῆς

2168 4476 2376 4548 φωνῆς
2405 4476 2511 4531 τοῦ
2556 4475 2705 4530 Θεοῦ
2745 4473 3217 4544 περιπατοῦντος
3251 4473 3323 4526 ἐν
3349 4470 3430 4537 τῷ
3476 4470 3757 4541 παραδεί-

475 4568 716 4626 Adamus
784 4569 882 4624 Dei
928 4586 1102 4626 vocem
1147 4571 1388 4625 exaudiit
1440 4569 1765 4625 ambulantis
1806 4571 1862 4624 in
1902 4585 2064 4637 para—

2171 4585 2294 4637 σφ’
2348 4569 2464 4631 καὶ,
2512 4568 2782 4635 Ποίησον
2852 4563 3089 4630 σεαυτῷ
3137 4564 3386 4619 κιϐωτὸν
3435 4565 3505 4619 ἐκ
3555 4565 3759 4631 ξύλων

478 4664 597 4717 diso
618 4663 661 4718 '.
698 4660 837 4717 Tum
866 4683 876 4716 :
914 4661 1030 4717 Fac
1054 4665 1148 4717 tibi
1176 4680 1357 4718 arcam
1394 4663 1458 4718 de
1487 4663 1645 4735 lignis
1675 4663 1995 4732 incorruptis
2020 4663 2064 4717 ⁸.

478 4754 548 4810 Et
603 4775 617 4811 :
662 4753 812 4810 Pluit
849 4754 1112 4810 Dominus
1164 4774 1199 4810 a
1257 4756 1487 4810 Domino
1519 4756 1562 4811 '.
1613 4755 1747 4812 Item
1802 4754 2069 4811 Dominus

478 4844 651 4917 Moysi
684 4865 696 4900 :
727 4844 840 4917 Ego
870 4864 987 4900 sum
1022 4846 1165 4902 Deus
1214 4847 1510 4915 Abraham,
1555 4857 1605 4902 et
1630 4847 1773 4903 Deus
1805 4847 1987 4913 Isaac,
2019 4857 2071 4903 et

476 4936 620 4991 Deus
643 4935 811 4992 Iacob
832 4939 897 4991 ι’.
930 4937 1239 5005 Quinetiam
1264 4937 1435 4996 David
1465 4964 1476 4995 :
1502 4940 1654 4995 Dixit
1681 4940 1941 4996 Dominus
1963 4940 2069 4995 Do-

477 5029 623 5083 mino
654 5045 768 5084 meo
791 5044 811 5084 :
843 5028 975 5085 Sede
1004 5048 1036 5084 a
1063 5030 1264 5087 dextris
1298 5033 1427 5088 meis
1460 5034 1524 5088 “.
1553 5030 1662 5088 Nec
1691 5033 1842 5087 ullibi
1883 5031 2072 5087 Domi-

476 5135 584 5177 nus
619 5118 787 5174 Deum
816 5138 1010 5184 meum.
1042 5132 1092 5176 et
1124 5123 1288 5178 Deum
1336 5133 1566 5179 vestrum
1595 5127 1917 5179 nominavit.
1951 5124 2071 5179 Ca:-

476 5219 657 5265 terum
702 5212 791 5267 ubi
828 5229 1062 5285 corpore
1093 5223 1284 5271 nostro
1309 5226 1588 5287 suscepto,
1652 5215 1717 5270 In
1752 5226 1894 5271 terra
1927 5218 2069 5273 visus

474 5311 627 5356 estet
664 5320 783 5357 cum
824 5305 1125 5361 hominibus
1151 5308 1569 5383 conversatusf',
1599 5315 1759 5378 atque
1791 5309 1933 5364 inter
1969 5324 2070 5365 nos

477 5405 802 5453 numeratus
855 5407 978 5465 est;
1032 5407 1168 5453 tunc
1209 5399 1514 5470 discipulos
1581 5417 1711 5456 suos
1761 5403 2066 5473 alloquens,

471 5489 804 5556 quibuscum
823 5489 1101 5558 adaequari
1120 5488 1341 5557 ponitus
1357 5487 1475 5539 solo
1491 5495 1720 5553 excepto
1738 5493 1959 5553 peccato
1974 5495 2071 5537 ue-

473 5581 615 5645 bnit,
645 5580 811 5634 Deum
836 5596 1008 5634 meum
1041 5578 1203 5646 dixit,
1229 5587 1279 5632 et
1303 5576 1474 5631 Deum
1499 5586 1752 5642 vestrum,
1772 5584 1823 5629 et
1844 5572 2066 5629 Patrem

557 5774 575 5845 ξ
612 5771 771 5829 Joan.
803 5789 917 5837 XIV,
948 5774 1059 5845 23.7
1083 5775 1104 5806 ¹
1135 5773 1267 5829 ibid.
1302 5775 1354 5829 6.
1402 5776 1422 5807 ³
1450 5774 1606 5831 Jnan.
1633 5793 1705 5833 vr.
1735 5778 1821 5831 Η.
1900 5780 1918 5811 ⁸
1947 5778 2064 5835 Joat

2162 5798 2230 5844 εκ,
2262 5780 2349 5836 i7.
2425 5782 2444 5811 ⁸
2468 5779 2624 5835 Joan.
2646 5795 2701 5845 ι,
2734 5780 2824 5834 55.

2170 4652 2521 4729 douiater
2556 4661 2677 4725 καὶ,
2710 4658 2959 4729 Ἔϐρεξε
3015 4660 3231 4728 Κύριος
3277 4658 3439 4727 παρὰ
3495 4660 3754 4728 Κυρίουο

2167 4755 2282 4817 καὶ,
2305 4750 2456 4807 Eine
2488 4753 2704 4822 Κύριος
2730 4751 2882 4821 πρὸς
2907 4750 3173 4820 Μωῦσῆν
3189 4768 3202 4781 ·
3257 4750 3406 4822 Ἐγώ
3423 4752 3539 4821 ειμι
3560 4754 3593 4805 ὁ
3612 4751 3759 4819 Θεὸς

2179 4845 2448 4915 Ἀϐραὰμ.
2486 4845 2586 4898 καὶ
2629 4847 2662 4898 ὁ
2695 4844 2841 4911 Θεὸς
2876 4843 3107 4906 Ἰσαὰκ,
3160 4843 3257 4898 καὶ
3286 4847 3319 4898 ό
3352 4843 3495 4911 Θεὸς
3540 4843 3754 4901 Ἰακώϐ.

2167 4939 2280 4992 Καὶ
2300 4935 2464 4992 Δαϐὶδ
2490 4936 2676 5006 λέγει’
2728 4931 2920 4990 Εἶπεν
2944 4938 2978 4989 ὀ
3030 4939 3247 5003 Κύριος
3286 4932 3367 5000 τῷ
3387 4934 3582 5003 Κυρίῳ
3604 4951 3753 5004 μου’

2167 5028 2368 5084 Κάθου
2391 5028 2461 5083 ἐκ
2485 5026 2702 5093 δεξιῶν
2715 5044 2858 5097 μου.
2884 5026 2996 5080 Καὶ
3036 5025 3271 5098 οὐδαμοῦ
3297 5021 3450 5080 εἶπεν
3474 5028 3504 5079 ό
3532 5025 3757 5097 Κύριος,

2169 5122 2320 5175 Θεόν
2339 5137 2460 5190 μου
2500 5119 2600 5172 καὶ
2637 5116 2787 5172 Θεὸν
2807 5116 2997 5187 ὑμῶν.
3025 5117 3156 5171 Ὅτε
3188 5116 3246 5171 δὲ
3275 5115 3435 5170 ἔλαϐε
3476 5116 3538 5170 τὸ
3557 5117 3758 5188 ἡμέτε-

2170 5229 2261 5283 ρον
2288 5211 2469 5283 σῶμα,
2503 5211 2598 5266 καὶ
2631 5212 2763 5267 Ἐπὶ
2788 5211 2899 5281 τῆς
2926 5211 3040 5281 γῆς
3059 5212 3247 5282 ὤφθη,
3275 5213 3375 5267 καὶ
3406 5212 3530 5279 τοῖς
3545 5209 3758 5280 ἀνθρώ-

2166 5320 2305 5371 ποις
2325 5303 2821 5373 συνανεστράςρη,
2845 5304 2942 5359 καὶ
2974 5306 3033 5358 ὲν
3057 5307 3188 5375 ἡμῖν
3212 5303 3568 5375 κατελογίσθη
3589 5319 3603 5332 ·
3634 5302 3757 5355 τότε

2167 5397 2304 5469 πρὸς
2352 5397 2479 5460 τοὺς
2512 5394 2678 5449 αὐτοῦ
2739 5396 3008 5466 μαθητὰς,
3058 5396 3195 5467 πρὸς
3241 5395 3337 5459 οὒς
3383 5394 3580 5464 ὤφειλε
3615 5392 3760 5447 κατά

2167 5489 2347 5545 πάντα
2376 5489 2708 5561 ὁμοιωθῆναι
2727 5490 2898 5561 χωρὶς
2932 5490 3225 5562 ἁμαρτίας,
3252 5490 3402 5544 Θεόν
3414 5506 3554 5559 μου,
3579 5487 3755 5556 ἔλεγε,

2166 5583 2267 5638 καὶ
2300 5582 2449 5638 Θεὸν
2468 5581 2657 5651 ὑμῶν,
2689 5584 2784 5636 καὶ
2802 5583 3034 5652 Πατέρα
3053 5601 3174 5653 μου
3200 5581 3297 5636 καὶ
3319 5580 3551 5650 Πατέρα
3568 5578 3755 5650 ὑμῶν.

2902 5779 2922 5809 θ
2949 5776 3082 5831 Gen.
3127 5793 3166 5839 ι,
3201 5775 3291 5831 ‘26.
3367 5776 3389 5807 ⁷
3419 5773 3556 5831 Gen.
3598 5790 3682 5841 ttt,
3700 5776 3753 5831 8.

481 5842 504 5875 '
536 5843 671 5901 Gen.
703 5861 776 5907 νι.
810 5846 896 5902 14.
973 5848 993 5878 ³
1021 5844 1155 5901 Gen.
1203 5847 1397 5911 tx,-"2-i.
1478 5848 1520 5879 '°
1549 5847 1715 5901 Exod.
1746 5864 1823 5914 III,
1860 5849 1913 5905 6.
1993 5851 2064 5906 “l

2168 5842 2339 5917 laets,
2377 5850 2426 5907 l.
2509 5852 2550 5883 ”
2590 5842 2801 5905 Bar'ueh
2830 5866 2911 5913 tu,
2945 5848 3034 5904 58.
3116 5848 3158 5881 ¹³
3197 5847 3255 5903 F.
3292 5848 3373 5901 ὅτι
3398 5847 3478 5901 ὲν.
