4138 6396
282 376 288 383 ·
359 350 466 407 289

1101 349 1472 406 ADVERSUS
1509 351 1855 407 li/ERESES
1896 352 1956 407 LI

2065 353 2129 408 11.
2175 352 2338 408 ΤΟΜ.
2382 353 2444 407 ll.
2482 386 2553 396 —
2593 356 2865 414 ΙΙᾹΞΒΕΞ.
2904 356 3089 412 LXIX.

3537 332 3644 415 ego

360 464 581 536 Πατέρα
619 481 720 535 μου
776 464 898 536 μὲν,
943 465 1086 520 κατὰ
1120 464 1283 536 φύσιν
1343 468 1400 520 ἐν
1427 469 1493 538 τῇ
1557 466 1793 540 θεότητι,
1860 469 1955 522 καὶ

2060 486 2252 536 ηιειιηι,
2310 482 2361 525 ει
2399 472 2608 526 Patrem
2641 483 2891 526 vestrum.
2933 471 3150 528 Patrem
3186 488 3390 540 meum,
3451 484 3644 531 natura

360 559 582 630 Πατέρα
641 558 815 630 ὑμῶν,
872 558 962 613 διὰ
1005 559 1165 630 χάριν
1212 559 1280 613 δι’
1326 559 1427 631 ἐμὲ
1459 561 1518 613 ὲν
1572 563 1639 632 τῇ
1671 559 1948 633 υἰοθεσίᾳο

361 652 512 705 Θεόν
534 667 656 719 μου
687 650 768 713 δὲ,
799 652 880 704 ὄτι
924 651 984 704 τὸ
1033 650 1300 723 ὑμέτερον
1329 651 1555 723 σαρκίον
1603 651 1822 721 εἴληφα,
1857 648 1953 706 καὶ

361 740 513 795 Θεὸν
539 739 730 810 ὑμῶν,
785 740 931 795 κατὰ
954 741 1119 811 φύσιν
1167 740 1265 795 καὶ
1327 740 1608 814 ἀλήθειαν.
1654 741 1765 795 Καὶ
1809 740 1952 795 οὕτω

359 832 538 887 πάντα
570 833 689 886 ἐστὶ
724 834 871 905 σαφῆ
938 834 1034 886 καὶ
1074 833 1295 904 διαυγῆ,
1349 833 1446 886 καὶ
1495 833 1650 888 οὐδὲν
1687 833 1949 900 ἐναντίον,

358 927 481 980 οὐδὲ
509 925 742 980 θανάτου
773 925 1139 997 παραπλοκῆς
1170 925 1293 997 ἔχον
1321 921 1460 989 εἶδος
1494 927 1552 979 ὲν
1571 929 1638 998 τῇ
1667 925 1788 997 θείᾳ
1816 927 1954 999 Γραο

360 1020 459 1088 φῇ,
482 1017 558 1082 ὡς
573 1012 719 1072 οὗτοι
736 1017 1184 1089 προφασίζονται,
1208 1016 1420 1090 πονηρὰ
1444 1018 1656 1082 ἑαυτοῖς
1684 1018 1957 1072 ἐπινοοῦν-

356 1124 469 1172 τες.
494 1106 720 1178 Νομίζω
774 1106 832 1160 δὲ
886 1106 1046 1160 πάλιν
1076 1107 1172 1160 καὶ
1226 1105 1365 1176 πρὸς
1396 1105 1554 1159 τοῦτο
1581 1105 1782 1169 ίκανῶς
1805 1105 1952 1175 ἔχειν

357 1199 458 1270 τὴν
500 1198 700 1270 φράσιν
718 1215 734 1228 ο
764 1198 857 1252 ἐπὶ
885 1198 942 1252 δὲ
970 1198 1041 1252 τὰ
1067 1196 1205 1252 ἄλλα
1231 1196 1419 1250 λοιπὸν
1441 1196 1826 1268 ἐπελεύσομαι.

2057 563 2267 617 scilicet
2298 579 2363 618 ac
2390 565 2714 630 divinitate;
2744 564 2960 620 Patrem
2993 579 3258 630 vestrum,
3300 568 3473 638 gratia
3503 570 3645 623 dun-

2056 659 2239 717 taxat,
2296 670 2395 725 per
2451 671 2576 720 me,
2644 657 3069 729 adoptionisque
3133 658 3422 717 beneﬁcio.
3474 662 3647 718 Deum

2057 757 2251 808 meum,
2302 745 2561 813 quoniam
2615 756 2854 800 vestram
2909 762 3131 803 carnem
3169 752 3421 823 suscepi;
3478 752 3646 808 Deum

2057 842 2309 897 vestrum,
2366 837 2668 892 secundum
2718 847 2999 905 naturam,
3054 848 3109 896 et
3162 858 3228 899 ex
3276 844 3355 898 rei
3395 845 3646 902 veritate.

2056 923 2175 990 Qua
2220 927 2435 982 ratione
2476 929 2771 985 manifesta
2810 933 2992 985 omnia
3046 946 3111 986 ac
3157 935 3454 1006 perspicua
3492 944 3646 1001 sunt,

2057 1031 2235 1087 neque
2286 1020 2586 1091 quidquam
2634 1023 2972 1078 contrarium
3025 1035 3128 1092 est,
3186 1042 3251 1081 ac
3296 1043 3644 1099 repugnans;
3682 1038 3696 1044 ‘

2058 1125 2162 1165 nec
2192 1111 2337 1167 ullus
2364 1112 2420 1166 in
2453 1111 2740 1183 Scriptura
2774 1115 2925 1170 locus
2956 1117 3299 1173 mortiferum
3321 1120 3645 1191 quidquam,

2061 1210 2117 1257 et
2168 1202 2459 1259 exitiosum
2537 1206 2700 1262 habet
2751 1206 3070 1274 admistum,
3104 1217 3166 1265 ut
3217 1210 3310 1265 isti
3364 1212 3647 1281 captanda:

360 1296 672 1350 occasionis
700 1294 876 1365 gratia
914 1294 1083 1349 videri
1119 1295 1330 1357 volunt,
1359 1294 1451 1364 qui
1483 1294 1585 1348 sibi
1612 1294 1749 1365 ipsis
1782 1295 2092 1364 perniciosa
2120 1300 2366 1370 quaedam
2401 1303 2713 1373 excogitare
2742 1304 2939 1359 solent.
2977 1304 3080 1361 Sed
3113 1321 3239 1361 cum
3268 1295 3553 1374 hactenus,
3587 1316 3647 1362 ut

375 1392 593 1462 Opinor,
620 1391 688 1446 de
720 1390 806 1445 his
842 1389 1059 1445 abunde
1097 1390 1425 1453 sit'dictnm,
1462 1405 1607 1444 nunc
1648 1390 1716 1444 ad
1743 1391 1863 1444 alia“
1885 1394 2264 1451 transibimus.

429 1482 574 1550 Νςν.
608 1481 682 1535 Τὸ
720 1481 871 1547 ἅγιον
903 1481 1012 1553 γὰρ
1042 1479 1269 1551 Πνεῦμα
1292 1480 1498 1550 κτίσμα
1523 1480 1683 1534 πάλιν
1713 1481 1949 1553 κτίσμα-

359 1574 452 1639 τός
481 1592 643 1645 φασιν
668 1570 828 1641 εἶναι,
886 1574 974 1628 διὰ
1000 1575 1083 1640 τὸ,
1135 1574 1224 1627 διὰ
1252 1572 1347 1626 τοῦ
1395 1573 1523 1627 Υίοῦ
1554 1574 1623 1628 τὰ
1656 1573 1833 1627 πάντα
1858 1591 1950 1643 γε-

2130 1483 2263 1539 LVl.
2328 1484 2592 1557 Spiritum
2649 1490 2834 1560 itaque
2887 1501 3138 1546 sanctum
3205 1502 3467 1548 creatura:
3522 1510 3646 1549 esse

2060 1587 2368 1632 creaturam
2399 1586 2656 1634 asserunt
2689 1600 2702 1634 :
2738 1581 2881 1652 quod
2912 1598 3007 1651 per
3036 1581 3233 1638 Filium
3284 1587 3468 1639 omnia
3500 1586 3644 1641 facta

361 1668 647 1739 γενῆσθαι,
702 1668 781 1733 ὡς
812 1663 963 1722 εἶπεν
992 1669 1026 1740 ἡ
1066 1667 1279 1740 Γραφὴ,
1318 1668 1590 1731 ἀσυνέτως
1618 1666 1772 1730 τινὰς
1797 1667 1950 1739 διαρ-

2060 1668 2187 1727 sint.-
2218 1677 2276 1723 ut
2310 1668 2594 1740 Scriptura
2634 1679 2867 1727 testatur
2896 1674 2937 1726 ⁸.
2974 1674 3032 1727 In
3065 1691 3174 1744 quo
3207 1678 3373 1730 stulte
3404 1678 3644 1730 nonnul-

363 1758 652 1826 πάζοντεζ,
681 1760 744 1813 οὐ
779 1758 962 1824 καθὼς
1003 1759 1218 1831 εἴρηται
1264 1759 1325 1813 τὸ
1357 1759 1518 1831 ῥητὸν
1550 1759 1783 1829 ἔχοντες.
1820 1759 1955 1816 ἀλλὰ

363 1852 547 1916 κακῶς
574 1851 947 1915 ὑπονοοῦντες,
979 1851 1069 1904 καὶ
1098 1851 1207 1904 ἀπὸ
1240 1850 1402 1922 ῥητοῦ
1434 1851 1493 1905 τὸ
1517 1851 1698 1915 καλῶς
1732 1852 1955 1924 εἰρημέ-

364 1938 453 2000 νον
485 1945 627 2000 κατὰ
662 1944 760 2016 τὴν
799 1944 973 2016 κακὴν
1007 1944 1185 1999 αὐτῶν
1209 1945 1464 1999 ὑπόνοιαν
1500 1945 1952 2017 παρερμηνεύον-

362 2054 474 2100 τες.
501 2038 575 2091 Οὐ
602 2036 712 2109 γὰρ
742 2036 804 2090 τὸ
856 2036 997 2090 θεῖον
1030 2035 1359 2106 Εὐαγγέλιον
1392 2038 1523 2109 περὶ
1562 2037 1658 2090 τοῦ
1695 2037 1951 2108 Πνεῦμα-

363 2146 456 2193 τος
496 2129 623 2201 ἔφη,
658 2129 795 2183 ἀλλὰ
819 2130 952 2201 περὶ
983 2128 1201 2183 πάντων
1232 2128 1341 2183 τῶν
1378 2129 1734 2202 ὲκτισμένων,
1764 2131 1846 2183 ὅτι
1883 2130 1954 2184 Ετ

361 2239 417 2276 τι
447 2222 681 2286 κτιστὸν,
737 2223 825 2276 διὰ
870 2221 965 2275 τοῦ
998 2222 1172 2292 Λόγου
1206 2222 1499 2292 γεγένηται
1559 2223 1652 2275 καὶ
1692 2210 1796 2276 ὑπὸ
1855 2222 1951 2275 τοῦ

364 2313 563 2381 Λόγου.
599 2313 675 2367 Τὰ
702 2314 813 2383 γὰρ
859 2314 1057 2368 πάντα
1087 2313 1161 2366 δι’
1191 2313 1379 2368 αὐτοῦ
1404 2313 1668 2384 ἐγένετο·
1715 2313 1814 2368 καὶ
1842 2333 1955 2383 χω-

360 2405 457 2474 ρὶς
483 2405 669 2460 αὑτοῦ
715 2404 949 2476 ἐγένετο
986 2404 1127 2460 οὐδὲ
1188 2405 1276 2460 ἓν.
1312 2406 1815 2478 Παρεκτεινομένης
1852 2406 1952 2476 τῆς

363 2496 746 2566 ἀναγνώσεως,
791 2496 903 2567 ἔχει
943 2498 983 2561 ί,
1018 2497 1047 2550 ὃ
1101 2497 1354 2567 γέγονεν’
1411 2498 1498 2551 ἵνα
1520 2497 1662 2551 οὕτω
1711 2496 1949 2569 γνωσθῇ,

363 2590 447 2643 ὅτι
478 2589 656 2644 πάντα
687 2591 752 2644 δι’
776 2590 942 2644 αὐτοῦ
966 2590 1202 2660 ἐγένετο,
1234 2590 1329 2644 καὶ
1355 2590 1526 2661 χωρὶς
1549 2590 1714 2644 αὐτοῦ
1737 2592 1953 2659 ἐγένετο

363 2681 486 2736 οὐδὲ
517 2681 575 2736 ἓν
594 2699 610 2715 ·
660 2677 778 2735 εἶτα
808 2682 1007 2735 πάλινό
1049 2684 1151 2736 Ἐν
1175 2682 1337 2748 αὐτῷ
1365 2681 1476 2752 ζωὴ
1510 2678 1610 2753 ἦν.
1652 2669 1800 2736 Ἔδει
1844 2682 1951 2754 γὰρ

365 2771 462 2828 καὶ
504 2774 563 2826 ὲν
599 2771 774 2844 τούτῳ
803 2772 1158 2845 πληρωθῆναι
1206 2774 1306 2845 τὴν
1355 2772 1450 2826 τοῦ
1502 2772 1659 2841 ἁγίου
1702 2772 1949 2825 Ἰωάννου

365 2864 708 2931 ἀκολουθίαν,
737 2867 795 2918 ὲν
816 2864 894 2935 τῷ
927 2866 1040 2918 ὄντι
1080 2864 1148 2918 τὰ
1173 2864 1304 2918 ὄντα
1327 2867 1347 2897 ¹
1403 2862 1951 2935 πεπληρωμένος-ἀεὶ

364 2955 796 3028 ὁμολογούμενα.
859 2959 963 3012 Ἐν
989 2955 1148 3027 ἀρχῇ
1204 2957 1313 3029 γὰρ
1344 2953 1424 3027 ἦν
1473 2960 1506 3010 ό
1539 2957 1747 3026 Λόγος,
1780 2956 1877 3009 καὶ
1917 2959 1950 3009 ό

2058 1761 2140 1816 los
2171 1762 2224 1815 in
2277 1778 2519 1818 errorem
2552 1763 2852 1830 abducunt,
2899 1766 3028 1819 dum
3080 1765 3377 1838 Scriptura:
3428 1777 3646 1823 senten-

2058 1852 2212 1917 tiam,
2238 1869 2346 1907 non
2374 1863 2433 1908 ut
2459 1863 2736 1927 concepta-
2758 1864 2862 1919 est,
2900 1858 3207 1927 proferunt,
3240 1859 3332 1915 sed
3362 1875 3644 1930 perperam

2056 1941 2444 2013 intelligentes,
2496 1946 2643 2015 quod
2696 1946 2956 2016 praeclare
3007 1958 3330 2022 conceptum
3385 1956 3469 2004 est
3504 1949 3645 2003 male

2057 2036 2378 2106 accipiendo
2453 2035 2974 2112 interpretandoque
3054 2041 3371 2112 dcpravant.
3454 2040 3643 2110 Neque

2056 2127 2202 2182 enim
2244 2127 2599 2200 Evangelium
2629 2131 2700 2186 de
2730 2133 2939 2202 Spiritu
2977 2133 3236 2203 loquitur,
3269 2131 3362 2188 sed
3393 2132 3461 2187 de
3488 2147 3644 2186 crea-

2055 2221 2126 2276 tis
2170 2222 2335 2276 rebus
2387 2223 2679 2291 omnibus;
2738 2223 2904 2294 idque
2946 2240 3113 2278 unum
3165 2225 3449 2278 declarat:
3481 2223 3643 2292 quid-
3704 2288 3707 2289 ν

2055 2310 2187 2379 quid
2225 2320 2469 2364 creatum
2517 2321 2621 2378 est,
2659 2328 2755 2382 per
2790 2312 3025 2367 Verbum
3071 2313 3235 2383 779
3272 2322 3327 2367 et
3380 2328 3410 2366 a
3462 2311 3642 2367 Verbo

2054 2401 2227 2457 fuisse
2276 2402 2623 2472 productum.
2681 2406 2874 2459 Omnia
2950 2404 3089 2458 enim
3133 2420 3225 2473 per
3275 2406 3446 2471 ipsum
3498 2403 3642 2473 facta

2053 2500 2199 2556 sunt,
2229 2501 2277 2546 et
2310 2495 2424 2547 sine
2470 2495 2585 2563 ipsa
2614 2494 2816 2562 factum
2856 2505 2933 2550 est
2973 2493 3107 2555 nihil
3140 2494 3181 2547 ⁵.
3225 2492 3323 2549 Ubi
3374 2496 3643 2549 sententia

2054 2581 2121 2634 ad
2156 2583 2269 2636 hinc
2320 2599 2495 2654 usque
2535 2587 2724 2647 verba,
2756 2585 2893 2655 quod
2938 2586 3142 2655 factum
3179 2594 3278 2649 est,
3325 2587 3639 2639 continuari

2053 2674 2244 2736 debet,
2303 2684 2361 2729 ut
2415 2678 2488 2730 ita
2536 2677 2837 2740 discamus,
2890 2681 3073 2733 Omnia
3134 2694 3232 2748 per
3280 2678 3455 2748 ipsum
3523 2693 3644 2733 esse

2053 2766 2216 2831 facta,
2250 2775 2303 2821 et
2340 2770 2458 2821 sine
2513 2770 2632 2838 ipso
2676 2769 2878 2824 factum
2924 2771 3079 2824 nihil.
3136 2770 3339 2825 Deinde
3375 2788 3387 2823 :
3421 2769 3487 2822 In
3529 2770 3643 2839 ipso

2053 2860 2161 2913 rita
2196 2870 2309 2914 erat
2333 2862 2373 2914 ⁵.
2415 2859 2623 2931 Quippe
2659 2862 2714 2916 in
2755 2863 2858 2916 hoc
2905 2863 3167 2917 instituta:
3208 2878 3239 2916 a
3278 2860 3487 2915 Joanne
3514 2877 3647 2916 ora-

2054 2951 2219 3005 tionis
2260 2954 2707 3024 consequentiam
2741 2954 2954 3023 impleri
2975 2955 3240 3024 oportuit,
3269 2962 3334 3012 ut
3365 2954 3421 3008 in
3454 2952 3640 3008 Verbo

365 3048 558 3118 Λόγος
590 3045 671 3119 ἦν
713 3048 865 3118 πρὸς
905 3047 1013 3102 τόν
1043 3048 1214 3110 Θεὸν.
1264 3048 1363 3103 καὶ
1399 3048 1543 3114 Θεὸς
1570 3044 1663 3119 ἦν’
1686 3051 1718 3102 ό
1742 3048 1953 3118 Λόγος.

2060 3042 2205 3112 quod
2237 3051 2342 3107 est,
2369 3058 2490 3113 quae
2516 3052 2644 3099 sunt
2674 3046 2856 3098 omnia
2884 3045 3127 3115 perfecte
3154 3045 3339 3100 inesse
3362 3046 3643 3100 communi

380 3137 597 3209 Ἐπειδὴ
635 3134 735 3207 ἦν,
787 3138 882 3192 καὶ
922 3134 1016 3209 ἦν,
1068 3137 1164 3191 καὶ
1194 3133 1308 3208 ἦν’
1347 3139 1439 3191 καὶ
1481 3137 1550 3190 τὰ
1576 3139 1634 3190 ἐν
1659 3137 1808 3208 αὑτῴ
1841 3137 1953 3206 ζωὴ

366 3223 467 3300 ἦν,
520 3229 619 3283 καὶ
647 3224 728 3301 ἦν
755 3230 822 3284 τὸ
881 3229 1008 3300 φῶς
1040 3230 1107 3284 τὸ
1154 3230 1466 3299 ἀληθινὸν,
1523 3231 1617 3284 καί
1670 3229 1735 3283 τό
1768 3231 1840 3283 ἐν
1876 3228 1957 3296 τῷ

367 3322 577 3391 κόσμῳ
607 3317 708 3392 ἦν,
763 3322 857 3375 καὶ
900 3323 1001 3376 ὅσα
1035 3322 1164 3394 περὶ
1187 3322 1378 3375 τούτου
1418 3318 1508 3394 ἦν,
1550 3323 1615 3375 ἐκ
1641 3321 1957 3393 Πνεύματος

368 3411 528 3481 ἁγίου
567 3411 851 3485 σαφηνίζει
894 3414 923 3466 ό
968 3414 1238 3485 μακάριος
1270 3414 1546 3485 Ἰωάννης,
1598 3411 1661 3465 τὸ
1685 3413 1863 3467 πάντα
1890 3411 1958 3467 δι’

369 3502 534 3558 αὐτοῦ
570 3505 785 3574 ἐγένετο
806 3505 874 3559 τὰ
894 3505 1182 3576 γενόμενα.
1226 3506 1499 3579 Ἀνώτερα
1527 3506 1548 3538 ³
1590 3506 1646 3560 δὲ
1666 3506 1775 3559 τῶν
1806 3522 1959 3575 γενοο

376 3596 556 3667 μένων
608 3595 771 3660 αὐτὸς
798 3598 827 3649 ό
854 3597 924 3650 τὰ
958 3597 1137 3651 πάντα
1188 3600 1440 3669 ποιήσας.
1471 3598 1635 3666 Λέγει
1663 3598 1719 3651 δὲ
1746 3600 1779 3667 ἡ
1815 3598 1960 3668 Γρα-

371 3687 448 3759 cpi]
509 3687 576 3740 δι’
629 3686 793 3742 αὐτοῦ
848 3689 1025 3742 πάντα
1084 3688 1399 3758 γεγονέναι’
1457 3690 1559 3742 οὐκ
1602 3689 1853 3758 ὠνόμασε
1901 3687 1959 3743 δὲ

372 3779 504 3834 ποῖά
525 3781 640 3835 ἐστι
663 3781 732 3834 τὰ
757 3781 1039 3850 γεγονότα.
1093 3782 1346 3835 Ὑπόνοια
1373 3780 1481 3852 γὰρ
1508 3780 1744 3852 οὐδαμοῦ
1763 3776 1831 3852 ἦν
1864 3797 1962 3834 πο-

372 3871 587 3942 νηρίας,
629 3872 717 3925 ἵνα
765 3873 839 3944 μή
890 3890 1036 3937 τινες
1091 3872 1527 3944 ὑπονοήσωσιτὰ
1577 3873 1651 3943 μὴ
1687 3872 1837 3936 ὄντα,
1864 3873 1961 3926 καὶ

376 3962 812 4035 βλασφημήσωσι
870 3965 932 4018 τὸ
973 3965 1240 4037 ἄτρεπτον
1295 3964 1391 4019 καὶ
1416 3963 1770 4018 ἀναλλοίωτον
1807 3964 1962 4034 ἅγιον

373 4054 508 4107 Θεοῦ
550 4053 793 4124 Πνεῦμα.
843 4054 922 4107 Δι’
974 4055 1171 4119 αὐτοὺς
1203 4056 1312 4127 γάρ
1365 4072 1529 4126 φησιν
1569 4056 1597 4108 ό
1623 4054 1846 4126 Κύριος,
1880 4054 1961 4107 ὅτι

387 4145 533 4200 Ἐάν
567 4164 656 4213 τις
683 4147 823 4216 εἴπῃ
843 4148 1031 4218 λόγον
1057 4151 1144 4215 εἰς
1173 4149 1281 4202 τὸν
1321 4148 1458 4203 Υἱὸν
1491 4148 1599 4202 τοῦ
1625 4145 1961 4215 ἀνθρώπου,

374 4235 742 4307 ἀφεθήσεται
772 4236 951 4304 αὐτῷ.
993 4237 1146 4309 Ἐὰν,
1161 4238 1229 4293 δέ
1265 4255 1321 4292 τι
1379 4239 1536 4293 εἴποι
1564 4240 1651 4303 εὶς
1683 4237 1751 4291 τὸ
1794 4237 1965 4307 ἅγιον

375 4328 639 4398 Πνεῦμα,
679 4331 790 4383 οὐκ
830 4329 1196 4400 ἀφεθήσεται
1247 4329 1431 4396 αὐτῷ,
1467 4329 1610 4383 οὐδὲ
1646 4324 1783 4392 ὦδε,
1819 4328 1963 4383 οὺδέ

374 4420 445 4473 ὲν
471 4419 550 4485 τῷ
567 4418 857 4490 μέλλοντι
880 4420 1068 4475 αἰῶνι.
1105 4420 1337 4474 Ἠλίθιον
1366 4420 1475 4492 γάρ
1506 4420 1695 4475 ὲστιτὸ
1729 4422 1837 4475 πᾶν
1864 4419 1960 4474 τοῦ

376 4510 540 4565 αὐτοῦ
574 4511 753 4581 λόγου.
808 4510 968 4565 Κατὰ
1017 4511 1075 4564 δὲ
1103 4511 1201 4582 τὴν
1252 4510 1570 4583 βλάσφημον
1617 4510 1795 4564 αὐτῶν
1830 4511 1964 4564 ὑπό-

377 4619 526 4657 νοιαν
580 4602 874 4671 ἀντιλέξειέ
909 4620 994 4666 τις
1024 4604 1227 4668 αὐτοῖς,
1273 4603 1367 4657 καὶ
1406 4604 1550 4657 εἴποι
1575 4620 1589 4634 ο
1633 4599 1705 4656 Ὦ
1727 4605 1963 4672 γενναῖοι

378 4694 650 4764 σοφισταὶ,
680 4694 772 4747 καὶ
822 4693 931 4746 τῶν
982 4693 1155 4761 λόγων
1187 4692 1557 4764 διαστροφεῖςί
1613 4692 1663 4745 οἱ
1708 4690 1966 4763 βουλόμε-

378 4803 458 4841 νοι
504 4786 601 4839 σὺν
645 4787 758 4847 τοῖς
807 4785 1086 4853 γεγονόσιν
1126 4783 1380 4855 ἀριθμεῖν
1433 4784 1493 4837 τὺ
1532 4784 1687 4854 ἅγιον
1737 4782 1964 4854 Πνεῦμα

375 4877 473 4933 τοῦ
520 4875 678 4942 Θεοῦ,
712 4876 798 4930 διὰ
848 4874 910 4928 τὸ
956 4875 1117 4947 ῥητὸν
1167 4876 1247 4942 τὸ,
1292 4876 1371 4929 Δι’
1413 4876 1599 4931 αὐτοῦ
1641 4874 1716 4929 τὰ
1760 4874 1958 4929 πάντα

376 4965 638 5038 ἐγένετο,
684 4965 793 5019 ἀπὸ
847 4964 941 5018 τοῦ
981 4966 1175 5028 εἰπεῖν,
1204 4967 1286 5018 ὅτι
1334 4963 1549 5029 πάντα,
1577 4964 1827 5037 μηδαμοῦ
1867 4964 1957 5018 ὃν·

377 5073 469 5123 τος
520 5058 617 5111 σὺν
657 5057 822 5110 πᾶσιν
849 5055 1251 5127 ἀριθμουμένου
1300 5053 1395 5108 τοῦ
1431 5054 1585 5124 ἁγίου
1621 5056 1958 5126 Πνεῦματος.

382 5151 527 5221 Ἀρα
567 5148 698 5219 γοῦν
750 5151 845 5203 καὶ
882 5148 1226 5220 διανοηθῆναι
1266 5146 1508 5217 ὀφείλετε
1533 5187 1549 5212 ,
1587 5147 1621 5218 ἢ
1664 5146 1759 5201 καὶ
1805 5147 1963 5211 ἄλλος

377 5263 463 5310 τις
512 5245 711 5319 χείρων
745 5243 899 5316 ὑμῶν
952 5243 1161 5317 ἔτερος,
1212 5241 1426 5297 καὶτὸν
1454 5241 1676 5313 Πατέρα
1718 5239 1809 5294 διὰ
1867 5238 1962 5293 τοῦ

380 5335 511 5391 Υίοῦ
559 5334 861 5406 γεγονέναι,
906 5335 1050 5389 κατὰ
1107 5335 1207 5408 τὴν
1254 5334 1571 5405 βλάσφημον
1620 5332 1773 5405 ὑμῶν
1824 5331 1960 5386 ὑπό-

379 5445 548 5484 νοιαν.
601 5426 767 5501 Ἐμοῦ
824 5428 933 5500 γὰρ
989 5426 1493 5500 συμπεριληπτικός
1539 5429 1686 5481 ἐστιν
1725 5428 1753 5479 ό
1805 5425 1962 5495 λόγος

380 5524 605 5594 φάσκων
644 5524 713 5577 τὰ
741 5523 919 5580 πάντα
949 5522 1015 5576 δι’
1039 5521 1204 5576 αὑτοῦ
1264 5521 1566 5591 γεγονέναι.
1617 5521 1682 5575 Εἰ
1710 5520 1766 5574 δὲ
1802 5520 1964 5591 βλάσ-

452 5698 560 5804 ἶεξ·
589 5700 874 5804 ομέκῖξΐςλ
932 5699 1055 5804 :nF'
1078 5698 1541 5804 τξξτῒέἓῇίὲἰμέὲξῗςτ

379 5760 555 5827 f‘ibid.
589 5760 645 5826 9.

1802 5697 2083 5769 ἀνωτέρω.
2173 5697 2194 5729 ⁸
2224 5695 2381 5753 Joan.
2416 5713 2452 5764 t,
2487 5697 2539 5752 3.

764 5769 897 5829 ibid.
932 5770 1018 5826 10.
1099 5773 1142 5803 ¹⁰
1173 5766 1364 5825 Matth.
1404 5785 1502 5838 xu,
1537 5768 1599 5826 51
1632 5784 1646 5836 ;
1680 5766 1847 5824 Marc.
1892 5766 2095 5835 ιιι,’28.

2061 3135 2409 3191 confessione
2441 3144 2741 3191 constaret.
2795 3135 2863 3190 In
2902 3138 3139 3206 principe
3178 3138 3323 3206 enim
3360 3151 3475 3191 erat
3519 3136 3643 3191 Ver-

2058 3227 2205 3292 bum,
2233 3238 2281 3282 et
2325 3227 2548 3283 Verbum
2576 3238 2692 3283 erat
2721 3228 2861 3298 apud
2889 3229 3080 3294 Deum,
3110 3238 3160 3283 et
3197 3229 3336 3284 Deus
3367 3239 3479 3283 erat
3516 3228 3647 3283 Ver-

2059 3321 2247 3375 bum".
2304 3319 2753 3392 Quandoquidem
2800 3332 2936 3386 erat,
3002 3329 3057 3376 et
3100 3330 3236 3386 erat,
3294 3331 3348 3377 et
3398 3332 3556 3376 erat:
3589 3330 3646 3376 et

2057 3413 2165 3468 vita
2189 3425 2363 3479 erant,
2394 3430 2515 3484 (μια-
2540 3414 2593 3468 in
2624 3414 2745 3484 ipso
2778 3422 2906 3469 sunt
2938 3433 2950 3468 :
2985 3422 3039 3471 et
3071 3427 3187 3469 erat
3215 3415 3307 3469 tua:
3338 3432 3461 3469 vera
3501 3418 3544 3479 ⁸,
3584 3426 3637 3470 ει

2058 3505 2113 3558 in
2159 3504 2356 3560 mundo
2414 3506 2589 3569 erat”,
2633 3521 2697 3559 ac
2728 3521 2849 3575 quae
2883 3506 2950 3560 ad
2986 3506 3089 3561 hoc
3134 3507 3311 3576 ipsum
3342 3508 3646 3563 attinebant

2061 3598 2239 3653 sancti
2307 3596 2546 3666 Spiritus
2596 3596 2776 3651 amatu
2843 3598 3034 3653 beatus
3085 3597 3325 3654 Joannes
3378 3601 3643 3656 declarat.

2061 3686 2279 3750 Omnia,
2314 3688 2513 3757 inquit,
2567 3702 2662 3759 per
2716 3687 2898 3767 ipsum
2949 3687 3093 3742 facta
3147 3696 3295 3752 sunt,
3328 3704 3449 3759 quae
3499 3688 3644 3743 facta

2062 3786 2212 3835 sunt.
2247 3777 2422 3834 Porro
2463 3794 2629 3849 supra
2662 3794 2726 3834 ea
2760 3794 2881 3849 quae
2912 3779 3052 3834 facta
3097 3790 3226 3836 sunt
3258 3782 3348 3836 ille
3376 3782 3647 3837 constitu-

2063 3877 2154 3925 tus
2181 3876 2286 3933 est,
2315 3884 2346 3924 a
2374 3885 2484 3940 quo
2510 3870 2651 3924 facta
2686 3878 2816 3925 sunt
2858 3871 3064 3924 omnia.
3097 3870 3253 3936 Quod
3279 3881 3459 3927 autem
3496 3871 3647 3927 Scri--

2062 3968 2223 4032 ptura
2261 3977 2387 4016 cum
2434 3961 2665 4017 dixisset
2716 3960 2860 4015 faeta
2900 3976 3024 4017 esse
3069 3965 3382 4032 peripsum
3424 3964 3646 4035 omnia;

2063 4068 2312 4123 quaenam
2332 4054 2420 4108 illa
2442 4053 2621 4109 forent
2643 4054 2967 4108 nominatim
2995 4054 3141 4109 haud
3157 4058 3510 4126 expresserit,
3527 4058 3645 4112 haec

2063 4159 2187 4200 esse
2215 4159 2383 4200 causa
2422 4144 2659 4211 videtur,
2692 4146 2835 4216 quod
2868 4145 3018 4200 nulla
3059 4155 3174 4201 tum
3204 4154 3352 4203 esset
3376 4147 3644 4217 ejusmodi

2065 4237 2434 4306 improbitatis
2495 4238 2761 4308 suspicio,
2797 4246 2858 4292 ut
2917 4239 3161 4295 nonnulli
3206 4238 3342 4294 falsa
3397 4240 3644 4309 quaedam

2067 4330 2173 4386 sibi
2207 4330 2468 4400 opinione
2516 4330 2782 4402 ﬁngentes
2837 4332 3098 4387 adversus
3154 4332 3546 4387 immutabilem
3580 4348 3647 4388 ac

2070 4431 2322 4479 sanctum
2358 4423 2453 4478 Dei
2483 4421 2746 4494 Spiritum
2777 4424 3189 4480 contumeliosis
3214 4424 3443 4479 vocibus
3471 4425 3643 4478 aude—

2064 4520 2189 4569 rent
2240 4511 2545 4582 insurgere.
2593 4511 2671 4567 De
2708 4513 2818 4569 illis
2868 4514 3012 4567 enim
3068 4513 3382 4583 accipienda
3427 4521 3512 4571 est
3554 4514 3645 4568 illa

2064 4603 2283 4659 Domini
2315 4602 2619 4663 sententia:
2651 4601 2713 4657 Si
2741 4604 2857 4672 quis
2904 4603 3101 4658 dixerit
3122 4605 3329 4658 verbum
3357 4605 3412 4658 in
3442 4602 3646 4658 Filium

2066 4696 2316 4762 hominis,
2356 4696 2653 4750 remittetur
2681 4697 2804 4764 ipsi.
2836 4695 2932 4751 Sin
2977 4704 3153 4751 autem
3193 4697 3386 4753 dixerit
3429 4700 3482 4753 in
3521 4698 3647 4768 Spi-

2066 4786 2230 4839 ritum
2260 4794 2524 4849 sanctum,
2567 4802 2672 4839 non
2710 4787 3007 4840 remittetur
3044 4788 3169 4857 ipsi,
3220 4805 3383 4857 neque
3411 4791 3514 4857 hic,
3556 4807 3648 4844 ne-

2054 4893 2152 4948 que
2185 4878 2239 4930 in
2269 4876 2451 4944 futuro
2490 4877 2685 4933 swculo
2714 4879 2778 4934 ⁸ο.
2832 4878 2897 4932 Ει
2924 4895 3055 4935 vero
3089 4881 3441 4936 stolidissima
3471 4893 3557 4937 est
3580 4883 3649 4937 ii-

2059 4970 2239 5024 lorum
2293 4970 2454 5024 ratio.
2491 4970 2603 5024 Imo
2646 4986 2779 5025 vero
2815 4987 2882 5026 ex
2914 4972 3016 5026 hac
3068 4972 3311 5042 ipsorum
3363 4974 3644 5045 opinione,

2066 5074 2190 5132 qua:
2221 5075 2345 5115 cum
2395 5076 2611 5117 summa
2664 5062 2720 5115 in
2766 5060 2933 5117 Deum
2973 5064 3304 5118 contumelia
3352 5064 3645 5133 conjuncta

2068 5167 2173 5219 est,
2205 5155 2285 5210 sic
2314 5169 2411 5209 eos
2439 5168 2774 5225 oppugnare,
2806 5164 2861 5209 ct
2916 5154 2981 5209 ad
3011 5170 3133 5209 eum
3171 5153 3390 5208 modum
3439 5154 3649 5211 instare

2070 5248 2197 5303 licet
2223 5265 2237 5301 :
2268 5245 2313 5304 Ο
2339 5247 2586 5317 praeclari
2617 5247 2875 5316 sophistae
2899 5261 2962 5300 ac
2993 5246 3492 5316 detorquendorum
3530 5264 3648 5301 ver-

2068 5339 2262 5393 borum
2294 5338 2553 5403 artillces,
2575 5338 2776 5409 quibus
2803 5347 3093 5408 propterea
3117 5345 3366 5394 sanctum
3400 5338 3490 5393 Dei
3526 5339 3649 5406 Spi-

2069 5433 2236 5485 ritum
2269 5430 2337 5486 iis
2367 5431 2531 5486 rebus
2558 5446 2679 5502 quae
2706 5429 2866 5484 factae
2910 5439 3039 5485 sunt
3092 5431 3441 5485 annumerari
3494 5432 3646 5492 libet.

2070 5522 2212 5592 quod
2248 5521 2321 5575 ita
2356 5522 2617 5592 scriptum
2650 5520 2756 5577 sit:
2784 5519 2890 5575 Per
2917 5520 3089 5589 ipsum
3118 5521 3299 5574 omnia
3326 5521 3473 5591 facta
3503 5534 3646 5576 ειιιιι.

2653 5697 2673 5729 ⁸
2701 5694 2831 5752 ibid.
2874 5697 2926 5751 4.

3025 5699 3044 5729 ⁸
3094 5695 3228 5756 ibid,
3361 5698 3381 5729 "
3422 5697 3555 5753 ibid.
3594 5696 3645 5753 1.
