4138 6396
485 327 584 384 991

1910 338 1966 394 S.
2005 336 2355 392 EPIPHANII

3667 345 3773 400 292

489 455 852 524 Consequens
881 455 1046 526 igitur
1091 467 1174 512 est
1208 467 1266 512 ut
1313 458 1502 512 eadem
1557 472 1656 512 vos
1689 457 1921 518 ratione,
1977 454 2062 508 vel

2180 470 2362 524 φημον
2389 453 2519 524 περὶ
2554 453 2646 506 τοῦ
2691 453 2904 526 Πατρός
2947 454 3257 524 λογίζεσθαι
3290 457 3352 512 τὸ
3373 459 3634 524 τοιοῦτον,
3675 466 3772 514 καὶ

495 547 639 600 alius
671 548 796 616 quis
827 550 982 602 vobis
1009 549 1248 604 deterior
1279 551 1347 603 ita
1381 552 1564 604 anitno
1606 547 1921 618 concipiat:
1965 545 2069 600 Pa-

493 649 632 694 trem
662 639 838 707 ipsum
859 656 954 708 per
973 639 1170 694 Filium
1192 656 1315 696 esse
1349 641 1576 703 laetum,
1597 655 1660 694 ex
1694 640 1862 710 impia
1885 647 2068 694 vestra

489 731 786 785 sententia.
822 731 1132 786 Generatim
1165 733 1365 801 quippe
1395 741 1661 801 concepta
1713 741 1797 786 est
1844 731 2023 784 oratio
2053 747 2069 782 :

490 820 680 873 omnia
729 835 827 890 per
875 822 1054 890 ipsum
1113 838 1238 876 esse
1291 823 1456 875 facta.
1515 821 1724 888 Quodsi
1781 821 1890 876 tale
1933 821 2070 890 quid

413 901 418 908 ’
489 911 562 965 de
601 910 766 966 Patre
812 914 1084 982 suspicari
1139 916 1370 984 impium
1426 930 1492 968 ac
1544 915 1804 968 Stolidum
1840 922 1966 975 est;
2017 913 2072 968 id

491 1003 674 1072 ipsum
697 1017 749 1060 et
772 1006 838 1060 de
865 1007 975 1062 illis
1005 1007 1436 1062 existimandum
1463 1008 1652 1076 estqui
1677 1007 1782 1060 hoc
1806 1007 1870 1060 ad
1905 1004 2074 1075 Spiri-

483 1107 598 1152 tum
635 1107 890 1154 sanctum
931 1099 1298 1166 transferunt,
1332 1099 1426 1170 qui
1463 1115 1586 1152 cum
1617 1097 1779 1152 Patre
1829 1097 2077 1167 Filioque

481 1199 832 1241 numeratur.
867 1185 1006 1241 Nam
1052 1189 1100 1242 si
1135 1203 1318 1243 rerum
1357 1189 1627 1242 factarum
1669 1186 1864 1240 ordine
1891 1187 2074 1240 conti-

487 1289 734 1340 neretur,
768 1296 894 1334 cum
937 1282 1178 1336 increato
1231 1280 1390 1334 Patre
1421 1291 1476 1334 et
1525 1280 1770 1332 increato
1799 1277 1939 1330 Filio
1980 1295 2076 1332 ne-

480 1386 760 1440 quaquam
805 1371 1184 1428 numerandus
1217 1382 1403 1438 esset;
1457 1371 1552 1426 sed
1601 1371 1746 1440 quod
1797 1371 2074 1423 increatus

482 1463 576 1526 sit,
613 1464 822 1518 idcirco
855 1473 1194 1520 numeratur.
1228 1465 1394 1534 780
1419 1465 1674 1520 Christus
1706 1463 1854 1519 enim
1894 1463 2030 1515 dixit
2057 1481 2070 1518 :

481 1553 682 1610 Eimtes
725 1556 989 1623 baptizata
1021 1557 1075 1609 in
1103 1558 1312 1609 nomine
1343 1555 1547 1620 Patris,
1585 1565 1634 1610 et
1663 1553 1816 1619 Filii,
1861 1564 1910 1609 et
1943 1556 2072 1622 Spi-

479 1650 618 1702 ritus
667 1649 840 1702 sancti
881 1649 919 1702 '.
965 1647 1198 1714 Quinam
1247 1663 1408 1717 porro
1457 1657 1677 1702 creatus
1724 1663 1846 1702 esse
1895 1655 2075 1716 potest

482 1741 723 1811 Spiritus
763 1741 874 1804 ille,
910 1741 978 1794 de
1023 1755 1132 1810 quo
1175 1740 1250 1794 ita
1298 1749 1530 1794 testatur
1564 1761 1576 1794 :
1610 1743 1654 1794 A
1693 1739 1856 1793 Patre
1895 1754 2072 1807 proce-

2183 542 2388 614 μωρὸν,
2419 543 2481 594 τὸ
2526 543 2714 613 ὅμοιον
2739 544 2832 596 καὶ¹
2863 545 2957 597 ἐπὶ
2983 549 3096 609 τοῖς
3127 547 3528 619 διανοουμένοις
3559 551 3654 604 ἐπὶ
3677 553 3773 606 τοῦ

2181 635 2336 704 ἁγίου
2367 634 2700 705 Πνεύματος,
2757 636 2852 690 τοῦ
2895 638 2993 690 σὺν
3029 640 3208 712 Πατρὶ
3243 641 3650 714 ἅριθμουμὲνου
3679 647 3775 699 καὶ

2180 724 2314 795 Υἰῷ.
2341 725 2404 777 Et
2439 724 2547 795 γὰρ
2581 722 2648 795 ἦν
2707 725 2815 780 τῶν
2846 729 3170 797 γεγονότων,
3202 731 3304 784 οὐκ
3323 731 3387 785 ἂν
3415 733 3494 803 τῷ
3533 734 3774 808 ἀκτίστῳ

2179 817 2356 887 ΙΙατρὶ
2385 816 2478 870 καὶ
2509 817 2623 887 Υίῷ
2647 817 2888 888 ἁκτίστῳ
2915 821 3318 891 συνηριθμεῖτο.
3361 823 3498 876 Ἀλλ’
3520 825 3602 878 ὅτι
3627 826 3776 880 ἄκτι-

2181 911 2306 962 στόν
2331 911 2500 974 ἐστιν,
2545 911 2982 983 συναριθμεῖται.
3019 912 3154 966 Εῐπε
3188 913 3298 988 γάρ
3325 932 3338 946 ’
3387 917 3774 985 Ἀπελθόντες

2172 1003 2516 1067 βαπτίσατε
2543 1006 2631 1070 είς
2660 1005 2848 1074 ὄνομα
2871 1005 3124 1073 Πατρός,
3155 1007 3254 1060 καί
3285 1008 3442 1074 Υιοῦ,
3468 1009 3569 1062 καὶ
3599 1011 3773 1081 ἁγίου

2177 1097 2546 1164 Πνεύματος.
2583 1096 2714 1160 Πῶς
2743 1097 2798 1149 δὲ
2827 1097 3046 1151 κτιστὸν
3077 1097 3164 1169 εἴη
3199 1098 3262 1152 τὸ
3295 1098 3524 1170 Πνεῦμα
3543 1100 3606 1154 τὸ
3635 1120 3775 1173 μαρ-

2177 1186 2530 1259 τυρούμενον,
2566 1187 2648 1240 ὅτι
2697 1188 2800 1242 Ἐκ
2829 1187 2938 1242 τοῦ
2969 1187 3206 1257 Πατρός
3231 1189 3638 1259 ἐκπορεύεται,
3671 1193 3771 1246 καὶ

2177 1276 2248 1330 ἐκ
2273 1276 2380 1330 τοῦ
2414 1276 2561 1346 ἐμοῦ
2598 1277 2888 1345 λαμϐάνει
2904 1295 2924 1343 ;
2963 1277 3030 1331 δι’
3059 1272 3120 1332 οὗ
3147 1279 3242 1332 καὶ
3263 1281 3298 1350 ή
3323 1279 3507 1334 τελεία
3542 1281 3654 1334 τῶν
3679 1283 3774 1336 ἀν-

2178 1367 2414 1440 θρώπων
2444 1370 2709 1440 σωτηρία,
2763 1370 2857 1423 καὶ
2895 1369 3157 1442 ἕνσαρκος
3214 1373 3517 1444 οἰκονομία,
3560 1375 3639 1438 είς
3665 1376 3773 1427 πᾶ-

2179 1476 2278 1514 σαν
2306 1461 2591 1514 δικαίωσιν
2619 1460 2930 1534 ἐπληρώθη.
2961 1464 3212 1532 Ἕχρισε
3247 1464 3359 1533 ’μὰρ
3385 1465 3573 1520 αὑτὸν
3591 1469 3774 1522 Πνεύ-

2174 1570 2318 1622 ματι
2343 1553 2509 1620 ἁγίῳ,
2541 1554 2706 1624 φησὶν
2729 1556 2762 1624 ὴ
2797 1554 2990 1626 Γραφὴ
3023 1556 3148 1627 περὶ
3175 1555 3268 1609 τοῦ
3307 1559 3532 1629 Κυρίου.
3563 1560 3678 1612 Οὐκ
3705 1562 3772 1614 ἂν

2173 1646 2232 1698 δὲ
2266 1645 2362 1718 τὴν
2398 1645 2664 1716 ἓνσαρκον
2695 1648 3010 1718 οἰκονομίαν
3041 1649 3137 1700 σὺν
3161 1648 3238 1719 τῷ
3267 1649 3385 1720 Θεῷ
3419 1651 3578 1720 Λόγῳ
3634 1653 3774 1721 ἡνω-

2183 1737 2349 1808 μένην
2388 1740 2467 1802 είς
2524 1739 2652 1808 μίαν
2705 1739 2935 1809 θεότητα
2969 1738 3185 1808 ἔχρισεν
3210 1741 3239 1792 ὀ
3271 1741 3462 1812 Πατὴρ
3487 1743 3768 1813 κτίσματι.

480 1833 560 1886 dit
591 1836 634 1896 ³,
671 1843 720 1888 et
765 1837 828 1887 de
875 1849 986 1886 meo
1025 1833 1216 1900 accipit
1256 1832 1314 1884 ‘1'
1361 1848 1457 1902 per
1487 1847 1648 1902 quem
1689 1841 1742 1886 et
1789 1832 2066 1886 hominum

2189 1825 2328 1880 Ἀλλ’
2377 1829 2566 1900 ἐπειδὴ
2602 1829 2700 1898 μία
2735 1829 2880 1882 ἐστὶν
2935 1831 2970 1900 ἡ
3000 1830 3192 1902 Τριὰς,
3249 1831 3378 1900 τρία
3419 1832 3618 1896 τέλεια,
3673 1835 3772 1903 μία

481 1927 722 1998 perfecta
771 1928 922 1982 salus
950 1937 1004 1980 et
1049 1927 1356 1980 incarnatio
1385 1925 1451 1980 ad
1479 1941 1694 1980 onmem
1721 1925 2076 1994 justiﬁcatio—

485 2035 610 2074 nem
656 2029 739 2074 est
780 2019 1038 2090 impleta?
1073 2017 1236 2071 Unxit
1265 2020 1402 2072 enim
1433 2017 1584 2072 illum
1617 2015 1820 2087 Spiritu
1863 2029 2074 2084 sancto,

407 2131 414 2140 ·
485 2114 562 2168 ait
607 2112 890 2184 Scriptura
919 2113 986 2168 de
1017 2113 1302 2168 Domino“.
1347 2111 1636 2180 Nunquam
1665 2119 1845 2165 autem
1876 2111 2074 2164 huma-

488 2219 615 2258 nam
664 2205 810 2260 illam
857 2212 1109 2258 naturam
1144 2203 1197 2256 in
1227 2219 1391 2256 unam
1425 2202 1764 2255 divinitatem
1796 2217 1921 2255 eum
1961 2201 2076 2256 Deo

480 2292 664 2350 Verbo
699 2297 1052 2365 conjunctam
1097 2304 1352 2350 creatura
1399 2295 1584 2364 aliqua
1641 2293 1800 2348 Pater
1837 2294 2072 2364 inunge-

478 2393 581 2440 ret.
626 2385 784 2440 Nunc
809 2402 934 2439 cum
979 2401 1086 2440 una
1133 2385 1206 2440 sit
1238 2383 1503 2449 Trinitas,
1547 2384 1762 2452 triaque
1807 2383 2068 2454 perfecta,

477 2487 534 2532 et
563 2494 669 2532 una
699 2478 982 2542 divinitas,
1016 2478 1424 2547 dispensatione
1450 2475 1684 2546 quadam
1719 2475 1836 2530 ﬁeri
1875 2476 1979 2530 hoc
2013 2477 2070 2530 in

481 2567 622 2622 Filio
657 2569 866 2632 debuit,
909 2577 969 2622 ut
1017 2569 1072 2622 in
1102 2569 1358 2623 omnibus
1399 2569 1558 2622 laude
1603 2583 1668 2622 ac
1713 2569 1886 2639 gloria
1920 2570 2068 2624 cele-

2175 1921 2388 1991 θεότης,
2413 1922 2520 1974 ἔδει
2541 1923 2608 1977 ἐν
2633 1921 2710 1992 τῷ
2747 1922 2862 1993 Υἰῷ
2901 1924 3257 1992 οίκονομικῶς
3287 1923 3444 1977 τοῦτο
3493 1925 3769 1994 γενέσθαι,

2174 2015 2283 2076 ἵνα,
2305 2013 2622 2066 παντάπασι
2640 2013 2996 2084 δοξαζομένη,
3021 2015 3078 2066 ὲν
3099 2016 3306 2068 ἅπασιν
3329 2015 3494 2087 νοηθῇ
3526 2018 3560 2086 ἡ
3577 2015 3768 2088 Τριὰς,

2174 2105 2448 2177 καθάπερ,
2481 2105 2626 2158 κατὰ
2662 2105 2850 2160 πασῶν
2879 2106 2985 2158 τῶν
3011 2107 3276 2176 αἱρέσεων
3298 2108 3426 2177 περὶ
3455 2107 3772 2178 Πνεύματος

2175 2197 2548 2268 διηγούμενοι,
2581 2199 2641 2250 οὐ
2682 2200 2833 2270 μίαν,
2881 2197 2940 2250 οῦ
2971 2197 3064 2250 δύο
3109 2197 3415 2268 μαρτυρίας
3449 2198 3770 2266 εἰσενέγκα-

2182 2307 2298 2362 μεν,
2329 2291 2412 2342 ὅτι
2441 2290 2578 2343 Θεοῦ
2609 2293 2724 2344 ἐστι
2763 2287 2987 2359 Πνεῦμα
3019 2290 3114 2342 σὺν
3153 2290 3328 2362 Πατρὶ
3359 2291 3453 2342 καὶ
3470 2289 3585 2359 Υἱῷ
3611 2289 3770 2355 δοξα-

2179 2382 2430 2453 ζόμενον,
2468 2383 2742 2447 ἄκτιστον,
2785 2383 2882 2436 καὶ
2923 2383 3236 2452 ἄτρεπτον,
3277 2383 3374 2434 καὶ
3396 2381 3620 2436 τέλειον.
3651 2382 3771 2446 Ἐξ-

2177 2475 2341 2527 έπεσε
2374 2473 2431 2526 δὲ
2460 2475 2554 2528 καὶ
2581 2475 2752 2546 όπερὶ
2775 2474 2964 2527 τούτου
2999 2473 3108 2526 τῶν
3134 2472 3580 2542 φιλονεικούντων
3612 2472 3772 2541 λόγος

2176 2567 2205 2621 ό
2225 2565 2346 2620 καθ’
2370 2566 2596 2620 ἑαυτῶν.

479 2665 638 2718 brata
672 2671 1096 2734 cognosceretur
1125 2663 1387 2718 Trinitas.
1431 2663 1900 2730 Quemadmodum
1935 2680 2060 2718 cum
2092 2661 2356 2717 adversus
2389 2661 2625 2716 haireses
2659 2675 2852 2715 omnes
2893 2661 2960 2716 de
2994 2658 3202 2730 Spiritu
3232 2667 3424 2715 sancto
3462 2657 3770 2728 disputare-

479 2774 628 2820 mus,
660 2775 771 2813 non
799 2773 908 2814 uno
935 2765 1030 2812 aut
1063 2759 1235 2814 altero
1266 2759 1580 2814 testimonio
1610 2760 1964 2828 probavimus
2007 2760 2098 2814 Dei
2126 2774 2249 2815 esse
2282 2757 2564 2828 Spiritum,
2591 2759 2686 2826 qui
2717 2773 2842 2810 cum
2869 2756 3030 2811 Patre
3059 2765 3114 2810 et
3141 2756 3179 2808 F
3185 2757 3278 2810 ilio
3313 2754 3653 2808 collaudetur
3678 2757 3768 2810 in-

479 2861 724 2915 creatus,
758 2851 1117 2907 immutabilis
1142 2861 1194 2906 et
1225 2851 1522 2922 perfectus.
1540 2851 1906 2920 Quamobrem
1937 2854 2042 2908 hac
2069 2854 2124 2906 in
2149 2859 2306 2923 parte
2329 2851 2803 2906 contentiosorum
2835 2851 3218 2906 haereticorum
3240 2849 3464 2904 exclusa
3498 2849 3639 2904 ratio
3661 2855 3770 2912 est,

490 2957 610 3012 quae
633 2943 690 2996 in
723 2943 1029 3014 illos,ipsos
1065 2943 1278 3000 recidit.

552 3059 710 3116 LVII.
764 3059 996 3132 Reliqua
1037 3063 1203 3118 modo
1243 3079 1367 3133 quae
1419 3063 1612 3119 alierre
1667 3065 1846 3120 solent
1885 3066 2066 3121 consi-

2243 3063 2370 3118 NZ'.
2405 3061 2574 3116 Πάλιν
2600 3061 2658 3115 δὲ
2683 3063 2764 3125 είς
2791 3061 2892 3124 τὰς
2921 3060 3087 3124 ἄλλας
3126 3059 3306 3114 αὐτῶν
3334 3059 3509 3124 λέξεις
3540 3057 3770 3122 ἑαυτοὺς

479 3151 756 3208 deremus.
795 3151 949 3208 Hauc
985 3155 1130 3208 enim
1162 3164 1428 3226 praeterea
1476 3153 1692 3210 Domini
1735 3157 2066 3212 sententiam

2172 3155 2470 3226 ὲπιδῶμεν.
2515 3155 2654 3208 Φασὶ
2689 3155 2798 3225 γὰρ
2839 3155 3002 3207 πάλιν
3043 3153 3103 3206 τὺ
3157 3153 3320 3224 ῥητὸν
3374 3153 3478 3204 οὐκ
3533 3150 3770 3219 εὐλόγως

481 3245 819 3314 perabsurde
871 3245 1178 3314 proferunt,
1260 3263 1370 3317 qua
1419 3248 1639 3318 quidem
1717 3249 1833 3319 ipse
1882 3249 2064 3304 dixit:

485 3335 628 3402 Quid
669 3351 750 3389 me
796 3335 932 3390 dicis
973 3335 1210 3393 bonum?
1257 3335 1404 3392 Unus
1435 3347 1512 3391 est
1555 3337 1720 3393 bonus
1753 3337 1893 3394 Deus
1921 3339 1962 3394 ⁵.
2006 3337 2068 3394 ln

481 3439 592 3493 quo
633 3425 988 3494 semetipsum
1034 3425 1104 3480 ab
1129 3428 1369 3481 essentia
1413 3425 1596 3482 Patris
1634 3435 1689 3482 et
1725 3443 1958 3498 persona
1988 3443 2072 3484 se-

484 3531 716 3586 parasse
747 3516 984 3570 videtur.
1019 3516 1223 3572 Verum
1255 3521 1552 3575 ridiculum
1585 3521 1689 3576 hoc
1723 3521 1941 3576 illorum
1972 3537 2067 3576 ar-

480 3615 801 3675 gumentum
849 3617 952 3662 est.
1003 3607 1137 3662 Nam
1185 3610 1280 3680 qui
1327 3619 1438 3664 tam
1486 3613 1654 3666 multa
1699 3613 1756 3668 in
1793 3627 1896 3668 nos
1925 3613 2066 3668 bona

480 3697 736 3761 contulit,
767 3697 996 3755 minime
1021 3701 1240 3755 illorum
1272 3703 1530 3771 opinione
1573 3703 1752 3760 bonus
1781 3704 2067 3760 habendus

479 3797 587 3844 est.
643 3788 777 3855 Quis
830 3791 958 3862 tingi
1005 3801 1186 3862 potest
1233 3793 1573 3864 improbior?
1623 3795 2066 3867 quandoquidem

482 3883 577 3952 qui
610 3897 710 3952 pro
753 3883 948 3939 ovibus
992 3886 1108 3940 suis
1141 3887 1380 3942 animam
1421 3889 1703 3958 profudit;
1737 3889 1832 3960 qui
1874 3889 1940 3944 ad
1974 3905 2068 3959 pa-

481 3977 729 4031 tiendum
771 3985 968 4046 sponte
999 3977 1303 4043 descendit,
1332 3996 1456 4035 cum
1509 3983 1770 4037 immunis
1815 3982 1882 4036 ab
1916 3981 2067 4036 omni

484 4070 742 4138 passione
773 4067 916 4124 Deus
959 4079 1127 4134 esset,
1166 4073 1258 4141 qui
1288 4072 1614 4128 delictorum
1649 4073 1810 4130 nobis
1835 4073 2066 4144 gratiam

481 4161 631 4227 fecit,
655 4162 748 4232 qui
779 4163 836 4216 in
863 4163 1010 4217 omni
1041 4161 1341 4219 Israelitico
1363 4167 1563 4236 populo
1589 4167 1944 4236 aegritudines
1979 4179 2066 4219 sa-

479 4251 650 4316 navit,
673 4253 764 4321 qui
801 4267 902 4322 pro
931 4267 1030 4309 sua
1061 4253 1304 4308 bonitate
1335 4263 1443 4308 tam
1471 4255 1746 4310 inﬁnitum
1779 4255 2062 4309 hominum

477 4355 652 4410 genus
683 4343 920 4412 collegit,
965 4345 1060 4414 qui
1093 4345 1356 4400 bonitatis
1384 4343 1799 4401 administrator
1827 4357 1884 4400 et
1911 4347 2064 4415 pacis

2171 3247 2513 3318 κατέχοντες,
2563 3247 2644 3300 ὃτι
2671 3246 2833 3309 αὐτὸς
2884 3245 2985 3314 ἔφη
3044 3245 3320 3316 όΣωτήρ·
3369 3245 3432 3298 Τί
3463 3260 3542 3313 με
3568 3245 3769 3312 λέγεις

2169 3341 2432 3411 ἁγαθόν;
2461 3335 2550 3406 εἷς
2584 3339 2758 3393 ἐστιν
2813 3339 3035 3408 ἀγαθὸς
3065 3341 3098 3392 ό
3135 3339 3310 3403 Θεός-
3355 3339 3450 3390 καὶ
3488 3337 3768 3408 ἀφώρισεν

2171 3432 2362 3485 ἑαυτὸν
2408 3430 2658 3485 ἐντεῦθεν
2716 3429 2824 3484 ἀπὸ
2869 3431 2968 3500 τῆς
2989 3427 3084 3482 τοῦ
3115 3431 3330 3500 Πατρδς
3353 3429 3542 3492 οὐσίας
3582 3445 3642 3481 τε
3673 3429 3766 3482 καὶ

2169 3524 2542 3588 ὑποστάσεως.
2562 3524 2636 3578 Τὸ
2661 3523 2719 3576 δὲ
2747 3524 2854 3576 πᾶν
2888 3523 3002 3575 ἐστι
3029 3521 3334 3592 γελοιῶδες.
3358 3523 3420 3574 Εἰ
3447 3522 3553 3593 γὰρ
3583 3524 3611 3575 ὁ
3641 3538 3766 3574 τοσ-

2169 3615 2309 3670 αῦτα
2354 3617 2487 3686 ἡμῖν
2535 3614 2720 3684 ἀγαθὰ
2753 3615 3069 3686 πεποιηκὼς
3119 3615 3220 3668 οὐκ
3263 3613 3468 3682 ἀγαθὸς
3503 3617 3630 3683 παρ’
3664 3615 3764 3666 αύ-

2169 3711 2280 3772 τοϊς
2305 3708 2570 3779 κρίνεται,
2600 3707 2692 3761 καὶ
2720 3707 2806 3771 τίς
2835 3707 2915 3760 ἔτι
2944 3707 3134 3760 τούτου
3196 3705 3599 3778 μοχθηρότερος
3629 3707 3714 3778 εἴη
3743 3723 3762 3774 ς

2169 3802 2253 3854 ὄτι
2278 3804 2308 3855 ό
2337 3801 2590 3865 δεδωκὼς
2621 3801 2721 3874 τὴν
2743 3801 2924 3872 ψυχὴν
2946 3799 3110 3853 αὑτοῦ
3145 3799 3286 3872 ὑπὲρ
3319 3799 3428 3854 τῶν
3452 3799 3762 3872 προϐάτων,

2169 3895 2199 3947 ό
2229 3897 2296 3964 τῇ
2327 3893 2552 3966 ἑκουσίᾳ
2575 3893 2768 3967 γνώμῃ
2815 3891 2988 3946 ὲλθὼν
3035 3893 3116 3956 είς
3149 3893 3209 3945 τὸ
3235 3893 3450 3958 παθεῖν,
3479 3893 3507 3946 ό
3547 3892 3763 3963 ἀπαθὴς

2169 3985 2302 4048 Θεὸς
2353 3984 2449 4052 ὢν,
2499 3987 2582 4039 ὅτι
2631 3986 2784 4056 ὀτὴν
2833 3985 3040 4056 δωρεὰν
3089 3987 3220 4055 ἡμῖν
3251 3985 3620 4055 ποιησάμενος
3651 3983 3761 4038 τῶν

2170 4073 2606 4148 ἁμαρτημάτων,
2639 4077 2720 4130 ὅτι
2753 4077 2782 4128 ό
2817 4076 2922 4139 τὰς·
2955 4076 3126 4138 ἰάσεις
3163 4074 3484 4138 ἐπιτελέσας
3511 4077 3568 4129 ὲν
3597 4075 3761 4128 παντὶ

2182 4165 2418 4238 Ἰσραὴλ,
2443 4167 2473 4220 ό
2504 4169 2570 4221 ὲκ
2598 4167 2699 4239 τῆς
2731 4167 2898 4221 αὐτοῦ
2927 4167 3268 4239 ἁγαθότητος
3303 4167 3556 4220 τοσοῦτον
3605 4167 3761 4236 γένος

2169 4256 2278 4312 τῶν
2326 4259 2629 4331 ἀνθρώπων
2677 4259 3136 4334 περισυναγαγὼν
3176 4263 3236 4314 ὲν
3256 4261 3574 4332 ἁγαθότητι,
3609 4263 3638 4314 ὁ
3660 4262 3762 4333 τῆς

2170 4349 2506 4422 ἀγαθότητος
2537 4351 2804 4423 πρύτανις
2859 4353 2955 4405 καὶ
2985 4353 3085 4422 τῆς
3135 4353 3360 4423 εἰρήνης
3391 4353 3687 4420 δεσπόζων,
3729 4355 3762 4408 ό

481 4434 744 4488 Dominus
777 4443 881 4500 est,
921 4436 1145 4500 bonum,
1183 4438 1432 4507 inquam,
1477 4437 1612 4492 illud
1647 4435 1884 4493 Verbum
1915 4438 2062 4507 quod

2171 4442 2282 4496 ἄνω
2313 4445 2378 4496 ὲκ
2401 4443 2616 4515 Πατρὺς
2645 4443 2849 4514 ἀγαθὸς
2871 4446 3064 4513 Λόγος,
3092 4447 3155 4498 ὲκ
3181 4445 3276 4497 τοῦ
3305 4443 3511 4513 ἀγαθοῦ
3545 4445 3760 4517 Πατρός

477 4527 547 4582 ab
592 4537 798 4582 aeterno
840 4527 985 4581 bono
1031 4545 1099 4582 ex
1153 4528 1314 4583 Patre
1352 4531 1599 4600 genitum
1645 4538 1775 4585 est:
1811 4529 1919 4596 Qui
1965 4529 2061 4583 dat

477 4630 654 4667 escam
688 4617 832 4669 omni
871 4615 1020 4670 carni
1047 4618 1090 4680 ⁸,
1144 4619 1240 4687 qui
1285 4619 1342 4672 in
1385 4621 1702 4677 hominibus
1737 4623 2062 4693 exterisque

479 4721 510 4758 a
576 4720 634 4759 se
701 4708 985 4774 productis
1029 4710 1310 4764 omnibus
1389 4711 1688 4766 bonitatem
1761 4713 2057 4783 impertiit,

478 4795 660 4851 bonus
689 4797 760 4851 ab
805 4797 920 4852 illis
963 4814 1076 4854 non
1103 4799 1406 4869 iudicatur.
1455 4801 1580 4856 Haec
1625 4805 1772 4857 enim
1807 4805 2059 4874 ignorant

480 4887 592 4950 isti.
639 4891 732 4960 qui
788 4891 936 4946 ultro
987 4893 1094 4948 sibi
1146 4893 1480 4948 oblivionem
1531 4897 1832 4961 asciscant,
1888 4897 2053 4952 Chri~

479 4993 626 5037 stum
675 4983 969 5038 Dominum
1027 4985 1076 5039 ei
1127 4986 1220 5054 qui
1272 4985 1339 5040 de
1379 4999 1438 5040 se
1472 4997 1822 5056 percontatus
1855 4987 2053 5058 fuerat,

472 5090 802 5144 responsum
866 5075 1000 5130 illud
1063 5077 1212 5145 quod
1267 5086 1430 5132 antea
1497 5083 2056 5139 commemoravimus

473 5166 714 5233 dedisse,
767 5175 826 5220 ut
863 5168 986 5238 ejus
1033 5168 1238 5224 fastum
1293 5171 1779 5244 arrogantiamque
1828 5189 2052 5246 compe-

473 5268 672 5312 sceret.
723 5257 861 5314 Nam
915 5275 1047 5316 cum
1090 5261 1179 5317 hic
1217 5277 1250 5317 e
1295 5263 1602 5318 scribarum
1646 5281 1878 5322 numero
1935 5269 2054 5338 glo-

469 5350 749 5416 riaretur,
805 5353 965 5423 781
1023 5355 1168 5423 quod
1227 5365 1497 5424 prmcepta
1539 5357 1671 5424 legis
1711 5359 1892 5412 omnia
1951 5375 2045 5413 ac-

469 5443 822 5499 curatissime
852 5453 1166 5514 servasset;
1209 5461 1379 5517 seque
1402 5446 1634 5516 justitim
1681 5464 1746 5502 ac
1780 5449 2046 5506 bonitatis

543 5679 556 5709 ¹
588 5679 774 5754 Matth.
805 5700 994 5750 xxvtn,
1027 5685 1113 5740 19.
1192 5687 1210 5718 ²
1234 5687 1392 5742 Joan.
1424 5703 1511 5754 xv,
1537 5690 1628 5747 25.

469 5763 668 5811 (μιν,

1733 5695 1750 5727 ¹
1787 5693 1945 5753 Joan.
1981 5699 2210 5770 “1,14,
2251 5703 2328 5760 l3.
2431 5705 2448 5738 "
2499 5708 2616 5764 Act.
2659 5727 2710 5775 Χ,
2738 5709 2824 5764 58.

2166 4535 2584 4605 γεγεννημένος,
2603 4537 2656 4588 Ὁ
2686 4535 2892 4602 διδοὺς
2911 4537 3145 4607 τροφὴν
3158 4536 3326 4604 πάσῃ
3349 4537 3590 4604 σαρκὶ,ό
3609 4539 3694 4589 ὲνε
3703 4553 3761 4608 ρ-

2165 4623 2340 4694 τήσας
2373 4625 2470 4677 ἀνθ
2481 4624 2681 4696 ρώποις
2709 4626 2804 4678 καὶ¹
2831 4628 2963 4679 πᾶσι
2981 4629 3094 4689 τοίς
3119 4625 3210 4678 ὑπ’
3232 4625 3395 4678 αὑτοῦ
3425 4643 3654 4698 γεγεννη
3665 4627 3757 4698 μέ-

2163 4731 2274 4778 νοις
2305 4718 2472 4770 πᾶσιν
2501 4715 2831 4788 ἀγαθότητα,
2857 4719 2958 4770 οὐκ
2982 4717 3188 4786 ἀγαθὸς
3223 4719 3353 4789 παρ’
3371 4719 3554 4782 αὐτοῖς
3578 4719 3759 4789 κρίνε-

2161 4821 2271 4860 ται.
2303 4807 2412 4860 Καὶ
2435 4808 2534 4860 οὐκ
2565 4810 2744 4862 ἴσασιν
2775 4811 2824 4862 οἱ
2847 4809 3016 4882 λήθην
3049 4811 3264 4874 ἑαυτοῖς
3287 4809 3754 4883 περιποιούμενοι,

2159 4900 2242 4952 ὅτι
2266 4901 2402 4972 πρὸς
2418 4901 2508 4954 τὸν
2527 4903 2884 4974 ἐρωτήσαντα
2905 4902 3285 4974 ἁνθυπήνεγκε
3307 4903 3396 4956 τὸν
3413 4903 3590 4971 λόγον,
3610 4904 3756 4967 ὅπως

2160 4993 2360 5065 καθέλῃ
2381 4993 2481 5064 τῆς
2499 4997 2556 5048 ἐν
2572 4995 2722 5065 αὐτῷ
2746 4996 3034 5066 ὲπάρσεως
3055 4995 3115 5048 τὸ
3135 4995 3421 5068 φρύαγμα.
3437 4995 3632 5066 Αὐχῶν
3647 4997 3755 5068 γὰρ

2158 5081 2224 5156 ἦν
2249 5087 2354 5140 ἀπὸ
2376 5089 2749 5160 γραμματέων
2763 5089 3103 5160 ὁρμώμενος,
3117 5089 3192 5154 ὼς
3209 5089 3276 5142 τὰ
3293 5089 3638 5159 δικαιώματα
3657 5089 3752 5140 τοῦ

2169 5176 2330 5247 θόμου
2355 5179 2600 5250 ἀκριϐῶς
2622 5179 2884 5250 φυλάξας,
2913 5181 3256 5253 δικαιοσύνην
3279 5197 3339 5234 τε
3367 5183 3460 5234 καὶ
3483 5181 3754 5251 ἁγαθότη-

2161 5285 2230 5321 τα
2255 5285 2322 5322 πε
2330 5271 2383 5342 ρὶ
2407 5271 2601 5324 ἑαυτοῦ
2633 5274 3050 5344 σεμνυνόμενος,
3075 5274 3168 5326 καὶ
3200 5273 3354 5341 ἔλεγε
3370 5287 3384 5302 ο
3412 5271 3753 5325 Διδάσκαλε

2165 5361 2372 5431 ἀγαθὲ,
2422 5367 2480 5416 τί
2509 5364 2771 5432 ποιήσας
2799 5363 2951 5434 ζωὴν
2981 5367 3222 5420 αίώνιον
3268 5363 3747 5433 κληρονομήσω;

2161 5453 2270 5506 Καὶ
2328 5453 2516 5526 ἐπειδὴ
2573 5451 2687 5527 εἶχε
2744 5458 2873 5528 περὶ
2912 5457 3110 5510 ἑαυτοῦ
3139 5457 3216 5520 ὼς
3249 5457 3378 5529 περὶ
3414 5453 3748 5525 τηλικαύτης

2929 5711 2947 5743 ⁵
2977 5708 3165 5764 Mattu.
3203 5726 3314 5772 xm,
3355 5710 3442 5764 =l6.
3553 5709 3746 5769 'Psal.
