4138 6396
308 638 327 678 δ

382 362 490 420 295

1050 357 1424 414 ADVERSUS
1462 357 1810 414 HERESES
1847 357 1974 413 LIB.
2016 357 2078 412 ll.
2122 358 2286 413 ΤΟΜ.
2322 360 2384 414 ll.
2426 390 2490 400 -—-
2535 357 2810 414 HERES.
2849 358 3036 415 LXIX.

3569 355 3676 411 29.5

379 473 750 545 δικαιοσύνης,
768 475 799 527 ὁ
827 473 1056 545 Κύριος,
1081 473 1405 545 βουλόμενος
1418 473 1538 546 Θεῷ
1558 474 1852 546 ἀναφέρειν
1879 474 1982 544 τὴν

2095 476 2309 530 nomine
2339 473 2664 536 venditaret,
2713 481 2878 543 atque
2904 469 2979 526 ita
3003 471 3222 524 locutus
3245 474 3391 524 esset
3421 485 3435 522 :
3469 450 3680 522 Proice-4

381 568 566 622 πᾶσαν
593 564 933 636 ἀγαθότητα,
958 564 1042 619 ὅτι
1072 565 1248 629 οὐδεὶς
1273 564 1479 632 ἀγαθὸς
1506 564 1645 637 πλὴν
1681 565 1870 631 αὑτοῦ,
1890 566 1978 618 ἵνα

386 659 578 731 μηδεὶς
611 657 796 729 σάρκα
824 657 1014 729 φορῶν
1036 656 1208 728 τῦφόν
1229 674 1352 711 τινα
1378 656 1558 728 ἐαυτῷ
1582 658 1976 727 ἐπισπάσηται,

384 749 580 803 τούτου
611 748 800 802 ἕνεκεν
822 746 1013 816 ἐλεγεο
1041 748 1104 802 Τί
1125 764 1205 818 με
1242 748 1442 819 λέγεις
1465 748 1729 818 (iratior;
1766 748 1979 814 Οὐδεὶς

382 837 609 910 ἀγαθὸς
633 840 685 892 ει
708 836 795 907 μὴ
816 830 908 904 εἷς
939 838 973 891 ό
1004 837 1150 904 Θεός
1169 855 1184 869 σ
1211 837 1300 891 ἵνα
1328 840 1357 891 ὁ
1392 836 1639 900 τοιοῦτος
1661 836 1758 890 καὶ
1787 834 1981 889 τοσοῦ-

382 946 476 993 τος
521 927 616 982 τὸν
647 926 897 981 τοιοῦτον
942 926 1100 996 λόγον
1143 925 1317 980 εἰπὼν
1339 966 1355 992 ,
1403 925 1609 997 καθέλῃ
1652 924 1754 996 τὴν
1800 927 1861 979 ὲν
1902 923 1982 996 τῷ

384 1021 592 1075 εἰπόντι
623 1018 892 1089 φυσίωσιν
922 1019 1053 1090 περὶ
1080 1017 1429 1090 δικαιοσύνης
1449 1017 1549 1089 τὴν
1569 1017 1749 1088 οἴησιν
1776 1032 1980 1087 κεκτη-

387 1112 581 1184 μένου·
624 1111 719 1164 καὶ
765 1110 855 1164 ἵνα
897 1107 1095 1183 ἐλέγξῃ
1142 1108 1306 1162 αὑτοῦ
1340 1108 1439 1179 τὴν
1490 1106 1744 1178 καρδίαν,
1778 1104 1981 1174 ἀγαθὸν

389 1203 486 1273 μὲν
504 1200 825 1255 διδάσκαλον
852 1201 1086 1273 χείλεσιν
1111 1200 1273 1253 αὐτὸν
1291 1200 1538 1270 λέγοντα,
1571 1200 1647 1272 μὴ
1674 1199 1981 1271 ἐμμένοντα

384 1292 443 1347 δὲ
464 1294 525 1346 ὲν
551 1294 617 1364 τῇ
646 1291 827 1363 ἀγαθῇ
862 1290 1026 1345 αὑτοῦ
1056 1291 1394 1363 διδασκαλίᾳ.
1418 1291 1625 1344 Καὶότι
1649 1291 1747 1361 μὲν
1778 1288 1983 1359 ἀγαθὸς

385 1385 683 1455 τυγχάνει,
752 1383 916 1446 αὐτὸς
964 1382 1208 1437 διδάσκει
1268 1383 1443 1452 λέγων
1480 1399 1494 1413 ·
1554 1381 1766 1437 Πολλὰ
1823 1381 1985 1436 καλὰ

387 1479 648 1545 ἐποίησα
684 1477 757 1530 ἐν
796 1476 970 1545 ὑμῖν
1012 1475 1147 1545 περὶ
1187 1475 1367 1530 ποίου
1409 1470 1525 1530 οὖν
1561 1473 1762 1529 αὐτῶν
1793 1473 1984 1543 ἔργων

387 1569 649 1631 λιθάζετέ
665 1586 744 1639 με
759 1584 779 1633 ;
814 1568 936 1621 Τίνι
965 1566 1076 1639 γὰρ
1104 1565 1264 1621 τοῦτο
1292 1568 1393 1622 οὐκ
1420 1565 1537 1619 ἐστι
1567 1566 1735 1636 σαφὲς
1771 1565 1867 1618 καὶ
1884 1582 1985 1634 φα-

388 1661 742 1736 νερώτατον;
817 1659 1052 1732 μάλιστα
1103 1658 1316 1712 πολλῶν
1369 1657 1593 1727 ἀγαθῶν
1649 1657 1759 1710 τῶν
1814 1655 1983 1710 αὐτοῦ

389 1753 704 1825 κτισμάτων
736 1752 906 1807 ὄντων
947 1752 1045 1805 καὶ
1089 1750 1463 1822 καλουμένων,
1490 1749 1566 1813 ῶς
1606 1765 1771 1820 φησιν
1796 1750 1830 1819 ἡ
1861 1747 1984 1800 θεία

2081 576 2204 637 pler
2237 568 2385 633 bone,
2427 566 2553 638 quid
2576 565 2820 636 faciendo
2863 565 3025 618 vitam
3053 572 3306 617 wternam
3332 558 3604 631 possidebo
3624 559 3681 614 ‘?

2086 662 2247 724 Cum,
2279 661 2522 730 inquam,
2551 660 2626 712 ita
2671 657 2739 713 de
2790 672 2847 712 se
2897 669 3220 727 persuasum
3250 654 3477 710 haberet
3512 660 3681 707 tantae

2088 767 2148 807 se
2174 752 2401 820 jus-tiliae
2435 764 2695 806 numeros
2723 763 2915 803 omnes
2958 747 3269 818 explevisse
3298 764 3313 801 :
3343 746 3467 802 ideo
3491 744 3681 801 Domi-

2086 859 2193 899 nus
2216 844 2515 897 bonitatem
2557 856 2774 896 omnem
2808 840 2875 895 ad
2906 839 3146 904 Patrem,
3179 848 3439 908 tanquam
3476 838 3544 893 ad
3584 852 3685 891 au-

2087 942 2294 988 ctorem
2338 930 2543 985 referre
2580 931 2829 1000 cupiens,
2878 929 3025 999 quod
3071 942 3232 983 nemo
3266 936 3466 999 praeter
3499 928 3683 998 ipsum

2088 1025 2268 1081 bonus
2314 1024 2404 1092 sit,
2435 1039 2505 1077 ne
2540 1024 2665 1093 quis
2689 1038 2856 1077 carne
2894 1021 3177 1091 praeditus,
3207 1020 3467 1091 superbia
3520 1004 3681 1074 arro-

2090 1119 2388 1189 gantiaque
2419 1132 2479 1171 se
2515 1116 2746 1170 nimium
2787 1114 3026 1176 eﬂerret,
3062 1112 3383 1183 respondit:
3416 1111 3559 1180 Quid
3587 1126 3677 1164 me

2089 1210 2225 1264 dicis
2262 1209 2498 1264 bonum?
2534 1206 2704 1262 Nemo
2741 1207 2906 1261 bonus
2943 1214 3020 1259 est
3057 1206 3162 1259 nisi
3189 1204 3335 1259 solus
3366 1204 3508 1260 Deus
3531 1206 3553 1237 ¹
3581 1222 3594 1258 :
3623 1209 3685 1260 ut

2091 1314 2216 1354 cum
2250 1306 2438 1354 tantus
2470 1314 2535 1353 ac
2567 1300 2694 1354 talis
2742 1298 2847 1351 hoc
2889 1296 3054 1352 modo
3089 1299 3404 1368 loqueretur
3445 1297 3684 1352 interro-

2090 1392 2272 1463 gantis
2305 1391 2450 1445 illius
2479 1391 2571 1460 qui
2613 1390 2843 1460 justitise
2875 1390 3132 1459 opinione
3170 1399 3291 1444 erat
3332 1387 3556 1445 inﬂatus
3604 1388 3686 1443 fa-

2092 1493 2235 1538 stum
2284 1498 2348 1537 ac
2395 1483 2623 1552 spiritus
2670 1483 2966 1553 frangeret.
2996 1481 3135 1536 Tum
3191 1491 3248 1533 nt
3294 1482 3517 1536 intimos
3565 1481 3686 1551 ejus

2092 1576 2334 1645 pectoris
2378 1590 2575 1631 sensus
2608 1574 2987 1644 redargueret,
3025 1590 3091 1629 eo
3113 1572 3259 1643 quod
3304 1589 3428 1628 cnm
3481 1574 3685 1628 bonum

2093 1668 2273 1737 ipsum
2317 1667 2549 1723 snnnnis
2582 1667 2847 1721 duntaxat
2905 1668 3066 1722 labiis
3116 1669 3411 1731 fateretur,
3461 1667 3687 1721 minime

2092 1767 2276 1815 tamen
2306 1759 2447 1813 bona
2488 1760 2543 1813 in
2572 1760 2719 1814 illius
2747 1759 2994 1814 doctrina
3036 1760 3434 1830 acquiesceret.
3457 1757 3689 1813 Verum-

389 1844 749 1918 Γραφή.ἰδοὺ
789 1843 898 1916 γάρ
956 1842 1084 1913 περὶ
1124 1841 1337 1895 πολλῶν
1367 1840 1589 1910 ἀγαθῶν
1628 1841 1899 1912 διηγεῖται
1927 1839 1989 1893 τὸ

2095 1846 2374 1902 enimvero
2404 1847 2607 1901 bonum
2643 1863 2703 1903 se
2743 1864 2865 1904 esse
2905 1856 3137 1904 testatur
3163 1850 3397 1920 ipsemet
3443 1849 3528 1905 his
3558 1864 3686 1904 ver-

390 1938 531 1993 θεῖον
558 1938 815 2010 γράμμα.
843 1932 965 1991 Ἦν
994 1935 1238 2005 ἀγαθὸς,
1258 1935 1414 2006 φησὶ,
1446 1934 1666 1998 Σαοὺλ,
1690 1933 1820 2000 υἱὸς
1848 1932 1981 1999 Κὶς,

389 2034 458 2087 ἐκ
496 2031 701 2102 φυλῆς
732 2030 1044 2099 Βενιαμίν·
1076 2029 1458 2097 ὑψηλότερος
1490 2026 1560 2081 δὲ
1614 2026 1841 2092 παντὸς
1878 2025 1986 2080 τοῦ

391 2124 570 2191 λαοῦ,
607 2123 765 2193 ὑπὲρ
808 2122 997 2192 thyla?
1038 2121 1140 2175 καὶ
1180 2119 1411 2174 ἐπάνω·
1461 2119 1578 2183 καὶ,
1611 2114 1734 2173 Ἦν
1765 2117 1988 2188 ἀγαθὸς

391 2216 677 2287 Σαμουὴλ
689 2216 843 2285 μετὰ
858 2213 966 2267 τοῦ
981 2212 1131 2267 Θεοῦ
1154 2212 1254 2267 καὶ
1277 2209 1624 2280 ἀνθρώπων·
1645 2212 1760 2276 καὶ,
1776 2208 1984 2279 Ἄταθὴ

391 2307 622 2378 ἐσχάτη
676 2306 865 2376 λόγου
904 2302 1060 2373 ὑπὲρ
1099 2302 1217 2372 τὴν
1261 2302 1493 2373 ἀρχήνο
1538 2301 1655 2368 καὶ,
1708 2301 1989 2365 Ἀνοιξόν

393 2418 507 2455 σου
552 2400 661 2453 τὸν
703 2396 1016 2466 θησαυρὸν
1056 2398 1166 2450 τὸν
1201 2395 1465 2467 ἀγαθὸν,
1523 2396 1632 2449 τὸν
1675 2392 1983 2463 οὐράνιον.

391 2492 610 2546 Τούτων
644 2492 701 2546 δὲ
734 2490 1055 2562 κτισμάτων
1088 2490 1283 2553 ὄντων,
1313 2490 1409 2543 καὶ
1450 2488 1675 2559 ἀγαθῶν
1713 2488 1983 2560 δηλουμέ-

392 2600 519 2649 νων,
553 2583 619 2635 δι’
645 2582 812 2636 αὐτοῦ
836 2599 896 2634 τε
923 2580 1018 2634 καὶ
1057 2581 1147 2633 ὑπ’
1182 2579 1347 2634 αὐτοῦ
1378 2580 1705 2649 γεγονότων,
1735 2577 1854 2642 πῶς
1885 2579 1989 2631 οὐκ

392 2674 780 2746 ἀναμφιϐόλως
819 2676 970 2730 ἐστὶν
1004 2675 1212 2745 ἀγαθὸν
1246 2671 1389 2729 εἶναι
1415 2673 1703 2745 ὁμολογεῖν
1740 2672 1833 2726 τὸν
1858 2671 1987 2727 τού-

391 2783 486 2819 του
513 2768 907 2840 γενεσιάρχην;
954 2768 1094 2823 Ἀλλ’
1124 2769 1214 2823 ἵνα
1241 2768 1316 2839 μὴ
1344 2766 1574 2839 μηκύνω
1596 2766 1690 2821 τὸν
1713 2766 1842 2838 περὶ
1862 2765 1990 2819 τού-

392 2876 488 2912 του
515 2860 672 2929 λόγον
696 2860 891 2932 (πάντη
926 2860 1036 2933 γὰρ
1062 2861 1151 2915 διὰ
1174 2861 1410 2923 πλάτους
1433 2860 1563 2932 περὶ
1607 2858 1801 2913 τούτου
1840 2859 1991 2930 εἰρή-

401 2951 634 3021 καμεν).
663 2948 820 3015 αὖθις
846 2951 1008 3005 πάλιν
1042 2953 1124 3015 εἰς
1152 2950 1254 3014 τὰς
1276 2948 1404 3021 ἑξῆς
1433 2948 1863 3022 παρελεύσομαι,
1890 2946 1991 3021 τὴν

393 3044 645 3097 ἐπίλυσιν
675 3044 918 3115 ἑκάστης
948 3042 1149 3109 λέξεως
1184 3040 1525 3116 ποιούμενος.

2089 1938 2176 1994 bis
2209 1958 2222 1994 :
2254 1938 2430 1994 Multa
2464 1940 2602 1994 bona
2638 1941 2740 2009 feci
2783 1942 2838 1994 in
2881 1941 3060 2006 vobis;
3090 1952 3303 2011 propter
3341 1941 3481 2012 quod
3524 1943 3691 2012 igitur

2089 2044 2156 2083 ea:
2178 2030 2287 2085 illis
2319 2031 2561 2100 operibus
2594 2032 2849 2101 lapidatis
2876 2033 3028 2086 me'?
3049 2032 3185 2099 Quis
3213 2039 3299 2088 est
3328 2033 3496 2089 hebes
3526 2033 3687 2096 adeo,

2090 2123 2182 2178 cui
2207 2139 2314 2178 non
2349 2124 2484 2178 illud
2513 2127 2804 2195 perspicue
2833 2125 3238 2197 manifesteque
3262 2126 3515 2182 constet?
3549 2142 3689 2197 pra:-

2091 2215 2280 2270 sertim
2310 2231 2434 2270 cum
2460 2225 2771 2270 creatarum
2813 2215 3001 2270 abillo
3038 2231 3223 2271 rerum
3263 2217 3689 2288 quamplurima:

2091 2314 2147 2361 et
2179 2310 2291 2362 sint
2315 2314 2370 2361 et
2396 2308 2739 2377 appellentur
2767 2306 2946 2364 home.
2981 2315 3043 2360 ut
3083 2295 3151 2362 ex
3183 2303 3483 2376 Scripturae
3533 2306 3690 2362 testi-

2091 2400 2278 2454 monio
2306 2398 2603 2470 colligitur.
2636 2398 2768 2465 Quae
2805 2399 3029 2469 quidem
3071 2399 3343 2452 bonorum
3386 2398 3685 2453 multorum

2091 2488 2424 2544 mentionem
2487 2488 2638 2543 facit.
2700 2487 2778 2543 Ita
2812 2507 2825 2543 :
2860 2488 3060 2554 Bonus,
3126 2489 3333 2558 inquit,
3387 2498 3503 2542 erat
3554 2488 3690 2543 Saul

2091 2581 2239 2650 ﬁlius
2284 2579 2377 2636 Cis
2421 2578 2486 2634 de
2520 2582 2661 2635 tribu
2706 2581 3041 2651 Bcnjamim;
3087 2581 3367 2635 sublimior
3406 2584 3548 2634 omni
3590 2597 3689 2650 po-

2090 2671 2218 2742 pulo
2280 2669 2346 2723 ab
2387 2671 2622 2727 humeris
2661 2685 2710 2728 et
2754 2675 2974 2740 ultra‘;
3022 2677 3196 2728 item:
3231 2674 3412 2727 Bonus
3469 2672 3691 2728 Samuel

2092 2780 2212 2817 cum
2248 2763 2353 2818 Deo
2382 2774 2432 2818 et
2479 2765 2779 2819 hominibus
2802 2766 2860 2831 5;
2900 2772 3013 2820 tum
3041 2784 3053 2819 :
3090 2764 3286 2820 Melior
3314 2776 3392 2820 est
3424 2767 3691 2820 orationis

2091 2850 2216 2919 ﬁnis
2247 2865 2407 2919 quam
2434 2851 2825 2918 principium“;
2860 2851 2987 2905 item
3017 2869 3030 2906 :
3056 2850 3215 2920 Aperi
3262 2852 3567 2906 thesaurum
3598 2851 3693 2906 bo-

2093 2955 2219 2992 num
2261 2948 2406 2992 tuum
2452 2940 2711 2995 caelestem
2751 2940 2794 2994 ".
2829 2938 2963 3007 Quae
3020 2956 3146 2996 cum
3197 2944 3382 3010 omnia
3426 2951 3694 2998 creatura:

2090 3030 2339 3102 quendam
2393 3032 2527 3096 sint,
2581 3045 2646 3086 ac
2688 3032 2845 3087 bonae
2877 3046 2998 3087 esse
3050 3032 3330 3100 dicantur,
3369 3048 3466 3103 per
3509 3034 3689 3104 ipsum

2092 3125 2284 3196 utique
2315 3134 2372 3180 et
2406 3125 2476 3178 ab
2509 3125 2631 3195 ipso
2673 3124 2974 3196 productae,
3010 3139 3195 3180 nonne
3238 3135 3517 3181 auctorem
3564 3127 3692 3182 illo-

402 3242 525 3282 rum
555 3241 620 3282 ac
648 3225 989 3282 conditorem
1015 3223 1223 3280 bonum
1251 3237 1374 3279 esse
1404 3221 1653 3278 conﬁteri
1682 3221 1802 3278 sine
1829 3221 1942 3276 ulla
1972 3218 2322 3275 dubitatione
2343 3219 2506 3274 licet?
2531 3218 2733 3273 Verum
2760 3234 2829 3274 ne
2854 3218 3073 3289 longius
3100 3233 3264 3290 quam
3301 3234 3401 3289 par
3434 3219 3506 3275 sit
3538 3220 3592 3274 in
3626 3235 3693 3275 ea

402 3320 774 3390 disputatione
794 3328 1045 3374 versetur
1072 3318 1248 3372 oratio
1265 3315 1505 3386 (abunde
1531 3316 1678 3372 enim
1703 3314 1773 3371 de
1797 3328 1863 3370 eo
1891 3313 2013 3370 loco
2041 3312 2248 3368 dictum
2272 3313 2552 3384 arbitror),
2584 3313 2793 3380 reliqua
2821 3312 3129 3378 videamus,
3158 3321 3213 3368 et
3238 3314 3453 3384 singula
3481 3314 3550 3368 ab
3581 3313 3692 3369 illis

398 3413 618 3484 objecta
650 3412 949 3468 diluamus.

470 3524 604 3578 NH'.
622 3523 976 3595 Ἐπιφέρουσι
993 3522 1052 3577 δὲ
1080 3521 1244 3577 πάλιν
1266 3521 1393 3576 τινὰ
1424 3522 1564 3594 ρητά
1594 3522 1646 3576 οἱ
1674 3520 1989 3594 οιιάντολμοι¹

2177 3520 2359 3577 LVIII.
2398 3518 2639 3592 Pergunt
2675 3521 2823 3577 enim
2865 3519 3223 3576 audacissimi
3276 3518 3528 3574 homines
3574 3516 3693 3573 cui-

402 3615 810 3686 ἐλαττωμάτων
834 3616 1093 3679 ὑπονοίας
1112 3615 1547 3686 ὑποσπείροντες
1572 3615 1652 3678 είς
1688 3613 1781 3669 τὸν
1806 3614 1989 3677 αὐτοὺς

2106 3615 2235 3671 dam
2265 3614 2565 3687 Scriptura:
2598 3615 2886 3670 sententiae
2914 3614 3197 3681 insistere,
3228 3628 3294 3668 ex
3321 3628 3429 3685 qua
3456 3609 3692 3669 Redem-

402 3707 775 3779 ἀγοράσαντα,
819 3708 978 3779 εἴπερ
1001 3706 1409 3778 ἠγοράσθησαν.
1455 3705 1543 3759 Ἑν
1577 3705 1688 3776 γὰρ
1713 3705 1795 3776 τῷ
1823 3720 1989 3777 προσ-

2098 3710 2243 3780 ptori
2269 3725 2391 3772 suo,
2426 3709 2472 3765 si
2498 3715 2683 3763 tamen
2713 3707 2783 3763 ab
2810 3722 2877 3763 eo
2912 3708 3180 3779 redempti
3204 3716 3353 3772 sunt,
3382 3707 3573 3763 falsam
3597 3709 3695 3763 im-

403 3798 578 3853 εὶθεῖν
625 3799 729 3871 τὴν
773 3799 986 3871 μητέρα
1015 3798 1125 3852 τῶν
1170 3798 1304 3851 υἱῶν
1349 3795 1660 3863 Ζεϐεδαίου,
1692 3798 1787 3851 καὶ
1822 3813 1989 3870 παρα-

2100 3797 2424 3858 minutionis
2448 3816 2514 3856 ac
2533 3800 2782 3857 delectus
2803 3800 3113 3870 opinionem
3134 3808 3449 3871 aspergunt.
3479 3799 3695 3855 Etenim

401 3891 631 3947 καλέσαι
656 3891 748 3944 τὸν
768 3891 862 3945 ἕνα
902 3890 1129 3946 καθίσαι
1162 3891 1278 3944 υἱὸν
1309 3891 1375 3944 ὲκ
1395 3888 1610 3955 δεξιῶν,
1651 3889 1747 3943 καὶ
1777 3888 1869 3942 τὸν
1897 3888 1989 3943 ἕνα

2099 3908 2225 3948 cum
2254 3892 2324 3947 ad
2353 3891 2632 3947 Christum
2668 3890 2917 3946 Zebedtei
2947 3890 3180 3946 ﬁliorum
3218 3901 3392 3946 mater
3422 3892 3692 3947 accessis-

403 3983 465 4050 ἐξ
500 3981 818 4053 εὐωνύμων,
849 3982 981 4035 ὅταν
1013 3980 1144 4054 ἔλθῃ
1177 3982 1236 4035 ἐν
1263 3983 1332 4052 τῇ
1366 3979 1617 4052 βασιλείᾳ
1661 3977 1851 4043 αὐτοῦ,
1888 3978 1989 4049 ἔφη

2098 3994 2202 4048 set,
2250 3996 2456 4056 rogans
2488 3993 2547 4039 ut
2595 3984 2831 4039 alterum
2873 3983 2941 4038 ad
2986 3983 3293 4048 dexteram,
3342 3984 3573 4039 alterum
3623 3984 3693 4039 ad

402 4076 544 4148 πρὸς
587 4073 816 4140 αὐτούς·
858 4076 981 4130 οὐκ
1033 4073 1235 4129 οῖδατε
1282 4075 1342 4127 tl
1390 4072 1674 4127 αἰτεῖσθε.
1724 4072 1989 4127 Δύνασθε

2097 4076 2379 4133 sinistram
2406 4074 2597 4131 sedere
2627 4083 2742 4130 tum
2763 4075 2980 4145 juberet
3010 4091 3136 4131 cum
3177 4074 3246 4129 ad
3279 4092 3505 4146 regnum
3529 4092 3690 4132 suum

403 4168 566 4223 πιεῖν
595 4168 665 4221 τὸ
692 4165 982 4236 ποτήριον
1019 4165 1051 4219 ὃ
1080 4163 1289 4235 μέλλω
1321 4165 1559 4228 πίνειν;
1597 4165 1662 4217 οι
1695 4162 1765 4216 δὲ
1782 4158 1958 4217 εἷπον
1979 4179 1996 4195 ⁸

2101 4168 2465 4240 pervenisset,
2508 4167 2584 4222 ita
2621 4168 2730 4223 illis
2761 4168 3083 4238 respondit:
3120 4166 3357 4224 Nescitis
3385 4169 3513 4239 quid
3541 4180 3694 4239 peta-

402 4261 541 4323 Ναὶ,
573 4257 899 4329 δυνάμεθα.
923 4253 1076 4312 Εἷπε
1099 4256 1169 4310 δὲ
1200 4255 1407 4322 αὐτοῖς
1426 4273 1440 4286 ·
1479 4254 1549 4309 Τὸ
1571 4255 1689 4325 μὲν
1710 4253 1989 4324 ποτήριόν

2106 4260 2197 4314 tis.
2227 4258 2460 4313 Potestis
2493 4257 2666 4313 bibere
2692 4258 2914 4312 calicem
2947 4275 3096 4329 quem
3130 4258 3394 4314 bibiturus
3424 4264 3585 4316 sum?
3619 4262 3693 4315 At

405 4447 748 4516 εὐωνύμων,
771 4446 884 4501 οὐκ
912 4444 1085 4499 ἔστιν
1106 4442 1253 4513 ἐμὸν
1276 4442 1510 4508 δοῦναι,
1534 4440 1672 4496 ἀλλ’
1719 4435 1810 4507 οἷς
1831 4440 1996 4508 ἡτοι-

407 4553 631 4609 μασται
655 4538 817 4606 παρὰ
852 4536 960 4591 τοῦ
995 4534 1229 4604 Πατρός
1258 4551 1399 4603 μου.
1466 4533 1652 4605 Ὁρᾷς,
1686 4533 1844 4604 φησὶ,
1878 4529 1998 4594 πῶς

409 4632 508 4684 οὐκ
530 4629 645 4701 ἔχει
665 4628 917 4694 ἐξουσίαν
947 4627 1124 4699 παρὲξ
1147 4624 1244 4680 τοῦ
1272 4624 1511 4697 Πατρδς,
1538 4622 1632 4678 τοῦ
1665 4622 1882 4694 ἔχοντος
1895 4622 1997 4694 τὴν

409 4720 658 4785 ἐξουσίαν
686 4720 951 4793 παρέχειν
979 4718 1008 4772 δ
1045 4717 1334 4789 βούλεται;
1382 4718 1496 4771 Καὶ
1546 4716 1630 4781 τίς
1680 4714 1855 4780 οὕτως
1886 4714 1998 4770 τῶν

410 4811 817 4885 εὐφρονούντων
831 4813 1108 4885 νοήσειεν;
1142 4812 1191 4865 εί
1220 4808 1332 4882 γὰρ
1351 4810 1382 4862 ὁ
1406 4808 1536 4873 Υἱὸς
1562 4809 1663 4862 οὐκ
1694 4808 1807 4879 ἔχει
1842 4806 1997 4873 ἐξου-

412 4907 559 4970 σίαν,
590 4908 691 4961 καὶ
720 4906 807 4970 τίς
838 4905 954 4978 ἔχει
992 4904 1275 4972 ὲξουσίανς
1315 4903 1379 4956 '0
1414 4902 1525 4974 γὰρ
1556 4902 1790 4971 Πατὴρ,
1826 4901 1997 4974 φησὶ,

413 4998 690 5070 (morare?
709 4997 853 5065 τοὺς
876 4996 1159 5067 νεκροὺς,
1195 4995 1297 5050 καὶ
1321 4994 1513 5059 οὕτως
1551 4992 1736 5047 ἔδωκε
1777 4993 1875 5047 καί
1920 4990 2002 5057 τῷ

418 5092 551 5159 ne,
582 5093 685 5147 ἵνα
717 5090 793 5145 ὃν
823 5091 984 5146 θέλει
1025 5086 1287 5159 (moror-ﬁ
1307 5102 1323 5118 °
1348 5086 1466 5154 καὶ,
1516 5085 1593 5141 Τὰ
1623 5085 1733 5140 τοῦ
1769 5088 2003 5154 Πατρός

398 5186 525 5271 ςέμά
553 5185 683 5239 ἐστι
705 5201 718 5215 ⁸
743 5184 856 5250 καὶ,
898 5181 1106 5238 Πάντα
1139 5179 1440 5250 παρεδόθη
1469 5176 1588 5234 ὑπὸ
1624 5177 1732 5231 τοῦ
1771 5177 2003 5245 Πατρός

414 5300 546 5351 μου.
567 5280 665 5344 Τίς
693 5275 788 5334 οὖν
815 5277 1278 5349 ἔτιάμφιόάλλοις
1306 5275 1481 5330 Τοῦτο
1501 5275 1558 5329 δὲ
1583 5275 1830 5346 βούλεται
1860 5291 2002 5346 παρ-

415 5375 571 5445 ιστᾷν
609 5375 639 5426 ὁ
684 5372 828 5436 θεῖος
874 5369 1040 5425 αὑτοῦ
1075 5369 1171 5424 καὶ
1212 5367 1376 5438 σοφὸς
1423 5367 1601 5436 λόγος,
1635 5368 1718 5421 ὅτι
1763 5368 1824 5421 οὐ
1861 5366 2003 5421 κατὰ

416 5464 879 5537 προσώποληψίαν
916 5462 1126 5531 γίνεται
1174 5462 1432 5534 πρᾶγμα,
1462 5459 1599 5514 ἀλλὰ
1631 5458 1772 5513 κατά
1818 5459 1998 5524 ἀξίαν.

487 5710 503 5737 ¹
551 5707 736 5761 Mallh.
766 5722 881 5763 ιιι.
908 5703 963 5760 6.
1038 5706 1060 5736 ³
1092 5703 1226 5758 ibid.
1252 5702 1339 5757 17.
1417 5700 1437 5733 ³
1469 5699 1703 5762 Joao.x,
1727 5700 1815 5755 3‘2.
1894 5699 1956 5752 "l

496 5821 508 5826 -
539 5782 589 5826 ii.
667 5781 688 5809 ⁸
722 5777 909 5826 Μιιιιὶι.
954 5791 1046 5826 xx.
1070 5773 1177 5826 22:
1219 5773 1387 5826 Marc.
1426 5788 1481 5826 x.
1512 5773 1581 5826 58
1615 5788 1737 5826 Sim.
1816 5775 1835 5803 ³
1866 5768 1989 5825 Just.

2095 5715 2129 5767 ς.
2172 5715 2246 5757 ιιι,
2276 5698 2332 5752 εἶ.
2409 5699 2430 5728 ⁸
2475 5698 2627 5767 lReg

2095 5787 2125 5826 π.
2151 5770 2242 5824 ει.
2325 5769 2366 5801 ιθ
2407 5768 2565 5824 Joan.
2602 5784 2627 5823 ι

2014 5810 2026 5823 .
2080 5809 2125 5839 ν,
2154 5809 2242 5824 -..

414 5792 510 5845 xx,
539 5782 589 5833 ii.
667 5781 688 5809 ⁸
720 5777 909 5832 Μιιιιὶι.
954 5791 1046 5841 ιι,
1070 5773 1177 5842 22ς
1219 5773 1387 5829 Marc.
1426 5788 1481 5841 χ,
1512 5773 1581 5828 58
1615 5788 1737 5845 sqq.

393 4340 521 4424 ’μου
567 4325 813 4416 πίεσθε,
856 4350 925 4405 τὸ
963 4350 1033 4405 δὲ
1075 4350 1320 4404 καθίσαι
1347 4349 1418 4403 ἐκ
1437 4346 1654 4414 δεξιῶν
1678 4365 1821 4419 μου,
1857 4347 1898 4416 ἢ
1926 4346 1989 4412 ἐξ

2102 4348 2186 4404 illi
2214 4348 2466 4403 dixerunt
2500 4346 2859 4403 :Possumus.
2891 4325 3041 4402 Dixit
3065 4358 3241 4403 autem
3276 4349 3429 4404 illis:
3457 4348 3693 4404 Calicem

2102 4440 2314 4512 quidem
2346 4457 2518 4495 meum
2572 4440 2778 4505 bibetis,
2818 4439 2998 4495 sedere
3029 4440 3192 4511 782
3225 4449 3400 4495 autem
3440 4442 3509 4495 ad
3563 4442 3695 4496 dea:-

2106 4541 2246 4585 tram
2276 4549 2466 4595 meam,
2489 4532 2568 4585 vel
2587 4529 2657 4585 ad
2677 4532 2974 4594 sinistram,
3008 4548 3111 4585 non
3139 4540 3218 4585 est
3240 4544 3410 4585 meum
3433 4532 3582 4597 dare,
3601 4531 3694 4586 sed

2103 4624 2293 4697 quibus
2315 4633 2566 4694 paratum
2596 4632 2675 4677 est
2704 4641 2737 4676 a
2776 4622 2939 4677 Patre
2987 4639 3101 4677 meo
3125 4623 3168 4678 '.
3208 4621 3369 4679 Vides
3396 4623 3582 4693 igitur,
3610 4625 3695 4679 in-

2104 4718 2324 4788 quiunt,
2361 4718 2509 4772 omni
2535 4717 2687 4770 illum
2726 4724 2996 4787 potestate
3029 4731 3219 4771 carere
3238 4716 3356 4771 sine
3383 4715 3564 4782 Patre,
3599 4734 3693 4788 pe-

2105 4827 2205 4867 nes
2238 4826 2399 4881 quem
2430 4819 2515 4866 est
2548 4810 2636 4865 cui
2679 4812 2808 4867 velit
2838 4810 3117 4866 deferendi
3145 4810 3399 4866 facultas.
3441 4810 3577 4878 Quis
3607 4812 3694 4867 sui

2107 4922 2336 4977 compos
2359 4922 2423 4959 ac
2452 4908 2696 4976 prudens
2728 4908 2843 4964 haec
2869 4909 2937 4963 de
2962 4908 3188 4963 Christo
3211 4909 3456 4979 cogitare
3484 4909 3699 4979 possit?

2110 4996 2244 5051 Nam
2294 4997 2339 5052 si
2401 4997 2570 5054 Filius
2611 5006 2878 5069 potestate
2924 5006 3095 5066 caret,
3137 5000 3263 5070 quis
3317 5015 3437 5055 eam
3478 5001 3696 5057 tandem

2109 5090 2412 5146 obtinebit?
2445 5091 2610 5145 Pater
2640 5093 2800 5156 enim,
2844 5093 3046 5163 inquit,
3087 5093 3315 5162 viviﬁeal
3346 5102 3602 5159 mortuos,
3646 5102 3697 5149 et

2108 5183 2189 5237 ita
2223 5181 2366 5235 dedit
2399 5189 2449 5233 et
2476 5179 2643 5245 Filio,
2685 5191 2746 5235 ut
2777 5198 2927 5252 quem
2969 5183 3081 5236 vult
3110 5183 3404 5253 viuiﬁcet’;
3435 5194 3487 5238 et
3524 5204 3537 5238 :
3566 5185 3698 5252 Quae

2110 5272 2298 5328 Patris
2341 5283 2486 5333 sunt,
2519 5288 2637 5326 mea
2687 5285 2810 5326 sunt
2830 5274 2915 5336 ²⁹;
2958 5280 3056 5327 et:
3086 5272 3281 5327 Omnia
3324 5274 3532 5329 tradita
3575 5284 3699 5328 sunt

2109 5366 2240 5420 mihi
2287 5383 2319 5418 a
2366 5363 2530 5418 Patre
2566 5365 2768 5419 meo“.
2801 5363 2938 5431 Quis
2966 5364 3034 5420 de
3072 5378 3139 5419 eo
3177 5365 3427 5420 dubitare
3464 5367 3699 5435 amplius

2107 5458 2324 5529 potest?
2349 5456 2719 5524 Quamobrem
2768 5456 2873 5513 hoc
2912 5458 3131 5514 divinus
3158 5459 3334 5530 ipsius
3375 5473 3439 5514 ac
3479 5460 3699 5530 sapiens

2636 5737 2647 5748 .
2684 5714 2746 5761 ιι,
2786 5696 2876 5753 96.
2953 5697 2974 5733 ⁸
3019 5698 3201 5754 Eeclc.
3232 5714 3305 5752 vt.
3338 5699 3393 5755 9.
3474 5700 3493 5730 ’
3534 5697 3695 5756 Num.

2325 5769 2366 5801 ιθ
2407 5768 2565 5824 Joan.
2602 5784 2715 5836 sva,
2747 5768 2834 5824 15.
2916 5769 2955 5801 ¹¹
2990 5768 3179 5825 Matth.
3210 5787 3285 5834 χι,
3319 5770 3410 5825 9.7.
