4138 6396
441 270 551 327 295

1813 268 1873 325 S.
1914 267 2257 325 EPIPHANII

3604 268 3712 328 296

439 403 620 446 sermo
647 386 1031 444 demonsuare
1064 386 1258 451 voluit,
1291 389 1441 444 nulla
1481 404 1839 460 personarum
1864 406 2025 473 acce-

2147 392 2333 465 ἰυρίου
2364 393 2462 462 μὲν
2487 393 2595 465 γάρ
2628 394 2745 447 ἑστι
2769 393 2830 446 τὸ
2853 390 3145 463 παρέχειν·
3165 389 3394 461 παρέχει
3413 385 3471 445 δὲ
3495 387 3713 460 ἑκάστῳ

441 484 645 552 ptioue,
670 480 764 536 sed
790 496 856 536 ex
879 480 1150 552 cujusque
1171 482 1365 538 merito
1388 497 1503 537 rem
1537 497 1755 539 omnem
1773 484 2024 556 transigi.

443 571 659 627 Domini
689 571 835 629 enim
879 580 970 628 est
1012 570 1299 653 cpnl'erre;
1346 573 1561 629 confert
1600 581 1783 631 autem
1814 575 2032 632 unicui-

440 680 550 736 que
606 680 705 735 pro
758 664 1021 736 dignitate
1077 666 1419 721 meritorum.
1449 664 1841 736 Unusquisque
1882 666 2028 722 enim

440 755 536 827 qui
571 754 718 826 quod
752 755 962 825 justum
991 764 1078 811 est
1119 757 1398 825 praestitit,
1432 772 1532 826 pro
1578 757 1784 814 laboris
1827 757 1914 814 sui
1950 772 2035 813 ra-

442 850 593 902 tione
637 846 943 902 mercedetn
985 848 1221 918 accipit;
1271 864 1371 902 nec
1402 849 1559 903 alteri
1604 850 1842 905 tribuere
1885 850 2031 915 licet,

445 948 810 1010 praeterquam
855 940 905 995 ei
946 942 1039 1011 qui
1093 957 1153 996 se
1204 941 1427 1011 dignum
1486 941 1806 999 reddiderit.
1846 941 2031 999 Dicam

443 1033 592 1088 enim
637 1033 939 1087 audacter:
974 1031 1050 1087 Ne
1096 1032 1270 1103 ipsius
1318 1032 1540 1104 quidem
1586 1049 1729 1099 esse,
1787 1035 1891 1091 nisi
1931 1034 2036 1088 hoc

446 1120 630 1186 modo,
658 1120 810 1185 dare,
851 1135 1165 1191 quanquam
1197 1123 1300 1177 hoc
1329 1122 1384 1176 in
1424 1122 1543 1191 ejus
1576 1129 1841 1192 potestate
1866 1122 2032 1177 situm

446 1218 555 1274 est,
588 1210 685 1266 sed
718 1211 863 1279 quod
895 1227 1242 1282 nequaquam
1281 1211 1336 1266 id
1367 1212 1516 1267 velit.
1559 1210 1673 1268 imo
1712 1227 1815 1268 nec
1855 1211 2034 1283 Spiri-

446 1309 538 1357 tus
565 1317 689 1358 esse
724 1304 923 1368 sancti,
953 1304 1208 1374 quamvis
1237 1312 1291 1359 et
1320 1304 1437 1373 ipse
1466 1304 1711 1360 tribuere
1741 1306 1940 1375 possit,
1973 1313 2033 1359 ut

450 1407 517 1447 ex
561 1392 666 1447 hoc
706 1392 1002 1463 Scriptura:
1039 1395 1159 1449 loco
1199 1394 1551 1450 manifestum
1583 1403 1708 1451 est:
1749 1395 1885 1449 Iluic
1916 1396 2037 1465 qui-

451 1483 571 1539 dem
608 1484 769 1540 datur
797 1487 1055 1554 sapientia
1090 1502 1181 1555 per
1215 1485 1473 1554 Spiritum
1498 1503 1518 1551 ;
1549 1487 1669 1540 Ituic
1702 1503 1819 1540 vero
1848 1502 2039 1557 genera

454 1577 753 1645 linguarum
785 1579 838 1629 in
872 1577 1051 1630 eodem
1076 1577 1315 1643 Spiritu;
1348 1578 1506 1631 alteri
1544 1578 1909 1646 interpretatio
1932 1577 2039 1631 lin-

2127 482 2247 538 κατ’
2279 481 2457 548 ἀξίαν.
2490 482 2761 546 Ἕκαστος
2807 483 2901 547 δὲ,
2938 482 3314 553 ἐργασάμενος
3358 481 3419 533 τὸ
3460 480 3669 535 δίκαιον
3689 518 3708 546 ,

2128 573 2393 646 λαμϐάνει
2414 573 2556 628 κατὰ
2577 574 2669 628 τὸν
2694 574 2825 628 ἴδιον
2848 574 3015 627 κόπον
3032 586 3047 601 ·
3078 572 3172 627 καὶ
3183 572 3366 625 οὐκέτι
3396 570 3546 642 αὐτῷ
3566 571 3712 643 μόνῳ

2129 668 2249 722 ἐστὶ
2265 667 2327 721 τὸ
2352 667 2556 732 δοῦναι,
2574 666 2710 721 ἀλλά
2735 666 2812 738 τῷ
2836 666 3030 720 ἑαυτὸν
3048 666 3196 732 ἄξιον
3219 665 3562 737 ποποιηκότι.
3581 663 3712 718 Τολ-

2135 757 2222 827 μῶ
2243 758 2351 829 γὰρ
2376 757 2574 826 λέγειν,
2591 757 2675 811 ὅτι
2700 755 2825 811 οὔτε
2847 756 3010 811 αὐτοῦ
3034 758 3169 821 ἐστι,
3187 756 3390 826 καίπερ
3412 756 3708 826 δυναμένου

2131 848 2336 912 δοῦναι,
2372 848 2446 918 μὴ
2472 846 2793 917 βουλομένου
2822 844 2878 899 δέ
2899 862 2914 877 '
2940 843 3063 898 οὔτε
3083 844 3177 897 τοῦ
3215 844 3371 912 ἁγίου
3398 843 3713 914 Πνεῦματος

2133 938 2334 1008 καίπερ
2361 936 2661 1006 δυναμένου
2689 935 2782 988 τοῦ
2814 935 2971 1003 ἁγίου
3002 934 3319 1004 Πνεῦματος
3347 933 3529 985 δοῦναι
3570 932 3713 987 κατὰ

2132 1030 2194 1082 τὸ
2227 1028 2550 1101 εἰρημένον,
2577 1030 2657 1082 ὅτι
2708 1022 2780 1098 ᾭ
2810 1028 2927 1097 μὲν
2972 1026 3198 1080 δίδοται
3238 1026 3425 1094 σοφία
3468 1024 3563 1077 διὰ
3607 1023 3713 1077 τοῦ

2136 1122 2501 1191 Πνεύματος,
2546 1118 2627 1185 τῷ
2674 1119 2743 1173 δὲ
2775 1120 2918 1189 γένη
2957 1117 3257 1188 γλωσσῶν
3308 1119 3378 1171 ἐν
3425 1117 3505 1182 τῷ
3555 1114 3714 1181 αὐτῷ

2135 1214 2453 1284 Πνεύματι,
2481 1210 2560 1277 τῷ
2579 1210 2646 1264 δὲ
2668 1210 2949 1279 ἑρμηνεία
2975 1207 3291 1280 γλωσσῶν,
3331 1208 3411 1274 τῷ
3438 1208 3507 1262 δὲ
3531 1208 3715 1262 δύνα-

2131 1322 2234 1374 μις
2258 1343 2272 1368 ν
2320 1302 2401 1365 τῷ
2432 1302 2502 1355 δὲ
2546 1300 2926 1355 διδασκαλία.
2965 1302 3074 1354 Ἓν
3104 1298 3171 1352 δέ
3198 1299 3329 1352 ἐστι
3372 1298 3437 1350 τὸ
3475 1297 3717 1365 Πνεῦμα

2137 1398 2205 1453 τὸ
2242 1396 2511 1465 διαιροῦν
2554 1394 2787 1458 ἑκάστῳ
2817 1395 2898 1460 ὼς
2930 1394 3239 1458 βούλεται.
3267 1392 3377 1447 Καὶ
3422 1392 3522 1445 οὐκ
3568 1387 3714 1454 εἷπε,

2138 1487 2321 1551 καθὼς
2350 1488 2773 1558 προστάσσεται,
2810 1484 2966 1548 ἀλλὰ,
3002 1483 3185 1548 καθὼς
3224 1484 3493 1554 βούλεται.
3537 1483 3645 1537 Καὶ
3685 1485 3718 1536 ό

2148 1580 2280 1645 Υἱὲς
2300 1578 2373 1632 ὃν
2400 1578 2559 1634 θέλει
2593 1575 2879 1646 ζωογονεῖ,
2914 1576 3011 1629 καὶ
3043 1580 3075 1629 ό
3098 1576 3299 1644 Πατὴρ
3339 1574 3514 1629 καλεῖ
3531 1574 3603 1627 ὃν
3626 1574 3721 1628 θέ-

448 1683 713 1738 gnarum;
746 1667 865 1721 huic
893 1670 1081 1733 virtus,
1112 1670 1234 1722 huic
1265 1668 1533 1721 doctrina.
1580 1668 1726 1723 Unus
1760 1678 1837 1723 est
1863 1681 2039 1722 autem

2147 1676 2233 1727 λει
2262 1669 2412 1739 πρὸς
2434 1670 2540 1723 τὸν
2583 1669 2720 1721 Υίόν
2741 1686 2754 1699 ο
2786 1669 2880 1722 καὶ
2914 1668 3095 1722 πάλιν
3122 1667 3259 1722 Οὔτε
3295 1670 3324 1721 ὁ
3356 1667 3540 1739 Πατὴρ
3571 1666 3661 1720 καὶ
3691 1668 3721 1720 ὁ

451 1757 705 1826 Spiritus,
730 1759 819 1824 qui
849 1759 1033 1813 dividit
1060 1760 1338 1829 unicuique
1356 1768 1513 1829 prout
1537 1759 1646 1812 vult
1674 1761 1714 1813 ¹.
1736 1758 1854 1813 Non
1878 1759 2037 1823 dixit,

2147 1763 2291 1826 Υίδς,
2309 1762 2433 1815 οὔτε
2463 1761 2615 1830 ἅγιον
2638 1759 2863 1831 Πνεῦμα
2888 1761 3029 1814 κατά
3071 1759 3528 1831 προσωποληψίαν
3544 1758 3717 1823 καλεῖ,

452 1854 616 1917 prout
648 1846 895 1915 jubetur,
928 1852 1023 1903 sed
1067 1858 1336 1918 quatenus
1378 1850 1513 1903 vult.
1552 1848 1636 1902 Ad
1678 1849 1813 1914 haec,
1862 1847 2038 1905 Filius

2147 1852 2439 1925 ἣδίδωσιν,
2469 1852 2502 1922 ἦ
2540 1852 2787 1922 παρέχει,
2818 1851 2851 1921 ἢ
2896 1849 3050 1915 ἀξίαν
3081 1850 3324 1903 δίδωσινο
3363 1849 3498 1903 ἀλλὰ
3539 1848 3720 1912 καθὼς

452 1954 602 2007 quem
638 1937 744 1991 vult
776 1939 1002 2008 viviﬁcat
1027 1941 1067 2003 ²,
1091 1950 1141 1993 et
1175 1941 1339 1995 Pater
1365 1952 1514 1997 vocat
1541 1959 1688 2012 quem
1715 1943 1823 1997 vult
1852 1944 1920 1996 ad
1943 1939 2041 1998 Fi-

2147 1943 2337 1998 ἐαυτὸν
2353 1944 2500 2008 ἄξιον
2517 1944 2743 2006 ἕκαστος
2762 1943 3089 2013 εὐτρεπίζειο
3110 1943 3403 2006 τουτέστιν,
3418 1944 3539 1995 Οὐκ
3550 1941 3720 1995 ἐστιν

454 2030 584 2082 lium
604 2030 644 2082 ³.
672 2028 938 2085 Praeterea
970 2048 1144 2102 neque
1164 2031 1342 2097 Pater,
1375 2042 1468 2087 aut
1491 2031 1686 2097 Filius,
1716 2051 1891 2105 neque
1915 2033 2038 2104 Spi-

2147 2035 2289 2105 ἐμὸν
2311 2033 2522 2087 δοῦναι
2543 2048 2556 2061 ⁸
2591 2033 2727 2087 ἀλλὰ
2760 2034 2854 2086 ἐὰν
2877 2034 3110 2104 κάμητε,
3136 2034 3288 2085 ἔσται
3328 2034 3453 2102 ὑμῖν
3487 2034 3719 2102 ἡτοιμα-

452 2130 594 2177 rttus
629 2131 855 2178 sanctus
891 2140 1249 2194 personarum
1286 2126 1340 2180 in
1377 2128 1623 2182 vocando
1667 2128 1936 2191 dandove,
1972 2144 2037 2182 ac

2147 2124 2340 2195 σμένον
2366 2125 2516 2196 παρά
2546 2124 2637 2177 τοῦ
2671 2124 2884 2195 Πατρός
2910 2141 3029 2195 μου.
3062 2123 3133 2176 Τὸ
3163 2123 3220 2177 δὲ
3244 2122 3466 2186 τέλειον,
3493 2122 3577 2175 ὅτι
3606 2120 3722 2191 ἐγὼ

453 2213 755 2283 largiendo,
776 2216 855 2269 vel
878 2216 1147 2286 cujusque
1170 2219 1379 2273 meritis
1414 2220 1836 2289 compensandis
1867 2221 2035 2273 ratio-

2147 2220 2256 2288 εἰμι
2281 2217 2319 2285 ἡ
2360 2214 2492 2284 ζωή.
2526 2217 2635 2270 Καὶ
2666 2215 2747 2269 ἔτι
2788 2215 3167 2288 ὑπερὸήσομαι
3199 2217 3277 2278 είς
3296 2217 3363 2268 τὰ
3393 2214 3572 2287 ἕτερα.

459 2321 583 2360 nem
621 2308 809 2376 habet;
844 2312 937 2365 sed
967 2310 1067 2365 hoc
1100 2312 1321 2366 omnino
1339 2322 1636 2382 spectatur,
1662 2314 2125 2383 quemadmodum
2152 2329 2210 2368 se
2232 2311 2465 2381 quisque
2501 2309 2754 2365 idoneum
2785 2309 3117 2380 dignumque
3145 2316 3443 2378 comparet.
3478 2306 3720 2375 Denique

462 2397 552 2452 hic
579 2416 773 2455 sensus
800 2409 903 2465 est,
948 2400 999 2454 Ν
1009 2419 1074 2455 on
1102 2411 1178 2456 est
1209 2420 1379 2456 meum
1407 2404 1559 2465 dare,
1584 2403 1677 2458 sed
1710 2404 1754 2459 si
1792 2404 2192 2469 laboraveritis,
2230 2411 2482 2473 paratum
2510 2401 2615 2456 erit
2648 2401 2799 2455 vobis
2821 2414 2849 2453 a
2878 2398 3036 2455 Patre
3062 2414 3199 2455 meo.
3225 2398 3507 2453 Summum
3536 2405 3717 2450 autem

457 2505 521 2543 ac
552 2489 849 2559 perfectum
879 2498 983 2553 est,
1013 2492 1270 2560 quoniam
1300 2508 1391 2562 ego
1419 2509 1536 2546 sum
1564 2492 1671 2545 vita
1687 2490 1728 2545 ⁸.
1761 2491 1918 2548 Nunc
1948 2494 2015 2548 ad
2050 2495 2158 2548 alia
2193 2492 2630 2563 progrediamur.

528 2598 662 2654 LIX.
705 2598 985 2671 Objiciunt
1034 2601 1206 2655 illud:
1243 2600 1474 2668 Quinazn
1515 2602 1669 2655 illum
1704 2618 1768 2657 ex
1792 2602 2031 2674 perfecta

2196 2594 2334 2655 ’ΝΘἍ
2367 2600 2503 2672 Φησὶ
2552 2599 2647 2653 δέ·
2687 2598 2811 2662 Πῶς
2847 2598 3032 2667 λέγετε
3077 2596 3237 2651 αὐτὸν
3274 2598 3338 2649 ὲκ
3367 2597 3466 2666 τῆς
3504 2597 3720 2664 τελείας

458 2690 749 2748 divinitate
781 2692 875 2747 Dei
907 2693 1177 2762 prodiissc
1205 2693 1426 2749 dicitis?
1453 2693 1597 2750 Ecce
1623 2697 1768 2751 enim
1797 2697 2036 2766 Aposto-

2147 2692 2234 2747 τοῦ
2272 2691 2407 2745 Θεοῦ
2448 2692 2733 2762 θεότητος;
2777 2689 2907 2743 Ἰδοὺ
2953 2689 3062 2760 γάρ
3107 2689 3253 2756 λέγει
3307 2690 3435 2759 περὶ
3491 2690 3658 2744 αὑτοῦ
3690 2694 3719 2743 ό

458 2780 547 2836 lus
581 2781 661 2835 sic
686 2782 753 2835 de
782 2781 875 2835 illo
912 2782 1104 2837 scribit
1132 2801 1145 2836 :
1174 2782 1316 2837 Deus
1338 2785 1612 2838 suscitavit
1643 2786 1796 2839 illum
1830 2802 1863 2838 a
1892 2801 2038 2838 mor-

463 2873 628 2929 tuis'.
656 2874 735 2928 Ex
756 2891 864 2944 quo
893 2884 1040 2945 patet
1072 2874 1164 2930 Dei
1194 2876 1342 2928 illum
1374 2877 1601 2941 auxilio,
1632 2879 1726 2948 qui
1748 2893 1807 2932 se
1835 2893 1865 2931 a
1895 2892 2042 2932 mor-

2157 2783 2503 2847 Ἀπόστολος,
2537 2783 2621 2835 ὄτι
2652 2783 2704 2835 Ὁ
2734 2782 2878 2846 Θεὸς
2905 2781 3138 2850 ήγειρεν
3161 2780 3347 2833 αὐτὸν
3370 2781 3439 2833 ἐκ
3472 2781 3719 2849 νεκρῶν.

2155 2878 2215 2931 Ὀ
2241 2877 2300 2931 δὲ
2317 2876 2623 2949 ὲπιδεηθεὶς
2653 2875 2905 2947 βοηθείας
2918 2874 3013 2927 τοῦ
3045 2874 3181 2927 Θεοῦ
3205 2874 3299 2926 τοῦ
3327 2876 3539 2945 ἐγεῖραι
3559 2874 3722 2928 αὐτὸν

461 2966 574 3020 tuis
599 2966 863 3020 excitaret
911 2982 1050 3038 opus
1081 2966 1356 3022 habuisse.
1393 2966 1740 3038 Proindeque
1774 2969 1914 3024 alius
1956 2977 2042 3026 est

2147 2971 2211 3022 ὲκ
2234 2969 2461 3041 νεκρῶν.
2488 2970 2628 3041 Ἀρα
2659 2968 2842 3040 ἕτερός
2872 2969 3017 3020 ἐστιν
3048 2970 3077 3021 ὁ
3107 2966 3333 3036 ἐγείρων
3366 2970 3431 3038 τῇ
3471 2966 3721 3037 δυνάμει,

461 3057 555 3129 qui
599 3068 792 3129 suapte
825 3037 977 3113 illum
1020 3061 1072 3114 vi
1111 3062 1366 3123 suscitat,
1402 3061 1544 3116 alius
1582 3037 1873 3117 etieodem
1904 3062 2042 3116 infe-

2150 3037 2412 3132 ETSPOCDE
2442 3037 2798 3130 ὑποϐεϐηκῶς
2834 3062 2862 3113 ό
2890 3058 3235 3130 ἐγειρόμενος
3259 3058 3345 3111 διὰ
3375 3059 3475 3129 τῆς
3504 3058 3598 3112 τοῦ
3634 3058 3724 3112 δυ-

462 3153 597 3217 rior,
626 3152 719 3221 qui
752 3154 1103 3222 prapotentis
1150 3154 1297 3209 illius
1323 3155 1523 3209 virtute
1553 3155 1871 3209 suscitatur.
1904 3155 2043 3221 Quid

463 3242 702 3313 amplius
730 3242 1005 3315 perfricta:
1044 3242 1244 3298 frOntis
1280 3244 1564 3298 hominum
1596 3243 1906 3299 refellendis
1936 3261 2043 3299 nu-

463 3332 547 3403 gis
586 3348 651 3386 ac
700 3334 929 3389 somniis
979 3334 1371 3389 immorantur?
1416 3334 1549 3399 Quis
1590 3333 1855 3389 Lazarum
1882 3335 2043 3406 783

463 3423 720 3479 excitavit
747 3423 815 3477 ad
838 3425 1005 3477 vitam
1024 3424 1079 3478 ‘?
1102 3423 1236 3491 Quis
1276 3425 1450 3480 viduae
1485 3426 1540 3480 in
1560 3427 1761 3496 oppido
1790 3426 1946 3481 Naim
1979 3430 2043 3482 ti-

465 3515 597 3569 lium
633 3515 755 3569 vita:
781 3516 1096 3571 restituit"?
1120 3515 1254 3582 Quis
1296 3519 1596 3588 Synagoga:
1629 3519 1894 3588 principis
1925 3520 2048 3574 tilia:

465 3598 603 3657 dixit
636 3622 648 3658 :
678 3603 851 3666 Cumi,
904 3603 1115 3668 tulit/ta,
1152 3604 1254 3658 hoc
1282 3613 1384 3667 est,
1418 3603 1603 3674 Surge,
1645 3604 1761 3684 [ilia
1782 3605 1842 3657 ⁸⁸1
1870 3603 2047 3675 Cujus

466 3695 720 3750 invocato
748 3694 815 3749 ab
843 3695 1106 3765 apostolis
1140 3696 1359 3750 nomine
1392 3696 1590 3750 mortui
1624 3705 1753 3751 sunt
1782 3696 1849 3752 ad
1880 3699 2047 3751 vitam

466 3784 747 3838 revocati?
783 3785 854 3838 At
883 3785 993 3849 isti,
1038 3787 1297 3854 quoniam
1342 3785 1570 3855 apostoli
1601 3796 1793 3840 contra
1834 3784 2046 3841 Iudaeos

467 3874 831 3945 disputantes,
864 3890 989 3930 cum
1017 3892 1339 3946 persuasum
1389 3876 1526 3946 ipsis
1565 3884 1732 3941 esset,
1771 3878 2048 3947 apostolos

468 3967 539 4020 ab
590 3967 723 4037 legis
782 3966 891 4023 Deo
934 3968 1295 4022 defectionem
1350 3968 1673 4038 praedicare,
1733 3985 1947 4023 necnon
1996 3980 2051 4024 et

470 4057 614 4128 quod
640 4058 875 4128 Spiritus
904 4067 1132 4113 sanctus
1169 4059 1487 4128 praevideret
1513 4060 1779 4129 ejusmodi
1815 4061 2050 4118 liwrcses

471 4149 704 4212 futuras,
734 4166 855 4218 qua:
887 4166 918 4202 ιι
953 4159 1179 4219 paterna
1221 4151 1501 4206 voluntate
1532 4152 1810 4207 Christum
1847 4153 2052 4208 abalie-

471 4254 606 4293 nare
651 4253 716 4292 ac
760 4255 1017 4309 separare
1068 4240 1399 4296 studerent:
1433 4259 1581 4309 cum,
1620 4243 1864 4314 inquam,
1924 4261 2053 4315 pro-

472 4340 655 4402 pterea
698 4331 763 4385 ad
796 4348 956 4393 unam
985 4332 1327 4388 divinitatem
1359 4336 1542 4389 omnia
1569 4346 1892 4392 revocarent
1917 4353 2049 4408 apo-

471 4423 619 4485 stoli,
649 4422 1089 4493 quandoquidem
1122 4440 1223 4495 pro
1255 4442 1320 4480 eo
1354 4442 1419 4481 ac
1444 4425 1589 4481 Patri
1628 4427 1806 4482 visum
1846 4437 1953 4499 est,
1986 4429 2053 4484 de

470 4512 594 4567 Filii
617 4514 918 4577 voluntate,
949 4530 1013 4570 ac
1047 4519 1426 4574 consentiente
1456 4518 1660 4588 Spiritu
1686 4528 1899 4584 sancto,
1928 4536 2050 4575 om-

472 4604 562 4659 nia
605 4606 827 4660 condita
878 4617 1025 4672 sunt,
1086 4606 1348 4671 haeretici,
1396 4611 1642 4680 inquam,
1682 4612 1770 4666 isti
1837 4612 1921 4668 his
1970 4614 2049 4668 Ιοι

472 4696 676 4767 qnendi
722 4697 899 4752 modis
941 4698 1252 4755 inferiorem
1306 4700 1599 4771 quamdam
1655 4703 2045 4769 conditionem,

472 4795 568 4840 aut
616 4786 1071 4854 imbecillitatem,
1114 4798 1209 4843 aut
1260 4790 1432 4845 divini
1473 4789 1637 4846 Verbi
1689 4793 1757 4847 ab
1809 4795 2047 4849 essentia

472 4876 653 4933 Patris
684 4878 1067 4935 alienationem
1092 4881 1386 4951 signiﬁcari
1414 4891 1627 4952 putant.
1654 4881 1857 4939 Verum
1889 4887 2047 4957 longe

474 4969 632 5023 aliter
654 4984 713 5023 se
743 4984 833 5024 res
862 4969 1042 5025 habet.
1072 4969 1137 5024 Et
1172 4980 1229 5025 ut
1254 4972 1386 5025 illud
1422 4974 1712 5045 intelligas,
1736 4990 1834 5045 age
1861 4992 2047 5031 exem-

2151 3152 2311 3206 νατοῦ
2340 3153 2642 3223 δυνάμεως.
2661 3153 2769 3206 Καὶ
2791 3153 2894 3215 ἓως
2922 3153 3050 3205 πότε
3083 3152 3476 3223 κατατρίϐομαι
3503 3152 3630 3223 περὶ
3655 3152 3726 3206 τὰ

2151 3245 2366 3317 ληρώδη
2392 3250 2637 3317 νοήματα
2667 3246 2774 3299 τῶν
2812 3246 2998 3309 κακῶς
3030 3246 3487 3318 παρατριψόωτων
3516 3247 3725 3299 ἑαυτῶν

2151 3335 2212 3389 τὸ
2241 3335 2523 3405 μέτωπον;
2558 3336 2653 3398 Τίς
2682 3331 2773 3389 οὖν
2789 3336 2979 3407 ἤγειρε
3000 3336 3090 3388 τὸν
3114 3337 3391 3406 Λάζαρονς
3423 3336 3518 3399 Τίς
3534 3337 3724 3406 ἤγειρε

2152 3425 2242 3478 τὸν
2266 3424 2379 3477 υίὺν
2408 3426 2508 3495 τῆς
2537 3429 2710 3496 χήρας
2742 3426 2842 3495 τῆς
2874 3427 2932 3478 ὲν
2959 3427 3128 3491 Ναΐν,
3158 3427 3253 3490 Τίς
3278 3425 3476 3497 εἷπετῇ
3495 3426 3726 3498 Θυγατρὶ

2154 3516 2247 3570 τοῦ
2259 3516 2732 3587 ἀρχισυναγώγου’
2755 3518 2964 3587 Κούμι,
2989 3520 3221 3581 ramea.
3243 3517 3539 3581 τουτέστιν,
3557 3520 3727 3572 Ἀνάο

2153 3611 2365 3674 στηθι,
2422 3610 2460 3675 ἡ
2508 3608 2683 3675 παῖς;
2729 3608 2886 3672 Τίνος
2937 3609 2997 3661 τὸ
3051 3609 3222 3679 ὄνομα
3262 3608 3627 3662 ἐπεκαλοῦντο
3676 3612 3726 3662 ol.

2155 3697 2475 3762 ἀπόστολοι,
2525 3699 2620 3751 καὶ
2651 3698 2699 3750 oi
2729 3698 2913 3769 νεκροὶ
2953 3698 3272 3769 ὴγείροντο;
3310 3698 3607 3768 Νομίζουσι
3645 3698 3723 3761 δὲ,

2155 3792 2337 3862 ἐπειδὴ
2367 3792 2415 3843 οἱ
2436 3791 2740 3855 ἀπόστολοι,
2784 3792 3056 3854 Ἰουδαίοις
3088 3791 3617 3862 προσδιαλεγόμενοι,
3639 3791 3727 3845 διὰ

2155 3885 2217 3937 τὸ
2257 3884 2497 3956 νομίζειν
2529 3885 2867 3939 ἀποστασίαν
2900 3884 3195 3956 κηρύσσειν
3236 3885 3362 3947 τοὺς
3398 3884 3726 3947 ἀποστόλους

2156 3976 2265 4028 ἀπὸ
2292 3976 2385 4029 τοῦ
2424 3977 2559 4030 Θεοῦ
2583 3978 2677 4030 τοῦ
2714 3978 2902 4048 νόμου,
2920 3978 3015 4031 καὶ
3043 3976 3132 4029 διὰ
3160 3974 3219 4029 τὸ
3241 3976 3375 4044 πρὸς
3403 3975 3463 4027 τὸ
3488 3975 3727 4043 γνωστὸν

2156 4067 2250 4120 τοῦ
2283 4069 2437 4137 ἁγίου
2462 4070 2806 4140 Πνεῦματος,
2848 4068 2941 4121 τοῦ
2972 4066 3350 4137 γινώσκοντος,
3389 4068 3469 4119 ὅτι
3496 4065 3728 4136 ἤμελλον

2158 4158 2398 4230 αἱρέσεις
2430 4158 2749 4229 ἀφηνιὰζειν
2784 4158 2874 4211 τὸν
2910 4157 3143 4228 Χριστὸν
3186 4156 3293 4210 ἀπὸ
3340 4155 3435 4208 τοῦ
3472 4153 3724 4226 πατρῴου

2159 4246 2497 4319 Gaique-co;-
2536 4249 2727 4302 τούτου
2771 4250 2934 4302 ἓνεκα
2968 4250 3048 4311 είς
3084 4248 3182 4319 τὴν
3229 4247 3357 4318 μίαν
3402 4247 3629 4317 θεότητα
3660 4247 3725 4299 τὰ

2161 4340 2340 4395 πάντα
2363 4341 2727 4411 ἀναφέροντες
2755 4342 2805 4394 οἱ
2839 4342 2994 4395 αὐτοὶ
3024 4341 3346 4407 ἀπόστολοι,
3391 4341 3474 4393 ὅτι
3512 4338 3726 4410 εὐδοκία

2159 4430 2313 4502 παρὰ
2341 4432 2554 4504 Πατρός
2591 4433 2838 4501 ἐγένοντο
2870 4432 2936 4486 τὰ
2959 4433 3134 4486 πάντα
3170 4432 3419 4503 βουλήσει
3457 4431 3549 4485 τοῦ
3572 4431 3726 4494 Υἱοῦ,

2160 4524 2478 4595 συνευδοκίᾳ
2514 4525 2829 4595 Πνεῦματος
2850 4525 3029 4593 ἁγίου,
3063 4524 3136 4595 μὴ
3169 4525 3278 4595 ἄρα
3309 4523 3449 4578 κατά
3490 4523 3726 4577 ἐλάττω-

2160 4628 2265 4676 σιν,
2292 4612 2326 4684 ἢ
2366 4613 2509 4667 κατὰ
2541 4615 2847 4677 ἀσθένειαν,
2890 4615 2922 4686 ἢ
2956 4615 3309 4685 ἀλλοτρίωσιν
3342 4615 3439 4685 τῆς
3467 4613 3562 4667 τοῦ
3591 4613 3724 4667 Θεοῦ

2155 4705 2329 4773 Λόγου
2368 4707 2519 4777 παρά
2546 4707 2638 4760 τοῦ
2667 4708 2881 4779 Πατρός
2924 4708 3111 4761 ουσίαν
3154 4708 3315 4762 τοῦτο
3350 4708 3584 4780 εἴρηται.
3617 4707 3725 4761 Καὶ

2153 4797 2251 4867 οὐχ
2275 4796 2467 4861 οὕτως.
2499 4798 2640 4871 Ὅρα
2666 4800 2775 4871 γὰρ
2806 4801 2873 4854 τὰ
2898 4800 3248 4871 πρωτότυπα,
3277 4799 3393 4863 πῶς
3414 4800 3679 4871 διηγεῖται
3698 4800 3727 4852 6

2153 4887 2383 4957 ἄγγελος
2416 4889 2640 4959 φάσκων
2667 4894 2787 4953 ταῖς
2819 4892 2949 4962 περὶ
2972 4892 3219 4963 Μαρίαν·
3260 4892 3321 4949 Τί
3362 4890 3581 4959 ζητεῖτε
3622 4890 3727 4942 τὸν

2150 4978 2335 5039 ζῶντα
2355 4979 2506 5050 μετὰ
2531 4978 2649 5034 τῶν
2667 4980 2927 5049 νεκρῶνς

476 5064 647 5134 plaria
678 5064 793 5134 ipse
823 5076 1102 5124 contuere.
1131 5067 1270 5134 Quid
1329 5071 1556 5139 angelus
1614 5069 1818 5135 Mariae,
1874 5073 2106 5144 ejusque
2154 5076 2320 5131 sociis
2360 5077 2683 5132 mulieribus
2727 5075 2973 5130 dixerit:
3011 5074 3152 5142 Quid
3197 5075 3434 5145 qua'ritis
3483 5074 3728 5128 viventem

473 5172 592 5209 cum
617 5159 838 5212 mortuis
859 5159 917 5212 ’?

557 5252 715 5309 .Vides
752 5261 813 5307 ut
841 5258 1029 5311 vivens
1066 5254 1153 5309 ille
1190 5271 1314 5311 cum
1340 5272 1439 5312 sua
1470 5257 1758 5315 divinitate
1793 5269 1847 5316 et
1889 5274 2056 5316 carne

476 5345 797 5398 surrexerit.
832 5344 1019 5417 Neque
1055 5361 1185 5402 vero
1209 5348 1350 5403 inter
1372 5355 1621 5406 mortuos
1647 5350 1883 5422 amplius
1905 5350 2056 5421 jace-

556 5580 608 5632 Ἰ
641 5582 768 5635 (Ion.
800 5598 896 5647 xit,
932 5584 964 5641 8
993 5601 1120 5655 sqq.
1224 5589 1243 5619 ²
1281 5585 1437 5642 Joan.
1470 5606 1522 5648 ν,
1557 5589 1646 5643 ΞΗ.

1751 5590 1769 5621 ³
1799 5588 1959 5643 Joan.
1994 5606 2067 5655 vv,
2102 5591 2189 5645 44.

2245 5258 2430 5331 Ὁρᾷς,
2467 5258 2497 5312 ό
2536 5257 2645 5323 ζῶν
2676 5260 2734 5311 ὲν
2772 5258 2876 5331 ἰδίᾳ
2916 5257 3129 5329 θεότητι
3173 5258 3267 5311 καὶ
3314 5259 3477 5329 σαρκὶ
3508 5259 3729 5327 ἀνέστη.

2163 5352 2278 5405 Οὐκ
2300 5347 2367 5423 ἦν
2397 5349 2457 5404 δὲ
2500 5350 2641 5422 μετά
2663 5351 2772 5404 τῶν
2805 5350 3033 5423 νεκρῶν.
3060 5351 3170 5406 Καὶ
3209 5349 3263 5404 τί
3302 5367 3467 5421 φησιν
3502 5351 3691 5414 αὑταῖς
3711 5368 3726 5383 ·

2293 5592 2309 5622 ⁸
2344 5585 2501 5644 Joan.
2543 5606 2651 5655 xw,
2692 5589 2743 5643 ϐ.
2849 5588 2868 5619 ⁸
2903 5587 3058 5643 Rom.
3089 5604 3159 5652 ιν,
3187 5587 3294 5654 ‘24;
3326 5586 3344 5641 ι
3371 5587 3494 5645 Cor.
3532 5603 3621 5653 xv,
3650 5588 3731 5642 l5.

480 5648 501 5678 ⁶
525 5646 689 5705 Joan.
725 5668 796 5709 st.
825 5646 913 5708 45.
990 5657 1008 5687 ⁷
1042 5646 1171 5711 Luc.
1208 5674 1300 5720 \‘tt,
1332 5661 1416 5713 lt.
1493 5646 1521 5691 ⁸⁷
1548 5660 1738 5714 Myth.
1773 5679 1844 5724 tv,
1868 5664 1967 5728 2);
2008 5660 2042 5713 L

2171 5678 2286 5725 vm,
2316 5663 2402 5717 δι.
2481 5664 2500 5694 9
2534 5646 2665 5715 Luc.
2713 5676 2869 5723 χειν,
2902 5661 2954 5713 5.
