4138 6396
387 365 498 421 297

1069 366 1440 425 Αυγειιευε
1478 366 1819 425 ΗΕΒΕΞΕΞ
1861 369 1971 424 LIB

2076 369 2104 427 l.
2144 370 2310 428 TUM.
2352 372 2417 428 ll.
2461 406 2529 421 ο-
2568 374 2845 430 ΗΑΞΒΕΞ.
2882 374 3066 430 LXIX.

3547 380 3657 440 293

403 482 678 551 Ἀνέστη,
717 486 830 538 οὐκ
859 483 1030 538 ἔστιν
1059 478 1213 550 ὦδε;
1243 487 1337 540 καὶ
1366 486 1467 540 οὐκ
1495 485 1650 540 εἶπεν
1668 500 1681 514 '
1718 488 1977 558 Ἤγειρεν

2082 487 2197 541 bat.
2226 477 2348 542 ’ϐιη-
2386 497 2567 544 autem
2603 491 2676 543 ita
2722 489 2935 544 locutus
2978 495 3062 544 est
3093 508 3105 543 :
3140 487 3405 559 Surrexit,
3440 506 3544 544 non
3580 506 3656 548 est

389 576 552 628 αὑτὸν
574 576 605 627 6
625 574 781 640 Θεὸς,
812 575 908 629 καὶ
935 577 1036 630 οὐκ
1069 576 1218 632 ἔστιν
1251 571 1354 632 ὧδε
1368 597 1390 645 ;
1418 577 1533 632 ἀλλ’
1565 580 1653 632 [va
1673 579 1891 644 δείξωσι
1916 580 1978 632 τὸ

383 666 638 733 δυνατὸν,
661 669 743 722 ὅτι
773 671 866 723 καὶ
899 670 1009 735 ζῶν
1038 671 1262 745 ἀνέστη.
1286 672 1397 726 Kal
1421 671 1585 735 αὐτὸς
1608 672 1773 726 πάλιν
1799 672 1975 741 ἔλεγε,

387 757 498 827 πρὸ
540 759 638 812 τοῦ
679 760 875 815 παθεῖν
914 762 1100 822 αὐτὸν.
1130 765 1245 826 τοῖς
1286 763 1451 817 αὑτοῦ
1480 762 1783 835 μαθηταῖς·
1828 763 1976 818 Ἰδοὺ

386 849 792 921 ἀναϐαίνομεν
822 855 910 919 εὶς
951 852 1339 924 Ἱεροσόλυμα
1357 895 1372 919 ,
1417 854 1518 908 καὶ
1565 855 1978 925 παραδοθήσε-

386 956 482 995 ται
500 945 539 995 ὀ
580 943 715 1010 Υἱὸς
730 944 840 1000 τοῦ
863 944 1178 1015 ἀνθρώπου
1207 948 1295 1012 είς
1321 946 1386 1000 τὸ
1415 946 1856 1017 σταυρωθῆναι,
1876 946 1974 1001 καί

387 1031 465 1101 τῇ
512 1035 683 1104 τρίτῃ
728 1035 915 1105 ἡμέρᾳ
967 1036 1399 1105 ἀναστήσεται.
1445 1039 1558 1093 Καὶ
1608 1040 1711 1093 οὐκ
1785 1035 1939 1093 εἶπεν
1958 1053 1973 1067 °

400 1125 727 1197 Ἀναστήσει
769 1129 954 1184 αὐτόν.
997 1129 1197 1201 Σαφῶς
1232 1130 1289 1183 δὲ
1317 1131 1445 1203 περὶ
1473 1131 1666 1185 τούτου
1718 1131 1780 1185 τὸ
1824 1130 1977 1197 ἐξου-

390 1219 670 1274 σιαστικὸν
705 1220 805 1291 τῆς
848 1221 1011 1277 αὐτοῦ
1055 1224 1343 1296 δυνάμεως
1379 1225 1732 1297 προεδείκνυε
1758 1223 1934 1292 λέγων
1957 1236 1987 1251 "

402 1308 729 1374 Ἔξουσίαν
750 1312 868 1380 ἔχω
896 1312 1015 1382 τὴν
1034 1314 1250 1384 ψυχήν
1265 1332 1387 1385 μου
1415 1315 1625 1381 θεῖναι,
1651 1316 1751 1369 καὶ
1768 1315 1978 1370 λαϐεῖν

388 1403 603 1472 αὐτήν.
623 1406 682 1457 '0
702 1404 759 1458 δὲ
788 1405 1039 1471 ἐξουσίαν
1066 1406 1226 1478 ἔχων,
1258 1407 1377 1472 πῶς
1404 1408 1594 1462 ἑαυτὸν
1620 1408 1856 1481 ἐγείρειν
1873 1408 1978 1462 οὐκ

388 1495 657 1564 ἠδύνατο;
697 1496 756 1550 '0
796 1496 1118 1562 ’Δπόστολος
1138 1498 1197 1552 δὲ
1222 1499 1470 1573 γράφων,
1506 1501 1594 1555 ἵνα
1619 1500 1770 1572 δείξῃ
1808 1500 1976 1571 μηδὲν

389 1589 517 1643 ἄνευ
551 1589 855 1661 θελήματος
884 1591 1099 1664 Πατρὺς
1127 1594 1185 1646 ἐν
1216 1595 1283 1665 τῇ
1329 1592 1431 1663 τῆς
1465 1592 1739 1664 σωτηρίας
1767 1594 1975 1646 οἰκονο-

392 1683 494 1754 μία
527 1683 888 1754 γεγενῆσθαι,
923 1684 1064 1755 ἔφη·
1115 1685 1180 1738 '0
1213 1684 1360 1753 Θεὸς
1397 1684 1637 1755 ἤγειρεν
1677 1685 1865 1739 αὐτὸν
1908 1685 1978 1738 ἐκ

387 1774 641 1844 νεκρῶν.
676 1777 788 1830 Kal
819 1776 928 1849 γὰρ
971 1777 1068 1830 καὶ
1099 1777 1158 1831 ἐν
1200 1778 1348 1850 ἄλλῳ
1382 1779 1536 1849 τόπῳ
1570 1777 1719 1847 λέγει
1749 1777 1913 1840 αὐτὸς
1945 1779 1983 1830 ὁ

2078 578 2240 642 hic",
2273 594 2384 635 non
2423 589 2606 636 autem
2636 581 2711 634 ita
2741 580 2916 636 dixit:
2947 579 3219 636 Excitavit
3253 596 3379 637 eum
3409 579 3577 648 Deus,
3605 595 3661 639 et

2078 685 2189 726 non
2232 680 2317 727 est
2357 671 2483 740 hic,
2527 671 2635 728 nisi
2668 682 2728 727 ut
2754 678 3084 743 potestatem
3129 671 3279 729 illius
3321 674 3657 735 ostenderet.

2077 763 2338 833 quoniam
2392 770 2448 819 et
2501 763 2661 819 vivus
2691 763 2969 819 surrexit?
2996 762 3304 829 Quinetiam
3336 764 3658 835 priusquam

2077 854 2197 924 ipse
2239 860 2536 925 pateretur,
2585 853 2888 925 discipulos
2932 869 3065 909 suos
3098 855 3181 910 sic
3225 855 3498 909 allocutus
3533 860 3657 909 est:

2078 945 2216 1002 Ecce
2241 945 2575 1002 ascendimus
2622 946 3071 1016 Hierosolymam,
3116 957 3166 1001 et
3208 946 3449 1001 tradetur
3484 945 3657 1001 Filius

2076 1036 2304 1091 hominis
2346 1046 2405 1091 ut
2467 1036 2834 1107 cruciﬁgatur,
2892 1045 2944 1090 et
2986 1036 3149 1091 tertia
3200 1034 3289 1092 die
3352 1038 3654 1108 resurget’.

2076 1126 2199 1183 Non
2231 1127 2371 1183 dixit
2400 1145 2415 1182 :
2451 1125 2727 1183 Excitabit
2755 1127 2970 1197 ipsum;
3000 1126 3097 1184 sed
3145 1137 3355 1198 aperte,
3400 1131 3546 1200 quod
3588 1130 3655 1184 ad

2077 1231 2197 1272 eam
2226 1234 2340 1274 rem
2368 1220 2583 1287 attinet,
2614 1235 2728 1275 sua:
2747 1220 2855 1275 vim
2884 1221 3170 1290 potestatis
3192 1222 3405 1291 aperuit
3428 1222 3653 1277 dicens:

2080 1308 2404 1365 Potestatem
2435 1311 2599 1367 habeo
2625 1312 2860 1366 animam
2902 1328 3073 1366 meam
3106 1327 3316 1380 ponere,
3362 1323 3412 1368 et
3454 1330 3659 1370 sumere

2077 1401 2252 1469 ipsam
2272 1401 2315 1456 δ.
2344 1400 2449 1468 Qui
2478 1403 2645 1474 igitur
2671 1410 2998 1473 potestatem
3022 1403 3277 1469 habebat,
3303 1406 3658 1476 semetipsum

2077 1495 2319 1549 excitare
2365 1509 2476 1549 non
2516 1494 2727 1565 potuit?
2761 1494 3061 1565 Apostolus
3099 1511 3232 1552 vero
3278 1496 3415 1551 nihil
3449 1498 3658 1569 absque

2077 1581 2260 1640 Patris
2293 1585 2573 1641 voluntate
2604 1586 2662 1641 in
2699 1586 3133 1643 administranda
3168 1586 3448 1643 hominum
3482 1591 3659 1646 salute

2078 1684 2291 1746 gestum
2322 1677 2701 1734 demonstrare
2722 1678 2968 1749 cupiens,
2993 1678 3071 1733 ita
3104 1678 3513 1750 scripsitzbeus
3541 1697 3660 1735 sus-

2078 1768 2260 1823 citavit
2296 1769 2452 1834 illum
2496 1787 2530 1824 α
2577 1770 2801 1825 mortuis
2824 1771 2868 1825 ⁸.
2914 1768 3052 1827 Nam
3089 1779 3145 1826 et
3193 1771 3301 1826 alio
3343 1772 3466 1828 loco
3514 1773 3657 1829 idem

402 1868 744 1934 Ἀπόστολος,
762 1869 936 1930 ὄτι,Εὶ
949 1871 1048 1925 καὶ
1070 1870 1371 1925 ἀπέθανεν
1389 1870 1458 1935 ἐξ
1478 1868 1897 1937 ἀσθενείας,ζῇ
1910 1867 1977 1922 δὲ

2078 1860 2414 1930 Apostolus:
2460 1861 2717 1930 Tametsi,
2754 1863 2954 1935 inquit,
2982 1872 3224 1920 mortuus
3269 1873 3349 1920 est
3384 1881 3450 1921 ea:
3492 1866 3658 1921 imbe-

384 1960 458 2014 ἐκ
482 1960 814 2031 δυνάμεως.
842 1960 1070 2017 Ἤθελον
1096 1963 1154 2017 δὲ
1194 1963 1462 2017 πυθέσθαι
1484 1963 1578 2017 τὸν
1615 1962 1741 2019 νοῦν
1776 1962 1885 2016 τῶν
1908 1961 1979 2016 τὰ

387 2054 593 2127 ἀκριόῆ
634 2054 745 2108 τῶν
777 2055 1011 2127 Γραφῶν
1050 2057 1451 2126 γινωσκόντων,
1508 2055 1668 2110 ποίαν
1690 2055 1976 2110 ἀσθένειαν

389 2141 537 2218 εἶχεν
561 2150 590 2202 6
621 2149 959 2221 Μονογενὴς,
988 2149 1056 2203 δι’
1086 2141 1149 2202 οὗ
1174 2151 1202 2203 6
1230 2149 1459 2221 οὐρανὸς
1473 2149 1748 2220 ἦπλωται,
1782 2146 1817 2217 ἦ
1843 2147 1975 2218 παρ’

390 2236 453 2296 οὗ
482 2244 511 2295 6
541 2242 771 2314 οὐρανὸς
809 2242 1074 2309 ἔκτισται,
1113 2242 1180 2296 δι’
1208 2235 1270 2297 οὗ
1301 2244 1500 2315 ὁῆλιος
1542 2240 1876 2313 ὲστιλὸώθη,
1904 2239 1976 2292 δι’

388 2327 451 2388 οὗ
489 2332 739 2404 ἔλαμψαν
769 2333 839 2387 τὰ
869 2335 1064 2405 ἄστρα,
1087 2334 1155 2387 δι’
1184 2328 1245 2389 οὗ
1283 2332 1342 2401 ἐξ
1362 2335 1464 2389 οὐκ
1499 2333 1671 2387 ὅντων
1706 2332 1777 2386 τὰ
1800 2333 1977 2386 πάντα

388 2421 704 2493 γεγένηται.
732 2419 880 2495 Ἀρα
922 2423 1021 2495 τὴν
1060 2425 1348 2479 ἀσθένειαν
1392 2425 1553 2479 ποίαν
1596 2424 1785 2495 λέγει;
1829 2420 1978 2496 Ἆρα

387 2518 457 2586 ἢν
501 2513 788 2581 ἀνεδέξατο
824 2516 995 2571 ἐλθὼν
1036 2519 1065 2571 6
1099 2518 1273 2588 Λόγος
1306 2519 1363 2573 ὲν
1391 2520 1457 2590 τῇ
1492 2518 1741 2590 ἡμετέρᾳ⁵
1786 2518 1973 2590 σαρκὶ,

386 2608 753 2681 ἐνδυσάμενος
788 2610 1025 2681 ταύτην,
1080 2609 1167 2665 ῐνα
1194 2611 1295 2683 τὴν
1350 2613 1508 2682 ἡμῶν
1560 2610 1848 2665 ἀσθένειαν
1879 2610 1978 2681 βα-

389 2702 599 2776 στάσῃς
633 2702 710 2766 ὡς
735 2703 829 2756 καὶ
862 2703 976 2775 ᾄδει
1009 2705 1138 2776 περὶ
1179 2703 1345 2759 αὑτοῦ
1383 2707 1412 2759 6
1451 2706 1737 2777 προφήτης
1762 2705 1973 2775 λέγων·

393 2798 504 2861 Τὰς
543 2795 867 2862 ἀσθενείας
897 2796 1067 2866 ἡμῶν
1096 2798 1296 2863 ἔλαϐε,
1325 2798 1423 2853 καὶ
1446 2798 1554 2864 τὰς
1589 2798 1816 2865 νόσους
1836 2796 1969 2852 ἐϐά-

386 2898 641 2940 στασεν.
670 2885 965 2941 Ἀπέθανεν
985 2882 1078 2941 οὖν
1104 2887 1302 2960 διὰτὴν
1326 2887 1483 2959 ήμῶν
1502 2887 1787 2941 ἀσθένειαν
1810 2889 1839 2941 6
1860 2886 1974 2959 ζωὴ

388 2975 466 3027 ὢν
512 2975 611 3029 καὶ
666 2976 883 3049 ἀπαθὴς
909 2978 1043 3042 Θεὸς
1084 2980 1141 3032 ἐν
1178 2982 1245 3050 τῇ
1305 2978 1365 3044 ἐξ
1406 2978 1566 3051 ἡμῶν
1610 2978 1977 3050 ἀσθενεστέρα

390 3069 558 3140 σαρκί
582 3088 593 3098 ·
613 3068 683 3138 ζῇ
703 3069 760 3122 δὲ
776 3070 845 3124 ἐκ
862 3070 1192 3141 δυνάμεως.
1215 3070 1346 3126 Ζῶν
1380 3071 1494 3142 γάρ
1518 3072 1738 3126 ἐστινὸ
1768 3071 1973 3141 λόγος,

389 3159 492 3213 καὶ
525 3160 799 3231 ἐνεργὴς,
845 3161 945 3215 καὶ
980 3161 1306 3233 τομώτερος
1332 3162 1490 3233 ὑπὲρ
1515 3161 1725 3219 πᾶσαν
1754 3160 1972 3233 μάχαμ

382 3268 506 3320 ραν
529 3251 841 3324 δίστομον.
889 3254 1186 3309 Ἀπέθανεν
1211 3251 1306 3310 οὖν
1350 3255 1409 3323 ἐξ
1451 3256 1768 3324 ἀσθενείας,
1812 3254 1880 3328 ζῇ
1916 3256 1974 3309 δὲ

391 3345 458 3399 ἑκ
494 3344 779 3417 δυνάμεως
822 3349 923 3419 τῆς
954 3347 1122 3401 αὑτοῦ
1156 3347 1433 3421 θεότητος,
1473 3348 1540 3422 ζῇ
1566 3349 1627 3403 δὲ
1654 3351 1713 3405 ὲν
1739 3352 1806 3421 τῇ
1838 3352 1979 3421 ήμε-

387 3438 526 3511 τέρᾳ
557 3439 742 3509 σαρκὶ,
792 3441 853 3493 ὲν
952 3440 1016 3494 τὸ
1040 3441 1214 3505 πάθος
1246 3440 1555 3507 ἀνεδέξατο.
1610 3443 1721 3496 Καὶ
1759 3442 1848 3497 διὰ
1878 3441 1978 3514 τὴν

389 3530 650 3603 τοιαύτην
669 3533 987 3604 οἰκονομίαν
1019 3533 1119 3606 τήν
1155 3534 1407 3590 εὐδοκίαν
1438 3534 1652 3605 [Ἰατρὸς
1692 3534 1977 3608 σημαίνων

390 3625 422 3677 6
462 3624 782 3689 Ἀπόστολος
827 3625 954 3699 ἔφη,
986 3628 1067 3683 ὅτι
1110 3628 1174 3682 '0
1221 3627 1365 3697 Θεὸς
1405 3628 1645 3699 ἤγειρεν
1688 3626 1878 3683 αὑτὸν
1905 3627 1976 3681 ἐκ

389 3730 640 3784 νεκρων.

447 3977 599 4032 N8".
618 3980 973 4051 Ἐπιφέρουσι
985 3980 1041 4033 δὲ
1054 3982 1150 4035 καὶ
1162 3979 1289 4035 ἄλλο
1310 3983 1473 4054 ῥητὸν
1488 3983 1553 4037 ἐκ
1572 3984 1666 4038 τοῦ
1688 3986 1830 4041 κατὰ.
1842 3987 1975 4039 Λου-

391 4071 497 4122 κᾶν
526 4071 883 4141 Εὑαγγελίου,
921 4072 1059 4147 ὅπερ
1081 4073 1196 4127 ἐστὶ
1222 4073 1512 4130 θεσπέσιον
1541 4078 1635 4131 καὶ
1662 4076 1973 4151 ἐξαίρετον,

392 4163 487 4216 καὶ
510 4164 591 4227 είς
611 4164 788 4218 πάντα
808 4165 1246 4237 χρησιμώτατον.
1281 4170 1441 4222 Ποῖον
1461 4168 1517 4222 δέ
1541 4170 1657 4224 ἐστι
1686 4173 1747 4225 τὺ
1770 4172 1934 4243 ῥητόν
1954 4188 1971 4238 ;

390 4256 508 4310 ἀλλ’
548 4256 581 4328 ἦ
615 4257 852 4329 ὁπηνίκα
880 4258 990 4331 γὰρ
1021 4259 1247 4330 ἔμελλεν
1274 4263 1303 4315 6
1330 4261 1535 4334 Κύριος
1584 4262 1691 4336 ἰδία
1723 4263 1975 4337 βουλήσει

391 4350 486 4402 ἐπὶ
509 4350 570 4403 τὸ
596 4349 768 4415 πάθος
803 4353 983 4423 ήκειν,
1028 4354 1363 4425 παραλαϐὼν
1379 4357 1505 4420 τοὺς
1533 4356 1785 4430 μαθητὰς
1810 4359 1871 4413 ἐν
1896 4359 1975 4432 τῷ

389 4442 512 4513 Ἓρει
552 4443 695 4497 κατὰ
734 4444 835 4517 τὴν
876 4444 1028 4517 ὥραν
1076 4447 1316 4520 ἐκείνην,
1363 4448 1574 4518 διέστη
1614 4452 1717 4506 ἀπ’
1772 4450 1975 4507 αὐτῶν

392 4532 538 4587 ws!
572 4534 749 4589 λίθου
773 4535 1010 4604 βολὴν,
1050 4537 1149 4593 καὶ
1184 4538 1467 4593 ἀπελθὼν
1490 4541 1732 4611 ηὔχετο,
1762 4542 1936 4614 ἔλεγε
1955 4561 1969 4575 ο
2003 4566 2049 4622 ι)

390 4623 607 4694 Πάτερ,
636 4629 689 4681 ει
711 4626 993 4693 δυνατὸν,
1022 4629 1362 4699 παρελθέτω
1391 4630 1458 4686 τό
1488 4634 1775 4703 ποτήριον
1800 4638 1978 4695 τοῦτο

388 4718 495 4773 ἀπ’
517 4720 685 4789 ἐμοῦ,
715 4722 817 4775 ἵνα
833 4721 920 4791 μὴ
943 4723 1088 4776 αὐτὸ
1108 4724 1241 4777 πίω.
1267 4724 1444 4794 Πλὴν
1463 4728 1576 4796 οὐχ
1606 4725 1638 4780 6
1665 4728 1779 4799 erit)
1800 4729 1975 4798 θέλω,

391 4811 531 4864 ἀλλ’
566 4810 596 4863 6
634 4812 739 4867 σύ.
766 4813 878 4866 Kal
908 4812 1123 4884 πρῶτον
1158 4814 1258 4885 μὲν
1288 4814 1450 4869 πάλιν
1477 4818 1901 4887 προφασίζονται
1925 4820 1977 4873 οἱ

362 4920 367 4923 ν
391 4900 548 4953 αὐτοὶ
570 4899 842 4969 λέγοντες,
862 4903 947 4955 ὃτι
962 4903 1129 4975 Ὁρᾷς
1145 4903 1262 4967 πῶς
1276 4904 1646 4975 ὑποκριτικῶς
1660 4908 1675 4938 ¹
1695 4907 1864 4976 λέγει,
1881 4909 1976 4963 καὶ

394 4990 642 5064 βούλημα
668 4993 1063 5066 διηλλαγμένον
1098 4996 1387 5066 ὑποφαίνει
1412 4997 1587 5066 λέγων
1609 5015 1625 5030 ο
1650 4999 1774 5067 Οὐχ
1796 4998 1830 5051 6
1861 4998 1976 5069 ἐγὼ

392 5082 566 5150 θέλω,
593 5086 731 5139 ἀλλ’
767 5086 799 5138 6
822 5088 904 5141 σύ
928 5105 947 5153 ;
977 5086 1105 5151 Πῶς
1133 5083 1228 5141 οὖν
1256 5089 1291 5160 ή
1318 5087 1457 5159 αὐτὴ
1494 5087 1654 5143 οὐσία
1678 5090 1936 5159 τυγχάνει
1957 5131 1971 5156 ,

392 5177 560 5246 φασὶν
575 5217 589 5241 ,
612 5178 695 5230 ὅτι
725 5179 784 5230 ὲν
806 5179 958 5251 αὐτῷ
979 5180 1167 5252 ἕτερόν
1188 5181 1306 5235 ἐστι
1333 5181 1604 5253 βούλημα,
1629 5184 1687 5235 ὲν
1709 5182 1765 5235 δὲ
1794 5183 1972 5256 Πατρὶ

391 5268 609 5341 ἓτερον;
640 5271 752 5324 Καὶ
768 5271 1027 5340 ἀγνοοῦσι
1057 5272 1156 5344 τὴν
1187 5276 1369 5327 πᾶσαν
1398 5273 1650 5345 δύναμιν.
1680 5273 1779 5328 Διὰ
1815 5275 1974 5329 τοῦτο

390 5361 502 5432 γὰρ
531 5364 626 5417 καὶ
662 5365 692 5417 6
734 5364 1055 5429 Ἀπόστολος
1086 5364 1188 5437 ἔφη
1212 5381 1226 5396 ο
1257 5362 1333 5419 Ὦ
1346 5364 1537 5432 ,ϐάθος
1566 5368 1856 5432 πλούτου,
1876 5367 1973 5421 καὶ

390 5456 635 5525 σοφίας,
668 5458 768 5511 καὶ
794 5458 1072 5528 γνώσεως
1100 5458 1292 5514 Θεοῦ]
1324 5460 1450 5523 Πῶς
1479 5460 1588 5531 γὰρ
1618 5461 1750 5515 ῐδιον
1774 5459 1972 5533 βούλη-

395 5562 474 5618 μα
502 5547 607 5619 ἔφη
637 5547 785 5620 παρὰ
823 5548 884 5602 τὸ
910 5548 1008 5602 τοῦ
1038 5550 1252 5618 Πατρὺς
1285 5549 1554 5623 βούλημα,
1609 5553 1774 5607 ὁπότε
1810 5552 1972 5617 αὐτὸς

467 5724 483 5754 ¹
522 5720 586 5781 F.
611 5723 1007 5790 ἀποκριτικῶς.

1084 5729 1106 5759 ³
1128 5725 1297 5781 Marc.
1332 5744 1443 5793 xvr,
1476 5728 1532 5784 6.
1607 5729 1630 5762 ³
1666 5729 1858 5786 Matth.
1894 5746 1987 5793 xx,
2017 5729 2107 5786 l8.

2076 1951 2322 2021 eillitate,
2363 1954 2489 2008 vivit
2521 1970 2587 2009 ea:
2633 1956 2827 2009 uirtute
2850 1955 2893 2011 ⁸.
2932 1954 3049 2027 Ego
3096 1971 3227 2013 vero
3265 1958 3526 2029 quidnam
3566 1960 3658 2016 isti

2076 2041 2324 2098 homines
2354 2053 2464 2099 tam
2497 2055 2752 2101 accurata
2784 2061 3066 2102 sacrarum
3097 2046 3428 2105 Litterarum
3473 2053 3658 2107 scien-

2076 2135 2152 2189 tia
2180 2135 2391 2207 prazditi
2429 2138 2484 2193 in
2511 2138 2696 2193 animo
2726 2138 2984 2206 habeant,
3017 2140 3250 2198 libenter
3282 2142 3653 2216 interrogem:

2076 2225 2222 2293 Quid
2258 2229 2316 2284 in
2352 2231 2519 2286 unico
2559 2229 2655 2287 Dei
2700 2230 2839 2287 Filio
2881 2232 3272 2291 imbecillitatis
3322 2235 3506 2302 fuerit,
3562 2252 3661 2307 per

2077 2335 2240 2391 quem
2284 2323 2486 2379 ctelum
2546 2338 2850 2393 expansum
2895 2334 2980 2381 est
3027 2334 3083 2382 et
3138 2326 3509 2396 productum,
3560 2345 3660 2402 per

2076 2429 2239 2485 quem
2272 2417 2355 2473 sol
2378 2417 2670 2487 splendore
2698 2417 2955 2490 perfusus
2982 2430 3088 2485 est,
3118 2435 3217 2491 per
3240 2437 3402 2493 quem
3428 2422 3660 2479 illuxere

2077 2507 2282 2574 sidera,
2332 2524 2431 2580 per
2472 2524 2637 2580 quem
2688 2524 2720 2564 e
2756 2508 2931 2565 nihilo
2965 2520 3092 2567 sunt
3132 2512 3319 2567 omnia
3368 2513 3658 2583 producta.

2077 2598 2252 2667 Quam
2316 2600 2483 2671 igitur
2537 2599 2967 2657 imbecillitatem
3018 2601 3069 2657 ei
3126 2601 3416 2658 tribuunt?
3457 2602 3662 2659 Eamne

2076 2709 2239 2764 quam
2270 2680 2435 2766 784
2463 2694 2519 2749 in
2558 2703 2747 2750 nostra
2789 2709 2978 2760 carne,
3015 2694 3107 2751 ubi
3142 2695 3291 2750 illam
3320 2696 3521 2762 induit,
3564 2696 3661 2753 Dei

2077 2784 2318 2842 Verbum
2363 2787 2417 2840 in
2469 2802 2592 2843 sese
2636 2786 2945 2852 transtulit,
2980 2800 3091 2857 quo
3137 2785 3510 2842 inﬁrmitatem
3560 2802 3663 2844 no-

2077 2887 2245 2935 stram
2296 2878 2416 2949 ipse
2454 2878 2745 2950 portaret?
2774 2876 3244 2945 Quemadmodum
3292 2878 3361 2934 de
3402 2879 3497 2935 illo
3534 2895 3664 2951 pro-

2075 2972 2241 3040 pheta
2269 2971 2471 3025 cecinit
2492 2990 2505 3026 :
2530 2968 2883 3041 Inﬁrmitates
2914 2979 3127 3024 nostras
3153 2971 3403 3037 suscepit,
3438 2978 3494 3025 et
3519 2987 3665 3025 mor-

2078 3062 2170 3117 bos
2212 3061 2335 3116 tulit
2359 3063 2402 3117 '.
2447 3061 2621 3134 Igitur
2648 3070 2902 3118 mortuus
2929 3069 3013 3117 est
3037 3069 3261 3133 propter
3289 3061 3662 3119 inﬁrmitatem

2078 3164 2326 3211 nostram
2359 3155 2415 3210 in
2446 3155 2717 3210 imbecilla
2745 3169 2913 3210 carne
2942 3154 3035 3225 ille
3059 3154 3199 3227 ipse,
3233 3154 3328 3226 qui
3358 3155 3473 3212 vita
3495 3164 3581 3212 est
3609 3165 3662 3212 et

2079 3248 2341 3303 immunis
2371 3261 2403 3302 a
2443 3247 2703 3318 passione
2747 3245 2926 3314 Deus;
2959 3246 3084 3300 vivit
3137 3252 3321 3301 autem
3360 3262 3427 3301 ea:
3451 3247 3658 3301 virtute.

2087 3337 2246 3394 Vivus
2275 3347 2355 3394 est
2386 3340 2528 3394 enim
2558 3354 2729 3393 sermo
2758 3337 2876 3403 Dei,
2901 3346 2955 3393 et
2981 3338 3184 3408 efﬁcax,
3208 3346 3259 3391 et
3283 3337 3662 3407 penetrabilior

2075 3431 2220 3486 omni
2247 3430 2429 3502 gladio
2466 3431 2743 3497 ancipiti“.
2773 3430 2955 3497 Quare
2997 3438 3249 3487 mortuus
3279 3437 3364 3486 est
3401 3445 3470 3485 ex
3508 3429 3659 3486 inﬁr-

2075 3520 2295 3590 mitate,
2322 3522 2458 3577 vivit
2479 3532 2665 3578 autem
2691 3537 2759 3577 ex
2787 3521 3092 3577 divinitatis
3118 3536 3233 3577 sua:
3257 3522 3481 3589 virtute,
3514 3529 3571 3577 et
3604 3524 3659 3577 in

2076 3628 2246 3671 carne
2278 3623 2473 3671 nostra
2500 3615 2657 3678 vivit,
2696 3614 2752 3669 in
2786 3628 2896 3686 qua
2930 3614 3244 3684 passionem
3289 3614 3442 3670 illam
3490 3615 3658 3671 susti-

2074 3706 2218 3763 nuit.
2254 3704 2339 3763 Ob
2384 3706 2528 3762 hanc
2563 3705 2986 3762 administrandi
3027 3706 3295 3761 rationem
3340 3704 3521 3763 Patris
3565 3721 3652 3762 vo-

2076 3800 2343 3855 luntatem
2376 3812 2442 3853 ac
2473 3797 2753 3854 decretum
2791 3796 3103 3869 signiﬁcare
3136 3796 3328 3853 volens
3368 3797 3663 3868 Apostolus

2075 3889 2213 3946 dixit
2246 3908 2262 3945 :
2298 3889 2442 3945 Deus
2477 3890 2751 3945 suscitavit
2785 3890 2938 3944 illum
2960 3906 2997 3943 a
3024 3890 3268 3945 mortuis.

2145 3982 2304 4042 LIX'.
2344 3982 2509 4039 Aliud
2547 3984 2776 4055 insuper
2812 4000 2879 4039 ex
2909 3983 3205 4055 Evangelia
3227 3983 3388 4041 Luca:
3410 3984 3663 4041 testimo-

2076 4076 2227 4132 nium
2259 4074 2561 4142 adducunt,
2600 4076 2760 4145 plane
2791 4074 3059 4140 divinum,
3107 4086 3162 4132 et
3191 4077 3476 4143 eximium,
3505 4089 3560 4133 et
3591 4081 3659 4134 ad

2074 4170 2260 4227 omnia
2289 4169 2451 4239 longe
2493 4169 3044 4240 opportunissimum.
3079 4168 3367 4237 Quodnam
3418 4187 3551 4227 vero
3590 4172 3659 4227 il-

2076 4263 2168 4318 lud
2212 4260 2335 4318 est?
2362 4260 2630 4316 Nimirum
2679 4276 2804 4315 cum
2856 4262 2923 4316 ad
2965 4262 3305 4318 subeundam
3345 4264 3655 4334 passionem

2075 4361 2267 4425 suapte
2296 4360 2492 4424 sponte
2523 4351 2787 4408 Dominus
2819 4367 3145 4410 accessurus
3170 4361 3338 4419 esset,
3370 4354 3657 4426 discipulis

2075 4448 2144 4503 ad
2174 4456 2411 4502 montem
2452 4446 2753 4517 perductis,
2783 4447 2971 4502 eadem
3014 4447 3107 4501 illa
3140 4448 3298 4512 hora,
3330 4450 3549 4504 avulsus
3576 4462 3658 4505 est

2077 4538 2142 4593 ab
2180 4538 2290 4593 illis
2330 4536 2523 4607 lapidis
2560 4538 2668 4608 fere
2692 4538 2867 4607 jactu,
2898 4548 2949 4593 et
2983 4539 3163 4594 abiens
3193 4538 3382 4594 orabat
3426 4539 3511 4595 his
3542 4556 3658 4596 uer-

2078 4632 2157 4686 bis
2181 4649 2199 4685 :
2236 4631 2423 4698 Pater,
2458 4632 2506 4685 si
2545 4631 2663 4701 fieri
2690 4640 2881 4699 potest,
2913 4640 3151 4686 transeat
3181 4648 3215 4685 a
3251 4648 3333 4686 me
3364 4631 3508 4686 calix
3536 4634 3655 4699 iste,

2076 4733 2264 4779 utnon
2294 4723 2469 4779 bibam
2496 4724 2672 4778 illum.
2712 4722 3076 4778 Verumtamen
3106 4741 3211 4779 non
3235 4725 3375 4796 quod
3399 4741 3493 4795 ego
3515 4726 3656 4791 uola,

2076 4814 2168 4869 sed
2208 4814 2348 4887 quod
2400 4814 2508 4873 tu’.
2558 4812 2636 4867 Ex
2680 4828 2790 4883 quo
2822 4814 2896 4869 ita
2946 4814 3265 4885 disputandi
3303 4817 3655 4872 occasionem

2075 4916 2337 4978 captant:
2369 4906 2555 4971 Vides,
2587 4906 2865 4977 inquiunt,
2889 4915 2950 4961 ut
2979 4906 3047 4961 ad
3076 4906 3501 4963 discernendum
3534 4918 3659 4980 apte

2075 4996 2293 5052 locutus
2326 4995 2419 5061 sit,
2451 5002 2505 5051 et
2529 4995 2805 5051 diversam
2834 4995 2903 5050 ab
2928 4996 3021 5051 illo
3049 4997 3385 5053 voluntatem
3409 4998 3659 5053 indicet?

2072 5089 2191 5142 Non
2213 5087 2352 5157 quod
2382 5104 2476 5159 ego
2496 5087 2636 5152 volo,
2668 5087 2759 5143 sed
2788 5089 2926 5160 quod
2953 5098 3031 5145 tu.
3056 5088 3273 5145 Fierine
3298 5104 3431 5146 vero
3450 5098 3655 5160 potest,

2075 5191 2136 5236 ut
2174 5183 2363 5237 eadem
2410 5182 2695 5237 amborum
2744 5181 2812 5237 sit
2858 5182 3122 5243 essentia,
3169 5196 3297 5238 cum
3336 5181 3393 5235 in
3422 5188 3658 5251 utroque

2073 5278 2178 5332 alia
2205 5278 2461 5333 voluntas
2494 5278 2664 5334 insit?
2698 5275 2805 5332 Sed
2839 5278 2944 5331 vim
2980 5292 3201 5332 omnem
3225 5273 3519 5331 verborum
3557 5286 3656 5342 pe—

2072 5370 2224 5425 nitus
2276 5370 2549 5441 ignorant.
2597 5370 2731 5424 Nam
2777 5379 2832 5425 et
2866 5378 3154 5440 propterea
3200 5368 3473 5423 exclamat
3510 5366 3659 5433 Apo-

2073 5463 2247 5518 stolus
2283 5480 2296 5519 :
2333 5462 2378 5518 0
2401 5462 2629 5517 altitudo
2668 5463 3057 5519 divitiaramet
3092 5461 3366 5531 sapientia:
3397 5475 3459 5513 ac
3482 5458 3655 5512 scien-

2074 5555 2165 5609 tia:
2186 5552 2283 5608 Dei
2302 5552 2372 5606 '°!
2415 5553 2700 5619 Quomodo
2750 5554 2895 5609 enim
2929 5553 3265 5609 voluntatem
3298 5550 3585 5623 propriam
3626 5560 3660 5601 ι

2184 5726 2386 5784 διοεη.
2424 5748 2482 5792 x,
2511 5732 2600 5789 18.
2677 5732 2698 5765 ⁸
2727 5732 2849 5789 Act.
2882 5746 2966 5800 Ill,
2999 5730 3086 5789 15.
3166 5733 3186 5765 '
3215 5729 3259 5787 ll
3295 5728 3427 5785 Cor.
3453 5724 3656 5796 ευμεν.

389 5793 414 5830 τ
445 5793 552 5849 lsa.
587 5809 707 5858 ιιιι,
743 5793 799 5849 ι.
877 5795 899 5825 ⁶¹
924 5795 1090 5852 Hebr.
1122 5811 1198 5862 Iv,
1224 5797 1314 5853 12.
1390 5800 1412 5832 '
1443 5798 1578 5858 Luc.
1602 5817 1740 5871 xxu,
1766 5802 1828 5859 41
1872 5817 1992 5874 sqq.
2070 5801 2116 5833 “
2140 5799 2299 5856 Rom.
2330 5817 2410 5869 xt,
2438 5802 2529 5858 55.

669 5906 947 5973 Ριτιιοε..
986 5910 1107 5973 Gn.
1144 5910 1335 5973 XLII.

3252 5912 3324 5974 ιο
