4138 6396
471 355 578 412 999
1851 347 1906 404 S.
1952 347 2046 404 ΕΡ]

2149 345 2296 402 CAN"
3639 351 3744 406 560

472 481 696 544 paterna
719 471 992 528 diversam
1027 485 1148 524 esse
1171 469 1330 534 dixit,
1365 486 1490 524 cum
1523 469 1627 524 hoc
1650 469 1912 540 apostolis
1944 471 2046 538 ίνει

2165 469 2420 539 σημαίνει
2470 467 2608 540 πρὸς
2657 469 2784 532 τοὺς
2833 469 3109 540 μαθητὰς.
3165 471 3248 524 ὅτι
3299 470 3650 539 Τετάρακται
3699 473 3741 541 ἡ

471 562 832 620 declaraverit
863 583 876 618 :
905 561 1146 616 Turbata
1187 570 1289 628 est,
1339 563 1537 632 inquit,
1579 562 1760 616 citima
1809 578 1942 618 mea.
1986 561 2046 616 Et

2157 559 2330 630 ψυχή
2350 578 2492 630 μου.
2533 560 2646 614 Kal
2675 560 2734 614 τι
2759 560 2928 626 εἴπω,
2963 561 3192 629 [Idri-2p;
3223 561 3434 616 Σῶσόν
3451 579 3528 632 με
3547 564 3617 618 ἐκ
3633 563 3738 631 τῆς

472 655 596 728 quid
633 654 1054 718 dicam,Pater1’
1087 653 1252 710 Salva
1299 671 1378 710 me
1411 671 1476 709 ea:
1513 655 1613 709 hac
1643 657 1778 710 hora
1799 657 1816 688 ¹
1848 675 1862 710 :
1907 655 2046 726 quod

2155 649 2306 717 ὥρας
2341 651 2600 719 ταύτης·
2659 650 2734 714 ὡς
2785 653 3417 722 προκατασκευαστικῶς
3463 655 3524 708 τὸ
3581 654 3739 726 ῥητὸν

475 746 620 800 velut
653 745 995 815 praeparandi
1049 746 1224 816 gratia
1277 745 1532 816 ambigue
1569 755 1896 815 conceptum
1926 754 2008 802 est
2037 761 2046 797 :

2155 741 2535 812 διηγούμενος,
2571 743 2666 796 καὶ
2689 743 3084 813 ὲπαμφιϐόλως
3110 748 3175 816 τῇ
3198 745 3340 809 λέξει
3369 747 3738 818 κεχρημένος·

473 835 614 901 Quid
639 837 836 901 dicam,
877 836 1072 906 inquit,
1111 835 1320 892 Pater?
1353 836 1516 892 Salva
1543 854 1624 892 me
1657 853 1722 892 ea:
1754 838 1854 892 hac
1884 838 2046 896 horai

2161 831 2230 884 Ὅ
2247 849 2302 884 τι
2320 833 2340 864 δ
2361 832 2527 897 εἴπω,
2543 831 2734 901 Πάτερ
2750 848 2769 898 ;
2793 834 3004 888 Σῶσόν
3013 852 3090 904 με
3110 837 3178 890 ἐκ
3199 836 3312 905 τῆς
3325 836 3479 905 ἅψας
3490 841 3738 908 ταύτηςε

472 929 612 991 Hoc,
647 929 845 1000 inquit,
879 929 1058 984 dicam
1094 947 1106 984 :
1143 927 1247 985 Sed
1265 939 1546 998 propterea
1577 931 1690 986 ueni
1715 931 1772 985 in
1793 935 1930 986 hanc
1957 931 2046 986 ho-

2157 923 2344 984 Τοῦτο,
2362 924 2550 994 φησὶν,
2570 924 2710 978 εἴπω
2729 942 2742 954 ·
2774 926 2960 981 Ἀλλὰ
2983 927 3082 982 διὰ
3111 927 3288 1002 τοῦτο
3307 925 3498 998 ἦλθον
3522 933 3608 996 εὶς
3626 932 3743 1000 τὴν

469 1037 610 1078 ram.
657 1020 868 1092 Sponte
913 1035 1107 1092 porro.
1149 1037 1258 1076 non
1302 1023 1506 1078 invitus
1553 1023 1827 1090 accessit;
1887 1039 2046 1094 supra

2154 1015 2316 1084 ὥραν
2339 1017 2588 1086 ταύτην.
2617 1013 2792 1072 *Ηλθε
2839 1018 2898 1072 δὲ
2926 1021 3027 1074 οὐκ
3049 1021 3219 1086 ἄκων,
3247 1023 3366 1076 «ἀλλ’
3395 1023 3538 1076 ἐκῶν
3563 1041 3575 1054 ·
3601 1027 3742 1078 ἀνω-

468 1114 616 1170 cnim
666 1113 928 1170 dixerat:
961 1113 1200 1168 Calicem
1247 1113 1412 1168 habeo
1461 1112 1764 1172 bibendum.
1817 1115 1890 1170 Et
1925 1118 2046 1188 quid

2154 1108 2297 1180 τέρω
2337 1109 2447 1180 γὰρ
2479 1109 2650 1179 λέγει,
2709 1111 2792 1164 ὅτι
2824 1111 3120 1180 Ποτήριον
3163 1113 3282 1182 ἕχω
3323 1115 3501 1168 πιεῖν.
3539 1115 3648 1169 Καὶ
3681 1116 3742 1170 τί

469 1205 662 1274 [utine
691 1206 858 1260 donec
879 1205 1054 1260 bibam
1087 1207 1264 1261 illum.
1305 1206 1372 1260 Et
1409 1207 1670 1276 baptismo
1697 1207 2046 1278 baptizandus

2155 1200 2397 1254 σπεύδω
2445 1201 2558 1269 ἕως
2604 1197 2678 1258 οὗ
2717 1203 2832 1256 πίω
2875 1206 3058 1269 αὺτό;
3105 1207 3212 1260 Καὶ
3260 1206 3576 1277 βάπτισμα
3620 1209 3742 1278 ἔχω

468 1313 608 1362 sunt,
637 1306 688 1352 et
721 1297 848 1368 quid
877 1297 992 1352 υοιο
1023 1299 1130 1354 nisi
1159 1307 1216 1352 ut
1237 1298 1355 1368 jam
1379 1297 1614 1366 baptizer
1635 1301 1700 1354 ’ἲ
1726 1299 1908 1366 Quare
1927 1302 1974 1356 si
1999 1309 2046 1356 et

2149 1292 2592 1361 βαπτισθῆναι·
2641 1295 2740 1350 καὶ
2778 1296 2837 1350 τί
2880 1296 3036 1352 θέλω
3077 1303 3128 1353 εί
3173 1299 3290 1369 ἤδη
3326 1301 3738 1368 ἐϐαπτίσθην;

467 1388 606 1454 vult,
645 1395 702 1443 et
731 1387 977 1450 festinat,
1025 1395 1080 1442 et
1119 1387 1285 1456 hujus
1321 1387 1398 1440 rei
1433 1388 1606 1456 gratia
1631 1387 1850 1442 venisse
1879 1401 1938 1441 se
1965 1385 2046 1440 di.

2157 1385 2217 1437 Εί
2247 1384 2425 1438 τοίνυν
2476 1385 2620 1440 θέλει
2667 1389 2765 1442 καὶ
2816 1391 3056 1454 σπεύδει,
3101 1391 3197 1444 καὶ
3245 1391 3396 1459 λέγει
3447 1394 3526 1455 είς
3577 1391 3742 1445 τοῦτο

467 1481 564 1546 cit,
599 1480 825 1552 quinam
869 1481 1032 1534 aliam
1065 1495 1244 1544 Suam,
1294 1479 1454 1532 aliam
1497 1479 1674 1534 Patris
1713 1479 2046 1533 voluntatem

2155 1475 2332 1544 ἥκειν,
2373 1475 2492 1538 πῶς
2529 1475 2656 1530 ἄλλο
2705 1477 2952 1550 βούλημα
2993 1481 3052 1533 τὸ
3093 1480 3258 1534 αὐτοῦ
3299 1481 3609 1549 ὑποφαίνει,
3643 1482 3740 1534 καὶ

466 1588 588 1628 esse
647 1572 1024 1628 demonstrat?
1075 1571 1182 1626 Sed
1229 1573 1492 1642 quoniam
1546 1587 1642 1641 per
1700 1571 2046 1626 lsraeliticam

2153 1564 2281 1618 ἄλλο
2302 1566 2396 1618 τοῦ
2415 1567 2658 1638 Πατρός;
2687 1568 3026 1640 Ἀλλ’ὲπειδὴ
3059 1571 3258 1641 ἦμελλε
3276 1572 3363 1625 διὰ
3389 1571 3484 1626 τοῦ
3521 1571 3739 1644 Ἰσραὴλ

427 1715 434 1722 .
467 1672 678 1734 gentem
729 1662 1029 1719 tradendus
1059 1661 1223 1734 785
1261 1671 1402 1726 erat,
1447 1677 1574 1717 cum
1619 1663 2046 1718 humanissimus

2155 1659 2563 1729 παραδίδοσθαι,
2609 1663 2992 1736 φιλάνθρωπος
3023 1663 3099 1717 ὢν
3143 1664 3238 1718 καὶ
3279 1665 3594 1736 φείδομενος
3635 1664 3734 1718 το)

465 1764 635 1820 esset,
683 1763 738 1810 et
786 1755 1084 1810 Abrahami
1127 1757 1288 1826 stirpi
1349 1755 1642 1810 consulere
1691 1755 1876 1816 vellet,
1926 1755 2046 1822 ejus

2156 1749 2474 1820 σπέρματος
2525 1751 2799 1824 Ἀϐραὰμ,
2833 1756 3070 1808 ἐποιεῖτο
3097 1754 3240 1824 ὑπὲρ
3259 1755 3354 1808 τοῦ
3402 1755 3534 1808 λαοῦ
3555 1755 3736 1826 λόγον.

465 1852 642 1920 gratia
677 1849 754 1902 ita
785 1848 1002 1903 locutus
1051 1853 1158 1903 est.
1190 1845 1367 1902 Porro
1417 1847 1534 1902 haec
1569 1855 1690 1900 erat
1727 1845 1908 1902 Patris
1956 1862 2046 1902 vo-

2155 1840 2228 1894 Τδ
2271 1841 2328 1894 δὲ
2356 1841 2618 1914 βούλημα
2657 1840 2726 1915 ἦν
2765 1845 2858 1898 τοῦ
2903 1846 3140 1916 Πατρὸς,
3185 1847 3247 1900 τὸ
3279 1847 3378 1918 τὴν
3423 1848 3738 1918 οἰκονομίαν

469 1939 671 2000 luntas,
709 1943 767 1990 ut
798 1935 900 1988 hoc
941 1934 1104 1990 modo
1129 1934 1653 1990 administrarentur
1681 1935 1886 1997 omnia,
1923 1950 2046 1990 cum

2153 1931 2297 1986 οὕτω
2331 1934 2684 2008 πληρωθῆναι
2715 1937 2824 1990 τῶν
2846 1939 2978 1991 υἱῶν
3009 1939 3246 2010 Ἰσραὴλ,
3273 1941 3578 2012 παραιτίων
3613 1943 3740 1994 έαυ-

469 2025 800 2098 proditionis
823 2025 948 2080 Filii
977 2039 1143 2082 causa
1175 2026 1535 2097 sibimetipsis
1561 2025 1820 2082 Israelita:
1851 2027 2046 2090 forent,

465 2135 640 2192 neque
681 2135 712 2175 a
752 2118 864 2176 Deo
905 2127 1256 2191 cogerentur,
1293 2134 1394 2174 nec
1425 2115 1549 2174 Filii
1573 2119 1824 2175 voluntas
1869 2130 1987 2176 erat
2021 2135 2050 2174 a

467 2217 694 2282 patiarne
719 2209 960 2266 diversa.
1004 2207 1112 2264 Sed
1147 2209 1202 2264 in
1231 2209 1336 2264 hoc
1375 2209 1804 2266 demonstranda
1835 2211 1906 2265 ab
1932 2211 2052 2280 ipso

467 2305 558 2360 illa
591 2303 834 2367 fuerunt,
872 2311 932 2358 ut
986 2301 1426 2373 singularitatem
1459 2317 1678 2358 omnem
1723 2302 1790 2356 ad
1831 2300 2048 2356 Patrem

467 2397 615 2452 velut
653 2394 722 2451 ad
745 2393 1076 2466 principium
1119 2394 1371 2461 referret,
1407 2409 1474 2448 ne
1505 2396 1686 2450 unitas
1729 2395 1842 2460 illa,
1875 2404 1928 2448 et
1954 2394 2050 2448 ad-

469 2487 803 2544 ministratio
835 2488 1017 2558 aliqua
1049 2503 1116 2542 ex
1156 2495 1308 2558 parte
1339 2485 1694 2540 divideretur.

535 2580 674 2636 LIX.
713 2581 919 2636 Praeter
965 2580 1102 2642 haec,
1138 2579 1268 2634 illud
1313 2581 1480 2632 etiam
1514 2577 1704 2648 objicit
1739 2577 2048 2640 haereticus,

463 2672 610 2742 quod
653 2672 708 2725 in
746 2670 1040 2741 Evangelia
1089 2670 1247 2724 Lucae
1292 2670 1558 2738 scriptum
1603 2677 1708 2730 est,
1755 2669 2046 2732 nimirum,

461 2765 593 2818 dum
625 2770 810 2818 oraret.
833 2763 1083 2818 Christus
1103 2770 1158 2816 et
1199 2763 1252 2816 in
1279 2761 1475 2831 agonia
1513 2760 1850 2814 constitutus
1878 2767 2045 2823 esset,

463 2857 714 2912 sudasse.
750 2853 816 2909 Et
845 2854 1018 2924 [actus
1057 2863 1158 2916 est,
1192 2853 1389 2922 inquit,
1427 2852 1588 2905 sudor
1615 2851 1750 2920 ejus,
1797 2861 2048 2920 tanquam

461 2959 625 3020 gutta
681 2947 957 3018 sanguinis
1006 2945 1301 3000 decidentes
1337 2945 1393 2998 in
1439 2953 1659 2997 terram.
1697 2941 1765 2996 Et
1799 2943 2048 3012 apparuit

463 3043 680 3110 angelus
713 3040 928 3094 Domini
969 3039 1276 3108 confortans
1313 3038 1482 3104 ipsum
1509 3036 1549 3090 ³.
1587 3035 1662 3088 Ex
1687 3049 1796 3104 quo
1827 3034 2046 3088 vocula-

465 3149 584 3188 rum
613 3133 702 3187 isti
739 3138 1070 3200 captatores,
1103 3129 1252 3184 velut
1285 3129 1632 3182 occasionem
1656 3126 1916 3181 adversus
1941 3125 2046 3178 ini-

2154 2027 2265 2087 τοῖς
2307 2025 2476 2080 ὄντων
2525 2029 2625 2098 τῆς
2671 2029 2764 2082 τοῦ
2803 2029 2932 2082 Υίοῦ
2967 2029 3279 2102 προδοσίας,
3331 2031 3426 2084 καὶ
3481 2033 3580 2104 οὐχ
3631 2034 3738 2086 ὑπὸ

2152 2115 2287 2170 Θεοῦ
2320 2118 2784 2191 ἀναγκαζομένων
2807 2139 2820 2152 ⁸
2857 2123 2950 2176 καὶ
2981 2123 3079 2192 οὐχ
3112 2122 3296 2194 ἕτερον
3321 2123 3568 2195 βούλημα
3591 2121 3738 2196 ἦντὸ

2153 2207 2247 2261 τοῦ
2279 2209 2411 2264 Υἱοῦ
2449 2212 2604 2283 παρά
2641 2213 2733 2266 τὸν
2761 2213 3002 2285 Πατέρα.
3047 2214 3187 2266 Ἀλλ’
3219 2214 3326 2268 ἔδει
3351 2216 3512 2268 αὑτὸν
3551 2217 3650 2269 καὶ
3677 2219 3736 2270 ὲν

2153 2300 2328 2372 τούτῳ
2370 2301 2546 2356 ταῦτλ.
2583 2303 2889 2371 δεικνύειν,
2933 2307 3022 2360 ἵνα
3076 2307 3138 2360 τὸ
3173 2308 3283 2361 πᾶν
3337 2308 3440 2378 τῆς
3507 2311 3738 2382 μονότη-

2152 2408 2246 2455 τος
2274 2393 2370 2444 ἐπὶ
2401 2394 2494 2446 τὸν
2524 2395 2746 2466 Πατέρα
2767 2397 3056 2466 ἀναγάγοι,
3091 2397 3226 2469 πρὸς
3263 2397 3324 2450 τὺ
3363 2399 3438 2470 μὴ
3473 2400 3738 2472 μερισθῆ-

2151 2486 2238 2538 ναί
2269 2503 2319 2539 τι
2351 2486 2450 2556 τῆς
2491 2489 2624 2558 μιᾶς
2659 2487 2904 2554 ἑνώσεως
2935 2492 3029 2543 καὶ
3075 2493 3408 2563 οἰκονομίας.

2219 2577 2344 2633 ΝΘ’.
2375 2578 2488 2650 Καὶ,
2521 2579 2754 2651 καθεξῆς
2791 2579 2848 2633 δὲ
2877 2581 3128 2653 ἐπιφέρει
3169 2583 3360 2652 λέγων,
3391 2585 3450 2636 ἐν
3473 2584 3554 2656 τῷ
3577 2585 3736 2657 εὔχε-

2151 2667 2276 2722 σθαι
2325 2671 2508 2735 αὐτὸν,
2551 2672 2627 2735 ὡς
2651 2672 2939 2744 γενόμενος
2967 2676 3024 2726 ὲν
3059 2675 3268 2748 ἀγωνίᾳ
3303 2679 3605 2750 ἐμφέρεται
3633 2683 3653 2714 ⁵
3677 2684 3738 2736 ἐν

2148 2759 2226 2832 τῷ
2278 2761 2419 2816 κατὰ
2451 2765 2665 2818 Λουκᾶν
2721 2765 3056 2836 Εὑαγγελίφ·
3089 2767 3360 2835 ’Ἶδρωσε,
3417 2772 3572 2841 φησὶ,
3633 2774 3736 2828 καὶ

2147 2855 2384 2925 ἐγένετο
2405 2857 2592 2912 αὐτοῦ
2609 2861 2642 2912 ὀ
2673 2858 2845 2926 ἱδρὼς
2877 2860 3022 2912 ὡσεὶ
3055 2862 3294 2930 θρόμϐοι
3321 2864 3570 2932 αἵματος
3597 2881 3736 2920 κατ-

2146 2947 2455 3016 ερχόμενοι
2477 2948 2576 3001 ἐπὶ
2595 2947 2707 3018 τῆς
2729 2947 2860 3019 γῆς.
2902 2951 3010 3004 Καὶ
3025 2953 3216 3021 ἐφάνη
3237 2953 3491 3024 ἅγγελος
3513 2959 3738 3026 Kvplov

2145 3039 2450 3108 ἐνισχύων
2471 3041 2676 3094 αὐτόν.
2703 3043 3160 3114 Προπηδήσαντες
3179 3045 3356 3099 τοίνυν
3387 3049 3436 3100 oi
3453 3047 3736 3121 λεξίθηρις

2147 3127 2310 3193 εὐθὺς
2373 3129 2450 3194 ὡς
2477 3130 2752 3202 πρόφασιν
2785 3134 2929 3188 κατά
2959 3135 3152 3204 ἐχθροῦ
3189 3137 3502 3207 εὑράμενοι,
3539 3140 3734 3209 ὲπιφέ-
3761 3124 3794 3181 ’-

465 3217 668 3280 mieum
705 3223 884 3288 nacti,
921 3237 984 3276 ac
1019 3221 1316 3292 gestientes
1348 3227 1402 3272 et
1445 3218 1788 3272 exsultantes
1824 3216 1898 3270 ita
1947 3230 2046 3270 nos

2155 3237 2306 3290 ρουσι
2335 3220 2605 3290 λέγοντες
2651 3223 2834 3295 Ὁρᾷς,
2873 3225 2955 3278 ὅτι
3001 3205 3267 3281 ἑπεδέετο-
3291 3205 3384 3282 καὶ
3429 3231 3612 3300 ἰσχύος
3633 3205 3726 3302 ἀγ·

463 3323 828 3386 oppugnant:
868 3310 1102 3366 Videsne
1151 3309 1314 3364 etiam
1359 3323 1500 3377 opus
1550 3307 1626 3360 illi
1675 3305 1842 3360 fuisse
1889 3312 1947 3370 ut
1979 3305 2049 3360 ab

464 3407 674 3476 angelis
719 3402 1213 3460 corroboraretur?
1256 3399 1645 3456 Corroboravit
1691 3399 1836 3454 enim
1897 3398 2048 3454 illum

463 3499 711 3570 angelus,
765 3513 890 3552 cum
941 3497 995 3550 in
1029 3495 1304 3548 anxietate
1351 3493 1442 3546 illa
1490 3499 1819 3546 versaretur.
1862 3487 2050 3560 Neque

467 3592 672 3653 vident,
710 3589 814 3644 nisi
851 3589 964 3644 haec
993 3587 1178 3640 omnia
1227 3583 1484 3640 Christus
1535 3582 1896 3651 suscepisset,
1943 3581 2049 3636 nisi

465 3685 580 3738 haec
613 3683 734 3752 ipsa
765 3680 926 3736 verba
952 3719 967 3740 ,
1009 3677 1134 3732 Non
1159 3693 1274 3731 mea
1319 3677 1584 3736 voluntas.
1616 3673 1706 3730 sed
1737 3683 1851 3738 tua,
1897 3689 2051 3730 usur-

463 3779 686 3842 passrt;
723 3769 828 3824 nisi
861 3783 1120 3838 angorem
1151 3768 1302 3820 illum
1333 3765 1501 3819 animi
1527 3763 1812 3826 subiisset,
1845 3778 1909 3816 ac
1943 3763 2046 3816 nisi

463 3865 700 3932 denique
735 3861 988 3917 sudorem
1019 3876 1048 3913 e
1075 3873 1304 3928 corpore
1337 3857 1678 3918 distillasset,
1711 3863 1886 3908 totum
1917 3853 2050 3906 illud

465 3959 762 4022 assumpta:
789 3952 974 4004 carnis
1007 3949 1322 4024 mysterium
1355 3947 1486 4000 nihil
1513 3957 1710 4016 praeter
1735 3945 2046 4016 opinionem

463 4059 528 4100 ac
578 4044 814 4113 speciem
851 4041 1166 4096 habiturum
1207 4039 1408 4104 fuisse;
1445 4037 1688 4110 adeoque
1719 4037 2050 4092 Manichaeo-

465 4153 588 4194 rum
619 4145 676 4192 et
712 4135 1186 4190 Marcionistarum
1229 4133 1432 4186 larvam
1480 4131 1626 4184 illam
1657 4141 1711 4186 et
1753 4131 2050 4186 adumbra-

466 4239 577 4284 tam
620 4229 934 4297 imaginem,
978 4240 1144 4296 quam
1189 4223 1259 4292 de
1296 4224 1674 4278 incarnatione
1720 4223 2044 4293 praedicant,

468 4323 612 4376 haud
647 4319 942 4376 absurdam
980 4321 1252 4384 futuram;
1306 4331 1482 4386 neque
1523 4315 1820 4386 quidquam
1861 4314 1914 4368 in
1959 4314 2047 4367 in-

466 4415 782 4471 carnatione
812 4413 929 4484 ipsa
970 4413 1145 4468 visum
1189 4410 1256 4464 iri
1297 4425 1361 4464 ex
1405 4410 1482 4464 rei
1526 4407 2042 4478 veritategestum.

466 4505 836 4571 Quamobrem
883 4503 1138 4558 Christus
1169 4499 1454 4566 Dominus,
1493 4506 1554 4553 ut
1583 4499 1751 4553 vitam
1801 4507 2045 4568 nostram

467 4614 530 4654 ac
555 4598 785 4654 salutem
815 4595 1074 4660 muniret,
1106 4594 1290 4652 omnia
1327 4593 1418 4646 illa
1449 4591 1714 4662 singulari
1749 4591 2043 4660 providen-

465 4691 556 4744 tiae
585 4705 699 4746 sua:
719 4687 1112 4758 gubernatione
1143 4686 1403 4754 suscepit,
1423 4693 1476 4738 et
1493 4700 1559 4738 ex
1581 4683 1822 4738 humano
1847 4681 2044 4736 aﬂ'ectu

465 4795 574 4834 non
607 4781 882 4842 simulate,
918 4777 1012 4832 sed
1043 4777 1186 4834 bona
1220 4775 1322 4830 fide
1352 4775 1630 4830 disseruit.
1679 4773 1880 4838 Veluti,
1921 4772 2045 4828 Non

465 4888 582 4925 mea
615 4871 878 4935 voluntas,
901 4879 961 4922 ut
992 4883 1212 4924 carnem
1243 4883 1432 4922 revera
1461 4867 1764 4922 subsistere
1791 4867 2044 4934 doceret;

466 4979 531 5018 ac
565 4972 672 5018 tam
701 4977 796 5018 eos
823 4960 1112 5022 refelleret,
1151 4961 1240 5029 qui
1283 4959 1576 5013 luunanam
1609 4961 1762 5013 illum
1804 4967 2039 5014 mentem

467 5055 722 5110 habuisse
757 5061 1040 5124 negarent,
1081 5065 1246 5122 quam
1281 5053 1371 5120 qui
1405 5067 1624 5106 carnem
1669 5051 2040 5106 detraherent.

464 5147 636 5212 Quam
663 5146 808 5200 enim
840 5143 1234 5200 admirabiliter
1265 5143 1486 5198 divinus
1514 5160 1694 5200 sermo
1723 5147 1778 5200 in
1807 5144 2039 5198 filiorum

464 5237 718 5307 ealiginis
752 5236 932 5291 medio
965 5236 1310 5298 consistens,
1343 5251 1532 5292 eorum
1571 5237 1824 5291 tenebras
1849 5233 2041 5290 redar-

463 5329 600 5400 guit,
632 5343 696 5382 ac
719 5328 964 5384 veritatis
1005 5327 1144 5384 ﬁlios
1171 5329 1440 5383 illustrat!
1477 5329 1866 5398 Animadverte
1899 5327 2042 5382 enim

463 5435 629 5490 quam
659 5422 830 5474 multa
850 5421 908 5474 in
937 5423 1026 5474 illa
1051 5421 1298 5476 oratione
1325 5421 1610 5476 connuoda
1637 5403 1770 5478 sint.
1802 5420 2043 5474 Primum

467 5511 536 5564 ab
581 5511 670 5576 iis,
697 5527 819 5580 quae
850 5515 1100 5584 corporis
1135 5513 1378 5582 expertia
1421 5522 1570 5575 sunt,
1613 5527 1836 5566 manare
1879 5510 2050 5564 sudor

467 5615 578 5655 non
615 5609 814 5668 potest.
856 5599 1036 5668 Quare
1067 5605 1168 5658 hoc
1213 5606 1351 5672 ipso,
1379 5602 1524 5672 quod
1554 5603 1755 5658 sudore
1780 5599 2042 5664 difﬂuxit,

545 5757 560 5788 ⁸
586 5757 744 5815 Joan.
781 5773 880 5824 xu,
907 5757 998 5814 27.
1073 5761 1094 5792 ⁸
1130 5760 1261 5816 Luc.
1295 5776 1392 5824 xu,
1415 5760 1503 5815 50.
1583 5755 1760 5813 3Luc.
1795 5772 1926 5820 xum,
1957 5754 2048 5810 Η.

2150 3312 2354 3380 γέλων;
2401 3313 2682 3386 Ἐνίσχυσε
2716 3315 2824 3386 γὰρ
2871 3317 3032 3372 αὐτὸν
3073 3320 3101 3372 ό
3151 3319 3400 3390 ἄγγελος·
3433 3324 3490 3376 ὲν
3523 3324 3734 3398 ἀγωνίᾳ

2151 3403 2259 3474 γάρ
2291 3403 2453 3467 αὐτὸς
2479 3405 2714 3472 ἐγένετο.
2751 3407 2861 3460 Καὶ
2898 3410 2997 3462 οὐκ
3043 3409 3238 3472 ἴσασιν,
3267 3413 3368 3476 ὅτι,
3407 3415 3499 3468 ὲάν
3530 3416 3604 3486 μὴ
3635 3417 3736 3488 ἔχῃ

2151 3492 2326 3546 πάντα
2357 3492 2548 3556 ταῦτα,
2595 3494 2690 3547 καὶ
2730 3495 2811 3558 τὸ,
2839 3497 2936 3565 Μὴ
2963 3498 3109 3566 ἔων
3131 3500 3435 3570 βούλημα.
3477 3504 3642 3558 ἀλλὰ
3669 3506 3732 3560 τὸ

2151 3583 2287 3646 σόν,
2319 3585 2412 3637 καὶ
2445 3585 2540 3638 ὲάν
2579 3586 2654 3658 μὴ
2688 3587 2992 3659 ἀγωνιὰσῃ,
3031 3590 3124 3642 καὶ
3165 3591 3260 3644 ἐὰν
3291 3594 3364 3664 μὴ
3401 3593 3560 3666 ἱδρὼς
3583 3597 3734 3668 αὐτῷ

2150 3675 2373 3746 γένηται
2403 3677 2470 3728 ὲκ
2499 3675 2751 3747 σώματος
2785 3681 3167 3750 προχεόμενος,
3203 3684 3310 3753 ἄρα
3349 3685 3568 3755 δόκησις
3595 3685 3663 3758 ἦν
3699 3691 3736 3761 ἡ

2151 3767 2414 3839 ἕνσαρκος
2443 3769 2678 3840 Χριστοῦ
2721 3773 3013 3844 παρουσία,
3047 3776 3140 3827 καὶ
3173 3775 3388 3845 εὔλογος,
3419 3781 3568 3848 παρά
3613 3784 3736 3836 Μα-

2151 3861 2373 3931 νιχαίων
2396 3862 2486 3914 καὶ
2515 3863 2944 3934 Μαρκιωνιστῶν
2977 3869 3011 3937 ἡ
3041 3869 3168 3937 περὶ
3187 3870 3482 3937 φαντασίας
3509 3871 3734 3944 δόκησις

2149 3953 2549 4026 τῆςένσάρκου
2586 3959 2887 4027 παρουσίας
2939 3959 3194 4023 ὑπόθεσις
3235 3961 3439 4032 ᾄδεται,
3485 3965 3578 4016 καὶ
3629 3965 3733 4018 οὐκ

2150 4045 2512 4115 ἀληθεστάτη.
2536 4047 2719 4102 Ταῦτα
2744 4049 2800 4101 δὲ
2829 4051 3026 4113 πάντα,
3045 4053 3545 4125 ἐπασφαλιζόμενος
3573 4057 3734 4127 ἡμῶν

2148 4137 2248 4208 τὴν
2279 4136 2446 4208 ζωὴν,
2481 4139 2550 4192 τὰ
2581 4139 2678 4192 ὅλα
2720 4140 3006 4206 ἀνεδέξατο
3037 4145 3414 4216 οἰκονομικῶς,
3447 4147 3733 4220 ἀνθρωπο-

2149 4227 2295 4300 παθῆ
2323 4245 2446 4283 τινα
2479 4229 2794 4301 διηγήματα
2821 4231 2979 4302 ἔχων,
3010 4234 3110 4288 οὐκ
3141 4236 3412 4306 εἰρωνείᾳ,
3445 4238 3558 4290 ἀλλ’
3592 4239 3730 4310 ἀληοο

2149 4319 2290 4392 Θεία,
2324 4321 2406 4384 τὺ,
2440 4323 2560 4374 Οὐκ
2593 4322 2740 4390 ἐμὸν
2761 4323 3010 4392 θέλημα,
3045 4325 3130 4377 ἵνα
3165 4325 3312 4398 δείξῃ
3355 4329 3556 4400 σαρκὸς
3591 4331 3728 4384 ὑπό-
3797 4335 3803 4340 ’

2151 4428 2336 4466 στασιν
2364 4410 2641 4483 ἀληθινὴν,
2664 4412 2755 4466 καὶ
2783 4415 2866 4466 ἵνα
2881 4414 3074 4488 ἐλέγξῃ
3089 4417 3213 4479 τοὺς
3235 4418 3492 4485 λέγοντας
3507 4421 3631 4474 νοῦν
3655 4423 3731 4494 μὴ

2149 4503 2442 4574 ἐσχηκέναι
2464 4504 2629 4558 αὐτὸν
2651 4505 3013 4576 ἀνθρώπινον,
3041 4508 3132 4560 καὶ
3153 4509 3346 4581 ἐλέγξῃ
3374 4513 3500 4575 τοὺς
3526 4513 3602 4586 μὴ
3639 4513 3731 4567 λέ-

2149 4611 2343 4662 γοντας
2367 4594 2544 4666 σάρκα
2563 4595 2724 4648 αὑτὸν
2757 4597 3050 4666 ἐσχηκέναι
3093 4599 3216 4661 Πῶς
3245 4601 3352 4668 γὰρ
3385 4600 3528 4665 θεῖος
3555 4606 3732 4674 Λόγος

2149 4685 2251 4736 ἀνα
2258 4683 2419 4754 μέσον
2433 4683 2537 4736 τῶν
2551 4684 2680 4736 υἱῶν
2691 4684 2785 4736 τοῦ
2799 4686 3022 4750 σκότους
3038 4685 3207 4749 ἑστὼς
3221 4687 3431 4758 ἐλέγχει
3445 4689 3504 4741 τὸ
3518 4693 3730 4760 σκότος,

2151 4777 2375 4848 φωτίζει
2400 4777 2456 4830 δὲ
2485 4777 2610 4840 τοὺς
2644 4777 2791 4841 υἱοὺς
2823 4780 2922 4850 τῆς
2951 4777 3238 4850 ἁληθείας;
3271 4781 3414 4854 Ὅρα
3446 4782 3556 4854 γὰρ
3591 4785 3736 4839 πόσα

2151 4870 2394 4940 χρήσιμα
2448 4870 2506 4920 ἐν
2551 4866 2628 4938 τῷ
2687 4867 2830 4939 λόγῳ
2880 4868 3074 4940 τούτῳ.
3139 4871 3271 4924 Ἀπὸ
3315 4873 3630 4944 ἀσωμάτων
3667 4877 3732 4931 οὗ

2148 4959 2474 5032 προέρχεται
2507 4957 2684 5030 ἱδρώς.
2720 4961 2806 5012 Ἐν
2835 4960 2891 5014 δὲ
2921 4961 2998 5031 τῷ
3017 4961 3190 5032 τούτῳ
3225 4963 3500 5031 γενέσθαι,
3527 4966 3732 5034 ἔδειξεν

2148 5049 2406 5120 ἀληθινὴν
2457 5049 2654 5120 σάρκα,
2691 5051 2784 5102 καὶ
2819 5053 2879 5104 οὐ
2913 5052 3133 5122 δόκησιν
3165 5053 3273 5106 ἀπὸ
3298 5055 3498 5126 σαρκὸς
3525 5057 3583 5110 ἐν
3609 5057 3726 5111 Θεό-

2147 5160 2271 5214 τητι
2327 5141 2734 5212 συνηνωμένης.
2793 5143 2976 5213 Χωρὶς
3003 5144 3111 5214 γὰρ
3149 5143 3328 5215 ψυχῆς
3375 5149 3467 5200 καὶ
3501 5148 3620 5212 vol»;
3665 5151 3732 5204 οὐ

2147 5233 2356 5302 γίνεται
2387 5231 2612 5300 ἀγωνία.
2649 5231 3102 5298 Ἀγωνιεύσαντος
3125 5234 3182 5286 δὲ
3215 5233 3399 5300 αὑτοῦ,
3433 5235 3604 5302 ἔδειξε
3623 5239 3732 5308 ψυ-

2146 5324 2268 5393 χὴν,
2309 5322 2404 5376 καὶ
2445 5319 2622 5390 σῶμα,
2665 5321 2760 5373 καὶ
2797 5320 2920 5374 νοῦν
2949 5323 3040 5374 ἐπὶ
3077 5323 3137 5376 τὸ
3163 5323 3293 5376 αὐτὸ
3329 5329 3728 5396 πεφορηκέναι,

2145 5414 2268 5467 ὅθεν
2307 5416 2340 5484 ἡ
2380 5413 2586 5482 ἀγωνία
2637 5412 2903 5480 φαίνεται.
2962 5416 3072 5468 Καὶ
3116 5417 3276 5471 πάλιν
3319 5419 3378 5470 ὲν
3417 5419 3496 5488 τῷ
3529 5424 3724 5484 εἰπεῖν,

2147 5507 2243 5576 Μὴ
2279 5505 2344 5560 τὸ
2371 5507 2518 5575 ἐμὸν
2549 5507 2796 5576 θέλημα,
2828 5509 2990 5562 ἀλλὰ
3009 5508 3076 5561 τὸ
3103 5509 3242 5572 σὸν,
3277 5510 3478 5578 ἔδειξεν
3509 5515 3731 5584 ἀληθῶς

2148 5597 2274 5652 νοῦν
2319 5595 2677 5667 ἀνθρώπινον,
2716 5597 2831 5651 ἀλλ’
2864 5599 3264 5671 ἀναμάρτητον,
3307 5602 3371 5655 Ἦ
3396 5604 3504 5676 γὰρ
3536 5603 3731 5676 0361.,”-

2153 5751 2432 5820 ‘.ch.1:i.
2511 5753 2531 5784 ⁸
2559 5751 2688 5826 Leg.
2727 5755 2802 5818 ὡς
2843 5755 2976 5824 ὲμφ.
