4138 6396
429 346 558 404 503.

1817 341 1874 394 S.
1916 335 2260 394 EPIPHANll

3585 326 3694 386 504

429 480 495 521 ac
518 464 628 521 Deo
653 462 1027 520 fortitudinem
1048 463 1396 520 ascribimus.
1427 463 1626 519 Eodem
1656 461 1822 533 igitur
1844 461 2007 516 modo

2116 458 2246 512 θεοῦ
2272 456 2371 527 τὴν
2397 454 2625 527 δύναμιν
2655 451 3110 523 ὡμολογήσαμεν,
3140 450 3234 504 καὶ
3260 448 3381 520 Θεῷ
3408 448 3509 520 τὴν
3539 449 3692 520 ἰσχὺν

431 561 657 631 angelus
702 574 798 630 per
847 560 978 614 illud
1010 568 1224 629 tempus
1270 559 1622 614 excellentem
1653 557 1871 612 Domini
1914 556 2003 612 sui

431 653 695 708 adversus
737 652 987 709 homines
1032 652 1419 722 benignitatem
1453 651 1750 714 admirans,
1797 657 1852 706 et
1899 649 2003 705 ob-

2107 547 2548 619 ἀποδεδὼκαμεν·
2576 544 2720 600 οὓτω
2747 543 2842 598 καὶ
2878 545 2907 596 ὁ
2936 542 3187 612 ἄγγελος,
3212 543 3335 595 κατ’
3354 541 3570 612 ἐκείνην
3593 541 3695 614 τὴν

2105 640 2255 712 ὥραν
2292 640 2599 710 θαυμάσας,
2630 641 2725 692 καὶ
2763 636 3200 707 ἐκπληττόμενος
3251 635 3351 706 τὴν
3383 632 3692 704 ὑπερϐολὴν

431 755 776 816 stupesceus,
811 746 974 816 787
1012 745 1160 815 quod
1208 759 1332 799 cum
1388 744 1533 800 Deus
1584 750 1750 808 esset,
1773 749 1830 799 et
1879 756 2005 798 cum

2116 733 2208 804 τῆς
2238 731 2332 786 τοῦ
2366 733 2495 786 ἰδίου
2528 732 2796 786 Δεσπότου
2827 729 3259 801 φιλανθρωπίας,
3291 729 3394 791 ὅτι,
3434 725 3566 789 Θεὸς
3595 726 3671 778 ὢν

429 835 594 891 Patre
644 835 966 892 adoraretur
1013 837 1068 891 in
1111 837 1272 898 ccelo,
1303 844 1469 906 atque
1517 835 1588 890 ab
1639 834 1847 906 angelis
1890 834 2006 890 suis

431 927 842 992 observaretur,
874 941 939 982 eo
979 942 1152 999 usque
1181 926 1421 996 abjicere
1449 939 1511 982 se
1543 939 1643 981 sua
1678 931 1874 995 sponte
1909 938 2008 978 vo-

431 1020 644 1085 luisset,
674 1025 732 1074 ut
757 1018 825 1074 ad
847 1019 962 1074 haec
986 1018 1363 1086 descenderet,
1391 1033 1458 1074 ac
1474 1032 1699 1074 carnem
1730 1016 2018 1072 indueret.

501 1185 688 1267 Neque
726 1199 829 1252 hoc
873 1206 1083 1252 tantum
1120 1217 1132 1252 :
1165 1197 1259 1253 sed
1302 1197 1385 1252 vel
1430 1194 1632 1267 opiticii
1686 1194 1772 1249 sui
1817 1208 2004 1258 causa,

429 1289 537 1344 hoc
565 1297 649 1346 est
679 1289 938 1353 hominis,
970 1291 1252 1344 cruciatus
1278 1288 1509 1359 perpeti,
1540 1295 1596 1344 et
1620 1287 1674 1342 in
1699 1299 1866 1342 cruce
1899 1286 2009 1341 suf-

431 1381 524 1451 ﬁgi
574 1396 686 1436 non
716 1380 1010 1445 dubitaret,
1041 1396 1104 1436 ac
1142 1388 1372 1436 mortem
1421 1379 1756 1451 degustaret,
1787 1386 2009 1433 mortem

431 1480 609 1534 autem
651 1473 820 1526 crucis
853 1474 908 1538 ¹;
950 1481 1008 1527 ιιι
1049 1466 1146 1544 per
1183 1475 1363 1544 ipsum
1405 1473 1570 1527 homo
1636 1481 1900 1544 tropaeum
1942 1469 2012 1525 de

434 1573 610 1620 morte
638 1572 903 1620 statueret
936 1583 949 1619 :
972 1582 1213 1636 eumque,
1238 1565 1328 1636 qui
1352 1565 1536 1618 mortis
1561 1565 1837 1634 imperium
1866 1562 2008 1616 obti-

434 1655 608 1721 nebat,
627 1655 905 1712 diabolum
928 1657 1199 1724 videlicet,
1231 1657 1520 1724 aboleret’,
1560 1673 1622 1710 ac
1651 1656 2010 1725 principatum

433 1765 638 1804 omnem
665 1759 715 1804 et
748 1758 1056 1820 potestatem
1083 1751 1216 1805 velut
1262 1751 1319 1805 in
1344 1748 1604 1815 triumpho
1648 1746 1946 1801 traduceret
1967 1747 2007 1799 ³.

2107 828 2203 880 καὶ
2235 829 2332 880 σὺν
2383 827 2558 898 Πατρὶ
2598 824 3076 898 προσκυνούμενος
3125 823 3183 874 ἐν
3216 818 3453 892 οὐρανῷ,
3483 819 3577 872 καὶ
3605 818 3666 870 θε

2110 920 2483 992 ραπευόμενος
2509 919 2613 972 ὑπὸ
2651 919 2798 972 ἰδίων
2841 915 3091 984 ἀγγέλων
3116 914 3302 978 αὑτοῦ,
3329 915 3408 976 εἰς
3439 910 3692 966 τοσοῦτον

2110 1010 2402 1082 ὑπέμεινεν
2443 1010 2548 1081 ἰδίᾳ
2583 1009 2836 1080 βουλήσει
2883 1005 3149 1069 ἑκουσίως
3187 1002 3381 1070 ἐλθεῖν,
3418 1004 3513 1056 καὶ
3545 1001 3694 1055 ἐνδύ-

2110 1101 2305 1155 σασθαι
2329 1101 2528 1174 σάρκα.

2183 1194 2296 1247 Kal
2321 1195 2381 1246 οὐ
2414 1195 2593 1264 μόνον,
2630 1192 2768 1248 ἀλλά
2794 1193 2888 1246 καὶ
2915 1193 3044 1262 ἄχρι
3073 1189 3166 1243 τοῦ
3202 1188 3394 1242 παθεῖν
3427 1189 3567 1258 ὑπὲρ
3600 1187 3694 1240 τοῦ

2113 1285 2244 1340 ίδίου
2297 1286 2612 1357 πλάσματος
2651 1287 2751 1356 τῆς
2786 1285 3132 1355 ἀνθρωπείας
3161 1282 3392 1351 φύσεως.
3433 1283 3694 1352 ὑπομένει

2109 1380 2203 1432 καὶ
2240 1377 2369 1451 ἄχρι
2409 1379 2643 1450 σταυροῦ
2687 1379 3082 1450 παραδοθῆναι,
3118 1376 3454 1448 γευσάμενος
3505 1392 3565 1428 τε
3601 1375 3696 1428 θαι

2109 1471 2292 1534 νάτου,
2328 1471 2586 1526 θανάτου
2629 1471 2697 1524 δὲ
2740 1471 3027 1538 σταυροῦ,
3069 1472 3218 1533 ὅπως
3251 1471 3318 1524 δι’
3365 1467 3530 1523 αὑτοῦ
3569 1467 3696 1538 τρό-

2112 1581 2274 1618 παιον
2307 1564 2406 1634 μὲν
2459 1563 2602 1617 κατά
2642 1562 2737 1615 τοῦ
2773 1562 3006 1616 θανάτου
3041 1563 3075 1632 ἡ
3121 1561 3479 1634 ἀνθρωπότης
3521 1559 3695 1624 λάϐοι,

2112 1656 2460 1726 καταργήσῃ
2483 1655 2550 1707 δὲ
2575 1656 2678 1708 τὸν
2706 1654 2773 1708 τὸ
2801 1653 3017 1722 κράτος
3040 1653 3260 1722 ἔχοντα
3290 1651 3397 1706 τοῦ
3416 1649 3697 1714 θανάτου,

2111 1747 2386 1804 τουτέστι
2411 1747 2518 1800 τὸν
2531 1746 2834 1810 διάϐολον,
2859 1744 2956 1798 καὶ
2973 1745 3341 1814 θριαμϐεύσῃ
3371 1741 3577 1797 πᾶσαν
3599 1742 3700 1809 ἀρ-

433 1841 615 1910 Quare
647 1843 875 1912 angelus
916 1843 1006 1898 ille
1047 1842 1409 1898 admiratione
1442 1856 1506 1896 ac
1537 1848 1762 1911 stupore
1794 1838 2005 1909 percul-

2116 1839 2234 1910 χὴν
2283 1839 2382 1892 καὶ
2415 1837 2726 1903 ἐξουσίαν.
2763 1836 2854 1889 Διὸ
2884 1836 2978 1890 καὶ
3007 1834 3300 1906 θαυμάζων
3329 1834 3424 1887 καὶ
3463 1833 3701 1904 ἐκπλητ-

435 1949 553 2000 sus,
582 1943 637 1989 et
667 1932 957 1988 Dominum
1001 1949 1161 1988 suum
1202 1931 1522 1988 collaudans
1563 1944 1629 1984 ac
1667 1928 2006 2000 praedicans,

433 2025 525 2095 qui
565 2025 617 2079 in
647 2025 743 2079 tali
777 2032 1094 2092 scamtuate,
1125 2031 1180 2080 et
1209 2023 1279 2078 ad
1312 2032 1421 2077 tam
1457 2023 1782 2079 inusitatum
1831 2036 2006 2091 opus.

433 2117 581 2172 velut
625 2117 678 2170 in
713 2116 1002 2186 procinctu
1043 2125 1292 2179 steterat,
1339 2116 1420 2171 sic
1469 2114 1620 2171 illum
1675 2112 2007 2183 compellat:

437 2205 555 2262 Tua
595 2217 674 2262 est
718 2207 985 2271 adoratio,
1030 2218 1177 2261 tuum
1220 2208 1519 2277 imperium,
1561 2221 1653 2261 tua
1693 2207 1882 2266 virtus.
1919 2215 2012 2260 tua

436 2301 714 2371 fortitudo,
750 2308 807 2354 ut
835 2298 982 2371 quod
1017 2314 1047 2352 a
1078 2298 1262 2370 Moyse
1283 2300 1548 2369 scriptum
1595 2305 1679 2354 est
1720 2298 2006 2368 impleret:

435 2391 746 2461 Ccnfortent
770 2392 943 2462 ipsum
987 2407 1165 2446 omnes
1199 2391 1370 2462 angeli
1391 2390 1490 2445 Dei
1509 2391 1550 2444 ⁵.
1589 2388 1778 2444 Videte
1805 2389 2008 2460 itaque,

433 2485 636 2540 Christi
679 2483 898 2550 famuli,
947 2499 1011 2539 ac
1046 2492 1249 2540 sanctae
1294 2483 1386 2539 Dei
1430 2482 1685 2539 Ecclesia:
1726 2493 1781 2538 et
1820 2483 2010 2537 orthoo

434 2579 589 2633 dera:
629 2577 908 2649 religionis
949 2578 1065 2641 lilii,
1100 2593 1264 2648 quam
1301 2578 1436 2632 nihil
1475 2577 1528 2631 in
1573 2575 1855 2648 Scriptura
1891 2591 2015 2647 per-

435 2667 653 2738 plexum
699 2683 764 2722 ac
802 2665 1103 2726 ﬂexuosum
1154 2667 1246 2728 sit,
1301 2665 1398 2723 sed
1433 2667 1611 2722 omnia
1663 2667 1730 2722 ad
1767 2675 2010 2720 nostram

435 2757 664 2812 salutem
711 2758 911 2828 scripta
951 2759 1060 2813 sint
1100 2758 1493 2814 admirabiliter
1535 2769 1590 2814 et
1633 2759 1894 2830 perfecte.
1943 2761 2015 2816 At

437 2850 526 2906 tsti
563 2850 710 2905 unici
757 2849 849 2905 Dei
899 2851 1014 2914 lilii,
1056 2863 1109 2906 ct
1153 2853 1328 2906 sancti
1366 2850 1604 2922 Spiritus
1637 2853 1841 2909 inimici
1878 2853 2014 2908 nihil

437 2955 545 2994 non
594 2941 774 2994 hostili
820 2941 1004 2994 animo
1048 2943 1311 3011 cogitant,
1357 2942 1660 3013 callideque
1688 2943 2011 3000 moliuntur.

433 3033 591 3088 Absit
641 3047 770 3088 vero
813 3042 869 3086 ut
912 3047 1014 3088 nos
1061 3033 1304 3087 animum
1343 3036 1669 3090 commentis
1729 3035 2012 3091 hominum

435 3124 792 3180 adhibeamus
814 3146 826 3180 ;
852 3126 983 3195 quin
1008 3126 1187 3195 potius
1210 3123 1499 3180 Dominum
1523 3135 1774 3183 nostrum
1797 3127 2011 3182 ﬁrmata

435 3215 896 3286 eorroborataque
925 3223 1104 3271 mente
1134 3215 1506 3281 celebremus,
1552 3231 1656 3271 nec
1688 3215 1743 3270 in
1766 3231 1833 3272 eo
1855 3233 2010 3271 man-
2037 3191 2081 3249 θ

436 3324 560 3364 cum
619 3307 824 3379 aliquid
878 3323 1001 3365 esse
1045 3309 1413 3379 suspicemur.
1450 3305 1586 3362 Nam
1636 3309 1685 3365 si
1734 3308 1782 3364 is
1815 3309 1911 3379 qui
1944 3309 2013 3366 ad

434 3400 936 3472 repraesentandum
968 3400 1212 3456 omnium
1245 3401 1475 3457 salutem
1515 3401 1756 3467 advenit,
1794 3402 1876 3457 vel
1913 3402 2014 3456 mi-

436 3491 646 3546 nimum
706 3491 760 3546 in
805 3505 866 3546 se
901 3489 1173 3547 defectum
1207 3491 1398 3556 habet,
1433 3492 1658 3562 quinam
1699 3507 1731 3547 a
1763 3493 1880 3549 suis
1913 3491 2013 3548 de-

438 3582 675 3640 fectibus
701 3579 972 3637 vindicari
999 3589 1254 3637 creatura
1286 3582 1522 3652 poterit?

510 3759 645 3816 LXI.
685 3759 792 3817 Sed
825 3762 1035 3817 instant
1076 3761 1512 3819 adversariorum
1541 3777 1694 3820 more
1721 3762 1883 3834 (nam
1931 3779 2020 3820 re-

438 3867 568 3909 vera
596 3851 840 3908 Judaicis
877 3851 1230 3923 opinionibus
1265 3851 1457 3908 imbuti
1493 3861 1643 3917 sunt,
1673 3867 1774 3908 nec
1812 3853 1880 3908 ab
1904 3853 2016 3909 illis

440 3954 800 4017 praeterquam
836 3943 1204 4014 appellatione
1226 3943 1552 4014 dissident).
1581 3942 1740 4008 Novi,
1768 3943 2015 4015 inquam,

439 4036 532 4091 isti
554 4034 721 4090 Judaei
748 4044 939 4092 contra
957 4035 1269 4092 Catholicos
1292 4036 1658 4107 insurgentes,
1677 4043 1732 4092 et
1752 4037 2018 4094 adversus

443 4128 779 4185 Salvatorcm
821 4129 1071 4201 quaedam
1115 4129 1280 4186 verba
1329 4129 1680 4196 meditantes,
1735 4137 1796 4185 ut
1838 4130 2016 4201 ipsum

443 4234 754 4276 sermonum
785 4235 1010 4277 suorum
1036 4221 1530 4292 laqueisirretiant,
1561 4230 1622 4274 ut
1647 4221 1703 4274 in
1725 4219 2020 4291 Evangelio

444 4313 705 4384 scriptum
743 4323 826 4370 est
855 4316 900 4379 ⁵,
925 4315 1058 4370 illud
1099 4315 1276 4385 ipsum
1317 4313 1476 4370 nobis
1521 4314 1790 4385 objiciunt
1823 4332 1835 4368 :
1875 4313 2022 4368 Dixit

442 4405 686 4475 pendens
713 4407 766 4461 in
801 4422 964 4463 cruce
1003 4407 1298 4462 Christus:
1334 4406 1441 4470 Eli,
1479 4405 1588 4470 Eli,
1623 4406 1816 4460 lemma
1860 4404 2021 4460 saba-

443 4499 666 4554 ctltam‘?
693 4500 796 4554 hoc
827 4508 933 4563 est,
969 4501 1108 4555 Deus
1150 4517 1315 4567 meus,
1370 4501 1504 4555 Deus
1538 4516 1705 4564 meus,
1735 4515 1898 4569 quare
1939 4515 2021 4555 mc

441 4592 764 4662 dereliquisti
791 4593 845 4646 ‘?
876 4592 1062 4657 Vides,
1094 4593 1368 4664 inquiunt,
1401 4603 1461 4648 ut
1490 4593 1880 4649 miserabiliter
1907 4591 2014 4648 im-

442 4684 637 4750 ploret,
684 4698 749 4737 ac
793 4684 991 4754 lugeat,
1021 4693 1074 4738 et
1118 4683 1300 4738 dicat:
1335 4684 1513 4749 Quare
1542 4699 1622 4738 me
1651 4683 2019 4754 dereliquisti.’

440 4771 627 4844 Neque
658 4773 764 4828 hoc
797 4774 980 4829 animo
1014 4776 1342 4844 percipiunt,
1373 4775 1541 4847 788
1578 4775 1827 4832 homines
1865 4775 2018 4830 viru-

440 4865 586 4921 lenta
611 4865 716 4920 hac
748 4865 865 4920 Arii
897 4867 1134 4932 insania,
1175 4870 1322 4923 velut
1360 4871 1593 4940 quadam
1627 4870 1872 4941 crapula.
1901 4885 2022 4941 gra-

438 4958 568 5022 vati,
606 4971 671 5011 ac
701 4955 794 5012 Dei
840 4958 1167 5029 cognitionis
1207 4969 1493 5030 expertes;
1525 4961 1795 5016 humanos
1823 4975 2017 5016 omnes

440 5046 669 5106 allectus
717 5049 773 5103 in
821 5047 1045 5106 Christo
1077 5049 1310 5110 Domino
1365 5053 1745 5123 agnoscendus
1787 5053 1842 5108 in
1888 5067 2016 5108 vera

441 5139 589 5197 illius
634 5141 1014 5198 incarnatione
1065 5158 1128 5197 ac
1164 5144 1502 5201 conﬁtendos
1537 5161 1678 5202 esse.
1730 5146 1911 5218 Atque
1960 5147 2017 5201 in

440 5231 633 5300 primis
659 5231 728 5286 ab
753 5247 863 5287 uno
883 5232 939 5287 in
961 5233 1104 5288 aliud
1135 5233 1433 5288 desultorio
1463 5250 1615 5291 more
1643 5246 2013 5302 transeuntes,

441 5321 573 5392 quid
615 5323 682 5377 de
719 5337 785 5378 eo
827 5324 1172 5380 sentiendum
1205 5325 1547 5382 decreverint
1593 5329 2016 5395 obliviscuntur,

442 5428 546 5468 nec
575 5414 629 5467 in
657 5427 766 5468 uno
798 5421 943 5470 statu
974 5416 1305 5471 consistunt.
1341 5415 1525 5488 Neque
1563 5419 1709 5473 enim
1740 5420 1898 5474 aliter
1937 5421 2020 5474 fa-

442 5519 567 5560 cere
595 5513 848 5575 possunt,
880 5505 974 5576 qui
1019 5516 1200 5563 mente
1225 5507 1524 5579 desipiunt.
1553 5507 1723 5581 Igitur
1759 5526 2021 5567 nonnuna

442 5605 604 5663 quam
643 5595 976 5652 Salvatorem
1012 5597 1158 5652 hunc
1183 5609 1457 5664 asserunt,
1508 5610 1562 5656 et
1608 5600 1919 5669 Dominum,
1954 5621 2020 5661 ac

521 5711 791 5788 ‘Plti_ii_pp.
830 5731 889 5785 ιι,
927 5716 978 5771 8.

445 5797 616 5850 xxvii,
646 5784 730 5838 47.

2109 1933 2337 2002 τόμενος
2357 1932 2384 1984 ὁ
2409 1929 2637 1998 ἄγγελος
2666 1928 2852 1997 ἔλεγεν
2887 1928 3056 2000 αὐτῷ,
3087 1927 3383 1997 ὁοξολογῶν
3400 1928 3496 1981 καὶ
3524 1926 3702 1997 εὐφη-

2114 2023 2230 2094 μῶν
2256 2023 2346 2076 τὸν
2380 2022 2510 2076 ῖδιον
2531 2023 2807 2093 Δεσπότην
2831 2021 2924 2074 ἐπὶ
2949 2020 3028 2092 τῷ
3053 2019 3278 2092 τοιούτῳ
3306 2021 3588 2090 σκάμματι
3605 2019 3702 2072 καὶ

2111 2117 2534 2190 παραδοξοποιίᾳ
2559 2113 2791 2182 ἐστὼτα,
2821 2117 2904 2170 ὃτι
2946 2115 3032 2185 Σή
3064 2114 3236 2169 ἐστιν
3272 2115 3312 2183 ἡ
3357 2113 3699 2180 προσκύνη-

2111 2225 2232 2276 σις,
2258 2212 2378 2264 σόν
2422 2210 2554 2264 ἐστι
2583 2208 2647 2262 τὸ
2679 2208 2912 2277 κράτος,
2942 2208 3025 2278 σή
3067 2208 3239 2261 ἐστιν
3259 2205 3586 2275 ήδύιιάμις,
3617 2203 3700 2272 σή

2111 2302 2280 2356 ἐστιν
2301 2302 2339 2369 ἡ
2366 2303 2565 2370 ἰσχύς·
2592 2301 2680 2354 ἵνα
2708 2300 2972 2373 πληρώσῃ
3025 2299 3089 2353 τὸ
3144 2299 3296 2371 παρὰ
3345 2298 3566 2351 Μωῦσεῖ
3608 2313 3714 2364 γε-.

2111 2393 2454 2465 γραμμένον,
2483 2394 2564 2446 ὅτι
2604 2391 3145 2462 Ἐνισχυσάτωσαν
3164 2389 3324 2456 αὐτῷ
3357 2388 3581 2455 πάντες
3608 2387 3706 2458 ἄγ-

2113 2490 2278 2558 γελοι
2335 2485 2504 2541 Θεοῦ.
2537 2484 2646 2539 Kal
2692 2485 2877 2556 ὁρᾶτε,
2931 2482 3168 2554 Χριστοῦ
3203 2481 3555 2553 θεράποντες,
3610 2480 3705 2533 καὶ

2115 2577 2222 2632 υἱοὶ
2261 2577 2361 2648 τῆς
2411 2575 2572 2645 ἁγίας
2605 2576 2700 2630 τοῦ
2739 2575 2876 2630 Θεοῦ
2928 2574 3260 2643 Ἐκκλησίας
3292 2574 3387 2627 καὶ
3421 2570 3703 2644 ὸρθοδόξου

2115 2669 2372 2732 πίστεως,
2427 2669 2508 2722 ὃτι
2541 2667 2695 2721 οὐδὲν
2725 2669 2783 2720 ἐν
2815 2670 2882 2739 τῇ
2926 2665 3048 2738 θείᾳ
3091 2666 3282 2737 Γραφῇ
3321 2664 3554 2730 σκολιὸν,
3585 2662 3704 2716 ούδέ

2116 2759 2574 2830 στραγγαλιῶδες·
2617 2758 2754 2813 ἀλλά
2783 2759 2853 2813 τά
2905 2759 3083 2814 πάντα
3132 2757 3452 2830 θαυμασίως
3494 2758 3573 2821 εἰς
3605 2756 3706 2828 τὴν

2115 2853 2388 2925 ἡμετέραν
2430 2853 2705 2925 σωτηρίαν
2735 2853 3069 2924 γέγραπται,
3112 2851 3207 2906 καὶ
3233 2850 3594 2905 τετελείωται.
3637 2850 3706 2904 Oi

2112 2946 2170 2999 δὲ
2203 2947 2616 3020 προειρημένοι,
2663 2947 2720 3000 ἐν
2752 2945 2925 3018 ἔχθρᾳ.
2958 2945 3112 3008 ὄντες
3145 2943 3283 3015 πρὸς
3310 2943 3402 2996 τὸν
3440 2941 3703 3012 μονογενῆ

2117 3036 2245 3090 Υίὸν
2275 3035 2370 3090 τοῦ
2397 3035 2534 3090 Θεοῦ
2568 3037 2664 3091 καὶ
2692 3036 2831 3108 πρὸς
2869 3035 2930 3089 τὸ
2962 3035 3116 3104 ἅγιον
3143 3033 3388 3106 Πνεῦμα,
3424 3033 3598 3088 πάντα
3628 3031 3704 3094 ὼς

2116 3125 2301 3198 ἐχθροὶ
2354 3125 2690 3181 διανοοῦνταί
2747 3143 2808 3179 τε
2842 3125 2938 3179 καὶ
2978 3123 3311 3195 σοφίζονται.
3349 3123 3510 3194 Ἢμίν
3542 3121 3598 3175 δὲ
3631 3121 3706 3192 μὴ

2113 3218 2324 3287 γένοιτο
2373 3216 2740 3289 ἀνθρωπίνοις
2796 3217 3100 3287 σοφίσμασι
3163 3215 3544 3286 προσανέχειν,
3589 3211 3710 3267 ἀλλ’

2113 3308 2258 3382 ἐχειν
2280 3309 2372 3362 τὸν
2406 3309 2597 3363 ἐαυτὸν
2623 3308 2748 3363 νοῦν
2767 3309 3105 3380 ἐρρωμένον,
3131 3308 3284 3373 ὅπως
3313 3308 3403 3362 τὸν
3425 3307 3521 3380 μὲν
3544 3307 3706 3378 ἡμῶν

2117 3401 2396 3473 Δεσπότην
2437 3400 2772 3474 δοξάσωμεν,
2812 3401 2979 3472 μηδὲν
3019 3401 3077 3455 δέ
3133 3419 3187 3456 τι
3237 3399 3616 3472 ὴλαττωμὲνον
3649 3401 3707 3451 ἐν

2113 3491 2261 3564 αύτῷ
2282 3491 2680 3564 διανοηθῶμεν.
2711 3493 2780 3546 Et
2813 3493 2922 3566 γὰρ
2953 3494 2982 3546 ὁ
3002 3493 3074 3548 τά
3118 3495 3298 3549 πάντα
3331 3491 3503 3547 ἐλθὼν
3533 3493 3707 3546 σῶσαι

2113 3582 2227 3654 ἔχει
2275 3581 2659 3654 ἐλαττώματος
2712 3600 2766 3637 τι
2799 3584 2858 3638 ἐν
2903 3582 3106 3654 ἐαυτῷ,
3150 3583 3269 3647 πῶς
3327 3582 3633 3656 σωθήσεται
3671 3583 3705 3653 ἡ

2113 3674 2289 3739 κτίσις
2320 3676 2429 3729 ἀπὸ
2459 3675 2568 3729 τῶν
2605 3675 2751 3730 ἰδίων
2784 3676 3213 3749 ἐλαττωμάτων;
3693 3738 3695 3740 ,

2186 3765 2308 3824 ΞΑ’.
2341 3767 2513 3822 Πάλιν
2565 3767 2624 3822 δὲ
2668 3767 3134 3839 ἐπιλαμϐάνονται
3191 3767 3380 3839 ὥσπερ
3420 3765 3703 3822 ἀντίδικον

2118 3858 2239 3930 (καὶ
2271 3859 2380 3930 γάρ
2418 3859 2557 3912 εἰσιν
2603 3856 2875 3928 Ἰουδαῖκῷ
2908 3858 3218 3929 φρονήματι
3243 3856 3574 3926 ἐγκείμενοι,
3613 3855 3708 3909 καὶ

2120 3951 2286 4023 μηδὲν
2338 3950 2562 4004 ἐκείνων
2592 3947 2974 4012 διαλάττοντες
3006 3947 3143 4020 πλὴν
3177 3946 3272 4001 τοῦ
3306 3947 3572 4018 ὀνόματος
3617 3944 3706 4015 μό-

2117 4046 2230 4114 νον)
2263 4043 2314 4096 οί
2364 4042 2526 4096 πάλιν
2553 4043 2687 4113 ἡμῖν
2719 4041 3044 4112 ἐπιφύοντες
3061 4040 3173 4096 νέοι
3207 4036 3711 4109 Ἰουδαῖοι,ζητοῦν-

2116 4151 2210 4200 τες
2240 4133 2383 4188 κατὰ
2401 4132 2494 4187 τοῦ
2524 4132 2776 4204 Σωτῆρος
2803 4131 2978 4199 λέξεις
2997 4130 3169 4196 τινάς,
3195 4131 3343 4193 ὅπως
3369 4128 3708 4198 παγιδεύσω-

2121 4245 2206 4282 σιν
2238 4225 2401 4280 αὑτὸν
2432 4226 2490 4278 ἐν
2532 4224 2696 4295 λόγῳ,
2743 4224 2926 4288 καθὼς
2951 4223 3056 4295 ἔφη
3087 4221 3149 4276 τὸ
3173 4222 3328 4291 ἆγιον
3354 4220 3704 4290 Εὑαγγέλιον.

2119 4321 2230 4375 Καί
2247 4336 2432 4389 φασιν⁹
2459 4317 2686 4388 Ἔλεγεν
2711 4319 2770 4371 ἐν
2803 4317 2881 4388 τῷ
2899 4314 3139 4388 σταυρῷο
3184 4314 3332 4380 Ἠλὶ,
3365 4312 3514 4376 Ἠλὶ.
3541 4310 3709 4381 λημᾶ

2121 4414 2478 4484 σαϐαχθανί’
2515 4413 2789 4476 τουτέστι,
2823 4411 2931 4467 Θεέ
2957 4430 3098 4482 μου,
3138 4409 3244 4465 Θεέ
3269 4427 3411 4480 μου,
3439 4409 3541 4461 ἵνα
3556 4399 3611 4462 τί
3631 4425 3710 4476 με·

2124 4506 2548 4578 ἐγκατέλιπες;
2597 4508 2707 4560 Kal
2737 4507 2889 4580 δρᾷς,
2930 4506 3113 4575 φασὶν,
3140 4503 3372 4575 οἰκτρῶς
3401 4501 3562 4555 αὑτὸν
3600 4517 3708 4553 πα-

2129 4596 2491 4670 ρακαλοῦντα,
2550 4599 2646 4652 καὶ
2697 4581 3124 4670 ἀποδυρόμενον,
3167 4596 3262 4650 καὶ
3293 4595 3537 4664 λέγοντα’
3577 4594 3710 4648 Ἵνα

2123 4691 2182 4744 τί
2201 4707 2278 4761 με
2305 4689 2735 4759 ἐτκατέ.ίιπες;
2768 4690 2878 4744 Kal
2903 4691 3004 4744 οὐκ
3037 4691 3216 4743 ἴσασιν
3245 4690 3295 4742 οἱ
3341 4686 3450 4742 ἀπὸ
3483 4686 3577 4741 τοῦ
3610 4687 3706 4754 δη-

2124 4781 2382 4855 λητηρίου
2440 4783 2628 4838 τούτου
2675 4783 2777 4854 τῆς
2830 4783 2926 4837 τοῦ
2976 4784 3184 4855 Ἀρείου
3239 4781 3434 4853 μανίας
3471 4780 3710 4851 καρηϐα-

2129 4874 2367 4945 ροῦντες,
2412 4875 2506 4929 καὶ
2533 4878 2599 4947 τῇ
2649 4875 2859 4947 διανοίᾳ
2892 4876 2991 4945 τῆς
3026 4874 3122 4928 τοῦ
3152 4873 3287 4928 Θεοῦ
3317 4873 3571 4942 γνώσεως
3601 4871 3710 4924 λει-

2125 4965 2372 5034 πόμενοι,
2406 4966 2488 5019 ὅτι
2517 4967 2600 5020 δεῖ
2629 4967 2697 5019 τά
2722 4965 3126 5038 ἀνθρωποπαθῆ
3178 4965 3356 5019 πάντα
3389 4966 3448 5018 ἐν
3482 4963 3562 5034 τῷ
3597 4965 3710 5016 Κυ-

2127 5057 2227 5128 ρίῳ
2255 5057 2630 5128 ὁμολογεῖσθαι
2660 5059 2719 5111 ἐν
2749 5059 2815 5129 τῇ
2843 5056 3093 5128 ἐνσάρκῳ
3108 5055 3272 5110 αὐτοῦ
3309 5055 3535 5127 ἀληθινῇ
3564 5071 3706 5124 παρ-

2125 5148 2302 5220 ουσίᾳ.
2329 5149 2438 5202 Kal
2461 5148 2674 5220 πρῶτον
2711 5149 2808 5220 μὲν
2830 5147 2898 5201 τὰ
2923 5165 2988 5201 πε
2998 5148 3052 5217 pl
3074 5147 3238 5201 αὐτοῦ
3283 5147 3358 5211 ὡς
3396 5145 3704 5218 φρονοῦσιν,

2126 5241 2235 5294 ἀπὸ
2256 5241 2458 5312 ἐτέρων
2479 5241 2556 5304 εἰς
2589 5240 2752 5310 ἕτερα
2788 5240 3204 5312 μεταπηδῶντες
3239 5238 3704 5298 ἐπιλανθάνονται,

2131 5333 2260 5403 μίαν
2303 5331 2376 5404 μὴ
2410 5333 2623 5403 ἔχοντες
2654 5331 3010 5388 κατάστασιν.
3060 5331 3185 5395 Πῶς
3225 5330 3334 5402 γὰρ
3361 5330 3613 5383 δύνανται
3657 5329 3706 5382 οἱ

2125 5431 2191 5499 τῇ
2244 5427 2452 5498 διανοίᾳ
2503 5425 2577 5498 μὴ
2608 5425 3046 5498 σωφρονοῦντες;
3079 5425 3217 5480 Ποτέ
3253 5425 3351 5496 μὲν
3397 5424 3506 5494 γὰρ
3529 5423 3708 5491 λέγειν

2127 5520 2357 5590 Σωτῆρα
2391 5517 2670 5589 βούλονται
2718 5517 2902 5583 αὑτὸν,
2932 5518 3026 5571 καὶ
3051 5516 3274 5589 Κύριον,
3324 5516 3418 5570 καὶ
3453 5515 3705 5587 Χριστὸν,

2127 5611 2223 5665 καὶ
2249 5610 2355 5680 πρὸ
2382 5611 2601 5664 πάντων
2630 5608 2863 5675 αἰώνων,
2898 5610 2994 5663 καὶ
3025 5608 3290 5679 δεσπότην
3334 5608 3582 5678 ἀγγέλων
3611 5607 3708 5662 καὶ

1087 5720 1106 5749 ³
1131 5717 1292 5775 Hebr.
1327 5737 1386 5788 ιι,
1419 5722 1504 5778 ll.
1613 5724 1632 5757 ³
1663 5725 1875 5784 Coloss.
1909 5744 1972 5796 ιι,
2003 5729 2014 5784 l

2193 5731 2215 5762 ‘
2243 5729 2404 5788 Deut.
2429 5745 2607 5798 xxx",
2639 5729 2729 5785 45.
2831 5731 2851 5763 ⁵
2885 5728 3074 5784 Matth.
3106 5743 3238 5794 χιιι,
3283 5727 3368 5782 15.
3463 5727 3484 5757 ⁶
3513 5725 3702 5781 Matth.
