4138 6396
411 394 514 452 505

1111 398 1482 460 ADVERSUS
1518 401 1861 460 HERESES
1895 403 2021 462 LIB.
2060 406 2124 465 ll.
2163 406 2326 465 T031.
2370 406 2434 463 ll.
2474 439 2542 451 -
2579 404 2852 462 HERES.
2884 403 3068 461 LXIX.

3563 357 3664 454 sec

410 515 785 586 ἀρχαγγὲλων,
811 517 878 572 δι’
910 511 973 574 οὗ
1007 517 1078 573 τὰ
1105 519 1202 574 ὄλα
1233 519 1542 592 γεγένηται,
1574 521 1750 593 ἀρχαί
1795 539 1854 576 τε
1901 525 1994 578 καὶ

2113 510 2396 591 Ξιινίεῑυηι,
2442 503 2806 596 omnibusque
2838 521 3174 594 superiorem
3216 518 3450 586 saeculis,
3483 524 3537 571 et
3568 531 3662 570 an-

410 606 674 672 εξουσίαι,
705 609 930 679 ἄγγελοί
959 628 1019 664 τε
1040 612 1136 666 καὶ
1163 612 1514 682 ἀρχάγγελοι,
1535 613 1775 684 οὐρανοὶ,
1807 614 1902 668 καὶ
1927 614 1998 668 τὰ

413 697 612 762 πάντα,
649 701 720 770 γῆ
768 718 829 754 τε
865 702 960 755 καὶ
1006 703 1208 767 πάντες
1250 703 1549 776 ἄνθρωποι,
1577 706 1672 758 καὶ
1698 705 1876 758 πάντα
1927 705 1999 759 τὰ

413 790 508 842 ἐπὶ
528 793 660 861 γῆς,
693 791 939 848 θάλασσᾶ
991 811 1052 847 τε
1077 795 1171 848 καὶ
1201 795 1270 849 τὰ
1291 795 1350 849 ὲν
1391 796 1562 868 αὐτῇ.
1590 798 1702 849 Καὶ
1723 795 1769 849 ὣ
1797 797 2001 868 πολλῆς

414 881 755 954 ἠλιθιότητος
782 885 889 938 τῶν
913 884 985 939 τὰ
1019 885 1248 941 τοιαῦτα
1280 888 1408 959 περὶ
1437 887 1606 941 αὐτοῦ
1645 887 1997 954 δοξαζόντων,

416 977 512 1026 καὶ
543 974 778 1029 ἐνταῦθα
813 977 888 1048 μὴ
918 977 1202 1043 νοούντων,
1232 980 1313 1032 ὅτι
1345 980 1407 1032 οὐ
1447 979 1670 1034 δύναται
1703 980 1732 1032 6
1758 979 1865 1052 πρὸ
1892 979 2000 1033 τῶν

390 1099 392 1113 1
418 1064 632 1120 αἰώνων
662 1068 803 1122 κατὰ
827 1069 925 1141 τὴν
957 1070 1120 1124 αὑτοῦ
1145 1071 1392 1143 θεότητα,
1424 1072 1493 1125 δι’
1525 1067 1585 1128 οὗ
1610 1075 1639 1126 6
1666 1073 1894 1143 οὐρανὸς
1909 1073 2003 1126 καὶ

389 1189 394 1203 ‘
419 1160 494 1228 Ὑῆ
520 1161 832 1233 γεγένηται,
863 1163 1083 1232 ἄγγελοι
1111 1181 1172 1217 τε
1202 1165 1298 1219 καὶ
1320 1165 1670 1238 ἀρχάγγελοι,
1693 1167 1788 1220 καὶ
1822 1166 2001 1230 ἁπαξ-

389 1249 611 1314 -απλῶς
645 1250 713 1304 τὰ
743 1251 1052 1322 σύμπαντα,
1096 1253 1270 1326 ὁρατά
1297 1271 1359 1308 τε
1394 1255 1490 1308 καὶ
1538 1255 1746 1327 ἀόρατα
1799 1254 2002 1325 ταύτην

423 1343 525 1411 τὴν
551 1343 734 1415 φωνὴν
762 1343 826 1397 ἐκ
851 1343 1142 1416 προσώπου
1171 1347 1271 1418 τῆς
1298 1346 1463 1400 αὐτοῦ
1499 1346 1752 1418 θεότητος
1783 1347 1962 1417 λέγειν
1985 1365 1998 1378 ·

427 1433 533 1487 Θεέ
554 1452 694 1504 μου,
714 1435 820 1490 Θεέ
843 1454 984 1505 μου,
1013 1437 1113 1490 ἵνα
1132 1437 1190 1490 τί
1203 1455 1281 1506 με
1304 1437 1724 1508 ἐγκατέλιπες;

2100 620 2340 689 gelorum
2373 628 2534 688 atque
2580 616 3029 686 arcliangelorum
3056 613 3356 678 dominum,
3381 627 3477 685 per
3505 625 3668 680 quem

2100 710 2281 763 omnia
2311 709 2532 764 condita
2571 715 2719 772 sunt,
2761 707 3098 778 principatus
3121 706 3328 760 scilicet
3351 712 3405 758 et
3427 708 3668 774 potesta-

2102 806 2204 861 tes,
2246 797 2420 867 angeli
2459 805 2512 852 ct
2546 796 2878 866 archangeli,
2921 795 3045 849 coeli
3091 804 3146 849 et
3187 809 3308 864 qua:
3340 794 3394 847 in
3430 791 3498 846 iis
3540 797 3670 846 sunt
3708 835 3718 848 ι

2104 890 2378 948 universa.
2426 902 2637 941 necnon
2675 895 2728 940 et
2770 893 2922 940 terra
2968 901 3094 938 cum
3142 884 3394 939 omnibus
3432 879 3670 951 homini-

2104 982 2228 1047 bus,
2266 982 2442 1051 iisque
2469 995 2590 1050 quae
2626 981 2678 1032 in
2707 987 2850 1033 terra
2879 989 3039 1038 sunt:
3077 993 3140 1031 ac
3169 976 3403 1046 denique
3430 988 3579 1029 mare
3614 980 3671 1028 et

2104 1089 2225 1144 quae
2255 1073 2392 1128 mari
2432 1071 2801 1127 continentur.
2843 1068 2888 1125 Ο
2917 1069 3286 1124 incredibilem
3318 1081 3504 1121 eorum
3535 1064 3672 1120 stul-
3698 1101 3702 1104 -

2105 1166 2298 1231 titiam,
2334 1165 2425 1235 qui
2461 1180 2585 1219 cum
2616 1164 2691 1218 ita
2732 1163 2801 1218 de
2841 1163 2936 1218 illo
2974 1161 3231 1221 sentiant,
3263 1159 3317 1214 in
3350 1159 3521 1212 altero
3560 1172 3672 1211 non

2106 1256 2311 1320 vident,
2343 1256 2456 1311 ﬁeri
2481 1270 2589 1310 non
2618 1269 2802 1324 posse,
2835 1261 2892 1307 ut
2914 1253 3007 1323 qui
3036 1252 3316 1308 divinitate
3348 1264 3448 1304 sua
3471 1249 3672 1304 smcula
3745 1309 3765 1327 ι

2079 1345 2392 1402 antecedat
2416 1345 2620 1408 omnia,
2651 1344 2745 1414 qui
2778 1344 2980 1398 cmlum
3035 1338 3674 1424 terramquel'abricarit,

2083 1445 2159 1492 let
2211 1436 2431 1509 angelos
2458 1476 2473 1503 ,
2505 1441 2668 1505 atque
2703 1433 3082 1504 archangelos,
3123 1440 3199 1499 et,
3248 1438 3309 1485 ut
3358 1443 3469 1484 uno
3513 1427 3676 1482 verbo

426 1524 630 1591 dicam,
679 1529 863 1583 omnia
899 1535 1010 1583 tam
1053 1545 1174 1599 quae
1221 1531 1572 1601 aspectabilia
1626 1541 1776 1596 sunt,
1829 1547 1994 1603 quam
2028 1546 2152 1602 qua-'2
2171 1537 2450 1601 aspectum
2484 1528 2718 1600 fugiunt,
2750 1528 2798 1582 is
2827 1532 2904 1591 ut,
2963 1525 3210 1596 inquam,
3265 1519 3537 1594 ejusmodi
3584 1533 3662 1574 vo

425 1628 544 1668 cem
561 1631 625 1671 ex
647 1631 877 1686 persona
910 1633 1023 1674 sua:
1049 1619 1352 1674 divinitatis
1373 1621 1644 1677 ediderit:
1688 1621 1830 1678 Deus
1869 1638 2036 1687 meus,
2093 1621 2235 1676 Deus
2283 1637 2449 1685 meus,
2492 1630 2551 1674 ut
2597 1618 2720 1689 quid
2764 1617 3092 1688 dereliquisti
3138 1616 3261 1670 me?

498 1707 636 1759 Πότε
663 1707 772 1778 γὰρ
802 1709 1195 1782 ἐγκατελείφθη
1223 1710 1350 1774 Υἱὸς
1378 1712 1484 1766 ἀπὸ
1507 1713 1749 1785 Πατρός;
1787 1712 1918 1766 πότε
1945 1711 2003 1765 δὲ

426 1799 526 1867 οὺχ
555 1799 584 1850 6
630 1798 756 1861 Υἱὸς
787 1801 844 1852 ὲν
879 1799 956 1870 τῷ
988 1801 1184 1872 Πατρὶ,
1215 1803 1312 1856 καὶ
1335 1803 1364 1854 6
1395 1802 1583 1875 Πατὴρ
1606 1804 1664 1856 ὲν
1693 1803 1840 1873 Υἱῷ;
1887 1803 2010 1856 Ἐπὶ

565 1888 664 1956 μὲν
689 1859 798 1960 γόιρ
815 1892 845 1944 6
868 1859 1013 1955 Υίὸς,
1045 1859 1187 1946 mihi
1215 1893 1347 1956 Θεὸς
1373 1859 2014 1966 Λόγοέιβεϐήκειίοὺραα
2044 1859 2082 1913 Β

431 1978 524 2031 νοῦ
560 1978 616 2031 δὲ
635 1979 860 2050 ἥπτετο,
895 1982 989 2035 καὶ
1011 1981 1212 2046 πάντες
1233 1982 1419 2054 ἐχθροὶ
1443 1983 1777 2055 ἐπληροῦντο
1802 1987 1899 2054 τῆς
1919 1984 2010 2036 αὺ-

430 2069 524 2121 τοῦ
553 2069 729 2141 δόξης.
778 2071 888 2124 Καὶ
921 2074 980 2127 ἐν
1021 2073 1210 2145 Μαρίᾳ
1253 2073 1542 2145 ἐτύγχανε,
1590 2075 1686 2128 καὶ
1731 2075 2014 2146 ἄνθρωπος

431 2161 670 2229 ἐγένετο,
717 2162 855 2216 ἀλλὰ
892 2166 961 2236 τῇ
994 2163 1222 2234 δυνάμει
1271 2163 1438 2219 αὐτοῦ
1485 2164 1723 2236 ἐπλήρου
1757 2164 1827 2218 τὰ
1872 2162 2013 2234 σύμ-

432 2269 632 2307 παντα.
664 2254 788 2319 Πῶς
822 2249 915 2308 οὖν
942 2257 971 2308 6
1001 2255 1242 2318 τοιοῦτος
1267 2256 1360 2310 καλ⁵
1391 2256 1708 2327 τηλικοῦτος
1732 2255 1874 2310 κατὰ
1917 2255 2016 2326 τὴν

432 2345 599 2398 αὐτοῦ
629 2345 880 2416 θεότητα,
927 2345 1161 2417 οἰκτρῶς
1207 2345 1412 2416 ἔλεγεν
1466 2347 1606 2413 Ἠλὶ,
1651 2347 1802 2412 Ἠλὶ,
1854 2347 2019 2416 λημᾶ

431 2434 804 2505 σαϐαχθανι;
841 2438 1107 2501 τουτέστι,
1163 2437 1268 2492 Θεέ
1315 2456 1458 2507 μου,
1517 2437 1623 2492 Θεέ
1658 2455 1798 2508 μου,
1837 2438 1938 2491 ἵνα
1960 2437 2019 2491 τί

431 2522 824 2591 ἐγκατέλιπές
865 2541 943 2594 με
961 2541 980 2588 ;
1036 2525 1212 2579 καίτοι
1277 2525 1443 2580 αὐτοῦ
1502 2526 1769 2596 λεγοντος⁹
1826 2525 2018 2581 Πάλιν

433 2614 786 2684 ἀπέρχομαι,
841 2616 938 2669 καὶ
982 2619 1094 2671 οὐκ
1121 2618 1274 2685 eiwa
1321 2617 1478 2687 ὑμᾶς
1507 2617 1828 2688 ὀρφανοὺς,
1878 2619 2017 2673 ἀλλ’

435 2707 683 2774 ἔρχομαι
723 2707 874 2774 πρὸς
907 2706 1083 2775 ὑμᾶς.
1115 2709 1225 2761 Καὶ
1255 2707 1418 2762 πάλιν
1453 2708 1644 2780 ἑτέρῳ
1665 2709 1816 2779 τόπῳ
1847 2709 2014 2778 λέγει’

451 2791 640 2861 Ἀμὴν
657 2793 816 2862 λέγω
843 2795 1003 2868 ὑμῖν·
1027 2795 1258 2863 Πάντες
1295 2797 1466 2867 ὑμεῖς
1489 2798 2017 2868 σκανδαλισθήσε-

439 2886 550 2938 σθε
570 2883 641 2936 ἐν
669 2884 746 2954 τῇ
773 2886 944 2940 νυκτὶ
976 2889 1161 2957 ταύτῃ
1204 2890 1274 2943 ἐν
1318 2889 1470 2958 ἐμοὶ,
1498 2889 1600 2944 καὶ
1625 2889 2020 2958 καταλείψετέ

435 2993 515 3045 με
557 2977 780 3044 πάντες
821 2981 1031 3048 μόνον.
1083 2981 1246 3036 Ἀλλ’
1293 2984 1403 3037 οὐκ
1463 2981 1580 3051 εἰμὶ
1623 2983 1833 3052 μόνος,
1882 2981 2019 3036 ἀλλ’

415 3065 574 3146 ¹ἔστι
596 3068 724 3136 μετ’
758 3067 903 3136 ἐμοῦ
943 3072 976 3123 ὁ
1014 3070 1316 3140 γεννήσας
1337 3089 1415 3141 με
1442 3071 1664 3141 Πατήρ·
1695 3072 1789 3126 καὶ
1836 3073 2017 3127 πάλιν⁶

2177 1709 2530 1778 Quandonam
2547 1709 2690 1764 enim
2709 1723 2738 1762 a
2753 1707 2914 1762 Patre
2932 1705 3224 1762 derelictus
3240 1711 3324 1760 est
3349 1700 3561 1758 Filius?
3589 1714 3686 1760 aut

2112 1801 2329 1872 quando
2350 1817 2454 1856 non
2483 1801 2536 1854 in
2556 1799 2716 1855 Patre
2729 1797 2904 1854 Filius
2940 1796 3172 1860 exstitit,
3189 1804 3244 1851 et
3259 1794 3420 1850 Pater
3441 1794 3494 1848 in
3513 1791 3690 1846 Filio?

2098 1894 2319 1948 Etenim
2338 1908 2460 1947 cum
2481 1893 2569 1947 ille
2598 1892 2714 1961 ipse
2741 1889 2934 1954 Filius,
2955 1904 3022 1944 ac
3042 1888 3187 1943 Deus
3211 1885 3446 1941 Verbum
3467 1884 3520 1938 in
3536 1890 3681 1937 terra

2110 1986 2468 2050 consisteret,
2499 1984 2699 2038 cmlum
2735 1982 2953 2036 interim
2999 1979 3318 2051 attingebat,
3355 1985 3409 2032 et
3433 1974 3681 2030 inimicos

2111 2092 2301 2131 omnes
2333 2075 2517 2146 gloriae
2536 2090 2649 2130 suae
2665 2073 2956 2145 splendore
2975 2072 3301 2142 complebat.
3334 2068 3398 2122 Et
3426 2067 3482 2122 in
3503 2065 3682 2120 Maria

2113 2169 2330 2238 quidem
2372 2175 2528 2222 utero
2555 2167 2853 2222 conclusus
2882 2171 3023 2230 erat,
3066 2179 3132 2218 ac
3159 2168 3411 2218 naturam
3447 2157 3684 2213 hominis

2113 2261 2394 2326 induebat,
2436 2259 2531 2316 sed
2559 2261 2761 2315 virtute
2785 2273 2885 2314 sua
2907 2257 3147 2328 replebat
3175 2256 3451 2311 universa.
3478 2253 3683 2308 Potuit-

2092 2365 2184 2406 ne
2220 2351 2346 2405 talis
2375 2366 2440 2405 ac
2483 2358 2671 2406 tantus
2704 2350 2820 2405 hinc
2857 2365 2922 2405 ex
2957 2347 3263 2403 divinitatis
3310 2360 3546 2416 persona
3573 2352 3684 2399 tam

2115 2444 2364 2515 lugubria
2410 2443 2624 2499 dicere:
2666 2441 2776 2509 Eli,
2814 2441 2921 2505 Eli,
2966 2441 3159 2496 lemma
3187 2438 3542 2494 sabacthani?
3587 2438 3687 2492 hoc

2115 2544 2221 2602 est,
2257 2535 2397 2589 Deus
2428 2551 2594 2599 meus,
2636 2534 2779 2589 Deus
2807 2551 2974 2597 meus,
3004 2549 3168 2604 quare
3193 2532 3522 2602 deretiquisti
3570 2532 3688 2586 me?

2115 2626 2423 2682 Praesertim
2453 2643 2577 2682 cum
2608 2626 2700 2682 ille
2745 2628 2863 2696 ipse
2898 2625 3164 2681 dixisset:
3191 2623 3395 2679 Iterum
3429 2623 3586 2688 vado,
3640 2633 3690 2678 et

2117 2735 2221 2774 non
2260 2719 2554 2788 relinquam
2598 2735 2686 2772 vos
2743 2717 3042 2786 orphanos;
3094 2718 3184 2772 sed
3229 2716 3374 2770 venio
3420 2715 3488 2768 ad
3533 2731 3619 2770 vos
3645 2715 3687 2769 ⁸.

2118 2809 2256 2864 Tum
2295 2811 2402 2864 alio
2430 2811 2585 2864 loco:
2621 2809 2782 2862 Amen
2813 2808 2934 2862 dico
2967 2807 3109 2863 vobis
3132 2824 3150 2862 :
3177 2807 3372 2863 Omnes
3407 2825 3495 2862 vos
3538 2823 3690 2863 scan-

2117 2899 2300 2954 dalum
2335 2902 2606 2970 patiemini
2661 2900 2760 2954 hac
2797 2909 2946 2955 nocte
2975 2901 3030 2954 in
3059 2917 3159 2965 me,
3188 2910 3238 2954 et
3268 2901 3570 2970 relinquetis
3613 2917 3692 2954 me

2118 2993 2336 3047 solum‘.
2358 2991 2476 3062 Ego
2509 3002 2684 3046 autem
2712 3008 2815 3045 non
2857 3007 2975 3046 sum
3018 2991 3162 3046 solus
3185 3031 3200 3056 ,
3233 2992 3322 3046 sed
3351 3001 3429 3046 est
3459 3007 3692 3056 mecum,

2119 3084 2211 3152 qui
2244 3085 2416 3153 genuit
2447 3100 2526 3137 me
2558 3082 2718 3137 Pater
2737 3085 2781 3137 ⁸.
2814 3083 2947 3138 ltem
2977 3099 2994 3138 :
3037 3082 3207 3147 Vada,
3235 3093 3283 3137 et
3312 3084 3522 3136 mittam
3549 3083 3693 3137 vobis

411 3217 418 3229 ,
459 3157 834 3228 Ἀπέρχομαι,
863 3160 962 3216 καὶ
1017 3161 1333 3216 ἀποστελῶ
1383 3162 1526 3234 ὑμῖν
1563 3163 1630 3217 τὸ
1655 3162 1902 3233 Πνεῦμα
1951 3164 2017 3218 τὸ

2125 3172 2383 3242 Spiritum
2425 3186 2688 3240 sanctum,
2722 3177 2813 3246 qui
2840 3193 2872 3229 a
2907 3175 3072 3230 Patre
3101 3175 3354 3246 procedit,
3396 3184 3445 3230 et
3487 3176 3552 3230 de
3581 3191 3693 3229 meo

445 3248 634 3318 ἅγιον,
679 3250 746 3303 τὸ
779 3250 846 3304 ἐκ
878 3251 984 3306 τοῦ
1029 3252 1258 3322 Πατρός
1306 3254 1800 3324 ἐκπορευόμενον,
1823 3255 1920 3308 καὶ
1954 3255 2020 3309 τὸ

445 3341 591 3410 ἐμοῦ
642 3343 970 3413 λαμϐάνον·
1016 3345 1108 3398 καὶ
1167 3346 1326 3400 πάλιν
1380 3348 1438 3399 ὲν
1477 3346 1621 3417 ἄλλῳ
1664 3346 1835 3417 τόπῳ·
1884 3347 2024 3416 Ἐγὼ

448 3432 660 3499 κρούω,
711 3433 809 3486 καὶ
853 3433 963 3487 ἐάν
1003 3435 1095 3500 τίς
1130 3453 1234 3505 μοι
1285 3437 1495 3506 ἀνοίξῃ
1517 3477 1532 3501 ,
1563 3438 2027 3507 εὶσελευσόμεθα

447 3523 598 3592 πρὸς
635 3526 821 3579 αὐτὸν
879 3527 994 3597 ἐγὼ
1031 3528 1130 3581 καὶ
1183 3533 1215 3583 d
1263 3528 1464 3599 Πατήρ
1507 3547 1642 3597 μου,
1695 3531 1794 3585 καὶ
1827 3529 2028 3600 μονὴν

447 3615 782 3685 ποιήσομεν
815 3618 950 3687 παρ’
967 3618 1144 3685 αὐτῷ·
1175 3619 1250 3683 ὼς
1280 3621 1444 3674 αὐτοῦ
1499 3624 1562 3674 ὲκ
1585 3621 1677 3675 τοῦ
1702 3623 1912 3695 Πατρὸς
1951 3624 2025 3694 μὴ

450 3707 1082 3779 ἑγκαταλιμπανομένου,
1136 3711 1210 3774 ὼς
1254 3713 1349 3764 καὶ
1405 3714 1434 3764 6
1476 3713 1666 3785 Πατὴρ
1695 3715 1781 3767 ἀεὶ
1823 3714 1918 3766 σὺν
1949 3713 2028 3783 τῷ

453 3795 586 3865 Υξῷ,
620 3797 696 3857 ὡς
718 3797 812 3850 τοῦ
837 3799 992 3867 ἁγίου
1029 3800 1348 3871 Πνεύματος
1375 3802 1471 3854 σὺν
1490 3804 1665 3874 Πατρὶ
1697 3803 1790 3857 καὶ
1820 3803 1953 3874 Υἱῷ.

519 3888 638 3944 EB’.
672 3890 737 3942 Τί
771 3886 885 3957 οὖν,
934 3893 1118 3961 φασὶν,
1163 3892 1310 3945 ἐστιν
1335 3893 1363 3945 6
1406 3892 1560 3961 λόγος
1583 3886 1738 3958 οὗτος
1764 3894 1822 3947 ὃν
1853 3891 2027 3961 εἶπεν,

451 3982 537 4034 ὅτι
567 3981 672 4035 Θεέ
695 4000 832 4050 μου,
869 3983 974 4037 Θεέ
992 4002 1134 4052 μου,
1164 3986 1266 4038 ἵνα
1287 3985 1344 4038 τί
1365 4003 1442 4055 με
1467 3985 1888 4056 ὲγκατέλιπες;
1910 3988 2027 4041 Τίνι

451 4072 509 4124 δὲ
536 4073 596 4124 οὐ
635 4073 804 4142 σαφὲς
842 4076 948 4146 εἴη,
977 4076 1056 4130 ὃτι
1085 4077 1192 4130 ἀπὸ
1232 4075 1526 4148 προσώπου
1558 4077 1658 4148 τῆς
1682 4079 1848 4132 αὑτοῦ
1875 4081 2028 4133 ἐναν-

453 4164 790 4237 θρωπήσεως
815 4167 911 4220 ἀνθ
921 4169 1257 4238 ρωποπαθῶς
1282 4169 1644 4240 προϐάλλεται
1661 4170 1722 4223 τὸ
1745 4171 1925 4242 ﬁlia;
1965 4171 2029 4224 Ἥ

453 4253 565 4326 γὰρ
591 4255 754 4309 αὐτοῦ
795 4257 1204 4330 ἐνανθρώπησις
1241 4261 1303 4313 οὐ
1343 4262 1462 4313 κατ’
1497 4260 1630 4314 ἰδίαν
1661 4279 1745 4325 τις
1777 4257 1927 4316 οὖσα.
1954 4263 2027 4315 Οὐ

453 4346 563 4417 γὰρ
590 4348 1110 4420 ἀποκεχωρισμένης
1133 4349 1234 4420 τῆς
1261 4350 1530 4422 θεότητος,
1556 4354 1648 4404 καὶ
1669 4353 1838 4422 χωρὶς
1863 4350 2030 4424 οὔσης

453 4435 556 4507 τῆς
594 4438 1065 4510 ὲνανθρωπήσεως
1115 4439 1320 4508 ἔλεγεν,
1375 4441 1452 4502 ὡς
1499 4441 1660 4496 ἄλλου
1705 4443 1798 4495 καὶ
1845 4442 2025 4496 ἄλλου*

2123 3266 2311 3332 accipit
2335 3267 2376 3320 ⁸.
2405 3265 2534 3321 Item
2567 3266 2692 3320 alibi
2719 3285 2731 3320 :
2761 3265 2870 3337 Ego
2917 3268 3090 3336 pulso,
3121 3276 3171 3321 et
3199 3267 3245 3320 si
3273 3267 3390 3337 quis
3431 3266 3693 3335 aperuerit

2124 3349 2252 3404 mihi
2278 3351 2322 3413 ⁷,
2351 3350 2701 3421 ingrediemur
2746 3351 2814 3405 ad
2856 3353 3029 3420 ipsum
3076 3367 3167 3421 ego
3215 3359 3265 3405 et
3313 3349 3477 3404 Pater
3527 3365 3694 3414 meus,

2123 3451 2172 3496 et
2201 3443 2526 3496 mansionem
2556 3441 2694 3510 apud
2724 3441 2876 3496 illum
2925 3441 3181 3512 faciemus
3213 3442 3270 3493 ⁸ε
3299 3441 3465 3512 789
3502 3447 3562 3495 ut
3589 3440 3695 3496 hoc

2126 3533 2517 3604 intelligamus,
2542 3549 2813 3605 nusquam
2842 3534 2994 3589 illum
3025 3549 3056 3588 a
3089 3533 3251 3590 Patre
3277 3534 3476 3599 deseri,
3506 3547 3698 3604 quem-

2129 3623 2424 3679 admodum
2456 3632 2511 3678 et
2539 3624 2700 3679 Pater
2723 3639 2847 3679 cum
2883 3623 3045 3690 Filio,
3074 3634 3128 3680 et
3154 3640 3278 3680 cum
3306 3631 3540 3695 utroque
3566 3638 3696 3695 per-

2127 3723 2292 3786 petuo
2335 3713 2572 3785 Spiritus
2599 3724 2823 3772 sanctus
2853 3725 2957 3773 est.

2197 3889 2356 3944 LXII.
2397 3889 2541 3956 Quid
2586 3890 2773 3960 igitur,
2829 3891 3108 3960 inquiunt,
3161 3889 3380 3944 tandem
3431 3887 3534 3943 sibi
3581 3887 3699 3943 vult

2127 3997 2232 4036 vox
2273 3981 2420 4036 illius
2454 3999 2466 4036 :
2500 3980 2639 4035 Deus
2675 3997 2840 4044 meus,
2873 3980 3008 4036 Deus
3025 3997 3191 4044 meus,
3213 3996 3374 4050 quare
3405 3995 3486 4033 me
3510 3979 3701 4033 dereli-

2128 4073 2328 4142 quisti?
2365 4073 2432 4126 Et
2480 4073 2607 4144 quis
2645 4088 2754 4128 non
2795 4074 2943 4129 videt
2971 4089 3040 4130 ex
3068 4073 3306 4128 hominis
3333 4086 3566 4143 persona
3617 4080 3700 4125 at-

2129 4178 2236 4234 que
2278 4163 2518 4218 humano
2560 4177 2713 4217 more
2737 4169 2792 4218 et
2816 4161 3012 4218 aﬂ‘ectu
3047 4169 3368 4232 usurpatum
3397 4161 3545 4216 hunc
3577 4175 3700 4216 esse

2129 4254 2480 4312 sermonem?
2516 4255 2764 4310 Humana
2787 4255 2988 4326 quippe
3017 4254 3221 4310 Christi
3253 4261 3449 4307 natura
3478 4252 3702 4307 minime

2131 4357 2377 4420 separata
2405 4363 2502 4419 per
2534 4363 2657 4403 sese
2685 4355 2791 4403 est.
2845 4346 3035 4417 Neque
3079 4347 3224 4402 enim
3269 4345 3417 4400 velut
3459 4358 3524 4399 ex
3577 4358 3703 4415 per»

2131 4455 2265 4496 sona
2295 4439 2526 4496 seorsim
2558 4439 2876 4496 exsistentis
2910 4438 3213 4494 divinitatis
3243 4445 3338 4492 aut
3394 4434 3702 4490 humanita-

453 4527 595 4581 ἀλλὰ
636 4529 1025 4600 συνηνωμένης
1055 4531 1155 4602 τῆς
1192 4531 1652 4604 ἐνανθρωπήσεως
1683 4536 1750 4604 τῇ
1791 4533 2017 4603 θεότητι,

2132 4531 2205 4586 tis
2234 4530 2339 4585 ista
2366 4529 2604 4594 dicebat,
2630 4529 2790 4599 quasi
2821 4527 2968 4583 aliud
2996 4535 3052 4583 et
3078 4525 3226 4581 aliud
3255 4524 3511 4596 quiddam
3540 4523 3701 4578 ambo

459 4619 589 4689 μιᾶς
617 4616 784 4689 οὔσης
807 4618 1112 4688 ἁγιαστξας,
1145 4621 1237 4673 καὶ
1259 4620 1356 4691 ἤδη
1386 4621 1443 4673 ὲν
1472 4621 1607 4691 αὐτῇ
1634 4621 1701 4674 τὰ
1719 4621 2017 4676 τελειότατο

2134 4620 2346 4685 forent,
2382 4619 2477 4675 sed
2509 4621 2589 4675 sic
2615 4629 2875 4689 tanquam
2927 4631 3053 4671 cum
3094 4615 3379 4701 divinitate
3409 4613 3702 4682 conjuncta

457 4709 844 4779 ἐπισταμένης,
882 4704 968 4763 οἷα
1008 4709 1070 4780 δὴ
1110 4711 1168 4763 ὲν
1212 4711 1330 4781 Θεῷ
1369 4711 1779 4785 συνηνωμένῃ¹,
1826 4714 1918 4766 καὶ
1948 4713 2017 4777 εἰς

2131 4717 2277 4767 esset
2299 4710 2536 4766 hominis
2572 4717 2767 4765 natura
2797 4729 2809 4764 :
2845 4709 2982 4764 adeo
3009 4717 3067 4763 ut
3100 4722 3206 4762 una
3243 4707 3531 4775 utriusque
3567 4720 3698 4761 san-

442 4799 573 4869 μίαν
601 4795 832 4868 θεότητα
869 4795 1214 4868 συνημμένη,
1246 4795 1432 4866 ὁρῶσα
1459 4797 1562 4870 ἤδη
1602 4797 1702 4869 τὴν
1748 4796 2017 4872 θεότητα¹

2131 4802 2342 4857 ctitudo
2373 4800 2535 4867 l‘oret,
2577 4802 2806 4872 ipsaque
2837 4799 3075 4856 hominis
3104 4805 3301 4852 natura
3332 4799 3384 4851 in
3417 4797 3702 4852 divinitate

440 4889 557 4966 (99)
589 4891 688 4945 σὺν
723 4893 790 4962 τῇ
843 4889 1012 4962 ψυχῆ·
1038 4889 1366 4960 κινουμένην
1395 4889 1489 4942 ἐπὶ
1517 4890 1578 4944 τὸ
1605 4890 1930 4962 καταλεῖψαι
1963 4894 2017 4948 τὸ

2132 4893 2526 4964 perfectissima
2586 4909 2814 4964 quaeque
2877 4899 3258 4963 cognosceret,
3322 4897 3510 4960 utpote
3575 4904 3702 4943 cum

457 4975 612 5042 ἅγιον
643 4975 802 5045 σῶμα
835 4976 943 5029 ἀπὸ
983 4977 1272 5047 προσώπου
1293 4979 1456 5033 αὐτοῦ
1487 4980 1583 5034 τοῦ
1618 4981 1897 5053 Κυριακοῦ
1933 4984 2017 5036 ἁν-

2132 4983 2242 5039 Deo
2268 4985 2541 5054 copulata,
2587 4993 2642 5040 et
2683 4985 2739 5039 in
2781 4999 2946 5038 unam
2981 4983 3300 5038 consociata
3328 4981 3695 5036 divinitatem.

457 5065 700 5136 θρώπου,
727 5069 973 5122 τουτέστι
995 5069 1092 5139 τῆς
1115 5070 1276 5124 αὐτοῦ
1301 5073 2017 5146 ἐνανθρωπήσεως.”Ημελλε

2131 5074 2263 5142 Qua:
2295 5091 2420 5130 cum
2453 5075 2596 5131 hanc
2620 5077 2796 5146 ipsam
2823 5074 3167 5130 divinitatem
3195 5088 3318 5128 cum
3347 5072 3528 5127 anima
3553 5071 3704 5126 velut

460 5158 566 5228 γὰρ
592 5158 625 5228 ἦ
652 5157 843 5226 θεότης
875 5159 1114 5216 τελειοῦν
1146 5161 1215 5215 τὰ
1243 5162 1440 5226 πάντα,
1474 5165 1542 5217 τὰ
1571 5165 1712 5219 κατὰ
1737 5166 1798 5218 τὸ
1824 5169 2017 5238 μυστή-

2127 5166 2185 5220 in
2235 5167 2518 5236 procinctu
2576 5168 2812 5238 quodam
2868 5181 2993 5222 esse
3041 5165 3272 5229 videret,
3313 5173 3374 5218 ut
3417 5162 3702 5219 sanctissi-

458 5264 574 5316 ριον
607 5247 701 5301 τοῦ
736 5249 962 5316 πάθους,
997 5252 1092 5305 καὶ
1122 5253 1218 5306 σὺν
1241 5255 1306 5326 τῇ
1339 5253 1484 5326 ψυχῇ
1523 5255 1802 5309 κατελθεῖν
1836 5257 1930 5311 ἐπὶ
1957 5257 2017 5311 τὰ

2129 5274 2280 5314 mum
2344 5275 2546 5331 corpus
2620 5259 2973 5330 relinqueret,
3027 5272 3093 5310 ex
3139 5254 3411 5310 Dominici
3463 5253 3701 5309 hominis

547 5400 565 5430 ¹
593 5398 724 5482 [:eg.
749 5406 1157 5482 συνηνωμένουᾲ
1175 5413 1232 5482 et
1271 5408 1613 5482 συνημμένη.
1829 5408 2013 5481 ὁρῶσα

2129 5411 2279 5482 ἡδηκ
2357 5412 2378 5444 ³
2397 5410 2556 5466 Joan.
2588 5427 2698 5480 xw,
2729 5410 2816 5466 18.
2891 5411 2913 5443 ⁵
2941 5409 3129 5465 Matth.
3155 5424 3303 5474 xxvr,
3327 5409 3416 5463 5i.
3492 5408 3514 5439 ⁸
3541 5405 3702 5462 Joan.

458 5483 570 5536 xvr,
607 5471 698 5527 52.
771 5474 792 5504 ⁶
816 5471 977 5528 Ιοεηζ
1014 5491 1101 5540 xv,
1129 5477 1229 5543 26;
1263 5471 1601 5544 “531,131
1677 5481 1696 5510 ⁷
1729 5471 1898 5549 Apoc.
1929 5495 2012 5547 ιιι,

2113 5523 2120 5536 .
2152 5471 2164 5482 ’
2199 5471 2229 5514 θ’
2251 5480 2409 5538 Joan.
2441 5497 2551 5548 xw,
2581 5482 2669 5537 23.

529 5649 643 5720 (99)
693 5648 933 5728 Ὀρῷσα
956 5651 1074 5720 ἤδη
1115 5652 1539 5728 τὴν-θεότητα.
1586 5653 1893 5728 Prudenter
1935 5655 2017 5711 hic

2134 5658 2281 5728 quod
2311 5659 2492 5713 anima
2529 5659 2746 5728 vitaque
2784 5657 3108 5712 destitutum
3149 5661 3254 5728 est,
3297 5654 3366 5706 ab
3420 5653 3538 5724 ipsa
3566 5665 3705 5722 quo-

529 5675 643 5720 (δυ)
704 5675 915 5718 υρωσα
956 5675 1074 5720 ηοη
1115 5675 1230 5722 την
1269 5675 1539 5721 σεοτητα.
1587 5675 1893 5711 rruuenter
1935 5675 2026 5711 DIC
2175 5675 2281 5713 llOﬂ
2311 5675 2492 5713 anima
2529 5675 2746 5728 vntaque
2784 5675 3108 5712 αθειιιιιιυῐη
3149 5675 3254 5717 εει,
3297 5675 3366 5706 au

451 5722 613 5803 locus
651 5719 1006 5803 explicandus
1057 5731 1160 5777 est.
1203 5721 1326 5803 130p
1353 5726 1515 5803 enim
1557 5726 1740 5803 soluta
1779 5733 1862 5803 est
1901 5735 2026 5803 post
2134 5675 2430 5785 ﬂammodo
2461 5729 2744 5785 divinitate
2777 5743 2984 5803 corpus
3021 5732 3106 5782 cst
3145 5725 3416 5791 relictum.

459 5799 690 5847 mortem
736 5793 983 5863 corporis
1022 5807 1147 5848 cum
1197 5793 1481 5851 divinitate
1531 5793 2024 5866 coniunctim—sed
2777 5801 2784 5808 ’
