4138 6396
407 317 536 375 505.

1795 300 1852 354 S.
1893 291 2239 352 EPIPHANII

3563 272 3673 332 504

409 451 474 492 ac
497 434 606 491 Deo
632 431 1006 488 fortitudinem
1026 427 1376 485 ascribimus.
1406 424 1606 481 Eodem
1635 422 1802 494 igitur
1823 419 1985 476 modo

2114 415 2224 469 ἐοῦ
2251 412 2349 484 τὴν
2375 409 2603 481 δύναμιν
2633 403 3089 475 ὡμολογήσαμεν,
3120 399 3214 453 καὶ
3239 395 3361 468 Θεῷ
3388 395 3488 466 τὴν
3519 394 3672 466 ἰσχὺν

411 530 636 601 angelus
681 541 778 598 per
826 526 958 581 illud
989 534 1204 595 tempus
1251 521 1602 578 excdlentem
1633 487 1850 572 Domini
1895 515 1983 570 sui

2114 504 2527 574 ιποδεδώκαμεν·
2555 498 2699 553 οὕτω
2725 496 2820 550 καὶ
2857 497 2886 548 ὁ
2915 492 3167 563 ἄγγελος,
3192 491 3315 545 κατ’
3334 487 3550 559 ἐκείνην
3573 487 3675 559 τὴν

411 623 675 678 adversus
717 619 968 676 homines
1012 617 1400 686 benignitatem
1433 613 1731 675 admirans,
1777 617 1834 666 et
1879 607 1984 664 ob-

2085 597 2234 669 ὥραν
2272 594 2579 666 θαυμάσας,
2609 593 2705 646 καὶ
2742 587 3180 658 ἐκπληττόμενος
3231 583 3332 654 τὴν
3364 577 3673 651 ὑπερϐολὴν

413 725 757 786 stupescens,
791 713 954 784 737
993 672 1171 781 quod"
1189 724 1314 763 cum
1369 707 1514 762 Deus
1565 672 1732 768 esset,
1755 709 1811 759 et
1860 715 1986 756 cum

2114 690 2188 760 ’ῆς
2219 687 2312 742 τοῦ
2346 688 2475 741 ἰδίου
2508 685 2776 739 Δεσπότου
2809 679 3240 752 φιλανθρωπίας,
3272 677 3375 738 ὅτι,
3415 672 3548 736 Θεὸς
3577 672 3653 724 ὢν

413 763 757 786 ν--ιρν-η--η
799 763 941 784 η..
1000 763 1141 781 ,πη
1719 763 1728 768 -

411 806 576 861 Patre
626 805 948 860 adorarctur
995 804 1050 857 in
1093 801 1254 863 c0310,
1286 807 1451 870 atque
1499 797 1569 852 ab
1621 794 1828 866 angelis
1871 793 1987 848 suis

2114 784 2184 837 :al.
2216 784 2313 836 σὺν
2363 781 2540 852 Πατρί
2579 775 3058 850 προσκυνούμενος
3106 773 3164 823 ἐν
3198 765 3434 840 οὐρανῷ,
3464 766 3559 819 καὶ
3587 763 3648 816 θε

413 899 824 961 observaretur,
857 909 922 950 eo
961 908 1135 965 usque
1164 891 1404 961 abjicere
1431 902 1493 944 se
1525 901 1626 944 sua
1661 891 1856 956 sponte
1891 897 1989 938 vo-

414 991 627 1055 luisset,
657 994 716 1044 ut
741 987 808 1042 ad
830 987 946 1042 haec
969 983 1346 1049 descenderet,
1374 997 1441 1037 ac
1458 993 1682 1037 carnem
1713 975 2000 1032 indueret..

485 1155 673 1237 Neque
711 1167 813 1221 hoe
859 1173 1068 1219 tantum
1105 1182 1117 1217 :
1149 1161 1244 1217 sed
1288 1161 1370 1216 vel
1415 1156 1618 1229 opilicii
1671 1154 1756 1211 sui
1801 1166 1989 1217 causa,

415 1259 522 1314 hoc
550 1267 635 1316 est
664 1257 924 1319 hominis,
955 1256 1238 1310 cruciatus
1263 1250 1494 1324 perpeti,
1525 1257 1581 1306 et
1605 1248 1660 1302 in
1684 1259 1850 1302 cruce
1884 1243 1994 1300 suf-

418 1352 510 1422 ﬁgi
560 1365 672 1405 non
702 1349 996 1411 dubitaret,
1027 1361 1090 1402 ac
1129 1353 1358 1400 mortem
1407 1342 1742 1413 degustaret,
1773 1345 1994 1392 mortem

419 1451 597 1497 autem
638 1440 808 1496 crucis
839 1441 894 1506 ¹;
936 1447 996 1493 ιιι
1036 1431 1133 1509 per
1170 1440 1350 1509 ipsum
1392 1436 1556 1490 homo
1622 1442 1887 1504 tropaeum
1928 1428 1997 1484 de

421 1543 597 1590 morte
626 1540 890 1590 statueret
924 1551 936 1586 :
961 1547 1202 1602 eumque,
1226 1529 1316 1601 qui
1339 1527 1522 1582 mortis
1548 1525 1824 1594 imperium
1853 1521 1995 1576 obti-

422 1625 597 1691 nebat,
615 1625 893 1680 diabolum
916 1623 1188 1688 videlicet,
1220 1620 1508 1686 aboleret’,
1548 1635 1610 1672 ac
1638 1615 1997 1686 principatum

423 1735 626 1774 omnem
654 1727 704 1773 et
737 1725 1044 1788 potestatem
1073 1715 1206 1770 velut
1251 1715 1308 1768 in
1333 1710 1592 1777 triumpho
1637 1705 1996 1762 traduceret’.

2093 875 2464 949 ραπευόμενος
2491 872 2595 926 ὑπὸ
2633 871 2779 925 ἰδίων
2823 865 3073 936 ἀγγέλων
3098 863 3285 926 αὑτοῦ,
3312 863 3390 924 εἰς
3422 856 3675 912 τοσοῦτον

2093 946 2384 1038 ῦπέμεινεν
2425 964 2531 1035 ἰδίᾳ
2565 962 2820 1034 βουλήσει
2866 955 3131 1019 ἑκουσίως
3170 951 3364 1018 ἐλθεῖν,
3401 951 3496 1004 καὶ
3529 946 3678 1001 ἐνδύ-

2093 1057 2288 1111 σασθαι
2311 1056 2511 1128 σάρκα.

2166 1149 2280 1202 Καὶ
2304 1150 2364 1201 οὐ
2397 1149 2576 1219 μόνον,
2614 1145 2752 1201 ἀλλὰ
2779 1145 2874 1198 καὶ
2901 1144 3029 1213 ἄχρι
3058 1138 3151 1193 τοῦ
3186 1137 3378 1190 παθεῖν
3411 1135 3551 1205 ὑπὲρ
3585 1132 3679 1186 τοῦ

2097 1242 2228 1297 ἰδίου
2281 1241 2597 1312 πλάσματος
2636 1239 2736 1309 τῆς
2771 1234 3118 1307 ἀνθρωπείας
3146 1231 3378 1300 φύσεως.
3419 1229 3681 1298 ὑπομένει

2094 1337 2188 1389 καί
2225 1334 2354 1407 ἄχρι
2394 1332 2629 1405 σταυροῦ
2672 1330 3068 1403 παραδοθῆναι,
3104 1324 3439 1396 γευσάμενος
3491 1339 3552 1374 τε
3588 1321 3683 1374 θαι

2095 1428 2278 1490 νάτου,
2314 1426 2572 1481 θανάτου
2617 1424 2684 1478 δὲ
2727 1422 3014 1490 σταυροῦ,
3056 1422 3205 1482 ὅπως
3238 1419 3305 1473 δι’
3352 1414 3516 1470 αὑτοῦ
3555 1413 3684 1484 τρόο

2098 1539 2260 1575 παιον
2294 1520 2392 1591 μὲν
2445 1517 2589 1572 κατὰ
2629 1515 2725 1569 τοῦ
2761 1513 2993 1568 θανάτου
3028 1514 3062 1583 ή
3108 1509 3467 1584 ἁνθρωπότης
3509 1505 3683 1570 λάϐοι,

2099 1612 2448 1682 καταργήσῃ
2470 1609 2538 1662 δὲ
2563 1609 2666 1662 τὸν
2694 1607 2761 1660 τὸ
2788 1605 3004 1674 κράτος
3028 1604 3248 1672 ἔχοντα
3278 1599 3385 1655 τοῦ
3405 1597 3686 1660 θανάτου,

2099 1704 2374 1762 τουτέστι
2399 1702 2506 1757 τὸν
2521 1701 2822 1762 διάϐολον,
2849 1696 2946 1750 καὶ
2962 1694 3330 1765 θριαμϐεύσῃ
3360 1689 3566 1745 πᾶσαν
3588 1689 3690 1756 ἁρ-

423 1811 605 1880 Quare
636 1810 865 1880 angelus
906 1809 996 1864 ille
1037 1806 1398 1864 admiratione
1431 1818 1496 1858 ac
1526 1809 1752 1872 stupore
1783 1797 1994 1869 percul-

2114 1796 2222 1866 τὴν
2272 1795 2371 1849 καί
2405 1792 2715 1859 ἐξουσίαν.
2752 1789 2844 1842 Διὸ
2873 1787 2967 1842 καί¹
2996 1783 3290 1856 θαυμάζων
3318 1782 3413 1836 καὶ
3452 1779 3690 1851 ἐκπλητέ

425 1918 543 1970 sus,
573 1911 627 1958 et
657 1900 947 1956 Dominum
992 1913 1151 1954 suum
1193 1894 1513 1952 collaudans
1553 1906 1618 1945 ac
1657 1888 1995 1960 praedicans,

424 1994 516 2065 qui
556 1994 608 2048 in
638 1993 734 2048 tali
768 1998 1086 2056 scammate,
1116 1995 1172 2044 et
1200 1987 1270 2042 ad
1303 1995 1412 2040 tam
1448 1984 1772 2041 inusitatum
1821 1995 1996 2051 opus,

425 2086 573 2143 velut
617 2085 670 2139 in
704 2083 994 2154 procinctu
1035 2089 1284 2142 steterat,
1331 2079 1411 2134 sic
1461 2077 1612 2133 illum
1665 2073 1998 2143 compellat:

430 2175 548 2232 Tua
588 2186 666 2231 est
710 2175 978 2238 adoratio,
1022 2183 1170 2226 tuum
1213 2171 1512 2241 imperium,
1552 2183 1646 2222 tua
1685 2168 1874 2226 virtus,
1912 2174 2004 2218 tua

430 2269 708 2341 fortitudo,
743 2275 800 2321 ut
829 2265 975 2337 quod
1009 2280 1040 2318 a
1070 2263 1255 2335 Moyse
1277 2263 1542 2332 scriptum
1589 2266 1672 2316 est
1712 2258 1999 2329 impleret:

429 2361 740 2430 Confortent
764 2360 937 2429 ipsum
980 2373 1158 2412 omnes
1193 2354 1364 2426 angeli
1385 2353 1485 2408 Dei
1503 2353 1545 2406 ⁸.
1582 2349 1772 2406 Videte
1798 2349 2002 2419 itaque,

427 2454 631 2510 Christi
674 2452 893 2518 famuli,
943 2465 1006 2506 ac
1040 2457 1244 2506 sanctae
1289 2447 1381 2502 Dei
1425 2445 1680 2501 Ecclesiae
1720 2453 1776 2499 et
1814 2442 2004 2497 ortho-

429 2549 584 2603 doxas
624 2546 904 2617 religionis
944 2545 1060 2607 lilii,
1095 2558 1259 2614 quam
1297 2541 1431 2596 nihil
1470 2539 1524 2593 in
1569 2537 1850 2609 Scriptura
1887 2549 2010 2606 per-

431 2637 650 2708 plexum
696 2651 760 2690 ac
798 2633 1099 2693 ﬂexuosum
1150 2632 1242 2693 sit,
1297 2629 1393 2686 sed
1429 2629 1607 2684 omnia
1659 2627 1726 2682 ad
1762 2635 2006 2680 nostram

431 2727 660 2782 salutent
707 2726 908 2795 scripta
948 2725 1056 2779 sint
1096 2723 1490 2778 admirabiliter
1533 2730 1588 2776 et
1631 2720 1891 2791 perfecte.
1939 2719 2011 2774 At

434 2820 524 2876 ιειὶ
560 2819 706 2874 unici
755 2817 847 2872 Dei
897 2817 1010 2881 lilii,
1053 2828 1106 2872 et
1151 2817 1326 2871 sancti
1363 2813 1601 2885 Spiritus
1634 2813 1838 2868 inimici
1875 2812 2012 2867 nihil

435 2925 543 2964 non
592 2909 771 2963 hostili
818 2908 1002 2962 animo
1046 2908 1309 2976 cogitant,
1355 2905 1658 2974 callideque
1687 2903 2009 2959 moliuntur.

433 3003 590 3058 Absit
639 3015 769 3056 vero
812 3009 867 3053 ut
911 3014 1013 3054 nos
1060 2999 1302 3052 animum
1341 2997 1668 3052 commentis
1727 2995 2010 3050 hominum

435 3093 791 3149 adhibeamus
813 3114 825 3148 ;
851 3091 982 3161 quin
1007 3091 1186 3161 potius
1210 3088 1498 3143 Dominum
1523 3097 1773 3144 nostrum
1796 3087 2011 3141 ﬁrmata

435 3184 896 3253 eorroborataque
925 3188 1104 3238 mente
1134 3179 1507 3244 celebremus,
1553 3191 1656 3232 nec
1688 3176 1743 3231 in
1767 3191 1833 3232 eo
1855 3191 2011 3230 man-

437 3294 560 3334 cum
619 3273 826 3347 aliquid
879 3289 1002 3331 esse
1046 3273 1414 3344 suspicemur.
1451 3268 1587 3324 Nam
1637 3270 1685 3326 si
1735 3269 1784 3324 is
1815 3269 1911 3338 qui
1945 3267 2014 3326 ad

435 3368 936 3441 repraesentandum
969 3365 1214 3422 omnium
1247 3364 1477 3421 salutem
1517 3362 1758 3427 advenit,
1796 3361 1878 3416 vel
1915 3360 2016 3415 mi-

439 3461 647 3517 nimum
707 3459 762 3514 in
807 3472 867 3514 se
903 3455 1175 3513 defectum
1209 3454 1401 3519 habet,
1435 3453 1660 3524 quinam
1701 3468 1733 3507 a
1766 3453 1882 3509 suis
1915 3450 2015 3506 de-

438 3552 678 3608 fectibus
704 3546 975 3605 vindicari
1002 3553 1256 3602 creatura
1289 3543 1525 3616 poterit?

514 3729 648 3785 LXI.
689 3727 796 3785 Sed
829 3729 1038 3784 instant
1080 3726 1517 3783 adversariorum
1546 3739 1699 3781 more
1726 3722 1888 3794 (nam
1935 3737 2024 3778 re-

443 3837 574 3878 vera
601 3820 844 3876 Judaicis
882 3817 1234 3890 opinionibus
1269 3815 1463 3871 imbuti
1498 3821 1648 3878 sunt,
1679 3828 1780 3868 nec
1817 3812 2020 3867 abillis

445 3923 805 3986 praeterquam
841 3908 1210 3980 appellatione
1231 3905 1557 3977 dissident).
1587 3903 1746 3968 Novi,
1773 3903 2020 3974 inquam,

445 4006 538 4061 isti
559 4003 728 4059 Judaei
755 4010 944 4058 contra
963 4000 1275 4057 Catholicos
1299 3999 1665 4069 insurgentes,
1684 4004 1738 4053 et
1758 3997 2024 4052 adversus

451 4097 786 4154 Salvatorcm
829 4095 1077 4168 quaedam
1123 4093 1288 4150 verba
1335 4092 1688 4156 meditantes,
1741 4097 1803 4145 ut
1845 4089 2023 4160 ipsum

2098 1891 2326 1960 τόμενος
2346 1889 2374 1940 ὁ
2398 1883 2626 1954 ἄγγελος
2656 1882 2842 1951 ἔλεγεν
2877 1879 3046 1950 αύτῷ,
3077 1876 3373 1946 δοξολογῶν
3391 1875 3486 1929 καὶ
3515 1873 3707 1942 εὐφηο.

2105 1981 2220 2052 μῶν
2246 1979 2337 2034 τὸν
2370 1979 2500 2032 ἴδιον
2522 1977 2798 2046 Δεσπότην
2821 1973 2915 2026 ἐπὶ
2939 1971 3019 2043 τῷ
3044 1970 3269 2041 τοιούτῳ
3297 1969 3579 2038 σκάμματι
3596 1965 3693 2018 καί

2103 2073 2524 2148 παραδοξοποιίᾳ
2550 2068 2782 2136 ἑστῶτα,
2812 2070 2895 2122 ὅτι
2937 2067 3023 2136 Σή
3056 2065 3228 2120 ἐστιν
3264 2065 3303 2132 ἠ
3348 2059 3690 2128 προσκύ-νη·

2103 2184 2223 2234 mc,
2250 2169 2369 2221 σόν
2414 2166 2545 2218 ἐστι
2575 2163 2639 2217 τὸ
2671 2161 2905 2230 κράτος,
2934 2159 3016 2229 σή
3059 2159 3231 2212 ἐστιν
3251 2155 3578 2225 ήδύναμις,
3609 2149 3693 2218 σή

2103 2260 2272 2313 ἐστιν
2293 2259 2331 2326 ἡ
2358 2258 2558 2326 ἰσχύς·
2585 2256 2672 2309 ἵνα
2701 2253 2965 2325 πληρώσῃ
3018 2251 3082 2304 τὺ
3137 2249 3288 2321 παρὰ
3337 2247 3559 2300 Μωῦσεῖ
3600 2259 3707 2311 γει

2105 2349 2446 2422 γραμμένον,
2476 2349 2557 2402 ὅτι
2597 2343 3138 2414 Ἐνισχυσάτωσαν
3158 2338 3318 2404 αὐτῷ
3351 2336 3574 2402 πάντες
3602 2333 3700 2404 ἅγ-

2107 2448 2272 2516 γελοι
2329 2441 2498 2496 Θεοῦ.
2531 2438 2640 2493 Καὶ
2686 2438 2871 2509 ὁρᾶτε,
2925 2432 3163 2506 Χριστοῦ
3198 2431 3549 2502 θεράποντες,
3605 2427 3699 2480 καὶ

2109 2535 2217 2590 υἱοί
2256 2533 2355 2604 τῆς
2406 2530 2567 2601 ἁγίας
2599 2529 2695 2584 τοῦ
2734 2527 2871 2583 Θεοῦ
2923 2523 3255 2593 Ἐκκλησίας
3287 2522 3382 2575 καὶ
3416 2517 3698 2592 ὀρθοδόξου

2111 2627 2368 2688 πίστεως,
2423 2625 2503 2677 ὅτι
2536 2621 2690 2676 οὐδὲν
2721 2622 2778 2673 ἐν
2810 2623 2879 2692 τῇ
2921 2617 3044 2689 θείᾳ
3085 2616 3278 2687 Γραφῇ
3316 2611 3550 2678 σκολιὸν,
3580 2608 3700 2662 οὐδὲ

2113 2714 2570 2787 στραγγαλιῶδες·
2613 2711 2750 2767 ἀλλὰ
2780 2711 2848 2766 τὰ
2901 2711 3078 2765 πάντα
3128 2704 3450 2779 θαυμασίως
3491 2705 3570 2768 εἰς
3601 2702 3703 2774 τὴν

2111 2809 2386 2882 ἡμετέραν
2427 2807 2702 2879 σωτηρίαν
2733 2806 3066 2876 γέγραπται,
3109 2801 3203 2856 καὶ
3230 2797 3591 2854 τετελείωται.
3635 2795 3704 2849 Oi

2110 2903 2168 2957 δέ
2201 2901 2614 2976 προειρημένοι,
2660 2900 2718 2952 ἐν
2750 2897 2922 2970 ἔχθρᾳ
2956 2896 3109 2959 ὅντες
3142 2892 3280 2964 πρὸς
3308 2891 3400 2945 τὸν
3438 2886 3702 2960 μονογενῆ

2114 2993 2244 3047 Υίὸν
2273 2991 2368 3046 τοῦ
2395 2989 2532 3045 Θεοῦ
2567 2990 2662 3044 καὶ
2691 2988 2829 3060 πρὸς
2868 2987 2929 3040 τὸ
2961 2986 3114 3055 ἅγιον
3141 2982 3387 3054 Πνεῦμα,
3423 2980 3598 3035 πάντα
3628 2977 3704 3040 ὡς

2115 3081 2300 3156 ἐχθροὶ
2353 3079 2690 3136 διανοοῦνταί
2746 3094 2807 3131 τε
2841 3076 2937 3131 καὶ
2977 3072 3310 3146 σοφίζονται.
3348 3071 3510 3142 Ἡμῖν
3542 3068 3597 3122 δὲ
3631 3067 3707 3137 μὴ

2113 3174 2324 3244 γένοιτο
2373 3169 2740 3244 ἀνθρωπίνοις
2796 3169 3099 3238 σοφίσμασι
3163 3164 3544 3236 προσανέχειν,
3589 3157 3710 3214 ἀλλ’

2113 3265 2258 3338 ἔχειν
2280 3265 2372 3318 τὸν
2407 3264 2597 3318 ἐαυτὸν
2623 3261 2749 3316 νοῦν
2768 3259 3106 3333 ἐρρωμένον,
3132 3257 3284 3322 ὅπως
3313 3256 3404 3311 τὸν
3425 3255 3522 3328 μὲν
3545 3253 3706 3325 ἡμῶν

2118 3357 2396 3429 Δεσπότην
2437 3355 2773 3426 δοξάσωμεν,
2813 3352 2980 3424 μηδὲν
3020 3351 3078 3405 δέ
3134 3369 3189 3404 τι
3238 3346 3616 3421 ἠλαττωμένον
3650 3347 3708 3396 ὲν

2115 3447 2263 3520 αύτῷ
2284 3446 2682 3519 διανοηθῶμεν.
2715 3446 2781 3499 Εἰ
2815 3445 2924 3517 γὰρ
2954 3445 2983 3498 ὁ
3004 3443 3075 3498 τὰ
3120 3444 3300 3498 πάντα
3333 3438 3505 3495 ἐλθὼν
3535 3439 3709 3492 σῶσαι

2116 3539 2229 3611 ἔχει
2277 3536 2662 3608 ἐλαττώματος
2714 3553 2768 3589 τι
2802 3536 2860 3588 ἐν
2905 3532 3109 3604 ἐαυτῷ,
3152 3532 3272 3596 πῶς
3330 3529 3636 3602 σωθήσεται
3673 3529 3708 3599 ἠ

2117 3630 2292 3695 κτίσις
2323 3631 2433 3685 άπὸ
2462 3629 2570 3683 τῶν
2608 3628 2754 3682 ἰδίων
2787 3627 3217 3699 ἐλαττωμάτων;
3697 3683 3699 3688 ,

2189 3723 2313 3780 EA’.
2345 3723 2517 3778 Πάλιν
2569 3721 2628 3776 δέ
2671 3719 3137 3791 ἐπιλαμϐάνονται
3195 3716 3384 3788 ὥσπερ
3424 3711 3707 3769 ἀντίδικοι·

2123 3814 2244 3886 (καὶ
2277 3814 2384 3886 γάρ
2423 3813 2561 3866 εἰσιν
2607 3809 2880 3880 Ἰουδαῖκῷ
2913 3808 3224 3880 φρονήματι
3248 3803 3578 3874 ἐγκείμενοι,
3617 3800 3713 3855 καὶ

2125 3907 2292 3979 μηδὲν
2343 3905 2567 3959 ἐκείνων
2597 3901 2979 3963 διαλάττοντες
3010 3897 3149 3970 πλὴν
3182 3895 3278 3950 τοῦ
3312 3895 3578 3966 ὀνόματος
3623 3890 3713 3962 μό-

2123 4002 2236 4070 νον)
2269 4000 2320 4052 οἰ
2371 3997 2532 4052 πάλιν
2560 3997 2693 4067 ἡμῖν
2725 3993 3050 4064 ἐπιφύοντες
3067 3990 3180 4045 νέοι
3214 3982 3718 4056 Ἰουδαῖοι,ζητοῦν-

2123 4108 2217 4156 τες
2247 4089 2390 4144 κατὰ
2409 4086 2501 4142 τοῦ
2531 4086 2783 4157 Σωτῆρος
2810 4083 2984 4150 λέξεις
3004 4081 3176 4146 τινας,
3203 4081 3351 4142 ὅπως
3376 4075 3715 4144 παγιδεύσω-

450 4203 761 4245 sermonum
793 4201 1018 4244 suorum
1045 4185 1538 4257 laqueisirretiant,
1569 4191 1630 4236 ut
1655 4181 1710 4236 in
1732 4178 2010 4250 Evangelit

2129 4201 2212 4238 σιν
2245 4181 2409 4236 αὑτὸν
2439 4181 2498 4233 ἐν
2539 4179 2704 4249 λόγῳ,
2750 4176 2934 4239 καθὼς
2959 4174 3064 4246 ἔφη
3095 4171 3157 4226 τὺ
3180 4171 3336 4240 ἅγιον
3362 4167 3712 4236 Εὑαγγέλιον.

452 4283 714 4353 scriptum
751 4289 835 4338 est
863 4283 909 4346 ',
934 4279 1066 4336 illud
1107 4256 1284 4350 ipsum
1325 4276 1484 4332 nobis
1529 4274 1798 4346 objiciunt
1831 4292 1844 4328 :
1883 4271 2004 4326 Dixi

2127 4277 2238 4332 Καί
2255 4291 2440 4344 φασιν*
2467 4271 2694 4341 Ἔλεγεν
2720 4271 2778 4324 ἐν
2811 4269 2889 4340 τῷ
2908 4264 3148 4340 σταυρῷ·
3193 4263 3341 4328 Ἠλὶ,
3374 4260 3523 4325 Ἠλὶ,
3551 4256 3718 4328 λημᾶ

451 4347 695 4445 pendens
721 4375 775 4428 in
811 4389 973 4430 cruce
1012 4347 1307 4427 Christus:
1344 4369 1450 4432 Eli,
1488 4367 1598 4431 Eli,
1632 4367 1825 4421 lemma
1869 4363 2010 4419 tabat

2130 4370 2486 4440 σαϐαχθανί·
2524 4367 2798 4428 τουτέστι,
2833 4363 2940 4419 Θεέ
2967 4381 3108 4434 μου,
3147 4358 3254 4415 Θεέ
3279 4376 3421 4429 μου,
3449 4349 3550 4409 ἵνα
3567 4347 3620 4408 τί
3641 4371 3720 4423 με

453 4468 633 4522 ειΙιιηί
652 4469 676 4522 ?
703 4467 806 4522 hoc
837 4475 943 4529 est,
979 4465 1117 4520 Deus
1160 4481 1325 4530 meus,
1380 4463 1514 4517 Deus
1548 4476 1714 4525 meus,
1745 4475 1908 4530 quare
1948 4475 2010 4513 m4

2133 4462 2558 4534 eratadlatae;
2607 4461 2717 4514 Καὶ
2746 4460 2899 4534 δρᾷς,
2940 4457 3123 4526 φασὶν,
3149 4451 3381 4524 οἰκτρῶς
3411 4449 3572 4502 αὐτὸν
3611 4464 3718 4499 πα-

452 4561 775 4631 dereliquisti
801 4560 855 4613 ‘?
886 4558 1073 4622 Vides,
1104 4558 1379 4628 inquiunt,
1411 4565 1472 4610 ut
1501 4553 1891 4610 miserabiliter
1917 4551 2010 4606 im-

2140 4530 2502 4627 ρακαλοῦντα,
2561 4553 2656 4606 καὶ
2707 4530 3135 4622 ἀποδυρόμενον,
3178 4545 3272 4601 καὶ
3303 4544 3548 4613 λέγοντα·
3588 4541 3721 4594 Ἵνα

453 4653 649 4720 ploret,
696 4665 760 4705 ac
804 4651 1002 4721 lugeat,
1032 4658 1086 4704 et
1130 4647 1311 4702 dicat:
1346 4647 1524 4711 Quare
1553 4660 1634 4698 me
1662 4643 2010 4714 deretiquisti.‘

2135 4648 2194 4701 τί
2212 4663 2289 4717 με
2317 4644 2708 4715 ἐγκατέλιπες
2727 4661 2746 4708 ;
2779 4643 2889 4697 Καὶ
2914 4643 3015 4696 οὐκ
3049 4641 3227 4694 ἴσασιν
3257 4639 3307 4692 oi
3353 4634 3462 4692 ἀπὸ
3495 4633 3589 4688 τοῦ
3622 4633 3719 4700 δη-

453 4741 639 4812 Neque
671 4741 776 4796 hoc
809 4741 992 4795 animo
1027 4740 1354 4810 percipiunt,
1385 4737 1553 4810 788
1589 4736 1840 4792 homines
1877 4734 2031 4790 viru-
2136 4739 2394 4812 λητηριου
2453 4737 2640 4792 τούτου
2687 4736 2789 4807 τῆς
2842 4734 2938 4790 τοῦ
2988 4735 3196 4806 Ἀρείου
3251 4730 3447 4803 μανίας
3483 4726 3723 4798 καρηόαο

453 4835 599 4892 lenta
624 4833 729 4888 hac
761 4833 878 4887 Arii
910 4833 1147 4896 insania,
1187 4833 1335 4887 velut
1373 4832 1606 4903 quadam
1641 4829 1885 4901 crapula,
1915 4843 2010 4900 gra

2141 4831 2380 4902 ροῦντες,
2425 4831 2519 4885 καὶ
2545 4832 2612 4901 τῇ
2661 4827 2872 4899 διανοίᾳ
2905 4827 3004 4897 τῆς
3039 4825 3134 4879 τοῦ
3165 4823 3300 4879 Θεοῦ
3331 4821 3584 4891 γνώσεως
3615 4818 3724 4871 λει-

451 4927 582 4991 vati,
619 4939 685 4980 ac
714 4923 807 4979 Dei
853 4923 1180 4994 cognitionis
1220 4931 1506 4994 expertes;
1538 4923 1809 4977 humanos
1838 4933 2030 4975 omnes

454 5015 683 5073 allectus
731 5016 788 5070 in
836 5013 1059 5071 Christo
1092 5013 1324 5074 Domino
1380 5013 1759 5086 agnoscendos
1801 5013 1857 5067 in
1902 5025 2032 5066 vera

456 5109 603 5165 illius
649 5107 1028 5163 incarnatione
1079 5123 1142 5162 ac
1179 5107 1517 5163 conﬁtendos
1552 5123 1694 5163 esse.
1746 5106 1926 5177 Atque
1975 5105 2032 5159 in

455 5200 649 5271 primis
674 5199 744 5254 ab
768 5213 878 5254 uno
898 5198 955 5253 in
976 5198 1120 5252 aliud
1151 5198 1449 5252 desultorio
1479 5212 1630 5252 more
1659 5205 2030 5260 transeuntes,

457 5290 589 5362 quid
631 5291 699 5345 de
735 5305 801 5346 eo
844 5290 1188 5347 sentiendum
1221 5289 1563 5346 decreverint
1609 5288 2033 5353 obliviscuntur,

458 5397 563 5438 nec
592 5383 647 5436 in
673 5396 783 5436 uno
815 5388 960 5438 statu
991 5381 1323 5436 consistunt.
1357 5378 1542 5450 Neque
1581 5379 1727 5434 enim
1757 5379 1915 5432 aliter
1955 5379 2037 5432 la-

459 5490 584 5530 cere
612 5481 865 5545 possunt,
898 5472 993 5543 qui
1038 5480 1218 5528 mente
1243 5471 1542 5542 desipiunt.
1570 5468 1741 5542 igitur
1778 5484 2039 5525 nonnuna

460 5575 623 5636 quam
660 5564 994 5619 Salvatorem
1030 5563 1175 5618 hunc
1201 5571 1475 5627 asserunt,
1527 5571 1580 5617 et
1627 5561 1938 5627 Dominum,
1973 5578 2038 5619 ac

539 5684 553 5712 π
583 5681 810 5758 Ριιίιιμρ,
848 5698 908 5751 u,
946 5683 998 5738 8.

465 5768 635 5821 nvn,
665 5753 750 5808 47.

2139 4921 2386 4991 πόμενοι,
2420 4921 2502 4974 ὅτι
2531 4921 2613 4974 δεῖ
2643 4920 2711 4972 τὰ
2736 4917 3140 4990 ἀνθρωποπαθῆ
3192 4915 3370 4969 πάντα
3403 4915 3462 4966 ἐν
3496 4911 3576 4982 τῷ
3611 4912 3724 4964 Κυ-

2141 5013 2242 5086 ρίῳ
2269 5011 2645 5084 ὁμολογεῖσθαι
2675 5013 2733 5064 ἐν
2764 5012 2829 5081 τῇ
2857 5008 3107 5081 ἐνσὰρκῳ
3122 5005 3287 5061 αὐτοῦ
3324 5005 3550 5076 ἀληθινῇ
3579 5018 3721 5071 παρ-

2140 5104 2318 5176 ουσίᾳ.
2344 5105 2454 5158 Καὶ
2476 5101 2690 5175 πρῶτον
2727 5101 2822 5173 μέν
2844 5100 2913 5154 τὰ
2938 5099 3066 5169 περί
3089 5097 3254 5152 αὐτοῦ
3298 5095 3374 5160 ὡς
3412 5093 3720 5166 φρονοῦσιν,

2142 5198 2250 5251 ἀπὸ
2272 5196 2474 5268 ἐτέρων
2495 5195 2572 5259 εἰς
2604 5193 2768 5264 ἐτερα
2804 5191 3221 5264 μεταπηδῶντες
3255 5187 3720 5244 ἐπιλανθάνονται,

2148 5289 2277 5360 μίαν
2319 5287 2392 5359 μὴ
2426 5289 2640 5358 ἔχοντες
2671 5284 3026 5340 κατάστασιν.
3077 5281 3202 5346 Πῶς
3242 5280 3351 5352 γὰρ
3379 5279 3631 5333 δύνανται
3674 5276 3723 5329 οἰ

2143 5387 2209 5456 τῇ
2261 5383 2469 5454 διανοίᾳ
2521 5380 2594 5452 μὴ
2625 5378 3064 5451 σωφρονοῦντες;
3097 5371 3235 5431 Ποτέ
3270 5375 3368 5447 μὲν
3415 5373 3524 5443 γὰρ
3547 5372 3726 5439 λέγειν

2146 5476 2376 5546 Σωτῆρα
2409 5473 2688 5545 βούλονται
2736 5470 2920 5535 αὐτὸν,
2951 5470 3046 5523 καὶ
3069 5467 3292 5539 Κύριον,
3343 5465 3438 5520 καὶ
3471 5463 3724 5536 Χριστὸν,

2147 5567 2241 5622 καὶ
2267 5567 2374 5637 πρὸ
2401 5567 2620 5620 πάντων
2649 5562 2882 5627 αἰώνων,
2917 5562 3014 5615 καὶ
3045 5559 3310 5629 δεσπότην
3353 5557 3602 5626 ἀγγέλων
3631 5554 3727 5610 καὶ

1106 5686 1125 5715 ³
1149 5682 1312 5739 Hebr.
1346 5701 1406 5750 tt,
1439 5685 1524 5741 14.
1633 5685 1652 5717 ³
1683 5685 1895 5744 Coloss.
1929 5703 1992 5755 It,

2213 5687 2235 5719 ⁸
2264 5687 2424 5744 Deut.
2449 5699 2627 5753 nm,
2659 5683 2750 5739 4'5.
2851 5685 2871 5716 ⁸
2905 5681 3094 5737 Matth.
3126 5695 3259 5745 χιιι,
3303 5678 3389 5732 15.
3483 5676 3504 5707 ⁸
3533 5673 3723 5729 Matth.
