  <div class='ocr_page' id='page_1' title='image "/cluster/home/n/w/nwhite01/storage/ocr_20150623/42/nnc1.0046978682/178.png"; bbox 0 0 4138 6396; ppageno 0'>
   <div class='ocr_carea' id='block_1_1' title="bbox 418 359 3672 467">
    <p class='ocr_par' dir='ltr' id='par_1_1' title="bbox 418 359 3672 467">
     <span class='ocr_line' id='line_1_1' title="bbox 418 359 3672 467; baseline 0 -14"><span class='ocrx_word' id='word_1_1' title='bbox 418 397 523 454; x_wconf 73' lang='lat'><strong>505</strong></span> <span class='ocrx_word' id='word_1_2' title='bbox 1120 400 1490 462; x_wconf 81' lang='lat' dir='ltr'><strong>ADVERSUS</strong></span> <span class='ocrx_word' id='word_1_3' title='bbox 1527 403 1869 462; x_wconf 69' lang='lat' dir='ltr'><strong>[LERESES</strong></span> <span class='ocrx_word' id='word_1_4' title='bbox 1903 406 2030 464; x_wconf 84' lang='lat' dir='ltr'><strong>LIB.</strong></span> <span class='ocrx_word' id='word_1_5' title='bbox 2068 408 2132 466; x_wconf 92' lang='lat' dir='ltr'><strong>Il.</strong></span> <span class='ocrx_word' id='word_1_6' title='bbox 2172 408 2334 467; x_wconf 77' lang='grc' dir='ltr'><strong>ΤΟΜ.</strong></span> <span class='ocrx_word' id='word_1_7' title='bbox 2378 408 2442 465; x_wconf 88' lang='lat' dir='ltr'><strong>II.</strong></span> <span class='ocrx_word' id='word_1_8' title='bbox 2483 441 2550 453; x_wconf 89' lang='lat'><strong>-</strong></span> <span class='ocrx_word' id='word_1_9' title='bbox 2587 406 2861 464; x_wconf 67' lang='lat' dir='ltr'><strong>HIERES.</strong></span> <span class='ocrx_word' id='word_1_10' title='bbox 2893 405 3077 462; x_wconf 75' lang='lat' dir='ltr'><strong>LXIX.</strong></span> <span class='ocrx_word' id='word_1_11' title='bbox 3571 359 3672 455; x_wconf 70' lang='grc' dir='ltr'><strong>5ὕῦ</strong></span> 
     </span>
    </p>
   </div>
   <div class='ocr_carea' id='block_1_2' title="bbox 419 512 2034 601">
    <p class='ocr_par' dir='ltr' id='par_1_2' title="bbox 419 514 2034 599">
     <span class='ocr_line' id='line_1_2' title="bbox 419 514 2034 599; baseline 0.006 -29"><span class='ocrx_word' id='word_1_12' title='bbox 419 517 793 588; x_wconf 78' lang='grc' dir='ltr'>ἀρχαγγὲλων,</span> <span class='ocrx_word' id='word_1_13' title='bbox 819 520 887 575; x_wconf 82' lang='grc' dir='ltr'><strong>δι’</strong></span> <span class='ocrx_word' id='word_1_14' title='bbox 919 514 982 576; x_wconf 73' lang='grc' dir='ltr'>οὗ</span> <span class='ocrx_word' id='word_1_15' title='bbox 1015 520 1086 575; x_wconf 81' lang='grc' dir='ltr'><strong>τὰ</strong></span> <span class='ocrx_word' id='word_1_16' title='bbox 1113 521 1210 576; x_wconf 85' lang='grc' dir='ltr'><strong>ὅλα</strong></span> <span class='ocrx_word' id='word_1_17' title='bbox 1241 522 1550 593; x_wconf 83' lang='grc' dir='ltr'>γεγένηται,</span> <span class='ocrx_word' id='word_1_18' title='bbox 1591 523 1758 595; x_wconf 81' lang='grc' dir='ltr'>ἀρχαι</span> <span class='ocrx_word' id='word_1_19' title='bbox 1803 542 1862 578; x_wconf 87' lang='grc' dir='ltr'><strong>τε</strong></span> <span class='ocrx_word' id='word_1_20' title='bbox 1909 527 2002 580; x_wconf 76' lang='grc' dir='ltr'>καὶ</span> <span class='ocrx_word' id='word_1_21' title='bbox 2031 593 2034 599; x_wconf 26' lang='grc' dir='ltr'><strong>η</strong></span> 
     </span>
    </p>
   </div>
   <div class='ocr_carea' id='block_1_3' title="bbox 2127 512 3670 601">
    <p class='ocr_par' dir='ltr' id='par_1_3' title="bbox 2127 512 3670 597">
     <span class='ocr_line' id='line_1_3' title="bbox 2127 512 3670 597; baseline -0.008 -13"><span class='ocrx_word' id='word_1_22' title='bbox 2127 512 2405 592; x_wconf 71' lang='grc' dir='ltr'>Ξιιτίειυῐη,</span> <span class='ocrx_word' id='word_1_23' title='bbox 2451 527 2814 597; x_wconf 88' lang='lat' dir='ltr'><strong>omnibusque</strong></span> <span class='ocrx_word' id='word_1_24' title='bbox 2847 523 3182 595; x_wconf 83' lang='lat' dir='ltr'><strong>superiorem</strong></span> <span class='ocrx_word' id='word_1_25' title='bbox 3224 519 3458 587; x_wconf 68' lang='lat' dir='ltr'><strong>saeculis,</strong></span> <span class='ocrx_word' id='word_1_26' title='bbox 3491 525 3546 573; x_wconf 87' lang='lat' dir='ltr'><strong>et</strong></span> <span class='ocrx_word' id='word_1_27' title='bbox 3576 533 3670 572; x_wconf 87' lang='lat' dir='ltr'><strong>an-</strong></span> 
     </span>
    </p>
   </div>
   <div class='ocr_carea' id='block_1_4' title="bbox 419 609 2034 691">
    <p class='ocr_par' dir='ltr' id='par_1_4' title="bbox 419 609 2006 686">
     <span class='ocr_line' id='line_1_4' title="bbox 419 609 2006 686; baseline 0.006 -25"><span class='ocrx_word' id='word_1_28' title='bbox 419 609 682 675; x_wconf 74' lang='grc' dir='ltr'>εξουσίαι,</span> <span class='ocrx_word' id='word_1_29' title='bbox 715 611 938 680; x_wconf 78' lang='grc' dir='ltr'>ἄγγελοι</span> <span class='ocrx_word' id='word_1_30' title='bbox 968 631 1027 666; x_wconf 91' lang='grc' dir='ltr'><strong>τε</strong></span> <span class='ocrx_word' id='word_1_31' title='bbox 1049 615 1144 668; x_wconf 72' lang='grc' dir='ltr'><strong>καὶ</strong></span> <span class='ocrx_word' id='word_1_32' title='bbox 1172 614 1522 685; x_wconf 83' lang='grc' dir='ltr'><strong>ἀρχάγγελοι,</strong></span> <span class='ocrx_word' id='word_1_33' title='bbox 1543 615 1784 686; x_wconf 76' lang='grc' dir='ltr'><strong>οὐρανοὶ,</strong></span> <span class='ocrx_word' id='word_1_34' title='bbox 1815 616 1910 670; x_wconf 77' lang='grc' dir='ltr'><strong>καὶ</strong></span> <span class='ocrx_word' id='word_1_35' title='bbox 1935 616 2006 670; x_wconf 75' lang='grc' dir='ltr'>τὰ</span> 
     </span>
    </p>
   </div>
   <div class='ocr_carea' id='block_1_5' title="bbox 2127 609 3677 691">
    <p class='ocr_par' dir='ltr' id='par_1_5' title="bbox 2127 615 3677 690">
     <span class='ocr_line' id='line_1_5' title="bbox 2127 615 3677 690; baseline -0.007 -15"><span class='ocrx_word' id='word_1_36' title='bbox 2127 622 2348 690; x_wconf 70' lang='grc' dir='ltr'>ςοιοτυηι</span> <span class='ocrx_word' id='word_1_37' title='bbox 2381 630 2542 690; x_wconf 90' lang='lat' dir='ltr'><strong>atque</strong></span> <span class='ocrx_word' id='word_1_38' title='bbox 2588 617 3037 688; x_wconf 78' lang='lat' dir='ltr'><strong>archangelorum</strong></span> <span class='ocrx_word' id='word_1_39' title='bbox 3065 615 3364 680; x_wconf 90' lang='lat' dir='ltr'><strong>dominum,</strong></span> <span class='ocrx_word' id='word_1_40' title='bbox 3389 629 3486 686; x_wconf 89' lang='lat' dir='ltr'><strong>per</strong></span> <span class='ocrx_word' id='word_1_41' title='bbox 3513 626 3677 682; x_wconf 84' lang='lat' dir='ltr'><strong>quem</strong></span> 
     </span>
    </p>
   </div>
   <div class='ocr_carea' id='block_1_6' title="bbox 422 700 2008 778">
    <p class='ocr_par' dir='ltr' id='par_1_6' title="bbox 422 700 2008 778">
     <span class='ocr_line' id='line_1_6' title="bbox 422 700 2008 778; baseline 0.005 -25"><span class='ocrx_word' id='word_1_42' title='bbox 422 700 621 765; x_wconf 82' lang='grc' dir='ltr'>πάντα,</span> <span class='ocrx_word' id='word_1_43' title='bbox 657 703 730 774; x_wconf 82' lang='grc' dir='ltr'><strong>γῆ</strong></span> <span class='ocrx_word' id='word_1_44' title='bbox 777 720 838 756; x_wconf 85' lang='grc' dir='ltr'>τε</span> <span class='ocrx_word' id='word_1_45' title='bbox 873 705 968 757; x_wconf 76' lang='grc' dir='ltr'><strong>καὶ</strong></span> <span class='ocrx_word' id='word_1_46' title='bbox 1014 705 1216 769; x_wconf 81' lang='grc' dir='ltr'>πάντες</span> <span class='ocrx_word' id='word_1_47' title='bbox 1258 705 1558 778; x_wconf 82' lang='grc' dir='ltr'><strong>ἄνθρωποι,</strong></span> <span class='ocrx_word' id='word_1_48' title='bbox 1586 709 1680 761; x_wconf 77' lang='grc' dir='ltr'><strong>καὶ</strong></span> <span class='ocrx_word' id='word_1_49' title='bbox 1707 707 1885 761; x_wconf 86' lang='grc' dir='ltr'>πάντα</span> <span class='ocrx_word' id='word_1_50' title='bbox 1936 707 2008 761; x_wconf 85' lang='grc' dir='ltr'><strong>τὰ</strong></span> 
     </span>
    </p>
   </div>
   <div class='ocr_carea' id='block_1_7' title="bbox 422 793 2009 870">
    <p class='ocr_par' dir='ltr' id='par_1_7' title="bbox 422 793 2009 870">
     <span class='ocr_line' id='line_1_7' title="bbox 422 793 2009 870; baseline 0.006 -27"><span class='ocrx_word' id='word_1_51' title='bbox 422 793 516 845; x_wconf 77' lang='grc' dir='ltr'><strong>ἐπὶ</strong></span> <span class='ocrx_word' id='word_1_52' title='bbox 537 795 661 864; x_wconf 84' lang='grc' dir='ltr'><strong>γῆς,</strong></span> <span class='ocrx_word' id='word_1_53' title='bbox 703 794 947 850; x_wconf 82' lang='grc' dir='ltr'><strong>θάλασσά</strong></span> <span class='ocrx_word' id='word_1_54' title='bbox 999 814 1060 850; x_wconf 90' lang='grc' dir='ltr'><strong>τε</strong></span> <span class='ocrx_word' id='word_1_55' title='bbox 1085 797 1180 851; x_wconf 79' lang='grc' dir='ltr'><strong>καὶ</strong></span> <span class='ocrx_word' id='word_1_56' title='bbox 1209 797 1278 851; x_wconf 84' lang='grc' dir='ltr'><strong>τὰ</strong></span> <span class='ocrx_word' id='word_1_57' title='bbox 1299 798 1358 851; x_wconf 73' lang='grc' dir='ltr'>ὲν</span> <span class='ocrx_word' id='word_1_58' title='bbox 1399 798 1571 870; x_wconf 59' lang='lat' dir='ltr'><strong>exitii.</strong></span> <span class='ocrx_word' id='word_1_59' title='bbox 1599 800 1710 852; x_wconf 74' lang='grc' dir='ltr'><strong>Καὶ</strong></span> <span class='ocrx_word' id='word_1_60' title='bbox 1732 797 1778 852; x_wconf 82' lang='grc' dir='ltr'>ὣ</span> <span class='ocrx_word' id='word_1_61' title='bbox 1806 798 2009 870; x_wconf 85' lang='grc' dir='ltr'>πολλῆς</span> 
     </span>
    </p>
   </div>
   <div class='ocr_carea' id='block_1_8' title="bbox 423 883 2005 961">
    <p class='ocr_par' dir='ltr' id='par_1_8' title="bbox 423 883 2005 961">
     <span class='ocr_line' id='line_1_8' title="bbox 423 883 2005 961; baseline 0.004 -24"><span class='ocrx_word' id='word_1_62' title='bbox 423 883 763 957; x_wconf 73' lang='grc' dir='ltr'>ἠλιθιότητος</span> <span class='ocrx_word' id='word_1_63' title='bbox 791 887 897 941; x_wconf 84' lang='grc' dir='ltr'>τῶν</span> <span class='ocrx_word' id='word_1_64' title='bbox 922 887 994 942; x_wconf 81' lang='grc' dir='ltr'><strong>τὰ</strong></span> <span class='ocrx_word' id='word_1_65' title='bbox 1027 887 1256 943; x_wconf 81' lang='grc' dir='ltr'>τοιαῦτα</span> <span class='ocrx_word' id='word_1_66' title='bbox 1289 890 1417 961; x_wconf 73' lang='grc' dir='ltr'>περὶ</span> <span class='ocrx_word' id='word_1_67' title='bbox 1446 889 1614 944; x_wconf 80' lang='grc' dir='ltr'><strong>αὐτοῦ</strong></span> <span class='ocrx_word' id='word_1_68' title='bbox 1654 889 2005 956; x_wconf 78' lang='grc' dir='ltr'><strong>δοξαζόντων,</strong></span> 
     </span>
    </p>
   </div>
   <div class='ocr_carea' id='block_1_9' title="bbox 425 977 2009 1054">
    <p class='ocr_par' dir='ltr' id='par_1_9' title="bbox 425 977 2009 1054">
     <span class='ocr_line' id='line_1_9' title="bbox 425 977 2009 1054; baseline 0.004 -27"><span class='ocrx_word' id='word_1_69' title='bbox 425 980 520 1028; x_wconf 81' lang='grc' dir='ltr'><strong>καὶ</strong></span> <span class='ocrx_word' id='word_1_70' title='bbox 551 977 787 1031; x_wconf 78' lang='grc' dir='ltr'>ἐνταῦθα</span> <span class='ocrx_word' id='word_1_71' title='bbox 823 979 898 1050; x_wconf 78' lang='grc' dir='ltr'><strong>μὴ</strong></span> <span class='ocrx_word' id='word_1_72' title='bbox 927 979 1210 1044; x_wconf 83' lang='grc' dir='ltr'>νοούντων,</span> <span class='ocrx_word' id='word_1_73' title='bbox 1240 981 1322 1034; x_wconf 79' lang='grc' dir='ltr'>ὅτι</span> <span class='ocrx_word' id='word_1_74' title='bbox 1354 983 1415 1034; x_wconf 85' lang='grc' dir='ltr'>οὐ</span> <span class='ocrx_word' id='word_1_75' title='bbox 1456 981 1679 1036; x_wconf 79' lang='grc' dir='ltr'>δύναται</span> <span class='ocrx_word' id='word_1_76' title='bbox 1712 982 1740 1034; x_wconf 81' lang='grc' dir='ltr'><strong>ὁ</strong></span> <span class='ocrx_word' id='word_1_77' title='bbox 1767 981 1874 1054; x_wconf 82' lang='grc' dir='ltr'>πρὸ</span> <span class='ocrx_word' id='word_1_78' title='bbox 1901 981 2009 1035; x_wconf 84' lang='grc' dir='ltr'><strong>τῶν</strong></span> 
     </span>
    </p>
   </div>
   <div class='ocr_carea' id='block_1_10' title="bbox 398 1067 2012 1145">
    <p class='ocr_par' dir='ltr' id='par_1_10' title="bbox 398 1067 2012 1145">
     <span class='ocr_line' id='line_1_10' title="bbox 398 1067 2012 1145; baseline 0.006 -27"><span class='ocrx_word' id='word_1_79' title='bbox 398 1114 401 1116; x_wconf 82' lang='grc'>.</span> <span class='ocrx_word' id='word_1_80' title='bbox 427 1067 640 1122; x_wconf 84' lang='grc' dir='ltr'><strong>αἰώνων</strong></span> <span class='ocrx_word' id='word_1_81' title='bbox 670 1070 812 1124; x_wconf 86' lang='grc' dir='ltr'>κατὰ</span> <span class='ocrx_word' id='word_1_82' title='bbox 836 1071 934 1143; x_wconf 84' lang='grc' dir='ltr'><strong>τὴν</strong></span> <span class='ocrx_word' id='word_1_83' title='bbox 965 1072 1128 1127; x_wconf 80' lang='grc' dir='ltr'><strong>αὐτοῦ</strong></span> <span class='ocrx_word' id='word_1_84' title='bbox 1153 1073 1400 1145; x_wconf 82' lang='grc' dir='ltr'>θεότητα,</span> <span class='ocrx_word' id='word_1_85' title='bbox 1433 1074 1501 1127; x_wconf 81' lang='grc' dir='ltr'>δι’</span> <span class='ocrx_word' id='word_1_86' title='bbox 1533 1069 1593 1129; x_wconf 75' lang='grc' dir='ltr'>οὗ</span> <span class='ocrx_word' id='word_1_87' title='bbox 1619 1077 1648 1128; x_wconf 86' lang='grc' dir='ltr'><strong>ὁ</strong></span> <span class='ocrx_word' id='word_1_88' title='bbox 1675 1075 1902 1145; x_wconf 83' lang='grc' dir='ltr'>οὐρανὸς</span> <span class='ocrx_word' id='word_1_89' title='bbox 1917 1074 2012 1128; x_wconf 80' lang='grc' dir='ltr'><strong>καὶ</strong></span> 
     </span>
    </p>
   </div>
   <div class='ocr_carea' id='block_1_11' title="bbox 397 1163 2010 1240">
    <p class='ocr_par' dir='ltr' id='par_1_11' title="bbox 397 1163 2010 1240">
     <span class='ocr_line' id='line_1_11' title="bbox 397 1163 2010 1240; baseline 0.005 -26"><span class='ocrx_word' id='word_1_90' title='bbox 397 1192 403 1206; x_wconf 76' lang='grc' dir='ltr'>ι</span> <span class='ocrx_word' id='word_1_91' title='bbox 428 1163 503 1232; x_wconf 83' lang='grc' dir='ltr'><strong>γῆ</strong></span> <span class='ocrx_word' id='word_1_92' title='bbox 528 1163 840 1235; x_wconf 85' lang='grc' dir='ltr'>γεγένηται,</span> <span class='ocrx_word' id='word_1_93' title='bbox 872 1165 1091 1234; x_wconf 77' lang='grc' dir='ltr'><strong>ἄγγελοί</strong></span> <span class='ocrx_word' id='word_1_94' title='bbox 1120 1183 1180 1219; x_wconf 89' lang='grc' dir='ltr'><strong>τε</strong></span> <span class='ocrx_word' id='word_1_95' title='bbox 1211 1167 1306 1221; x_wconf 73' lang='grc' dir='ltr'><strong>καὶ</strong></span> <span class='ocrx_word' id='word_1_96' title='bbox 1329 1167 1678 1240; x_wconf 82' lang='grc' dir='ltr'>ἀρχάγγελοι,</span> <span class='ocrx_word' id='word_1_97' title='bbox 1701 1169 1796 1222; x_wconf 82' lang='grc' dir='ltr'><strong>καὶ</strong></span> <span class='ocrx_word' id='word_1_98' title='bbox 1830 1168 2010 1232; x_wconf 79' lang='grc' dir='ltr'>ἁπαξ-</span> 
     </span>
    </p>
   </div>
   <div class='ocr_carea' id='block_1_12' title="bbox 398 1251 2011 1329">
    <p class='ocr_par' dir='ltr' id='par_1_12' title="bbox 398 1251 2011 1329">
     <span class='ocr_line' id='line_1_12' title="bbox 398 1251 2011 1329; baseline 0.004 -25"><span class='ocrx_word' id='word_1_99' title='bbox 398 1251 620 1316; x_wconf 84' lang='grc' dir='ltr'>-απλῶς</span> <span class='ocrx_word' id='word_1_100' title='bbox 654 1253 721 1306; x_wconf 81' lang='grc' dir='ltr'>τὰ</span> <span class='ocrx_word' id='word_1_101' title='bbox 751 1253 1062 1325; x_wconf 76' lang='grc' dir='ltr'>σύμπαντα,</span> <span class='ocrx_word' id='word_1_102' title='bbox 1104 1255 1278 1328; x_wconf 84' lang='grc' dir='ltr'>ὁρατά</span> <span class='ocrx_word' id='word_1_103' title='bbox 1306 1273 1368 1310; x_wconf 93' lang='grc' dir='ltr'><strong>τε</strong></span> <span class='ocrx_word' id='word_1_104' title='bbox 1403 1257 1499 1310; x_wconf 60' lang='grc' dir='ltr'><strong>καλ⁹</strong></span> <span class='ocrx_word' id='word_1_105' title='bbox 1547 1257 1755 1329; x_wconf 85' lang='grc' dir='ltr'><strong>ἀόρατα</strong></span> <span class='ocrx_word' id='word_1_106' title='bbox 1809 1257 2011 1327; x_wconf 82' lang='grc' dir='ltr'>ταύτην</span> 
     </span>
    </p>
   </div>
   <div class='ocr_carea' id='block_1_13' title="bbox 432 1345 2007 1420">
    <p class='ocr_par' dir='ltr' id='par_1_13' title="bbox 432 1345 2007 1420">
     <span class='ocr_line' id='line_1_13' title="bbox 432 1345 2007 1420; baseline 0.004 -23"><span class='ocrx_word' id='word_1_107' title='bbox 432 1345 534 1415; x_wconf 77' lang='grc' dir='ltr'>τὴν</span> <span class='ocrx_word' id='word_1_108' title='bbox 559 1345 742 1418; x_wconf 79' lang='grc' dir='ltr'>φωνὴν</span> <span class='ocrx_word' id='word_1_109' title='bbox 770 1346 835 1400; x_wconf 85' lang='grc' dir='ltr'><strong>ὲκ</strong></span> <span class='ocrx_word' id='word_1_110' title='bbox 860 1345 1150 1418; x_wconf 82' lang='grc' dir='ltr'><strong>προσώπου</strong></span> <span class='ocrx_word' id='word_1_111' title='bbox 1179 1348 1279 1420; x_wconf 84' lang='grc' dir='ltr'><strong>τῆς</strong></span> <span class='ocrx_word' id='word_1_112' title='bbox 1307 1348 1472 1402; x_wconf 82' lang='grc' dir='ltr'>αὐτοῦ</span> <span class='ocrx_word' id='word_1_113' title='bbox 1508 1348 1761 1420; x_wconf 84' lang='grc' dir='ltr'><strong>θεότητος</strong></span> <span class='ocrx_word' id='word_1_114' title='bbox 1791 1348 1970 1419; x_wconf 84' lang='grc' dir='ltr'>λέγειν</span> <span class='ocrx_word' id='word_1_115' title='bbox 1994 1367 2007 1380; x_wconf 89' lang='grc'><strong>·</strong></span> 
     </span>
    </p>
   </div>
   <div class='ocr_carea' id='block_1_14' title="bbox 436 1435 1732 1511">
    <p class='ocr_par' dir='ltr' id='par_1_14' title="bbox 436 1435 1732 1511">
     <span class='ocr_line' id='line_1_14' title="bbox 436 1435 1732 1511; baseline 0.005 -22"><span class='ocrx_word' id='word_1_116' title='bbox 436 1435 542 1490; x_wconf 81' lang='grc' dir='ltr'><strong><em>Θεέ</em></strong></span> <span class='ocrx_word' id='word_1_117' title='bbox 562 1455 703 1507; x_wconf 83' lang='grc' dir='ltr'>μου,</span> <span class='ocrx_word' id='word_1_118' title='bbox 723 1437 830 1492; x_wconf 81' lang='grc' dir='ltr'><strong><em>Θεέ</em></strong></span> <span class='ocrx_word' id='word_1_119' title='bbox 851 1457 994 1507; x_wconf 86' lang='grc' dir='ltr'>μου,</span> <span class='ocrx_word' id='word_1_120' title='bbox 1021 1440 1121 1493; x_wconf 78' lang='grc' dir='ltr'><strong>ἵνα</strong></span> <span class='ocrx_word' id='word_1_121' title='bbox 1141 1441 1198 1493; x_wconf 86' lang='lat' dir='ltr'><strong>tl</strong></span> <span class='ocrx_word' id='word_1_122' title='bbox 1211 1457 1289 1509; x_wconf 82' lang='grc' dir='ltr'><strong>με</strong></span> <span class='ocrx_word' id='word_1_123' title='bbox 1313 1439 1732 1511; x_wconf 68' lang='grc' dir='ltr'><strong>ἐγκατέλιπες;</strong></span> 
     </span>
    </p>
   </div>
   <div class='ocr_carea' id='block_1_15' title="bbox 2109 707 3677 780">
    <p class='ocr_par' dir='ltr' id='par_1_15' title="bbox 2109 707 3677 780">
     <span class='ocr_line' id='line_1_15' title="bbox 2109 707 3677 780; baseline -0.006 -15"><span class='ocrx_word' id='word_1_124' title='bbox 2109 712 2289 765; x_wconf 86' lang='lat' dir='ltr'><strong>omnia</strong></span> <span class='ocrx_word' id='word_1_125' title='bbox 2319 711 2540 766; x_wconf 87' lang='lat' dir='ltr'><strong>condita</strong></span> <span class='ocrx_word' id='word_1_126' title='bbox 2579 717 2728 774; x_wconf 89' lang='lat' dir='ltr'><strong>sunt,</strong></span> <span class='ocrx_word' id='word_1_127' title='bbox 2769 708 3107 780; x_wconf 74' lang='lat' dir='ltr'><strong>principatus</strong></span> <span class='ocrx_word' id='word_1_128' title='bbox 3129 707 3336 763; x_wconf 74' lang='lat' dir='ltr'><strong>scilicet</strong></span> <span class='ocrx_word' id='word_1_129' title='bbox 3360 713 3412 760; x_wconf 92' lang='lat' dir='ltr'><strong>et</strong></span> <span class='ocrx_word' id='word_1_130' title='bbox 3436 711 3677 776; x_wconf 85' lang='lat' dir='ltr'><strong>potesta-</strong></span> 
     </span>
    </p>
   </div>
   <div class='ocr_carea' id='block_1_16' title="bbox 2111 792 3724 869">
    <p class='ocr_par' dir='ltr' id='par_1_16' title="bbox 2111 792 3724 869">
     <span class='ocr_line' id='line_1_16' title="bbox 2111 792 3724 869; baseline -0.002 -17"><span class='ocrx_word' id='word_1_131' title='bbox 2111 808 2212 863; x_wconf 90' lang='lat' dir='ltr'><strong>tes,</strong></span> <span class='ocrx_word' id='word_1_132' title='bbox 2254 799 2428 869; x_wconf 83' lang='lat' dir='ltr'><strong>angeli</strong></span> <span class='ocrx_word' id='word_1_133' title='bbox 2467 807 2520 854; x_wconf 92' lang='lat' dir='ltr'><strong>ct</strong></span> <span class='ocrx_word' id='word_1_134' title='bbox 2554 797 2886 868; x_wconf 79' lang='lat' dir='ltr'><strong>archangeli,</strong></span> <span class='ocrx_word' id='word_1_135' title='bbox 2930 797 3053 850; x_wconf 63' lang='lat' dir='ltr'><strong>caeli</strong></span> <span class='ocrx_word' id='word_1_136' title='bbox 3100 805 3154 851; x_wconf 88' lang='lat' dir='ltr'><strong>et</strong></span> <span class='ocrx_word' id='word_1_137' title='bbox 3195 811 3316 865; x_wconf 73' lang='lat' dir='ltr'><strong>quae</strong></span> <span class='ocrx_word' id='word_1_138' title='bbox 3349 795 3402 848; x_wconf 90' lang='lat' dir='ltr'><strong>in</strong></span> <span class='ocrx_word' id='word_1_139' title='bbox 3439 792 3507 848; x_wconf 92' lang='lat' dir='ltr'><strong>iis</strong></span> <span class='ocrx_word' id='word_1_140' title='bbox 3549 798 3678 847; x_wconf 88' lang='lat' dir='ltr'><strong>sunt</strong></span> <span class='ocrx_word' id='word_1_141' title='bbox 3721 845 3724 848; x_wconf 30' lang='grc' dir='ltr'><strong>λ</strong></span> 
     </span>
    </p>
   </div>
   <div class='ocr_carea' id='block_1_17' title="bbox 2112 881 3680 949">
    <p class='ocr_par' dir='ltr' id='par_1_17' title="bbox 2112 881 3680 949">
     <span class='ocr_line' id='line_1_17' title="bbox 2112 881 3680 949; baseline -0.006 -5"><span class='ocrx_word' id='word_1_142' title='bbox 2112 892 2387 949; x_wconf 85' lang='lat' dir='ltr'><strong>universa.</strong></span> <span class='ocrx_word' id='word_1_143' title='bbox 2434 903 2645 943; x_wconf 87' lang='lat' dir='ltr'><strong>necnon</strong></span> <span class='ocrx_word' id='word_1_144' title='bbox 2683 897 2736 942; x_wconf 91' lang='lat' dir='ltr'><strong>ct</strong></span> <span class='ocrx_word' id='word_1_145' title='bbox 2778 895 2929 941; x_wconf 86' lang='lat' dir='ltr'><strong>terra</strong></span> <span class='ocrx_word' id='word_1_146' title='bbox 2977 903 3102 940; x_wconf 91' lang='lat' dir='ltr'><strong>cum</strong></span> <span class='ocrx_word' id='word_1_147' title='bbox 3150 885 3403 941; x_wconf 87' lang='lat' dir='ltr'><strong>omnibus</strong></span> <span class='ocrx_word' id='word_1_148' title='bbox 3440 881 3680 936; x_wconf 84' lang='lat' dir='ltr'><strong>homini-</strong></span> 
     </span>
    </p>
   </div>
   <div class='ocr_carea' id='block_1_18' title="bbox 2113 977 3680 1052">
    <p class='ocr_par' dir='ltr' id='par_1_18' title="bbox 2113 977 3680 1052">
     <span class='ocr_line' id='line_1_18' title="bbox 2113 977 3680 1052; baseline -0.006 -14"><span class='ocrx_word' id='word_1_149' title='bbox 2113 984 2237 1048; x_wconf 89' lang='lat' dir='ltr'><strong>bus,</strong></span> <span class='ocrx_word' id='word_1_150' title='bbox 2275 984 2451 1052; x_wconf 87' lang='lat' dir='ltr'><strong>iisque</strong></span> <span class='ocrx_word' id='word_1_151' title='bbox 2479 997 2598 1052; x_wconf 79' lang='lat' dir='ltr'><strong>quae</strong></span> <span class='ocrx_word' id='word_1_152' title='bbox 2635 982 2687 1035; x_wconf 91' lang='lat' dir='ltr'><strong>in</strong></span> <span class='ocrx_word' id='word_1_153' title='bbox 2716 989 2860 1035; x_wconf 87' lang='lat' dir='ltr'><strong>terra</strong></span> <span class='ocrx_word' id='word_1_154' title='bbox 2888 990 3048 1040; x_wconf 80' lang='lat' dir='ltr'><strong>sunt;</strong></span> <span class='ocrx_word' id='word_1_155' title='bbox 3085 994 3149 1034; x_wconf 89' lang='lat' dir='ltr'><strong>ac</strong></span> <span class='ocrx_word' id='word_1_156' title='bbox 3176 977 3412 1047; x_wconf 89' lang='lat' dir='ltr'><strong>denique</strong></span> <span class='ocrx_word' id='word_1_157' title='bbox 3439 989 3587 1030; x_wconf 88' lang='lat' dir='ltr'><strong>mare</strong></span> <span class='ocrx_word' id='word_1_158' title='bbox 3623 981 3680 1030; x_wconf 90' lang='lat' dir='ltr'><strong>et</strong></span> 
     </span>
    </p>
   </div>
   <div class='ocr_carea' id='block_1_19' title="bbox 2113 1066 3711 1147">
    <p class='ocr_par' dir='ltr' id='par_1_19' title="bbox 2113 1066 3711 1147">
     <span class='ocr_line' id='line_1_19' title="bbox 2113 1066 3711 1147; baseline -0.008 -16"><span class='ocrx_word' id='word_1_159' title='bbox 2113 1092 2234 1147; x_wconf 71' lang='lat' dir='ltr'><strong>quae</strong></span> <span class='ocrx_word' id='word_1_160' title='bbox 2263 1074 2400 1130; x_wconf 88' lang='lat' dir='ltr'><strong>mari</strong></span> <span class='ocrx_word' id='word_1_161' title='bbox 2441 1073 2810 1129; x_wconf 76' lang='lat' dir='ltr'><strong>continentur.</strong></span> <span class='ocrx_word' id='word_1_162' title='bbox 2852 1070 2896 1127; x_wconf 91' lang='grc'>0</span> <span class='ocrx_word' id='word_1_163' title='bbox 2925 1071 3295 1125; x_wconf 88' lang='lat' dir='ltr'><strong>incredibilem</strong></span> <span class='ocrx_word' id='word_1_164' title='bbox 3327 1083 3512 1122; x_wconf 89' lang='lat' dir='ltr'><strong>eorum</strong></span> <span class='ocrx_word' id='word_1_165' title='bbox 3543 1066 3681 1122; x_wconf 85' lang='lat' dir='ltr'><strong>stul-</strong></span> <span class='ocrx_word' id='word_1_166' title='bbox 3707 1101 3711 1106; x_wconf 63' lang='grc' dir='ltr'><strong>ι</strong></span> 
     </span>
    </p>
   </div>
   <div class='ocr_carea' id='block_1_20' title="bbox 2114 1161 3681 1237">
    <p class='ocr_par' dir='ltr' id='par_1_20' title="bbox 2114 1161 3681 1237">
     <span class='ocr_line' id='line_1_20' title="bbox 2114 1161 3681 1237; baseline -0.008 -16"><span class='ocrx_word' id='word_1_167' title='bbox 2114 1169 2308 1233; x_wconf 83' lang='lat' dir='ltr'><strong>titiam,</strong></span> <span class='ocrx_word' id='word_1_168' title='bbox 2343 1167 2434 1237; x_wconf 89' lang='lat' dir='ltr'><strong>qui</strong></span> <span class='ocrx_word' id='word_1_169' title='bbox 2470 1181 2593 1221; x_wconf 91' lang='lat' dir='ltr'><strong>cum</strong></span> <span class='ocrx_word' id='word_1_170' title='bbox 2625 1165 2699 1219; x_wconf 89' lang='lat' dir='ltr'><strong>ita</strong></span> <span class='ocrx_word' id='word_1_171' title='bbox 2741 1165 2809 1220; x_wconf 90' lang='lat' dir='ltr'><strong>de</strong></span> <span class='ocrx_word' id='word_1_172' title='bbox 2850 1165 2944 1220; x_wconf 90' lang='lat' dir='ltr'><strong>illo</strong></span> <span class='ocrx_word' id='word_1_173' title='bbox 2982 1162 3240 1222; x_wconf 89' lang='lat' dir='ltr'><strong>sentiant,</strong></span> <span class='ocrx_word' id='word_1_174' title='bbox 3272 1161 3326 1214; x_wconf 91' lang='lat' dir='ltr'><strong>in</strong></span> <span class='ocrx_word' id='word_1_175' title='bbox 3359 1161 3530 1214; x_wconf 86' lang='lat' dir='ltr'><strong>altero</strong></span> <span class='ocrx_word' id='word_1_176' title='bbox 3568 1173 3681 1212; x_wconf 88' lang='lat' dir='ltr'><strong>non</strong></span> 
     </span>
    </p>
   </div>
   <div class='ocr_carea' id='block_1_21' title="bbox 2115 1250 3773 1329">
    <p class='ocr_par' dir='ltr' id='par_1_21' title="bbox 2115 1250 3773 1329">
     <span class='ocr_line' id='line_1_21' title="bbox 2115 1250 3773 1329; baseline -0.007 -17"><span class='ocrx_word' id='word_1_177' title='bbox 2115 1258 2320 1322; x_wconf 90' lang='lat' dir='ltr'><strong>vident,</strong></span> <span class='ocrx_word' id='word_1_178' title='bbox 2352 1257 2464 1313; x_wconf 79' lang='lat' dir='ltr'><strong>ﬁeri</strong></span> <span class='ocrx_word' id='word_1_179' title='bbox 2491 1273 2598 1312; x_wconf 90' lang='lat' dir='ltr'><strong>non</strong></span> <span class='ocrx_word' id='word_1_180' title='bbox 2627 1271 2811 1326; x_wconf 86' lang='lat' dir='ltr'><strong>posse,</strong></span> <span class='ocrx_word' id='word_1_181' title='bbox 2843 1262 2902 1309; x_wconf 91' lang='lat' dir='ltr'><strong>ut</strong></span> <span class='ocrx_word' id='word_1_182' title='bbox 2922 1255 3016 1325; x_wconf 89' lang='lat' dir='ltr'><strong>qui</strong></span> <span class='ocrx_word' id='word_1_183' title='bbox 3044 1253 3324 1309; x_wconf 86' lang='lat' dir='ltr'><strong>divinitate</strong></span> <span class='ocrx_word' id='word_1_184' title='bbox 3357 1265 3457 1306; x_wconf 88' lang='lat' dir='ltr'><strong>sua</strong></span> <span class='ocrx_word' id='word_1_185' title='bbox 3480 1250 3681 1305; x_wconf 58' lang='lat' dir='ltr'><strong>saecula</strong></span> <span class='ocrx_word' id='word_1_186' title='bbox 3754 1311 3773 1329; x_wconf 52' lang='lat'><em>.</em></span> 
     </span>
    </p>
   </div>
   <div class='ocr_carea' id='block_1_22' title="bbox 2114 1339 3682 1425">
    <p class='ocr_par' dir='ltr' id='par_1_22' title="bbox 2114 1339 3682 1425">
     <span class='ocr_line' id='line_1_22' title="bbox 2114 1339 3682 1425; baseline -0.007 -23"><span class='ocrx_word' id='word_1_187' title='bbox 2114 1347 2401 1404; x_wconf 82' lang='lat' dir='ltr'><strong>antecedat</strong></span> <span class='ocrx_word' id='word_1_188' title='bbox 2424 1347 2628 1410; x_wconf 86' lang='lat' dir='ltr'><strong>omnia,</strong></span> <span class='ocrx_word' id='word_1_189' title='bbox 2659 1346 2753 1416; x_wconf 90' lang='lat' dir='ltr'><strong>qui</strong></span> <span class='ocrx_word' id='word_1_190' title='bbox 2787 1345 2989 1400; x_wconf 74' lang='lat' dir='ltr'><strong>cmlum</strong></span> <span class='ocrx_word' id='word_1_191' title='bbox 3045 1352 3365 1425; x_wconf 78' lang='lat' dir='ltr'><strong>terramque</strong></span> <span class='ocrx_word' id='word_1_192' title='bbox 3382 1339 3682 1399; x_wconf 81' lang='lat' dir='ltr'><strong>fabricarit.</strong></span> 
     </span>
    </p>
   </div>
   <div class='ocr_carea' id='block_1_23' title="bbox 2113 1428 3684 1511">
    <p class='ocr_par' dir='ltr' id='par_1_23' title="bbox 2113 1428 3684 1511">
     <span class='ocr_line' id='line_1_23' title="bbox 2113 1428 3684 1511; baseline -0.007 -17"><span class='ocrx_word' id='word_1_193' title='bbox 2113 1447 2168 1494; x_wconf 89' lang='lat' dir='ltr'><strong>et</strong></span> <span class='ocrx_word' id='word_1_194' title='bbox 2220 1438 2440 1511; x_wconf 77' lang='lat' dir='ltr'><strong>angelos</strong></span> <span class='ocrx_word' id='word_1_195' title='bbox 2467 1478 2482 1505; x_wconf 92' lang='lat'><strong>,</strong></span> <span class='ocrx_word' id='word_1_196' title='bbox 2514 1444 2676 1507; x_wconf 90' lang='lat' dir='ltr'><strong>atque</strong></span> <span class='ocrx_word' id='word_1_197' title='bbox 2712 1435 3091 1506; x_wconf 80' lang='lat' dir='ltr'><strong>archangelos,</strong></span> <span class='ocrx_word' id='word_1_198' title='bbox 3132 1441 3208 1501; x_wconf 89' lang='lat' dir='ltr'><strong>et,</strong></span> <span class='ocrx_word' id='word_1_199' title='bbox 3257 1440 3318 1487; x_wconf 91' lang='lat' dir='ltr'><strong>ut</strong></span> <span class='ocrx_word' id='word_1_200' title='bbox 3366 1445 3477 1486; x_wconf 90' lang='lat' dir='ltr'><strong>uno</strong></span> <span class='ocrx_word' id='word_1_201' title='bbox 3521 1428 3684 1484; x_wconf 83' lang='lat' dir='ltr'><strong>verba</strong></span> 
     </span>
    </p>
   </div>
   <div class='ocr_carea' id='block_1_24' title="bbox 435 1521 3670 1604">
    <p class='ocr_par' dir='ltr' id='par_1_24' title="bbox 435 1521 3670 1604">
     <span class='ocr_line' id='line_1_24' title="bbox 435 1521 3670 1604; baseline -0.002 -22"><span class='ocrx_word' id='word_1_202' title='bbox 435 1526 638 1594; x_wconf 89' lang='lat' dir='ltr'><strong>dicam,</strong></span> <span class='ocrx_word' id='word_1_203' title='bbox 688 1531 872 1585; x_wconf 88' lang='lat' dir='ltr'><strong>omnia</strong></span> <span class='ocrx_word' id='word_1_204' title='bbox 908 1538 1018 1586; x_wconf 91' lang='lat' dir='ltr'><strong>tam</strong></span> <span class='ocrx_word' id='word_1_205' title='bbox 1062 1547 1183 1602; x_wconf 67' lang='lat' dir='ltr'><strong>quae</strong></span> <span class='ocrx_word' id='word_1_206' title='bbox 1229 1534 1582 1602; x_wconf 88' lang='lat' dir='ltr'><strong>aspectabilia</strong></span> <span class='ocrx_word' id='word_1_207' title='bbox 1635 1543 1785 1598; x_wconf 84' lang='lat' dir='ltr'><strong>sunt,</strong></span> <span class='ocrx_word' id='word_1_208' title='bbox 1838 1549 2003 1604; x_wconf 89' lang='lat' dir='ltr'><strong>quam</strong></span> <span class='ocrx_word' id='word_1_209' title='bbox 2037 1548 2160 1604; x_wconf 68' lang='lat' dir='ltr'><strong>quae</strong></span> <span class='ocrx_word' id='word_1_210' title='bbox 2180 1539 2459 1602; x_wconf 88' lang='lat' dir='ltr'><strong>aspectum</strong></span> <span class='ocrx_word' id='word_1_211' title='bbox 2492 1530 2726 1602; x_wconf 79' lang='lat' dir='ltr'><strong>fugiunt,</strong></span> <span class='ocrx_word' id='word_1_212' title='bbox 2759 1530 2806 1584; x_wconf 94' lang='lat' dir='ltr'><strong>is</strong></span> <span class='ocrx_word' id='word_1_213' title='bbox 2836 1534 2914 1592; x_wconf 91' lang='lat' dir='ltr'><strong>ut,</strong></span> <span class='ocrx_word' id='word_1_214' title='bbox 2974 1527 3218 1597; x_wconf 87' lang='lat' dir='ltr'><strong>inquam,</strong></span> <span class='ocrx_word' id='word_1_215' title='bbox 3274 1521 3546 1595; x_wconf 79' lang='lat' dir='ltr'><strong>ejusmodi</strong></span> <span class='ocrx_word' id='word_1_216' title='bbox 3593 1534 3670 1575; x_wconf 87' lang='lat' dir='ltr'><strong>vo</strong></span> 
     </span>
    </p>
   </div>
   <div class='ocr_carea' id='block_1_25' title="bbox 435 1617 3270 1691">
    <p class='ocr_par' dir='ltr' id='par_1_25' title="bbox 435 1617 3270 1691">
     <span class='ocr_line' id='line_1_25' title="bbox 435 1617 3270 1691; baseline -0.001 -20"><span class='ocrx_word' id='word_1_217' title='bbox 435 1631 553 1671; x_wconf 88' lang='lat' dir='ltr'><strong>cem</strong></span> <span class='ocrx_word' id='word_1_218' title='bbox 570 1633 634 1674; x_wconf 83' lang='lat' dir='ltr'><strong>ex</strong></span> <span class='ocrx_word' id='word_1_219' title='bbox 656 1634 886 1689; x_wconf 78' lang='lat' dir='ltr'><strong>persona</strong></span> <span class='ocrx_word' id='word_1_220' title='bbox 919 1635 1032 1676; x_wconf 62' lang='lat' dir='ltr'><strong>suae</strong></span> <span class='ocrx_word' id='word_1_221' title='bbox 1057 1622 1361 1677; x_wconf 85' lang='lat' dir='ltr'><strong>divinitatis</strong></span> <span class='ocrx_word' id='word_1_222' title='bbox 1381 1623 1653 1679; x_wconf 87' lang='lat' dir='ltr'><strong>ediderit:</strong></span> <span class='ocrx_word' id='word_1_223' title='bbox 1696 1624 1838 1679; x_wconf 88' lang='lat' dir='ltr'><strong>Deus</strong></span> <span class='ocrx_word' id='word_1_224' title='bbox 1878 1640 2044 1689; x_wconf 86' lang='lat' dir='ltr'><strong>meus,</strong></span> <span class='ocrx_word' id='word_1_225' title='bbox 2101 1623 2244 1677; x_wconf 82' lang='lat' dir='ltr'><strong>Deus</strong></span> <span class='ocrx_word' id='word_1_226' title='bbox 2291 1639 2458 1687; x_wconf 89' lang='lat' dir='ltr'><strong>meus,</strong></span> <span class='ocrx_word' id='word_1_227' title='bbox 2501 1632 2560 1675; x_wconf 90' lang='lat' dir='ltr'><strong>ut</strong></span> <span class='ocrx_word' id='word_1_228' title='bbox 2605 1619 2730 1691; x_wconf 90' lang='lat' dir='ltr'><strong>quid</strong></span> <span class='ocrx_word' id='word_1_229' title='bbox 2773 1618 3100 1690; x_wconf 85' lang='lat' dir='ltr'><strong>dereliquisti</strong></span> <span class='ocrx_word' id='word_1_230' title='bbox 3147 1617 3270 1670; x_wconf 77' lang='lat' dir='ltr'><strong>me?</strong></span> 
     </span>
    </p>
   </div>
   <div class='ocr_carea' id='block_1_26' title="bbox 508 1709 2012 1787">
    <p class='ocr_par' dir='ltr' id='par_1_26' title="bbox 508 1709 2012 1787">
     <span class='ocr_line' id='line_1_26' title="bbox 508 1709 2012 1787; baseline 0.003 -25"><span class='ocrx_word' id='word_1_231' title='bbox 508 1709 645 1762; x_wconf 78' lang='grc' dir='ltr'>Πότε</span> <span class='ocrx_word' id='word_1_232' title='bbox 672 1710 781 1781; x_wconf 76' lang='grc' dir='ltr'><strong>γὰρ</strong></span> <span class='ocrx_word' id='word_1_233' title='bbox 811 1711 1203 1784; x_wconf 75' lang='grc' dir='ltr'><strong>ἐγκατελείφθη</strong></span> <span class='ocrx_word' id='word_1_234' title='bbox 1230 1713 1359 1776; x_wconf 83' lang='grc' dir='ltr'><strong>Υἱὸς</strong></span> <span class='ocrx_word' id='word_1_235' title='bbox 1386 1715 1493 1768; x_wconf 83' lang='grc' dir='ltr'><strong>ἀπὸ</strong></span> <span class='ocrx_word' id='word_1_236' title='bbox 1517 1715 1758 1787; x_wconf 84' lang='grc' dir='ltr'>Πατρός;</span> <span class='ocrx_word' id='word_1_237' title='bbox 1796 1714 1926 1768; x_wconf 83' lang='grc' dir='ltr'>πότε</span> <span class='ocrx_word' id='word_1_238' title='bbox 1954 1713 2012 1768; x_wconf 83' lang='grc' dir='ltr'><strong>δὲ</strong></span> 
     </span>
    </p>
   </div>
   <div class='ocr_carea' id='block_1_27' title="bbox 435 1800 2018 1878">
    <p class='ocr_par' dir='ltr' id='par_1_27' title="bbox 435 1800 2018 1878">
     <span class='ocr_line' id='line_1_27' title="bbox 435 1800 2018 1878; baseline 0.004 -27"><span class='ocrx_word' id='word_1_239' title='bbox 435 1801 535 1870; x_wconf 84' lang='grc' dir='ltr'><strong>οὐχ</strong></span> <span class='ocrx_word' id='word_1_240' title='bbox 564 1802 593 1853; x_wconf 83' lang='grc' dir='ltr'>ὀ</span> <span class='ocrx_word' id='word_1_241' title='bbox 639 1800 766 1864; x_wconf 83' lang='grc' dir='ltr'>Υἱὸς</span> <span class='ocrx_word' id='word_1_242' title='bbox 796 1803 853 1854; x_wconf 80' lang='grc' dir='ltr'>ὲν</span> <span class='ocrx_word' id='word_1_243' title='bbox 887 1801 966 1872; x_wconf 85' lang='grc' dir='ltr'><strong>τῷ</strong></span> <span class='ocrx_word' id='word_1_244' title='bbox 997 1803 1194 1875; x_wconf 73' lang='grc' dir='ltr'><strong>Πατρὶ,</strong></span> <span class='ocrx_word' id='word_1_245' title='bbox 1225 1805 1320 1858; x_wconf 70' lang='grc' dir='ltr'><strong>καὶ</strong></span> <span class='ocrx_word' id='word_1_246' title='bbox 1343 1805 1374 1857; x_wconf 83' lang='grc' dir='ltr'>ὁ</span> <span class='ocrx_word' id='word_1_247' title='bbox 1403 1805 1592 1878; x_wconf 87' lang='grc' dir='ltr'>Πατὴρ</span> <span class='ocrx_word' id='word_1_248' title='bbox 1615 1807 1674 1858; x_wconf 89' lang='grc' dir='ltr'>ὲν</span> <span class='ocrx_word' id='word_1_249' title='bbox 1703 1805 1849 1876; x_wconf 83' lang='grc' dir='ltr'><strong>Υἱῷ;</strong></span> <span class='ocrx_word' id='word_1_250' title='bbox 1895 1805 2018 1858; x_wconf 74' lang='grc' dir='ltr'><strong>Ἐπὶ</strong></span> 
     </span>
    </p>
   </div>
   <div class='ocr_carea' id='block_1_28' title="bbox 436 1861 2091 1968">
    <p class='ocr_par' dir='ltr' id='par_1_28' title="bbox 436 1861 2091 1968">
     <span class='ocr_line' id='line_1_28' title="bbox 436 1861 2091 1968; baseline 0.004 -26"><span class='ocrx_word' id='word_1_251' title='bbox 436 1861 542 1960; x_wconf 54' lang='grc' dir='ltr'><strong>γῆξ</strong></span> <span class='ocrx_word' id='word_1_252' title='bbox 574 1891 673 1959; x_wconf 87' lang='grc' dir='ltr'>μὲν</span> <span class='ocrx_word' id='word_1_253' title='bbox 698 1861 807 1962; x_wconf 67' lang='grc' dir='ltr'><strong>γαρ</strong></span> <span class='ocrx_word' id='word_1_254' title='bbox 824 1895 854 1946; x_wconf 85' lang='grc' dir='ltr'>ὁ</span> <span class='ocrx_word' id='word_1_255' title='bbox 877 1861 1022 1957; x_wconf 71' lang='grc' dir='ltr'><strong>Υίὺς,</strong></span> <span class='ocrx_word' id='word_1_256' title='bbox 1054 1861 1195 1949; x_wconf 39' lang='lat' dir='ltr'><strong>mild</strong></span> <span class='ocrx_word' id='word_1_257' title='bbox 1225 1895 1356 1959; x_wconf 76' lang='grc' dir='ltr'>Θεὸς</span> <span class='ocrx_word' id='word_1_258' title='bbox 1381 1861 2023 1968; x_wconf 38' lang='grc' dir='ltr'><strong>Λόγοέιβεϐήκειίοὺρα-</strong></span> <span class='ocrx_word' id='word_1_259' title='bbox 2053 1861 2091 1915; x_wconf 76' lang='grc' dir='ltr'><strong><em>Β</em></strong></span> 
     </span>
    </p>
   </div>
   <div class='ocr_carea' id='block_1_29' title="bbox 439 1981 2019 2057">
    <p class='ocr_par' dir='ltr' id='par_1_29' title="bbox 439 1981 2019 2057">
     <span class='ocr_line' id='line_1_29' title="bbox 439 1981 2019 2057; baseline 0.003 -24"><span class='ocrx_word' id='word_1_260' title='bbox 439 1981 532 2033; x_wconf 81' lang='grc' dir='ltr'>νοῦ</span> <span class='ocrx_word' id='word_1_261' title='bbox 569 1981 625 2034; x_wconf 89' lang='grc' dir='ltr'>δὲ</span> <span class='ocrx_word' id='word_1_262' title='bbox 644 1981 868 2052; x_wconf 78' lang='grc' dir='ltr'>ἥπτετο,</span> <span class='ocrx_word' id='word_1_263' title='bbox 905 1985 998 2037; x_wconf 75' lang='grc' dir='ltr'><strong>καὶ</strong></span> <span class='ocrx_word' id='word_1_264' title='bbox 1019 1984 1221 2048; x_wconf 79' lang='grc' dir='ltr'>πάντες</span> <span class='ocrx_word' id='word_1_265' title='bbox 1243 1985 1428 2056; x_wconf 71' lang='grc' dir='ltr'><strong>ἐχθροὶ</strong></span> <span class='ocrx_word' id='word_1_266' title='bbox 1453 1985 1786 2057; x_wconf 77' lang='grc' dir='ltr'>ἐπληροῦντο</span> <span class='ocrx_word' id='word_1_267' title='bbox 1811 1989 1908 2056; x_wconf 82' lang='grc' dir='ltr'><strong>τῆς</strong></span> <span class='ocrx_word' id='word_1_268' title='bbox 1927 1986 2019 2038; x_wconf 81' lang='grc' dir='ltr'><strong>αὺ-</strong></span> 
     </span>
    </p>
   </div>
   <div class='ocr_carea' id='block_1_30' title="bbox 439 2071 2023 2148">
    <p class='ocr_par' dir='ltr' id='par_1_30' title="bbox 439 2071 2023 2148">
     <span class='ocr_line' id='line_1_30' title="bbox 439 2071 2023 2148; baseline 0.004 -25"><span class='ocrx_word' id='word_1_269' title='bbox 439 2071 533 2124; x_wconf 85' lang='grc' dir='ltr'>τοῦ</span> <span class='ocrx_word' id='word_1_270' title='bbox 561 2072 738 2143; x_wconf 80' lang='grc' dir='ltr'><strong>δόξης.</strong></span> <span class='ocrx_word' id='word_1_271' title='bbox 787 2074 898 2126; x_wconf 75' lang='grc' dir='ltr'><strong>Καὶ</strong></span> <span class='ocrx_word' id='word_1_272' title='bbox 930 2077 988 2129; x_wconf 82' lang='grc' dir='ltr'>ὲν</span> <span class='ocrx_word' id='word_1_273' title='bbox 1030 2076 1219 2148; x_wconf 82' lang='grc' dir='ltr'>Μαρίᾳ</span> <span class='ocrx_word' id='word_1_274' title='bbox 1262 2076 1551 2147; x_wconf 76' lang='grc' dir='ltr'>ἐτύγχανε,</span> <span class='ocrx_word' id='word_1_275' title='bbox 1599 2077 1695 2130; x_wconf 73' lang='grc' dir='ltr'><strong>καὶ</strong></span> <span class='ocrx_word' id='word_1_276' title='bbox 1739 2077 2023 2148; x_wconf 75' lang='grc' dir='ltr'><strong>ἄνθρωπος</strong></span> 
     </span>
    </p>
   </div>
   <div class='ocr_carea' id='block_1_31' title="bbox 440 2164 2021 2238">
    <p class='ocr_par' dir='ltr' id='par_1_31' title="bbox 440 2164 2021 2238">
     <span class='ocr_line' id='line_1_31' title="bbox 440 2164 2021 2238; baseline 0.001 -22"><span class='ocrx_word' id='word_1_277' title='bbox 440 2164 678 2232; x_wconf 74' lang='grc' dir='ltr'>ἐγένετο,</span> <span class='ocrx_word' id='word_1_278' title='bbox 726 2165 864 2219; x_wconf 73' lang='grc' dir='ltr'>ἀλλὰ</span> <span class='ocrx_word' id='word_1_279' title='bbox 901 2169 970 2238; x_wconf 69' lang='grc' dir='ltr'><strong>τῇ</strong></span> <span class='ocrx_word' id='word_1_280' title='bbox 1003 2166 1230 2236; x_wconf 83' lang='grc' dir='ltr'><strong>δυνάμει</strong></span> <span class='ocrx_word' id='word_1_281' title='bbox 1280 2165 1446 2221; x_wconf 78' lang='grc' dir='ltr'>αὐτοῦ</span> <span class='ocrx_word' id='word_1_282' title='bbox 1494 2167 1732 2238; x_wconf 74' lang='grc' dir='ltr'>ἐπλήρου</span> <span class='ocrx_word' id='word_1_283' title='bbox 1765 2166 1836 2221; x_wconf 85' lang='grc' dir='ltr'>τὰ</span> <span class='ocrx_word' id='word_1_284' title='bbox 1881 2164 2021 2236; x_wconf 86' lang='grc' dir='ltr'><strong>σύμ-</strong></span> 
     </span>
    </p>
   </div>
   <div class='ocr_carea' id='block_1_32' title="bbox 441 2251 2025 2330">
    <p class='ocr_par' dir='ltr' id='par_1_32' title="bbox 441 2251 2025 2330">
     <span class='ocr_line' id='line_1_32' title="bbox 441 2251 2025 2330; baseline -0.001 -20"><span class='ocrx_word' id='word_1_285' title='bbox 441 2272 641 2310; x_wconf 87' lang='grc' dir='ltr'>παντα.</span> <span class='ocrx_word' id='word_1_286' title='bbox 673 2256 798 2322; x_wconf 84' lang='grc' dir='ltr'><strong>Πῶς</strong></span> <span class='ocrx_word' id='word_1_287' title='bbox 830 2251 924 2311; x_wconf 81' lang='grc' dir='ltr'><strong>οὖν</strong></span> <span class='ocrx_word' id='word_1_288' title='bbox 951 2260 980 2311; x_wconf 85' lang='grc' dir='ltr'>ὁ</span> <span class='ocrx_word' id='word_1_289' title='bbox 1010 2257 1250 2320; x_wconf 82' lang='grc' dir='ltr'>τοιοῦτος</span> <span class='ocrx_word' id='word_1_290' title='bbox 1276 2258 1370 2312; x_wconf 72' lang='grc' dir='ltr'>καὶ</span> <span class='ocrx_word' id='word_1_291' title='bbox 1400 2258 1717 2330; x_wconf 81' lang='grc' dir='ltr'><strong>τηλικοῦτος</strong></span> <span class='ocrx_word' id='word_1_292' title='bbox 1741 2257 1883 2312; x_wconf 82' lang='grc' dir='ltr'>κατὰ</span> <span class='ocrx_word' id='word_1_293' title='bbox 1926 2257 2025 2328; x_wconf 83' lang='grc' dir='ltr'>τὴν</span> 
     </span>
    </p>
   </div>
   <div class='ocr_carea' id='block_1_33' title="bbox 441 2347 2028 2419">
    <p class='ocr_par' dir='ltr' id='par_1_33' title="bbox 441 2347 2028 2419">
     <span class='ocr_line' id='line_1_33' title="bbox 441 2347 2028 2419; baseline 0.003 -19"><span class='ocrx_word' id='word_1_294' title='bbox 441 2348 608 2400; x_wconf 80' lang='grc' dir='ltr'>αὑτοῦ</span> <span class='ocrx_word' id='word_1_295' title='bbox 638 2348 889 2418; x_wconf 80' lang='grc' dir='ltr'>θεότητα,</span> <span class='ocrx_word' id='word_1_296' title='bbox 935 2347 1170 2419; x_wconf 76' lang='grc' dir='ltr'><strong>οἰκτρῶς</strong></span> <span class='ocrx_word' id='word_1_297' title='bbox 1216 2348 1422 2418; x_wconf 70' lang='grc' dir='ltr'>ελεγενο</span> <span class='ocrx_word' id='word_1_298' title='bbox 1475 2349 1615 2415; x_wconf 69' lang='grc' dir='ltr'><strong>Ἠλὶ,</strong></span> <span class='ocrx_word' id='word_1_299' title='bbox 1660 2349 1810 2414; x_wconf 75' lang='grc' dir='ltr'><strong>Ἠλὶ,</strong></span> <span class='ocrx_word' id='word_1_300' title='bbox 1863 2349 2028 2418; x_wconf 71' lang='grc' dir='ltr'>λημᾶ</span> 
     </span>
    </p>
   </div>
   <div class='ocr_carea' id='block_1_34' title="bbox 439 2437 2028 2510">
    <p class='ocr_par' dir='ltr' id='par_1_34' title="bbox 439 2437 2028 2510">
     <span class='ocr_line' id='line_1_34' title="bbox 439 2437 2028 2510; baseline 0.001 -19"><span class='ocrx_word' id='word_1_301' title='bbox 439 2437 814 2508; x_wconf 77' lang='grc' dir='ltr'><strong>σαϐαχθανί;</strong></span> <span class='ocrx_word' id='word_1_302' title='bbox 850 2440 1116 2503; x_wconf 82' lang='grc' dir='ltr'><strong>τουτέστι,</strong></span> <span class='ocrx_word' id='word_1_303' title='bbox 1172 2439 1278 2494; x_wconf 80' lang='grc' dir='ltr'><strong>Θεέ</strong></span> <span class='ocrx_word' id='word_1_304' title='bbox 1325 2458 1467 2509; x_wconf 80' lang='grc' dir='ltr'>μου,</span> <span class='ocrx_word' id='word_1_305' title='bbox 1526 2439 1632 2494; x_wconf 76' lang='grc' dir='ltr'><strong><em>Θεέ</em></strong></span> <span class='ocrx_word' id='word_1_306' title='bbox 1667 2458 1808 2510; x_wconf 82' lang='grc' dir='ltr'>μου,</span> <span class='ocrx_word' id='word_1_307' title='bbox 1846 2440 1947 2493; x_wconf 81' lang='grc' dir='ltr'><strong>ἵνα</strong></span> <span class='ocrx_word' id='word_1_308' title='bbox 1969 2439 2028 2493; x_wconf 86' lang='lat' dir='ltr'><strong>tl</strong></span> 
     </span>
    </p>
   </div>
   <div class='ocr_carea' id='block_1_35' title="bbox 440 2525 2028 2598">
    <p class='ocr_par' dir='ltr' id='par_1_35' title="bbox 440 2525 2028 2598">
     <span class='ocr_line' id='line_1_35' title="bbox 440 2525 2028 2598; baseline 0.003 -21"><span class='ocrx_word' id='word_1_309' title='bbox 440 2525 834 2593; x_wconf 78' lang='grc' dir='ltr'><strong>ἐγκατέλιπές</strong></span> <span class='ocrx_word' id='word_1_310' title='bbox 874 2543 990 2596; x_wconf 84' lang='grc' dir='ltr'>με;</span> <span class='ocrx_word' id='word_1_311' title='bbox 1046 2528 1221 2581; x_wconf 84' lang='grc' dir='ltr'>καίτοι</span> <span class='ocrx_word' id='word_1_312' title='bbox 1286 2528 1452 2582; x_wconf 79' lang='grc' dir='ltr'>αὐτοῦ</span> <span class='ocrx_word' id='word_1_313' title='bbox 1511 2529 1778 2598; x_wconf 81' lang='grc' dir='ltr'><strong>λέγοντος·</strong></span> <span class='ocrx_word' id='word_1_314' title='bbox 1835 2527 2028 2583; x_wconf 75' lang='grc' dir='ltr'>Πάλιν</span> 
     </span>
    </p>
   </div>
   <div class='ocr_carea' id='block_1_36' title="bbox 442 2617 2026 2691">
    <p class='ocr_par' dir='ltr' id='par_1_36' title="bbox 442 2617 2026 2691">
     <span class='ocr_line' id='line_1_36' title="bbox 442 2617 2026 2691; baseline 0.004 -21"><span class='ocrx_word' id='word_1_315' title='bbox 442 2617 795 2687; x_wconf 76' lang='grc' dir='ltr'>ἀπέρχομαι,</span> <span class='ocrx_word' id='word_1_316' title='bbox 851 2618 948 2672; x_wconf 75' lang='grc' dir='ltr'><strong>καὶ</strong></span> <span class='ocrx_word' id='word_1_317' title='bbox 992 2621 1104 2673; x_wconf 83' lang='grc' dir='ltr'><strong>οὑκ</strong></span> <span class='ocrx_word' id='word_1_318' title='bbox 1130 2620 1283 2687; x_wconf 69' lang='grc' dir='ltr'><em>ἁφίω</em></span> <span class='ocrx_word' id='word_1_319' title='bbox 1331 2619 1487 2689; x_wconf 84' lang='grc' dir='ltr'><strong>ὑμᾶς</strong></span> <span class='ocrx_word' id='word_1_320' title='bbox 1516 2619 1836 2691; x_wconf 65' lang='grc' dir='ltr'><strong>ὀρφανοὺς,</strong></span> <span class='ocrx_word' id='word_1_321' title='bbox 1887 2621 2026 2676; x_wconf 71' lang='grc' dir='ltr'>ἀλλ’</span> 
     </span>
    </p>
   </div>
   <div class='ocr_carea' id='block_1_37' title="bbox 443 2708 2023 2782">
    <p class='ocr_par' dir='ltr' id='par_1_37' title="bbox 443 2708 2023 2782">
     <span class='ocr_line' id='line_1_37' title="bbox 443 2708 2023 2782; baseline 0.001 -20"><span class='ocrx_word' id='word_1_322' title='bbox 443 2709 692 2776; x_wconf 73' lang='grc' dir='ltr'>ἔρχομαι</span> <span class='ocrx_word' id='word_1_323' title='bbox 732 2709 884 2777; x_wconf 81' lang='grc' dir='ltr'><strong>πρὸς</strong></span> <span class='ocrx_word' id='word_1_324' title='bbox 916 2708 1092 2778; x_wconf 85' lang='grc' dir='ltr'><strong>ὑμᾶς.</strong></span> <span class='ocrx_word' id='word_1_325' title='bbox 1124 2711 1234 2763; x_wconf 74' lang='grc' dir='ltr'><strong>Καὶ</strong></span> <span class='ocrx_word' id='word_1_326' title='bbox 1263 2709 1427 2764; x_wconf 80' lang='grc' dir='ltr'>πάλιν</span> <span class='ocrx_word' id='word_1_327' title='bbox 1463 2710 1825 2782; x_wconf 77' lang='grc' dir='ltr'><strong>ἑτέρῳτόπῳ</strong></span> <span class='ocrx_word' id='word_1_328' title='bbox 1855 2711 2023 2782; x_wconf 82' lang='grc' dir='ltr'>λέγει·</span> 
     </span>
    </p>
   </div>
   <div class='ocr_carea' id='block_1_38' title="bbox 459 2794 2027 2872">
    <p class='ocr_par' dir='ltr' id='par_1_38' title="bbox 459 2794 2027 2872">
     <span class='ocr_line' id='line_1_38' title="bbox 459 2794 2027 2872; baseline 0.004 -23"><span class='ocrx_word' id='word_1_329' title='bbox 459 2794 649 2864; x_wconf 79' lang='grc' dir='ltr'><strong>Ἀμὴν</strong></span> <span class='ocrx_word' id='word_1_330' title='bbox 666 2796 826 2866; x_wconf 76' lang='grc' dir='ltr'><strong>λέγω</strong></span> <span class='ocrx_word' id='word_1_331' title='bbox 852 2797 1012 2872; x_wconf 80' lang='grc' dir='ltr'><strong>ὑμῖν·</strong></span> <span class='ocrx_word' id='word_1_332' title='bbox 1037 2797 1266 2865; x_wconf 80' lang='grc' dir='ltr'><strong>Πάντες</strong></span> <span class='ocrx_word' id='word_1_333' title='bbox 1305 2799 1475 2869; x_wconf 79' lang='grc' dir='ltr'><strong>ὑμεῖς</strong></span> <span class='ocrx_word' id='word_1_334' title='bbox 1499 2800 2027 2870; x_wconf 71' lang='grc' dir='ltr'><strong>σκανδαλισθήσε-</strong></span> 
     </span>
    </p>
   </div>
   <div class='ocr_carea' id='block_1_39' title="bbox 448 2885 2030 2961">
    <p class='ocr_par' dir='ltr' id='par_1_39' title="bbox 448 2885 2030 2961">
     <span class='ocr_line' id='line_1_39' title="bbox 448 2885 2030 2961; baseline 0.004 -22"><span class='ocrx_word' id='word_1_335' title='bbox 448 2889 559 2940; x_wconf 87' lang='grc' dir='ltr'><strong>σθε</strong></span> <span class='ocrx_word' id='word_1_336' title='bbox 579 2886 650 2939; x_wconf 81' lang='grc' dir='ltr'><strong>ἐν</strong></span> <span class='ocrx_word' id='word_1_337' title='bbox 678 2885 755 2956; x_wconf 76' lang='grc' dir='ltr'><strong>τῇ</strong></span> <span class='ocrx_word' id='word_1_338' title='bbox 783 2889 954 2942; x_wconf 74' lang='grc' dir='ltr'><strong>νυκτὶ</strong></span> <span class='ocrx_word' id='word_1_339' title='bbox 985 2891 1170 2959; x_wconf 82' lang='grc' dir='ltr'>ταύτῃ</span> <span class='ocrx_word' id='word_1_340' title='bbox 1213 2892 1283 2945; x_wconf 82' lang='grc' dir='ltr'><strong>ἐν</strong></span> <span class='ocrx_word' id='word_1_341' title='bbox 1328 2891 1479 2961; x_wconf 79' lang='grc' dir='ltr'>ἐμοὶ,</span> <span class='ocrx_word' id='word_1_342' title='bbox 1507 2891 1609 2946; x_wconf 78' lang='grc' dir='ltr'><strong>καὶ</strong></span> <span class='ocrx_word' id='word_1_343' title='bbox 1635 2891 2030 2961; x_wconf 77' lang='grc' dir='ltr'>καταλείψετέ</span> 
     </span>
    </p>
   </div>
   <div class='ocr_carea' id='block_1_40' title="bbox 443 2979 2028 3053">
    <p class='ocr_par' dir='ltr' id='par_1_40' title="bbox 443 2979 2028 3053">
     <span class='ocr_line' id='line_1_40' title="bbox 443 2979 2028 3053; baseline 0.004 -22"><span class='ocrx_word' id='word_1_344' title='bbox 443 2995 524 3048; x_wconf 80' lang='grc' dir='ltr'><strong>με</strong></span> <span class='ocrx_word' id='word_1_345' title='bbox 566 2979 789 3046; x_wconf 75' lang='grc' dir='ltr'>πάντες</span> <span class='ocrx_word' id='word_1_346' title='bbox 830 2983 1040 3050; x_wconf 76' lang='grc' dir='ltr'><strong>μόνον.</strong></span> <span class='ocrx_word' id='word_1_347' title='bbox 1093 2983 1256 3038; x_wconf 78' lang='grc' dir='ltr'>Ἀλλ’</span> <span class='ocrx_word' id='word_1_348' title='bbox 1302 2986 1413 3039; x_wconf 83' lang='grc' dir='ltr'><strong>οὐκ</strong></span> <span class='ocrx_word' id='word_1_349' title='bbox 1472 2983 1590 3053; x_wconf 71' lang='grc' dir='ltr'>ειμι</span> <span class='ocrx_word' id='word_1_350' title='bbox 1633 2985 1843 3053; x_wconf 48' lang='grc' dir='ltr'><strong>μόνος-ί</strong></span> <span class='ocrx_word' id='word_1_351' title='bbox 1892 2984 2028 3038; x_wconf 64' lang='grc' dir='ltr'><strong>ἀλλ’</strong></span> 
     </span>
    </p>
   </div>
   <div class='ocr_carea' id='block_1_41' title="bbox 423 3063 2026 3148">
    <p class='ocr_par' dir='ltr' id='par_1_41' title="bbox 423 3063 2026 3148">
     <span class='ocr_line' id='line_1_41' title="bbox 423 3063 2026 3148; baseline 0.004 -26"><span class='ocrx_word' id='word_1_352' title='bbox 423 3067 584 3148; x_wconf 18' lang='grc' dir='ltr'>,ἐστι</span> <span class='ocrx_word' id='word_1_353' title='bbox 605 3070 733 3138; x_wconf 80' lang='grc' dir='ltr'>μετ’</span> <span class='ocrx_word' id='word_1_354' title='bbox 767 3070 913 3139; x_wconf 85' lang='grc' dir='ltr'><strong>ἐμοῦ</strong></span> <span class='ocrx_word' id='word_1_355' title='bbox 953 3075 986 3126; x_wconf 81' lang='grc' dir='ltr'><em>ὁ</em></span> <span class='ocrx_word' id='word_1_356' title='bbox 1023 3063 1324 3142; x_wconf 74' lang='grc' dir='ltr'><strong>γεννήσας</strong></span> <span class='ocrx_word' id='word_1_357' title='bbox 1347 3090 1424 3144; x_wconf 83' lang='grc' dir='ltr'><strong>με</strong></span> <span class='ocrx_word' id='word_1_358' title='bbox 1451 3073 1674 3143; x_wconf 81' lang='grc' dir='ltr'>Πατήρ·</span> <span class='ocrx_word' id='word_1_359' title='bbox 1703 3075 1798 3128; x_wconf 75' lang='grc' dir='ltr'><strong>καὶ</strong></span> <span class='ocrx_word' id='word_1_360' title='bbox 1845 3075 2026 3130; x_wconf 88' lang='grc' dir='ltr'>πάλιν·</span> 
     </span>
    </p>
   </div>
   <div class='ocr_carea' id='block_1_42' title="bbox 2186 1701 3696 1780">
    <p class='ocr_par' dir='ltr' id='par_1_42' title="bbox 2186 1701 3696 1780">
     <span class='ocr_line' id='line_1_42' title="bbox 2186 1701 3696 1780; baseline -0.004 -13"><span class='ocrx_word' id='word_1_361' title='bbox 2186 1711 2538 1780; x_wconf 84' lang='lat' dir='ltr'><strong>Quandonam</strong></span> <span class='ocrx_word' id='word_1_362' title='bbox 2555 1711 2699 1766; x_wconf 87' lang='lat' dir='ltr'><strong>enim</strong></span> <span class='ocrx_word' id='word_1_363' title='bbox 2718 1725 2748 1764; x_wconf 90' lang='lat' dir='ltr'><strong>a</strong></span> <span class='ocrx_word' id='word_1_364' title='bbox 2763 1708 2923 1764; x_wconf 88' lang='lat' dir='ltr'><strong>Patre</strong></span> <span class='ocrx_word' id='word_1_365' title='bbox 2941 1707 3233 1764; x_wconf 89' lang='lat' dir='ltr'><strong>derelictus</strong></span> <span class='ocrx_word' id='word_1_366' title='bbox 3249 1713 3333 1762; x_wconf 87' lang='lat' dir='ltr'><strong>est</strong></span> <span class='ocrx_word' id='word_1_367' title='bbox 3359 1701 3570 1759; x_wconf 78' lang='lat' dir='ltr'><strong>Filius?</strong></span> <span class='ocrx_word' id='word_1_368' title='bbox 3597 1715 3696 1761; x_wconf 87' lang='lat' dir='ltr'><strong>aut</strong></span> 
     </span>
    </p>
   </div>
   <div class='ocr_carea' id='block_1_43' title="bbox 2121 1793 3698 1873">
    <p class='ocr_par' dir='ltr' id='par_1_43' title="bbox 2121 1793 3698 1873">
     <span class='ocr_line' id='line_1_43' title="bbox 2121 1793 3698 1873; baseline -0.005 -17"><span class='ocrx_word' id='word_1_369' title='bbox 2121 1803 2338 1873; x_wconf 82' lang='lat' dir='ltr'><strong>quando</strong></span> <span class='ocrx_word' id='word_1_370' title='bbox 2359 1819 2463 1858; x_wconf 91' lang='lat' dir='ltr'><strong>non</strong></span> <span class='ocrx_word' id='word_1_371' title='bbox 2492 1803 2544 1857; x_wconf 92' lang='lat' dir='ltr'><strong>in</strong></span> <span class='ocrx_word' id='word_1_372' title='bbox 2565 1801 2724 1856; x_wconf 86' lang='lat' dir='ltr'><strong>Patre</strong></span> <span class='ocrx_word' id='word_1_373' title='bbox 2737 1799 2912 1856; x_wconf 85' lang='lat' dir='ltr'><strong>Filius</strong></span> <span class='ocrx_word' id='word_1_374' title='bbox 2949 1798 3180 1861; x_wconf 82' lang='lat' dir='ltr'><strong>exstitit,</strong></span> <span class='ocrx_word' id='word_1_375' title='bbox 3198 1806 3252 1852; x_wconf 92' lang='lat' dir='ltr'><strong>et</strong></span> <span class='ocrx_word' id='word_1_376' title='bbox 3267 1796 3429 1852; x_wconf 89' lang='lat' dir='ltr'><strong>Pater</strong></span> <span class='ocrx_word' id='word_1_377' title='bbox 3450 1795 3504 1850; x_wconf 92' lang='lat' dir='ltr'><strong>in</strong></span> <span class='ocrx_word' id='word_1_378' title='bbox 3522 1793 3698 1848; x_wconf 84' lang='lat' dir='ltr'><strong>Filio?</strong></span> 
     </span>
    </p>
   </div>
   <div class='ocr_carea' id='block_1_44' title="bbox 2121 1886 3690 1963">
    <p class='ocr_par' dir='ltr' id='par_1_44' title="bbox 2121 1886 3690 1963">
     <span class='ocr_line' id='line_1_44' title="bbox 2121 1886 3690 1963; baseline -0.008 -13"><span class='ocrx_word' id='word_1_379' title='bbox 2121 1895 2328 1950; x_wconf 83' lang='lat' dir='ltr'><strong>Etenim</strong></span> <span class='ocrx_word' id='word_1_380' title='bbox 2347 1911 2469 1948; x_wconf 92' lang='lat' dir='ltr'><strong>cum</strong></span> <span class='ocrx_word' id='word_1_381' title='bbox 2489 1894 2578 1948; x_wconf 92' lang='lat' dir='ltr'><strong>ille</strong></span> <span class='ocrx_word' id='word_1_382' title='bbox 2606 1894 2722 1963; x_wconf 89' lang='lat' dir='ltr'><strong>ipse</strong></span> <span class='ocrx_word' id='word_1_383' title='bbox 2751 1891 2943 1955; x_wconf 88' lang='lat' dir='ltr'><strong>Filius,</strong></span> <span class='ocrx_word' id='word_1_384' title='bbox 2964 1906 3030 1945; x_wconf 87' lang='lat' dir='ltr'><strong>ac</strong></span> <span class='ocrx_word' id='word_1_385' title='bbox 3051 1890 3196 1944; x_wconf 84' lang='lat' dir='ltr'><strong>Deus</strong></span> <span class='ocrx_word' id='word_1_386' title='bbox 3220 1887 3455 1943; x_wconf 81' lang='lat' dir='ltr'><strong>Verbum</strong></span> <span class='ocrx_word' id='word_1_387' title='bbox 3476 1886 3529 1940; x_wconf 92' lang='lat' dir='ltr'><strong>in</strong></span> <span class='ocrx_word' id='word_1_388' title='bbox 3545 1893 3690 1939; x_wconf 78' lang='lat' dir='ltr'><strong>terra</strong></span> 
     </span>
    </p>
   </div>
   <div class='ocr_carea' id='block_1_45' title="bbox 2119 1976 3691 2052">
    <p class='ocr_par' dir='ltr' id='par_1_45' title="bbox 2119 1976 3691 2052">
     <span class='ocr_line' id='line_1_45' title="bbox 2119 1976 3691 2052; baseline -0.008 -10"><span class='ocrx_word' id='word_1_389' title='bbox 2119 1987 2476 2052; x_wconf 85' lang='lat' dir='ltr'><strong>consisteret,</strong></span> <span class='ocrx_word' id='word_1_390' title='bbox 2508 1985 2708 2039; x_wconf 73' lang='lat' dir='ltr'><strong>coelum</strong></span> <span class='ocrx_word' id='word_1_391' title='bbox 2744 1984 2962 2038; x_wconf 88' lang='lat' dir='ltr'><strong>interim</strong></span> <span class='ocrx_word' id='word_1_392' title='bbox 3008 1981 3327 2052; x_wconf 80' lang='lat' dir='ltr'><strong>attingebat,</strong></span> <span class='ocrx_word' id='word_1_393' title='bbox 3363 1986 3418 2034; x_wconf 90' lang='lat' dir='ltr'><strong>et</strong></span> <span class='ocrx_word' id='word_1_394' title='bbox 3441 1976 3691 2032; x_wconf 66' lang='lat' dir='ltr'><strong>inimicos</strong></span> 
     </span>
    </p>
   </div>
   <div class='ocr_carea' id='block_1_46' title="bbox 2119 2067 3692 2148">
    <p class='ocr_par' dir='ltr' id='par_1_46' title="bbox 2119 2067 3692 2148">
     <span class='ocr_line' id='line_1_46' title="bbox 2119 2067 3692 2148; baseline -0.008 -15"><span class='ocrx_word' id='word_1_395' title='bbox 2119 2094 2310 2133; x_wconf 89' lang='lat' dir='ltr'><strong>omnes</strong></span> <span class='ocrx_word' id='word_1_396' title='bbox 2342 2077 2526 2148; x_wconf 69' lang='lat' dir='ltr'><strong>gloria:</strong></span> <span class='ocrx_word' id='word_1_397' title='bbox 2545 2092 2658 2132; x_wconf 78' lang='lat' dir='ltr'><strong>suae</strong></span> <span class='ocrx_word' id='word_1_398' title='bbox 2673 2075 2964 2147; x_wconf 90' lang='lat' dir='ltr'><strong>splendore</strong></span> <span class='ocrx_word' id='word_1_399' title='bbox 2984 2073 3310 2144; x_wconf 86' lang='lat' dir='ltr'><strong>complebat.</strong></span> <span class='ocrx_word' id='word_1_400' title='bbox 3343 2069 3407 2124; x_wconf 85' lang='lat' dir='ltr'><strong>Et</strong></span> <span class='ocrx_word' id='word_1_401' title='bbox 3435 2069 3491 2124; x_wconf 93' lang='lat' dir='ltr'><strong>in</strong></span> <span class='ocrx_word' id='word_1_402' title='bbox 3511 2067 3692 2122; x_wconf 68' lang='lat' dir='ltr'><strong>Maria:</strong></span> 
     </span>
    </p>
   </div>
   <div class='ocr_carea' id='block_1_47' title="bbox 2122 2159 3693 2240">
    <p class='ocr_par' dir='ltr' id='par_1_47' title="bbox 2122 2159 3693 2240">
     <span class='ocr_line' id='line_1_47' title="bbox 2122 2159 3693 2240; baseline -0.006 -17"><span class='ocrx_word' id='word_1_403' title='bbox 2122 2170 2338 2240; x_wconf 88' lang='lat' dir='ltr'><strong>quidem</strong></span> <span class='ocrx_word' id='word_1_404' title='bbox 2381 2177 2536 2224; x_wconf 87' lang='lat' dir='ltr'><strong>utero</strong></span> <span class='ocrx_word' id='word_1_405' title='bbox 2564 2169 2862 2224; x_wconf 90' lang='lat' dir='ltr'><strong>conclusus</strong></span> <span class='ocrx_word' id='word_1_406' title='bbox 2891 2173 3032 2232; x_wconf 86' lang='lat' dir='ltr'><strong>erat,</strong></span> <span class='ocrx_word' id='word_1_407' title='bbox 3075 2180 3141 2220; x_wconf 86' lang='lat' dir='ltr'><strong>ac</strong></span> <span class='ocrx_word' id='word_1_408' title='bbox 3167 2170 3420 2219; x_wconf 85' lang='lat' dir='ltr'><strong>naturam</strong></span> <span class='ocrx_word' id='word_1_409' title='bbox 3455 2159 3693 2214; x_wconf 85' lang='lat' dir='ltr'><strong>hominis</strong></span> 
     </span>
    </p>
   </div>
   <div class='ocr_carea' id='block_1_48' title="bbox 2122 2254 3692 2330">
    <p class='ocr_par' dir='ltr' id='par_1_48' title="bbox 2122 2254 3692 2330">
     <span class='ocr_line' id='line_1_48' title="bbox 2122 2254 3692 2330; baseline -0.004 -13"><span class='ocrx_word' id='word_1_410' title='bbox 2122 2263 2403 2328; x_wconf 87' lang='lat' dir='ltr'><strong>induebat,</strong></span> <span class='ocrx_word' id='word_1_411' title='bbox 2445 2261 2540 2318; x_wconf 88' lang='lat' dir='ltr'><strong>sed</strong></span> <span class='ocrx_word' id='word_1_412' title='bbox 2569 2263 2770 2317; x_wconf 88' lang='lat' dir='ltr'><strong>virtute</strong></span> <span class='ocrx_word' id='word_1_413' title='bbox 2794 2275 2894 2316; x_wconf 90' lang='lat' dir='ltr'><strong>sua</strong></span> <span class='ocrx_word' id='word_1_414' title='bbox 2916 2259 3155 2330; x_wconf 87' lang='lat' dir='ltr'><strong>replebat</strong></span> <span class='ocrx_word' id='word_1_415' title='bbox 3184 2257 3460 2312; x_wconf 87' lang='lat' dir='ltr'><strong>universa.</strong></span> <span class='ocrx_word' id='word_1_416' title='bbox 3487 2254 3692 2310; x_wconf 86' lang='lat' dir='ltr'><strong>Potuit-</strong></span> 
     </span>
    </p>
   </div>
   <div class='ocr_carea' id='block_1_49' title="bbox 2123 2349 3694 2418">
    <p class='ocr_par' dir='ltr' id='par_1_49' title="bbox 2123 2349 3694 2418">
     <span class='ocr_line' id='line_1_49' title="bbox 2123 2349 3694 2418; baseline -0.005 -10"><span class='ocrx_word' id='word_1_417' title='bbox 2123 2369 2194 2408; x_wconf 91' lang='lat' dir='ltr'><strong>ne</strong></span> <span class='ocrx_word' id='word_1_418' title='bbox 2228 2353 2355 2407; x_wconf 89' lang='lat' dir='ltr'><strong>talis</strong></span> <span class='ocrx_word' id='word_1_419' title='bbox 2384 2367 2449 2407; x_wconf 90' lang='lat' dir='ltr'><strong>ac</strong></span> <span class='ocrx_word' id='word_1_420' title='bbox 2493 2360 2681 2408; x_wconf 89' lang='lat' dir='ltr'><strong>tantus</strong></span> <span class='ocrx_word' id='word_1_421' title='bbox 2714 2352 2830 2407; x_wconf 65' lang='lat' dir='ltr'><strong>haec</strong></span> <span class='ocrx_word' id='word_1_422' title='bbox 2867 2367 2932 2407; x_wconf 83' lang='lat' dir='ltr'><strong>ex</strong></span> <span class='ocrx_word' id='word_1_423' title='bbox 2966 2349 3272 2405; x_wconf 84' lang='lat' dir='ltr'><strong>divinitatis</strong></span> <span class='ocrx_word' id='word_1_424' title='bbox 3319 2363 3554 2418; x_wconf 86' lang='lat' dir='ltr'><strong>persona</strong></span> <span class='ocrx_word' id='word_1_425' title='bbox 3582 2354 3694 2401; x_wconf 86' lang='lat' dir='ltr'><strong>tam</strong></span> 
     </span>
    </p>
   </div>
   <div class='ocr_carea' id='block_1_50' title="bbox 2124 2439 3696 2517">
    <p class='ocr_par' dir='ltr' id='par_1_50' title="bbox 2124 2439 3696 2517">
     <span class='ocr_line' id='line_1_50' title="bbox 2124 2439 3696 2517; baseline -0.004 -16"><span class='ocrx_word' id='word_1_426' title='bbox 2124 2446 2373 2517; x_wconf 72' lang='lat' dir='ltr'><strong>lugubria</strong></span> <span class='ocrx_word' id='word_1_427' title='bbox 2419 2445 2634 2501; x_wconf 83' lang='lat' dir='ltr'><strong>dicere:</strong></span> <span class='ocrx_word' id='word_1_428' title='bbox 2675 2443 2785 2511; x_wconf 88' lang='lat' dir='ltr'><strong>Eli,</strong></span> <span class='ocrx_word' id='word_1_429' title='bbox 2824 2443 2930 2507; x_wconf 84' lang='lat' dir='ltr'><strong>Eli,</strong></span> <span class='ocrx_word' id='word_1_430' title='bbox 2975 2444 3168 2498; x_wconf 80' lang='lat' dir='ltr'><strong>lemma</strong></span> <span class='ocrx_word' id='word_1_431' title='bbox 3196 2439 3551 2496; x_wconf 73' lang='lat' dir='ltr'><strong>sabaethani?</strong></span> <span class='ocrx_word' id='word_1_432' title='bbox 3595 2439 3696 2494; x_wconf 86' lang='lat' dir='ltr'><strong>hoc</strong></span> 
     </span>
    </p>
   </div>
   <div class='ocr_carea' id='block_1_51' title="bbox 2124 2533 3697 2606">
    <p class='ocr_par' dir='ltr' id='par_1_51' title="bbox 2124 2533 3697 2606">
     <span class='ocr_line' id='line_1_51' title="bbox 2124 2533 3697 2606; baseline -0.006 -11"><span class='ocrx_word' id='word_1_433' title='bbox 2124 2546 2230 2604; x_wconf 87' lang='lat' dir='ltr'><strong>est,</strong></span> <span class='ocrx_word' id='word_1_434' title='bbox 2267 2537 2406 2592; x_wconf 90' lang='lat' dir='ltr'><strong>Deus</strong></span> <span class='ocrx_word' id='word_1_435' title='bbox 2436 2553 2603 2600; x_wconf 88' lang='lat' dir='ltr'><strong>meus,</strong></span> <span class='ocrx_word' id='word_1_436' title='bbox 2645 2535 2788 2591; x_wconf 86' lang='lat' dir='ltr'><strong>Deus</strong></span> <span class='ocrx_word' id='word_1_437' title='bbox 2816 2552 2984 2599; x_wconf 89' lang='lat' dir='ltr'><strong>meus,</strong></span> <span class='ocrx_word' id='word_1_438' title='bbox 3013 2550 3176 2606; x_wconf 87' lang='lat' dir='ltr'><strong>quare</strong></span> <span class='ocrx_word' id='word_1_439' title='bbox 3202 2533 3531 2604; x_wconf 78' lang='lat' dir='ltr'><strong>dereliquisti</strong></span> <span class='ocrx_word' id='word_1_440' title='bbox 3579 2533 3697 2588; x_wconf 73' lang='lat' dir='ltr'><strong>me!</strong></span> 
     </span>
    </p>
   </div>
   <div class='ocr_carea' id='block_1_52' title="bbox 2125 2624 3698 2698">
    <p class='ocr_par' dir='ltr' id='par_1_52' title="bbox 2125 2624 3698 2698">
     <span class='ocr_line' id='line_1_52' title="bbox 2125 2624 3698 2698; baseline -0.004 -13"><span class='ocrx_word' id='word_1_441' title='bbox 2125 2628 2433 2685; x_wconf 69' lang='lat' dir='ltr'><strong>Praesertim</strong></span> <span class='ocrx_word' id='word_1_442' title='bbox 2463 2644 2586 2684; x_wconf 92' lang='lat' dir='ltr'><strong>cum</strong></span> <span class='ocrx_word' id='word_1_443' title='bbox 2617 2629 2710 2684; x_wconf 91' lang='lat' dir='ltr'><strong>ille</strong></span> <span class='ocrx_word' id='word_1_444' title='bbox 2756 2630 2872 2698; x_wconf 88' lang='lat' dir='ltr'><strong>ipse</strong></span> <span class='ocrx_word' id='word_1_445' title='bbox 2908 2627 3172 2683; x_wconf 64' lang='lat' dir='ltr'><strong>dixisset:</strong></span> <span class='ocrx_word' id='word_1_446' title='bbox 3200 2625 3404 2680; x_wconf 89' lang='lat' dir='ltr'><strong>Iterum</strong></span> <span class='ocrx_word' id='word_1_447' title='bbox 3437 2624 3595 2689; x_wconf 80' lang='lat' dir='ltr'><strong>vado,</strong></span> <span class='ocrx_word' id='word_1_448' title='bbox 3649 2634 3698 2680; x_wconf 89' lang='lat' dir='ltr'><strong>et</strong></span> 
     </span>
    </p>
   </div>
   <div class='ocr_carea' id='block_1_53' title="bbox 2126 2717 3696 2790">
    <p class='ocr_par' dir='ltr' id='par_1_53' title="bbox 2126 2717 3696 2790">
     <span class='ocr_line' id='line_1_53' title="bbox 2126 2717 3696 2790; baseline -0.003 -15"><span class='ocrx_word' id='word_1_449' title='bbox 2126 2737 2230 2777; x_wconf 84' lang='lat' dir='ltr'><strong>non</strong></span> <span class='ocrx_word' id='word_1_450' title='bbox 2269 2721 2564 2790; x_wconf 78' lang='lat' dir='ltr'><strong>relinquam</strong></span> <span class='ocrx_word' id='word_1_451' title='bbox 2607 2737 2695 2774; x_wconf 79' lang='lat' dir='ltr'><strong>vos</strong></span> <span class='ocrx_word' id='word_1_452' title='bbox 2753 2720 3051 2788; x_wconf 82' lang='lat' dir='ltr'><strong>orphanos;</strong></span> <span class='ocrx_word' id='word_1_453' title='bbox 3103 2720 3193 2774; x_wconf 89' lang='lat' dir='ltr'><strong>sed</strong></span> <span class='ocrx_word' id='word_1_454' title='bbox 3238 2718 3384 2772; x_wconf 80' lang='lat' dir='ltr'><strong>venio</strong></span> <span class='ocrx_word' id='word_1_455' title='bbox 3429 2717 3498 2770; x_wconf 86' lang='lat' dir='ltr'><strong>ad</strong></span> <span class='ocrx_word' id='word_1_456' title='bbox 3542 2733 3629 2772; x_wconf 83' lang='lat' dir='ltr'><strong>vos</strong></span> <span class='ocrx_word' id='word_1_457' title='bbox 3654 2717 3696 2770; x_wconf 88' lang='grc'><strong>³.</strong></span> 
     </span>
    </p>
   </div>
   <div class='ocr_carea' id='block_1_54' title="bbox 2127 2809 3699 2867">
    <p class='ocr_par' dir='ltr' id='par_1_54' title="bbox 2127 2809 3699 2867">
     <span class='ocr_line' id='line_1_54' title="bbox 2127 2809 3699 2867; baseline -0.001 -1"><span class='ocrx_word' id='word_1_458' title='bbox 2127 2811 2265 2867; x_wconf 86' lang='lat' dir='ltr'><strong>Tum</strong></span> <span class='ocrx_word' id='word_1_459' title='bbox 2304 2813 2412 2866; x_wconf 89' lang='lat' dir='ltr'><strong>alio</strong></span> <span class='ocrx_word' id='word_1_460' title='bbox 2439 2813 2595 2866; x_wconf 89' lang='lat' dir='ltr'><strong>loco:</strong></span> <span class='ocrx_word' id='word_1_461' title='bbox 2631 2811 2791 2865; x_wconf 83' lang='lat' dir='ltr'><strong>Amen</strong></span> <span class='ocrx_word' id='word_1_462' title='bbox 2823 2810 2944 2864; x_wconf 83' lang='lat' dir='ltr'><strong>dico</strong></span> <span class='ocrx_word' id='word_1_463' title='bbox 2977 2809 3118 2864; x_wconf 82' lang='lat' dir='ltr'><strong>vobis</strong></span> <span class='ocrx_word' id='word_1_464' title='bbox 3141 2825 3160 2863; x_wconf 92' lang='lat'><strong><em>:</em></strong></span> <span class='ocrx_word' id='word_1_465' title='bbox 3187 2809 3381 2865; x_wconf 80' lang='lat' dir='ltr'><strong>Omnes</strong></span> <span class='ocrx_word' id='word_1_466' title='bbox 3416 2826 3504 2864; x_wconf 84' lang='lat' dir='ltr'><strong>vos</strong></span> <span class='ocrx_word' id='word_1_467' title='bbox 3547 2825 3699 2864; x_wconf 81' lang='lat' dir='ltr'><strong>scau-</strong></span> 
     </span>
    </p>
   </div>
   <div class='ocr_carea' id='block_1_55' title="bbox 2126 2902 3701 2972">
    <p class='ocr_par' dir='ltr' id='par_1_55' title="bbox 2126 2902 3701 2972">
     <span class='ocr_line' id='line_1_55' title="bbox 2126 2902 3701 2972; baseline 0.001 -17"><span class='ocrx_word' id='word_1_468' title='bbox 2126 2902 2310 2956; x_wconf 85' lang='lat' dir='ltr'><strong>dalum</strong></span> <span class='ocrx_word' id='word_1_469' title='bbox 2344 2903 2616 2972; x_wconf 81' lang='lat' dir='ltr'><strong>patiemini</strong></span> <span class='ocrx_word' id='word_1_470' title='bbox 2671 2902 2770 2956; x_wconf 83' lang='lat' dir='ltr'><strong>hac</strong></span> <span class='ocrx_word' id='word_1_471' title='bbox 2807 2911 2956 2957; x_wconf 84' lang='lat' dir='ltr'><strong>nocte</strong></span> <span class='ocrx_word' id='word_1_472' title='bbox 2984 2902 3039 2956; x_wconf 87' lang='lat' dir='ltr'><strong>in</strong></span> <span class='ocrx_word' id='word_1_473' title='bbox 3068 2918 3167 2967; x_wconf 89' lang='lat' dir='ltr'><strong>me,</strong></span> <span class='ocrx_word' id='word_1_474' title='bbox 3197 2912 3246 2956; x_wconf 89' lang='lat' dir='ltr'><strong>et</strong></span> <span class='ocrx_word' id='word_1_475' title='bbox 3278 2903 3578 2972; x_wconf 74' lang='lat' dir='ltr'><strong>relinquetis</strong></span> <span class='ocrx_word' id='word_1_476' title='bbox 3622 2918 3701 2956; x_wconf 83' lang='lat' dir='ltr'><strong>me</strong></span> 
     </span>
    </p>
   </div>
   <div class='ocr_carea' id='block_1_56' title="bbox 2127 2993 3700 3065">
    <p class='ocr_par' dir='ltr' id='par_1_56' title="bbox 2127 2993 3700 3065">
     <span class='ocr_line' id='line_1_56' title="bbox 2127 2993 3700 3065; baseline -0.003 -15"><span class='ocrx_word' id='word_1_477' title='bbox 2127 2995 2345 3050; x_wconf 71' lang='lat' dir='ltr'><strong>solum‘.</strong></span> <span class='ocrx_word' id='word_1_478' title='bbox 2367 2994 2485 3065; x_wconf 88' lang='lat' dir='ltr'><strong>Ego</strong></span> <span class='ocrx_word' id='word_1_479' title='bbox 2518 3004 2693 3048; x_wconf 87' lang='lat' dir='ltr'><strong>autem</strong></span> <span class='ocrx_word' id='word_1_480' title='bbox 2722 3011 2825 3047; x_wconf 85' lang='lat' dir='ltr'><strong>non</strong></span> <span class='ocrx_word' id='word_1_481' title='bbox 2867 3009 2984 3048; x_wconf 86' lang='lat' dir='ltr'><strong>sum</strong></span> <span class='ocrx_word' id='word_1_482' title='bbox 3028 2993 3172 3048; x_wconf 89' lang='lat' dir='ltr'><strong>solus</strong></span> <span class='ocrx_word' id='word_1_483' title='bbox 3195 3032 3210 3058; x_wconf 89' lang='lat'><strong>,</strong></span> <span class='ocrx_word' id='word_1_484' title='bbox 3242 2993 3333 3048; x_wconf 85' lang='lat' dir='ltr'><strong>sed</strong></span> <span class='ocrx_word' id='word_1_485' title='bbox 3359 3003 3438 3047; x_wconf 85' lang='lat' dir='ltr'><strong>est</strong></span> <span class='ocrx_word' id='word_1_486' title='bbox 3468 3008 3700 3057; x_wconf 85' lang='lat' dir='ltr'><strong>mecum,</strong></span> 
     </span>
    </p>
   </div>
   <div class='ocr_carea' id='block_1_57' title="bbox 2129 3083 3702 3155">
    <p class='ocr_par' dir='ltr' id='par_1_57' title="bbox 2129 3083 3702 3155">
     <span class='ocr_line' id='line_1_57' title="bbox 2129 3083 3702 3155; baseline 0 -17"><span class='ocrx_word' id='word_1_487' title='bbox 2129 3086 2220 3154; x_wconf 89' lang='lat' dir='ltr'><strong>qui</strong></span> <span class='ocrx_word' id='word_1_488' title='bbox 2253 3088 2426 3155; x_wconf 86' lang='lat' dir='ltr'><strong>genuit</strong></span> <span class='ocrx_word' id='word_1_489' title='bbox 2456 3102 2535 3139; x_wconf 89' lang='lat' dir='ltr'><strong>me</strong></span> <span class='ocrx_word' id='word_1_490' title='bbox 2567 3085 2728 3140; x_wconf 78' lang='lat' dir='ltr'><strong>Pater</strong></span> <span class='ocrx_word' id='word_1_491' title='bbox 2747 3087 2791 3139; x_wconf 82' lang='grc'><strong>⁸.</strong></span> <span class='ocrx_word' id='word_1_492' title='bbox 2824 3085 2956 3140; x_wconf 89' lang='lat' dir='ltr'><strong>Item</strong></span> <span class='ocrx_word' id='word_1_493' title='bbox 2985 3101 3004 3140; x_wconf 91' lang='lat'><strong>:</strong></span> <span class='ocrx_word' id='word_1_494' title='bbox 3046 3084 3216 3149; x_wconf 85' lang='lat' dir='ltr'><strong>Vada,</strong></span> <span class='ocrx_word' id='word_1_495' title='bbox 3245 3095 3292 3139; x_wconf 87' lang='lat' dir='ltr'><strong>et</strong></span> <span class='ocrx_word' id='word_1_496' title='bbox 3321 3085 3531 3138; x_wconf 80' lang='lat' dir='ltr'><strong>mittant</strong></span> <span class='ocrx_word' id='word_1_497' title='bbox 3559 3083 3702 3138; x_wconf 84' lang='lat' dir='ltr'><strong>vobis</strong></span> 
     </span>
    </p>
   </div>
   <div class='ocr_carea' id='block_1_58' title="bbox 420 3160 2034 3260">
    <p class='ocr_par' dir='ltr' id='par_1_58' title="bbox 420 3160 2026 3236">
     <span class='ocr_line' id='line_1_58' title="bbox 420 3160 2026 3236; baseline 0.003 -21"><span class='ocrx_word' id='word_1_498' title='bbox 420 3219 427 3231; x_wconf 52' lang='grc'><em>,</em></span> <span class='ocrx_word' id='word_1_499' title='bbox 469 3160 843 3230; x_wconf 70' lang='grc' dir='ltr'>Ἀπέρχομαι,</span> <span class='ocrx_word' id='word_1_500' title='bbox 873 3163 972 3218; x_wconf 82' lang='grc' dir='ltr'><strong>καὶ</strong></span> <span class='ocrx_word' id='word_1_501' title='bbox 1026 3164 1342 3219; x_wconf 81' lang='grc' dir='ltr'><strong>ἀποστελῶ</strong></span> <span class='ocrx_word' id='word_1_502' title='bbox 1393 3165 1536 3236; x_wconf 81' lang='grc' dir='ltr'><strong>ὑμῖν</strong></span> <span class='ocrx_word' id='word_1_503' title='bbox 1573 3165 1640 3219; x_wconf 85' lang='grc' dir='ltr'>τὸ</span> <span class='ocrx_word' id='word_1_504' title='bbox 1664 3165 1911 3235; x_wconf 81' lang='grc' dir='ltr'><strong>Πνεῦμα</strong></span> <span class='ocrx_word' id='word_1_505' title='bbox 1961 3167 2026 3220; x_wconf 85' lang='grc' dir='ltr'>τὸ</span> 
     </span>
    </p>
   </div>
   <div class='ocr_carea' id='block_1_59' title="bbox 2127 3160 3703 3260">
    <p class='ocr_par' dir='ltr' id='par_1_59' title="bbox 2135 3175 3703 3248">
     <span class='ocr_line' id='line_1_59' title="bbox 2135 3175 3703 3248; baseline -0.001 -17"><span class='ocrx_word' id='word_1_506' title='bbox 2135 3175 2392 3245; x_wconf 85' lang='lat' dir='ltr'><strong>Spiritum</strong></span> <span class='ocrx_word' id='word_1_507' title='bbox 2434 3188 2698 3242; x_wconf 78' lang='lat' dir='ltr'><strong>sanctum,</strong></span> <span class='ocrx_word' id='word_1_508' title='bbox 2731 3179 2822 3248; x_wconf 88' lang='lat' dir='ltr'><strong>qui</strong></span> <span class='ocrx_word' id='word_1_509' title='bbox 2850 3195 2881 3231; x_wconf 90' lang='lat' dir='ltr'><strong>a</strong></span> <span class='ocrx_word' id='word_1_510' title='bbox 2917 3177 3080 3232; x_wconf 89' lang='lat' dir='ltr'><strong>Patre</strong></span> <span class='ocrx_word' id='word_1_511' title='bbox 3109 3177 3363 3247; x_wconf 82' lang='lat' dir='ltr'><strong>procedit,</strong></span> <span class='ocrx_word' id='word_1_512' title='bbox 3405 3185 3455 3232; x_wconf 87' lang='lat' dir='ltr'><strong>et</strong></span> <span class='ocrx_word' id='word_1_513' title='bbox 3497 3177 3561 3231; x_wconf 89' lang='lat' dir='ltr'><strong>de</strong></span> <span class='ocrx_word' id='word_1_514' title='bbox 3590 3192 3703 3230; x_wconf 84' lang='lat' dir='ltr'><strong>meo</strong></span> 
     </span>
    </p>
   </div>
   <div class='ocr_carea' id='block_1_60' title="bbox 453 3250 2030 3327">
    <p class='ocr_par' dir='ltr' id='par_1_60' title="bbox 453 3250 2030 3327">
     <span class='ocr_line' id='line_1_60' title="bbox 453 3250 2030 3327; baseline 0.003 -21"><span class='ocrx_word' id='word_1_515' title='bbox 453 3250 643 3321; x_wconf 75' lang='grc' dir='ltr'>ἄτιον,</span> <span class='ocrx_word' id='word_1_516' title='bbox 688 3253 756 3305; x_wconf 86' lang='grc' dir='ltr'>τὸ</span> <span class='ocrx_word' id='word_1_517' title='bbox 788 3253 856 3306; x_wconf 79' lang='grc' dir='ltr'><strong><em>ἐκ</em></strong></span> <span class='ocrx_word' id='word_1_518' title='bbox 888 3254 994 3309; x_wconf 83' lang='grc' dir='ltr'>τοῦ</span> <span class='ocrx_word' id='word_1_519' title='bbox 1037 3255 1268 3324; x_wconf 79' lang='grc' dir='ltr'>Πατρός</span> <span class='ocrx_word' id='word_1_520' title='bbox 1315 3256 1810 3327; x_wconf 69' lang='grc' dir='ltr'><strong>ἐκπορευόμενον,</strong></span> <span class='ocrx_word' id='word_1_521' title='bbox 1832 3257 1930 3310; x_wconf 73' lang='grc' dir='ltr'><strong>καὶ</strong></span> <span class='ocrx_word' id='word_1_522' title='bbox 1964 3257 2030 3311; x_wconf 83' lang='grc' dir='ltr'>τὸ</span> 
     </span>
    </p>
   </div>
   <div class='ocr_carea' id='block_1_61' title="bbox 454 3344 2033 3420">
    <p class='ocr_par' dir='ltr' id='par_1_61' title="bbox 454 3344 2033 3420">
     <span class='ocr_line' id='line_1_61' title="bbox 454 3344 2033 3420; baseline 0.003 -23"><span class='ocrx_word' id='word_1_523' title='bbox 454 3345 600 3413; x_wconf 82' lang='grc' dir='ltr'><strong>ἐμοῦ</strong></span> <span class='ocrx_word' id='word_1_524' title='bbox 652 3344 979 3414; x_wconf 72' lang='grc' dir='ltr'>λαμϐάνον·</span> <span class='ocrx_word' id='word_1_525' title='bbox 1025 3347 1117 3400; x_wconf 77' lang='grc' dir='ltr'><strong>καὶ</strong></span> <span class='ocrx_word' id='word_1_526' title='bbox 1177 3348 1336 3401; x_wconf 83' lang='grc' dir='ltr'>πάλιν</span> <span class='ocrx_word' id='word_1_527' title='bbox 1389 3351 1447 3401; x_wconf 84' lang='grc' dir='ltr'>ὲν</span> <span class='ocrx_word' id='word_1_528' title='bbox 1487 3349 1630 3419; x_wconf 75' lang='grc' dir='ltr'>ἄλλῳ</span> <span class='ocrx_word' id='word_1_529' title='bbox 1674 3348 1845 3420; x_wconf 75' lang='grc' dir='ltr'>τόπῳο</span> <span class='ocrx_word' id='word_1_530' title='bbox 1893 3350 2033 3418; x_wconf 74' lang='grc' dir='ltr'><strong>Ἐγὼ</strong></span> 
     </span>
    </p>
   </div>
   <div class='ocr_carea' id='block_1_62' title="bbox 456 3435 2036 3510">
    <p class='ocr_par' dir='ltr' id='par_1_62' title="bbox 456 3435 2036 3510">
     <span class='ocr_line' id='line_1_62' title="bbox 456 3435 2036 3510; baseline 0.004 -22"><span class='ocrx_word' id='word_1_531' title='bbox 456 3435 670 3502; x_wconf 82' lang='grc' dir='ltr'><strong>κρούω,</strong></span> <span class='ocrx_word' id='word_1_532' title='bbox 721 3435 820 3488; x_wconf 81' lang='grc' dir='ltr'><strong>καὶ</strong></span> <span class='ocrx_word' id='word_1_533' title='bbox 863 3435 972 3489; x_wconf 82' lang='grc' dir='ltr'><strong>ἐάν</strong></span> <span class='ocrx_word' id='word_1_534' title='bbox 1013 3437 1104 3503; x_wconf 82' lang='grc' dir='ltr'><strong>τίς</strong></span> <span class='ocrx_word' id='word_1_535' title='bbox 1140 3456 1243 3506; x_wconf 85' lang='grc' dir='ltr'><strong>μοι</strong></span> <span class='ocrx_word' id='word_1_536' title='bbox 1295 3438 1505 3508; x_wconf 77' lang='grc' dir='ltr'><strong>ἀνοίξῃ</strong></span> <span class='ocrx_word' id='word_1_537' title='bbox 1527 3478 1541 3502; x_wconf 91' lang='grc'><em>,</em></span> <span class='ocrx_word' id='word_1_538' title='bbox 1572 3441 2036 3510; x_wconf 76' lang='grc' dir='ltr'>εὶσελευσόμεθα</span> 
     </span>
    </p>
   </div>
   <div class='ocr_carea' id='block_1_63' title="bbox 455 3525 2038 3602">
    <p class='ocr_par' dir='ltr' id='par_1_63' title="bbox 455 3525 2038 3602">
     <span class='ocr_line' id='line_1_63' title="bbox 455 3525 2038 3602; baseline 0.005 -24"><span class='ocrx_word' id='word_1_539' title='bbox 455 3525 607 3594; x_wconf 82' lang='grc' dir='ltr'><strong>πρὸς</strong></span> <span class='ocrx_word' id='word_1_540' title='bbox 644 3528 831 3581; x_wconf 77' lang='grc' dir='ltr'>αὐτὸν</span> <span class='ocrx_word' id='word_1_541' title='bbox 889 3528 1004 3599; x_wconf 73' lang='grc' dir='ltr'><strong>ἐγὼ</strong></span> <span class='ocrx_word' id='word_1_542' title='bbox 1041 3530 1138 3584; x_wconf 79' lang='grc' dir='ltr'><strong>καὶ</strong></span> <span class='ocrx_word' id='word_1_543' title='bbox 1192 3535 1225 3585; x_wconf 84' lang='grc' dir='ltr'><strong><em>ό</em></strong></span> <span class='ocrx_word' id='word_1_544' title='bbox 1272 3530 1473 3601; x_wconf 77' lang='grc' dir='ltr'>Πατήρ</span> <span class='ocrx_word' id='word_1_545' title='bbox 1517 3550 1652 3599; x_wconf 84' lang='grc' dir='ltr'>μου,</span> <span class='ocrx_word' id='word_1_546' title='bbox 1705 3533 1804 3586; x_wconf 78' lang='grc' dir='ltr'><strong>καὶ</strong></span> <span class='ocrx_word' id='word_1_547' title='bbox 1835 3532 2038 3602; x_wconf 75' lang='grc' dir='ltr'>μονὴν</span> 
     </span>
    </p>
   </div>
   <div class='ocr_carea' id='block_1_64' title="bbox 456 3617 2034 3697">
    <p class='ocr_par' dir='ltr' id='par_1_64' title="bbox 456 3617 2034 3697">
     <span class='ocr_line' id='line_1_64' title="bbox 456 3617 2034 3697; baseline 0.006 -27"><span class='ocrx_word' id='word_1_548' title='bbox 456 3617 792 3687; x_wconf 75' lang='grc' dir='ltr'>ποιήσομεν</span> <span class='ocrx_word' id='word_1_549' title='bbox 825 3621 960 3689; x_wconf 81' lang='grc' dir='ltr'>παρ’</span> <span class='ocrx_word' id='word_1_550' title='bbox 977 3620 1154 3687; x_wconf 80' lang='grc' dir='ltr'>αὐτῷ·</span> <span class='ocrx_word' id='word_1_551' title='bbox 1184 3621 1258 3685; x_wconf 87' lang='grc' dir='ltr'><strong>ὡς</strong></span> <span class='ocrx_word' id='word_1_552' title='bbox 1290 3622 1454 3676; x_wconf 81' lang='grc' dir='ltr'>αὐτοῦ</span> <span class='ocrx_word' id='word_1_553' title='bbox 1508 3626 1572 3676; x_wconf 81' lang='grc' dir='ltr'><strong>ὲκ</strong></span> <span class='ocrx_word' id='word_1_554' title='bbox 1595 3623 1687 3677; x_wconf 82' lang='grc' dir='ltr'><strong>τοῦ</strong></span> <span class='ocrx_word' id='word_1_555' title='bbox 1712 3625 1922 3697; x_wconf 83' lang='grc' dir='ltr'>Πατρὸς</span> <span class='ocrx_word' id='word_1_556' title='bbox 1961 3627 2034 3696; x_wconf 83' lang='grc' dir='ltr'>μὴ</span> 
     </span>
    </p>
   </div>
   <div class='ocr_carea' id='block_1_65' title="bbox 459 3708 2038 3787">
    <p class='ocr_par' dir='ltr' id='par_1_65' title="bbox 459 3708 2038 3787">
     <span class='ocr_line' id='line_1_65' title="bbox 459 3708 2038 3787; baseline 0.005 -27"><span class='ocrx_word' id='word_1_557' title='bbox 459 3708 1092 3781; x_wconf 78' lang='grc' dir='ltr'>ἐγκαταλιμπανομένου,</span> <span class='ocrx_word' id='word_1_558' title='bbox 1145 3713 1219 3776; x_wconf 78' lang='grc' dir='ltr'><strong>ὡς</strong></span> <span class='ocrx_word' id='word_1_559' title='bbox 1263 3715 1358 3767; x_wconf 60' lang='grc' dir='ltr'><strong>καὶ⁹</strong></span> <span class='ocrx_word' id='word_1_560' title='bbox 1414 3715 1443 3767; x_wconf 85' lang='grc' dir='ltr'>ὁ</span> <span class='ocrx_word' id='word_1_561' title='bbox 1486 3715 1676 3787; x_wconf 80' lang='grc' dir='ltr'>Πατὴρ</span> <span class='ocrx_word' id='word_1_562' title='bbox 1705 3717 1791 3769; x_wconf 75' lang='grc' dir='ltr'><strong>ἀεὶ</strong></span> <span class='ocrx_word' id='word_1_563' title='bbox 1833 3717 1928 3768; x_wconf 80' lang='grc' dir='ltr'><strong>σὺν</strong></span> <span class='ocrx_word' id='word_1_564' title='bbox 1959 3715 2038 3785; x_wconf 85' lang='grc' dir='ltr'><strong>τῷ</strong></span> 
     </span>
    </p>
   </div>
   <div class='ocr_carea' id='block_1_66' title="bbox 462 3797 1963 3876">
    <p class='ocr_par' dir='ltr' id='par_1_66' title="bbox 462 3797 1963 3876">
     <span class='ocr_line' id='line_1_66' title="bbox 462 3797 1963 3876; baseline 0.006 -27"><span class='ocrx_word' id='word_1_565' title='bbox 462 3797 596 3868; x_wconf 79' lang='grc' dir='ltr'><strong>Υῐῷ,</strong></span> <span class='ocrx_word' id='word_1_566' title='bbox 629 3798 705 3858; x_wconf 79' lang='grc' dir='ltr'><strong>ὡς</strong></span> <span class='ocrx_word' id='word_1_567' title='bbox 727 3799 821 3852; x_wconf 81' lang='grc' dir='ltr'><strong>τοῦ</strong></span> <span class='ocrx_word' id='word_1_568' title='bbox 847 3801 1002 3870; x_wconf 82' lang='grc' dir='ltr'>ἁγίου</span> <span class='ocrx_word' id='word_1_569' title='bbox 1038 3803 1357 3872; x_wconf 78' lang='grc' dir='ltr'>Πνεῦματος</span> <span class='ocrx_word' id='word_1_570' title='bbox 1385 3804 1480 3857; x_wconf 80' lang='grc' dir='ltr'><strong>σὺν</strong></span> <span class='ocrx_word' id='word_1_571' title='bbox 1500 3805 1674 3876; x_wconf 75' lang='grc' dir='ltr'>Πατρὶ</span> <span class='ocrx_word' id='word_1_572' title='bbox 1706 3805 1800 3859; x_wconf 75' lang='grc' dir='ltr'>καὶ</span> <span class='ocrx_word' id='word_1_573' title='bbox 1830 3805 1963 3876; x_wconf 80' lang='grc' dir='ltr'>Υἰῷ.</span> 
     </span>
    </p>
   </div>
   <div class='ocr_carea' id='block_1_67' title="bbox 529 3888 2036 3964">
    <p class='ocr_par' dir='ltr' id='par_1_67' title="bbox 529 3888 2036 3964">
     <span class='ocr_line' id='line_1_67' title="bbox 529 3888 2036 3964; baseline 0.004 -20"><span class='ocrx_word' id='word_1_574' title='bbox 529 3890 647 3946; x_wconf 77' lang='lat' dir='ltr'><strong>EB’.</strong></span> <span class='ocrx_word' id='word_1_575' title='bbox 682 3891 747 3944; x_wconf 86' lang='grc' dir='ltr'><strong>Τί</strong></span> <span class='ocrx_word' id='word_1_576' title='bbox 781 3888 895 3959; x_wconf 81' lang='grc' dir='ltr'><strong>οὖν,</strong></span> <span class='ocrx_word' id='word_1_577' title='bbox 943 3895 1128 3963; x_wconf 79' lang='grc' dir='ltr'><strong>φασὶν,</strong></span> <span class='ocrx_word' id='word_1_578' title='bbox 1173 3894 1320 3948; x_wconf 77' lang='grc' dir='ltr'>ἔστιν</span> <span class='ocrx_word' id='word_1_579' title='bbox 1344 3895 1372 3947; x_wconf 90' lang='grc' dir='ltr'>ὁ</span> <span class='ocrx_word' id='word_1_580' title='bbox 1415 3894 1569 3964; x_wconf 83' lang='grc' dir='ltr'>λόγος</span> <span class='ocrx_word' id='word_1_581' title='bbox 1593 3888 1748 3960; x_wconf 77' lang='grc' dir='ltr'>οὗτος</span> <span class='ocrx_word' id='word_1_582' title='bbox 1773 3896 1832 3949; x_wconf 88' lang='grc' dir='ltr'>ὂν</span> <span class='ocrx_word' id='word_1_583' title='bbox 1863 3893 2036 3964; x_wconf 77' lang='grc' dir='ltr'>εἶπεν,</span> 
     </span>
    </p>
   </div>
   <div class='ocr_carea' id='block_1_68' title="bbox 461 3984 2036 4059">
    <p class='ocr_par' dir='ltr' id='par_1_68' title="bbox 461 3984 2036 4059">
     <span class='ocr_line' id='line_1_68' title="bbox 461 3984 2036 4059; baseline 0.004 -23"><span class='ocrx_word' id='word_1_584' title='bbox 461 3984 546 4036; x_wconf 79' lang='grc' dir='ltr'>ὅτι</span> <span class='ocrx_word' id='word_1_585' title='bbox 576 3984 681 4037; x_wconf 86' lang='grc' dir='ltr'><strong><em>Θεέ</em></strong></span> <span class='ocrx_word' id='word_1_586' title='bbox 704 4002 841 4053; x_wconf 82' lang='grc' dir='ltr'>μου,</span> <span class='ocrx_word' id='word_1_587' title='bbox 879 3985 985 4039; x_wconf 84' lang='grc' dir='ltr'><strong><em>Θεέ</em></strong></span> <span class='ocrx_word' id='word_1_588' title='bbox 1002 4004 1144 4054; x_wconf 84' lang='grc' dir='ltr'>μου,</span> <span class='ocrx_word' id='word_1_589' title='bbox 1174 3987 1276 4040; x_wconf 81' lang='grc' dir='ltr'><strong>ἵνα</strong></span> <span class='ocrx_word' id='word_1_590' title='bbox 1297 3988 1354 4040; x_wconf 86' lang='grc' dir='ltr'>τί</span> <span class='ocrx_word' id='word_1_591' title='bbox 1375 4005 1452 4056; x_wconf 84' lang='grc' dir='ltr'><strong>με</strong></span> <span class='ocrx_word' id='word_1_592' title='bbox 1477 3988 1898 4059; x_wconf 72' lang='grc' dir='ltr'>ἐγκατέλιπεςς</span> <span class='ocrx_word' id='word_1_593' title='bbox 1919 3990 2036 4042; x_wconf 85' lang='grc' dir='ltr'><strong>Τίνι</strong></span> 
     </span>
    </p>
   </div>
   <div class='ocr_carea' id='block_1_69' title="bbox 459 4074 2038 4150">
    <p class='ocr_par' dir='ltr' id='par_1_69' title="bbox 459 4074 2038 4150">
     <span class='ocr_line' id='line_1_69' title="bbox 459 4074 2038 4150; baseline 0.006 -24"><span class='ocrx_word' id='word_1_594' title='bbox 459 4074 518 4126; x_wconf 79' lang='grc' dir='ltr'><strong>δὲ</strong></span> <span class='ocrx_word' id='word_1_595' title='bbox 545 4075 606 4127; x_wconf 85' lang='grc' dir='ltr'><strong>οὐ</strong></span> <span class='ocrx_word' id='word_1_596' title='bbox 644 4075 812 4144; x_wconf 77' lang='grc' dir='ltr'>σαφὲς</span> <span class='ocrx_word' id='word_1_597' title='bbox 852 4078 958 4148; x_wconf 71' lang='grc' dir='ltr'><strong>εἴη,</strong></span> <span class='ocrx_word' id='word_1_598' title='bbox 986 4079 1066 4131; x_wconf 83' lang='grc' dir='ltr'>ὅτι</span> <span class='ocrx_word' id='word_1_599' title='bbox 1095 4079 1203 4132; x_wconf 82' lang='grc' dir='ltr'><strong>ἀπὸ</strong></span> <span class='ocrx_word' id='word_1_600' title='bbox 1243 4077 1535 4150; x_wconf 82' lang='grc' dir='ltr'><strong>προσώπου</strong></span> <span class='ocrx_word' id='word_1_601' title='bbox 1567 4079 1668 4150; x_wconf 91' lang='grc' dir='ltr'><strong>τῆς</strong></span> <span class='ocrx_word' id='word_1_602' title='bbox 1692 4080 1857 4134; x_wconf 80' lang='grc' dir='ltr'>αὑτοῦ</span> <span class='ocrx_word' id='word_1_603' title='bbox 1885 4084 2038 4135; x_wconf 80' lang='grc' dir='ltr'>ἐναν-</span> 
     </span>
    </p>
   </div>
   <div class='ocr_carea' id='block_1_70' title="bbox 462 4166 2039 4244">
    <p class='ocr_par' dir='ltr' id='par_1_70' title="bbox 462 4166 2039 4244">
     <span class='ocr_line' id='line_1_70' title="bbox 462 4166 2039 4244; baseline 0.006 -25"><span class='ocrx_word' id='word_1_604' title='bbox 462 4166 800 4239; x_wconf 83' lang='grc' dir='ltr'><strong>θρωπήσεως</strong></span> <span class='ocrx_word' id='word_1_605' title='bbox 824 4169 921 4222; x_wconf 84' lang='grc' dir='ltr'><strong>ἀνθ</strong></span> <span class='ocrx_word' id='word_1_606' title='bbox 931 4171 1267 4239; x_wconf 83' lang='grc' dir='ltr'><strong>ρωποπαθῶς</strong></span> <span class='ocrx_word' id='word_1_607' title='bbox 1292 4171 1653 4241; x_wconf 83' lang='grc' dir='ltr'>προϐάλλεται</span> <span class='ocrx_word' id='word_1_608' title='bbox 1671 4172 1731 4225; x_wconf 80' lang='grc' dir='ltr'><strong>τὸ</strong></span> <span class='ocrx_word' id='word_1_609' title='bbox 1754 4173 1821 4244; x_wconf 82' lang='grc' dir='ltr'><strong>ρῆ</strong></span> <span class='ocrx_word' id='word_1_610' title='bbox 1831 4189 1935 4244; x_wconf 87' lang='grc' dir='ltr'>μα;</span> <span class='ocrx_word' id='word_1_611' title='bbox 1975 4173 2039 4227; x_wconf 84' lang='grc' dir='ltr'><strong>Ἦ</strong></span> 
     </span>
    </p>
   </div>
   <div class='ocr_carea' id='block_1_71' title="bbox 439 4256 2036 4332">
    <p class='ocr_par' dir='ltr' id='par_1_71' title="bbox 439 4256 2036 4332">
     <span class='ocr_line' id='line_1_71' title="bbox 439 4256 2036 4332; baseline 0.005 -23"><span class='ocrx_word' id='word_1_612' title='bbox 439 4256 574 4328; x_wconf 71' lang='grc' dir='ltr'><strong>γὰρ</strong></span> <span class='ocrx_word' id='word_1_613' title='bbox 599 4257 762 4310; x_wconf 81' lang='grc' dir='ltr'>αὑτοῦ</span> <span class='ocrx_word' id='word_1_614' title='bbox 805 4259 1214 4332; x_wconf 80' lang='grc' dir='ltr'>ὲνανθρὼπησις</span> <span class='ocrx_word' id='word_1_615' title='bbox 1251 4262 1312 4315; x_wconf 81' lang='grc' dir='ltr'>οὐ</span> <span class='ocrx_word' id='word_1_616' title='bbox 1353 4264 1472 4315; x_wconf 83' lang='grc' dir='ltr'>κατ’</span> <span class='ocrx_word' id='word_1_617' title='bbox 1506 4262 1640 4316; x_wconf 84' lang='grc' dir='ltr'>ἰδίαν</span> <span class='ocrx_word' id='word_1_618' title='bbox 1670 4281 1756 4327; x_wconf 86' lang='grc' dir='ltr'>τις</span> <span class='ocrx_word' id='word_1_619' title='bbox 1786 4259 1936 4317; x_wconf 81' lang='grc' dir='ltr'>οὖσα.</span> <span class='ocrx_word' id='word_1_620' title='bbox 1963 4265 2036 4317; x_wconf 83' lang='grc' dir='ltr'><strong>Οὐ</strong></span> 
     </span>
    </p>
   </div>
   <div class='ocr_carea' id='block_1_72' title="bbox 461 4348 2040 4426">
    <p class='ocr_par' dir='ltr' id='par_1_72' title="bbox 461 4348 2040 4426">
     <span class='ocr_line' id='line_1_72' title="bbox 461 4348 2040 4426; baseline 0.004 -26"><span class='ocrx_word' id='word_1_621' title='bbox 461 4348 572 4419; x_wconf 75' lang='grc' dir='ltr'><strong>γὰρ</strong></span> <span class='ocrx_word' id='word_1_622' title='bbox 600 4350 1120 4422; x_wconf 78' lang='grc' dir='ltr'><strong>ἀποκεχωρισμὲνης</strong></span> <span class='ocrx_word' id='word_1_623' title='bbox 1144 4351 1243 4422; x_wconf 84' lang='grc' dir='ltr'><strong>τῆς</strong></span> <span class='ocrx_word' id='word_1_624' title='bbox 1271 4352 1540 4424; x_wconf 84' lang='grc' dir='ltr'><strong>Θεότητος,</strong></span> <span class='ocrx_word' id='word_1_625' title='bbox 1566 4356 1658 4407; x_wconf 76' lang='grc' dir='ltr'><strong>καὶ</strong></span> <span class='ocrx_word' id='word_1_626' title='bbox 1679 4354 1846 4424; x_wconf 73' lang='grc' dir='ltr'>χωρὶς</span> <span class='ocrx_word' id='word_1_627' title='bbox 1873 4353 2040 4426; x_wconf 82' lang='grc' dir='ltr'>οὔσης</span> 
     </span>
    </p>
   </div>
   <div class='ocr_carea' id='block_1_73' title="bbox 462 4437 2035 4512">
    <p class='ocr_par' dir='ltr' id='par_1_73' title="bbox 462 4437 2035 4512">
     <span class='ocr_line' id='line_1_73' title="bbox 462 4437 2035 4512; baseline 0.004 -22"><span class='ocrx_word' id='word_1_628' title='bbox 462 4437 564 4509; x_wconf 83' lang='grc' dir='ltr'><strong>τῆς</strong></span> <span class='ocrx_word' id='word_1_629' title='bbox 604 4439 1075 4512; x_wconf 77' lang='grc' dir='ltr'><strong>ὲνανθρωπήσεως</strong></span> <span class='ocrx_word' id='word_1_630' title='bbox 1125 4441 1330 4510; x_wconf 77' lang='grc' dir='ltr'>ἔλεγεν,</span> <span class='ocrx_word' id='word_1_631' title='bbox 1385 4443 1462 4502; x_wconf 80' lang='grc' dir='ltr'><strong>ὡς</strong></span> <span class='ocrx_word' id='word_1_632' title='bbox 1509 4443 1669 4498; x_wconf 80' lang='grc' dir='ltr'>ἄλλου</span> <span class='ocrx_word' id='word_1_633' title='bbox 1715 4445 1808 4498; x_wconf 76' lang='grc' dir='ltr'>καὶ</span> <span class='ocrx_word' id='word_1_634' title='bbox 1855 4444 2035 4498; x_wconf 75' lang='grc' dir='ltr'>ἄλλουο</span> 
     </span>
    </p>
   </div>
   <div class='ocr_carea' id='block_1_74' title="bbox 2132 3267 3702 3338">
    <p class='ocr_par' dir='ltr' id='par_1_74' title="bbox 2132 3267 3702 3338">
     <span class='ocr_line' id='line_1_74' title="bbox 2132 3267 3702 3338; baseline -0.001 -17"><span class='ocrx_word' id='word_1_635' title='bbox 2132 3268 2320 3335; x_wconf 85' lang='lat' dir='ltr'><strong>accipit</strong></span> <span class='ocrx_word' id='word_1_636' title='bbox 2345 3269 2385 3322; x_wconf 80' lang='grc'><strong>⁸.</strong></span> <span class='ocrx_word' id='word_1_637' title='bbox 2415 3267 2544 3323; x_wconf 84' lang='lat' dir='ltr'><strong>Item</strong></span> <span class='ocrx_word' id='word_1_638' title='bbox 2577 3268 2701 3322; x_wconf 88' lang='lat' dir='ltr'><strong>alibi</strong></span> <span class='ocrx_word' id='word_1_639' title='bbox 2728 3287 2741 3322; x_wconf 89' lang='lat'><strong>:</strong></span> <span class='ocrx_word' id='word_1_640' title='bbox 2771 3267 2880 3338; x_wconf 86' lang='lat' dir='ltr'><strong>Ego</strong></span> <span class='ocrx_word' id='word_1_641' title='bbox 2927 3269 3098 3338; x_wconf 86' lang='lat' dir='ltr'><strong>pulso,</strong></span> <span class='ocrx_word' id='word_1_642' title='bbox 3129 3278 3180 3322; x_wconf 89' lang='lat' dir='ltr'><strong>et</strong></span> <span class='ocrx_word' id='word_1_643' title='bbox 3209 3268 3255 3322; x_wconf 86' lang='lat' dir='ltr'><strong>si</strong></span> <span class='ocrx_word' id='word_1_644' title='bbox 3282 3267 3399 3338; x_wconf 88' lang='lat' dir='ltr'><strong>quis</strong></span> <span class='ocrx_word' id='word_1_645' title='bbox 3440 3267 3702 3336; x_wconf 84' lang='lat' dir='ltr'><strong>aperuerit</strong></span> 
     </span>
    </p>
   </div>
   <div class='ocr_carea' id='block_1_75' title="bbox 2133 3351 3703 3423">
    <p class='ocr_par' dir='ltr' id='par_1_75' title="bbox 2133 3351 3703 3423">
     <span class='ocr_line' id='line_1_75' title="bbox 2133 3351 3703 3423; baseline -0.003 -16"><span class='ocrx_word' id='word_1_646' title='bbox 2133 3352 2261 3407; x_wconf 80' lang='lat' dir='ltr'><strong>mihi</strong></span> <span class='ocrx_word' id='word_1_647' title='bbox 2287 3354 2331 3415; x_wconf 89' lang='lat'><strong>&quot;,</strong></span> <span class='ocrx_word' id='word_1_648' title='bbox 2360 3352 2710 3423; x_wconf 80' lang='lat' dir='ltr'><strong>ingrediemur</strong></span> <span class='ocrx_word' id='word_1_649' title='bbox 2756 3353 2824 3407; x_wconf 86' lang='lat' dir='ltr'><strong>ad</strong></span> <span class='ocrx_word' id='word_1_650' title='bbox 2866 3354 3039 3422; x_wconf 85' lang='lat' dir='ltr'><strong>ipsum</strong></span> <span class='ocrx_word' id='word_1_651' title='bbox 3085 3368 3176 3422; x_wconf 85' lang='lat' dir='ltr'><strong>ego</strong></span> <span class='ocrx_word' id='word_1_652' title='bbox 3225 3360 3274 3406; x_wconf 88' lang='lat' dir='ltr'><strong>et</strong></span> <span class='ocrx_word' id='word_1_653' title='bbox 3322 3351 3486 3406; x_wconf 88' lang='lat' dir='ltr'><strong>Pater</strong></span> <span class='ocrx_word' id='word_1_654' title='bbox 3536 3367 3703 3416; x_wconf 87' lang='lat' dir='ltr'><strong>meus,</strong></span> 
     </span>
    </p>
   </div>
   <div class='ocr_carea' id='block_1_76' title="bbox 2132 3441 3704 3513">
    <p class='ocr_par' dir='ltr' id='par_1_76' title="bbox 2132 3441 3704 3513">
     <span class='ocr_line' id='line_1_76' title="bbox 2132 3441 3704 3513; baseline -0.001 -14"><span class='ocrx_word' id='word_1_655' title='bbox 2132 3453 2182 3499; x_wconf 88' lang='lat' dir='ltr'><strong>et</strong></span> <span class='ocrx_word' id='word_1_656' title='bbox 2211 3445 2536 3499; x_wconf 86' lang='lat' dir='ltr'><strong>mansionem</strong></span> <span class='ocrx_word' id='word_1_657' title='bbox 2565 3443 2704 3512; x_wconf 84' lang='lat' dir='ltr'><strong>apud</strong></span> <span class='ocrx_word' id='word_1_658' title='bbox 2734 3443 2885 3498; x_wconf 86' lang='lat' dir='ltr'><strong>illum</strong></span> <span class='ocrx_word' id='word_1_659' title='bbox 2934 3443 3190 3513; x_wconf 69' lang='lat' dir='ltr'><strong>faciemus</strong></span> <span class='ocrx_word' id='word_1_660' title='bbox 3223 3443 3280 3494; x_wconf 72' lang='grc' dir='ltr'>⁸ε</span> <span class='ocrx_word' id='word_1_661' title='bbox 3308 3442 3474 3513; x_wconf 73' lang='lat'><strong>789</strong></span> <span class='ocrx_word' id='word_1_662' title='bbox 3512 3448 3572 3496; x_wconf 92' lang='lat' dir='ltr'><strong>ut</strong></span> <span class='ocrx_word' id='word_1_663' title='bbox 3599 3441 3704 3498; x_wconf 86' lang='lat' dir='ltr'><strong>hoc</strong></span> 
     </span>
    </p>
   </div>
   <div class='ocr_carea' id='block_1_77' title="bbox 2135 3534 3706 3607">
    <p class='ocr_par' dir='ltr' id='par_1_77' title="bbox 2135 3534 3706 3607">
     <span class='ocr_line' id='line_1_77' title="bbox 2135 3534 3706 3607; baseline -0.001 -17"><span class='ocrx_word' id='word_1_664' title='bbox 2135 3535 2527 3606; x_wconf 84' lang='lat' dir='ltr'><strong>intelligamus,</strong></span> <span class='ocrx_word' id='word_1_665' title='bbox 2551 3551 2823 3607; x_wconf 88' lang='lat' dir='ltr'><strong>nusquam</strong></span> <span class='ocrx_word' id='word_1_666' title='bbox 2851 3536 3003 3590; x_wconf 90' lang='lat' dir='ltr'><strong>illum</strong></span> <span class='ocrx_word' id='word_1_667' title='bbox 3034 3551 3064 3590; x_wconf 89' lang='lat' dir='ltr'><strong>a</strong></span> <span class='ocrx_word' id='word_1_668' title='bbox 3098 3534 3260 3592; x_wconf 86' lang='lat' dir='ltr'><strong>Patre</strong></span> <span class='ocrx_word' id='word_1_669' title='bbox 3287 3535 3486 3600; x_wconf 90' lang='lat' dir='ltr'><strong>deseri,</strong></span> <span class='ocrx_word' id='word_1_670' title='bbox 3517 3549 3706 3605; x_wconf 82' lang='lat' dir='ltr'><strong>quem-</strong></span> 
     </span>
    </p>
   </div>
   <div class='ocr_carea' id='block_1_78' title="bbox 2138 3624 3705 3696">
    <p class='ocr_par' dir='ltr' id='par_1_78' title="bbox 2138 3624 3705 3696">
     <span class='ocr_line' id='line_1_78' title="bbox 2138 3624 3705 3696; baseline -0.001 -17"><span class='ocrx_word' id='word_1_671' title='bbox 2138 3625 2433 3680; x_wconf 90' lang='lat' dir='ltr'><strong>admodum</strong></span> <span class='ocrx_word' id='word_1_672' title='bbox 2465 3634 2521 3681; x_wconf 85' lang='lat' dir='ltr'><strong>et</strong></span> <span class='ocrx_word' id='word_1_673' title='bbox 2548 3626 2709 3682; x_wconf 82' lang='lat' dir='ltr'><strong>Pater</strong></span> <span class='ocrx_word' id='word_1_674' title='bbox 2732 3641 2857 3681; x_wconf 91' lang='lat' dir='ltr'><strong>cum</strong></span> <span class='ocrx_word' id='word_1_675' title='bbox 2892 3624 3054 3691; x_wconf 90' lang='lat' dir='ltr'><strong>Filio,</strong></span> <span class='ocrx_word' id='word_1_676' title='bbox 3083 3635 3137 3682; x_wconf 89' lang='lat' dir='ltr'><strong>et</strong></span> <span class='ocrx_word' id='word_1_677' title='bbox 3163 3641 3287 3681; x_wconf 90' lang='lat' dir='ltr'><strong>cum</strong></span> <span class='ocrx_word' id='word_1_678' title='bbox 3316 3632 3550 3696; x_wconf 87' lang='lat' dir='ltr'><strong>utroque</strong></span> <span class='ocrx_word' id='word_1_679' title='bbox 3575 3639 3705 3696; x_wconf 89' lang='lat' dir='ltr'><strong>per-</strong></span> 
     </span>
    </p>
   </div>
   <div class='ocr_carea' id='block_1_79' title="bbox 2137 3714 2966 3788">
    <p class='ocr_par' dir='ltr' id='par_1_79' title="bbox 2137 3714 2966 3788">
     <span class='ocr_line' id='line_1_79' title="bbox 2137 3714 2966 3788; baseline 0.002 -17"><span class='ocrx_word' id='word_1_680' title='bbox 2137 3725 2302 3788; x_wconf 89' lang='lat' dir='ltr'><strong>petuo</strong></span> <span class='ocrx_word' id='word_1_681' title='bbox 2344 3714 2581 3788; x_wconf 88' lang='lat' dir='ltr'><strong>Spiritus</strong></span> <span class='ocrx_word' id='word_1_682' title='bbox 2609 3726 2833 3774; x_wconf 89' lang='lat' dir='ltr'><strong>sanctus</strong></span> <span class='ocrx_word' id='word_1_683' title='bbox 2862 3727 2966 3774; x_wconf 89' lang='lat' dir='ltr'><strong>est.</strong></span> 
     </span>
    </p>
   </div>
   <div class='ocr_carea' id='block_1_80' title="bbox 2207 3889 3709 3962">
    <p class='ocr_par' dir='ltr' id='par_1_80' title="bbox 2207 3889 3709 3962">
     <span class='ocr_line' id='line_1_80' title="bbox 2207 3889 3709 3962; baseline -0.001 -16"><span class='ocrx_word' id='word_1_684' title='bbox 2207 3891 2366 3946; x_wconf 81' lang='lat' dir='ltr'><strong>LXII.</strong></span> <span class='ocrx_word' id='word_1_685' title='bbox 2407 3890 2550 3958; x_wconf 86' lang='lat' dir='ltr'><strong>Quid</strong></span> <span class='ocrx_word' id='word_1_686' title='bbox 2596 3892 2782 3962; x_wconf 79' lang='lat' dir='ltr'><strong>igitur,</strong></span> <span class='ocrx_word' id='word_1_687' title='bbox 2838 3892 3118 3962; x_wconf 88' lang='lat' dir='ltr'><strong>inquiunt,</strong></span> <span class='ocrx_word' id='word_1_688' title='bbox 3171 3891 3389 3945; x_wconf 84' lang='lat' dir='ltr'><strong>tandem</strong></span> <span class='ocrx_word' id='word_1_689' title='bbox 3440 3889 3544 3945; x_wconf 88' lang='lat' dir='ltr'><strong>sibi</strong></span> <span class='ocrx_word' id='word_1_690' title='bbox 3592 3889 3709 3944; x_wconf 70' lang='lat' dir='ltr'><strong>vult</strong></span> 
     </span>
    </p>
   </div>
   <div class='ocr_carea' id='block_1_81' title="bbox 2137 3981 3710 4051">
    <p class='ocr_par' dir='ltr' id='par_1_81' title="bbox 2137 3981 3710 4051">
     <span class='ocr_line' id='line_1_81' title="bbox 2137 3981 3710 4051; baseline -0.003 -13"><span class='ocrx_word' id='word_1_691' title='bbox 2137 3999 2242 4038; x_wconf 79' lang='lat' dir='ltr'><strong>vox</strong></span> <span class='ocrx_word' id='word_1_692' title='bbox 2283 3983 2430 4038; x_wconf 88' lang='lat' dir='ltr'><strong>illius</strong></span> <span class='ocrx_word' id='word_1_693' title='bbox 2463 4002 2476 4038; x_wconf 91' lang='lat'>:</span> <span class='ocrx_word' id='word_1_694' title='bbox 2509 3982 2649 4037; x_wconf 86' lang='lat' dir='ltr'><strong>Deus</strong></span> <span class='ocrx_word' id='word_1_695' title='bbox 2683 3999 2849 4047; x_wconf 87' lang='lat' dir='ltr'><strong>meus,</strong></span> <span class='ocrx_word' id='word_1_696' title='bbox 2883 3982 3016 4038; x_wconf 87' lang='lat' dir='ltr'><strong>Deus</strong></span> <span class='ocrx_word' id='word_1_697' title='bbox 3034 3999 3200 4046; x_wconf 83' lang='lat' dir='ltr'><strong>meus,</strong></span> <span class='ocrx_word' id='word_1_698' title='bbox 3222 3998 3384 4051; x_wconf 83' lang='lat' dir='ltr'><strong>quare</strong></span> <span class='ocrx_word' id='word_1_699' title='bbox 3415 3997 3495 4035; x_wconf 80' lang='lat' dir='ltr'><strong>me</strong></span> <span class='ocrx_word' id='word_1_700' title='bbox 3520 3981 3710 4035; x_wconf 71' lang='lat' dir='ltr'><strong>dereli-</strong></span> 
     </span>
    </p>
   </div>
   <div class='ocr_carea' id='block_1_82' title="bbox 2137 4075 3710 4146">
    <p class='ocr_par' dir='ltr' id='par_1_82' title="bbox 2137 4075 3710 4146">
     <span class='ocr_line' id='line_1_82' title="bbox 2137 4075 3710 4146; baseline -0.003 -17"><span class='ocrx_word' id='word_1_701' title='bbox 2137 4076 2338 4145; x_wconf 76' lang='lat' dir='ltr'><strong>quisti?</strong></span> <span class='ocrx_word' id='word_1_702' title='bbox 2375 4075 2442 4128; x_wconf 91' lang='lat' dir='ltr'><strong>Et</strong></span> <span class='ocrx_word' id='word_1_703' title='bbox 2490 4075 2616 4146; x_wconf 88' lang='lat' dir='ltr'><strong>quis</strong></span> <span class='ocrx_word' id='word_1_704' title='bbox 2655 4091 2764 4130; x_wconf 84' lang='lat' dir='ltr'><strong>non</strong></span> <span class='ocrx_word' id='word_1_705' title='bbox 2805 4075 2952 4131; x_wconf 89' lang='lat' dir='ltr'><strong>videt</strong></span> <span class='ocrx_word' id='word_1_706' title='bbox 2980 4091 3049 4132; x_wconf 78' lang='lat' dir='ltr'><strong>ex</strong></span> <span class='ocrx_word' id='word_1_707' title='bbox 3076 4075 3315 4130; x_wconf 88' lang='lat' dir='ltr'><strong>hominis</strong></span> <span class='ocrx_word' id='word_1_708' title='bbox 3342 4088 3575 4145; x_wconf 78' lang='lat' dir='ltr'><strong>persona</strong></span> <span class='ocrx_word' id='word_1_709' title='bbox 3626 4082 3710 4126; x_wconf 89' lang='lat' dir='ltr'><strong>at-</strong></span> 
     </span>
    </p>
   </div>
   <div class='ocr_carea' id='block_1_83' title="bbox 2138 4163 3710 4236">
    <p class='ocr_par' dir='ltr' id='par_1_83' title="bbox 2138 4163 3710 4236">
     <span class='ocr_line' id='line_1_83' title="bbox 2138 4163 3710 4236; baseline -0.002 -17"><span class='ocrx_word' id='word_1_710' title='bbox 2138 4181 2246 4236; x_wconf 90' lang='lat' dir='ltr'><strong>que</strong></span> <span class='ocrx_word' id='word_1_711' title='bbox 2287 4165 2528 4220; x_wconf 86' lang='lat' dir='ltr'><strong>humano</strong></span> <span class='ocrx_word' id='word_1_712' title='bbox 2570 4179 2723 4219; x_wconf 91' lang='lat' dir='ltr'><strong>more</strong></span> <span class='ocrx_word' id='word_1_713' title='bbox 2747 4172 2802 4220; x_wconf 92' lang='lat' dir='ltr'><strong>et</strong></span> <span class='ocrx_word' id='word_1_714' title='bbox 2826 4163 3022 4220; x_wconf 70' lang='lat' dir='ltr'><strong>affectu</strong></span> <span class='ocrx_word' id='word_1_715' title='bbox 3056 4171 3378 4233; x_wconf 88' lang='lat' dir='ltr'><strong>usurpatum</strong></span> <span class='ocrx_word' id='word_1_716' title='bbox 3406 4163 3554 4218; x_wconf 91' lang='lat' dir='ltr'><strong>hunc</strong></span> <span class='ocrx_word' id='word_1_717' title='bbox 3586 4177 3710 4218; x_wconf 86' lang='lat' dir='ltr'><strong>esse</strong></span> 
     </span>
    </p>
   </div>
   <div class='ocr_carea' id='block_1_84' title="bbox 2139 4254 3712 4328">
    <p class='ocr_par' dir='ltr' id='par_1_84' title="bbox 2139 4254 3712 4328">
     <span class='ocr_line' id='line_1_84' title="bbox 2139 4254 3712 4328; baseline -0.004 -14"><span class='ocrx_word' id='word_1_718' title='bbox 2139 4256 2489 4314; x_wconf 79' lang='lat' dir='ltr'><strong>sermonem?</strong></span> <span class='ocrx_word' id='word_1_719' title='bbox 2526 4257 2774 4312; x_wconf 89' lang='lat' dir='ltr'><strong>Ilumana</strong></span> <span class='ocrx_word' id='word_1_720' title='bbox 2797 4257 2998 4328; x_wconf 88' lang='lat' dir='ltr'><strong>quippe</strong></span> <span class='ocrx_word' id='word_1_721' title='bbox 3027 4256 3230 4312; x_wconf 88' lang='lat' dir='ltr'><strong>Christi</strong></span> <span class='ocrx_word' id='word_1_722' title='bbox 3263 4263 3459 4309; x_wconf 87' lang='lat' dir='ltr'><strong>natura</strong></span> <span class='ocrx_word' id='word_1_723' title='bbox 3488 4254 3712 4309; x_wconf 89' lang='lat' dir='ltr'><strong>minime</strong></span> 
     </span>
    </p>
   </div>
   <div class='ocr_carea' id='block_1_85' title="bbox 2140 4347 3712 4422">
    <p class='ocr_par' dir='ltr' id='par_1_85' title="bbox 2140 4347 3712 4422">
     <span class='ocr_line' id='line_1_85' title="bbox 2140 4347 3712 4422; baseline -0.006 -15"><span class='ocrx_word' id='word_1_724' title='bbox 2140 4358 2387 4422; x_wconf 88' lang='lat' dir='ltr'><strong>separata</strong></span> <span class='ocrx_word' id='word_1_725' title='bbox 2415 4365 2512 4421; x_wconf 88' lang='lat' dir='ltr'><strong>per</strong></span> <span class='ocrx_word' id='word_1_726' title='bbox 2543 4365 2667 4405; x_wconf 90' lang='lat' dir='ltr'><strong>sese</strong></span> <span class='ocrx_word' id='word_1_727' title='bbox 2695 4357 2800 4405; x_wconf 91' lang='lat' dir='ltr'><strong>est.</strong></span> <span class='ocrx_word' id='word_1_728' title='bbox 2855 4348 3044 4419; x_wconf 86' lang='lat' dir='ltr'><strong>Neque</strong></span> <span class='ocrx_word' id='word_1_729' title='bbox 3089 4349 3234 4404; x_wconf 88' lang='lat' dir='ltr'><strong>enim</strong></span> <span class='ocrx_word' id='word_1_730' title='bbox 3279 4347 3426 4402; x_wconf 84' lang='lat' dir='ltr'><strong>velut</strong></span> <span class='ocrx_word' id='word_1_731' title='bbox 3468 4359 3534 4401; x_wconf 81' lang='lat' dir='ltr'><strong>ex</strong></span> <span class='ocrx_word' id='word_1_732' title='bbox 3585 4361 3712 4416; x_wconf 74' lang='grc' dir='ltr'>ρει-ι-</span> 
     </span>
    </p>
   </div>
   <div class='ocr_carea' id='block_1_86' title="bbox 2141 4436 3711 4498">
    <p class='ocr_par' dir='ltr' id='par_1_86' title="bbox 2141 4436 3711 4498">
     <span class='ocr_line' id='line_1_86' title="bbox 2141 4436 3711 4498; baseline -0.006 0"><span class='ocrx_word' id='word_1_733' title='bbox 2141 4457 2275 4498; x_wconf 90' lang='lat' dir='ltr'><strong>sona</strong></span> <span class='ocrx_word' id='word_1_734' title='bbox 2305 4442 2536 4498; x_wconf 90' lang='lat' dir='ltr'><strong>seorsim</strong></span> <span class='ocrx_word' id='word_1_735' title='bbox 2567 4441 2886 4498; x_wconf 83' lang='lat' dir='ltr'><strong>exsistentis</strong></span> <span class='ocrx_word' id='word_1_736' title='bbox 2919 4439 3222 4496; x_wconf 87' lang='lat' dir='ltr'><strong>divinitatis</strong></span> <span class='ocrx_word' id='word_1_737' title='bbox 3253 4447 3348 4493; x_wconf 89' lang='lat' dir='ltr'><strong>aut</strong></span> <span class='ocrx_word' id='word_1_738' title='bbox 3404 4436 3711 4492; x_wconf 87' lang='lat' dir='ltr'><strong>humanita-</strong></span> 
     </span>
    </p>
   </div>
   <div class='ocr_carea' id='block_1_87' title="bbox 442 4525 2034 4606">
    <p class='ocr_par' dir='ltr' id='par_1_87' title="bbox 442 4529 2034 4606">
     <span class='ocr_line' id='line_1_87' title="bbox 442 4529 2034 4606; baseline 0.003 -23"><span class='ocrx_word' id='word_1_739' title='bbox 442 4529 604 4583; x_wconf 80' lang='grc' dir='ltr'>,ἀλλὰ</span> <span class='ocrx_word' id='word_1_740' title='bbox 646 4531 1035 4602; x_wconf 81' lang='grc' dir='ltr'>συνηνωμένης</span> <span class='ocrx_word' id='word_1_741' title='bbox 1064 4533 1165 4604; x_wconf 79' lang='grc' dir='ltr'><strong>τῆς</strong></span> <span class='ocrx_word' id='word_1_742' title='bbox 1202 4533 1662 4606; x_wconf 79' lang='grc' dir='ltr'>ὲνανθρωπήσεως</span> <span class='ocrx_word' id='word_1_743' title='bbox 1692 4538 1760 4606; x_wconf 83' lang='grc' dir='ltr'>τῇ</span> <span class='ocrx_word' id='word_1_744' title='bbox 1800 4535 2034 4606; x_wconf 80' lang='grc' dir='ltr'>θεότητι,</span> 
     </span>
    </p>
   </div>
   <div class='ocr_carea' id='block_1_88' title="bbox 2127 4525 3710 4606">
    <p class='ocr_par' dir='ltr' id='par_1_88' title="bbox 2143 4525 3710 4601">
     <span class='ocr_line' id='line_1_88' title="bbox 2143 4525 3710 4601; baseline -0.005 -13"><span class='ocrx_word' id='word_1_745' title='bbox 2143 4533 2215 4589; x_wconf 90' lang='lat' dir='ltr'><strong>tis</strong></span> <span class='ocrx_word' id='word_1_746' title='bbox 2243 4532 2349 4588; x_wconf 87' lang='lat' dir='ltr'><strong>ista</strong></span> <span class='ocrx_word' id='word_1_747' title='bbox 2376 4531 2614 4596; x_wconf 77' lang='lat' dir='ltr'><strong>dicebat,</strong></span> <span class='ocrx_word' id='word_1_748' title='bbox 2640 4530 2800 4601; x_wconf 88' lang='lat' dir='ltr'><strong>quasi</strong></span> <span class='ocrx_word' id='word_1_749' title='bbox 2831 4529 2978 4584; x_wconf 89' lang='lat' dir='ltr'><strong>aliud</strong></span> <span class='ocrx_word' id='word_1_750' title='bbox 3006 4536 3062 4584; x_wconf 93' lang='lat' dir='ltr'><strong>et</strong></span> <span class='ocrx_word' id='word_1_751' title='bbox 3087 4527 3236 4583; x_wconf 88' lang='lat' dir='ltr'><strong>aliud</strong></span> <span class='ocrx_word' id='word_1_752' title='bbox 3265 4525 3520 4597; x_wconf 88' lang='lat' dir='ltr'><strong>quiddam</strong></span> <span class='ocrx_word' id='word_1_753' title='bbox 3549 4525 3710 4580; x_wconf 88' lang='lat' dir='ltr'><strong>ambo</strong></span> 
     </span>
    </p>
   </div>
   <div class='ocr_carea' id='block_1_89' title="bbox 469 4619 2040 4693">
    <p class='ocr_par' dir='ltr' id='par_1_89' title="bbox 469 4619 2040 4693">
     <span class='ocr_line' id='line_1_89' title="bbox 469 4619 2040 4693; baseline 0.005 -23"><span class='ocrx_word' id='word_1_754' title='bbox 469 4621 598 4690; x_wconf 79' lang='grc' dir='ltr'>μιᾶς</span> <span class='ocrx_word' id='word_1_755' title='bbox 627 4619 793 4692; x_wconf 74' lang='grc' dir='ltr'><strong>οὔσης</strong></span> <span class='ocrx_word' id='word_1_756' title='bbox 816 4621 1122 4689; x_wconf 83' lang='grc' dir='ltr'>ἁγιαστίας,</span> <span class='ocrx_word' id='word_1_757' title='bbox 1155 4623 1247 4674; x_wconf 75' lang='grc' dir='ltr'><strong>καὶ</strong></span> <span class='ocrx_word' id='word_1_758' title='bbox 1268 4622 1366 4693; x_wconf 70' lang='grc' dir='ltr'><strong>ἤδη</strong></span> <span class='ocrx_word' id='word_1_759' title='bbox 1395 4623 1453 4675; x_wconf 87' lang='grc' dir='ltr'>ὲν</span> <span class='ocrx_word' id='word_1_760' title='bbox 1482 4623 1617 4693; x_wconf 77' lang='grc' dir='ltr'>αὐτῇ</span> <span class='ocrx_word' id='word_1_761' title='bbox 1643 4623 1711 4676; x_wconf 86' lang='grc' dir='ltr'><strong>τὰ</strong></span> <span class='ocrx_word' id='word_1_762' title='bbox 1730 4623 2040 4678; x_wconf 72' lang='grc' dir='ltr'>τελεώτατα</span> 
     </span>
    </p>
   </div>
   <div class='ocr_carea' id='block_1_90' title="bbox 467 4707 2038 4787">
    <p class='ocr_par' dir='ltr' id='par_1_90' title="bbox 467 4707 2038 4787">
     <span class='ocr_line' id='line_1_90' title="bbox 467 4707 2038 4787; baseline 0.001 -22"><span class='ocrx_word' id='word_1_763' title='bbox 467 4711 853 4781; x_wconf 70' lang='grc' dir='ltr'><strong>ἐπισταμένης,</strong></span> <span class='ocrx_word' id='word_1_764' title='bbox 891 4707 978 4765; x_wconf 73' lang='grc' dir='ltr'>οἷα</span> <span class='ocrx_word' id='word_1_765' title='bbox 1017 4713 1080 4782; x_wconf 85' lang='grc' dir='ltr'><strong>δὴ</strong></span> <span class='ocrx_word' id='word_1_766' title='bbox 1120 4713 1178 4765; x_wconf 80' lang='grc' dir='ltr'>ἐν</span> <span class='ocrx_word' id='word_1_767' title='bbox 1222 4712 1340 4782; x_wconf 85' lang='grc' dir='ltr'><strong><em>Θεῷ</em></strong></span> <span class='ocrx_word' id='word_1_768' title='bbox 1379 4713 1789 4787; x_wconf 79' lang='grc' dir='ltr'><strong>συνηνωμένῃί,</strong></span> <span class='ocrx_word' id='word_1_769' title='bbox 1836 4716 1928 4768; x_wconf 75' lang='grc' dir='ltr'><strong>καὶ</strong></span> <span class='ocrx_word' id='word_1_770' title='bbox 1958 4716 2038 4779; x_wconf 85' lang='grc' dir='ltr'>εἰς</span> 
     </span>
    </p>
   </div>
   <div class='ocr_carea' id='block_1_91' title="bbox 453 4797 2035 4874">
    <p class='ocr_par' dir='ltr' id='par_1_91' title="bbox 453 4797 2035 4874">
     <span class='ocr_line' id='line_1_91' title="bbox 453 4797 2035 4874; baseline 0.003 -23"><span class='ocrx_word' id='word_1_771' title='bbox 453 4801 582 4871; x_wconf 76' lang='grc' dir='ltr'>μίαν</span> <span class='ocrx_word' id='word_1_772' title='bbox 611 4797 841 4870; x_wconf 82' lang='grc' dir='ltr'>θεότητα</span> <span class='ocrx_word' id='word_1_773' title='bbox 880 4797 1223 4870; x_wconf 73' lang='grc' dir='ltr'>συνημμένη,</span> <span class='ocrx_word' id='word_1_774' title='bbox 1255 4797 1442 4869; x_wconf 82' lang='grc' dir='ltr'>ὁρῶσα</span> <span class='ocrx_word' id='word_1_775' title='bbox 1470 4799 1573 4871; x_wconf 78' lang='grc' dir='ltr'><strong>ἤδη</strong></span> <span class='ocrx_word' id='word_1_776' title='bbox 1612 4799 1713 4871; x_wconf 81' lang='grc' dir='ltr'>τὴν</span> <span class='ocrx_word' id='word_1_777' title='bbox 1758 4798 1991 4874; x_wconf 81' lang='grc' dir='ltr'>θεότητα</span> <span class='ocrx_word' id='word_1_778' title='bbox 2012 4805 2035 4836; x_wconf 77' lang='grc'><strong><em>³</em></strong></span> 
     </span>
    </p>
   </div>
   <div class='ocr_carea' id='block_1_92' title="bbox 451 4890 2035 4969">
    <p class='ocr_par' dir='ltr' id='par_1_92' title="bbox 451 4890 2035 4969">
     <span class='ocr_line' id='line_1_92' title="bbox 451 4890 2035 4969; baseline 0.001 -20"><span class='ocrx_word' id='word_1_779' title='bbox 451 4891 567 4969; x_wconf 81' lang='lat'><strong>(99)</strong></span> <span class='ocrx_word' id='word_1_780' title='bbox 599 4893 698 4947; x_wconf 86' lang='grc' dir='ltr'><strong>σὺν</strong></span> <span class='ocrx_word' id='word_1_781' title='bbox 733 4895 800 4964; x_wconf 81' lang='grc' dir='ltr'><strong>τῇ</strong></span> <span class='ocrx_word' id='word_1_782' title='bbox 853 4891 1022 4964; x_wconf 83' lang='grc' dir='ltr'><strong>ψυχῆ·</strong></span> <span class='ocrx_word' id='word_1_783' title='bbox 1047 4890 1375 4962; x_wconf 79' lang='grc' dir='ltr'>κινουμένην</span> <span class='ocrx_word' id='word_1_784' title='bbox 1404 4891 1499 4944; x_wconf 79' lang='grc' dir='ltr'><strong>ἐπὶ</strong></span> <span class='ocrx_word' id='word_1_785' title='bbox 1526 4892 1589 4946; x_wconf 80' lang='grc' dir='ltr'><strong>τὸ</strong></span> <span class='ocrx_word' id='word_1_786' title='bbox 1615 4893 1941 4964; x_wconf 72' lang='grc' dir='ltr'>καταλεῖψαι</span> <span class='ocrx_word' id='word_1_787' title='bbox 1972 4895 2035 4950; x_wconf 85' lang='grc' dir='ltr'><strong>τὸ</strong></span> 
     </span>
    </p>
   </div>
   <div class='ocr_carea' id='block_1_93' title="bbox 467 4977 2037 5055">
    <p class='ocr_par' dir='ltr' id='par_1_93' title="bbox 467 4977 2037 5055">
     <span class='ocr_line' id='line_1_93' title="bbox 467 4977 2037 5055; baseline 0.006 -25"><span class='ocrx_word' id='word_1_788' title='bbox 467 4977 622 5044; x_wconf 77' lang='grc' dir='ltr'>ἅγιον</span> <span class='ocrx_word' id='word_1_789' title='bbox 652 4977 812 5048; x_wconf 80' lang='grc' dir='ltr'>σῶμα</span> <span class='ocrx_word' id='word_1_790' title='bbox 845 4978 952 5031; x_wconf 81' lang='grc' dir='ltr'><strong>ἀπὸ</strong></span> <span class='ocrx_word' id='word_1_791' title='bbox 993 4979 1281 5049; x_wconf 83' lang='grc' dir='ltr'><strong>προσώπου</strong></span> <span class='ocrx_word' id='word_1_792' title='bbox 1302 4981 1466 5034; x_wconf 80' lang='grc' dir='ltr'>αὐτοῦ</span> <span class='ocrx_word' id='word_1_793' title='bbox 1497 4981 1593 5036; x_wconf 85' lang='grc' dir='ltr'>τοῦ</span> <span class='ocrx_word' id='word_1_794' title='bbox 1628 4983 1907 5055; x_wconf 84' lang='grc' dir='ltr'>Κυριακοῦ</span> <span class='ocrx_word' id='word_1_795' title='bbox 1943 4985 2037 5038; x_wconf 84' lang='grc' dir='ltr'><strong>ἀν·</strong></span> 
     </span>
    </p>
   </div>
   <div class='ocr_carea' id='block_1_94' title="bbox 468 5067 2039 5147">
    <p class='ocr_par' dir='ltr' id='par_1_94' title="bbox 468 5067 2039 5147">
     <span class='ocr_line' id='line_1_94' title="bbox 468 5067 2039 5147; baseline 0.007 -27"><span class='ocrx_word' id='word_1_796' title='bbox 468 5067 711 5138; x_wconf 80' lang='grc' dir='ltr'><strong>θρώπου,</strong></span> <span class='ocrx_word' id='word_1_797' title='bbox 737 5071 982 5124; x_wconf 79' lang='grc' dir='ltr'><strong>τουτέστι</strong></span> <span class='ocrx_word' id='word_1_798' title='bbox 1005 5072 1102 5140; x_wconf 83' lang='grc' dir='ltr'><strong>τῆς</strong></span> <span class='ocrx_word' id='word_1_799' title='bbox 1125 5073 1285 5126; x_wconf 81' lang='grc' dir='ltr'>αὑτοῦ</span> <span class='ocrx_word' id='word_1_800' title='bbox 1310 5073 2039 5147; x_wconf 75' lang='grc' dir='ltr'>ὲνανθρωπήσεως.”Ημελλε</span> 
     </span>
    </p>
   </div>
   <div class='ocr_carea' id='block_1_95' title="bbox 469 5159 2040 5240">
    <p class='ocr_par' dir='ltr' id='par_1_95' title="bbox 469 5159 2040 5240">
     <span class='ocr_line' id='line_1_95' title="bbox 469 5159 2040 5240; baseline 0.006 -28"><span class='ocrx_word' id='word_1_801' title='bbox 469 5160 575 5230; x_wconf 69' lang='grc' dir='ltr'><strong>γὰρ</strong></span> <span class='ocrx_word' id='word_1_802' title='bbox 602 5160 636 5230; x_wconf 84' lang='grc' dir='ltr'><strong>ή</strong></span> <span class='ocrx_word' id='word_1_803' title='bbox 662 5159 853 5229; x_wconf 86' lang='grc' dir='ltr'><strong>θεότης</strong></span> <span class='ocrx_word' id='word_1_804' title='bbox 885 5161 1123 5219; x_wconf 81' lang='grc' dir='ltr'>τελειοῦν</span> <span class='ocrx_word' id='word_1_805' title='bbox 1156 5163 1224 5216; x_wconf 83' lang='grc' dir='ltr'>τὰ</span> <span class='ocrx_word' id='word_1_806' title='bbox 1253 5164 1450 5227; x_wconf 83' lang='grc' dir='ltr'>πάντα,</span> <span class='ocrx_word' id='word_1_807' title='bbox 1484 5167 1552 5219; x_wconf 82' lang='grc' dir='ltr'><strong>τὰ</strong></span> <span class='ocrx_word' id='word_1_808' title='bbox 1581 5167 1722 5221; x_wconf 82' lang='grc' dir='ltr'>κατὰ</span> <span class='ocrx_word' id='word_1_809' title='bbox 1747 5167 1808 5220; x_wconf 87' lang='grc' dir='ltr'><strong>τὸ</strong></span> <span class='ocrx_word' id='word_1_810' title='bbox 1834 5170 2040 5240; x_wconf 77' lang='grc' dir='ltr'><strong>μυστήο.</strong></span> 
     </span>
    </p>
   </div>
   <div class='ocr_carea' id='block_1_96' title="bbox 2144 4615 3713 4703">
    <p class='ocr_par' dir='ltr' id='par_1_96' title="bbox 2144 4615 3713 4703">
     <span class='ocr_line' id='line_1_96' title="bbox 2144 4615 3713 4703; baseline -0.006 -26"><span class='ocrx_word' id='word_1_811' title='bbox 2144 4622 2356 4686; x_wconf 82' lang='lat' dir='ltr'><strong>forent,</strong></span> <span class='ocrx_word' id='word_1_812' title='bbox 2392 4621 2487 4677; x_wconf 91' lang='lat' dir='ltr'><strong>sed</strong></span> <span class='ocrx_word' id='word_1_813' title='bbox 2519 4623 2599 4676; x_wconf 89' lang='lat' dir='ltr'><strong>sic</strong></span> <span class='ocrx_word' id='word_1_814' title='bbox 2624 4631 2885 4690; x_wconf 89' lang='lat' dir='ltr'><strong>tanquam</strong></span> <span class='ocrx_word' id='word_1_815' title='bbox 2937 4633 3063 4673; x_wconf 89' lang='lat' dir='ltr'><strong>cum</strong></span> <span class='ocrx_word' id='word_1_816' title='bbox 3104 4616 3388 4703; x_wconf 65' lang='lat' dir='ltr'><strong>divinitate</strong></span> <span class='ocrx_word' id='word_1_817' title='bbox 3419 4615 3713 4683; x_wconf 73' lang='lat' dir='ltr'><strong>conjuncta</strong></span> 
     </span>
    </p>
   </div>
   <div class='ocr_carea' id='block_1_97' title="bbox 2141 4709 3708 4777">
    <p class='ocr_par' dir='ltr' id='par_1_97' title="bbox 2141 4709 3708 4777">
     <span class='ocr_line' id='line_1_97' title="bbox 2141 4709 3708 4777; baseline -0.007 -7"><span class='ocrx_word' id='word_1_818' title='bbox 2141 4719 2287 4770; x_wconf 87' lang='lat' dir='ltr'><strong>esset</strong></span> <span class='ocrx_word' id='word_1_819' title='bbox 2309 4711 2545 4768; x_wconf 89' lang='lat' dir='ltr'><strong>hominis</strong></span> <span class='ocrx_word' id='word_1_820' title='bbox 2581 4719 2776 4766; x_wconf 84' lang='lat' dir='ltr'><strong>natura</strong></span> <span class='ocrx_word' id='word_1_821' title='bbox 2806 4730 2819 4766; x_wconf 90' lang='lat'><strong>:</strong></span> <span class='ocrx_word' id='word_1_822' title='bbox 2855 4710 2991 4765; x_wconf 88' lang='lat' dir='ltr'><strong>adeo</strong></span> <span class='ocrx_word' id='word_1_823' title='bbox 3019 4719 3077 4765; x_wconf 90' lang='lat' dir='ltr'><strong>ut</strong></span> <span class='ocrx_word' id='word_1_824' title='bbox 3110 4724 3216 4764; x_wconf 90' lang='lat' dir='ltr'><strong>una</strong></span> <span class='ocrx_word' id='word_1_825' title='bbox 3253 4709 3541 4777; x_wconf 88' lang='lat' dir='ltr'><strong>utriusque</strong></span> <span class='ocrx_word' id='word_1_826' title='bbox 3576 4721 3708 4762; x_wconf 86' lang='lat' dir='ltr'><strong>san—</strong></span> 
     </span>
    </p>
   </div>
   <div class='ocr_carea' id='block_1_98' title="bbox 2141 4798 3711 4873">
    <p class='ocr_par' dir='ltr' id='par_1_98' title="bbox 2141 4798 3711 4873">
     <span class='ocr_line' id='line_1_98' title="bbox 2141 4798 3711 4873; baseline -0.003 -16"><span class='ocrx_word' id='word_1_827' title='bbox 2141 4803 2352 4858; x_wconf 90' lang='lat' dir='ltr'><strong>ctitudo</strong></span> <span class='ocrx_word' id='word_1_828' title='bbox 2383 4803 2545 4868; x_wconf 81' lang='lat' dir='ltr'><strong>foret,</strong></span> <span class='ocrx_word' id='word_1_829' title='bbox 2587 4803 2816 4873; x_wconf 86' lang='lat' dir='ltr'><strong>ipsaque</strong></span> <span class='ocrx_word' id='word_1_830' title='bbox 2847 4801 3085 4858; x_wconf 90' lang='lat' dir='ltr'><strong>hominis</strong></span> <span class='ocrx_word' id='word_1_831' title='bbox 3114 4807 3311 4854; x_wconf 87' lang='lat' dir='ltr'><strong>natura</strong></span> <span class='ocrx_word' id='word_1_832' title='bbox 3341 4801 3394 4853; x_wconf 92' lang='lat' dir='ltr'><strong>in</strong></span> <span class='ocrx_word' id='word_1_833' title='bbox 3426 4798 3711 4853; x_wconf 79' lang='lat' dir='ltr'><strong>divinitate</strong></span> 
     </span>
    </p>
   </div>
   <div class='ocr_carea' id='block_1_99' title="bbox 2142 4895 3712 4965">
    <p class='ocr_par' dir='ltr' id='par_1_99' title="bbox 2142 4895 3712 4965">
     <span class='ocr_line' id='line_1_99' title="bbox 2142 4895 3712 4965; baseline -0.004 -15"><span class='ocrx_word' id='word_1_834' title='bbox 2142 4895 2536 4965; x_wconf 79' lang='lat' dir='ltr'><strong>perfectissima</strong></span> <span class='ocrx_word' id='word_1_835' title='bbox 2596 4911 2825 4965; x_wconf 67' lang='lat' dir='ltr'><strong>quaeque</strong></span> <span class='ocrx_word' id='word_1_836' title='bbox 2887 4901 3268 4965; x_wconf 85' lang='lat' dir='ltr'><strong>cognosceret,</strong></span> <span class='ocrx_word' id='word_1_837' title='bbox 3333 4898 3520 4961; x_wconf 87' lang='lat' dir='ltr'><strong>utpote</strong></span> <span class='ocrx_word' id='word_1_838' title='bbox 3584 4905 3712 4944; x_wconf 86' lang='lat' dir='ltr'><strong>cum</strong></span> 
     </span>
    </p>
   </div>
   <div class='ocr_carea' id='block_1_100' title="bbox 2141 4982 3704 5056">
    <p class='ocr_par' dir='ltr' id='par_1_100' title="bbox 2141 4982 3704 5056">
     <span class='ocr_line' id='line_1_100' title="bbox 2141 4982 3704 5056; baseline -0.004 -16"><span class='ocrx_word' id='word_1_839' title='bbox 2141 4985 2250 5041; x_wconf 86' lang='lat' dir='ltr'><strong>Deo</strong></span> <span class='ocrx_word' id='word_1_840' title='bbox 2278 4987 2551 5056; x_wconf 84' lang='lat' dir='ltr'><strong>copulata,</strong></span> <span class='ocrx_word' id='word_1_841' title='bbox 2597 4995 2652 5042; x_wconf 92' lang='lat' dir='ltr'><strong>et</strong></span> <span class='ocrx_word' id='word_1_842' title='bbox 2693 4986 2748 5040; x_wconf 90' lang='lat' dir='ltr'><strong>in</strong></span> <span class='ocrx_word' id='word_1_843' title='bbox 2791 5001 2956 5040; x_wconf 81' lang='lat' dir='ltr'><strong>unam</strong></span> <span class='ocrx_word' id='word_1_844' title='bbox 2992 4985 3310 5040; x_wconf 87' lang='lat' dir='ltr'><strong>consociata</strong></span> <span class='ocrx_word' id='word_1_845' title='bbox 3337 4982 3704 5037; x_wconf 87' lang='lat' dir='ltr'><strong>divinitatem.</strong></span> 
     </span>
    </p>
   </div>
   <div class='ocr_carea' id='block_1_101' title="bbox 2141 5072 3712 5148">
    <p class='ocr_par' dir='ltr' id='par_1_101' title="bbox 2141 5072 3712 5148">
     <span class='ocr_line' id='line_1_101' title="bbox 2141 5072 3712 5148; baseline -0.004 -16"><span class='ocrx_word' id='word_1_846' title='bbox 2141 5076 2273 5143; x_wconf 68' lang='lat' dir='ltr'><strong>Quae</strong></span> <span class='ocrx_word' id='word_1_847' title='bbox 2304 5092 2430 5131; x_wconf 88' lang='lat' dir='ltr'><strong>cum</strong></span> <span class='ocrx_word' id='word_1_848' title='bbox 2463 5077 2605 5132; x_wconf 91' lang='lat' dir='ltr'><strong>hanc</strong></span> <span class='ocrx_word' id='word_1_849' title='bbox 2630 5078 2806 5148; x_wconf 86' lang='lat' dir='ltr'><strong>ipsam</strong></span> <span class='ocrx_word' id='word_1_850' title='bbox 2833 5076 3177 5132; x_wconf 90' lang='lat' dir='ltr'><strong>divinitatem</strong></span> <span class='ocrx_word' id='word_1_851' title='bbox 3205 5089 3328 5129; x_wconf 90' lang='lat' dir='ltr'><strong>cum</strong></span> <span class='ocrx_word' id='word_1_852' title='bbox 3357 5074 3536 5128; x_wconf 90' lang='lat' dir='ltr'><strong>anima</strong></span> <span class='ocrx_word' id='word_1_853' title='bbox 3561 5072 3712 5127; x_wconf 79' lang='lat' dir='ltr'><strong>velut</strong></span> 
     </span>
    </p>
   </div>
   <div class='ocr_carea' id='block_1_102' title="bbox 2137 5163 3711 5240">
    <p class='ocr_par' dir='ltr' id='par_1_102' title="bbox 2137 5163 3711 5240">
     <span class='ocr_line' id='line_1_102' title="bbox 2137 5163 3711 5240; baseline -0.004 -18"><span class='ocrx_word' id='word_1_854' title='bbox 2137 5168 2195 5222; x_wconf 91' lang='lat' dir='ltr'><strong>in</strong></span> <span class='ocrx_word' id='word_1_855' title='bbox 2245 5169 2528 5238; x_wconf 89' lang='lat' dir='ltr'><strong>procinctu</strong></span> <span class='ocrx_word' id='word_1_856' title='bbox 2585 5169 2822 5240; x_wconf 89' lang='lat' dir='ltr'><strong>quodam</strong></span> <span class='ocrx_word' id='word_1_857' title='bbox 2879 5183 3004 5224; x_wconf 89' lang='lat' dir='ltr'><strong>esse</strong></span> <span class='ocrx_word' id='word_1_858' title='bbox 3052 5167 3282 5230; x_wconf 81' lang='lat' dir='ltr'><strong>videret,</strong></span> <span class='ocrx_word' id='word_1_859' title='bbox 3323 5174 3383 5220; x_wconf 93' lang='lat' dir='ltr'><strong>ut</strong></span> <span class='ocrx_word' id='word_1_860' title='bbox 3424 5163 3711 5234; x_wconf 86' lang='lat' dir='ltr'><strong>sanctissi-</strong></span> 
     </span>
    </p>
   </div>
   <div class='ocr_carea' id='block_1_103' title="bbox 467 5249 2034 5333">
    <p class='ocr_par' dir='ltr' id='par_1_103' title="bbox 467 5249 2034 5328">
     <span class='ocr_line' id='line_1_103' title="bbox 467 5249 2034 5328; baseline 0.007 -27"><span class='ocrx_word' id='word_1_861' title='bbox 467 5266 584 5318; x_wconf 89' lang='grc' dir='ltr'>ριον</span> <span class='ocrx_word' id='word_1_862' title='bbox 617 5249 710 5303; x_wconf 82' lang='grc' dir='ltr'><strong>τοῦ</strong></span> <span class='ocrx_word' id='word_1_863' title='bbox 747 5251 972 5317; x_wconf 84' lang='grc' dir='ltr'><strong>πάθους,</strong></span> <span class='ocrx_word' id='word_1_864' title='bbox 1007 5254 1102 5306; x_wconf 71' lang='grc' dir='ltr'><strong>καὶ</strong></span> <span class='ocrx_word' id='word_1_865' title='bbox 1132 5255 1228 5308; x_wconf 84' lang='grc' dir='ltr'><strong>σὺν</strong></span> <span class='ocrx_word' id='word_1_866' title='bbox 1250 5257 1316 5328; x_wconf 79' lang='grc' dir='ltr'><strong>τῇ</strong></span> <span class='ocrx_word' id='word_1_867' title='bbox 1349 5255 1497 5328; x_wconf 74' lang='grc' dir='ltr'>ψυχῇ</span> <span class='ocrx_word' id='word_1_868' title='bbox 1534 5257 1812 5311; x_wconf 84' lang='grc' dir='ltr'>κατελθεῖν</span> <span class='ocrx_word' id='word_1_869' title='bbox 1846 5259 1940 5312; x_wconf 72' lang='grc' dir='ltr'><strong>ἐπὶ</strong></span> <span class='ocrx_word' id='word_1_870' title='bbox 1967 5258 2034 5313; x_wconf 82' lang='grc' dir='ltr'>τὰ</span> 
     </span>
    </p>
   </div>
   <div class='ocr_carea' id='block_1_104' title="bbox 2127 5249 3711 5333">
    <p class='ocr_par' dir='ltr' id='par_1_104' title="bbox 2139 5255 3711 5333">
     <span class='ocr_line' id='line_1_104' title="bbox 2139 5255 3711 5333; baseline -0.005 -17"><span class='ocrx_word' id='word_1_871' title='bbox 2139 5276 2290 5316; x_wconf 88' lang='lat' dir='ltr'><strong>mum</strong></span> <span class='ocrx_word' id='word_1_872' title='bbox 2354 5276 2557 5332; x_wconf 88' lang='lat' dir='ltr'><strong>corpus</strong></span> <span class='ocrx_word' id='word_1_873' title='bbox 2629 5261 2984 5333; x_wconf 90' lang='lat' dir='ltr'><strong>relinqueret,</strong></span> <span class='ocrx_word' id='word_1_874' title='bbox 3037 5274 3103 5313; x_wconf 81' lang='lat' dir='ltr'><strong>ex</strong></span> <span class='ocrx_word' id='word_1_875' title='bbox 3150 5255 3420 5313; x_wconf 90' lang='lat' dir='ltr'><strong>Dominici</strong></span> <span class='ocrx_word' id='word_1_876' title='bbox 3473 5255 3711 5310; x_wconf 84' lang='lat' dir='ltr'><strong>hominis</strong></span> 
     </span>
    </p>
   </div>
   <div class='ocr_carea' id='block_1_105' title="bbox 557 5401 2261 5484">
    <p class='ocr_par' dir='ltr' id='par_1_105' title="bbox 557 5401 2261 5484">
     <span class='ocr_line' id='line_1_105' title="bbox 557 5401 2261 5484; baseline 0.006 -29"><span class='ocrx_word' id='word_1_877' title='bbox 557 5403 574 5432; x_wconf 88' lang='grc'>¹</span> <span class='ocrx_word' id='word_1_878' title='bbox 604 5401 734 5484; x_wconf 50' lang='grc' dir='ltr'><strong>Ῑέςε.</strong></span> <span class='ocrx_word' id='word_1_879' title='bbox 759 5408 1167 5484; x_wconf 42' lang='grc' dir='ltr'><strong>συνηνωμένουζ</strong></span> <span class='ocrx_word' id='word_1_880' title='bbox 1184 5415 1242 5484; x_wconf 72' lang='lat' dir='ltr'><strong>et</strong></span> <span class='ocrx_word' id='word_1_881' title='bbox 1281 5409 1624 5484; x_wconf 65' lang='grc' dir='ltr'><strong>συνημμένςῃ.</strong></span> <span class='ocrx_word' id='word_1_882' title='bbox 1688 5411 1718 5484; x_wconf 58' lang='grc' dir='ltr'><em>ξ</em></span> <span class='ocrx_word' id='word_1_883' title='bbox 1743 5407 1810 5484; x_wconf 83' lang='lat' dir='ltr'><strong>F.</strong></span> <span class='ocrx_word' id='word_1_884' title='bbox 1839 5410 2023 5482; x_wconf 87' lang='grc' dir='ltr'>ὁρῶσα</span> <span class='ocrx_word' id='word_1_885' title='bbox 2049 5411 2107 5484; x_wconf 67' lang='grc' dir='ltr'>ξε</span> <span class='ocrx_word' id='word_1_886' title='bbox 2140 5411 2261 5484; x_wconf 72' lang='grc' dir='ltr'><strong>ἤδη.</strong></span> 
     </span>
    </p>
   </div>
   <div class='ocr_carea' id='block_1_106' title="bbox 2367 5407 3711 5481">
    <p class='ocr_par' dir='ltr' id='par_1_106' title="bbox 2367 5407 3711 5481">
     <span class='ocr_line' id='line_1_106' title="bbox 2367 5407 3711 5481; baseline -0.003 -14"><span class='ocrx_word' id='word_1_887' title='bbox 2367 5413 2388 5445; x_wconf 87' lang='grc'><em>³</em></span> <span class='ocrx_word' id='word_1_888' title='bbox 2407 5412 2565 5469; x_wconf 84' lang='lat' dir='ltr'><strong>Joan.</strong></span> <span class='ocrx_word' id='word_1_889' title='bbox 2598 5430 2708 5481; x_wconf 79' lang='lat' dir='ltr'><strong>xw,</strong></span> <span class='ocrx_word' id='word_1_890' title='bbox 2739 5412 2826 5469; x_wconf 81' lang='lat' dir='ltr'><strong>I8.</strong></span> <span class='ocrx_word' id='word_1_891' title='bbox 2902 5413 2924 5445; x_wconf 75' lang='grc'><strong><em>⁵</em></strong></span> <span class='ocrx_word' id='word_1_892' title='bbox 2951 5411 3140 5467; x_wconf 83' lang='lat' dir='ltr'><strong>Matth.</strong></span> <span class='ocrx_word' id='word_1_893' title='bbox 3165 5425 3313 5475; x_wconf 77' lang='lat' dir='ltr'><strong>xxvr,</strong></span> <span class='ocrx_word' id='word_1_894' title='bbox 3337 5410 3424 5465; x_wconf 76' lang='lat'><strong>5|.</strong></span> <span class='ocrx_word' id='word_1_895' title='bbox 3501 5409 3523 5440; x_wconf 80' lang='grc'>⁸</span> <span class='ocrx_word' id='word_1_896' title='bbox 3550 5407 3711 5463; x_wconf 79' lang='lat' dir='ltr'><strong>Joan.</strong></span> 
     </span>
    </p>
   </div>
   <div class='ocr_carea' id='block_1_107' title="bbox 468 5467 2680 5551">
    <p class='ocr_par' dir='ltr' id='par_1_107' title="bbox 468 5467 2680 5551">
     <span class='ocr_line' id='line_1_107' title="bbox 468 5467 2680 5551; baseline 0.007 -27"><span class='ocrx_word' id='word_1_897' title='bbox 468 5485 579 5539; x_wconf 73' lang='lat' dir='ltr'><strong>xvr,</strong></span> <span class='ocrx_word' id='word_1_898' title='bbox 616 5467 709 5528; x_wconf 64' lang='grc' dir='ltr'><strong>δεῖ</strong></span> <span class='ocrx_word' id='word_1_899' title='bbox 781 5476 802 5506; x_wconf 77' lang='grc'>⁸</span> <span class='ocrx_word' id='word_1_900' title='bbox 826 5467 987 5530; x_wconf 64' lang='grc' dir='ltr'><strong>Ιόειηξ</strong></span> <span class='ocrx_word' id='word_1_901' title='bbox 1024 5493 1112 5541; x_wconf 79' lang='lat' dir='ltr'><strong>xv,</strong></span> <span class='ocrx_word' id='word_1_902' title='bbox 1139 5478 1239 5544; x_wconf 75' lang='lat'><strong>26;</strong></span> <span class='ocrx_word' id='word_1_903' title='bbox 1272 5467 1499 5546; x_wconf 55' lang='lat' dir='ltr'><strong>xm“,</strong></span> <span class='ocrx_word' id='word_1_904' title='bbox 1526 5467 1612 5534; x_wconf 70' lang='grc' dir='ltr'><strong>ιέξ.</strong></span> <span class='ocrx_word' id='word_1_905' title='bbox 1687 5482 1706 5512; x_wconf 87' lang='grc'><strong>⁷</strong></span> <span class='ocrx_word' id='word_1_906' title='bbox 1739 5467 1908 5551; x_wconf 74' lang='lat' dir='ltr'><strong>Apoc.</strong></span> <span class='ocrx_word' id='word_1_907' title='bbox 1939 5498 2022 5549; x_wconf 86' lang='lat' dir='ltr'><strong>Ill,</strong></span> <span class='ocrx_word' id='word_1_908' title='bbox 2050 5482 2131 5538; x_wconf 75' lang='lat'><strong>20.</strong></span> <span class='ocrx_word' id='word_1_909' title='bbox 2162 5467 2174 5484; x_wconf 80' lang='grc'><em>’</em></span> <span class='ocrx_word' id='word_1_910' title='bbox 2209 5467 2240 5515; x_wconf 65' lang='grc' dir='ltr'><strong>θ’</strong></span> <span class='ocrx_word' id='word_1_911' title='bbox 2261 5481 2419 5539; x_wconf 80' lang='lat' dir='ltr'><strong>Joan.</strong></span> <span class='ocrx_word' id='word_1_912' title='bbox 2451 5467 2562 5550; x_wconf 62' lang='lat' dir='ltr'><strong>inv,</strong></span> <span class='ocrx_word' id='word_1_913' title='bbox 2591 5467 2680 5539; x_wconf 73' lang='lat'><strong>25.</strong></span> 
     </span>
    </p>
   </div>
   <div class='ocr_carea' id='block_1_108' title="bbox 539 5651 2036 5723">
    <p class='ocr_par' dir='ltr' id='par_1_108' title="bbox 539 5651 2036 5723">
     <span class='ocr_line' id='line_1_108' title="bbox 539 5651 2036 5723; baseline 0.004 -15"><span class='ocrx_word' id='word_1_914' title='bbox 539 5652 652 5723; x_wconf 89' lang='lat'><strong>(99)</strong></span> <span class='ocrx_word' id='word_1_915' title='bbox 701 5651 941 5723; x_wconf 68' lang='lat' dir='ltr'><strong>&#39;Opéo&#39;a</strong></span> <span class='ocrx_word' id='word_1_916' title='bbox 966 5653 1083 5722; x_wconf 79' lang='grc' dir='ltr'><strong>ἤδη</strong></span> <span class='ocrx_word' id='word_1_917' title='bbox 1126 5653 1240 5723; x_wconf 78' lang='grc' dir='ltr'><strong>τὴν</strong></span> <span class='ocrx_word' id='word_1_918' title='bbox 1280 5655 1549 5723; x_wconf 84' lang='grc' dir='ltr'>θεότητα.</span> <span class='ocrx_word' id='word_1_919' title='bbox 1597 5655 1904 5713; x_wconf 88' lang='lat' dir='ltr'><strong>Prudenter</strong></span> <span class='ocrx_word' id='word_1_920' title='bbox 1945 5657 2036 5714; x_wconf 86' lang='lat' dir='ltr'><strong>hic</strong></span> 
     </span>
    </p>
   </div>
   <div class='ocr_carea' id='block_1_109' title="bbox 461 5721 2038 5796">
    <p class='ocr_par' dir='ltr' id='par_1_109' title="bbox 461 5721 2038 5796">
     <span class='ocr_line' id='line_1_109' title="bbox 461 5721 2038 5796; baseline 0.003 -18"><span class='ocrx_word' id='word_1_921' title='bbox 461 5721 1016 5796; x_wconf 46' lang='lat' dir='ltr'><strong>locns&#39;explicandus</strong></span> <span class='ocrx_word' id='word_1_922' title='bbox 1067 5721 1336 5780; x_wconf 51' lang='lat' dir='ltr'><strong>esthon</strong></span> <span class='ocrx_word' id='word_1_923' title='bbox 1366 5721 1526 5796; x_wconf 83' lang='lat' dir='ltr'><strong>enim</strong></span> <span class='ocrx_word' id='word_1_924' title='bbox 1567 5727 1749 5783; x_wconf 86' lang='lat' dir='ltr'><strong>soluta</strong></span> <span class='ocrx_word' id='word_1_925' title='bbox 1789 5735 1872 5782; x_wconf 91' lang='lat' dir='ltr'><strong>est</strong></span> <span class='ocrx_word' id='word_1_926' title='bbox 1911 5736 2038 5796; x_wconf 93' lang='lat' dir='ltr'><strong>post</strong></span> 
     </span>
    </p>
   </div>
   <div class='ocr_carea' id='block_1_110' title="bbox 468 5793 2034 5867">
    <p class='ocr_par' dir='ltr' id='par_1_110' title="bbox 468 5793 2034 5867">
     <span class='ocr_line' id='line_1_110' title="bbox 468 5793 2034 5867; baseline 0.004 -19"><span class='ocrx_word' id='word_1_927' title='bbox 468 5801 700 5850; x_wconf 85' lang='lat' dir='ltr'><strong>mortem</strong></span> <span class='ocrx_word' id='word_1_928' title='bbox 745 5793 993 5866; x_wconf 87' lang='lat' dir='ltr'><strong>corporis</strong></span> <span class='ocrx_word' id='word_1_929' title='bbox 1032 5808 1156 5850; x_wconf 83' lang='lat' dir='ltr'><strong>cum</strong></span> <span class='ocrx_word' id='word_1_930' title='bbox 1207 5795 1492 5852; x_wconf 89' lang='lat' dir='ltr'><strong>divinitate</strong></span> <span class='ocrx_word' id='word_1_931' title='bbox 1541 5793 2034 5867; x_wconf 48' lang='lat' dir='ltr'><strong>conjunctio;_sed</strong></span> 
     </span>
    </p>
   </div>
   <div class='ocr_carea' id='block_1_111' title="bbox 2144 5654 3714 5786">
    <p class='ocr_par' dir='ltr' id='par_1_111' title="bbox 2144 5654 3714 5786">
     <span class='ocr_line' id='line_1_111' title="bbox 2144 5654 3714 5786; baseline -0.002 -74"><span class='ocrx_word' id='word_1_932' title='bbox 2144 5660 2290 5786; x_wconf 58' lang='lat' dir='ltr'><strong>quod</strong></span> <span class='ocrx_word' id='word_1_933' title='bbox 2322 5660 2756 5743; x_wconf 67' lang='lat' dir='ltr'><strong>animavitaque</strong></span> <span class='ocrx_word' id='word_1_934' title='bbox 2795 5659 3118 5714; x_wconf 85' lang='lat' dir='ltr'><strong>destitutum</strong></span> <span class='ocrx_word' id='word_1_935' title='bbox 3159 5663 3264 5737; x_wconf 77' lang='lat' dir='ltr'><strong>est,</strong></span> <span class='ocrx_word' id='word_1_936' title='bbox 3307 5655 3375 5708; x_wconf 89' lang='lat' dir='ltr'><strong>ab</strong></span> <span class='ocrx_word' id='word_1_937' title='bbox 3430 5654 3546 5725; x_wconf 81' lang='lat' dir='ltr'><strong>ipsa</strong></span> <span class='ocrx_word' id='word_1_938' title='bbox 3575 5666 3714 5724; x_wconf 81' lang='lat' dir='ltr'><strong>quo-—</strong></span> 
     </span>
     <span class='ocr_line' id='line_1_112' title="bbox 2187 5727 3425 5786; baseline -0.006 0"><span class='ocrx_word' id='word_1_939' title='bbox 2187 5731 2440 5786; x_wconf 87' lang='lat' dir='ltr'><strong>ammodo</strong></span> <span class='ocrx_word' id='word_1_940' title='bbox 2472 5731 2756 5786; x_wconf 84' lang='lat' dir='ltr'><strong>dmmtate</strong></span> <span class='ocrx_word' id='word_1_941' title='bbox 2793 5745 2994 5786; x_wconf 88' lang='lat' dir='ltr'><strong>cornus</strong></span> <span class='ocrx_word' id='word_1_942' title='bbox 3032 5734 3116 5784; x_wconf 89' lang='lat' dir='ltr'><strong>cst</strong></span> <span class='ocrx_word' id='word_1_943' title='bbox 3155 5727 3425 5782; x_wconf 77' lang='lat' dir='ltr'><strong>relictum.</strong></span> 
     </span>
    </p>
   </div>
   <div class='ocr_carea' id='block_1_112' title="bbox 2187 5727 3425 5810">
    <p class='ocr_par' dir='ltr' id='par_1_112' title="bbox 2187 5727 3425 5810">
     <span class='ocr_line' id='line_1_113' title="bbox 2187 5727 3425 5810; baseline -0.006 -24"><span class='ocrx_word' id='word_1_944' title='bbox 2187 5731 2440 5787; x_wconf 88' lang='lat' dir='ltr'><strong>ammodo</strong></span> <span class='ocrx_word' id='word_1_945' title='bbox 2472 5727 2756 5786; x_wconf 77' lang='lat' dir='ltr'><strong>divinitate</strong></span> <span class='ocrx_word' id='word_1_946' title='bbox 2788 5745 2994 5810; x_wconf 79' lang='lat' dir='ltr'><strong>corpus</strong></span> <span class='ocrx_word' id='word_1_947' title='bbox 3032 5734 3116 5784; x_wconf 89' lang='lat' dir='ltr'><strong>cst</strong></span> <span class='ocrx_word' id='word_1_948' title='bbox 3155 5727 3425 5792; x_wconf 86' lang='lat' dir='ltr'><strong>relictum.</strong></span> 
     </span>
    </p>
   </div>
  </div>
