4138 6396
463 375 566 431 507

1829 369 1886 424 S.
1933 363 2278 422 EPIPIIANH

3595 349 3600 354 '
3623 342 3727 398 508

464 511 718 568 persona,
750 495 852 548 hoc
879 503 961 547 est
983 493 1232 546 humanm
1260 501 1467 546 natura:
1491 507 1518 544 a
1538 489 1717 545 Verbo
1739 499 2007 559 susceptae
2031 508 2042 542 :

2169 484 2480 556 ιαταχθόνια
2521 483 2614 536 ἐπὶ
2655 482 2717 535 τὸ
2748 477 3088 552 ἐργάσασθαι
3120 475 3222 546 τὴν
3251 473 3366 526 ἐκεῖ
3387 469 3498 526 τῶν
3527 483 3728 542 προκε-

465 590 666 660 quipp'e
716 587 976 642 divinitas
1021 585 1204 638 omnia
1249 601 1369 655 qua:
1412 584 1478 638 ad
1529 583 1801 654 passionis
1849 590 2046 652 myste-

465 682 608 734 rium
645 679 949 735 attinebant
981 676 1243 748 perficere
1286 675 1628 738 decreverat,
1656 682 1710 728 et
1744 672 1808 726 ad
1843 672 2049 728 inferos

467 788 592 826 cum
635 773 818 826 anima
861 769 1237 836 descendere;
1294 775 1352 822 ut
1378 783 1473 824 eos
1525 770 1618 838 qui
1653 781 1810 825 antea
1845 765 2049 824 mortui

465 869 643 926 erant,
667 861 770 914 hoc
791 867 874 915 est
905 867 1127 916 sanctos
1155 859 1523 928 patriarchas,
1551 859 1606 914 in
1641 861 1878 916 salutem
1901 875 2052 915 asse-

467 961 635 1007 reret.
669 951 804 1007 Cum
843 953 1010 1022 igitur
1043 951 1145 1004 ista
1169 951 1280 1020 jam
1311 950 1672 1016 agitarentur,
1704 969 1773 1006 ex
1799 953 2055 1006 humanae

467 1057 679 1099 naturae
709 1059 942 1114 persona
974 1059 1078 1098 vox
1112 1043 1180 1098 ad
1204 1043 1553 1112 coniunctam
1582 1045 1922 1100 divinitatem
1957 1044 2052 1098 illa

472 1143 557 1188 est
597 1132 739 1187 edita
773 1152 786 1188 :
822 1133 962 1188 Deus
990 1149 1157 1198 meus,
1189 1133 1332 1187 Deus
1361 1151 1527 1200 meus,
1557 1151 1727 1206 quare
1755 1152 1840 1189 me
1862 1133 2056 1188 dereli-

472 1225 678 1292 quisti?
709 1223 824 1278 Hoc
874 1233 1056 1278 autem
1097 1223 1306 1278 idcirco
1350 1223 1465 1278 ﬁeri
1506 1223 1716 1292 debuit,
1751 1234 1810 1282 ut
1839 1225 2053 1280 divina-

473 1331 595 1368 rum
640 1316 709 1370 ab
761 1315 856 1370 illo
924 1313 1335 1386 Scripturarum
1397 1316 1757 1386 implerentur
1804 1318 2054 1381 oracula,

471 1423 593 1478 qua:
625 1407 691 1461 ab
715 1408 835 1478 ejus
857 1406 1138 1477 prophetis
1161 1405 1229 1461 de
1271 1406 1392 1476 ipso
1422 1409 1773 1476 pronuntiata
1803 1410 2052 1464 fuerant:

474 1515 582 1570 quo
607 1499 711 1554 sub
740 1499 978 1554 hominis
1010 1499 1191 1570 specie
1222 1499 1288 1554 ad
1331 1499 1536 1554 inferos
1569 1499 1908 1556 descendens
1936 1513 2058 1572 quae

477 1591 587 1646 illic
620 1599 778 1645 erant
811 1590 1063 1645 obeunda
1099 1598 1420 1662 praestaret;
1460 1602 1624 1662 atque
1649 1599 1708 1646 ut
1748 1592 1878 1646 dum
1919 1591 2057 1648 infe-

475 1694 662 1734 rorum
713 1681 990 1750 princeps,
1025 1687 1080 1734 et
1110 1695 1258 1736 mors
1288 1681 1564 1749 captivum
1611 1680 1889 1734 hominem
1921 1679 2058 1734 deti-

476 1787 608 1826 nere
640 1772 851 1834 volunt,
885 1779 938 1825 et
967 1770 1320 1840 conjunctam
1347 1787 1472 1825 cum
1505 1772 1687 1826 anima
1716 1773 2054 1827 divinitatem

2152 573 2504 644 κοιμημένων
2541 570 2840 642 σωτηρίαν,
2882 567 3015 638 φησὶ
3049 565 3107 619 δὲ
3147 563 3318 632 ἁγίων
3351 557 3725 633 πατριαρχῶν.

2164 669 2252 732 Ὠς
2282 663 2376 720 οὖν
2416 667 2450 736 ὴ
2483 665 2696 734 κίνησις
2723 661 2898 722 οὕτως
2923 660 3158 729 ἐγένετο,
3189 655 3298 710 ἀπὸ
3319 653 3608 725 προσώπου
3631 651 3730 720 τῆς

2153 760 2619 832 ἐνανθρωπήσεως
2650 757 2683 827 ἡ
2710 755 2862 826 φωνὴ
2887 753 3071 821 ἔλεγεν
3101 751 3238 820 αὐτῇ
3265 751 3332 819 τῇ
3369 746 3474 818 ἰδίᾳ
3495 745 3727 812 θεότητιο

2155 851 2262 908 Θεέ
2283 869 2426 920 μου,
2462 849 2568 904 Θεέ
2603 865 2745 918 μου,
2793 846 2895 900 ἵνα
2929 845 2986 898 τί
3023 860 3101 913 με
3136 839 3551 910 ἐγκατέλιπες
3591 833 3732 886 Ἀλλ’

2154 945 2262 998 ἔδει
2285 943 2444 998 τοῦτο
2472 940 2853 1011 γενέσθαι,,’ίνα
2883 934 3212 1008 πληρωθῶσι
3235 933 3302 986 δι’
3323 929 3488 984 αὑτοῦ
3519 931 3574 982 at
3592 927 3731 980 θεῖαι

2153 1037 2370 1110 Γραφαὶ
2401 1036 2490 1090 διὰ
2527 1033 2636 1088 τῶν
2677 1033 2820 1086 ἰδίων
2860 1029 3024 1084 αὑτοῦ
3066 1023 3358 1098 προφητῶν
3395 1022 3522 1093 περὶ
3563 1017 3734 1110 αυτοῦ

2155 1108 2674 1200 προκεκηρυγμένα·
2700 1123 2790 1176 ἵνα
2812 1119 3078 1192 πληρώσῃ
3104 1118 3198 1170 καὶ
3221 1117 3290 1168 τὰ
3319 1114 3461 1166 κατά
3487 1109 3581 1164 τοῦ
3605 1108 3736 1180 ᾅδου

2155 1220 2212 1272 ὲν
2241 1221 2308 1288 τῇ
2342 1217 2455 1288 ἰδέᾳ.
2483 1216 2575 1270 τοῦ
2609 1213 2898 1285 ἀνθρώπου
2929 1211 3064 1283 πρὸς
3089 1211 3178 1262 τὸν
3205 1206 3356 1278 ᾅδην·
3389 1205 3476 1258 ἶνα
3501 1204 3530 1254 6
3551 1202 3738 1270 ἄρχων

2157 1309 2184 1362 6
2217 1307 2372 1380 ᾅδης,
2401 1307 2494 1360 καὶ
2522 1307 2551 1358 ὁ
2577 1305 2804 1366 θάνατος
2848 1297 3217 1373 χειρώσασθαι
3264 1295 3548 1367 ἄνθρωπον
3581 1291 3740 1362 θελή-

2159 1417 2278 1463 σας,
2315 1397 2456 1452 κατά
2500 1399 2717 1466 ἄγνοιαν
2745 1394 2952 1464 ἀγνοῶν
2977 1393 3074 1464 τὴν
3115 1395 3172 1444 ἐν
3213 1392 3280 1460 τῇ
3323 1389 3468 1458 ψυχῇ
3501 1388 3568 1458 τῇ
3607 1385 3740 1454 ἁγίᾳ

2159 1492 2374 1562 θεότητι
2397 1491 2442 1554 ⁸,
2475 1490 2568 1542 καὶ
2591 1487 2792 1558 μᾶλλον
2821 1486 2979 1539 αὑτὸν
3001 1483 3092 1536 τὸν
3115 1482 3248 1553 ᾅδην
3272 1479 3618 1551 χειρωθῆναι,
3648 1475 3744 1530 καὶ

2158 1583 2248 1636 τὸν
2282 1583 2509 1636 θάνατον
2551 1579 2940 1650 καταλυθῆναι,
2979 1577 3073 1630 καὶ
3107 1571 3456 1644 πληρωθῆναι
3489 1570 3550 1622 τὺ
3587 1570 3740 1638 εἰρη-

2163 1675 2342 1744 μένον·
2375 1674 2498 1726 Οὺκ
2524 1669 2728 1734 ἐάσεις
2755 1668 2869 1737 τὴν
2897 1665 3111 1735 ψυχήν
3131 1680 3248 1732 μου
3273 1662 3361 1724 είς
3393 1659 3566 1726 ᾅδην,
3599 1654 3745 1744 οὐδὲ

2161 1743 2374 1828 δώσεις
2405 1761 2512 1814 τὸν
2533 1761 2737 1814 Ὅσιόν
2755 1774 2872 1812 σου
2913 1754 3060 1809 ίδεῖν
3091 1749 3436 1820 διαφθοράν.
3467 1745 3604 1799 Οὔτε
3633 1743 3746 1813 γὰρ

480 1865 769 1934 ignorant,
819 1871 933 1915 tum
983 1838 1086 1932 ipsi
1145 1863 1329 1931 potius
1391 1861 1552 1918 inferi
1596 1872 1943 1934 caperentur,
1999 1877 2064 1916 ac

2175 1853 2465 1908 κατέλιπεν
2487 1856 2515 1906 6
2538 1853 2690 1922 ἅγιος
2707 1849 2839 1913 Θεὸς
2855 1848 3022 1916 Λόγος
3043 1845 3140 1916 τὴν
3172 1843 3369 1913 ψυχὴν,
3395 1838 3517 1892 οὕτε
3545 1839 3744 1934 ἐγκατῖ

482 1955 676 2010 mortis
707 1954 1021 2009 dominatus
1047 1963 1410 2020 everteretur,
1457 1963 1512 2012 et
1556 1955 1879 2026 impleretur
1918 1955 2064 2025 quod

483 2047 749 2116 scriptum
791 2053 907 2100 est:
943 2044 1065 2099 Non
1114 2046 1375 2117 relinques
1405 2047 1642 2100 animum
1683 2063 1852 2100 meam
1883 2049 1940 2100 in
1978 2047 2064 2100 in-

483 2137 666 2206 ferno;
709 2153 801 2190 nec
853 2135 1004 2189 dabis
1047 2135 1302 2190 Sanctum
1353 2147 1500 2190 tuum
1541 2136 1714 2190 videre
1757 2137 2058 2204 corruptio-

485 2231 660 2283 nem‘.
713 2227 848 2282 Nam
898 2243 1072 2297 neque
1108 2227 1198 2283 Dei
1241 2227 1484 2284 Verbum
1522 2231 1760 2282 animam
1795 2227 2063 2292 destituit,

485 2337 586 2375 nec
619 2321 766 2375 illius
802 2322 981 2376 anima
1015 2319 1160 2390 apud
1189 2319 1396 2374 inferos
1432 2327 1515 2374 est
1552 2319 1763 2372 relicta.
1796 2319 2066 2373 Caeterum

487 2413 602 2467 limc
624 2412 830 2476 omnia,
877 2428 999 2482 quae
1045 2411 1110 2464 ad
1159 2412 1352 2480 ingens
1407 2409 1543 2462 illud
1589 2409 1907 2478 mysterium
1943 2423 2063 2477 δρο-

487 2507 660 2568 ctant,
703 2508 1059 2556 sacrosancta
1113 2499 1360 2556 Trinitas
1409 2500 1667 2553 universa
1719 2498 1908 2552 molita
1959 2505 2066 2560 est,

489 2587 669 2656 Pater,
716 2599 771 2645 et
816 2589 1006 2657 Filius,
1064 2601 1118 2645 et
1169 2588 1410 2660 Spiritus
1461 2601 1706 2644 sanctus.
1749 2587 1828 2641 Ex
1865 2589 2067 2657 quibus

2162 1947 2446 2018 ελείφθηή
2480 1945 2630 2016 ψυχὴ
2663 1942 2829 1998 αὑτοῦ
2865 1941 2922 1993 ἐν
2952 1939 3074 2011 ᾅδῃ.
3106 1936 3292 1990 Πάντα
3339 1933 3448 2002 γὰρ
3477 1927 3749 2018 οἰκονομεῖ

2162 2041 2232 2096 τὰ
2272 2017 2382 2110 τῆς
2436 2017 2691 2107 τοιαύτης
2753 2033 2996 2107 μεγάλης
3059 2025 3450 2100 μυσταγωγίας
3491 2023 3530 2092 ἡ
3578 2017 3750 2090 Τριὰς

2162 2131 2609 2202 ἀπαραλείπτως,
2653 2131 2680 2182 ὁ
2725 2126 2936 2198 Πατὴρ,
2987 2125 3074 2176 καὶ
3113 2123 3142 2174 6
3171 2120 3318 2183 Υἱὸς,
3364 2116 3457 2169 καὶ
3500 2114 3560 2166 τὸ
3597 2113 3751 2179 ἅγιον

2165 2221 2409 2292 Πνεῦμα,
2459 2221 2552 2275 τοῦ
2601 2223 2696 2291 μὲν
2756 2216 2887 2270 Υἱοῦ
2943 2215 3234 2284 ὲνσὰρκου,
3287 2207 3382 2262 τοῦ
3427 2206 3485 2260 δὲ
3537 2203 3751 2272 [ἰατρὸς

2165 2313 2460 2384 ἀσωμάτου
2501 2311 2858 2379 ὑπάρχοντος,
2891 2305 3108 2374 εὐδοκία
3139 2301 3194 2354 δὲ
3229 2299 3336 2370 ἰδίᾳ
3369 2297 3462 2350 καὶ
3499 2293 3754 2364 βουλήσει

2168 2379 2485 2473 Πνευματος
2515 2401 2680 2468 ἁγίου.
2709 2398 2802 2452 τοῦ
2833 2396 3150 2466 ἀσωμάτου,
3181 2391 3312 2446 Υίοῦ
3343 2388 3401 2441 δὲ
3433 2379 3753 2454 ὲνσωμὰτου

2165 2495 2483 2566 γενομένου,
2511 2492 2648 2546 ἀλλὰ
2677 2490 2968 2561 ἁτρέπτου.
3007 2486 3088 2538 Τὰ
3119 2483 3175 2536 δὲ
3203 2482 3303 2536 ὅλα
3331 2479 3437 2534 ἀπὸ
3461 2477 3560 2546 τῆς
3585 2476 3754 2546 Τρια-

2165 2588 2251 2651 δος
2279 2588 2612 2658 ᾠκονομεῖτο
2639 2584 2882 2654 σωτήρια
2905 2583 3018 2642 τοῖς
3045 2575 3370 2648 ἀνθρώποις.

489 2679 659 2740 l‘ilius
696 2699 861 2738 carne
913 2683 1198 2756 praeditus,
1237 2679 1397 2736 Pater
1421 2682 1670 2752 corporis
1701 2696 1933 2752 expers;
1973 2679 2145 2736 Filius
2173 2695 2305 2735 vero
2330 2687 2526 2750 sponte
2590 2691 2708 2740 sua,
2739 2691 2806 2730 ae
2857 2673 2926 2728 de
2979 2671 3156 2726 sancti
3219 2661 3474 2737 Spiritus
3519 2664 3758 2719 carentis

489 2793 718 2848 corpore
759 2777 1034 2832 voluntate
1080 2793 1284 2848 corpus
1330 2776 1536 2842 induit;
1583 2775 1745 2846 790
1792 2775 1864 2828 ita
1933 2783 2118 2829 tamen
2189 2785 2248 2830 ut
2317 2772 2656 2828 immutabile
2723 2773 3092 2842 permaneret.
3163 2761 3341 2830 Atque
3399 2757 3514 2812 haec
3572 2757 3756 2810 omnia

490 2851 680 2927 sancta
709 2871 949 2928 Trinitas
988 2873 1056 2926 ad
1096 2871 1320 2926 humani
1371 2873 1602 2926 salutem
1637 2870 1852 2940 generis
1886 2868 2314 2926 administravit.

560 2965 746 3022 LXIII.
787 2967 1056 3032 Quocirca
1101 2982 1224 3022 cum
1274 2969 1502 3022 dixisset
1536 2985 1548 3021 :
1579 2965 1758 3032 Quare
1795 2981 1877 3018 me
1923 2971 2068 3018 dere-

492 3055 736 3126 ﬁquisti?
776 3055 946 3111 sicin
975 3057 1082 3110 alio
1133 3057 1252 3111 loco
1307 3055 1481 3110 dixit:
1530 3052 1657 3108 Non
1709 3065 1758 3107 te
1807 3055 2066 3118 deseram,

489 3163 654 3218 neque
705 3156 752 3202 te
809 3147 1173 3220 derelinquant
1211 3151 1256 3202 '.
1297 3147 1512 3202 Etenim
1566 3147 1750 3201 triduo
1784 3161 1986 3216 corpus
2014 3147 2068 3200 in

493 3240 748 3310 sepulcro
782 3243 966 3310 jacere
994 3240 1202 3304 debuit,
1247 3247 1304 3294 ut
1335 3241 1468 3294 illud
1519 3239 1838 3293 vaticinium
1885 3237 2079 3307 imple-

491 3342 643 3386 retur
672 3351 684 3384 :
727 3329 792 3385 Et
815 3333 988 3401 [actus
1018 3349 1134 3386 sum
1162 3333 1298 3386 inter
1325 3341 1558 3386 mortuos
1581 3329 1786 3396 liber“;
1814 3336 1902 3383 et:
1942 3327 2078 3381 Pro-

491 3424 732 3494 iecerunt
789 3440 870 3480 me
917 3423 1168 3478 dilectum
1211 3433 1464 3493 tauquam
1501 3421 1726 3476 cadaver
1765 3420 2080 3474 abominan-

495 3515 620 3569 dum
642 3515 683 3567 ⁵.
717 3513 852 3568 Tum
882 3513 1052 3568 illud:
1091 3511 1214 3567 Non
1247 3513 1404 3566 dabis
1435 3511 1694 3566 Sanctum
1733 3520 1879 3563 tuum
1912 3507 2082 3562 videre

497 3607 884 3675 corruptionem
905 3605 924 3637 ⁵
957 3622 971 3672 ;
1003 3614 1063 3660 ut
1111 3604 1215 3659 sub
1244 3605 1418 3659 sancti
1465 3603 1708 3666 nomine,
1749 3615 1952 3670 corpus
1988 3614 2081 3654 ex—

498 3700 720 3769 primat,
749 3699 1099 3766 animamque
1127 3697 1324 3752 doceat
1349 3713 1418 3752 ne
1445 3696 1590 3766 apud
1621 3694 1828 3750 inferos
1863 3693 2082 3763 quidem

500 3793 840 3856 destitutam,
874 3793 930 3844 in
965 3805 1090 3860 qua,
1136 3805 1262 3844 cum
1307 3789 1362 3843 in
1413 3789 1508 3842 illo
1557 3788 1675 3841 loco
1723 3785 2080 3848 detineretur,

501 3883 600 3938 Dei
647 3881 888 3938 Verbum
935 3883 1132 3946 inerat,
1179 3889 1238 3934 ut
1276 3879 1420 3950 quod
1470 3878 1540 3932 ab
1583 3877 1846 3947 apostolis
1875 3875 2084 3930 dictum

503 3983 588 4030 est
636 3975 815 4044 reipsa
849 3973 1250 4043 perﬁceretur:
1284 3969 1618 4040 meassibile
1641 3970 1782 4023 enim
1803 3979 1918 4022 erat
1951 3967 2087 4020 deti-

504 4067 620 4121 neri
645 4068 800 4120 illum
831 4065 894 4120 ab
923 4065 1108 4134 inferis
1136 4065 1179 4120 ⁸.
1233 4062 1376 4130 Quid
1419 4068 1506 4117 est
1551 4061 1698 4131 quod
1751 4057 2088 4129 impossibile

507 4162 676 4216 fuisse
727 4169 936 4222 narrat,
990 4160 1096 4214 nisi
1141 4158 1286 4229 quod
1327 4165 1382 4214 et
1425 4172 1576 4212 mors
1633 4163 1688 4210 et
1732 4153 1892 4208 inferi
1940 4152 2088 4205 illius

506 4253 744 4306 animam
773 4251 1020 4306 detinere
1062 4240 1368 4312 studerent,
1413 4247 1530 4302 ﬁeri
1569 4254 1753 4300 tamen
1787 4245 1858 4298 ob
1889 4243 2090 4298 divini-

507 4351 674 4398 tatem
698 4358 809 4396 non
844 4343 1043 4412 potuit,
1073 4348 1134 4396 ut
1157 4340 1226 4396 ab
1255 4340 1364 4394 illis
1391 4335 1778 4394 coerceretur?
1810 4333 1932 4389 .Iam
1962 4349 2090 4388 vero

507 4437 555 4491 si
579 4435 649 4488 ob
680 4435 1017 4489 divinitatem
1049 4433 1222 4502 ipsam
1252 4430 1522 4486 contineri
1547 4429 1728 4482 anima
1755 4443 1863 4482 non
1894 4426 2088 4496 p0tuit,

2247 2964 2363 3020 ΞΡ.
2398 2963 2498 3018 Διά
2517 2961 2676 3018 τοῦτο
2701 2958 2865 3014 πάλιν
2879 2959 2938 3010 ὲν
2957 2955 3129 3028 ἑτέρῳ
3149 2951 3336 3023 φησὶν,
3367 2945 3558 3016 ἐπειδὴ
3581 2940 3756 2997 εἷπενο

2178 3059 2302 3113 Ἵνα
2325 3059 2381 3111 τι
2403 3053 2787 3127 ἐγκατέλιπές
2804 3067 2918 3122 με;
2945 3043 3048 3101 ὧδε
3083 3047 3252 3116 λέγει·
3284 3045 3365 3096 Οὐ
3385 3041 3470 3112 μή
3505 3055 3580 3094 σε
3613 3037 3758 3101 ἀνῶ,

2103 3194 2146 3251 c
2179 3150 2305 3203 οὐδ’
2339 3151 2412 3203 οὐ
2435 3147 2520 3218 μή
2547 3163 2621 3200 σε
2643 3142 3073 3246 ἐγκαταλείπω.
3105 3139 3256 3251 ’ἔδει
3280 3135 3390 3251 γὰρ
3417 3132 3669 3251 γὶεέέσθαῖι
3695 3129 3762 3182 τὸ

2179 3243 2374 3314 τριήμε
2384 3258 2473 3312 ρον
2503 3239 2660 3308 σῶμα
2686 3238 2744 3290 ὲν
2758 3234 2835 3306 τῷ
2855 3235 3118 3306 μνήματι,
3137 3230 3224 3282 ἶνα
3245 3225 3502 3299 πληρωθῇ
3521 3223 3581 3276 τὸ
3609 3225 3760 3294 εἰρη-

2185 3333 2363 3404 μένον·
2411 3331 2520 3384 Καὶ
2553 3330 2848 3399 ἐγενόμην
2891 3325 2959 3378 ἐν
3006 3321 3240 3390 νεκροῖς
3277 3319 3611 3384 ἐλεύθερος·
3648 3315 3762 3404 καὶ,

2195 3421 2558 3491 Ἀπέῤῥιψάν
2578 3437 2654 3488 με
2683 3419 2791 3472 τὸν
2827 3413 3155 3484 ἀγαπητὸν,
3184 3411 3326 3464 ὡσεὶ
3357 3409 3574 3475 νεκρὸν
3603 3403 3760 3459 ἐϐδε-

2181 3510 2502 3581 λυτμέιοον.
2522 3509 2632 3562 Καὶ
2661 3509 2748 3561 ἵνα
2764 3505 3046 3576 πληρωθῇ,
3069 3505 3152 3556 Οὐ
3181 3501 3395 3566 δώσεις
3423 3497 3530 3551 τὸν
3562 3495 3768 3548 Ὄσιόν

2183 3619 2299 3657 σου
2346 3601 2494 3666 ιδεῖν
2528 3597 2877 3668 διαφθοράν
2933 3596 3022 3649 ἵνα
3067 3595 3216 3666 δείξῃ
3259 3591 3320 3644 τὸ
3351 3592 3496 3644 ὅσιον
3537 3587 3626 3640 διὰ
3670 3585 3765 3638 τοῦ

2187 3697 2457 3766 σώματος,
2491 3695 2583 3748 καὶ
2605 3695 2692 3747 ἵνα
2712 3691 2860 3762 δείξῃ
2887 3692 3026 3761 μήτε
3045 3688 3222 3759 ψυχὴν
3252 3680 3767 3754 ἐγκαταλειφθεῖσαν

2185 3789 2244 3840 ἐν
2272 3785 2393 3859 ᾄδῃ.
2436 3785 2524 3838 Ἐν
2561 3784 2700 3854 αὐτῇ
2731 3781 2840 3852 γὰρ
2866 3779 2954 3833 διά
2985 3778 3084 3849 τῆς
3113 3775 3438 3844 κατακωχῆς
3471 3773 3529 3824 ἐν
3561 3769 3638 3840 τῷ
3666 3767 3769 3859 ᾂδη

2184 3874 2252 3949 ἦν
2277 3881 2305 3930 6
2326 3858 2458 3939 Θεὸς
2479 3876 2668 3942 Λόγος,
2691 3874 2778 3926 ἵνα
2807 3871 2911 3942 πλη
2922 3867 3067 3941 ρώσῃ
3093 3867 3153 3920 τὸ
3178 3863 3466 3937 εἰρημένον
3488 3861 3638 3930 παρά
3659 3858 3768 3912 τῶν

2187 3965 2518 4022 ἀποστόλων·
2581 3963 2908 4016 Ἀδύνατον
2947 3959 3058 4029 γὰρ
3083 3954 3162 4028 ἦν
3201 3953 3545 4024 κρατεῖσθαι
3581 3949 3771 4004 αὐτὸν

2188 4059 2306 4113 ὑπὸ
2345 4055 2454 4111 τοῦ
2495 4055 2662 4122 ᾅδου.
2703 4054 2814 4106 Καὶ
2845 4052 2990 4114 τίνος
3021 4050 3184 4102 ἕνεκα
3215 4047 3276 4099 τὸ
3309 4045 3569 4098 ἀδύνατον
3597 4042 3768 4110 λέγει,

2190 4149 2304 4202 ἀλλ’
2351 4148 2432 4200 ὅτι
2465 4145 2691 4200 ἔσπευδε
2731 4144 2826 4214 μὲν
2861 4145 2888 4196 ὁ
2927 4142 3158 4203 θάνατος
3209 4139 3302 4190 καὶ
3339 4137 3367 4188 6
3416 4135 3547 4206 ᾅδης
3597 4147 3764 4186 κατα-

2193 4243 2340 4312 σχεῖν
2373 4239 2572 4310 ψυχὴν,
2609 4237 2869 4290 ἀδύνατον
2899 4235 2956 4287 δὲ
2988 4229 3056 4304 ἦν
3085 4232 3182 4301 τὴν
3201 4229 3379 4300 ψυχὴν
3407 4224 3572 4280 αὑτοῦ
3601 4241 3774 4278 κατα-

2193 4333 2449 4404 σχεθῆναι
2487 4331 2574 4383 διὰ
2611 4330 2708 4400 τὴν
2738 4327 2965 4395 θεότητα
2984 4341 2999 4387 ;
3036 4324 3098 4376 Et
3131 4322 3188 4374 δὲ
3219 4319 3476 4372 ἀδύνατον
3503 4313 3570 4387 ἦν
3603 4331 3772 4369 κατα-

2195 4424 2451 4494 σχεθῆναι
2480 4421 2568 4474 διὰ.
2597 4422 2696 4490 τὴν
2723 4417 2972 4488 θεότητα,
2999 4414 3116 4477 πῶς
3137 4413 3248 4484 ἄρα
3271 4413 3336 4463 ἐκ
3360 4407 3652 4480 προσώπου
3672 4409 3770 4476 τῆς

507 4526 732 4596 quinam
767 4541 831 4580 ex
865 4498 1098 4594 persona
1121 4523 1425 4578 divinitatis
1457 4528 1778 4590 usurpatum
1807 4517 1942 4572 illud
1965 4526 2044 4572 est

2193 4515 2357 4569 αὑτοῦ
2406 4515 2656 4582 θεότητος
2700 4510 2930 4580 ἠδύνατο
2975 4506 3205 4578 ῥηθῆναι
3236 4505 3318 4568 τὸ,
3351 4500 3456 4555 Θεέ
3489 4517 3632 4570 μου,
3668 4498 3775 4551 Θεέ

508 4589 650 4674 beas
675 4635 838 4684 meus,
865 4589 1003 4671 beas
1025 4632 1186 4680 meus,
1211 4631 1376 4685 quare
1401 4631 1480 4668 me
1501 4589 1826 4682 dereliquisti
1844 4613 1870 4666 7
1901 4609 2064 4665 Resta

2191 4625 2334 4677 μου,
2365 4606 2469 4658 ἵνα
2483 4604 2540 4657 τί
2567 4599 2953 4671 ἐγκατέλιπές
2981 4614 3094 4667 με;
3135 4595 3272 4648 Ἀλλ’
3311 4589 3465 4656 οὗτος
3499 4594 3564 4644 ὲκ
3601 4607 3774 4662 προσ-

507 4712 673 4782 igitur
697 4721 838 4766 utex
863 4709 1114 4762 humana:
1134 4717 1341 4762 naturae
1364 4721 1600 4776 persona
1642 4715 1696 4759 et
1727 4702 1924 4758 aﬂ'ectu
1959 4717 2067 4772 quo

2197 4698 2346 4751 ώπου
2413 4695 2512 4765 τῆς
2573 4691 2738 4746 αὑτοῦ
2798 4690 3260 4760 ὲνανθρωπήσεως
3327 4680 3774 4753 ἀνθρωποπαθῶς

508 4806 636 4862 dam
673 4805 916 4860 humano
943 4801 1150 4856 dictum
1179 4799 1310 4854 illud
1340 4797 1610 4861 videatur,
1647 4805 1706 4850 ut
1744 4770 2067 4848 incarnatio'

2197 4791 2472 4846 ἐδείκνυτο
2502 4791 2528 4842 6
2566 4788 2742 4856 λόγος,
2789 4785 2877 4837 ἵνα
2921 4783 3180 4854 μάθωμεν
3214 4775 3481 4848 ἀληθινῶς
3515 4770 3774 4844 εἶναιτὴν

509 4913 636 4953 nem
667 4910 782 4950 non
815 4897 998 4963 specie
1021 4891 1288 4946 duntaxat
1317 4889 1726 4952 adumbratam,
1777 4885 1870 4942 sed
1905 4885 2067 4953 reips:

2197 4883 2460 4954 ένσαρκον
2490 4880 2816 4951 παρουσίαν,
2847 4877 2942 4928 καὶ
2963 4874 3022 4926 οὐ
3049 4873 3267 4941 δοκήσει
3290 4869 3322 4942 ἢ
3345 4867 3617 4939 φαντασίᾳ
3644 4863 3776 4935 παρ’

509 5003 750 5056 vereque
799 4986 1240 5042 administratam
1289 4981 1472 5038 fuisse
1519 4981 1817 5037 discamus.
1881 4977 2067 5047 Ecquit

2195 4973 2358 5027 αὐτοῦ
2382 4968 2850 5040 οίκονομηθεῖσαν.
2896 4963 3122 5032 Ἀνέστη
3151 4963 3208 5014 δὲ
3239 4961 3345 5012 ἀπὸ
3367 4959 3469 5028 τῆς
3497 4958 3602 5028 γῆς
3625 4959 3774 5008 ποῖον

511 5095 696 5152 porro,
747 5089 950 5149 praeter
969 5078 1022 5132 id
1053 5075 1201 5146 quod
1236 5091 1434 5130 somno
1463 5074 1658 5129 mortis
1693 5072 1936 5141 sopitum
1975 5069 2067 5124 fue

2194 5064 2309 5120 ἀλλ’
2337 5063 2372 5134 ἢ
2397 5061 2460 5114 τὸ
2485 5057 2776 5130 κοιμηθέν;
2817 5053 3058 5121 Ἀνέστη
3096 5053 3227 5122 γὰρ,
3255 5050 3440 5121 φησὶν,
3468 5051 3579 5102 οὐκ
3604 5049 3779 5102 ἐστιν

511 5151 620 5239 rnt,
645 5187 675 5227 e
706 5179 854 5226 terra
887 5169 1166 5226 surrexit?
1195 5165 1440 5222 Surrexit
1462 5165 1634 5230 enim,
1655 5161 1856 5233 inquit,
1885 5177 1990 5215 non
2013 5167 2094 5213 est
2191 5151 2330 5212 ὦδε.
3789 5227 3816 5282 Ψ

512 5265 598 5318 hic
612 5264 654 5317 ".

583 5353 768 5408 LXIV.
805 5351 1077 5419 Quidnam
1109 5349 1242 5406 illud
1267 5349 1576 5406 surrexisse
1602 5346 1804 5402 dicitur
1841 5343 1949 5400 nisi
1971 5359 2067 5398 cor

2272 5336 2386 5392 ΞΔ’.
2403 5335 2470 5390 Τί
2487 5333 2542 5388 δὲ
2569 5331 2630 5386 τὸ
2652 5329 2888 5385 ἀναστὰν
2919 5325 3033 5382 ἀλλ’
3059 5325 3091 5395 ἢ
3122 5325 3182 5377 τὸ
3205 5323 3391 5394 σῶμα;
3419 5319 3779 5390 Σῶμαδὲᾶρα

516 5459 642 5515 pus,
663 5453 719 5500 et
748 5409 966 5514 quidem
988 5443 1124 5498 illud
1143 5443 1324 5512 ipsum
1341 5455 1564 5510 corpus,
1589 5437 1734 5508 quod
1759 5437 1815 5491 in
1845 5435 2067 5508 sepulcri

2199 5430 2262 5484 τὸ
2292 5431 2350 5481 ὲν
2375 5427 2453 5498 τῷ
2487 5425 2748 5495 μνήματι,
2778 5421 2872 5475 καὶ
2892 5421 2927 5490 ἠ
2965 5417 3110 5488 ψυχὴ
3139 5415 3196 5468 δὲ
3224 5411 3521 5483 συνανῆλθε
3552 5411 3632 5482 τῷ
3661 5409 3780 5480 Θεῷ

517 5503 731 5606 Ξειουὶιῖ
765 5503 988 5590 Ἀιιίιηε
1041 5503 1206 5606 porro
1252 5550 1377 5589 cum
1430 5503 1620 5587 divino
1664 5529 1845 5584 Verbo
1891 5503 2065 5599 parite

2203 5521 2380 5592 Λόγῳ.
2421 5518 2532 5572 Καὶ
2566 5515 2725 5569 πάλιν
2765 5514 2858 5566 ἐπὶ
2887 5511 2946 5564 τὸ
2975 5507 3110 5562 αὐτὸ
3155 5506 3392 5576 ἐπλήρου
3431 5503 3530 5574 τὴν
3565 5503 3778 5556 τελείαν

595 5690 612 5720 ⁸
645 5689 792 5760 Psal.
819 5707 911 5747 xv.
945 5689 1050 5760 101;
1085 5691 1206 5760 Aet.
1242 5704 1304 5751 ιι,
1334 5687 1427 5760 9.7:
1448 5757 1460 5760 _
1504 5689 1524 5718 ²
1555 5675 1742 5760 195;},
1771 5684 1839 5750 5;
1865 5681 2028 5760 llebr.
2069 5695 2192 5760 χιιι,
2219 5679 2272 5732 5.
2336 5677 2370 5760 ,ξ
2399 5675 2544 5760 Psal.
2575 5664 3123 5760 LXX}V;|I,H(i-.0”:!-Sg-
3153 5679 3266 5728 xw,
3298 5662 3380 5720 l9.
3456 5663 3478 5694 ⁸
3507 5659 3654 5714 Pi!an
3682 5673 3775 5724 ιν,

528 5757 600 5814 to
619 5737 792 5826 (Et.
820 5737 880 5831 ὗ,
896 5737 1050 5816 '23:"
1085 5737 1488 5826 TKétZ'iﬂ'ét.
1558 5737 1573 5740 ⁷
1589 5737 1956 5819 funes"...
1979 5751 2036 5806 6.

2169 5737 2298 5817 [σε.
2335 5745 2586 5813 θεότητα,
2610 5742 2706 5798 sed
2739 5741 2890 5798 dccst
2909 5737 3136 5807 aliquid.
