4138 6396
424 365 531 424 509

426 572 505 644 τῷ
539 570 690 642 αύτῷ
718 572 861 644 ἁγίῳ
896 572 1130 644 σώματι,
1166 573 1475 635 συνενώσας
1505 573 1689 626 λοιπὸν
1718 574 1817 645 τὴν
1842 574 2020 626 πᾶσαν

426 665 742 735 οἰκονομίαν
787 666 868 729 εἰς
916 665 1047 736 μίαν
1084 664 1279 719 ἕνωσιν
1322 665 1723 736 πνευματικὴν,
1768 667 1849 729 είς
1893 665 2021 736 μίαν

426 757 621 809 ἕνωσιν
638 755 911 829 θεότητος,
940 760 1021 816 είς
1039 758 1169 829 μίαν
1194 758 1529 828 οἰκονομίαν,
1556 759 1636 822 εἰς
1663 756 1789 828 μίαν
1817 758 2019 811 τελειό-

426 865 587 919 τητα·
632 849 709 913 ὡς
756 849 905 919 λέγει
948 849 1006 903 ὲν
1065 849 1142 920 τῷ
1182 849 1269 920 μβ⁹
1316 849 1539 922 ψαλμῷ
1566 851 1785 918 Κύριος
1821 851 2021 905 ἐϐασί-

426 945 672 1005 λευσεν,
700 941 1062 1012 εὐπρέπειαν
1090 942 1443 998 ἐνεδύσατσ
1468 943 1557 997 ἴνα
1607 942 1756 1015 δείξῃ
1782 938 1881 1014 τὴν
1906 943 2022 996 εἷσ-

429 1033 549 1088 οδον
580 1032 676 1088 τοῦ
706 1033 843 1089 Θεοῦ
873 1035 1047 1105 Λόγου
1086 1034 1195 1090 ἀπὸ
1227 1036 1336 1090 τῶν
1366 1034 1707 1106 ἐπουρανίων
1733 1037 1811 1100 εἰς
1828 1035 1916 1088 τὸν
1932 1035 2023 1088 κό-

433 1143 568 1196 σμον
607 1126 933 1198 ἐνδυομένην
978 1126 1336 1198 εὐπρέπειαν,
1380 1126 1629 1195 τουτέστι
1671 1127 1771 1198 τὴν
1821 1128 2021 1199 σάρκα,

427 1219 529 1289 τὴν
557 1218 665 1271 ἀπὸ
698 1219 979 1291 Παρθένου
1010 1219 1439 1292 γεγεννημένην.
1472 1218 1692 1291 Ἐπειδὴ
1712 1218 1821 1292 γὰρ
1848 1218 2023 1272 ἐδόκει

429 1309 656 1380 εὐτελής
683 1327 769 1373 τις
793 1312 908 1373 τοῖς
936 1310 1135 1381 ὁρῶσιν
1157 1310 1429 1372 ἀπίστοις,
1459 1308 1608 1379 αύτῷ
1636 1326 1693 1362 τε
1724 1308 2025 1379 εὐπρέπεια

428 1398 778 1471 λογιζομένη,
825 1399 915 1453 ἵνα
955 1399 1105 1473 δείξῃ
1138 1399 1198 1452 rb
1237 1398 1403 1454 αὐτοῦ
1438 1399 1658 1473 ἰσχυρὸν
1697 1399 1789 1453 διὰ
1817 1402 1915 1471 τῆς
1940 1399 2027 1453 δο-

430 1488 637 1560 κούσης
663 1489 949 1555 ἀσθενείας
972 1491 1074 1560 τῆς
1096 1491 1322 1560 σαρκὸς,
1357 1490 1669 1565 καταργοῦν
1692 1491 1784 1544 τὸν
1805 1490 1866 1544 τὸ
1889 1491 2026 1562 κρά-

430 1597 523 1645 τος
555 1580 748 1653 ἔχοντα
781 1582 880 1652 τῆς
915 1582 1227 1654 ἁμαρτίας¹
1259 1580 1479 1655 [λύσας]
1520 1583 1771 1636 τουτέστι
1806 1582 1896 1636 τὸν
1928 1581 2025 1635 θά-

430 1691 614 1738 νατον,
657 1674 755 1746 τὴν
807 1676 989 1729 πᾶσαν
1038 1675 1351 1745 οἰκονομίαν
1401 1676 1502 1747 τῆς
1548 1675 1823 1748 σωτηρίας
1869 1675 2027 1746 ἡμῶν

432 1765 726 1838 εὐπρεπῶς
772 1767 1028 1837 ποιήσας,
1078 1767 1177 1821 καὶ
1218 1766 1318 1839 τὴν
1362 1766 1568 1839 φθοράν
1596 1766 1884 1835 ἀφανίσας,
1932 1767 2027 1821 καὶ

1119 368 1489 425 ADVERSUS
1528 369 1872 425 HrIZRESES
1905 370 2033 425 LIB.
2077 371 2145 428 ll.
2183 369 2347 425 'I'OM.
2384 371 2449 428 ll.
2489 403 2559 414 -
2597 371 2873 427 ΗᾸΞΒΕΞ.
2914 369 3097 428 LXIX.

328 500 333 506 '
427 483 722 536 ἀνάστασιν
750 480 810 535 ὲν
935 481 1074 554 αὐτῇ
1110 481 1349 554 θεότητι,
1384 485 1443 536 ὲν
1478 487 1543 555 τῇ
1588 485 1727 554 αύτῇ
1768 484 1937 554 ψυχῇ,
1965 487 2023 539 ὲν

2134 486 2196 541 ab
2234 486 2425 543 inferis
2465 487 2710 543 emersit.
2754 483 3068 542 Secundum
3113 500 3237 558 qua:
3283 486 3617 542 consociatis
3646 488 3701 543 in

3595 372 3705 433 310

2128 594 2297 632 unum
2349 579 2626 642 omnibus,
2680 577 2980 650 perfectam
3024 577 3273 635 numeris
3316 578 3571 634 omnibus
3619 595 3705 633 re-

2128 674 2527 730 surrectionem
2578 673 2852 744 implevit,
2894 671 3085 729 eadem
3142 671 3453 737 divinitate,
3511 673 3702 727 eadem

2127 760 2327 825 anima,
2356 761 2661 833 eodemque
2686 760 3040 818 sanctissimo
3070 776 3301 832 corpore
3328 769 3702 827 constantem;

2127 862 2181 908 et
2227 859 2404 908 totum
2459 853 2597 908 illud
2642 852 3043 910 incarnationis
3091 837 3413 926 mysterium
3444 854 3500 908 in
3541 870 3703 908 unam

2129 942 2433 1014 spiritalem
2480 944 2948 1016 conjunctionem,
2993 954 3048 1000 et
3094 946 3148 1001 in
3196 961 3360 1001 unam
3407 947 3708 1001 divinitatis

2129 1034 2578 1105 copulationem,
2626 1046 2791 1107 atque
2851 1038 2906 1094 in
2954 1053 3120 1094 unam
3179 1037 3705 1094 administrationem

2131 1124 2634 1198 perfectionemque
2660 1126 2940 1182 conflavit.
2975 1127 3097 1196 Quo
3128 1127 3261 1183 illud
3296 1143 3326 1183 e
3365 1128 3573 1197 psalmo
3600 1142 3706 1184 xcn

2131 1221 2409 1289 pertinet:
2446 1220 2702 1276 Dominus
2761 1224 3018 1293 regnavit,
3063 1222 3301 1277 decorem
3354 1221 3569 1275 indutus
3592 1230 3708 1287 est;

2132 1323 2190 1366 ut
2220 1313 2388 1367 divini
2415 1310 2577 1367 Verbi
2610 1313 2664 1366 in
2692 1321 2870 1367 terras
2897 1313 3209 1385 ingressum
3244 1328 3275 1366 e
3302 1313 3444 1368 coelo
3469 1311 3707 1383 quodam

2130 1413 2388 1459 ornatum
2436 1404 2636 1461 decore
2681 1403 3040 1475 signiﬁcaret,
3087 1405 3193 1460 hoc
3237 1411 3323 1461 est
3370 1419 3589 1459 carnem
3642 1404 3710 1460 de

2131 1495 2302 1552 Maria
2333 1496 2557 1568 Virgine
2579 1482 2917 1570 susceptam.
2949 1496 3083 1565 Quae
3111 1495 3332 1568 quidem
3357 1512 3480 1552 cum
3517 1495 3701 1551 intide-

2134 1591 2264 1644 littm
2315 1591 2493 1647 oculis
2527 1591 2654 1647 vilis
2686 1599 2852 1663 atque
2884 1591 3098 1661 abjecta
3129 1589 3428 1654 videretur,
3463 1588 3709 1643 divinum

2132 1691 2311 1736 tamen
2344 1681 2581 1738 Verbum
2620 1699 2718 1754 pro
2760 1684 2963 1741 decore
2991 1692 3047 1740 et
3072 1689 3399 1739 ornamento
3430 1682 3577 1737 illam
3612 1680 3712 1736 ba—

2136 1774 2272 1834 bmt,
2302 1783 2360 1828 ut
2381 1790 2444 1829 ea
2477 1791 2535 1830 re
2568 1777 2676 1830 vim
2709 1791 2866 1832 suam
2902 1792 2967 1833 ac
3008 1784 3332 1848 potestatem
3378 1775 3708 1840 ostenderet,

431 1857 530 1927 τὴν
555 1857 803 1929 κατάραν
836 1857 1147 1927 ἐξαλείψας,
1179 1860 1275 1914 καὶ
1304 1858 1366 1912 rb
1392 1858 1513 1912 καθ’
1549 1857 1706 1929 ἡμῶν
1736 1858 2023 1930 χειρόγρα-

2134 1878 2245 1932 quae
2298 1879 2393 1933 per
2452 1873 2734 1919 externam
2806 1867 2955 1921 illam
3018 1864 3203 1921 carnis
3264 1862 3696 1920 imbecillitatem

434 1966 558 2018 φον,
595 1951 689 2002 καὶ
721 1949 820 2021 τὴν
867 1949 1005 2020 πρὸς
1051 1950 1143 2003 τὸν
1190 1950 1323 2022 ᾅδην
1372 1950 1637 2022 διαθήκην
1683 1948 1871 2014 λύσας,
1923 1950 2020 2003 καὶ

435 2039 613 2093 πάντα
652 2042 1017 2110 οἰκονομήσας
1056 2040 1366 2112 ἀνθρώποις
1407 2044 1488 2106 εἰς
1527 2042 1818 2113 σωτηρίαν·
1855 2041 2017 2104 εὐθὺς

432 2131 543 2201 γὰρ
570 2132 708 2202 μετὰ
729 2132 789 2184 rb
815 2133 1012 2195 εἰπεῖν,
1049 2132 1104 2185 '0
1126 2134 1340 2202 Κύριος
1358 2134 1776 2196 ἐϐασίλευσεν,
1806 2133 2017 2200 εὐπρέ-

432 2238 610 2275 πειαν
637 2221 989 2286 ἐνεδύσατο,
1039 2224 1363 2296 προστίθησι
1407 2224 1591 2291 πάλιν,
1635 2226 1728 2280 καὶ
1771 2224 2016 2296 δευτεροϊ

432 2313 628 2381 λέγων’
676 2313 1034 2369 Ἐνεδύσατο
1068 2316 1285 2384 Κύριος
1316 2315 1594 2387 δύναμιν,
1629 2318 1725 2371 καὶ
1756 2316 2019 2387 περιεζώ-

433 2418 605 2457 σατο·
635 2404 724 2459 ἵνα
751 2404 925 2480 δείξῃ,
956 2404 1018 2459 rb
1050 2405 1266 2477 πρῶτον
1291 2406 1495 2478 ἔνδυμα
1525 2407 1634 2461 ἀπὸ
1660 2407 1891 2481 Μαρίας*
1919 2408 2019 2480 τὴν

433 2493 490 2547 δὲ
521 2495 1046 2569 ὲπιδευτερουμένην
1075 2497 1238 2551 πάλιν
1262 2497 1472 2552 ἔνδυσιν
1512 2499 1620 2553 ἀπὸ
1668 2499 1767 2571 τῆς
1793 2500 2023 2555 ἀναστά-

435 2601 576 2650 σεως
616 2586 728 2640 τῶν
769 2587 1003 2659 νεκρῶν.
1039 2590 1151 2642 Καὶ
1194 2588 1303 2662 γὰρ
1349 2591 1720 2659 πρωτότοκός
1762 2591 1935 2644 ἐστιν
1959 2591 2029 2645 ἐκ

434 2677 556 2732 τῶν
583 2677 835 2748 νεκρῶν,
887 2680 966 2745 ὡς
1016 2676 1171 2734 εἶπεν
1216 2684 1251 2754 ἠ
1303 2681 1423 2736 θεία
1463 2682 1680 2754 Γραφή.
1727 2683 1826 2737 Διὰ
1868 2683 2029 2738 τοῦτο

436 2769 763 2842 προστίθησι
797 2772 970 2844 ταύτῃ
1008 2775 1077 2844 τῇ
1107 2772 1338 2845 δευτέρᾳ
1379 2774 1586 2828 ὲνδύσει
1632 2777 2027 2848 περισσοτέραν

435 2859 559 2914 τινὰ
588 2860 909 2929 ἀσφάλειαν,
955 2862 1151 2930 λέγων·
1214 2863 1570 2919 Ἐνεδύσατο
1603 2867 1818 2934 Κύριος
1845 2866 2025 2923 δύνα-

436 2968 561 3019 μιν,
590 2952 688 3005 καί
722 2952 1134 3021 περιεζώσατο.

2128 1962 2357 2009 inut-tem
2394 1956 2656 2021 aboleret,
2709 1973 2831 2027 quae
2880 1957 3089 2028 peccati
3161 1956 3501 2011 dominatum
3546 1962 3712 2023 atque

2125 2043 2413 2117 imperium
2446 2046 2757 2114 obtinebat;
2792 2046 2953 2118 791
2989 2061 3055 2103 ac
3083 2044 3350 2117 quidquid
3384 2044 3453 2100 ad
3479 2044 3710 2099 salutem

2123 2145 2368 2191 nostram
2394 2139 2696 2209 spectabat,
2734 2140 2840 2195 rite
2878 2138 3186 2210 perﬁceret,
3226 2137 3591 2209 corruptelam
3623 2151 3714 2192 ex-

2126 2225 2448 2296 stingueret,
2480 2237 2534 2283 et
2555 2230 2987 2286 exsecrationem
3009 2245 3117 2285 una
3142 2244 3266 2286 cum
3297 2229 3502 2300 scripto
3529 2229 3714 2284 adver-

2128 2332 2223 2370 sus
2267 2333 2371 2374 nos
2415 2318 2781 2391 chirOgrapbo
2830 2320 3039 2377 deleret
3073 2323 3116 2387 ¹,
3177 2328 3232 2376 et
3283 2320 3476 2375 initum
3530 2319 3712 2377 foedus

2125 2424 2250 2463 cum
2290 2410 2482 2466 inferis
2512 2411 2858 2475 dissolveret,
2898 2412 3191 2481 omniaque
3221 2409 3289 2465 ad
3320 2410 3599 2465 hominum
3623 2423 3715 2465 sa.

2127 2502 2293 2557 lutem
2321 2502 2514 2557 idonee
2547 2504 3067 2574 accommodateque
3099 2502 3451 2574 gubernaret.
3499 2499 3712 2556 Etenim

2133 2595 2295 2649 simul
2331 2602 2491 2665 atque
2525 2595 2705 2650 dixit:
2754 2594 3012 2649 Dominus
3049 2595 3305 2662 regnavit,
3347 2593 3585 2647 decorem
3633 2591 3715 2645 in-

2131 2687 2290 2740 dutus
2312 2696 2409 2742 est.
2434 2686 2668 2741 subinde
2690 2686 2821 2740 illud
2855 2685 3046 2755 adjicit
3071 2703 3084 2739 :
3107 2682 3291 2738 Induit
3325 2681 3582 2737 Dominus
3610 2680 3714 2750 for-

2130 2776 2430 2837 litudinem,
2463 2786 2512 2830 et
2548 2776 2825 2844 prmeinmit
2874 2792 2948 2829 se.
3005 2772 3108 2829 Ubi
3156 2774 3390 2845 primum
3428 2772 3711 2827 indumen-

2128 2874 2245 2920 tum
2299 2883 2365 2920 ex
2420 2864 2588 2920 Maria
2623 2873 2921 2936 sumptum,
2964 2865 3260 2935 posterius,
3292 2862 3384 2919 ubi
3421 2877 3451 2916 a
3482 2862 3715 2917 mortuis

2126 2958 2400 3015 excitatus
2455 2965 2578 3021 est,
2640 2958 2925 3029 accepisse
2975 2957 3341 3012 demonstrat.
3400 2955 3499 3011 Est
3544 2955 3711 3016 enim,

438 3045 726 3116 Scriptura
766 3057 922 3109 teste,
957 3050 1335 3120 primogenitus
1365 3066 1430 3105 ea:
1464 3053 1688 3106 mortuis
1717 3053 1758 3108 ³.
1802 3028 2097 3124 Propterea
2139 3053 2442 3109 secundum
2480 3053 2626 3108 hunc
2679 3054 2937 3109 vestitum
3005 3059 3317 3109 accuratius
3376 3051 3697 3123 ﬁrmiusque

437 3138 742 3193 communit
771 3139 856 3195 liis
892 3141 1070 3196 verbis
1115 3161 1127 3195 :

1197 3139 1382 3196 Induit
1434 3142 1721 3211 Dominus,
1754 3146 2019 3213 virtutem,
2062 3156 2111 3200 et
2159 3146 2438 3215 prwcinxit
2480 3161 2556 3200 se.

510 3230 629 3287 EE'.
676 3234 887 3306 ’Ὠσπερ
927 3234 1037 3309 γὰρ
1085 3238 1113 3289 ὁ
1149 3237 1243 3290 ἐπὶ
1282 3240 1350 3310 τῇ
1384 3238 1550 3310 ὀσφύϊ
1593 3239 2028 3313 διαζωννύμενος

2203 3238 2363 3295 LXV.
2414 3238 2886 3307 Quemadmodum
2948 3240 3093 3294 enim
3142 3237 3235 3309 qui
3297 3237 3514 3293 lumbos
3584 3250 3715 3291 suos

438 3325 764 3395 ὲπισφίγγει
793 3329 853 3381 rb
887 3327 1092 3399 ἔνδυμα
1134 3329 1229 3383 ἐπὶ
1266 3331 1366 3403 τὴν
1405 3333 1599 3402 ὀσφὺν,
1644 3333 2029 3405 περισσότερον

443 3418 684 3490 στερεῶν
717 3418 778 3472 rb
822 3413 984 3485 εἶδος,
1034 3423 1132 3476 καὶ
1177 3420 1415 3477 συνενῶν
1445 3421 1526 3494 τῷ
1570 3424 1744 3495 χρωτί
1784 3421 1863 3495 τῷ
1892 3423 2026 3497 ἰδίῳ·

441 3508 586 3563 οὕτω
608 3510 670 3564 τὺ
699 3510 916 3583 πρῶτον
946 3514 1280 3585 εὐπρέπειαν
1305 3514 1394 3569 διὰ
1423 3515 1523 3588 τὴν
1556 3514 1821 3588 ἔνσαρκον
1848 3515 2034 3571 ενταῦ-

441 3599 514 3655 θα
540 3602 663 3673 ὲνδη
672 3602 822 3671 μίαν,
857 3604 919 3658 rb
941 3605 997 3659 δὲ
1026 3606 1300 3679 δεύτερον,
1338 3606 1494 3678 φησὶ,
1526 3605 1756 3678 δύναμιν
1780 3605 2033 3661 ἐνεδύσα-

442 3709 527 3755 το,
554 3693 793 3758 άναστὰς
819 3698 882 3749 ἐκ
907 3696 1017 3750 τῶν
1043 3696 1271 3768 νεκρῶν·
1299 3697 1482 3751 οὐκέτι
1509 3697 1588 3761 είς
1616 3697 1789 3762 πάθος
1814 3699 1848 3770 ἡ
1878 3701 2031 3751 ὲναν-

445 3782 731 3855 θρὼπησις
755 3786 920 3841 αὑτοῦ
944 3787 1183 3859 ἔρχεται.
1212 3789 1395 3843 οὐκέτι
1428 3792 1508 3854 είς
1537 3791 1824 3861 μάστιγας,
1852 3791 2033 3845 οὐκέτι

447 3875 794 3946 σταυροῦται,
825 3878 900 3942 ὼς
930 3873 1051 3932 εῐπε
1082 3880 1213 3951 περὶ
1238 3879 1403 3934 αὐτοῦ
1449 3881 1480 3933 ὁ
1533 3881 1875 3946 Ἀπόστολος·
1912 3883 2033 3936 Ἅν-

443 3963 618 4034 ἐστηθ
634 3966 833 4021 οὐκέτι
847 3968 1241 4037 ἀποθνήσκει,
1257 3969 1513 4038 θάνατος
1523 3972 1711 4027 αὐτοῦ
1724 3972 1921 4027 οὐκέτι
1936 3991 2034 4029 κυ-

444 4060 654 4126 ριεύει.
683 4059 784 4112 Διὰ
809 4060 970 4115 τοῦτο
993 4064 1128 4133 φησί
1151 4063 1233 4128 τὸ,
1256 4062 1594 4129 διεζώσατο,
1615 4063 1919 4130 συνενὼσας
1934 4066 2033 4138 τὴν

448 4151 615 4205 αὐτοῦ
652 4153 831 4225 σάρκα
849 4156 930 4218 είς
956 4155 1086 4225 μίαν
1114 4155 1365 4227 θεότητα,
1397 4157 1479 4220 εἰς
1513 4156 1642 4227 μίαν
1666 4156 1917 4229 ἑνότητα,
1951 4158 2032 4221 εἰς

447 4241 675 4314 Πνεῦμα
702 4244 763 4298 rb
792 4243 972 4297 θεῖκδν
1003 4245 1097 4299 καὶ
1127 4245 1458 4315 σωματικὸν,
1477 4248 1557 4311 εἰς
1572 4245 1632 4300 ἒν
1665 4248 2034 4318 πνευματικὸν

448 4333 789 4405 τελούμενον,
822 4337 917 4389 καὶ
945 4337 1020 4407 μὴ
1050 4335 1188 4408 ἔχων
1213 4336 1479 4401 διάλυσιν,
1500 4338 1578 4402 ὡς
1604 4337 1822 4409 εἰσῆλθε
1848 4338 2036 4394 λοιπὸν

451 4423 633 4495 θυρῶν
667 4425 1067 4498 κεκλεισμένων
1115 4427 1177 4481 τὸ
1206 4428 1544 4499 παχυμερὲς,
1587 4429 1940 4500 λεπτομερὲς,
1974 4431 2036 4484 τὸ

450 4514 715 4586 παθητὸν,
766 4516 996 4583 ἀπαθὲς,
1033 4518 1092 4571 ὲν
1128 4518 1294 4590 σαρκὶ
1335 4518 1605 4583 πεπονθὸς
1627 4560 1643 4586 ,
1684 4520 1859 4591 μένων
1886 4519 1943 4572 δὲ
1979 4520 2037 4573 ὲν

2136 3332 2443 3404 praecingit,
2487 3342 2693 3386 vestem
2743 3331 2811 3384 ad
2859 3330 3004 3383 illam
3056 3329 3307 3400 corporis
3347 3337 3553 3399 partem
3584 3325 3713 3380 diti-

2136 3422 2355 3493 gentius
2382 3421 2663 3491 astringit,
2692 3432 2751 3475 ut
2780 3420 2846 3475 ad
2874 3435 3077 3490 corpus
3104 3434 3264 3495 suum
3298 3415 3505 3473 arctius
3531 3416 3716 3471 adhae-

2135 3522 2314 3570 rescat
2364 3532 2377 3567 :
2420 3515 2493 3567 ita
2545 3512 2806 3568 Christus
2869 3512 3101 3583 primum
3150 3509 3404 3566 decorem
3470 3507 3716 3564 induisse

2138 3609 2357 3673 propter
2405 3602 2838 3656 incarnationem
2887 3601 3131 3667 dicitur;
3169 3608 3357 3669 postea
3389 3613 3518 3654 vero
3543 3597 3718 3653 virtu-

2141 3705 2273 3762 tem,
2315 3709 2440 3749 cum
2473 3694 2729 3749 videlicet
2773 3709 2803 3746 a
2851 3693 3086 3747 mortuis
3117 3690 3380 3755 surrexit,
3410 3690 3483 3745 ita
3513 3697 3575 3743 ut
3604 3705 3713 3743 non

2133 3785 2246 3854 jam
2280 3783 2348 3839 ad
2379 3784 2662 3838 cruciatus
2703 3783 2979 3847 ferendos,
3013 3790 3108 3838 aut
3134 3781 3383 3847 verbera,
3416 3782 3501 3838 vel
3533 3783 3716 3839 crucis

2137 3873 2466 3945 supplicium
2500 3874 2741 3928 humana
2777 3873 2868 3928 illa
2897 3880 3091 3926 natura
3114 3870 3435 3935 descendat,
3468 3880 3527 3927 ut
3557 3871 3625 3927 de
3651 3888 3716 3927 eo

2140 3974 2373 4021 testatur
2441 3964 2775 4034 Apostolus:
2832 3962 3111 4029 Surrexit;
3145 3965 3265 4034 jam
3312 3980 3416 4019 non
3464 3964 3716 4025 moritur,

2140 4074 2280 4112 mors
2334 4057 2416 4111 illi
2458 4058 2604 4112 ultra
2654 4074 2756 4112 non
2803 4057 3169 4112 dominabitur
3215 4057 3259 4112 ⁸.
3292 4057 3375 4113 Ob
3404 4056 3482 4120 id,
3515 4054 3714 4126 inquit,

2138 4151 2416 4219 praecinxit
2445 4167 2521 4213 se,
2556 4165 2681 4204 cum
2711 4150 2971 4204 nimirum
3000 4165 3222 4205 carnem
3258 4164 3414 4206 suam
3451 4162 3576 4204 cum
3607 4163 3718 4203 una

2140 4241 2424 4296 divinitate
2474 4241 2743 4304 sociavit;
2778 4241 2942 4311 idque
2973 4241 3027 4295 in
3058 4256 3222 4296 unam
3258 4241 3719 4311 singularemque

2142 4347 2454 4402 personam,
2487 4332 2544 4386 in
2580 4330 2845 4402 Spiritum
2890 4331 3134 4386 divinum
3186 4333 3390 4402 pariter
3432 4339 3486 4387 et
3515 4345 3715 4402 corpo-

2143 4439 2316 4488 reum,
2349 4425 2405 4479 in
2439 4440 2604 4479 unum
2637 4423 2899 4494 quiddam
2941 4424 3188 4494 spiritale
3222 4423 3541 4494 perfectum,
3568 4420 3718 4493 quod

2142 4515 2368 4571 dissolvi
2406 4516 2547 4570 ultra
2580 4525 2836 4587 nequeat.
2885 4514 2960 4570 Ita
3004 4514 3264 4585 deinceps
3295 4514 3536 4570 occlusis
3581 4512 3718 4568 fori-

450 4607 708 4681 ὰπαθείςν
722 4609 884 4663 καίπε
895 4627 946 4681 ρ,
963 4609 1103 4681 μετὰ
1117 4609 1178 4664 τὺ
1193 4609 1452 4665 εἰσελθεῖν
1462 4654 1474 4671 .
1488 4610 1747 4694 δεικνύων
1762 4611 1923 4666 ὀστέα
1937 4612 2028 4665 καὶ

2137 4604 2239 4662 bus
2266 4606 2572 4677 ingressum
2594 4612 2680 4662 est
2700 4607 2722 4639 ⁵
2757 4605 2899 4661 idem
2926 4604 3061 4661 illud
3086 4612 3402 4662 concretum
3448 4603 3615 4660 simul
3636 4604 3718 4672 fac

454 4698 656 4772 σάρκα,
680 4697 849 4753 τύπον
877 4700 1097 4772 λόγχης,
1124 4702 1220 4756 καὶ
1244 4702 1413 4756 τύπον
1435 4703 1599 4774 ἥλων,
1634 4688 2033 4774 ψηλαφώμενος

453 4787 562 4842 ὑπὸ
598 4788 692 4843 τοῦ
725 4790 915 4862 Θωμᾶ,
955 4791 1232 4864 ὁρώμενος
1264 4793 1370 4847 ὑπὸ
1407 4792 1516 4847 τῶν
1544 4793 1823 4866 μαθητῶν·
1858 4796 2038 4866 εἰσερ-

454 4880 686 4952 χόμενος
717 4881 775 4934 δὲ
814 4881 997 4954 θυρῶν
1033 4882 1459 4955 κεκλεισμένων,
1503 4885 1590 4939 ἵνα
1626 4884 1798 4958 δείξῃ,
1832 4885 1915 4939 ὅτι
1957 4887 2039 4948 είς

459 4971 590 5042 μίαν
615 4972 807 5027 ἕνωσιν
831 4976 1209 5046 πνευματικὴν
1230 4975 1292 5030 rb
1326 4978 1436 5031 πᾶν
1464 4976 1781 5049 ᾠκονόμησε
1814 4977 1913 5047 τῆς
1941 4976 2039 5029 αύ-

455 5062 553 5117 τοῦ
583 5064 721 5137 πρὸς
743 5066 892 5138 ἡμᾶς
918 5067 1048 5132 τοὺς
1068 5067 1392 5138 ἀνθρώπους
1413 5069 1708 5141 σωτηρίας.
1736 5068 1848 5122 Καὶ
1871 5067 1923 5121 τί
1948 5085 2038 5139 μοι

457 5158 591 5231 περὶ
635 5159 727 5213 τὸν
765 5158 1018 5214 τοσοῦτον
1062 5161 1219 5230 λόγον
1260 5160 1723 5233 κατατρίϐεσθαι;
1770 5158 2038 5222 Πολλάκις

458 5249 571 5321 γὰρ
595 5249 665 5304 τὰ
691 5250 830 5305 αὐτὰ
866 5251 1045 5321 λέγειν
1074 5255 1207 5325 ἡμῖν
1257 5253 1357 5324 μὲν
1397 5252 1500 5306 οὐκ
1540 5250 1792 5324 ὀκνηρὸν,
1838 5252 1953 5315 τοῖς
1982 5250 2040 5304 δὲ

457 5340 881 5410 ἐντυγχάνουσιν
909 5340 1206 5411 ἀσφαλείας
1234 5341 1396 5414 χάριν
1428 5340 1815 5413 φροντίσαντες
1842 5339 2042 5394 πολλά·

459 5448 551 5494 κις
589 5431 993 5504 διηγησάμεθα,
1027 5433 1095 5488 ἶν’
1132 5435 1282 5499 ὅπως
1325 5433 1757 5505 διαπεράσαντες
1798 5430 1899 5504 τὴν
1943 5431 2040 5486 τοῦ

472 5519 689 5589 Ἀρείου
721 5519 1084 5592 θηριοδολίαν,
1114 5522 1226 5577 τῶν
1258 5524 1623 5595 φρονημάτων
1646 5538 1707 5576 τε
1740 5523 1834 5577 καὶ
1867 5521 2041 5592 λόγων

462 5609 557 5660 καὶ
584 5607 981 5680 διανοημάτων.

2141 4696 2384 4764 subtile;
2435 4697 2681 4769 passioni
2721 4698 3043 4761 obnoxium,
3084 4713 3394 4770 expersque
3420 4695 3715 4768 passionis,

2140 4790 2198 4844 in
2241 4804 2409 4845 carne
2447 4805 2695 4862 passum,
2733 4798 2787 4845 et
2819 4801 2971 4845 extra
3004 4806 3221 4846 omnem
3255 4788 3495 4860 patiendi
3527 4788 3719 4846 condi-

2140 4878 2345 4934 tionem
2375 4879 2725 4945 consistens;
2759 4894 3072 4951 quanquam
3107 4886 3228 4952 post
3260 4879 3569 4950 ingressum
3590 4892 3718 4935 ossa

2139 4984 2470 5041 carnemque
2522 4980 2874 5038 monstraret,
2954 4978 3009 5026 et
3058 4971 3261 5027 lanceae
3328 4970 3718 5041 clavorumque

2142 5064 2370 5135 vestigia
2397 5082 2411 5131 ;
2446 5065 2557 5120 imo
2590 5071 2646 5118 et
2676 5080 2705 5118 a
2739 5061 2949 5119 Thoma
2993 5070 3449 5126 contrectaretur,
3492 5072 3548 5119 et
3574 5078 3602 5116 a
3632 5060 3718 5116 di—

2149 5157 2374 5228 scipulis
2407 5165 2744 5213 cerneretur.
2781 5155 3050 5213 Caeterum
3085 5157 3323 5213 occlusis
3374 5155 3584 5211 foribus
3631 5156 3718 5212 in-

2146 5261 2371 5317 gressus
2402 5254 2507 5311 est,
2536 5258 2598 5301 ut
2626 5246 2682 5302 in
2716 5262 2883 5301 unam
2931 5246 3232 5317 spiritalem
3276 5245 3717 5316 conjunctiouem

2146 5346 2383 5409 utraque
2411 5349 2607 5393 natura
2631 5337 2968 5397 consociata.
3000 5350 3217 5392 omnem
3244 5335 3437 5391 salutis
3469 5338 3721 5391 humana:

2147 5427 2589 5498 procurationem
2618 5434 2930 5497 susceptam
2967 5440 2997 5478 a
3031 5438 3092 5480 se
3118 5432 3471 5481 monstraret.
3516 5420 3718 5479 Verum

2146 5519 2280 5590 quid
2341 5520 2532 5575 tandiu
2587 5520 2644 5574 in
2692 5535 2757 5574 ca
2815 5517 3065 5573 oratione
3119 5515 3452 5572 conﬂictor?
3512 5512 3714 5569 Eadem

2147 5613 2293 5669 enim
2323 5621 2570 5685 repetere
2619 5612 2819 5681 saepius
2863 5624 2964 5665 nos
3006 5608 3227 5681 quidem
3269 5606 3495 5664 minime
3540 5606 3717 5677 pigra-

538 5762 556 5793 ⁸
593 5759 757 5819 Deest
787 5766 1013 5836 atiquid.
1092 5772 1111 5801 '
1144 5766 1456 5839 Culossﬁu,
1492 5767 1577 5824 14.
1652 5770 1674 5803 ³
1699 5769 1913 5824 Coloss.
1948 5784 1988 5834 ι,
2019 5768 2089 5823 28
2114 5786 2128 5837 ;
2155 5771 2322 5840 Apoc.
2353 5785 2391 5838 ι,
2427 5770 2480 5826 5.
2557 5770 2579 5803 ⁸
2606 5766 2765 5826 Rom.
2798 5785 2869 5836 vr,
2890 5768 2942 5825 9.
3009 5766 3031 5800 ⁸
3065 5767 3221 5824 Joan.
3244 5763 3426 5832 23,19
3452 5777 3573 5835 sqq.
