4138 6396
468 356 570 419 Sil

1858 359 1916 418 ε.
1959 358 2330 424 ΕΡΙΡΗΑΝΙΙ,

469 495 594 538 mur
619 480 659 549 ί,
693 478 856 551 idque
901 479 955 536 in
1016 480 1279 537 lectorum
1321 479 1555 552 gratiam
1600 480 1668 535 ad
1711 493 1808 535 eos
1852 478 2297 550 praemuniendos
2345 479 2661 535 faciendum
2725 479 2983 535 duximus
3038 496 3055 533 :

3636 351 3743 408 δη

3115 492 3227 549 quo
3270 474 3345 531 illi
3394 470 3743 530 virulentam,

472 585 539 626 ac
589 569 909 641 pestiferam
964 568 1082 626 Arii
1130 569 1442 627 doctrinam
1517 571 1572 625 in
1637 570 1895 627 omnibus
1949 570 2099 626 illius
2168 571 2457 628 sententiis
2513 570 2971 642 orationibusque
3032 567 3286 625 diﬂusam
3341 563 3559 620 facilius
3612 574 3744 614 eva-

472 667 625 723 dant.

436 761 457 811 '1
550 758 715 829 793
767 756 953 814 LXVI.
1016 757 1174 814 Nunc
1228 773 1355 814 cum
1409 758 1477 814 de
1525 757 1634 813 isto
1684 756 1865 827 capite
1924 755 2063 813 satis

2238 753 2373 822 Ξεῗ.
2421 752 2645 817 Ίκανῶς
2668 751 2724 805 δὲ
2755 749 2885 823 περὶ
2901 748 3107 819 ταύτης
3129 746 3229 819 τῆς
3256 744 3456 809 λέξεως
3483 742 3745 806 ὡσαύτως

476 851 651 905 multa
692 854 858 907 verba
909 850 1226 918 fecerimus,
1279 850 1350 906 ad
1395 850 1504 906 alia
1545 857 1916 906 transeamus.
1970 847 2064 905 Sic

477 943 625 997 enim
669 943 965 1015 plerisque,
1019 959 1141 1016 quae
1199 944 1478 1005 memoriae
1536 959 1672 999 meae
1737 951 2060 1009 occurrunt,

478 1034 821 1093 calumniose
854 1036 924 1093 ab
957 1037 1068 1094 illis
1111 1037 1351 1108 objecta,
1392 1036 1706 1103 declaratis,
1750 1052 1815 1093 ex
1867 1038 2063 1109 paucis

478 1124 588 1180 illis
620 1124 941 1195 pluribusve
983 1127 1164 1198 palam
1205 1126 1339 1183 illud
1386 1127 1649 1183 faciemus
1677 1144 1694 1183 :
1720 1142 2064 1199 quaecunque

478 1216 535 1272 in
567 1216 868 1290 Scripturis
902 1218 1176 1289 leguntur,
1208 1219 1353 1290 apud
1378 1234 1502 1275 eum
1538 1218 1782 1290 quidem,
1813 1219 1907 1290 qui
1940 1217 2064 1291 Spi-

478 1308 593 1364 ritu
624 1317 819 1364 sancto
856 1312 1117 1381 praditus
1148 1311 1238 1376 sit,
1300 1311 1507 1382 quique
1543 1311 1758 1382 vigilem
1784 1319 1841 1366 et
1865 1326 2061 1382 exper-

479 1406 687 1455 rectam
714 1399 811 1458 Dei
844 1401 1112 1459 beneﬁcio
1138 1410 1377 1459 mentem
1426 1402 1657 1474 adeptus
1703 1402 1892 1468 fuerit,
1938 1420 2065 1475 per-

480 1492 696 1562 plexam
737 1494 943 1550 nullam
982 1497 1266 1552 continere
1308 1497 1675 1563 sententiam;
1726 1512 1829 1553 nec
1855 1498 1942 1554 vel
1981 1506 2064 1554 te-

479 1586 812 1642 nuissimum
861 1571 1167 1644 affectionis
1221 1588 1369 1644 illius
1420 1587 1674 1659 judicare
1728 1590 2059 1662 vestigium,

480 1676 628 1749 quod
656 1675 829 1743 Patri,
852 1679 940 1733 vel
964 1676 1124 1741 Filio,
1154 1679 1241 1734 vel
1274 1678 1502 1749 Spiritui
1534 1686 1727 1735 sancto
1754 1679 2060 1747 tribuatur;

480 1785 607 1824 nam
644 1786 675 1825 e
713 1770 994 1826 contrario
1026 1770 1161 1825 nihil
1193 1786 1304 1826 non
1356 1771 1468 1828 illis
1516 1771 1918 1843 perfectissime
1952 1781 2063 1826 tam

481 1859 552 1913 ab
584 1857 809 1913 Christo
834 1857 1085 1925 Domino,
1112 1874 1280 1931 quam
1308 1861 1377 1917 ab
1402 1860 1667 1932 apostolis
1694 1876 1758 1916 ac
1780 1861 2064 1933 prophetis

481 1949 551 2005 ab
580 1948 773 2005 eodem
799 1951 986 2007 missis
1022 1960 1108 2007 est
1131 1950 1364 2007 dictum.
1396 1950 1506 2009 Sed
1534 1953 1608 2007 ita
1638 1961 1842 2022 tamen,
1877 1962 1938 2008 ut
1964 1967 2065 2025 pro

481 2040 757 2112 cujusque
800 2042 881 2099 rei
924 2058 989 2098 ac
1038 2043 1141 2100 loci
1188 2052 1244 2101 et
1296 2047 1599 2117 argumenti
1659 2047 2067 2119 opportunitate

2162 845 2530 909 διαλαϐόντες,
2554 844 2648 897 ἐπὶ
2677 841 2777 907 τὰς
2805 840 2935 914 ἑξῆς
2964 842 3153 911 ῐωμεν’
3187 837 3296 901 ἵνα,
3318 833 3652 905 πανταχόθεν
3673 833 3745 887 τὰ

2164 938 2394 992 πλεῖστα
2419 936 2489 991 τά
2531 938 2600 1008 τῇ
2632 933 2839 1007 διανοίᾳ
2867 930 3027 1004 ήμῶν
3062 929 3168 984 ὑπὸ
3208 928 3309 999 τῆς
3354 926 3581 980 ἐκείνων
3624 926 3744 997 έρε-

2164 1032 2384 1104 σχελίας
2432 1028 2808 1083 ὑποπίπτοντα
2863 1022 3281 1094 σαφηνίσαντες,
3322 1018 3589 1089 δείξωμεν
3636 1016 3747 1071 ἀπὸ

2162 1123 2271 1178 τῶν
2308 1121 2507 1191 ὀλίγων
2554 1118 2590 1191 ή
2636 1117 2734 1173 καὶ⁵
2778 1116 3062 1179 πλειόνων,
3107 1114 3191 1167 ὃτι
3224 1110 3401 1166 πάντα
3436 1111 3494 1163 ὲν
3526 1112 3592 1181 τῇ
3624 1107 3745 1178 θεία

2163 1218 2355 1290 Γραφῇ
2389 1213 2469 1286 τῷ
2498 1210 2823 1283 κεκτημένῳ
2854 1208 3081 1280 Πνεῦμα
3104 1206 3279 1275 ἆγιον,
3303 1204 3399 1258 καὶ
3427 1202 3553 1257 νοῦν
3583 1203 3745 1273 ἐγρή-

2163 1326 2326 1380 γορον
2349 1306 2501 1379 παρά
2530 1303 2739 1377 Κυρίου
2769 1301 3034 1373 εἰληφότι,
3061 1299 3212 1353 οὐδέν
3241 1299 3357 1351 ἐστι
3382 1295 3594 1351 σκολιὸν
3620 1296 3745 1349 ὑπο-

2162 1400 2377 1471 νοῆσαι.
2409 1399 2445 1469 ἢ
2485 1396 2691 1460 πάθους
2744 1390 2886 1458 εἶδος
2929 1393 3011 1457 είς
3053 1392 3146 1445 τὸν
3179 1390 3421 1462 Πατέρα,
3456 1388 3489 1461 ἢ
3538 1388 3619 1451 εἰς
3653 1387 3746 1441 τὸν

2164 1492 2314 1555 Υἰὸν,
2334 1490 2456 1544 οὐδὲ
2487 1491 2567 1553 είς
2594 1488 2656 1543 τὸ
2685 1487 2839 1557 ἅγιον
2856 1485 3101 1556 Πνεῦμα·
3119 1482 3256 1538 ἀλλὰ
3280 1482 3461 1536 πάντα
3481 1480 3747 1534 τελειότα-

2163 1601 2256 1651 τα,
2272 1581 2635 1654 οἰκονομικῶς
2654 1580 2713 1635 δὲ
2738 1581 2819 1642 εἰς
2844 1577 3085 1648 ἑκάστην
3105 1574 3294 1647 χρείαν
3322 1572 3420 1627 καὶ
3446 1574 3504 1627 ὲν
3530 1572 3747 1642 ἑκάστῳ

2164 1674 2314 1746 τόπῳ
2364 1674 2506 1745 πρὸς
2554 1672 2618 1726 τὸ
2673 1669 3038 1739 ὑποκείμενον
3102 1667 3162 1719 ἐν
3212 1664 3442 1737 ἀληθείᾳ
3506 1665 3566 1717 ὲν
3625 1663 3747 1725 ταῖς

2164 1766 2339 1831 θείαις
2356 1767 2601 1839 Γραφαῖς
2624 1765 2840 1837 εἴρηται
2865 1760 2957 1815 ὑπ’
2978 1758 3146 1814 αὐτοῦ
3171 1757 3267 1812 τοῦ
3296 1755 3502 1827 Κυρίου
3526 1753 3750 1808 καὶτῶν

2165 1858 2331 1915 αὐτοῦ
2358 1858 2693 1924 ἀποστόλων,
2724 1856 2819 1911 καὶ
2854 1855 2965 1909 τῶν
2994 1854 3167 1923 ἀγίων
3198 1848 3494 1923 προφητῶν
3518 1846 3627 1901 τῶν
3654 1846 3747 1900 ὑπ’

2164 1950 2329 2007 αὐτοῦ
2355 1949 2803 2021 ἀπεσταλμένων.
2844 1945 2956 2001 Καὶ
2989 1945 3099 2016 γάρ
3127 1942 3257 2015 περὶ
3282 1940 3472 1994 τούτου
3505 1938 3750 2010 προεφή-

2163 2061 2349 2111 τευσε,
2394 2044 2575 2115 φήσας
2616 2040 2758 2095 κατά
2788 2040 2890 2111 τὴν
2931 2035 3225 2110 Ἐὁραῖκὴν
3257 2032 3560 2088 διάλεκτον·
3601 2028 3744 2090 Ἠλὶ.

481 2132 780 2203 prudenter
813 2141 979 2206 atque
1033 2151 1101 2191 ex
1134 2135 1365 2194 veritate
1405 2139 1619 2209 prolata
1649 2138 1760 2195 sint
1786 2139 2063 2197 universa.

2180 2136 2322 2203 Ἠλὶ,
2343 2133 2508 2205 λημᾶ
2530 2132 2893 2203 σαϐαχθανί;
2919 2128 2950 2183 ὃ
2978 2127 3121 2183 κατά
3158 2123 3480 2181 ἀκολουθίαν
3508 2119 3749 2191 ἐπλήρου

483 2223 699 2281 Etenim
730 2225 798 2282 de
824 2226 1049 2283 Christo
1080 2229 1391 2285 vaticinans
1434 2228 1604 2287 David
1646 2231 1915 2288 Hebraica
1960 2232 2065 2287 lin-

485 2333 591 2388 gua
621 2319 878 2378 dixerat:
924 2319 1035 2387 Eli,
1072 2322 1183 2387 Eli,
1236 2322 1428 2377 lemma
1477 2322 1873 2380 sabaethani'?
1909 2322 2065 2392 Quod

483 2410 765 2481 deinceps,
799 2420 861 2467 ut
890 2421 1006 2468 erat
1057 2412 1401 2486 predictum,
1459 2415 1515 2470 in
1574 2430 1742 2472 cruce
1802 2415 2067 2474 Dominus

482 2500 750 2572 implevit,
787 2517 910 2558 cum
947 2502 1215 2561 Hebraica
1250 2506 1456 2578 lingua,
1486 2505 1596 2574 Eli,
1627 2506 1739 2571 Eli,
1759 2524 1825 2564 ex
1856 2509 2067 2565 oraculi

488 2593 593 2649 fide
627 2595 1021 2665 pronuntiavit.
1054 2595 1263 2654 Caetera
1309 2614 1476 2671 porro
1518 2599 1783 2655 vocabula
1816 2600 1927 2656 duo
1955 2615 2067 2657 non

486 2681 775 2750 Hebraice,
802 2686 900 2742 sed
926 2685 1154 2759 Syriace
1173 2689 1472 2754 subtexuit,
1496 2688 1692 2745 Imma
1728 2691 2063 2747 sabaethani.

486 2774 563 2830 lta
606 2776 880 2848 principio
931 2777 1152 2849 quidem
1194 2778 1465 2850 ejusmodi
1510 2795 1650 2836 usus
1674 2788 1782 2847 est,
1807 2782 1972 2853 quale
1998 2781 2068 2839 de

485 2869 612 2940 ipso
638 2867 819 2925 fuerat
842 2869 1146 2942 scriptum;
1170 2878 1368 2929 catera
1394 2872 1572 2929 aliena
1593 2874 1778 2946 lingua
1810 2874 2065 2946 subjecit,

488 2973 555 3016 ac
581 2960 829 3017 nonnihil
863 2963 1029 3018 verba
1067 2963 1449 3019 commutavit.
1500 2962 1559 3021 1d
1608 2965 1755 3036 quod
1799 2967 2067 3039 singulari

487 3051 724 3122 quadam
751 3059 839 3109 est
872 3052 1162 3124 prudentia
1190 3053 1419 3121 factum,
1443 3061 1505 3111 ut
1525 3072 1652 3112 cum
1684 3056 1795 3124 Eli,
1849 3056 1943 3113 Eli
1984 3058 2070 3114 di-

490 3153 662 3211 ceret,
711 3144 991 3217 propheta:
1023 3145 1159 3201 illud
1212 3147 1536 3202 vaticinium
1583 3148 1653 3203 ad
1699 3165 1760 3206 se
1792 3150 2071 3222 pertinere

488 3238 879 3307 profiteretur;
913 3253 1038 3294 cum
1075 3253 1206 3295 vero
1237 3240 1381 3311 quod
1414 3239 1687 3311 reliquum
1708 3247 1795 3297 est
1824 3256 1935 3296 non
1956 3239 2067 3297 He-

490 3326 676 3383 braice
701 3367 716 3392 ,
770 3329 867 3384 sed
930 3328 1158 3401 Syriace
1210 3331 1561 3402 conciperet,
1614 3348 1805 3389 eorum
1866 3332 2070 3388 fastum

490 3419 901 3490 comprimeret,
959 3422 1055 3492 qui
1112 3437 1186 3477 sc.
1215 3420 1482 3477 Hebraica
1535 3423 1723 3494 lingua
1772 3423 2071 3479 insolenter

490 3483 765 3576 ell‘errent,
792 3516 849 3565 et
874 3483 945 3565 ad
968 3483 1113 3567 edita
1141 3510 1211 3567 de
1232 3527 1295 3567 se
1320 3512 1374 3566 in
1401 3512 1576 3567 sacris
1604 3483 1823 3569 ljitteris
1844 3512 2069 3569 oracula
2096 3483 2139 3541 α

493 3601 823 3671 complenda
868 3610 1100 3659 caeteras
1149 3619 1368 3675 quoque
1398 3606 1613 3677 linguas
1642 3605 1945 3661 adhiberet.
1979 3604 2071 3660 ln-

493 3697 675 3751 stabat
721 3695 866 3752 enim
920 3702 1135 3767 tempus
1187 3696 1344 3763 illud,
1392 3714 1502 3770 quo
1548 3700 1632 3754 sui
1671 3699 1924 3754 notitiam
1974 3714 2072 3769 per

491 3801 685 3842 omnes
744 3786 996 3845 nationes
1057 3786 1406 3854 diﬂ'underet,
1473 3806 1584 3845 non
1639 3806 1766 3845 cum
1827 3784 2072 3847 Hebraeis

491 3876 656 3932 modo
685 3877 1141 3945 communicaret,
1172 3886 1232 3935 ut
1263 3879 1318 3936 in
1355 3887 1470 3937 toto
1500 3880 1613 3938 fere
1635 3882 1883 3939 vicesimi
1909 3883 2073 3954 primi

491 3970 691 4041 psalmi
742 3978 1003 4027 contextu
1049 3971 1272 4044 legitur.
1328 3972 1433 4029 Ubi
1462 3982 1727 4045 tanquam
1758 3992 1787 4031 a
1818 3986 2071 4048 suscepta

492 4060 735 4117 hominis
779 4070 977 4118 natura
1024 4066 1402 4134 pronuntiata,
1443 4066 1513 4123 ad
1541 4069 1814 4125 humanos
1839 4068 2070 4125 allectus

493 4154 909 4211 accommodata
938 4163 1069 4211 sunt
1097 4159 1284 4213 omnia
1314 4177 1329 4214 :
1360 4174 1484 4230 quae
1513 4160 1737 4231 quidem
1770 4162 2071 4219 adveniens

491 4245 613 4316 ipse
654 4248 972 4319 complevit.
1018 4248 1159 4305 Sunt
1206 4251 1299 4306 illa
1336 4268 1489 4319 vero,
1529 4268 1652 4324 qua:
1680 4255 1735 4309 in
1759 4270 1826 4310 eo
1858 4255 2071 4326 psalmo

492 4336 757 4409 loquitur,
800 4355 1031 4412 quaeque
1072 4342 1140 4397 ad
1181 4342 1389 4399 Christi
1434 4345 1868 4402 incarnationem
1905 4347 2072 4418 perti-

489 4444 623 4485 nere
649 4430 911 4501 dicimus,
943 4434 1013 4489 ad
1044 4433 1357 4491 institutam
1389 4450 1421 4490 a
1448 4437 1608 4493 nobis
1640 4438 2072 4509 disputationem

493 4526 551 4582 in
587 4523 776 4595 primis
809 4534 1141 4596 opportuna,
1199 4529 1350 4583 velut
1401 4544 1528 4584 cum
1593 4530 1721 4596 ait;
1767 4530 2073 4586 Diviserunt

2166 2231 2197 2284 δ
2224 2228 2428 2301 Κύριος
2458 2227 2552 2281 ἐπὶ
2579 2224 2676 2280 τοῦ
2708 2223 2944 2296 σταυροῦ
2963 2264 2979 2286 ,
3039 2221 3108 2276 τὰ
3142 2221 3224 2283 είς
3247 2217 3411 2272 αὑτὸν
3461 2230 3750 2287 πρρπεφη-

2166 2321 2410 2392 τευμένα
2460 2319 2655 2389 λέγων,
2724 2317 2867 2383 Ἠλὶ,
2942 2314 3089 2379 Ἠλὶ,
3132 2311 3398 2384 Ἑῦραῖκῇ
3443 2310 3512 2380 τῇ
3565 2305 3749 2373 λέξει,

2166 2414 2242 2479 ὡς
2264 2409 2335 2487 ἦν
2369 2410 2884 2485 προγεγραμμένον.
2913 2408 3025 2463 Καὶ
3056 2405 3242 2460 οὐκέτι
3276 2404 3573 2475 Ἐὁραῖκῇ,
3614 2398 3753 2454 ἀλλὰ

2167 2507 2411 2579 Συριακῇ
2466 2504 2734 2575 διαλέκτῳ
2799 2501 2863 2556 τὸ
2924 2497 3194 2569 συζυγοῦν
3251 2497 3407 2569 ῥῆμα
3469 2491 3752 2548 ἀποτελῶν

2168 2599 2347 2669 ἔλεγε,
2367 2595 2535 2669 λημᾶ
2560 2595 2928 2667 σαϐαχθανις
2956 2594 3045 2648 ῐνα
3060 2596 3127 2664 τῇ
3157 2591 3300 2662 ἀρχῇ
3332 2587 3428 2660 μὲν
3456 2586 3755 2658 χρήσηται,

2168 2692 2245 2757 ὡς
2271 2688 2339 2763 ἦν
2371 2691 2501 2764 περὶ
2527 2689 2692 2746 αὐτοῦ
2719 2687 3126 2763 γεγραμμένον·
3161 2686 3241 2748 εἰς
3273 2682 3467 2755 ἑτέραν
3494 2679 3551 2734 δὲ
3572 2675 3751 2747 γλῶσ-

2170 2800 2271 2839 σαν
2288 2783 2350 2837 τὸ
2369 2782 2576 2848 λοιπὸν,
2599 2780 2679 2853 τῷ
2701 2781 2851 2853 ρητῷ
2868 2779 2967 2851 τὴν
2980 2770 3751 2853 διήγησινμεταϐαλλόμενος,

2170 2875 2268 2932 καὶ
2294 2874 2427 2930 αὐτὸ
2449 2842 2620 2927 ποιῶν
2642 2842 2713 2927 dt;
2734 2842 2948 2942 ἀγαθὴν
2977 2842 3308 2939 οἰκονομίῖιν,
3350 2866 3432 2928 εἰς
3466 2862 3528 2916 τὸ
3559 2858 3753 2931 ὁμολο·

2168 2971 2288 3040 γεὶν
2313 2970 2376 3022 τὸ
2405 2967 2566 3041 ῥητὸν
2591 2964 2721 3038 περὶ
2741 2963 2905 3018 αὑτοῦ
2931 2960 3183 3034 εἰρῆσθαι
3207 2958 3313 3013 ὑπὸ
3330 2956 3425 3011 τοῦ
3449 2954 3754 3027 προφήτου,

2169 3061 2261 3117 διὰ
2286 3059 2404 3125 τοῦ,
2461 3058 2606 3123 Ἠλὶ,
2649 3057 2794 3123 Ἠλὶ,
2815 3055 3015 3125 λέγειν’
3067 3051 3128 3108 τὸ
3162 3051 3219 3105 δὲ
3249 3050 3542 3104 ὑπόλοιπον
3568 3043 3755 3098 οὐκέτι

2183 3154 2445 3227 Ἐϐραῖκῇ
2490 3150 2656 3217 λέξει,
2703 3149 2842 3204 ἀλλά
2884 3146 3152 3219 Συριακῇ,
3196 3144 3346 3206 ὅπως
3385 3138 3602 3194 καθέλοι
3643 3135 3754 3189 τῶν

2171 3246 2485 3317 αὐχούντων
2508 3242 2608 3315 τήν
2651 3241 2929 3313 Ἐϐραῖδα,
2960 3238 3057 3293 καὶ
3084 3233 3398 3305 καταξιὼσῃ
3434 3231 3528 3285 καὶ
3560 3228 3755 3301 ἑτέρας

2171 3337 2423 3409 γλώσσας
2437 3337 2517 3399 εἰς
2534 3333 2812 3406 πλήρωσιν
2830 3330 2941 3386 τῶν
2958 3329 3086 3402 περὶ
3107 3326 3273 3383 αὐτοῦ
3296 3324 3495 3399 ῥητῶν.
3518 3320 3755 3392 Ἔμελλε

2172 3429 2281 3502 γάρ
2317 3428 2419 3502 ήδη
2450 3424 2655 3481 ἁπλοῦν
2686 3426 2788 3496 τὴν
2817 3421 2996 3477 αὐτῶν
3033 3422 3057 3453 ⁸
3082 3419 3283 3491 γνῶσιν
3325 3417 3419 3470 επὶ
3462 3415 3641 3468 πάντα
3681 3409 3761 3465 τὰ

2172 3524 2324 3595 ἔθνη,
2346 3522 2441 3576 καὶ
2460 3521 2561 3575 οὐκ
2577 3520 2669 3572 ἐπὶ
2684 3519 2809 3581 τοὺς
2822 3513 3111 3587 Ἐϐραίους
3128 3511 3310 3585 μόνον’
3331 3509 3407 3573 ὡς
3426 3506 3540 3579 ἔχει
3555 3507 3590 3577 ή
3604 3505 3754 3558 πᾶσα

2172 3614 2312 3685 αῦτη
2339 3611 2632 3669 ἀκολουθία
2646 3609 2705 3664 ὲν
2734 3605 2968 3677 εἰκοστῷ
2986 3604 3188 3677 πρώτῳ
3212 3600 3434 3674 ψαλμῷ,
3461 3598 3569 3654 ἀπὸ
3593 3613 3755 3667 προσ-

2172 3706 2324 3760 ώπου
2343 3706 2442 3777 τῆς
2461 3704 2729 3775 ὲνσάρκου
2748 3698 2914 3754 αὐτοῦ
2934 3695 3240 3769 παρουσίας
3257 3693 3326 3747 τὰ
3343 3686 3754 3761 ἀνθρωποπαθῆ

2175 3795 2356 3850 πάντα
2381 3793 2545 3848 αὑτοῦ
2584 3790 2844 3864 δηλοῦσα.
2881 3787 3058 3850 Αὐτὸς
3089 3786 3147 3839 δὲ
3183 3783 3355 3837 ὲλθὼν
3384 3780 3648 3851 ἐπλήρου,
3677 3777 3755 3839 ὡς

2172 3889 2269 3944 καὶ
2307 3887 2455 3941 ἔστιν
2493 3882 2764 3940 ἀκόλουθα
2801 3884 2858 3938 ὲν
2899 3880 3009 3950 ὅλῳ
3038 3878 3116 3950 τῷ
3158 3874 3358 3947 ψαλμῷ
3402 3875 3483 3937 εἰς
3512 3871 3613 3943 τὴν
3655 3869 3756 3939 τῆς

2174 3981 2501 4052 ὗφηγήσεως
2525 3976 2731 4048 ταύτης
2758 3974 3025 4043 ἒνσαρκον
3054 3967 3359 4041 παρουσίαν
3390 3961 3653 4037 Χριστοῦ,
3678 3976 3755 4052 τε·

2175 4051 2427 4127 λειότατα
2455 4071 2516 4125 τὸ
2551 4070 2816 4141 διήγημαο
2852 4064 2927 4128 ὥς
2967 4080 3119 4133 φησι·
3154 4061 3264 4116 Καὶ
3291 4058 3647 4128 ἐμερίσαντο
3684 4051 3756 4105 τὰ

2176 4162 2375 4234 ἱμάτιά
2396 4179 2535 4232 μου·
2574 4161 2690 4224 καὶ,
2729 4158 2989 4227 "apvt-jar
3030 4154 3232 4225 χεῖράς
3263 4169 3384 4222 μου
3422 4149 3523 4203 καὶ
3563 4145 3755 4210 πόδας

2171 4272 2311 4326 μουο
2347 4254 2519 4309 αὐτοὶ
2545 4254 2613 4307 δὲ
2648 4251 3028 4318 κατενόησαν
3061 4246 3159 4301 καὶ
3188 4242 3431 4299 ἐπεῖδόν
3458 4257 3578 4311 μου
3593 4241 3635 4301 ⁸,
3664 4236 3757 4289 καὶ

2176 4325 2277 4400 ὅσα
2306 4346 2425 4400 ἐστὶ
2454 4344 2680 4398 τοιαῦτα
2708 4342 2997 4412 λεγόμενα,
3022 4339 3060 4394 ἀ
3086 4339 3186 4392 οὑκ
3214 4333 3487 4405 ἐνδέχεται
3517 4325 3755 4399 πληροῦ-

2179 4437 2303 4491 σθαι
2345 4438 2425 4501 εἰς
2455 4437 2556 4508 τὴν
2595 4436 2862 4508 θεότητα,
2910 4432 3025 4488 ἀλλ’
3076 4434 3135 4485 ὲν
3178 4427 3343 4499 σαρκὶ
3372 4424 3469 4495 τῆς
3499 4421 3755 4490 θεότητος

2176 4529 2568 4601 οἱκονομούσης
2594 4529 2665 4582 τά
2710 4529 2889 4583 πάντα
2928 4528 2986 4580 ὲν
3013 4521 3255 4592 ἀπαθείᾳ
3285 4518 3380 4573 καὶ
3412 4518 3471 4569 ὲν
3500 4513 3751 4585 ἀληθείᾳ.

487 4617 801 4673 uestimenta
844 4635 961 4673 mea
985 4620 1043 4685 ³;
1079 4627 1167 4676 et:
1221 4619 1499 4676 Fuderunt
1539 4639 1730 4677 manus
1791 4641 1958 4690 meas,
2014 4633 2064 4678 et
2114 4624 2267 4693 pedes
2294 4622 2510 4681 meos‘;
2554 4623 2680 4678 item
2727 4638 2744 4673 :
2776 4618 2881 4692 ipsi
2919 4635 3038 4674 vero
3077 4613 3565 4672 consideraverunt,
3592 4616 3643 4661 et
3672 4606 3756 4658 in-

487 4720 770 4777 spexerunt
810 4709 950 4775 me',
1008 4724 1073 4764 ac
1101 4717 1298 4767 cmtera
1325 4712 1381 4767 id
1438 4727 1635 4784 genus,
1674 4729 1798 4785 quae
1850 4715 1906 4770 in
1952 4715 2070 4786 ipsa
2122 4714 2407 4770 divinitate
2448 4712 2633 4783 perfici
2678 4720 2991 4783 nequeunt,
3034 4707 3129 4764 sed
3168 4707 3221 4761 in
3254 4717 3422 4759 carne
3449 4700 3753 4760 duntaxat;

487 4806 653 4877 793
685 4806 740 4860 in
771 4820 880 4878 qua
907 4805 1170 4862 divinitas
1216 4807 1426 4874 omnia,
1472 4809 1622 4863 nulla
1658 4808 1948 4866 alfectione
2009 4819 2286 4882 suscepta.
2315 4808 2413 4867 sed
2441 4824 2508 4865 ex
2530 4808 2610 4863 rei
2638 4817 2818 4863 tamen
2848 4806 3101 4869 veritate,
3129 4798 3399 4872 praestitit.

556 4892 766 4950 LXVII.
806 4892 1025 4951 Rursus
1053 4896 1206 4951 velut
1246 4895 1441 4953 furiosi
1488 4898 1713 4969 quidam
1742 4914 1931 4967 canes,
1962 4916 2063 4957 ne-

2238 4900 2355 4956 ΞΖ’.
2399 4899 2737 4971 Ἀναπηδῶσι
2775 4898 2835 4952 δὲ
2869 4898 3053 4961 πάλιν,
3080 4896 3156 4958 ὡς
3186 4895 3237 4947 oi
3282 4893 3549 4962 ἐμμανεῖς
3592 4888 3754 4952 κύνες

484 5001 595 5058 que
622 4986 905 5040 dominum
933 4999 1045 5056 prae
1075 4985 1231 5042 rabie
1253 4988 1490 5059 amplius
1520 5000 1902 5061 agnoscentes,
1932 4999 1988 5048 et
2013 4993 2069 5047 in

486 5080 667 5150 ipsum
737 5078 974 5149 primum
1049 5080 1314 5151 impetum
1396 5080 1662 5140 facientes
1700 5125 1717 5151 ,
1796 5085 2064 5141 insiliunt.

485 5166 755 5237 Cumque,
784 5167 1082 5227 fatentibus
1106 5170 1289 5235 nobis,
1307 5171 1362 5227 id
1390 5172 1538 5243 quod
1566 5190 1655 5231 res
1686 5183 1793 5240 est,
1815 5177 2067 5244 audiunt,

484 5254 765 5310 Christum
799 5255 1086 5313 Dominum
1115 5260 1168 5314 iu
1213 5259 1508 5333 Evangelio
1534 5262 1602 5320 de
1625 5265 1910 5339 discipulis
1953 5267 2071 5324 suis

488 5345 593 5401 ista
621 5345 830 5403 dixisse
858 5367 871 5404 :
911 5349 1055 5416 Quos
1079 5350 1275 5407 dedisti
1303 5352 1454 5417 mihi,
1490 5352 1674 5421 Pater,
1719 5359 1919 5412 servavi
1947 5358 2070 5413 illos

485 5439 543 5492 in
569 5439 767 5495 mundo
800 5441 843 5497 ⁵.
872 5441 1078 5499 Deinde
1106 5460 1123 5498 :
1160 5443 1275 5499 Fac
1304 5446 1468 5515 ipsos,
1496 5456 1555 5500 ut
1588 5449 1697 5502 sint
1728 5450 1785 5503 in
1807 5466 1908 5514 me,
1936 5450 2074 5505 sicut

485 5548 582 5602 ego
622 5542 673 5589 et
698 5542 754 5588 tu
784 5551 948 5591 unum
972 5555 1158 5594 sumus
1188 5539 1252 5604 ";
1289 5546 1406 5595 tum
1434 5541 1512 5595 illi
1548 5542 1710 5598 nobis
1748 5543 2021 5615 objiciunt
2054 5561 2067 5597 :

490 5772 516 5811 .
548 5709 586 5811 ὲ
615 5710 846 5811 iiiis"-
901 5715 1074 5811 r2}.-

543 5776 606 5837 F.
637 5776 826 5839 αὑτοῦ.
901 5785 922 5817 ⁹
952 5786 1079 5842 Cor.
1116 5802 1203 5858 με.

1163 5715 1595 5789 'Psal.xxl,2.
1673 5718 1987 5777 ’ibid.19.
2065 5717 2373 5775 ‘ibid.l7.

2176 4993 2355 5067 λύσσῃ
2382 4993 2491 5046 τινὶ
2521 4991 2894 5062 κατεχόμενοι,
2927 4988 3021 5042 τὸν
3048 4987 3227 5041 αὐτῶν
3254 4984 3522 5053 δεσπότην
3548 4981 3635 5035 διὰ
3656 4980 3756 5051 τὴν

2176 5084 2380 5140 λύσσαν
2408 5083 2751 5153 ἀγνοοῦντες,
2800 5081 2895 5136 καὶ
2928 5079 3078 5150 αὐτῷ
3117 5077 3334 5150 πρῶτον
3375 5074 3752 5145 ἐπερχόμενοι.

2178 5174 2290 5228 Καὶ
2333 5172 2551 5242 λέγουσι
2595 5171 2778 5238 πάλιν,
2812 5171 2939 5224 ὅταν
2987 5168 3264 5223 ἀκούσωσι
3311 5164 3442 5236 παρ’
3475 5162 3655 5234 ήμῶν,
3680 5162 3756 5225 ὡς

2176 5265 2326 5318 ἔστιν
2349 5264 2567 5335 ἀληθὲς,
2598 5265 2675 5328 ὠς
2700 5262 2794 5316 τοῦ
2817 5261 3021 5332 Κυρίου
3047 5260 3292 5329 λέγοντος
3317 5259 3376 5311 ὲν
3404 5254 3483 5327 τῷ
3512 5256 3754 5322 Εὐαγγε-

2178 5357 2276 5428 λίῳ
2308 5358 2438 5428 περὶ
2481 5358 2590 5410 τῶν
2622 5355 2788 5409 αὑτοῦ
2835 5353 3125 5426 μαθητῶν·
3155 5352 3275 5417 Οὓς
3317 5346 3584 5412 δέδωκάς
3628 5362 3754 5415 μοι,

2175 5449 2387 5518 Πάτερ,
2409 5448 2687 5518 ἐφύλαξα
2707 5448 2931 5513 αὐτοὺς
2955 5446 3028 5499 ἐν
3060 5444 3141 5508 τῷ
3167 5444 3401 5513 κόσμῳο
3432 5441 3527 5495 καὶ
3551 5439 3717 5494 πάλιν
3738 5453 3754 5469 ο

2176 5542 2445 5611 Ποίησον
2470 5539 2693 5607 αὐτοὺς
2723 5540 2825 5594 ἵνα
2860 5533 3012 5593 ὦσιν
3044 5535 3115 5589 ἐν
3151 5532 3301 5603 ἐμοὶ,
3344 5532 3427 5598 ὠς
3458 5529 3619 5600 κάγὼ
3655 5523 3756 5583 καὶ

2478 5718 2499 5748 ⁸
2538 5714 2669 5773 ibid.
2700 5716 2788 5772 18.
2865 5715 2885 5747 ⁸
2909 5712 3066 5770 Joan.
3098 5727 3230 5780 xvu,
3278 5709 3365 5767 12.
3445 5708 3465 5738 ⁷
3500 5703 3632 5762 ibid.
3658 5701 3756 5761 21.
