4138 6396
398 428 509 489 Ξὶδ

1010 426 1378 487 ADVERSUS
1411 427 1758 485 HERESES
1780 427 1923 486 LIB.
1966 427 2001 484 ll

2101 427 2239 486 30M.
2281 426 2351 485 ΙΙ.
2387 459 2457 469 -
2496 427 2768 486 ΙΙιΕΒΕΞ.
2812 425 3000 483 LXIX.

3574 424 3683 482 3M

400 542 485 599 σὺ
513 541 587 596 ἓν
611 540 800 613 ἐσμεν
817 555 832 573 ⁸
862 542 956 596 καὶ
979 542 1231 612 λέγουσιν
1249 559 1264 575 ο
1309 544 1473 615 Ὁρᾷς
1501 543 1563 597 τὸ
1590 543 1682 597 ὑπ’
1712 541 1879 597 αὐτοῦ
1903 543 1990 597 λε·-

2101 542 2491 599 Animadvertis
2527 540 2839 613 cujusmodi
2886 541 2977 595 illa
3012 539 3178 595 verba
3224 538 3373 594 sint?
3421 536 3555 609 Ego,
3596 537 3684 592 inv

399 629 655 700 γόμενον,
696 630 779 683 ὅτι
820 629 963 699 Ἐγὼ
1008 630 1080 685 ἐν
1129 631 1211 697 τῷ
1246 632 1451 700 Πατρί,
1485 633 1585 687 καί
1633 635 1665 687 ὀ
1700 634 1902 703 Πατὴρ
1927 634 1997 687 ἐν

402 717 552 787 ἐμοὶ,
590 717 687 772 καὶ
723 721 779 772 οι
803 716 915 772 δύο
940 718 1011 773 ἓν
1036 720 1245 790 ἐσμεν,
1272 723 1353 776 ὅτι
1382 722 1444 775 ού
1481 722 1610 793 περὶ
1639 723 1883 791 ἰσότητος
1911 723 1994 777 λέο

401 824 513 875 γει,
550 807 688 861 ἀλλὰ
724 810 853 881 περὶ
888 810 1172 880 ὁμονοίας;
1216 812 1341 877 Πῶς
1383 813 1493 886 γὰρ
1528 812 1781 867 δύνανται
1809 815 1859 867 οί
1891 831 1997 884 μα-

402 900 565 972 θηταὶ
612 904 672 957 ὲν
708 903 859 974 αὐτῷ
890 899 1032 958 εἶναι
1079 905 1222 959 κατὰ
1274 906 1516 976 ἰσότητα,
1564 905 1701 961 ἁλλὰ
1748 906 1823 978 μὴ
1857 906 2000 961 κατὰ

400 994 501 1065 τὴν
533 995 817 1065 όμόνοιαν;
849 997 960 1051 Καὶ
986 996 1149 1062 εὐθὺς
1178 998 1353 1070 πάντη
1380 1000 1593 1069 ἐλέγχει
1620 1000 1819 1064 αὐτοὺς
1840 1003 1873 1071 ἡ
1900 999 1997 1053 τοῦ

402 1087 541 1140 Θεοῦ
587 1088 839 1161 ἀλήθεια,
886 1090 963 1154 ὡς
1005 1090 1130 1145 οὔτε
1155 1093 1204 1145 οί
1252 1093 1491 1164 μαθηταὶ
1542 1092 1805 1163 ἠδύναντο
1840 1093 2000 1147 τοῦτο

404 1178 670 1252 πληροῦν,
698 1181 823 1236 οὗτε
851 1184 980 1254 περὶ
1001 1184 1183 1239 αὐτῶν
1210 1185 1372 1239 τοῦτο
1407 1186 1659 1259 ῥηθῆναι,
1690 1189 1739 1241 εί
1764 1186 1839 1258 μὴ
1865 1189 2001 1241 ὲκοι-

403 1270 613 1344 νώνησε
642 1274 747 1346 τῆς
777 1277 956 1331 αὐτῶν
997 1277 1221 1349 σαρκὸς.
1253 1277 1423 1332 ἐλθὼν
1446 1279 1474 1332 ό
1505 1280 1699 1348 Λόγος,
1744 1279 1841 1333 καὶ
1871 1297 1999 1334 συν-

402 1359 549 1429 ἅψας
566 1362 765 1427 αὐτοὺς
783 1366 843 1419 ὲν
862 1365 1012 1438 αὑτῷ
1028 1368 1108 1431 είς
1135 1366 1430 1421 υἱοθεσίαν.
1460 1368 1560 1422 Διὰ
1589 1369 1750 1424 τοῦτο
1776 1370 1884 1442 γὰρ
1906 1371 2000 1423 καί¹

403 1453 583 1525 πάντη
612 1456 670 1510 ὲν
699 1455 778 1526 τῷ
814 1456 1058 1529 ’ᾼσματι
1084 1458 1196 1514 τῶν
1225 1459 1487 1531 ᾀσμάτων
1507 1459 1607 1531 τὴν
1638 1460 1799 1529 ἁγίαν
1830 1461 1997 1515 αὑτοῦ

417 1547 746 1619 Ἐκκλησίαν
779 1551 1006 1624 πλησίον
1035 1553 1212 1617 καλεῖ,
1249 1554 1587 1627 προσφωνῶν
1619 1556 1756 1627 αὐτῇ
1786 1555 1876 1609 διὰ
1898 1556 2000 1627 τῆς

402 1637 568 1707 ἁγίας
590 1639 760 1694 αὑτοῦ
784 1642 993 1713 φωνῆς,
1020 1645 1120 1715 τῆς
1147 1646 1507 1718 ἁνεγερτικῆς
1534 1647 1638 1702 καὶΔ
1670 1663 1997 1719 προτρεπτι-

403 1730 529 1802 κῆς,
553 1728 729 1801 λέγων
755 1732 851 1801 τὸ),
892 1733 1177 1801 Ἀνάστα,
1202 1736 1345 1792 ἐλθὲ
1371 1739 1640 1804 πλησίον
1662 1756 1803 1807 μου,
1837 1736 1995 1804 καλή

398 1842 541 1895 μου,
592 1824 915 1896 περιστερά
938 1845 1077 1897 μου.
1116 1829 1229 1883 Καὶ
1277 1831 1428 1902 ὁρᾷς,
1464 1830 1539 1895 ὡς
1567 1831 1794 1903 πλησίον
1827 1831 1996 1902 αὐτὴν

2097 636 2237 707 quit,
2272 636 2329 689 in
2378 634 2562 698 Patre,
2587 645 2637 689 et
2670 634 2835 689 Pater
2873 636 2931 689 in
2970 652 3069 697 me,
3107 643 3157 688 et
3193 632 3345 687 ambs
3385 646 3550 684 unum
3586 646 3681 684 su-

2097 738 2215 777 mus
2252 722 2292 776 ί.
2326 721 2457 789 Quae
2501 738 2607 777 non
2636 722 2702 778 de
2735 723 3048 793 :cqualitate
3096 731 3329 787 natural,
3364 719 3462 775 sed
3496 720 3564 774 de
3590 735 3682 773 vo-

2098 814 2372 869 luntatum
2403 814 2701 870 concordia
2736 832 2835 885 par
2869 824 2954 871 est
2982 815 3177 886 accipi.
3220 813 3507 881 Quomodo
3535 811 3681 867 enim

2097 905 2375 977 discipuli,
2407 906 2453 963 si
2474 907 2542 962 de
2568 908 2898 976 aequalitate,
2934 922 3042 961 non
3070 906 3139 961 de
3174 904 3470 960 concordia
3498 916 3680 958 sermo

2099 997 2192 1061 sit,
2225 999 2279 1053 in
2312 998 2430 1068 ipso
2463 1012 2588 1054 esse
2616 998 2947 1068 potuerunt?
2977 998 3082 1053 Sed
3131 998 3200 1051 ab
3227 995 3377 1050 omni
3412 1000 3568 1065 parte
3596 992 3681 1047 di-

2099 1088 2241 1141 vinae
2288 1087 2410 1141 illos
2454 1088 2701 1143 veritatis
2750 1088 3051 1142 auctoritas
3090 1086 3290 1141 refellit
3328 1083 3521 1155 :quod
3568 1096 3681 1137 non

2098 1180 2258 1234 aliter
2290 1180 2395 1234 hoc
2427 1178 2640 1249 impleri
2679 1180 2749 1234 ab
2786 1179 3053 1249 apostolis
3087 1178 3284 1249 potuit,
3320 1191 3423 1232 nec
3463 1177 3533 1231 de
3575 1174 3684 1231 illis

2099 1271 2247 1327 istud
2281 1273 2460 1342 ipsum
2489 1273 2857 1342 pronuntiari,
2890 1271 2997 1327 nisi
3028 1270 3214 1326 carnis
3260 1269 3476 1324 illorum
3510 1266 3683 1338 parti-

2099 1378 2227 1433 ceps
2253 1362 2497 1418 divinum
2530 1361 2769 1417 Verbum
2821 1362 3040 1423 fuisset,
3075 1362 3412 1429 eosdemque
3456 1357 3511 1410 in
3562 1370 3686 1412 sese

2098 1450 2391 1522 adoptione
2414 1452 2714 1522 junxisset.
2738 1452 2918 1522 Atque
2945 1451 3137 1507 eadem
3167 1464 3335 1505 causa
3365 1455 3471 1513 est,
3497 1462 3598 1501 cur
3627 1447 3685 1501 in

2097 1543 2324 1599 Cantico
2351 1545 2695 1599 canticorum
2724 1552 3139 1599 sacrosanctam
3185 1556 3343 1599 suam
3378 1540 3679 1596 Ecclesiam

2098 1636 2301 1707 ubique
2327 1636 2631 1706 proximam
2661 1636 2917 1708 appellet,
2957 1649 3122 1706 quam
3149 1648 3281 1689 voce
3308 1646 3407 1688 sua
3431 1631 3681 1687 excitans

2094 1736 2151 1785 et
2193 1728 2489 1783 cohortans
2541 1728 2689 1783 hunc
2741 1729 2798 1782 in
2842 1727 3065 1782 modum
3122 1724 3457 1796 compellat:
3495 1722 3685 1792 Surge.

2095 1820 2230 1882 veni,
2268 1819 2515 1888 proxima
2560 1834 2697 1883 mea,
2737 1818 2973 1886 formosa
3020 1833 3156 1880 mea,
3204 1816 3448 1871 columba
3482 1831 3599 1869 mea
3634 1806 3695 1869 ’.'

404 1914 596 1979 καλεῖς
628 1917 743 1970 Οὐκ
771 1918 1004 1988 ἠδύνατο
1026 1920 1083 1974 δὲ
1106 1921 1140 1991 ἡ
1185 1921 1482 1992 Ἐκκλησία
1506 1921 1731 1993 πλησίον
1757 1922 1994 1994 Χριστοῦ

2101 1909 2335 1966 Videsne
2358 1918 2417 1964 ut
2442 1910 2590 1964 illam
2614 1909 2921 1981 proximam
2942 1906 3225 1963 nominet?
3246 1908 3411 1978 Atqui
3435 1907 3687 1977 proxima

404 2006 706 2073 καλεῖσθαι,
741 2011 789 2063 εί
827 2011 902 2083 μὴ
927 2011 1135 2067 ἄνωθεν
1164 2006 1439 2085 ἧλθεώιαὶ
1474 2014 1806 2086 ἐπλησίασεν
1833 2015 1994 2086 αὐτῇ,

403 2094 565 2172 δι’ἦς
608 2100 767 2155 ἔλασε
804 2105 1007 2176 σαρκὸς
1043 2106 1430 2177 όμοιοπαθοῦς,
1456 2106 1544 2162 ἴνα
1569 2107 1669 2178 τὴν
1694 2090 1999 2179 πλησὶάσαέ

408 2207 508 2247 σαν
539 2192 690 2265 αὐτῷ
723 2195 1141 2269 ἁνθρωπότητα,
1180 2198 1504 2269 συναγαγὼν
1533 2201 1662 2265 τοὺς
1694 2201 1752 2255 ὲν
1780 2202 1995 2272 ὑπακοῇ

406 2286 735 2358 γενομένους
787 2288 1017 2362 πλησίον
1066 2291 1266 2364 ἑαυτῷ,
1317 2292 1521 2370 καλέσῃ
1552 2295 1652 2366 τὴν
1702 2294 1865 2365 ἁγίαν
1902 2295 1998 2349 καὶ

406 2379 635 2436 ἄσπιλον
658 2379 896 2453 νύμφην.

478 2644 592 2702 Kal
627 2644 717 2700 διὰ
753 2644 914 2700 τοῦτο
945 2646 1180 2702 ἐνταῦθα
1221 2648 1313 2703 τὸν
1346 2650 1570 2723 Πατέρα
1607 2652 1788 2706 αίτεϊὸ
1801 2652 1996 2722 Λόγος,

408 2736 440 2788 ὁ
464 2735 670 2808 Κύριος
702 2737 863 2809 ἡμῶν
894 2739 924 2792 ό
953 2740 1274 2811 Μονογενὴς
1302 2740 1434 2813 περὶ
1464 2740 1575 2794 τῶν
1606 2741 1885 2813 μαθητῶν,
1912 2744 1999 2797 ἵνα

406 2819 542 2881 ὦσιν
574 2828 633 2881 ἐν
662 2828 861 2901 ἑαυτῷ,
893 2829 981 2884 ίνα
1019 2829 1117 2903 τὴν
1149 2831 1470 2902 συγγένειαν
1496 2832 1594 2905 τὴν
1620 2834 1700 2897 είς
1725 2832 1890 2887 αὑτὸν
1911 2833 2000 2888 διὰ

406 2916 507 2988 τῆς
547 2917 752 2990 σαρκὸς
776 2919 1078 2992 γενομένην
1110 2920 1332 2994 εὐδοκία
1366 2924 1601 2994 Πατρὺς,
1627 2924 1998 2993 ἁγιασθέντων

405 3008 517 3061 τῶν
564 3009 843 3083 μαθητῶν,
883 3013 966 3077 είς
1013 3013 1241 3085 ἑνότητα
1286 3014 1536 3077 εὐδοκίας
1582 3017 1677 3070 καὶ
1725 3016 1999 3082 υἱοθεσίας

407 3101 625 3177 συνάψῃ
644 3121 659 3134 ·
690 3104 778 3158 ἵνα
820 3105 1019 3176 ἔχωσιν
1049 3106 1109 3159 ὲν
1151 3106 1231 3178 τῷ
1271 3108 1603 3180 πρωτοτόκῳ
1639 3110 1733 3163 τοῦ
1784 3110 1998 3182 Πατρὸς

407 3194 526 3264 τὴν
559 3196 920 3268 ἀπογραφὴν
944 3198 1065 3253 τῶν
1085 3202 1475 3267 πρωτοτόκων
1504 3201 1575 3254 ἐν
1611 3201 1847 3270 οὐρανῷ
1863 3219 1878 3234 ο
1903 3203 1999 3257 καὶ

410 3286 500 3342 ινα
532 3289 606 3361 μή
634 3306 781 3355 τινες
808 3291 1072 3361 νομίσωσι
1100 3291 1191 3346 τὸν
1221 3292 1352 3347 Υίὺν
1380 3292 1872 3365 άπαλλοτριοῦσθαι
1899 3295 1998 3366 τῆς

405 3381 505 3435 τοῦ
543 3381 761 3453 Πατρὸς
797 3382 977 3455 δόξης,
1010 3384 1099 3439 διὰ
1130 3384 1192 3439 τὸ
1228 3384 1601 3457 πεφορηκέναι
1650 3385 1849 3458 σάρκα,
1896 3388 1997 3442 ἑπ-

408 3473 845 3545 ασφαλιζόμενος
860 3476 960 3546 τὴν
975 3475 1161 3531 πίστιν
1181 3475 1280 3531 καὶ
1305 3476 1402 3547 τὴν
1416 3478 1517 3549 τῆς
1538 3477 1803 3548 ἀληθείας
1832 3477 1998 3533 αὐτοῦ

407 3566 631 3635 γνῶσιν,
673 3570 747 3642 μὴ
789 3570 848 3623 ὲν
879 3569 1107 3641 ὑπονοίᾳ
1130 3571 1239 3624 τινὶ
1269 3570 1524 3639 γενέσθαι
1549 3571 1658 3625 τῶν
1685 3572 1853 3626 αὑτοῦ
1879 3572 2001 3626 δού-

407 3658 539 3724 λων,
581 3662 678 3715 καὶ
723 3660 828 3731 τῆς
875 3661 1091 3725 ἐλπίδος
1134 3660 1359 3715 ἐκπέσοι
1406 3664 1435 3715 ό
1486 3662 1751 3728 τοιοῦτος,
1802 3662 1997 3733 φησίνο

409 3752 536 3807 Ἵνα
550 3748 723 3818 ὦσιν,
749 3752 830 3819 ὡς
849 3752 965 3823 ἐγὼ
986 3753 1085 3807 καί
1114 3752 1196 3808 σὺ
1217 3753 1287 3807 ἐν
1311 3752 1518 3823 ἐσμεν,
1538 3754 1693 3808 οὕτω
1713 3754 1810 3808 καί
1837 3749 2003 3810 οὗτοι

409 3839 670 3900 ἐνῶσιν.
706 3843 855 3913 Ἐγὼ
889 3844 1010 3914 μὲν
1050 3844 1161 3915 γὰρ
1208 3844 1307 3897 καί
1353 3844 1435 3899 σὺ
1464 3845 1535 3899 ἐν
1558 3846 1767 3915 ἐσμεν,
1807 3844 1897 3899 διὰ
1941 3844 2004 3897 τὸ

409 3936 544 3991 Θεὸν
569 3940 635 3991 ὲκ
660 3936 818 4001 Θεοῦ,
851 3938 944 3990 καὶ
967 3937 1254 4008 όμοούσιον
1292 3939 1351 3992 ὲν
1387 3936 1623 4010 θεότητι.
1650 3940 1764 3993 Καὶ
1781 3939 1863 4002 τὸ,
1890 3939 2004 3993 Ἕν

409 4031 621 4100 ἐσμεν,
650 4030 749 4101 οὐχ
779 4032 959 4085 ὲνικὺν
988 4030 1263 4102 σημαίνει.
1302 4031 1417 4085 Οὐκ
1438 4027 1561 4086 εἷπε
1590 4032 1722 4101 γὰρ,
1754 4034 1838 4087 ὅτι
1862 4030 2003 4101 Ἐγὼ

412 4117 495 4185 εἷς
521 4123 663 4191 εἰμι,
692 4122 807 4175 ἀλλ’
852 4121 995 4192 Ἐγὼ
1014 4120 1113 4175 καὶ
1142 4121 1225 4176 σύ
1242 4136 1259 4153 ο
1295 4121 1492 4190 καὶτὸ,
1532 4122 1647 4178 Ἔν
1673 4123 1885 4193 ἐσμεν,
1916 4124 2005 4178 ἵνα

413 4215 613 4288 ἐλέγξῃ
662 4215 950 4269 Σαϐέλλιον
978 4217 1075 4269 καὶ
1116 4216 1215 4288 τὴν
1261 4216 1427 4271 αὐτοῦ
1463 4216 1680 4287 σχολὴν,
1710 4215 1803 4270 τὸν
1855 4216 2008 4287 νομί-

413 4305 580 4369 ζοντα
604 4304 694 4359 τὸν
725 4306 854 4360 Υίὸν
880 4306 975 4360 καὶ
1004 4307 1096 4360 τὸν
1116 4305 1340 4380 Πατέρα
1368 4304 1698 4377 συναλοιφὴν
1721 4301 1880 4372 εἷναι,
1913 4306 2008 4359 καὶ⁹

411 4396 506 4450 τὸν
559 4396 780 4469 Πατέρα
827 4398 965 4470 πρὸς
997 4398 1060 4452 τὸ
1105 4398 1262 4468 ἆγιον
1313 4397 1543 4469 Πνεῦμα
1587 4397 1868 4461 ὡσαύτως.
1907 4397 2006 4451 Διὰ

411 4489 573 4544 τοῦτο
601 4490 710 4561 γὰρ
729 4489 897 4559 λέγει,
931 4490 1040 4545 Ἕν
1062 4491 1375 4561 ἐσμεν,καὶ
1406 4491 1508 4544 οὐκ
1531 4484 1705 4554 εἶπεν,
1735 4484 1832 4553 Εἷς
1864 4490 2002 4560 εἰμι.

2096 2017 2220 2058 esse
2244 2001 2469 2058 Christo
2494 2000 2742 2057 Ecclesia
2771 2016 2881 2055 non
2909 2007 3144 2071 poterat,
3173 1999 3281 2055 nisi
3312 1998 3383 2055 de
3409 1998 3553 2053 caelo
3596 1996 3689 2051 ille

2097 2094 2441 2151 descendens
2468 2094 2537 2149 ad
2567 2108 2687 2149 eam
2720 2095 3047 2149 accessisset
3075 2110 3089 2147 :
3121 2099 3344 2162 propter
3375 2104 3540 2161 quam
3588 2088 3687 2143 iis-

2096 2185 2221 2243 dem
2248 2186 2632 2243 all‘ectionibus
2658 2184 2958 2240 obnoxiam
2997 2184 3104 2239 sibi
3132 2198 3354 2238 carnem
3404 2180 3687 2252 imposuit,

2097 2286 2160 2335 ut
2187 2276 2489 2334 humanum
2525 2293 2701 2349 genus
2730 2276 2799 2331 ad
2842 2292 2967 2333 sese
2992 2276 3219 2347 pr0pius
3252 2273 3518 2330 accedens
3562 2287 3691 2328 san-

2098 2380 2244 2428 etam
2289 2387 2355 2427 ac
2380 2371 2521 2427 labis
2550 2381 2831 2442 expertem
2877 2384 3141 2440 sponsam
3172 2375 3412 2432 vocaret,
3445 2364 3691 2422 collectis

2096 2464 2355 2520 omnibus
2398 2462 2492 2529 iis,
2531 2464 2625 2535 qui
2663 2463 2938 2534 obsequio
2981 2459 3402 2533 propinquiorcs
3430 2458 3537 2514 sibi
3568 2471 3693 2513 esse

2097 2556 2420 2627 cwpissent.

2168 2647 2311 2703 Hinc
2346 2663 2377 2702 a
2422 2646 2584 2704 Patre
2629 2662 2732 2704 suo
2776 2646 3019 2719 postulat
3090 2645 3197 2702 hoc
3236 2645 3359 2701 loco
3412 2641 3690 2709 Verbum,

2097 2741 2204 2797 hoc
2245 2749 2330 2797 est
2359 2740 2629 2797 Dominus
2671 2750 2883 2805 noster,
2922 2739 3121 2795 unicus
3151 2738 3247 2794 Dei
3276 2736 3472 2801 Filius,
3497 2750 3563 2790 ac
3593 2750 3694 2806 pro

2098 2833 2384 2904 discipulis
2400 2833 2693 2904 supplicat,
2713 2840 2775 2888 ut
2789 2832 2843 2887 in
2861 2832 3043 2904 seipso
3056 2832 3168 2889 sint
3187 2849 3201 2886 :
3217 2845 3327 2902 quo
3343 2830 3491 2885 illam
3507 2828 3696 2883 carnis

2100 2926 2414 2983 interventu
2445 2925 2829 2998 cognationem
2855 2924 2924 2980 de
2975 2924 3157 2978 Patris
3192 2922 3251 2977 in
3287 2937 3349 2978 se
3405 2920 3694 2975 voluntate

2098 3026 2439 3075 contractam
2467 3016 2827 3073 sanctiﬁcatis
2875 3015 3164 3085 discipulis
3194 3013 3360 3069 unius
3392 3010 3696 3068 voluntatis

2097 3119 2154 3168 et
2176 3110 2490 3182 adoptionis
2527 3109 2918 3179 conjunctione
2948 3107 3454 3178 copularet;atque
3494 3113 3553 3159 ut
3600 3116 3696 3173 per

2102 3206 2525 3278 primogenitum
2541 3203 2744 3269 Patris,
2758 3201 3244 3274 primogenitorum
3263 3200 3317 3254 in
3334 3198 3476 3254 coelo
3491 3196 3698 3253 descri-

2099 3301 2341 3371 ptionem
2363 3298 2386 3332 ³
2413 3296 2760 3353 obtinerent:
2783 3308 2919 3350 neve
2943 3309 2974 3347 a
2996 3301 3224 3364 paterna
3256 3290 3429 3361 gloria
3453 3288 3695 3343 alienum

2099 3409 2224 3451 esse
2255 3392 2457 3448 Filium
2490 3406 2557 3447 ex
2584 3406 2650 3447 eo
2676 3388 2929 3445 nonnulli
2965 3387 3069 3443 sibi
3097 3385 3513 3456 persuaderent,
3547 3380 3697 3452 quod

2100 3500 2323 3541 carnem
2355 3491 2646 3556 gestasset.
2664 3480 2821 3537 Unde
2839 3488 2901 3535 ut
2930 3488 2984 3536 et
3011 3479 3172 3536 ﬁdem
3190 3494 3255 3534 ac
3290 3477 3541 3534 veritatis
3568 3491 3682 3531 suae

2101 3577 2468 3649 cognitionem
2505 3575 2766 3641 muniret,
2823 3585 2878 3631 et
2917 3574 3055 3629 nihil
3091 3570 3363 3643 ejusmodi
3410 3583 3698 3626 servorum

2101 3685 2328 3726 suorum
2364 3668 2645 3724 mentibus
2690 3677 3028 3732 occurreret,
3063 3663 3210 3735 quod
3245 3663 3394 3734 ipsos
3417 3662 3566 3716 omni
3600 3666 3701 3732 3pc

2104 3760 2540 3818 immortalitatis
2587 3759 2940 3824 excluderet,
2991 3754 3364 3826 adjiciendum
3415 3751 3633 3821 putavit
3677 3767 3695 3805 :

2103 3838 2268 3928 794
2305 3853 2375 3909 Ut
2417 3854 2524 3909 sint
2552 3869 2738 3919 unum,
2784 3853 2920 3906 sicut
2949 3867 3041 3921 ego
3074 3858 3124 3905 et
3156 3858 3213 3903 tu
3243 3862 3408 3901 unum
3441 3860 3624 3899 sumus
3652 3843 3696 3895 ⁸.

2104 3948 2217 4020 Ego
2250 3948 2391 4002 enim
2428 3954 2479 4001 et
2514 3955 2569 4000 tu
2608 3962 2773 3999 unum
2818 3961 3002 3999 sumus
3056 3945 3108 4008 ⁸,
3150 3958 3216 3998 eo
3248 3940 3399 4012 quod
3440 3938 3585 3992 Deus
3627 3951 3701 3990 ex

2066 4039 2239 4108 ‘Deo,
2294 4048 2350 4096 et
2403 4038 2898 4096 consubstantialis
2948 4038 3005 4092 in
3047 4035 3338 4092 divinitate
3384 4033 3457 4089 sit
3513 4039 3698 4085 natus.

2106 4133 2277 4190 Porro
2315 4133 2425 4189 illa:
2468 4132 2603 4203 ipsae
2643 4146 2831 4195 voces,
2881 4128 3059 4184 Unum
3087 4144 3297 4190 sumus,
3346 4141 3455 4180 non
3513 4122 3701 4192 singu-

2105 4227 2220 4281 lare
2253 4224 2462 4295 aliquid
2496 4239 2608 4295 pra:
2640 4239 2700 4280 se
2746 4223 2950 4280 ferunt.
2996 4220 3183 4292 Neque
3211 4220 3356 4276 enim
3390 4218 3549 4281 dixit,
3584 4214 3702 4285 Ego

2106 4335 2251 4375 unus
2282 4333 2427 4382 sum,
2483 4316 2603 4381 sed,
2638 4315 2750 4389 Ego
2781 4324 2831 4371 et
2859 4324 2952 4380 tu;
2999 4321 3075 4381 et,
3127 4311 3301 4368 Unum
3332 4325 3535 4364 sumus.
3581 4307 3701 4373 Qua

2106 4412 2320 4467 ratione
2369 4408 2669 4466 Sabellium
2719 4423 2845 4463 cum
2903 4407 3051 4461 omni
3100 4420 3199 4461 sua
3252 4403 3438 4460 schola
3492 4398 3699 4455 conde-

2107 4511 2281 4570 mnat,
2316 4504 2411 4574 qui
2431 4501 2630 4558 Filium
2654 4516 2779 4556 cum
2808 4499 2990 4563 Patre,
3014 4507 3066 4554 et
3083 4497 3303 4553 Patrem
3335 4510 3458 4551 cum
3492 4492 3702 4563 Spiritu

414 4583 520 4637 Δύο
550 4583 651 4655 μὲν
688 4583 797 4655 γὰρ
830 4583 1034 4647 τέλεια,
1070 4584 1263 4656 Πατὴρ
1295 4583 1390 4637 καὶ
1426 4582 1583 4645 Υίός’
1620 4582 1678 4635 έν
1703 4581 1763 4636 δὲ
1789 4582 1879 4636 διὰ
1901 4583 2001 4653 τὴν

2108 4602 2299 4650 sancto
2324 4592 2634 4649 confundit.
2667 4592 2877 4648 Idcirco
2901 4591 3067 4657 enim,
3098 4588 3274 4643 Unum
3305 4602 3513 4650 sumus,
3534 4582 3698 4645 dixit,

418 4676 663 4745 ἰσότητα,
686 4674 775 4729 διὰ
799 4673 899 4746 τὴν
924 4674 1176 4745 θεότητα,
1200 4675 1296 4728 καὶ
1327 4674 1457 4745 μίαν
1477 4673 1725 4744 δύναμιν,
1751 4674 1847 4728 καὶ
1875 4674 2003 4744 μίαν

413 4769 730 4840 ὁμοιότητα.
783 4769 871 4827 Ἐν
900 4770 967 4839 τῇ
1010 4764 1103 4822 οῦν
1132 4768 1350 4838 θεότητι
1389 4767 1585 4839 Πατὴρ
1617 4768 1713 4821 καὶ
1751 4768 1879 4831 Υίδς
1905 4768 1965 4820 ἓν
1986 4782 2001 4799 ⁸

414 4862 475 4914 ἐν
500 4862 567 4931 τῇ
599 4858 953 4930 ἁνθρωπήσει
986 4858 1117 4921 Υίὸς
1149 4857 1244 4911 καὶ
1272 4857 1321 4909 οἱ
1353 4855 1594 4929 μαθηταὶ
1622 4855 1703 4920 ἓν,
1733 4873 2008 4929 προσαγο-

418 4952 597 5023 μένων
624 4951 734 5005 τῶν
758 4950 849 5005 διὰ.
876 4950 972 5023 τὴν
1006 4948 1334 5015 καταξίωσιν
1358 4948 1459 5019 τῆς
1491 4949 1735 5020 κλήσεως
1762 4948 1871 5001 τῶν
1902 4965 2009 5019 μα-

416 5045 596 5116 θητῶν
622 5045 718 5098 ὲπὶ
758 5044 818 5097 τὸ
843 5043 1233 5113 ἁνεκδιήγητον
1265 5042 1365 5113 τῆς
1397 5040 1563 5095 αὐτοῦ
1596 5040 2009 5113 φιλανθρωπίας

416 5139 499 5200 είς
531 5138 661 5209 μίαν
692 5137 921 5207 ἑνότητα
957 5135 1233 5199 υἱοθεσίας
1264 5134 1353 5188 διὰ
1393 5133 1492 5205 τὴν
1530 5133 1624 5188 τοῦ
1655 5136 1869 5207 Πατρδς
1912 5136 2008 5189 καὶ

418 5229 549 5283 Υίοῦ
581 5230 676 5283 καὶ
704 5228 800 5282 τοῦ
833 5228 992 5296 ἁγίου
1034 5227 1355 5298 Πνεύματος
1397 5226 1665 5280 εὐδοκίαν.
1703 5228 1814 5280 Καὶ
1844 5226 2007 5282 πάλιν

414 5324 739 5396 ὲλήλεγκται
768 5324 801 5393 ἡ
827 5322 1003 5392 πλάνη
1032 5320 1142 5374 τῶν
1168 5319 1435 5391 ματαίων,
1465 5320 1593 5390 περὶ
1623 5317 1717 5371 τοῦ
1749 5318 1880 5372 ἰδίου
1913 5318 2009 5373 αὐ-

414 5417 527 5470 τῶν
548 5417 823 5479 Δεσπότου
858 5414 1047 5477 κακῶς
1078 5412 1440 5486 φρονούντων.

2110 4700 2223 4739 non
2259 4692 2466 4748 autem,
2495 4682 2652 4739 Unus
2687 4699 2832 4738 sum.
2885 4680 3098 4752 Quippe
3134 4678 3380 4750 perfecta
3411 4676 3520 4730 duo
3547 4680 3698 4735 sunt,

2111 4776 2276 4833 Pater
2313 4786 2370 4834 et
2411 4776 2611 4845 Filius,
2645 4776 2741 4833 sed
2771 4790 2943 4831 unum
2975 4772 3339 4828 nihilominus
3366 4768 3699 4839 aequalitate,

2111 4868 2425 4935 divinitate,
2457 4869 2681 4935 virtute,
2728 4865 3115 4924 similitudine.
3149 4861 3564 4919 Concludamus
3598 4859 3702 4911 ita-

2115 4978 2246 5034 que,
2280 4961 2430 5034 quod
2470 4963 2537 5018 ad
2568 4961 2914 5018 divinitatem
2944 4958 3201 5029 pertinet,
3250 4954 3469 5008 Patrem
3518 4958 3573 5006 et
3607 4948 3700 5004 Fi-

2114 5052 2248 5107 lium
2284 5052 2428 5109 idem
2461 5061 2626 5122 atque
2655 5066 2824 5105 unum
2860 5063 3016 5113 esse;
3071 5048 3116 5103 si
3159 5060 3290 5101 vero
3320 5052 3573 5098 naturam
3602 5040 3702 5093 lio-

2113 5144 2283 5200 minis
2325 5144 2668 5208 consideres,
2723 5157 2893 5198 unum
2944 5156 3069 5196 esse
3114 5153 3239 5195 cum
3289 5133 3578 5205 discipulis
3613 5130 3693 5185 Fi-

2114 5238 2249 5293 lium
2298 5255 2315 5293 :
2363 5252 2504 5309 quos
2558 5235 2869 5292 vocationis
2941 5248 3057 5289 suae
3140 5228 3540 5303 gratificatione
3604 5238 3701 5294 pro

2109 5329 2322 5384 inﬁnita
2357 5344 2456 5385 sua
2485 5329 2853 5399 benignitate,
2901 5325 2971 5379 ad
3016 5338 3183 5379 unam
3219 5318 3533 5390 adoptionis
3587 5317 3702 5370 siu-

2108 5420 2456 5490 gularitatem
2486 5419 2557 5475 de
2583 5418 2864 5474 communi
2891 5414 3094 5480 Patris,
3123 5423 3179 5469 et
3202 5412 3349 5476 Filii,
3372 5418 3427 5466 et
3456 5407 3702 5478 Spiritus

418 5508 600 5566 sancti
667 5508 940 5564 sententia
999 5506 1277 5577 perduxit.
1319 5505 1438 5571 Qua
1487 5503 1711 5575 quidem
1768 5504 1983 5561 ratione
2035 5510 2465 5568 vanissimorum
2525 5510 2813 5566 hominum
2869 5522 2933 5563 ac
3010 5506 3155 5562 male
3197 5504 3266 5561 de
3319 5499 3551 5557 Domino
3603 5511 3703 5553 suo

419 5599 781 5656 sentientium
807 5599 945 5653 falsa
982 5597 1301 5654 confutatur
1330 5596 1540 5668 opinio.

490 5697 617 5751 EH'.
652 5695 948 5768 Παρελθὼν
978 5696 1036 5749 δὲ
1069 5696 1165 5749 καὶ
1191 5694 1395 5766 ταύτην
1425 5696 1524 5766 τὴν
1551 5695 1714 5762 λέξιν,
1750 5695 1848 5759 τὰς
1881 5695 2009 5764 ἑξῆς

420 5789 799 5862 διασκοπήσω.
824 5788 1150 5863 Προπηδῶσι
1176 5788 1234 5842 δέ
1251 5806 1404 5852 τινας
1430 5788 1603 5854 λέξεις
1623 5789 1833 5852 ἑαυτοῖς
1855 5789 2011 5857 ἐφευ-

2192 5692 2421 5748 LXVlll.
2466 5692 2571 5749 Sed
2598 5694 2714 5764 jam
2748 5693 2817 5748 ab
2846 5691 2953 5747 hoc
2984 5690 3164 5761 capite
3190 5688 3256 5743 ad
3304 5689 3408 5744 alia
3440 5686 3699 5758 deinceps

2119 5787 2410 5843 tractanda
2452 5786 2790 5857 progrediar.
2828 5784 3042 5842 Rursus
3078 5784 3224 5840 enim
3268 5797 3465 5854 magno
3503 5782 3560 5837 in
3594 5794 3699 5839 nos

497 5902 515 5935 ⁸
536 5899 696 5959 Joan.
726 5918 841 5972 xlv,
874 5904 975 5974 10;
1000 5920 1058 5974 x,
1086 5904 1174 5962 50.
1253 5907 1274 5938 ¹
1305 5905 1463 5962 Cant.
1496 5921 1556 5973 ιι,
1585 5906 1671 5964 l0.
1749 5904 1769 5937 ³
1801 5902 1968 5959 Hebr.
1996 5918 2092 5967 xu,
2116 5901 2207 5959 23.
2285 5900 2305 5933 ⁸
2326 5898 2483 5957 Joan.
2512 5916 2644 5967 xvn,
2670 5899 2760 5957 22.
2852 5901 2873 5933 '
2903 5897 3062 5956 Joan.
3105 5914 3160 5965 x,
3183 5896 3273 5953 50.
