4138 6396
449 329 554 386 525

1867 326 1927 382 S.
1968 325 2308 382 EPIPHANII

3618 314 3724 373 516

450 431 656 521 impetu
687 449 951 522 sophistae
988 448 1257 513 feruntur.
1291 449 1614 520 excogitatis
1645 449 1975 520 quibusdam
2004 466 2034 504 a

2156 453 2423 514 aisxovts;
2447 450 2496 503 oi
2531 446 2804 517 σοφισταὶ,
2838 447 2965 516 περὶ
3000 437 3390 510 συλλογισμοὺς
3435 437 3725 508 ἑσχολακό-

451 560 511 601 se
561 544 868 599 rationibus
905 545 1049 610 freti,
1093 560 1326 615 quorum
1365 545 1608 599 studium
1644 560 1803 599 nume
1837 545 1890 598 in
1925 545 2038 616 syl—

451 636 698 706 logismis
738 645 792 690 et
847 647 1294 706 argumentorum
1328 635 1772 693 cavillationibus
1799 654 2040 708 occupa-

451 737 557 781 tur.
596 728 652 781 In
688 742 800 796 quo
829 727 1042 780 ridiculi
1081 727 1306 781 omnino
1332 738 1481 793 sunt,
1512 727 1607 797 qui
1646 742 1771 780 eum
1807 729 2032 782 homun-

451 819 640 875 ciones
686 821 794 874 sint
846 818 1014 873 Deum
1069 818 1586 874 ratiocinationibus
1618 821 1737 877 suis
1786 835 2041 890 compre-

456 911 692 965 hendere
748 920 1040 965 conantur.
1089 909 1335 976 Quorum
1390 911 1664 965 insaniam
1722 910 1808 966 his
1857 910 2041 966 verbis

452 1006 718 1075 propheta
796 1003 1074 1073 redarguit
1117 1023 1130 1058 :
1179 1001 1323 1056 Num
1400 1004 1770 1073 supplantabit
1845 1004 2040 1074 aliquis

454 1096 643 1158 Deum,
681 1096 929 1164 quoniam
966 1111 1052 1148 vos
1092 1094 1451 1163 supplantatis
1498 1111 1575 1147 me
1607 1094 1663 1147 ‘?
1701 1093 1844 1159 Quid
1881 1095 2044 1165 igitur

455 1189 693 1242 audaces
727 1188 804 1240 illi
855 1204 918 1240 ac
963 1187 1300 1242 eonfilcntes
1341 1188 1591 1242 homines
1622 1187 1899 1241 aderunt?
1933 1186 2043 1242 Nos

456 1281 619 1332 aliam
665 1279 806 1334 hanc
846 1279 1062 1332 illorum
1131 1280 1498 1347 ohjectionem
1545 1285 1703 1333 antea
1752 1277 2043 1348 proposui-

456 1387 602 1434 mus,
640 1379 804 1440 atque
829 1371 1248 1440 explicavimus,
1282 1386 1446 1441 quam
1478 1371 1868 1440 interrogando
1899 1371 2046 1436 eius-

458 1465 604 1518 modi
640 1466 800 1519 nnbis
835 1467 1013 1520 solent
1043 1481 1340 1535 opponere.
1376 1465 1482 1518 Aut
1507 1466 1720 1536 yoleus,
1763 1465 2040 1534 inquiunt,

458 1553 658 1608 Filium
691 1571 850 1610 suum
878 1557 1067 1627 genuit
1105 1556 1267 1618 Deus,
1305 1565 1399 1609 aut
1440 1556 1652 1610 nolens.
1695 1554 1801 1610 Sed
1844 1556 2045 1610 ibidem

457 1647 570 1702 Deo
600 1649 899 1716 opitulante
937 1649 1402 1711 monstravimus,
1457 1647 1591 1700 nihil
1643 1647 1697 1700 itt
1748 1647 1869 1717 ipso
1900 1645 2045 1716 quod

2139 563 2230 608 τες
2267 544 2362 598 καὶ
2394 542 2686 613 λογισμοὺς
2732 535 3228 611 ματαιοφροσύνης,
3262 531 3537 600 ἄνθρωποι
3571 528 3723 591 ὄντες

2138 639 2230 693 τὸν
2260 637 2393 691 Θεὸν
2425 632 2845 703 συλλογίσασθαι
2890 627 3245 701 πειρώμενοι,
3276 625 3351 688 ὡς
3394 624 3487 678 καὶ
3522 625 3550 677 6
3591 638 3725 695 προ·

2141 732 2318 802 φήτης
2345 727 2542 790 αὐτοὺς
2559 725 2771 794 ἐλέγχει
2791 723 3016 792 φάσκων
3042 735 3054 747 ·
3079 721 3126 771 Ε
3132 719 3148 769 ὶ
3168 712 3433 782 πτερνιεῖ
3445 731 3534 777 τις
3551 711 3724 802 Θεὸν,

2141 801 2228 875 ὅτι
2273 817 2438 887 ὑμεῖς
2481 811 2814 884 πτερνίζετέ
2845 825 2956 880 με;
2988 809 3052 860 Τί
3095 806 3204 876 γὰρ
3253 805 3413 857 πάλιν
3470 803 3631 872 φασὶν
3673 801 3725 853 oi

2141 910 2424 981 γεννάδαι;
2460 909 2550 972 Ὠς
2593 906 2686 960 καὶ
2712 905 2812 975 τὴν
2843 902 3007 973 ἄλλην
3048 899 3194 965 λέξιν
3224 898 3335 951 ἄνω
3369 892 3723 967 ἑρμηνευθεί-

2145 1018 2242 1054 σαν
2272 996 2561 1069 ἐτάξαμεν,
2589 997 2681 1049 ὑπ’
2708 992 2887 1048 αὐτῶν
2918 991 2974 1044 δὲ
3002 990 3132 1061 ἡμῖν
3163 987 3298 1060 πρὸς
3331 985 3522 1038 πεῦσιν
3549 985 3726 1036 ἑκτειο

2142 1093 2396 1165 νομένην,
2434 1091 2516 1156 τὸ,
2547 1089 2728 1143 Θέλων
2761 1086 3020 1156 ἐγέννησε
3047 1082 3138 1135 τὸν
3162 1080 3308 1139 Υἱὸν,
3345 1077 3377 1148 ἦ
3409 1077 3482 1147 μὴ
3517 1075 3683 1128 θέλων
3708 1091 3721 1104 ·

2144 1189 2219 1252 ὼς
2255 1189 2312 1241 ὲν
2349 1184 2468 1256 Θεῷ
2513 1181 2816 1252 ἐδείξαμεν,
2847 1179 2928 1231 ὃτι
2965 1175 3118 1229 οὐδέν
3147 1191 3196 1226 τι
3247 1170 3565 1242 μελλητικὸν
3592 1185 3724 1236 τυγι

2145 1282 2295 1351 χάνει
2318 1275 2486 1348 αὐτῷ,
2513 1275 2626 1328 ἀλλ’
2655 1275 2770 1343 ἅμα
2793 1271 2970 1324 πάντα
2996 1269 3052 1320 ὲν
3075 1264 3224 1334 αὐτῷ
3250 1267 3364 1316 ἑστι
3389 1261 3585 1314 τέλεια.
3625 1257 3727 1312 Καὶ

2143 1349 2205 1424 ού
2242 1368 2455 1440 πρῶτον
2489 1365 2735 1437 βούλεται
2780 1361 2946 1433 πρινὴ
2990 1358 3236 1428 ποιῆσαι,
3274 1353 3394 1406 οὐδὲ
3429 1352 3571 1403 ποιεῖ
3599 1349 3726 1402 ἄνευ

2149 1461 2533 1534 βουλεύματος,
2581 1457 2676 1510 καὶ
2721 1455 2781 1508 ού
2839 1451 3165 1524 βουλεύεται.
3209 1448 3295 1500 ἵνα
3337 1463 3390 1497 τι
3439 1441 3725 1512 ἑτοιμάσῃ,

2147 1555 2265 1608 οὐδὲ
2295 1555 2328 1624 ἡ
2357 1550 2644 1622 ἑτοιμασία
2678 1545 2844 1602 αὑτοῦ
2879 1544 3072 1616 βουλῆς
3107 1540 3408 1594 ἐπιδέεται·
3432 1535 3570 1588 ὥστε
3598 1534 3727 1603 παρ’

2148 1646 2297 1716 αὐτῷ
2332 1645 2391 1698 τὸ
2427 1645 2672 1712 γέννημα
2705 1640 2791 1693 ἀεὶ
2829 1637 3183 1707 γεγέννηται·
3221 1631 3314 1686 καὶ
3356 1627 3430 1701 μὴ
3469 1629 3526 1679 ὲν
3554 1625 3730 1716 χρόνῳ

456 1715 770 1795 tarditatem
824 1747 920 1793 aut
966 1754 1176 1793 moram
1219 1739 1464 1802 haberet,
1503 1739 1687 1794 inesse
1728 1715 2048 1808 posse,ised

2156 1715 2475 1806 ἀρξάμενον,
2515 1733 2627 1786 ἀλλ’
2662 1731 2749 1785 ἀεὶ
2780 1729 2876 1781 σὺν
2907 1725 3085 1797 Πατρὶ
3112 1720 3509 1793 γεγεννημένον
3551 1715 3730 1808 ὑπόρ-

457 1832 643 1884 omnia
699 1832 863 1886 simul
923 1832 976 1884 in
1027 1846 1092 1886 eo
1139 1845 1261 1885 esse
1312 1830 1572 1900 perfecta.
1641 1828 1823 1896 Quare
1871 1844 2047 1898 neque

2156 1846 2258 1899 χει,
2291 1827 2385 1880 κοιλ⁸
2427 1825 2682 1878 οὐδέποτε
2713 1820 3012 1875 διαλείπει·
3044 1817 3120 1880 ὡς
3169 1815 3264 1868 καὶ
3298 1811 3531 1866 ἐνταῦθα
3571 1807 3732 1861 πάλιν

459 1925 612 1993 prius
640 1925 754 1977 vult
782 1939 946 1994 quam
985 1923 1200 1986 fecerit,
1247 1896 1424 1992 neque
1457 1922 1575 1977 sine
1607 1923 1839 1976 consilio
1880 1896 2043 1990 quid-

2156 1896 2490 1987 δευτερώσας
2529 1913 2628 1984 τὴν
2672 1910 2814 1974 λέξιν
2846 1907 3008 1960 πάλιν
3046 1905 3257 1976 τίθημι,
3293 1903 3374 1954 ὅτι
3409 1899 3531 1952 οὔτε
3565 1896 3733 1950 θέλων

457 1989 602 2085 piam
641 1989 886 2079 molitur,
925 2031 1102 2085 neque
1141 2014 1208 2068 ad
1240 1989 1655 2084 praeparandum
1701 2012 1909 2089 aliquid
1945 2011 2041 2066 de-

2156 2009 2461 2079 ὲγέννησεν,
2505 2003 2627 2058 οὔτε
2659 2005 2734 2075 μὴ
2783 2001 2954 2054 θέλων
2979 2015 2990 2026 ·
3024 1997 3158 2051 ἀλλὰ
3189 1999 3246 2048 ἑν
3271 1997 3338 2066 τῇ
3369 1993 3509 2063 ὑπὲρ
3540 1989 3732 2089 βουλὴν

458 2105 787 2168 liberat,nee
825 2105 969 2160 illius
1002 2103 1328 2176 przeparatio
1357 2079 1817 2158 consultationem
1850 2100 2032 2170 requi-

2156 2101 2328 2171 φύσει.
2376 2095 2594 2159 Φύσεως
2644 2094 2752 2165 γάρ
2789 2093 2934 2144 ἐστιν
2965 2089 2994 2142 6
3025 2088 3157 2152 Θεὸς
3190 2086 3330 2156 ὑπὲρ
3381 2083 3595 2154 βουλὴν,
3641 2079 3735 2133 καὶ

457 2197 549 2252 rit.
592 2197 954 2262 Quamobrem
995 2197 1086 2266 qui
1132 2196 1200 2250 ab
1251 2211 1316 2250 eo
1367 2194 1666 2263 productus
1715 2201 1801 2248 est
1849 2190 2044 2255 Filius,

2156 2191 2329 2243 πᾶσαν
2363 2187 2591 2250 ἔννοιαν,
2622 2186 2715 2238 καὶ
2751 2182 3028 2236 ὑπόνοιαν.

458 2305 676 2358 semper
709 2299 794 2344 est
841 2264 1096 2359 genitus;
1148 2304 1250 2341 nec
1292 2288 1404 2340 ullo
1463 2297 1708 2356 tempore
1749 2285 1938 2356 cmpit,
1977 2283 2071 2338 sed
2139 2298 2170 2337 a
2223 2281 2387 2337 Patre
2432 2281 2651 2352 genitus
2703 2292 2826 2330 cum
2885 2274 3077 2329 eodem
3134 2270 3283 2326 nulla
3338 2264 3737 2334 interruptione

459 2383 722 2451 temporis
755 2383 991 2436 exsistit.
1028 2380 1213 2450 Itaque
1239 2383 1379 2436 tdem
1409 2384 1555 2452 quod
1590 2389 1753 2435 antea
1787 2380 2035 2434 dixeram
2073 2378 2175 2434 hoc
2208 2379 2328 2432 loco
2387 2384 2650 2446 repetam.
2699 2371 2884 2441 Neque
2950 2368 3212 2423 volentem
3271 2361 3525 2432 genuisse
3562 2374 3737 2427 neque

457 2474 757 2538 nolentem,
794 2472 889 2528 sed
933 2474 988 2526 in
1030 2489 1094 2528 ea
1144 2473 1305 2544 795
1359 2488 1579 2539 natura,
1646 2488 1770 2543 qua:
1815 2472 1965 2528 omni
2016 2479 2102 2526 est
2160 2468 2558 2526 deliberatione
2616 2465 2883 2535 superior.
2948 2455 3232 2529 Ejusmodi
3293 2455 3495 2525 quippe
3540 2459 3738 2505 natura

459 2567 554 2622 Dei
602 2576 707 2631 est,
760 2578 819 2622 ut
849 2584 1010 2625 omne
1042 2570 1336 2625 consilium
1370 2578 1426 2624 et
1459 2585 1679 2625 omnem
1731 2569 2150 2640 intelligentiam
2213 2567 2696 2636 cognitionemque
2730 2557 3103 2615 transcendat.

533 2659 716 2714 LXIX.
759 2659 897 2715 Huic
945 2671 1270 2732 argumento
1299 2679 1408 2716 non
1457 2663 1726 2718 dissimile
1769 2670 1855 2717 est
1895 2661 2045 2715 aliud

2220 2661 2340 2718 36’.
2375 2658 2608 2730 Ὁμοίως
2637 2656 2693 2709 δὲ
2726 2653 2901 2724 ταύτῃ
2925 2649 3089 2714 λέξει,
3117 2647 3194 2709 ὡς
3226 2645 3384 2715 ἔφην,
3414 2642 3580 2713 ἄλλην
3603 2643 3738 2711 ήμίν

461 2750 533 2804 ab
583 2751 738 2806 novis
791 2752 900 2807 illis
935 2752 1304 2808 Aristotelicis
1355 2755 1659 2809 inventum.
1713 2752 1850 2807 Nam
1886 2754 2052 2823 hujus

2156 2751 2571 2824 ἑφευρίσκουσιν
2617 2748 2666 2799 οἱ
2716 2745 2826 2798 νέοι
2872 2736 3312 2811 Ἀριστοτελικοί.
3358 2733 3595 2787 Ἐκείνου
3632 2732 3741 2804 γὰρ

460 2842 770 2912 ριιλοεονὶιί
807 2844 962 2898 virus
994 2859 1156 2898 omne
1187 2845 1242 2898 in
1292 2846 1492 2916 seipsis
1546 2856 1965 2914 expresserunt,
1997 2857 2052 2902 et

2156 2825 2508 2916 ἀπεμάξαντο
2539 2839 2637 2910 τὴν
2684 2835 2940 2898 ίοϐολίαν,
2983 2832 3078 2885 καὶ
3126 2829 3416 2883 κατέλιπον
3449 2825 3543 2880 τοῦ
3585 2825 3740 2893 ἁγίου

460 2935 809 2990 innocentem
864 2934 1105 3005 Spiritus
1161 2937 1339 2992 sancti
1419 2937 1829 3008 simplicitatem
1899 2939 2053 2994 beni-

2156 2939 2472 3009 Ηνεύματος
2500 2933 2560 2988 τὸ
2592 2933 2798 2987 ἄκακον
2847 2927 2943 2981 κα)¹
2979 2925 3040 2979 τὸ
3069 2925 3266 2996 πρᾶον,
3292 2921 3368 2984 ὡς
3396 2919 3544 2988 λέγει
3569 2921 3596 2973 6
3630 2919 3742 2970 Κύ-

459 3026 830 3097 guitatemque
883 3027 1250 3097 reliquerunt.
1301 3028 1377 3084 De
1425 3031 1628 3100 quibus
1656 3030 1733 3084 ita
1785 3029 2050 3086 Dominus

2159 3047 2306 3104 ριος·
2349 3027 2578 3084 Μάθετε
2631 3023 2732 3079 ἀπ’
2765 3020 2935 3092 ἐμοῦ,
2971 3019 3062 3072 ὅτι
3099 3014 3287 3084 πρᾶός
3333 3014 3447 3082 εἰμι
3491 3010 3587 3104 καὶ
3642 3026 3742 3104 ta-

462 3117 750 3187 loquitur:
791 3118 983 3174 Discite
1027 3137 1060 3173 a
1095 3137 1176 3175 me
1224 3122 1352 3192 quia
1400 3097 1545 3176 mitis
1587 3139 1704 3176 sum
1747 3132 1797 3177 et
1840 3123 2053 3178 humilis

2160 3097 2364 3186 aratrth
2387 3116 2460 3186 τῇ
2483 3115 2695 3184 καρδίᾳ
2713 3131 2726 3144 ·
2752 3112 2848 3167 καὶ
2870 3108 3158 3179 εὑρήσετε
3181 3104 3309 3170 ταῖς
3329 3101 3557 3171 ψυχαῖς
3577 3097 3745 3169 ὑμῶν

462 3210 650 3274 εητάε,
690 3220 740 3264 ει
775 3212 1046 3266 invenietis
1083 3216 1310 3281 requiem
1353 3213 1634 3269 animabus
1672 3218 1856 3270 uestris
1889 3217 1929 3269 ³.
1984 3216 2053 3269 At

2156 3213 2524 3270 ἀνάπαυσιν.
2549 3203 2706 3262 Οὗτοι
2730 3206 2806 3269 δὲ,
2839 3205 2936 3274 τὴν
2964 3201 3249 3275 πραότητα
3272 3193 3743 3255 καταλελοιπότες,

465 3301 567 3366 illi,
603 3303 1028 3360 mansuetudine
1062 3307 1277 3365 relicta,
1311 3306 1670 3361 calliditatem
1719 3307 1904 3378 potius
1939 3323 2053 3361 am-

2156 3307 2420 3376 δεινότητι
2454 3301 2655 3374 μᾶλλον
2695 3297 2919 3358 ἑαυτοὺς
2970 3290 3352 3354 ὲκδεδώκασιν,
3392 3286 3746 3354 ἐνδυσάμενοι

465 3395 606 3463 plexi
660 3401 823 3457 sunt,
860 3411 1028 3465 seque
1080 3405 1134 3451 et
1178 3396 1247 3449 ad
1298 3395 1648 3450 Aristotelem
1707 3412 1771 3451 ac
1827 3406 2056 3452 cancros

465 3486 654 3540 mundi
687 3486 854 3556 hujus
888 3486 1210 3542 dialecticos
1240 3489 1656 3544 accommodare
1702 3489 2052 3543 maluerunt:

467 3594 700 3648 qmrum
732 3579 946 3634 fructus
974 3579 1047 3633 ita
1075 3589 1483 3645 consectantur,
1511 3581 1717 3634 nullam
1756 3581 2062 3650 utjustitiaa

468 3668 678 3738 frugem
708 3670 1008 3740 proferant,
1035 3686 1136 3726 nee
1172 3672 1340 3726 ullum
1370 3671 1606 3742 Spiritus
1650 3673 1826 3726 sancti
1857 3672 2061 3727 benefl-

470 3763 638 3827 cium,
665 3772 852 3831 utpote
899 3764 1264 3820 contentionis
1297 3765 1418 3834 plus
1448 3780 1606 3834 tequo
1630 3765 1838 3836 cupidi,
1876 3766 2047 3836 impe-

471 3861 619 3908 trare
650 3864 964 3910 meruerint.
999 3854 1138 3925 Ergo
1176 3856 1248 3908 ita
1285 3871 1384 3910 nos
1413 3857 1636 3926 aggredi
1685 3857 1884 3923 solent,
1922 3871 2049 3911 cum

470 3945 725 4010 dicimus,
772 3947 1125 4001 exsistentem
1164 3944 1359 4001 Filium
1393 3948 1535 4018 apttd
1562 3947 1915 4003 exsistentem
1962 3948 2065 4002 Pa-

471 4045 609 4092 trem
629 4036 818 4108 fuissc,
837 4038 1276 4108 quandoquidem
1295 4040 1365 4093 ita
1390 4038 1548 4094 Pater
1565 4039 1735 4111 Moysi
1753 4039 2058 4094 mandavit:

475 4129 604 4182 [huc
651 4130 790 4182 dit-es
832 4129 899 4182 ad
933 4132 1118 4199 ipsos:
1153 4132 1255 4195 Qui
1304 4141 1381 4185 est
1425 4132 1566 4185 misit
1623 4145 1701 4185 me
1756 4131 1812 4196 ³;
1869 4130 2064 4186 deinde

475 4222 558 4276 sie
604 4221 952 4292 Evangeliqu
981 4224 1048 4276 de
1077 4222 1216 4277 Filio
1249 4231 1484 4277 testatur
1514 4243 1525 4276 :
1568 4221 1635 4276 In
1671 4223 1930 4290 principio
1950 4233 2064 4276 erat

486 4313 730 4378 ierbum,
767 4324 816 4368 et
857 4314 1079 4369 Verbum
1125 4325 1239 4369 erat
1277 4316 1417 4384 apud
1457 4315 1647 4375 Deum,
1689 4324 1738 4369 et
1783 4307 1925 4368 Deus
1951 4323 2065 4368 erat

489 4404 711 4460 Verbum
750 4406 792 4458 ⁸.
829 4405 908 4460 Ex
939 4407 1141 4476 quibus
1172 4407 1559 4478 colligentibus
1589 4408 1770 4470 nobis,
1794 4407 2059 4461 exsisten-

2171 3375 2546 3470 Ἀριστοτέλην
2573 3409 2630 3445 τε
2655 3391 2748 3444 καὶ
2783 3388 2911 3451 τοὺς
2935 3385 3127 3446 ἄλλους
3157 3380 3252 3434 τοῦ
3294 3379 3514 3470 κόσμου
3571 3375 3748 3429 διαλε-

2158 3469 2402 3554 κτικοὺς,
2439 3481 2513 3542 ὧν
2547 3485 2642 3539 καὶ
2678 3483 2804 3544 τοὺς
2840 3479 3085 3550 καρποὺς
3128 3473 3364 3544 μετίασι,
3387 3469 3587 3540 μηδένα
3614 3484 3745 3538 καρ-

2159 3585 2259 3636 πὸν
2285 3579 2633 3648 δικαιοσύνης
2675 3573 2896 3635 εἰδότες,
2935 3570 3070 3640 μηδὲ
3119 3564 3436 3635 Πνεύματος
3473 3560 3748 3624 καταξιω-

2161 3675 2344 3736 θέντες
2366 3669 2573 3743 δωρεὰν
2601 3666 2746 3737 ἔχειν
2771 3666 2828 3718 ἑν
2853 3663 3065 3723 ἑαυτοῖς
3086 3659 3137 3710 oi
3169 3656 3482 3726 φιλόνεικοι.
3516 3654 3746 3743 Δλέγουσι

2160 3763 2290 3836 γοῦν
2329 3741 2465 3834 πρὸς
2494 3760 2663 3831 ἡμᾶς,
2689 3759 2814 3808 ὅταν
2843 3752 3086 3822 εἴπωμεν
3117 3748 3322 3809 αὐτοῖς,
3347 3745 3427 3798 ὅτι
3458 3746 3486 3796 6
3519 3742 3594 3792 ὢν
3623 3741 3747 3803 Υἱὸς

2162 3833 2300 3928 πρὸς
2335 3854 2426 3907 τὸν
2457 3852 2587 3907 ὄντα
2619 3847 2841 3916 Πατέρα
2883 3839 2980 3915 ἦν·
3017 3838 3207 3910 ἐπειδὴ
3268 3835 3377 3908 γὰρ
3420 3833 3497 3928 τῷ
3540 3835 3748 3928 nimiis?)

2163 3922 2313 4000 εἶπεν
2352 3948 2380 3998 6
2432 3940 2646 4012 Πατὴρ,
2691 3940 2774 3992 ὅτι
2819 3933 3008 4004 Ἐρεῖς
3066 3930 3216 4000 πρὸς
3269 3927 3516 3991 αὐτούς·
3567 3925 3628 3985 '0

2164 4032 2509 4092 ἀπέσταλκέ
2534 4011 2611 4103 με
2645 4046 2660 4060 ·
2697 4029 2794 4082 καὶ
2845 4025 3007 4079 πάλιν
3032 4021 3093 4075 τὸ
3127 4016 3458 4086 Εὑαγγέλιον
3499 4015 3624 4085 περὶ
3655 4011 3750 4065 τοῦ

2166 4129 2296 4183 Υἱοῦ
2330 4128 2548 4197 φάσκει,
2588 4125 2670 4178 ὃτι
2711 4122 2812 4174 Ἐν
2840 4115 2996 4186 ἀρχῇ
3036 4111 3114 4184 ἦν
3143 4116 3175 4166 ό
3207 4115 3418 4181 Λόγος,
3455 4108 3551 4162 καὶ
3581 4111 3611 4160 ό
3638 4107 3751 4197 Λό-

2165 4239 2271 4291 γος
2401 4217 2550 4286 πρὸς
2576 4214 2682 4268 τὸν
2715 4211 2883 4274 Θεὸν,
2914 4207 3013 4262 καὶ
3049 4205 3193 4270 Θεὸς
3233 4199 3312 4273 ἦν
3344 4205 3376 4254 ό
3406 4201 3624 4269 Λόγος·
3658 4196 3752 4250 ἑὰν

2166 4313 2429 4381 εἴπωμεν,
2469 4309 2551 4361 ὅτι
2579 4306 2607 4358 ὁ
2639 4303 2715 4358 ὢν
2749 4299 2815 4375 ἦν
2866 4300 3002 4372 πρὸς
3039 4299 3130 4351 τὸν
3158 4298 3309 4359 ὄντα,
3352 4295 3568 4362 λέγουσι
3620 4291 3751 4361 πρὸς

2165 4405 2314 4476 ἡμᾶς
2337 4420 2350 4433 ·
2381 4402 2455 4455 Τὸ
2491 4400 2550 4454 ὃν
2573 4398 2751 4452 τοίνυν
2784 4393 3073 4464 ἐγεννήθη,
3105 4391 3138 4460 ἢ
3166 4389 3227 4442 τὸ
3255 4389 3330 4461 μὴ
3365 4387 3423 4441 ὃν
3447 4384 3749 4476 ἐγεννήθης

477 4506 587 4552 tem
631 4497 828 4552 Filium
883 4498 1026 4568 apud
1084 4501 1440 4555 exsistentcm
1492 4499 1710 4553 Patrem
1770 4498 1942 4554 fuisse
1989 4501 2053 4551 ita

2263 4497 2372 4568 γὰρ
2397 4491 2487 4566 ἦν,
2517 4492 2634 4556 πῶς
2657 4487 2954 4561 ἐγεννήθης
2993 4487 3054 4539 Εἰ
3092 4485 3150 4538 δὲ
3179 4481 3467 4553 ἐγεννήθη,
3501 4479 3618 4544 πῶς
3640 4474 3708 4550 ἦν
3734 4495 3749 4544 ;

473 4593 871 4648 ratiocinantur
903 4611 915 4647 :
961 4601 1274 4647 utrumnam
1309 4593 1454 4663 quod
1485 4595 1598 4662 jam
1636 4601 1772 4657 erat,
1803 4608 1872 4646 an
1921 4592 2064 4663 quod

475 4685 719 4740 nondum
752 4693 869 4739 erat
903 4693 986 4741 est
1019 4686 1301 4756 genitum?
1327 4685 1466 4739 Nam
1507 4685 1554 4740 si
1596 4686 1708 4755 jam
1743 4694 1882 4749 erat,
1929 4700 2066 4754 quo-

474 4777 636 4832 modo
663 4777 904 4848 genitum
935 4779 1059 4833 est?
1093 4777 1151 4832 Si
1187 4793 1316 4833 vero
1360 4777 1603 4848 genitum
1638 4787 1743 4842 est,
1777 4778 2057 4847 quomodo

471 4867 587 4940 jam
637 4870 796 4923 erat?
824 4869 1003 4939 Atque
1034 4871 1136 4925 hoc
1167 4870 1236 4923 ab
1265 4870 1454 4924 eadem
1485 4869 1726 4923 vanitate
1755 4867 2060 4939 profectum

477 4968 584 5025 est,
620 4975 741 5030 qua:
791 4960 846 5014 in
897 4960 1319 5030 quaestiunculis
1372 4960 1673 5024 volutatur,
1729 4966 1784 5012 et
1808 4956 2061 5012 sublimia

479 5057 824 5114 consectans,
857 5065 923 5106 ac
973 5049 1216 5105 coelestia
1266 5048 1486 5105 curiose
1522 5054 1899 5117 perscrutans,
1933 5045 2060 5099 boni

477 5139 643 5195 ellicit
670 5140 826 5195 nihil.
864 5139 973 5197 Nos
996 5148 1179 5195 autem
1208 5141 1289 5194 sic
1320 5155 1416 5195 eos
1447 5139 1789 5208 alloquemur
1822 5155 1836 5190 :
1873 5134 2061 5192 Unde-

479 5249 605 5287 nam
660 5233 774 5288 haac
813 5233 1013 5288 animis
1047 5233 1246 5288 vestris
1279 5231 1479 5302 injecta
1525 5231 1782 5300 cogitatio
1831 5228 1953 5285 est?
2005 5225 2062 5282 Si

480 5323 722 5380 dixerint
767 5325 910 5382 hanc
961 5322 1273 5396 inquirendi
1303 5326 1448 5380 viam
1485 5339 1610 5379 cum
1645 5328 1795 5377 recta
1848 5319 2064 5375 ratione

481 5425 910 5472 consentaneam
958 5419 1154 5483 videri,
1203 5424 1318 5472 tum
1351 5433 1453 5473 nos
1481 5424 1674 5472 contra
1714 5413 1796 5470 sic
1839 5413 2059 5484 urgebi-

483 5523 606 5564 mus
644 5525 660 5563 :
700 5509 905 5566 Audire
950 5527 1019 5566 ex
1057 5512 1213 5568 vobis
1260 5510 1536 5580 cupimus,
1591 5521 1718 5562 num
1781 5505 1848 5560 de
1897 5507 2060 5561 rebus

2167 4590 2279 4653 Καὶ
2310 4588 2426 4642 ἑστι
2449 4586 2548 4658 τῆς
2577 4583 2752 4655 αὐτῆς
2789 4576 3264 4654 ματαιοφροσύνης
3297 4577 3396 4646 τῆς
3431 4573 3559 4644 περὶ
3587 4571 3752 4643 ζητή-

2168 4697 2280 4744 σεις
2309 4676 2736 4750 ἀσχολουμένης,
2785 4672 2881 4727 καὶ⁵
2915 4671 2982 4724 τὰ
3031 4669 3281 4741 μετέωρα
3319 4663 3752 4738 ἑμϐατευούσης,

2165 4773 2259 4826 καὶ
2287 4771 2354 4826 τὰ
2383 4772 2495 4826 ἄνω
2527 4765 3054 4840 περιεργαζομένης,
3101 4763 3195 4815 καὶ
3235 4757 3404 4831 μηδὲν
3439 4756 3641 4825 ἀγαθὸν
3667 4757 3756 4826 ἑρ-

2165 4863 2493 4935 γαζομένης.
2531 4857 2792 4932 Ἐροῦμεν
2824 4858 2933 4927 γὰρ
2967 4853 3104 4925 πρὸς
3141 4850 3373 4913 αὐτούς·
3417 4847 3588 4901 Πόθεν
3625 4847 3756 4915 ύμῖν

2169 4958 2202 5029 ἡ
2234 4955 2459 5009 ὑπόνοια
2488 4953 2626 5023 αὕτη
2660 4949 2754 5004 τοῦ
2798 4947 2970 5002 ταῦτα
3005 4943 3392 5016 διανοηθῆναι;
3441 4939 3565 4992 Ἐὰν
3581 4938 3644 5029 δὲ
3676 4936 3756 4989 εἴ·

2169 5026 2365 5112 πωσιν,
2398 5046 2478 5098 ὅτι
2523 5041 2708 5103 Οὕτως
2759 5039 2980 5093 ἁπαιτεί
3019 5036 3081 5089 τὸ
3132 5034 3390 5106 φρόνημα
3439 5026 3748 5095 ἐξετάζειν·

2167 5141 2397 5211 λέγομεν
2426 5137 2520 5191 καλ¹
2549 5135 2702 5189 αύτοί
2722 5150 2734 5162 ·
2766 5130 2974 5186 Οὐκοῦν
3005 5129 3193 5198 λέγετε
3227 5129 3379 5198 ἡμῖν,
3414 5119 3459 5177 ὣ
3487 5117 3656 5186 οὗτοι,
3685 5119 3754 5173 τὰ

2168 5230 2378 5286 ἑαυτῶν
2425 5227 2728 5297 λογίζεσθε,
2765 5225 2798 5296 ἢ
2829 5224 2899 5278 τὰ
2932 5221 3026 5276 τοῦ
3065 5220 3241 5286 Θεοῦ;
3287 5213 3422 5272 Εἶτά
3456 5232 3618 5285 φασιν
3658 5213 3752 5280 ἀφ’

2168 5319 2401 5384 ἑαυτῶν,
2447 5318 2521 5383 ὼς
2556 5315 2798 5385 λογικοί·
2836 5313 2918 5367 Τὰ
2961 5311 3056 5365 τοῦ
3089 5308 3224 5364 Θεοῦ
3270 5303 3618 5377 λογιζόμεθα.
3650 5302 3754 5355 Οὐ·-

2164 5414 2253 5468 δὲν
2286 5408 2379 5468 οὖν
2411 5410 2714 5466 διαλλάττει
2747 5405 2877 5469 Θεὸς
2908 5404 3008 5474 τῆς
3051 5402 3203 5474 ὑμῶν
3228 5400 3416 5466 ἕξεως,
3452 5393 3664 5466 φύσεώς
3694 5409 3750 5445 τε

2169 5508 2261 5561 καὶ
2294 5505 2514 5570 οὐσίας;
2549 5503 2677 5568 Ναὶ,
2713 5499 2898 5571 φασίν.

486 5606 706 5669 vestris,
739 5621 807 5661 an
837 5606 907 5662 de
957 5607 1066 5675 his,
1120 5624 1243 5678 quze
1303 5575 1369 5662 ad
1431 5605 1601 5660 Deum
1646 5601 1922 5674 pertinent
1975 5603 2048 5656 ita
2085 5603 2357 5673 cogitetis.
2404 5597 2835 5670 Respondebunt
2883 5603 3068 5668 utpote
3115 5591 3326 5647 ratione
3379 5581 3630 5656 praediti,
3684 5575 3751 5632 ds

567 5763 838 5822 ‘Malaeh.
878 5784 959 5830 tu,
995 5751 1046 5820 8.
1125 5769 1144 5798 ³
1177 5766 1363 5822 Matth.
1404 5783 1479 5830 χι,
1521 5766 1613 5826 ‘29.
1690 5765 1709 5797 ³
1736 5722 2023 5828 Εχοόξιιι,

2217 5760 2238 5790 ‘
2259 5755 2417 5813 Joau.
2451 5773 2487 5823 ι,
2525 5757 2569 5809 l.
