4138 6396
380 369 481 426 Si?
1121 379 1491 440 ADVERSUS
1530 385 1870 446 "AERESES
1909 391 2034 446 LIB.
2077 393 2141 449 11.
2181 395 2346 451 ΤΟΜ.
2389 397 2544 452 ll.——
2583 398 2857 456 HAERES.
2896 401 3080 460 LXlX.
3545 393 3652 461 δίε

379 489 582 545 divinis
610 505 675 546 ea
711 507 771 548 se
802 495 1132 566 cogitatione
1183 503 1498 574 concipere.
1550 505 1767 565 Nihilne
1815 529 1965 577 vero,
2005 515 2386 586 subjiciemus,
2436 518 2580 575 Deus
2611 523 2680 576 ah
2718 529 2900 576 vestra
2950 511 3288 589 conditione,
3347 527 3546 575 natura
3598 529 3653 578 et

378 589 614 640 essentia
644 589 960 661 discrepat?
991 593 1108 648 Non
1141 613 1427 668 negamus,
1460 602 1734 672 inquiunt.

435 679 513 782 'Ei
544 682 728 785 τοίνυν
755 683 1060 739 διαλλάττει
1110 690 1270 757 φύσις
1303 692 1438 746 Θεοῦ
1477 697 1625 768 παρὰ
1668 699 1766 769 τὴν
1810 698 1962 770 ὑμῶν

2141 696 2196 751 Si
2230 699 2398 769 igitur
2428 701 2570 755 inter
2599 701 2690 756 Dei
2722 709 2998 767 naturam,
3033 717 3096 756 ae
3126 710 3370 756 nostram
3399 702 3648 774 interest,

378 777 564 836 φύσιν,
617 777 808 842 πρῶτα
862 777 960 846 μὲν
999 779 1061 830 οὑ
1099 780 1322 834 δύναται
1359 787 1390 854 ή
1441 786 1595 854 ὑμῶν
1631 789 1790 856 φύσις
1833 793 1962 862 περὶ

2074 793 2305 861 primum
2349 802 2544 846 natura
2576 800 2758 846 vestra
2800 808 2907 846 non
2942 801 3121 861 potest
3161 792 3213 845 in
3267 791 3377 845 Deo
3405 807 3656 862 compre-

379 860 514 912 Θεοῦ
539 863 981 934 καταλαμϐάνειν
1006 869 1072 922 τὰ
1098 873 1479 944 ἀκατάληπτα·
1514 877 1763 949 δεύτερον
1779 881 1857 941 δὲ,
1879 860 1962 934 ὅτι

2074 883 2328 949 heudere,
2361 899 2482 952 quae
2516 883 2666 936 omni
2715 883 3207 951 comprehensione
3251 881 3460 951 majora
3491 893 3642 937 sunt.

384 952 576 1016 ἀσεϐές
605 956 720 1008 ἐστι
758 957 890 1010 Θεὸν
919 961 1013 1030 ἀφ’
1049 962 1201 1031 ὑμῶν
1257 967 1651 1032 ἀπεικάζεσθαι
1691 973 1830 1026 κατὰ
1863 977 1963 1026 τὴν

389 1043 535 1064 ο.-.”⁹ηλ
566 1046 608 1064 -J
636 1047 676 1064 κο
805 1050 858 1064 vn
924 1053 936 1064 ο
995 1055 1016 1064 ι.
1117 1055 1126 1064 ι
1229 1056 1240 1064 .
1321 1058 1331 1064 .
1376 1058 1396 1064 ..
1921 1030 1930 1044 ⁸

2074 975 2274 1028 Deinde
2324 974 2548 1042 impium
2599 981 2703 1036 est,
2759 989 2823 1026 ex
2880 973 3071 1036 vobis,
3126 981 3289 1041 atque
3335 989 3399 1027 ex
3456 983 3652 1028 natura

384 1050 536 1138 ὑμῶν
558 1050 762 1138 οὐσίαν.
805 1050 892 1102 Ἐν
913 1053 1045 1122 ἡμῖν
1069 1055 1176 1126 γὰρ
1193 1056 1253 1108 τὸ
1275 1058 1348 1128 μὴ
1375 1058 1434 1111 ὃν
1455 1064 1707 1127 γεννᾶται
1731 1081 1743 1094 ·
1776 1066 1964 1138 ἐπειδὴ

2074 1075 2256 1122 vestra
2295 1067 2362 1122 de
2397 1067 2504 1121 Deo
2544 1067 2920 1135 conjecturam
2952 1080 3168 1135 capere.
3216 1064 3353 1118 Nam
3403 1067 3458 1120 in
3497 1067 3654 1121 nobis

382 1135 537 1226 αὑτοὶ
574 1137 674 1188 οὐκ
696 1133 840 1209 ἦμέν
868 1159 1020 1204 ποτε,
1053 1148 1432 1218 γεγεννήμεθα
1459 1151 1513 1202 δὲ
1544 1152 1652 1204 ἀπὸ
1675 1153 1782 1206 τῶν
1814 1133 1966 1226 ἡμῶν

383 1225 657 1295 πατέρων,
690 1228 800 1282 τῶν
843 1233 938 1284 καὶ
967 1235 1148 1287 αὑτῶν
1191 1253 1320 1290 ποτε
1357 1239 1431 1310 μὴ
1465 1225 1969 1313 ὑπαρχόντων,καὶ

310 1356 313 1358 .
383 1315 441 1380 ἐξ
489 1319 743 1389 ὑπαρχῆς
789 1323 918 1392 ἄχρι
960 1325 1055 1378 τοῦ
1103 1327 1272 1399 Ἀδὰμ
1309 1331 1651 1402 διαληπτέον.
1699 1336 1866 1406 Ἀδὰμ
1911 1338 1969 1390 δὲ

383 1407 490 1462 ἀπὸ
509 1413 606 1480 τῆς
635 1414 737 1483 γῆς
770 1417 1004 1482 ἐγένετο,
1039 1419 1139 1473 οὐκ
1167 1419 1245 1474 ὥν
1275 1441 1425 1476 ποτε.
1475 1427 1538 1478 Ἥ
1571 1427 1629 1480 δὲ
1657 1429 1729 1498 γῆ
1755 1431 1969 1498 ἐγένετο

382 1501 442 1565 ἐξ
465 1503 563 1555 οὐκ
594 1505 760 1557 ὄντων
781 1523 794 1537 °
824 1509 907 1561 ὅτι
933 1511 1032 1564 οὐκ
1057 1507 1125 1582 ἦν
1153 1513 1260 1566 ἀεί.
1290 1515 1423 1581 Θεὸς
1459 1517 1514 1570 δὲ
1548 1520 1736 1593 Πατὴρ
1765 1518 1834 1593 ἦν
1860 1523 1966 1576 ἀεί.

385 1595 492 1647 Καὶ
524 1597 706 1660 ὁποῖος
732 1593 801 1668 ἦν
831 1602 895 1670 τῇ
924 1600 1105 1669 φύσει,
1138 1603 1380 1659 τοιοῦτον
1397 1609 1657 1680 ἐγέννησε
1685 1611 1778 1664 τὸν
1818 1613 1964 1666 Υἰόν.

393 1686 684 1759 Ἐγέννησε
713 1689 771 1742 δὲ
799 1691 961 1746 αὑτὸν
995 1694 1083 1746 ἀεὶ
1123 1695 1274 1761 ὄντα,
1301 1700 1362 1751 οὑ
1395 1701 1744 1772 συνάδελφον,
1763 1705 1878 1758 ἀλλ’
1910 1705 1971 1771 ἐξ

381 1778 548 1832 αὑτοῦ
577 1783 992 1854 γεγεννημένον,
1019 1787 1203 1857 ὅμοιον
1220 1789 1368 1860 αὐτῷ
1393 1793 1534 1846 κατὰ
1562 1793 1745 1862 φύσιν,
1765 1796 1970 1867 Κύριον

383 1875 446 1924 ὲκ
479 1873 708 1945 Κυρίου,
741 1873 873 1926 Θεὸν
896 1878 960 1928 ἐκ
979 1877 1136 1942 Θεοῦ,
1160 1879 1292 1933 Θεὸν
1326 1882 1577 1953 ἀληθινὸν
1605 1885 1668 1938 ὲκ
1689 1885 1823 1938 Θεοῦ
1847 1888 1972 1959 ἁλη-

383 1964 552 2019 θινοῦ.
597 1967 704 2020 Καὶ
745 1970 907 2022 ὁποῖα
954 1969 1227 2038 λογίζεταί
1269 1990 1354 2036 τις
1388 1976 1514 2044 περὶ
1553 1978 1787 2050 Πατρὸς,
1828 1979 1970 2034 οὓτω

383 2061 477 2112 καὶ
512 2061 641 2130 περὶ
687 2062 817 2115 Υίοῦ
851 2063 1160 2132 λογιστέονο
1197 2068 1361 2121 ὁποῖα
1409 2070 1656 2123 πιστεύει
1707 2075 1835 2143 περὶ
1873 2073 1967 2128 τοῦ
2003 2060 2042 2114 Β

385 2151 538 2217 Υίοῦ,
563 2152 707 2206 οὕτω
736 2157 815 2219 είς
837 2155 930 2210 τὸν
951 2158 1172 2228 Πατέρα
1189 2160 1440 2230 ἡγητέον.
1468 2162 1624 2216 Οὕτω
1649 2164 1757 2236 γάρ
1782 2183 1966 2236 φησιν⁹

393 2243 457 2298 '0
479 2245 566 2314 μὴ
597 2249 902 2301 πιστεύων
929 2253 1017 2315 εὶς
1049 2250 1156 2303 τὸν
1193 2252 1330 2306 Υἱὸν
1356 2253 1435 2319 ὡς
1461 2258 1726 2310 πιστεύει
1748 2260 1836 2324 εἰς
1864 2258 1970 2312 τὸν

382 2337 634 2405 Πατέρα,
658 2340 758 2392 καὶ
779 2341 916 2409 τιμᾷ
949 2343 1056 2395 τὸν
1082 2343 1216 2396 Υἱύν
1241 2345 1320 2410 ὡς
1343 2345 1479 2414 τιμᾷ
1508 2349 1617 2401 τὸν
1644 2349 1897 2419 Πατέρα,
1927 2351 1966 2418 ἠ

382 2428 529 2497 ὀργὴ
560 2430 664 2484 τοῦ
697 2432 846 2486 Θεοῦ
875 2433 1046 2502 μένει
1081 2437 1174 2488 ἐπ’
1201 2438 1420 2491 αὐτόν·
1457 2439 1533 2502 ὡς
1573 2441 1686 2511 ἔχει
1726 2442 1786 2495 τὸ
1828 2443 1969 2497 θεῖον

382 2522 737 2591 Εὑαγγέλιον.
774 2527 886 2578 Καὶ
937 2527 1153 2581 διέπεσε
1201 2530 1365 2583 πάλιν
1408 2533 1440 2603 ἡ
1487 2535 1668 2587 αὐτῶν
1718 2535 1968 2605 συλλογι-

384 2615 542 2684 στικὴ
571 2614 800 2669 διάνοια.
837 2615 968 2681 Θεὸς
998 2617 1105 2692 γὰρ
1151 2620 1536 2691 ἀκατάληπτος
1573 2623 1650 2679 ὢν
1679 2626 1812 2682 Θεὸν
1839 2630 1972 2682 ἀκαο

381 2707 656 2776 τάληπτον
687 2709 944 2779 ἐγέννησε
984 2711 1090 2782 πρὸ
1121 2714 1340 2768 πάντων
1369 2715 1476 2770 τῶν
1511 2717 1721 2772 αἰώνων
1744 2721 1834 2773 καὶ
1864 2723 1969 2793 πρὸ

382 2797 621 2867 χρόνων·
653 2800 748 2852 καὶ
788 2800 888 2852 οὑκ
933 2800 1049 2854 ἐστι
1080 2803 1354 2875 διάστημα
1394 2807 1662 2877 ἁναμέσον
1712 2799 1841 2863 Υἱοῦ
1877 2815 1969 2866 καὶ

383 2892 630 2963 Πατρός’
670 2892 787 2946 ἀλλ’
839 2893 955 2964 ἅμα
1000 2899 1141 2958 νοεῖς
1191 2898 1433 2970 Πατέρα,
1469 2899 1585 2970 ἅμα
1619 2905 1758 2965 νοεῖς
1803 2904 1964 2958 Υίόν-

382 2982 502 3054 ἅμα
549 2983 836 3055 ὀνομάζεις
879 2986 1030 3050 Υίὸν,
1083 2985 1198 3056 ἅμα
1241 2989 1508 3054 δεικνύεις
1552 2994 1792 3065 Πατέρα.
1839 2998 1969 3051 Ἀπὸ

382 3075 492 3147 γὰρ
522 3076 617 3130 τοῦ
648 3079 860 3147 Πατρὸς
891 3080 1018 3144 Υἱὸς
1064 3086 1286 3147 νοεῖται,
1319 3084 1413 3158 καὶ
1454 3085 1563 3138 ἀπὸ
1610 3086 1737 3140 Υἰοῦ
1779 3090 1969 3162 Πατὴρ

381 3167 733 3235 γινώσκεται.
763 3171 934 3224 Πόθεν
955 3172 1065 3244 γὰρ
1096 3173 1243 3239 Υἱὸς,
1274 3176 1322 3228 εί
1356 3175 1429 3248 μὴ
1458 3178 1676 3250 Πατέρα
1699 3179 1844 3250 Extat;
1875 3185 1970 3237 καὶ

381 3261 549 3314 πόθεν
579 3261 788 3334 Πατὴρ,
820 3265 868 3316 εί
902 3264 977 3336 μὴ
1027 3267 1286 3338 ἐγέννησε
1329 3269 1421 3322 τὸν
1464 3271 1784 3344 Μονογενῆ;
1831 3275 1968 3329 Πότε

380 3356 492 3426 γὰρ
543 3355 764 3410 δύναται
800 3356 877 3429 μὴ
931 3359 1215 3413 καλεῖσθαι
1275 3361 1466 3432 Πατὴρ
1512 3363 1725 3436 Πατὴρ,
1765 3365 1798 3437 ἢ
1840 3366 1969 3432 Υἱὸς
1995 3397 2038 3453 C

382 3450 530 3513 Υἱὸς,
556 3451 642 3503 ἵνα
668 3450 813 3513 τινὲς
837 3452 1071 3521 νοήσωσι
1095 3452 1315 3526 Πατέρα
1341 3454 1469 3508 ἄνευ
1500 3455 1651 3518 Υίοῦ.
1687 3458 1781 3511 καὶ
1813 3458 1970 3512 ὑστε-

385 3557 476 3610 ρον
499 3540 574 3604 ὡς
599 3543 678 3605 είς
712 3542 997 3612 προκοπὴν
1019 3543 1337 3613 ἐληλυθότα,
1367 3546 1461 3598 καὶ
1489 3549 1854 3618 γεγεννηκότα
1876 3552 1968 3606 τὸν

383 3635 533 3698 Υίὸν,
574 3635 662 3688 ἵνα
688 3633 824 3704 μετὰ
847 3634 907 3687 τὸ
933 3634 1178 3706 γέννημα
1205 3636 1378 3708 κληθῇ
1414 3638 1603 3712 Πατὴρ
1636 3641 1770 3695 Υἱοῦ
1799 3646 1828 3697 6
1857 3645 1970 3699 Πα-

381 3728 506 3797 τὴρ,
548 3726 874 3798 προκόπτων
909 3727 969 3780 ὲν
1001 3729 1066 3797 τῇ
1110 3727 1379 3799 θεότητιὸ
1411 3730 1638 3798 τέλειος,
1677 3736 1772 3788 καὶ
1799 3738 1967 3810 μηδέ-

382 3835 512 3873 ποτε
538 3819 887 3889 ὲπιδεόμενος
915 3817 1283 3888 τελειώσεως;

2071 1161 2290 1234 quidem
2330 1160 2477 1230 quod
2523 1159 2764 1213 nondum
2812 1165 2932 1212 erat
2984 1157 3248 1228 gignitur,
3294 1157 3551 1227 quoniam
3601 1164 3658 1213 et

2072 1254 2291 1323 ipsimet
2349 1251 2642 1321 aliquando
2688 1265 2799 1304 non
2850 1249 3090 1313 fuimus,
3145 1257 3200 1303 et
3248 1265 3279 1303 a
3332 1250 3655 1319 parentibus

2073 1347 2238 1418 796
2286 1345 2513 1406 n0stris,
2548 1343 2642 1413 qui
2690 1351 2744 1397 et
2800 1343 2904 1412 ipsi
2959 1344 3256 1413 aliquando
3312 1359 3418 1398 non
3476 1351 3654 1404 erant.

2072 1439 2351 1510 propagati
2384 1436 2765 1507 procreatique
2812 1452 3026 1498 sumus,
3068 1436 3367 1503 eademque
3403 1437 3653 1488 omnium

2074 1532 2354 1585 hominum
2388 1531 2452 1584 ad
2484 1529 2749 1583 Adamunt
2788 1543 2960 1597 usque
2993 1527 3234 1580 conditio
3263 1536 3364 1581 est.
3412 1527 3656 1581 Adamus

2075 1638 2238 1694 porro
2267 1637 2391 1676 cum
2419 1621 2712 1692 aliquando
2750 1635 2857 1673 non
2891 1629 3058 1684 esset,
3101 1635 3131 1674 e
3175 1630 3320 1674 terra
3357 1619 3656 1688 productus

2073 1723 2176 1770 est.
2250 1712 2416 1767 Terra
2471 1726 2598 1766 vero
2652 1713 2721 1765 de
2779 1711 2949 1764 nihilo
3011 1719 3232 1782 creata;
3295 1726 3469 1778 neque
3508 1710 3654 1762 enim

2075 1819 2289 1873 semper
2323 1803 2554 1857 exstitit.
2605 1801 2674 1854 At
2702 1799 2846 1854 Deus
2886 1800 3048 1855 Pater
3095 1808 3357 1870 perpetuo
3396 1799 3518 1861 fuit,
3569 1808 3650 1852 ta-

2076 1897 2291 1966 lemque
2317 1896 2496 1964 qualis
2525 1901 2643 1948 erat
2671 1895 2787 1963 ipse
2818 1904 3012 1947 natura
3057 1892 3251 1946 Filium
3280 1893 3484 1963 genuit.
3517 1890 3658 1959 Ergo

2078 1999 2131 2043 et
2177 2002 2390 2058 semper
2437 1987 2794 2040 exsistentem
2835 1984 3046 2055 genuit,
3092 1999 3202 2037 non
3236 1990 3493 2051 tanquam
3542 1983 3656 2034 l'ra-

2071 2089 2209 2134 trem
2253 2079 2511 2147 aliquem,
2549 2075 2645 2131 sed
2695 2089 2726 2128 a
2769 2090 2914 2137 sese,
2950 2073 3030 2128 uti
3083 2072 3222 2134 dixi,
3267 2071 3534 2140 genitum,
3589 2085 3656 2124 ac

2073 2179 2266 2225 natura
2315 2167 2399 2224 sui
2434 2167 2691 2229 similem,
2742 2165 3032 2219 Dominum
3063 2179 3132 2218 ex
3177 2161 3435 2229 Domino,
3483 2161 3652 2215 Deum

2071 2263 2138 2317 de
2168 2262 2298 2324 Deo,
2343 2260 2510 2314 Deum
2539 2271 2726 2312 verum
2774 2261 2841 2308 de
2872 2255 2982 2308 beo
3010 2269 3158 2307 vero.
3199 2252 3276 2304 Ac
3309 2261 3656 2320 quacunqu

2070 2353 2138 2408 de
2191 2352 2354 2405 Patre
2409 2348 2663 2419 cogitarit
2721 2346 2960 2414 aliquis,
3010 2341 3202 2398 eadem
3255 2341 3324 2397 de
3377 2339 3516 2394 Filio
3559 2355 3657 2393 co-

2071 2445 2288 2517 gitanda
2337 2454 2500 2508 sunt;
2547 2451 2601 2495 et
2650 2451 2990 2509 quaecunque
3035 2435 3104 2490 de
3147 2433 3286 2488 Filio
3331 2431 3652 2496 credideris,

2070 2539 2257 2592 eodem
2302 2535 2465 2589 modo
2515 2533 2583 2588 de
2634 2531 2795 2584 Patre
2851 2529 3136 2585 sentieuda
3171 2534 3320 2582 sunt.
3360 2525 3454 2578 Sic
3507 2524 3656 2580 enim

2069 2628 2327 2683 Christus
2360 2626 2620 2680 Dominus
2660 2641 2723 2678 ea
2771 2623 2838 2677 de
2869 2638 2928 2677 re
2961 2631 3195 2676 testatur
3226 2639 3239 2671 :
3270 2619 3375 2686 Qui
3407 2634 3510 2672 non
3542 2633 3657 2670 cre-

2070 2721 2148 2775 dit
2180 2723 2233 2774 in
2275 2718 2496 2780 Filium,
2537 2719 2676 2772 sicut
2701 2716 2864 2769 credit
2902 2716 2958 2768 in
3006 2714 3245 2779 Patrem,
3305 2728 3397 2766 nec
3429 2710 3655 2766 honorat

2071 2817 2292 2880 Filium,
2333 2822 2391 2866 ut
2433 2813 2659 2867 honorat
2704 2809 2946 2870 Patrem,
2995 2808 3079 2860 ira
3122 2805 3219 2860 Dei
3259 2813 3436 2858 manet
3502 2817 3658 2870 super

2071 2912 2246 2978 ipsum
2279 2907 2322 2970 ³,
2361 2905 2414 2959 id
2449 2903 2595 2973 quod
2633 2905 2687 2954 in
2720 2899 3014 2970 Evangelio
3048 2898 3267 2968 legitur.
3305 2895 3385 2949 Ex
3409 2910 3520 2965 quo
3546 2893 3661 2948 ina-

2069 3003 2156 3056 nis
2202 3000 2420 3054 illorum
2459 2994 2739 3051 cavillatio
2779 3001 2833 3046 et
2879 2990 3229 3044 ratiocinatio
3270 2985 3553 3043 concidit:
3608 2985 3658 3040 si

2069 3091 2288 3164 quidem
2336 3091 2480 3143 Deus
2511 3080 3093 3154 incomprehensibilis
3127 3077 3662 3149 incomprehensibi-

2070 3185 2173 3239 lem
2209 3180 2438 3253 perinde
2469 3176 2637 3232 Deum
2678 3183 2805 3229 ante
2835 3174 3037 3228 szecula
3079 3172 3262 3226 omnia
3301 3179 3660 3239 temporaque

2069 3275 2278 3346 genuit.
2323 3272 2401 3325 lla
2439 3270 2652 3324 nullum
2692 3266 2911 3321 Patrem
2963 3267 3104 3319 inter
3151 3279 3215 3317 ac
3254 3261 3453 3316 Filium
3488 3261 3660 3315 inter-

2071 3367 2273 3422 vallum
2304 3362 2516 3432 concipi
2554 3361 2752 3427 debet;
2787 3358 2880 3415 sed
2917 3357 3082 3412 simul
3116 3364 3170 3410 et
3202 3355 3417 3409 Patrem
3453 3353 3658 3407 intelli-

2076 3459 2177 3529 gis,
2210 3465 2264 3513 et
2297 3455 2461 3511 simul
2491 3452 2726 3519 Filium;
2760 3451 2923 3506 simul
2955 3449 3209 3503 nominas
3239 3446 3459 3508 Filium,
3495 3444 3660 3500 simul

2075 3550 2320 3608 ostendis
2348 3556 2402 3604 et
2435 3546 2672 3600 Patrem.
2706 3543 2974 3598 Nimirum
3001 3550 3056 3596 et
3084 3557 3148 3596 ex
3179 3539 3340 3594 Patre
3368 3536 3541 3593 Filius
3574 3537 3662 3590 in—

2077 3642 2358 3712 telligitur,
2386 3646 2439 3695 et
2468 3653 2536 3693 ex
2568 3637 2708 3692 Filio
2735 3634 3088 3705 cognoscitur
3123 3631 3305 3687 Pater.
3349 3629 3454 3695 Qui
3485 3635 3662 3698 potest

2076 3736 2222 3792 enim
2249 3733 2426 3787 Filius
2451 3745 2594 3794 esse,
2644 3728 2691 3784 si
2719 3726 2937 3782 Patrem
2970 3741 3079 3780 non
3119 3725 3304 3789 habet,
3345 3733 3438 3776 aut
3475 3720 3660 3782 Pater,

2078 3831 2125 3887 si
2157 3827 2354 3882 Filium
2397 3839 2509 3879 non
2540 3822 2759 3894 genuit?
2791 3820 3147 3887 Quandonam
3175 3833 3306 3873 vero
3348 3816 3508 3870 Pater
3551 3828 3661 3868 non

383 3911 641 3980 appellari
670 3907 833 3965 Pater
867 3917 1066 3980 potest,
1104 3923 1198 3967 aut
1224 3911 1397 3970 Filius
1425 3931 1534 3971 non
1562 3919 1746 3973 vocari
1792 3919 1986 3988 Filius,
2033 3935 2092 3981 ut
2147 3924 2267 3980 sine
2315 3917 2455 3974 Filio
2502 3917 2664 3972 Pater
2709 3924 2988 3980 utcunque
3036 3913 3210 3983 possit
3258 3909 3507 3979 intelligi,
3569 3917 3662 3963 aut

383 4003 692 4059 istiusmodi
726 4003 876 4074 ﬁngi,
913 4011 972 4058 ut
1015 4008 1402 4076 progressione
1440 4013 1675 4081 quadam
1708 4015 1849 4070 fat-ta
1885 4017 2083 4075 Filium
2127 4028 2318 4091 postea
2373 4013 2645 4087 genuerit,
2700 4027 2764 4066 ac
2816 4009 3016 4066 deinde
3074 4025 3200 4063 cum
3230 4007 3502 4079 genuerit,
3537 4005 3662 4061 Filii

383 4093 545 4150 Pater
566 4096 828 4166 appellari
855 4094 1078 4162 debeat;
1110 4100 1267 4168 quasi
1290 4101 1594 4160 divinitatis
1617 4121 1994 4177 progressum,
2025 4114 2105 4167 uti
2134 4111 2270 4175 dixi,
2301 4106 2614 4180 quempiam
2657 4103 2909 4174 adeptus,
2939 4115 3065 4154 cum
3098 4106 3278 4153 tamen
3349 4098 3424 4152 ita
3481 4095 3659 4167 perle—

383 4197 505 4242 ctus
535 4187 628 4251 sit,
665 4197 721 4241 ut
756 4187 992 4256 amplius
1014 4187 1200 4257 perlici
1237 4193 1510 4260 nequeat?

454 4283 530 4334 0’.
557 4279 724 4335 Πάλιν
747 4280 803 4333 δὲ
833 4281 1284 4353 προφασίζονται,
1317 4285 1379 4338 τὸ
1410 4289 1620 4344 ἰατικὸν
1651 4291 1812 4347 τοῦτο
1839 4296 1972 4368 φάρ-

388 4390 560 4445 μακον
614 4373 712 4426 καὶ
757 4373 1104 4444 σωτηριῶδες
1149 4376 1424 4432 ἀντίδοτον
1463 4380 1556 4449 ἀφ’
1591 4383 1798 4439 ἑαυτῶν
1841 4389 1974 4440 ἁπο-

384 4463 677 4516 6άλλεσθαι
735 4463 1067 4536 βουλόμενοι,
1107 4465 1168 4518 τὸ
1223 4470 1541 4540 στερέμνιον
1583 4473 1683 4544 τῆς
1735 4477 1972 4544 πίστεως

380 4555 485 4626 τῆς
537 4556 699 4624 ἁγίας
737 4557 832 4610 τοῦ
888 4557 1021 4611 Θεοῦ
1071 4558 1422 4631 Ἐκκλησίας,
1466 4563 1750 4632 λέγοντες·
1800 4569 1972 4623 Πόθεν

386 4648 447 4702 τὸ
473 4649 574 4720 τῆς
600 4649 788 4712 οὐσίας
817 4649 989 4722 ὄνομα
1013 4653 1146 4722 ἡμῖν
1186 4652 1410 4723 φέρεται
1434 4672 1451 4722 ;
1480 4655 1568 4710 διὰ
1599 4658 1653 4711 τί
1688 4661 1974 4730 ὁμοούσιος

2143 4287 2307 4344 LXX.
2359 4287 2469 4343 Sed
2505 4302 2724 4343 rursum
2757 4287 2824 4341 ad
2855 4285 3002 4340 aliud
3039 4291 3421 4355 argumentum
3466 4279 3662 4337 confu-

2073 4385 2252 4456 giunt,
2281 4390 2336 4436 et
2378 4380 2800 4437 saluberrimum
2838 4378 2968 4432 illud
2992 4375 3314 4439 remedium,
3337 4383 3500 4444 atque
3520 4375 3662 4428 anti-

2084 4475 2298 4538 dotum,
2325 4472 2429 4526 hoc
2447 4477 2532 4526 est
2558 4469 2707 4534 ﬁdei,
2729 4484 2892 4538 quam
2919 4477 3106 4523 sancta
3130 4466 3222 4528 Dei
3243 4464 3486 4520 Ecclesia
3524 4480 3661 4534 pm-

2074 4567 2243 4629 dicat,
2280 4563 2614 4620 soliditatem
2636 4577 2700 4617 ac
2731 4561 3046 4616 ﬁrmitatem
3077 4574 3108 4612 a
3155 4559 3354 4627 seipsis
3404 4565 3668 4611 excutere

2077 4663 2382 4721 conantur;
2436 4662 2600 4724 atque
2641 4653 2788 4707 hunc
2832 4653 2889 4706 in
2936 4651 3160 4706 modum
3207 4651 3414 4705 instare
3459 4650 3664 4704 solent:

384 4744 416 4795 6
444 4741 573 4804 Υἱὸς
615 4741 695 4813 τῷ
747 4742 925 4814 Πατρὶ
976 4742 1228 4811 λέγεται;
1269 4744 1406 4798 Ποία
1457 4747 1648 4820 Γραφὴ
1693 4727 1814 4804 εἷπε
1847 4755 1973 4826 περὶ

2085 4746 2235 4802 Unde
2256 4747 2434 4811 nobis,
2463 4747 2740 4816 inquiunt,
2775 4760 2972 4800 nomen
2997 4743 3130 4799 illud
3163 4742 3523 4799 substantiae?
3551 4741 3672 4794 Aut.

386 4834 840 4905 ὸμοουσιότητος;
891 4836 1050 4898 Ποῖος
1094 4836 1205 4891 τῶν
1252 4838 1571 4894 ἀποστόλων
1616 4841 1805 4897 οὑσίαν
1852 4839 1974 4898 εἷπε

388 4926 524 4980 Θεοῦ
543 4943 558 4992 ;
580 4916 694 4980 Οὑκ
729 4925 876 4980 ἴσασι
903 4927 980 4993 δὲ,
1011 4929 1092 4981 ὅτι
1124 4930 1220 4983 καὶ
1252 4930 1550 4996 ὑπόστασις
1581 4932 1656 5005 (1)
1697 4935 1791 4988 καὶ
1817 4935 1974 4994 οὑσία

387 5019 582 5072 ταυτόν
612 5019 729 5072 ἐστι
749 5018 826 5090 τῷ
848 5019 1011 5090 λόγῳ.
1046 5021 1217 5094 Ἐστη
1253 5021 1271 5053 ί
1299 5022 1406 5096 γὰρ
1435 5023 1638 5096 Κύριος
1665 5028 1724 5080 ἐν
1750 5030 1816 5099 τῇ
1841 5029 1975 5082 ὑπο-

389 5110 578 5164 στάσει
612 5109 802 5176 αὑτοῦ,
835 5111 930 5164 καὶ
974 5110 1043 5165 τὸ
1078 5113 1450 5183 ἀπαύγασμα
1483 5113 1592 5183 τῆς
1632 5115 1836 5186 δόξης,
1872 5119 1971 5172 καὶ

387 5199 696 5269 χαρακτὴρ
723 5199 832 5268 τῆς
851 5201 1247 5269 ὑποστάσεως
1273 5203 1483 5258 αὐτοῦ’
1507 5205 1661 5258 οὐσία
1682 5203 1776 5260 οὑν
1801 5209 1972 5273 ἐστιν,

386 5293 509 5362 οὐχὶ
547 5292 858 5364 περιουσία,
887 5293 1020 5348 ἀλλὰ
1058 5295 1191 5348 αὐτὸ
1222 5295 1380 5348 τοῦτο
1413 5294 1494 5360 ὃν,
1528 5295 1605 5360 ὦς
1639 5315 1772 5368 φησι
1806 5299 1973 5352 Moab-

390 5385 492 5456 σῆς
511 5402 523 5414 ·
554 5386 618 5438 '0
639 5384 724 5439 ὢν
739 5386 1086 5441 ἀπέσταλκέ
1103 5405 1201 5456 με,
1229 5383 1381 5441 εἷπον
1402 5389 1422 5418 ⁸
1438 5392 1549 5453 τοῖς
1566 5391 1701 5454 υἱοῖς
1735 5392 1970 5464 Ἰσραήλ.

399 5479 461 5535 '0
495 5476 571 5532 ὣν
593 5473 688 5534 οὖν
725 5481 842 5532 ἐστι
871 5479 932 5532 τὸ
966 5479 1024 5534 ὃν
1044 5495 1058 5511 ο
1080 5480 1144 5534 τὸ
1177 5480 1235 5534 δὲ
1265 5479 1380 5553 θνή
1409 5477 1545 5536 οὖσα
1581 5483 1739 5537 οὐσία
1768 5485 1972 5556 τυγχά-

2079 4855 2178 4894 cur
2199 4839 2686 4894 consubstantialis
2709 4838 2856 4894 Patri
2877 4837 3052 4893 Filius
3076 4834 3315 4891 dicitur?
3336 4837 3582 4902 Quonam
3603 4836 3661 4886 in

2079 4929 2375 5002 Scriptura:
2400 4931 2522 4985 loco
2550 4929 3142 4987 consubstantialitatis
3159 4935 3242 4982 est
3259 4927 3400 4982 facta
3419 4923 3678 4979 mentio?‘

2079 5025 2216 5091 Quis
2246 5040 2486 5092 unquam
2513 5040 2580 5080 ex
2629 5023 2890 5095 apostolis
2922 5021 3019 5078 Dei
3070 5019 3434 5076 substantiam
3479 5015 3670 5070 nomi-

2078 5117 2265 5172 navit?
2307 5117 2411 5172 hoc
2451 5117 2598 5172 enim
2640 5116 2896 5172 videlicet
2936 5116 3216 5186 ignorant,
3239 5113 3381 5167 idem
3407 5124 3531 5164 esse
3562 5107 3674 5178 hy--

2079 5211 2368 5281 postasim,
2407 5218 2504 5265 aut
2547 5208 2911 5266 substantiam
2939 5208 3142 5263 dicere.
3178 5205 3271 5260 Est
3302 5204 3446 5260 enim
3480 5201 3673 5254 Domit

2078 5317 2185 5357 nus
2217 5301 2272 5356 in
2302 5301 2583 5372 hypostasi
2615 5316 2736 5365 sua,
2769 5308 2824 5355 et
2852 5298 3103 5369 splendor
3149 5297 3332 5367 gloria:
3380 5311 3442 5349 ac
3485 5295 3661 5364 ﬁgura

2079 5394 2391 5450 substantia:
2434 5394 2595 5466 797
2641 5393 2754 5464 eius
2784 5392 2828 5448 ‘.
2864 5391 2961 5448 Est
2990 5392 3157 5462 igitur
3189 5390 3516 5453 substantia,
3549 5402 3670 5441 nom

2080 5485 2358 5558 quidpiam
2408 5487 2732 5543 facultatum
2789 5485 2966 5540 instar
3013 5491 3344 5554 suppetens,
3394 5479 3490 5536 sed
3524 5476 3667 5534 illud

464 5643 482 5674 ί
506 5633 638 5692 Cor.
687 5634 826 5691 ἐστι.
900 5637 921 5668 ³
953 5634 1014 5689 F.
1040 5633 1231 5701 εἰπών,
1263 5635 1371 5694 nisi
1394 5635 1468 5690 sit
1503 5636 1882 5708 imperativus.
1962 5639 1973 5672 ³

2074 5656 2173 5696 οη.
2206 5657 2290 5708 Ill,
2324 5642 2411 5698 36.
2491 5642 2512 5675 ⁸
2536 5641 2702 5700 Hebr.
2742 5661 2779 5705 ι.
2806 5644 2861 5699 5.

472 5750 721 5824 (1)-Οὺκ.
751 5750 924 5824 [eam
955 5749 1044 5817 δὲ,
1076 5748 1173 5824 ὅτε
1189 5750 1288 5806 καὶ
1319 5753 1675 5820 ὑπόστασις.
1712 5754 1785 5811 De
1816 5756 1901 5813 bis
1932 5773 1973 5811 να

2074 5773 2159 5814 ηις
2201 5759 2550 5821 ὑποστάσεως
2589 5766 2642 5814 et
2695 5757 2884 5820 οὐσίας
2933 5765 3187 5812 accurate
3245 5753 3556 5824 disputatur
3601 5749 3664 5802 is

393 5818 590 5877 Amat.
617 5821 798 5876 eccles.
826 5823 916 5886 62,
954 5839 1047 5876 an.
1076 5818 1197 5876 187.
