4138 6396
486 373 594 434 519

1903 387 1962 444 S.
1989 385 2332 445 EPII’HANII

3655 396 3760 454 320

493 493 670 562 ipsum
705 493 852 566 quod
886 505 989 562 est,
1027 497 1170 553 sicut
1198 496 1413 572 Moyses
1446 501 1586 557 dixit
1617 521 1630 557 :
1668 503 1774 570 Qui
1797 515 1898 570 est,
1925 505 2071 559 misit

2175 523 2276 560 νει.
2314 506 2389 560 Τὸ
2431 505 2488 560 δὲ
2524 506 2660 579 ὁμοῦ
2686 508 2783 580 οὐχ
2827 507 2923 562 ἕνα
2953 507 3114 562 πάλιν
3160 507 3439 581 σημαίνει,
3467 508 3602 564 ἀλλά
3649 511 3758 568 ἀπὸ

491 601 573 638 me
604 585 644 653 ⁸,
671 587 846 658 inquit
874 586 942 641 ad
967 586 1106 644 filios
1139 587 1327 646 lsrael.
1354 589 1541 662 Itaque
1569 594 1661 664 qui
1691 602 1799 660 est,
1833 612 1933 652 ens
1965 604 2071 663 est,

493 684 554 728 ut
600 677 676 730 ita
728 677 949 734 dicam:
985 680 1091 735 hoc
1139 690 1318 737 autem
1365 685 1500 739 nihil
1554 685 1700 740 aliud
1754 696 1860 751 est,
1901 704 2067 759 quam

491 767 820 824 substantia.
857 768 975 824 Jam
1023 773 1289 842 particula
1325 775 1413 829 illa
1447 776 1583 847 ὁμοῦ
1615 792 1723 831 non
1751 793 1919 832 unum
1973 779 2074 833 ali-

491 875 652 930 quem
707 867 761 916 et
814 861 1146 932 singularem
1191 867 1471 937 exprimit,
1524 868 1620 924 sed
1674 870 1730 924 in
1781 870 2071 941 ὁμοουσίου

490 967 624 1007 νοεε
640 953 749 1008 duo
765 955 1010 1024 quaedam
1049 957 1100 1011 in
1132 959 1321 1013 eadem
1347 962 1586 1015 essentia
1622 959 1864 1031 perfecta
1902 962 2072 1033 signi-

491 1045 636 1112 tlcat,
672 1062 793 1117 quae
827 1062 927 1103 nec
961 1064 991 1102 a
1023 1065 1082 1104 se
1130 1051 1363 1106 invicem
1401 1052 1638 1119 diversa,
1689 1069 1791 1108 nec
1837 1054 1907 1108 ab
1950 1054 2072 1108 uni-

490 1150 601 1197 tate
628 1158 724 1197 sua
755 1143 866 1197 sint
903 1145 1101 1218 aliena.
1135 1145 1273 1211 Quid
1317 1147 1360 1202 si
1407 1148 1625 1219 pietatis
1669 1148 1865 1220 gratia,
1903 1155 2071 1220 atque

491 1232 560 1288 ad
616 1237 1050 1291 eonsociandam
1111 1238 1360 1294 veritatis
1411 1239 1808 1310 professionem
1867 1257 2072 1296 novum

490 1326 710 1397 aliquod
744 1329 1072 1389 vocabulum
1106 1346 1374 1402 usurpare
1405 1333 1718 1390 voluimus?
1766 1332 1882 1388 Nisi
1924 1333 2070 1389 enim

489 1422 962 1479 eonsubstantiale
990 1424 1121 1480 illud
1149 1426 1562 1488 retinuerimus,
1593 1442 1660 1482 ex
1687 1427 1944 1483 omnibus
1970 1426 2074 1482 hae-

488 1513 708 1570 resibus
744 1513 969 1572 refutari
1005 1519 1155 1573 nulla
1199 1526 1398 1590 potest.
1439 1517 1578 1573 Nam
1617 1527 1677 1573 ut
1721 1536 1948 1591 serpens
1987 1519 2074 1574 bi-

488 1606 718 1663 tuminis
769 1609 994 1664 odorem
1044 1610 1264 1682 refugit,
1317 1618 1411 1665 aut
1456 1627 1632 1667 cerva!
1681 1611 1931 1679 halitum,
1977 1621 2072 1666 aut

487 1706 699 1767 gagata:
738 1699 936 1770 lapidis
990 1702 1252 1765 suliitum,
1306 1710 1401 1756 aut
1450 1701 1684 1774 styracis
1713 1703 1944 1770 fumum,
1989 1703 2070 1759 sic

486 1789 652 1846 Arius
679 1799 733 1847 et
763 1790 1030 1850 Sabellius
1059 1794 1534 1849 consubstantialis
1581 1809 1769 1849 vocem
1807 1795 1952 1850 illam
2004 1809 2070 1850 ac

2177 597 2273 650 τοῦ
2306 597 2596 668 ὁμοουσίου
2624 598 2720 652 δύο
2746 598 3002 670 σημαίνει
3031 598 3246 652 τέλεια⁸
3286 599 3400 652 ἀλλ’
3437 601 3538 653 οὐκ
3569 599 3755 654 ἀλλοῖα

2176 688 2423 760 ἀλλήλων
2457 689 2625 751 ἐστὶν,
2649 688 2770 742 οὐδὲ
2797 689 3052 760 ἀλλότρια
3069 689 3168 760 τῆς
3195 688 3374 742 αὐτῶν
3393 690 3663 762 ένότητος.
3690 691 3755 744 Et

2175 778 2233 832 δὲ
2280 778 2636 850 ἐχρησάμεθα
2685 779 2963 844 εὐσεϐείας
3008 779 3168 851 χάριν
3215 781 3322 832 τινὶ
3368 778 3512 845 λέξει
3543 779 3633 833 διὰ
3663 779 3756 832 τὸν

2178 872 2473 942 σύνδεσμον
2511 875 2614 944 τῆς
2655 870 2933 942 ἀληθείας.
2969 871 3132 925 ’Δνευ
3183 872 3292 943 γὰρ
3332 872 3426 924 τοῦ
3475 872 3756 942 ὁμολογεῖν

2175 967 2478 1038 ὁμοούσιον,
2513 965 2732 1019 πάντων
2765 963 2788 995 ⁸
2820 964 3083 1035 αἱρέσεων
3111 964 3173 1016 οὐ
3197 963 3421 1018 δύναται
3444 958 3584 1018 εἶναι
3605 963 3758 1032 ἐλεγ-

2174 1073 2289 1125 χος.
2317 1055 2526 1126 Ὥσπερ
2565 1053 2677 1126 γὰρ
2709 1054 2860 1124 μισεῖ
2892 1053 2922 1105 ό
2954 1052 3077 1123 ὄφις
3101 1053 3199 1125 τὴν
3225 1054 3400 1125 ὁσμὴν
3424 1056 3524 1125 τῆς
3551 1055 3757 1124 ἀσφάλ-

2173 1163 2290 1213 του,
2325 1147 2419 1200 καὶ
2443 1147 2545 1217 τὴν
2575 1145 2745 1216 πνοὴν
2768 1145 2870 1214 τῆς
2911 1143 3131 1214 ἐλάφου,
3163 1145 3258 1198 καὶ
3279 1145 3340 1197 τὺ
3378 1143 3630 1215 θυμίαμα
3659 1143 3757 1197 τοῦ

2174 1238 2416 1309 γαγάτου
2443 1238 2618 1302 λίθου,
2647 1237 2742 1292 καὶ
2765 1237 2828 1290 τὸ
2850 1237 3137 1308 κάπνισμα
3169 1237 3263 1289 τοῦ
3287 1235 3554 1309 στύρακος
3574 1256 3586 1268 ’
3613 1236 3757 1290 οὕτω

2173 1334 2268 1388 καὶ
2297 1335 2512 1406 Ἀρειος
2528 1333 2621 1386 καὶ
2639 1330 2924 1396 Σαϐέλλιος
2952 1333 3098 1402 μισεῖ
3121 1331 3210 1384 τὸν
3235 1331 3392 1400 λόγον
3417 1331 3518 1401 τῆς
3545 1333 3602 1384 ὲν
3631 1331 3756 1401 ἀλη-

2175 1426 2296 1498 θείᾳ.
2349 1424 2641 1497 ὁμολογίας
2684 1422 2779 1478 τοῦ
2822 1423 3171 1493 όμοουσίου.
3209 1421 3370 1474 Ἀλλά
3420 1421 3515 1474 καὶ
3572 1421 3755 1485 αὐτοῖς

2171 1517 2406 1590 ἐροῦμεν
2430 1533 2444 1548 ·
2477 1517 2540 1570 Et
2568 1515 2663 1570 καὶ
2698 1515 2773 1587 μὴ
2802 1510 2873 1587 ἦν
2899 1517 2933 1587 ὴ
2972 1515 3120 1579 λέξις
3155 1515 3215 1568 ἐν
3244 1516 3363 1578 ταῖς
3403 1513 3576 1577 θείαις
3610 1514 3756 1584 Γρα-

2173 1611 2299 1682 φαῖς
2344 1609 2484 1681 (ἐστι
2527 1609 2607 1672 δὲ,
2681 1609 2776 1662 καὶ
2827 1607 3013 1678 σαφῶς
3053 1606 3296 1675 ἔγκειται
3341 1607 3399 1659 ὲν
3438 1606 3611 1677 νόμῳ,
3661 1605 3758 1659 καὶ

2174 1700 2327 1773 παρὰ
2353 1699 2670 1764 ἀποστόλοις
2694 1700 2790 1753 καὶ
2834 1701 2946 1757 τοῖς
2979 1699 3314 1766 προφήταις.
3356 1697 3459 1751 Ἐκ
3503 1699 3611 1769 γὰρ
3649 1696 3764 1751 δύο

2166 1794 2484 1865 μαρτύρων
2515 1793 2554 1862 ἢ
2585 1791 2761 1862 τριῶν
2784 1791 3153 1862 σταθήσεται
3175 1789 3299 1846 πᾶν
3313 1789 3520 1861 ῥῆμα).

487 1883 884 1953 professionem
914 1886 1266 1943 vehementer
1304 1887 1562 1943 oderunt.
1614 1886 1719 1943 Sed
1764 1887 1837 1942 ita
1871 1887 2139 1945 adversus
2187 1889 2311 1944 illos
2361 1904 2632 1958 agemus:
2695 1886 2958 1954 Quamvis
3010 1899 3279 1956 nusquam
3311 1883 3365 1938 in
3413 1883 3588 1938 sacris
3642 1880 3759 1936 Lit-

489 1979 620 2034 teris
667 1995 729 2034 ea
797 1995 904 2036 vox
942 1989 1187 2037 exstaret
1233 1983 1387 2053 (quae
1461 1998 1653 2038 revera
1712 1993 1894 2039 tamen
1943 1993 2123 2041 exstat
2177 1995 2342 2055 atque
2390 1985 2444 2040 in
2499 1985 2635 2056 lege,
2681 1993 2738 2040 et
2795 1983 3202 2054 apostolorum,
3253 1995 3319 2034 ae
3371 1977 3756 2051 prophetarum

487 2072 709 2143 scriptis
741 2074 1030 2131 manifeste
1062 2079 1370 2148 reperitur:
1409 2077 1622 2134 Duobus
1653 2095 1817 2150 [orro
1844 2081 1920 2134 vel
1954 2081 2121 2136 tribus
2155 2082 2370 2137 testibus
2396 2091 2502 2135 stat
2529 2096 2681 2134 omne
2706 2079 2917 2134 verbum
2946 2077 3010 2150 ¹).

561 2163 667 2219 Sed
696 2173 752 2219 ut
809 2167 955 2220 nulla
987 2168 1108 2238 ejus
1141 2173 1345 2227 mentio
1378 2171 1563 2237 ﬂeret,
1598 2173 1810 2242 liceret,
1845 2175 2063 2246 opinor,
2095 2186 2139 2242 Β

487 2254 557 2310 ad
612 2255 770 2312 fidem
818 2261 1325 2328 cor-roborandam,
1406 2274 1770 2335 Opportunam
1830 2267 2096 2340 aliquam.

488 2357 652 2420 atque
682 2349 871 2405 utilem
927 2367 1115 2408 vocem
1158 2355 1346 2409 studio
1376 2359 1594 2426 pietatis
1636 2373 1921 2427 usurpare.
1959 2357 2072 2412 Vos

488 2447 670 2495 autem
704 2441 838 2512 quid
901 2445 1120 2500 tandem
1150 2445 1379 2503 dicitis?
1435 2447 1609 2505 Velim
1660 2450 1794 2504 illud
1828 2451 1957 2504 mihi
1987 2466 2072 2506 re-

488 2529 844 2600 spondeatis,
899 2549 1023 2604 quae
1071 2535 1145 2590 sit
1201 2546 1384 2592 vestra
1442 2537 1510 2594 de
1560 2536 1724 2594 Patre
1775 2540 2068 2594 sententia.

487 2623 656 2681 Estne
681 2633 740 2679 ut
762 2626 1062 2682 inereatum
1101 2629 1253 2683 illum
1275 2631 1652 2688 existimemus
1682 2631 1965 2687 ?0mnino
2000 2633 2072 2686 ita

489 2728 612 2770 esse
644 2713 920 2770 fatendum
950 2724 1055 2773 est.
1083 2715 1218 2784 Quis
1251 2721 1397 2774 enim
1457 2721 1593 2776 adeo
1643 2722 1847 2778 stultus
1882 2731 1983 2783 est.
2015 2730 2074 2776 ut

489 2820 552 2860 ea
578 2805 646 2862 de
679 2822 737 2862 re
765 2808 1015 2864 dubitet?
1042 2809 1198 2877 Quis,
1251 2813 1496 2883 inquam,
1538 2814 1620 2870 sic
1646 2815 1830 2869 animo
1858 2814 2073 2884 percul-

489 2913 586 2953 sus
612 2911 676 2953 ac
691 2915 926 2957 vesanus
953 2913 1057 2968 εει,
1081 2911 1139 2958 ιιι
1159 2902 1325 2959 Deum
1353 2915 1406 2960 et
1430 2904 1644 2960 Patrem
1663 2903 1874 2960 Domini
1900 2907 2070 2961 nostri

493 2986 625 3044 Jesu
659 2991 865 3048 Christi
896 2995 1199 3049 inereatum
1226 3012 1348 3052 esse
1384 3012 1492 3052 non
1516 2996 1760 3067 judicet?
1785 2996 1894 3053 Vos
1927 2999 2072 3053 enim

493 3080 681 3152 utique
745 3099 855 3139 non
889 3086 1099 3155 negatis
1129 3086 1432 3158 ingenitum
1492 3087 1670 3156 ipsum
1717 3103 1862 3154 esse,
1899 3097 1955 3142 et
1997 3090 2074 3141 iu-

491 3180 758 3242 creatum,
791 3181 1002 3246 atquea
1026 3178 1176 3231 nullo
1203 3177 1552 3248 productum.
1586 3176 1772 3249 Neque
1805 3179 1948 3234 enim
1978 3177 2077 3232 Pa-

493 3271 634 3319 trem
665 3265 848 3330 habet,
882 3269 977 3338 qui
1002 3269 1074 3323 sit
1099 3269 1219 3339 ipso
1250 3271 1403 3340 prior
1423 3311 1438 3337 ,
1469 3286 1644 3341 neque
1669 3271 1950 3325 deﬁnitum
1978 3287 2075 3325 an—

493 3370 688 3410 norum
716 3357 974 3426 spatium,
1013 3367 1106 3413 aut
1136 3361 1307 3415 ullum
1337 3360 1549 3416 dierum
1582 3361 1821 3424 initium,
1851 3368 1911 3416 ut
1935 3361 2077 3416 Seri-

493 3457 653 3518 ptura
692 3449 934 3520 loquitur
967 3452 1010 3508 ⁸.
1053 3451 1108 3508 Si
1147 3453 1313 3524 igitur
1341 3469 1518 3525 neque
1547 3454 1876 3526 principium
1911 3455 2074 3510 habet

2242 2178 2433 2248 Ὅμως
2465 2176 2584 2243 ἐξὸν
2614 2170 2682 2248 ἦν
2710 2176 2842 2246 ἡμῖν
2869 2175 2938 2228 δι’
2964 2172 3248 2228 εὐσέϐειαν
3271 2169 3580 2243 χρήσασθαι
3612 2169 3756 2234 λέξει

2172 2267 2445 2341 χρησίμῃ,
2471 2265 2997 2336 ὲπασφαλιζομένοις
3015 2265 3114 2337 τὴν
3145 2265 3303 2334 ἁγίαν
3335 2263 3538 2316 πίστιν.
3571 2261 3760 2332 Ὑμεῖς

2172 2360 2229 2413 δὲ
2255 2359 2310 2414 τί
2346 2377 2516 2430 φατες
2552 2359 2756 2428 Λέγετε
2783 2361 2892 2432 γὰρ
2924 2361 3075 2430 ἡμῖν,
3095 2352 3321 2421 ῶοῦτοι,
3349 2356 3401 2410 τί
3423 2356 3607 2425 λέγετε
3631 2353 3761 2426 περὶ

2175 2448 2271 2503 τοῦ
2322 2449 2571 2522 Πατρός;
2608 2450 2895 2515 Ἀκτιστος
2936 2450 2965 2502 ὁ
3000 2449 3218 2521 Πατὴρ;
3266 2447 3489 2511 Πάντως
3537 2447 3620 2500 ὅτι
3647 2445 3758 2500 ναί.

2173 2541 2270 2606 Τίς
2328 2542 2438 2613 γὰρ
2494 2541 2735 2613 ηλίθιος,
2801 2543 2888 2595 ἵνα
2943 2540 3274 2613 ἀμφιϐάλλοι
3341 2540 3471 2612 περὶ
3529 2538 3757 2604 τούτου;

2174 2632 2332 2695 Ποῖος
2366 2631 2424 2686 δὲ
2468 2630 2835 2703 ὲμϐρόντητος
2864 2629 3183 2700 λογίσασθαι
3214 2630 3289 2703 μὴ
3337 2625 3476 2683 εἶναι
3505 2629 3761 2683 ἀκτιστον

2171 2723 2264 2777 τὸν
2319 2723 2488 2789 Θεὸν,
2539 2723 2634 2777 καὶ
2684 2723 2906 2795 Πατέρα
2955 2722 3050 2776 τοῦ
3104 2721 3310 2793 Κυρίου
3361 2720 3518 2792 ἡμῶν
3582 2719 3757 2792 Ἰησοῦ

2173 2813 2446 2888 Χριστοῦ;
2497 2815 2722 2878 Πάντως
2773 2814 2882 2886 γὰρ
2931 2814 3025 2869 καὶ
3075 2813 3230 2867 αὐτοὶ
3281 2812 3611 2883 ὁμολογεῖτε,
3676 2812 3760 2865 ὅτι

2175 2905 2497 2976 ἀγέννητος,
2530 2904 2624 2957 καὶ
2655 2904 2926 2968 ἀκτιστος,
2959 2906 3051 2957 καὶ
3082 2905 3364 2975 ἀγένητος.
3407 2904 3481 2957 Οὐ
3511 2902 3618 2974 γὰρ
3647 2901 3760 2972 ἔχει

2175 2996 2282 3068 πρὸ
2309 2995 2474 3050 αὐτοῦ
2505 2995 2746 3067 Πατέρα,
2768 2995 2889 3048 οὐδὲ
2915 2995 3167 3065 ὁρισμὸν
3195 2994 3363 3060 ἐτῶν,
3388 2993 3531 3049 οὐδὲ
3562 2994 3762 3063 ἀρχὴν

2173 3085 2429 3158 ἡμερῶν,
2463 3086 2602 3141 κατά
2645 3087 2708 3139 τὸ
2740 3086 3145 3158 γεγραμμένον.
3183 3087 3249 3139 El
3279 3085 3461 3139 τοίνυν
3489 3085 3613 3138 οὐτε
3659 3087 3763 3154 ἀρ-

2173 3176 2244 3248 χὴ
2261 3177 2451 3249 χρόνου
2474 3175 2643 3248 αὐτῷ,
2661 3175 2784 3230 οὔτε
2803 3175 2975 3240 τέλος,
3000 3177 3360 3248 ὁμολογεῖται,
3384 3178 3464 3230 ὅτι
3489 3176 3760 3240 ἀκτιστος,

2176 3271 2268 3324 καὶ
2297 3270 2665 3342 ἀναμφίϐολόν
2690 3273 2858 3325 ἐστιν.
2893 3269 3142 3342 Οὐδαμοῦ
3165 3271 3222 3323 δὲ
3253 3272 3384 3344 περὶ
3405 3270 3572 3324 αὐτοῦ
3601 3270 3762 3324 τοῦτο

2175 3365 2504 3437 γέγραπται.
2547 3364 2843 3430 Εὐσεϐείας
2879 3365 2936 3419 δὲ
2962 3365 3120 3436 χάριν
3147 3365 3567 3436 ἀναγκαζόμεθα
3592 3363 3762 3418 ταῦτα

2176 3456 2414 3522 εὐσεϐῶς
2449 3458 2576 3530 περὶ
2628 3457 2792 3511 αὐτοῦ
2845 3459 3060 3529 φρονεῖν
3093 3474 3154 3510 τε
3195 3457 3291 3510 καὶ
3324 3457 3524 3526 λέγειν,
3569 3456 3668 3510 κᾶν
3699 3473 3762 3509 τε

492 3542 756 3609 temporis
787 3542 978 3610 ullum,
1013 3560 1190 3615 neque
1221 3545 1404 3612 tinem,
1428 3547 1481 3600 in
1499 3545 1755 3604 confesso
1775 3554 1880 3612 est,
1913 3557 2074 3619 atque

2180 3548 2255 3620 μὴ
2349 3546 2754 3618 γεγραμμένον.
2790 3545 2976 3609 Οὕτως
3007 3545 3071 3598 τὸ
3112 3546 3242 3615 περὶ
3272 3543 3382 3616 τοῦ,
3411 3544 3760 3614 ὀμοουσίου,

491 3640 647 3686 extra
700 3647 916 3689 omnem
983 3638 1449 3706 controversiam,
1522 3639 1775 3696 eumdem
1835 3656 1866 3694 a
1922 3641 2076 3696 nullo

491 3733 739 3780 creatum
800 3727 992 3784 fuisse.
1025 3730 1189 3800 Atqui
1221 3745 1493 3802 nusquam
1536 3731 1605 3788 de
1633 3747 1698 3788 eo
1737 3741 1822 3789 est
1854 3733 2076 3804 scriptis

496 3815 632 3871 illud
664 3834 1010 3890 expressum.
1055 3821 1287 3879 Verbum
1339 3826 1580 3895 pietatis,
1620 3839 1679 3882 ut
1707 3825 1842 3890 dixi,
1871 3826 2073 3891 studio,

494 3909 749 3981 religiose
775 3911 888 3968 haec
915 3914 984 3970 de
1031 3915 1151 3986 ipso
1195 3925 1248 3972 et
1283 3920 1488 3974 sentire
1513 3928 1566 3974 et
1594 3918 1894 3990 prtedieare
1915 3917 2077 3989 cogi-

493 4020 638 4069 mur,
667 4006 793 4063 licet
814 4008 949 4064 nihil
976 4009 1048 4066 sit
1069 4010 1341 4081 ejusmodi
1366 4012 1655 4084 scriptum.
1681 4011 1883 4068 Eodem
1913 4010 2076 4067 modo

493 4101 713 4152 tametsi
750 4099 975 4155 nulloin
1009 4099 1442 4173 Seripturteloco
1471 4118 1575 4158 vox
1609 4103 1700 4157 illa
1734 4102 2079 4157 consubstan-

497 4189 661 4253 tialis,
696 4189 902 4247 diserte
933 4202 1095 4264 atque
1127 4195 1404 4264 expressis
1450 4194 1647 4250 litteris
1675 4195 2074 4258 contineretur,

495 4294 599 4336 nos
630 4282 707 4336 uti
735 4293 918 4339 tamen
949 4285 1041 4339 illa
1079 4301 1306 4342 necesse
1339 4294 1681 4356 putaremus,
1721 4286 2076 4358 quantumvis

2177 3637 2600 3710 ἀναγκαζόμεθα
2655 3638 2854 3707 λέγειν,
2910 3640 2957 3691 εί
3003 3638 3098 3691 καὶ
3146 3636 3221 3708 μὴ
3264 3632 3333 3708 ἦν
3378 3635 3763 3708 γεγραμμένον

2177 3733 2318 3788 κατά
2344 3734 2444 3805 τὴν
2479 3732 2614 3786 ίδίαν
2650 3730 2922 3800 γλῶσσαν,
2959 3729 3096 3802 μετά
3121 3730 3401 3802 στενωπῆς
3429 3728 3538 3782 τῶν
3566 3727 3759 3797 λόγων,

2177 3827 2226 3880 εί
2265 3826 2358 3879 καὶ
2398 3824 2565 3891 δόξειε
2605 3823 2764 3876 τοῦτο
2797 3819 2936 3877 εἶναι
2970 3821 3111 3893 ὑπὲρ
3144 3817 3312 3893 ἡμᾶς,
3353 3820 3446 3874 καί⁵
3479 3819 3618 3891 ὑπὲρ
3664 3818 3762 3890 τὴν

2175 3915 2330 3988 ἡμῶν
2361 3913 2523 3984 φύσιν
2571 3914 2634 3968 τὸ
2687 3912 2783 3968 ἐπὶ
2819 3911 2955 3965 Θεοῦ
3009 3911 3376 3981 διαλέγεσθαι.
3422 3909 3562 3963 Ἀλλ’
3611 3909 3763 3979 ὅμως

2175 4008 2337 4072 αὐτὸς
2381 4007 2410 4060 ὁ
2444 4005 2646 4078 Κύριος
2676 4006 3188 4076 συγγνωμονὴσειεν
3224 4006 3376 4075 ἡμῖν,
3419 4001 3763 4073 βουλομένοις

2175 4104 2272 4174 οὐχ
2305 4103 2443 4175 ὑπὲρ
2490 4100 2740 4171 θεότητος
2786 4099 3190 4165 ἀπολογεῖσθαι,
3224 4097 3324 4168 τῆς
3358 4094 3635 4158 ἀνενδεοῦς
3668 4092 3763 4146 οῦ-

2177 4210 2276 4265 σης
2307 4195 2404 4264 τῆς
2430 4190 2586 4262 ἡμῶν
2617 4187 2960 4250 συστάσεωςί
3007 4185 3169 4239 Ἀλλά
3192 4186 3274 4238 δεῖ
3295 4184 3534 4248 εὐσεϐῶς
3559 4183 3760 4252 λέγειν,

2175 4284 2270 4339 καὶ
2302 4280 2542 4344 εὐσεϐῶς
2575 4282 2737 4345 νοεῖν,
2773 4279 2859 4332 ἵνα
2892 4279 2966 4351 μὴ
2999 4277 3349 4350 ἀπολώμεθα.

495 4375 562 4430 de
597 4375 704 4432 Deo
730 4378 1014 4449 disputare
1043 4396 1208 4452 supra
1234 4397 1334 4436 nos
1363 4397 1428 4437 ac
1463 4391 1675 4438 natura:
1727 4389 1930 4439 nostrae
1990 4381 2362 4437 conditionem
2413 4396 2536 4438 esse
2590 4380 2893 4436 videretur.
2949 4377 3321 4435 Nihilominus
3360 4385 3546 4432 tamen
3603 4374 3764 4430 facile

495 4467 663 4540 798
693 4471 851 4526 nobis
876 4458 1303 4544 benignissimus
1331 4473 1597 4535 Dominus
1627 4474 1844 4529 veniam
1898 4472 2250 4538 concederet,
2280 4475 2376 4545 qui
2401 4489 2510 4528 non
2561 4473 2618 4528 id
2665 4471 3073 4538 aﬂectaremus,
3138 4481 3201 4526 ut
3243 4471 3571 4534 divinitatis,
3635 4483 3760 4539 qua:

499 4560 754 4630 praesidio
780 4573 974 4618 nostro
1015 4579 1080 4619 ac
1112 4564 1529 4621 confirmatione
1573 4581 1680 4620 non
1712 4573 1855 4635 eget,
1918 4566 2289 4636 patrocinium
2355 4567 2789 4636 susciperemus.
2846 4563 2955 4621 Sed
2998 4565 3262 4620 nimirum
3305 4563 3373 4621 de
3423 4561 3625 4617 divinis
3680 4578 3763 4616 re-

497 4657 603 4713 bus
648 4659 732 4722 pie
768 4659 916 4730 loqui
973 4674 1038 4714 ae
1072 4660 1277 4716 sentire
1314 4675 1416 4716 nos
1458 4670 1692 4731 oportet.
1725 4677 1793 4716 ne
1838 4663 2080 4733 pessime
2119 4676 2431 4734 pereamus.

565 4747 752 4808 LXXI.
813 4750 1180 4817 Quamobrem
1230 4751 1582 4822 respondete,
1647 4769 1856 4824 quaeso,
1893 4754 2074 4820 nobis,

2255 4755 2378 4810 OA’.
2420 4755 2613 4808 Τοίνυν
2640 4753 2977 4826 ἀποκρίθητε
3007 4754 3162 4824 ἡμῖν,
3199 4749 3365 4804 οίτοῦ
3413 4750 3623 4820 Ἀρείου
3661 4766 3763 4818 μα-

499 4846 612 4902 Arii
650 4845 894 4903 fautores
925 4862 989 4902 ac
1011 4847 1291 4918 discipuli,
1322 4863 1446 4903 cum
1487 4847 1789 4920 ingenitum
1819 4863 1887 4903 ex
1920 4864 2076 4920 aequo

2185 4844 2377 4918 θηταί·
2412 4847 2707 4918 ἀγέννητον
2735 4845 2970 4916 λέγομεν
2999 4845 3200 4908 πάντες
3240 4842 3376 4914 ὁμοῦ
3406 4841 3498 4896 τὸν
3523 4842 3764 4912 Πατέρα,

498 4937 717 4994 Patrem
762 4955 954 4997 omnes
979 4939 1392 5011 increatumque
1431 4939 1722 5003 fateamur,
1769 4939 1950 5011 sitque
1984 4939 2081 4994 ad-

500 5029 770 5084 mirabilis
821 5029 912 5083 illa
965 5029 1212 5100 profecto
1253 5029 1444 5099 dictio,
1488 5031 1712 5086 ubinam
1744 5039 1831 5088 est
1875 5032 2081 5102 scripto

501 5121 824 5178 nominatim
881 5123 1178 5193 expressa?
1229 5121 1474 5179 Proferte
1502 5123 1705 5188 locum,
1752 5125 1797 5180 si
1830 5127 2081 5195 potestis.

501 5212 688 5284 Neque
714 5215 860 5270 enim
899 5222 994 5269 aut
1043 5215 1099 5269 in
1146 5215 1264 5286 lege
1299 5225 1785 5282 commemoratur,
1819 5227 1913 5272 aut
1937 5217 2084 5289 apud

436 5335 444 5373 χ
502 5308 819 5378 prophetas,
850 5316 944 5362 aut
1000 5307 1055 5362 in
1084 5308 1402 5380 Evangelia,
1449 5315 1544 5362 aut
1595 5308 1651 5363 in
1709 5309 2084 5380 apostolorum

433 5407 436 5410 ’
503 5400 739 5471 denique
793 5399 1184 5456 monumentis.
1226 5400 1381 5468 Quod
1420 5402 1468 5458 si
1509 5402 1835 5458 vocabulum
1865 5404 2086 5475 aliquod

505 5507 777 5563 nusquam
833 5493 1055 5564 scriptis
1089 5508 1414 5564 expressum»
1445 5508 1716 5564 usurpare
1747 5493 1894 5562 licet,
1920 5495 2085 5566 idque

509 5589 728 5652 propter
747 5582 988 5638 divinam
1043 5584 1274 5654 gloriam
1315 5593 1640 5656 usurpatum
1674 5587 2083 5656 amplectuntur

503 5687 696 5728 omnes
763 5683 820 5728 et
864 5674 1191 5745 approbant,
1239 5675 1365 5746 quis
1411 5691 1512 5733 nos
1568 5691 1831 5743 accusare
1884 5678 2082 5734 merito

2177 4941 2274 4995 καὶ
2312 4940 2588 5001 ἀκτιστον,
2625 4939 2719 4994 καὶ
2746 4939 3035 5010 θαυμαστὴ
3075 4939 3109 5010 ή
3143 4936 3290 5003 λέξις
3337 4935 3610 5005 δηλονότι·
3661 4933 3764 4988 ποῦ

2178 5032 2358 5086 τοίνυν
2389 5031 2702 5103 γέγραπται
2746 5030 2939 5096 τοῦτο;
2988 5029 3204 5094 Δείξατε
3248 5030 3341 5082 τὸν
3388 5029 3572 5082 τόπον.
3629 5027 3766 5080 Οὔτε

2179 5122 2288 5195 γάρ
2317 5122 2749 5198 νόμοςβίρηκεν,
2774 5121 2898 5176 οὔτε
2926 5121 3227 5194 προφῆται,
3252 5120 3378 5174 οὔτε
3410 5119 3766 5189 Εὐαγγέλιον,

2180 5215 2305 5270 οὔτε
2350 5217 2658 5270 ἀπόστολοι.
2698 5218 2762 5270 Εἰ
2786 5216 2965 5270 τοίνυν
2993 5215 3231 5278 εὐσεϐῶ(³
3261 5216 3491 5285 λέγομεν
3519 5213 3666 5281 λέξιν
3694 5215 3770 5285 μὴ

2183 5311 2596 5392 γεγραμμένην,
2638 5309 2733 5363 καὶ
2781 5309 2928 5363 ἔστιν
2953 5308 3228 5380 ἀποδεκτὴ
3261 5302 3400 5378 ὐπὲρ
3427 5304 3586 5377 δόξης
3619 5304 3769 5392 ,Θεοῦ

2176 5391 2453 5472 λεγομένη
2478 5417 2492 5432 ’
2526 5401 2611 5464 τίς
2661 5401 2793 5473 ἡμῖν
2841 5400 3206 5469 ἐγκαλέσειεν,
3241 5400 3290 5452 εί
3335 5397 3430 5452 καὶ
3484 5396 3560 5468 μὴ
3609 5391 3678 5467 ἦν
3712 5395 3773 5449 τὺ

2180 5491 2464 5562 ὁμοούσιον
2489 5492 2896 5564 γεγραμμένον,
2915 5493 3184 5563 εὑρόντων
3219 5489 3377 5562 ἡμῶν
3409 5489 3588 5557 λόγον,
3616 5487 3682 5540 δι’
3708 5479 3771 5539 οὗ

2178 5586 2336 5656 λόγου
2367 5586 2714 5659 δυνησόμεθα
2746 5587 2808 5641 τὸ
2838 5585 3077 5656 ἀσφαλὲς
3105 5584 3437 5657 ὁμολογῆσαι
3472 5583 3570 5654 τῆς
3613 5579 3773 5652 ἡμῶν

2181 5677 2491 5752 σωτηρίας;
2545 5677 2658 5733 ἀλλ’
2707 5679 2814 5732 εἰσὶ
2851 5677 3150 5750 μαρτυρίαι
3191 5675 3330 5748 μετά
3370 5673 3464 5729 καὶ
3491 5670 3588 5728 τοῦ
3619 5672 3770 5728 εὐσε-

576 5829 598 5865 ⁸
637 5827 810 5886 Exod.
847 5844 930 5898 tu,
967 5831 1049 5885 14.
1131 5833 1151 5864 ³
1181 5830 1338 5889 Deut.
1372 5849 1485 5899 xix,
1519 5833 1618 5902 l5;
1649 5833 1838 5891 Matth.
1864 5850 2016 5902 xvut,
2052 5835 2076 5889 i

2219 5835 2240 5868 ³
2279 5831 2445 5892 Hebr.
2479 5850 2576 5902 vn,
2607 5833 2660 5888 5.
2736 5835 2756 5865 ⁵
2789 5833 2850 5887 F.
2881 5833 3117 5898 πάντως.
