4138 6396
383 363 483 424 321
1006 370 1379 429 ADVERSUS
1415 372 1760 431 HIERESES
1795 375 1923 431 LIB.
1965 376 2029 432 Il.
2071 373 2232 431 ΤΟΜ.
2277 374 2339 429 Il.
2380 406 2447 416 -—
2487 370 2759 430 IlAiRES.
2803 372 2994 430 LXIX.
3533 371 3642 430 δὴ

385 480 515 547 ϐοῦς
565 481 825 554 λογισμοῦ
847 524 862 549 ,
917 485 980 539 αἴ
1035 505 1096 540 τε
1162 491 1602 562 προτεταγμέναι
1663 493 1758 546 καὶ
1812 494 1947 547 ἄλλα

2069 492 2263 564 possit,
2309 492 2354 547 si
2391 507 2516 547 cum
2547 507 2653 548 vox
2684 493 2774 546 illa
2817 487 3292 546 consubstantiatis
3345 486 3534 542 nullibi
3565 487 3648 540 (ἰί-

383 574 627 640 πλείους.
662 576 1075 650 Παρελεύσομαι
1109 580 1165 633 δὲ
1193 584 1288 634 καὶ
1320 582 1525 654 ταύτην
1548 582 1648 654 τὴν
1675 582 1841 648 λέξιν,
1873 585 1953 638 xui

2071 591 2216 639 serte
2279 583 2482 654 scripta
2521 583 2814 648 videretur,
2872 597 2974 636 nos
3011 580 3285 649 ejusmodi
3320 579 3646 634 vocabulum

381 665 481 729 τὰς
507 665 674 731 ἄλλας
702 669 882 724 αὐτῶν
911 669 1006 724 τοῦ
1032 671 1330 744 δελεασμοῦ
1374 675 1516 728 κατὰ
1547 675 1655 728 τῶν
1691 676 1953 748 ἀκεραίωι

2069 675 2411 746 excogitasse
2441 673 2772 734 diceremus,
2806 687 2902 741 per
2938 672 3084 741 quod
3119 673 3414 726 salutarem
3445 669 3648 724 doctri-

379 756 682 830 λεγομένας
712 762 770 814 ὲν
818 760 938 834 Θεῷ
967 762 1216 830 ἁναξανῶ
1261 767 1448 837 ῥήσεις
1473 784 1532 820 τε
1565 768 1658 820 καὶ
1699 767 1953 832 ἐπινοίας.

2071 781 2218 830 nam,
2255 766 2323 822 ab
2366 765 2515 819 omni
2548 763 2792 835 periculo
2828 763 3032 818 erroris
3064 762 3361 816 immunem
3397 760 3646 832 proﬁteri

381 855 710 920 possemus?
757 853 960 911 Verum
1012 859 1080 914 ad
1138 861 1288 930 pium
1338 861 1494 916 illum
1569 863 1998 934 religiosumque
2057 877 2278 916 sensum
2329 861 2631 932 Scriptura
2682 860 2907 929 insuper
2943 858 3301 914 auctoritates
3352 857 3644 920 accedunt,

381 961 508 1001 cum
541 961 571 1001 a
607 964 696 1004 me
733 962 1178 1008 commemorata:
1205 953 1628 1022 hactenus,tum
1663 957 1976 1027 complures
2003 957 2140 1010 aliaa.
2186 953 2290 1011 Sed
2325 955 2436 1024 jam
2472 955 2541 1009 ab
2594 954 2757 1023 hujus
2817 953 2922 1007 loci
2981 955 3303 1007 tractatione
3342 951 3642 1014 discedam,

381 1053 440 1095 ut
468 1041 535 1096 ad
565 1043 702 1106 alias
736 1042 1032 1116 Scripturae
1073 1050 1375 1107 sententias
1408 1057 1464 1106 et
1500 1062 1824 1125 argumenta
1883 1051 2231 1108 discutienda
2264 1067 2350 1106 me
2404 1051 2708 1115 conferam,
2770 1065 2909 1120 quas
2949 1050 3095 1105 velut
3154 1049 3443 1104 illecebras
3499 1048 3648 1102 rudi-

378 1137 484 1192 bus
511 1153 577 1192 ac
610 1139 952 1210 simplicibus
981 1143 1273 1213 objiciunt.

449 1232 570 1288 OB'.
610 1235 842 1304 Λέγουσι
877 1237 988 1309 γὰρ
1031 1239 1193 1293 πάλιν
1217 1238 1294 1312 (2)
1322 1241 1371 1294 οἱ
1397 1240 1553 1296 αὐτοὶ
1599 1241 1737 1313 μετὰ
1772 1242 1960 1296 πασῶν

378 1319 454 1378 ὧν
499 1325 608 1380 ἀπὸ
653 1327 745 1380 τοῦ
797 1329 1118 1384 Ἀποστόλου
1154 1332 1248 1386 καὶ
1283 1332 1774 1402 τῶνΕὑαγγελίων
1821 1332 1960 1386 κατὰ

375 1418 469 1470 τὸν
500 1417 624 1471 νοῦν
656 1419 836 1472 αὐτῶν
879 1421 1336 1494 παραφθείρουσι,
1389 1423 1574 1488 κακῶς
1609 1422 1960 1486 ὑπονοοῦντες

377 1507 570 1575 λέξεις,
597 1513 692 1564 καὶ
721 1511 922 1584 ταύτην
953 1515 1032 1577 εἰς
1066 1515 1229 1584 μέσον
1259 1517 1515 1588 φέροντες
1541 1517 1648 1571 ἀπὸ
1673 1515 1767 1569 τοῦ
1797 1517 1958 1569 Ἀπο-

378 1599 588 1665 στόλου,
609 1600 682 1664 ὡς
707 1603 921 1674 εἴρηται
950 1604 1008 1656 ἐν
1033 1607 1099 1675 τῇ
1123 1605 1260 1677 πρὸς
1290 1605 1607 1678 Κορινθίους
1648 1605 1960 1676 Ἐπιστολῇ,

374 1692 434 1744 ὲν
461 1691 538 1763 τῷ
572 1692 700 1762 περὶ
733 1692 942 1765 νεκρῶν
977 1695 1327 1760 ἀναστάσεως
1358 1698 1654 1768 κεφαλαίῳ.
1691 1697 1780 1760 Ὡς
1824 1696 1959 1750 καθ-

2139 1231 2348 1288 LXXII.
2402 1233 2613 1287 Etenim
2673 1233 2817 1287 inter
2860 1232 2967 1286 alia
2998 1248 3279 1288 sacrarum
3311 1233 3643 1291 Litterarum

2067 1323 2401 1390 testimonia,
2425 1339 2546 1394 quae
2565 1339 2631 1379 ex
2652 1323 2916 1394 Apostolo
2949 1333 3003 1380 et
3031 1323 3340 1396 Evangeliis
3382 1328 3450 1382 ad
3483 1344 3644 1383 suum

2067 1431 2289 1470 sensum
2346 1415 2660 1486 depravata,
2715 1431 2780 1471 ac
2809 1431 3092 1487 perperam
3139 1417 3412 1473 intellecta
3464 1419 3645 1490 profe-

2065 1517 2216 1574 runt,
2269 1509 2375 1564 hoc
2427 1509 2660 1580 insuper
2697 1526 2763 1565 ex
2821 1511 3084 1580 Apostolo
3135 1511 3294 1567 nobis
3351 1513 3642 1583 objiciunt,

2066 1601 2213 1672 quod
2247 1600 2302 1655 in
2332 1600 2570 1672 Epistola
2601 1601 2668 1656 ad
2691 1601 3005 1658 Corinthios
3033 1603 3248 1674 legitur,
3282 1605 3373 1660 ubi
3403 1606 3472 1661 de
3495 1620 3644 1661 mor-

2067 1697 2292 1746 tuorum
2322 1692 2732 1749 resurrectione
2761 1692 3024 1762 disputat.
3057 1692 3148 1749 Sic
3181 1697 3325 1750 enim
3360 1697 3642 1768 loquitur:

374 1783 502 1855 εξῆς
564 1801 764 1855 φησιν’
793 1777 944 1840 Ἐἶτα
975 1788 1040 1842 τὸ
1072 1789 1266 1856 τέλος,
1315 1791 1462 1844 ὅταν
1504 1766 1806 1860 παραδιδῷ
1845 1791 1953 1860 τὴν

2061 1779 2266 1838 Deinde
2311 1783 2460 1853 ﬁnis,
2517 1799 2638 1837 cum
2676 1783 2956 1836 tradiderit
2996 1801 3211 1856 regnum
3249 1785 3358 1840 Deo
3389 1766 3448 1841 ει.
3464 1786 3642 1856 Patri,

367 1873 698 1938 βασιλείαν
734 1874 814 1941 τῷ
853 1875 974 1942 Θεῷ
1024 1877 1124 1931 καὶ
1168 1879 1373 1948 Πατρὶ,
1426 1879 1572 1934 ὅταν
1604 1879 1958 1950 καταργήσῃ

372 1962 582 2019 πᾶσαν
599 1966 818 2036 ἀρχὴν,
849 1967 949 2021 καὶ
981 1967 1188 2024 πᾶσαν
1212 1972 1521 2038 ἐξουσίαν,
1555 1973 1653 2027 καὶ
1681 1974 1954 2043 δύναμιν.

371 2057 474 2113 Δεῖ
495 2058 606 2128 γὰρ
637 2059 827 2115 αὐτὸν
869 2062 1251 2131 βασιλεύειν,
1282 2064 1454 2135 ἄχρις
1494 2062 1566 2122 οὗ
1609 2065 1685 2136 θῇ
1732 2066 1959 2133 πάντας

369 2150 514 2217 τοὺς
566 2152 821 2222 ἐχθροὺς
874 2155 1062 2210 αὐτοῦ
1121 2155 1242 2211 ὑπὸ
1294 2157 1439 2224 τοὺς
1487 2159 1679 2224 πόδας
1733 2158 1954 2213 αὐτοῦ’

369 2243 634 2314 ἔσχατος
667 2246 883 2316 ἐχθρὸς
936 2249 1310 2320 καταργεῖται
1353 2253 1387 2305 ό
1436 2250 1714 2319 θάνατος.
1775 2254 1960 2307 Ὅταν

369 2335 440 2389 δὲ
472 2337 649 2406 εἴπῃ,
703 2339 794 2394 ὄτι
845 2341 1052 2396 Πάντα
1082 2344 1244 2411 αὐτῷ
1282 2343 1698 2411 ὑποτέτακται,
1741 2344 1956 2416 δῆλον,

368 2429 456 2484 ὅτι
482 2430 657 2496 ἐκτὸς
681 2432 788 2486 τοῦ
810 2434 1227 2503 ὑποτάξαντος
1246 2437 1406 2503 αὐτῷ
1434 2439 1507 2494 τὰ
1537 2437 1752 2494 πάντα.
1773 2439 1960 2494 Ὅταν

367 2520 433 2574 δὲ
467 2523 742 2594 ὑποταγῇ
787 2526 949 2592 αὐτῷ
995 2528 1069 2583 τὰ
1107 2528 1324 2593 πάντα,
1359 2531 1492 2584 τότε
1540 2532 1639 2584 καὶ
1692 2530 1876 2596 αὐτὸς
1925 2534 1957 2584 ό

378 2614 512 2682 Υἱὸς
572 2617 1017 2688 ὑποταγήσεται
1082 2620 1164 2686 τῷ
1215 2621 1583 2687 ὑποτάξαντι
1657 2620 1819 2688 αὐτῷ
1884 2621 1958 2675 τὰ

367 2707 586 2774 πάντα,
626 2711 728 2764 ἵνα
764 2705 805 2783 ᾖ
850 2715 884 2766 ό
918 2711 1062 2777 Θεὸς
1093 2713 1166 2767 τὰ
1212 2715 1408 2768 πάντα
1438 2715 1508 2767 ἐν
1535 2714 1744 2770 πᾶσιν.
1806 2714 1959 2767 Ἐπισ

367 2800 736 2872 λαμϐάνονται
771 2804 953 2858 τοίνυν
981 2804 1075 2858 τοῦ
1119 2805 1306 2877 ῥητοῦ,
1335 2807 1430 2860 καὶ
1469 2806 1546 2878 τῷ
1589 2805 1700 2860 ἔθει
1731 2807 1829 2879 τῆς
1856 2807 1957 2860 αὐ-

365 2893 476 2946 τῶν
509 2893 707 2966 ἔχθρας
740 2896 874 2967 πρὸς
895 2897 987 2950 τὸν
1005 2896 1277 2970 Μονογενῆ
1301 2900 1798 2965 κατασκευάζοντες
1824 2901 1840 2932 ¹
1858 2899 1956 2972 τὴν

367 2985 534 3038 αὐτοῦ
565 2987 843 3059 ἄφραστον
883 2989 978 3042 καὶ
1013 2989 1220 3058 ἔνδοξον
1250 2990 1501 3063 θεότητα,
1529 2991 1606 3056 ὡς
1632 2993 1727 3047 καὶ
1756 2992 1957 3048 πολλὰ-

364 3089 456 3138 κις
499 3070 670 3138 εἷπον,
706 3076 862 3148 ἀνοίᾳ
896 3078 1205 3150 φερόμενοι.
1243 3081 1354 3133 Καί
1385 3099 1548 3150 φασιν
1571 3098 1584 3111 ·
1643 3081 1825 3153 ’(ἱρᾷς,
1871 3082 1953 3135 ὅτι

2059 1890 2178 1928 cum
2200 1873 2522 1929 destruxerit
2570 1891 2773 1928 omnem
2813 1875 3189 1944 principatum,
3221 1886 3273 1930 et
3312 1878 3516 1932 onmem
3548 1895 3645 1948 po-

2059 1972 2303 2020 testatem
2362 1981 2425 2018 ac
2477 1966 2741 2018 virtutem.
2781 1963 2997 2033 Oportet
3043 1969 3179 2020 enim
3210 1970 3381 2037 ipsum
3404 1985 3643 2040 regnare,

2057 2056 2220 2110 donec
2238 2065 2396 2125 ponat
2445 2071 2623 2109 omnes
2670 2057 2912 2110 inimicos
2945 2073 3068 2111 suos
3105 2058 3201 2112 sub
3250 2058 3468 2129 pedibus
3507 2061 3640 2116 suis.

2060 2143 2398 2199 Novissimus
2433 2145 2676 2199 inimicus
2697 2144 2997 2199 destruetur
3017 2165 3180 2203 mors.
3213 2148 3344 2204 Cum
3367 2159 3538 2204 autem
3562 2153 3646 2203 di-

2063 2239 2134 2290 cit
2161 2236 2491 2308 subjicienda
2523 2237 2620 2290 itla
2639 2239 2842 2305 omnia,
2865 2241 3204 2310 manifestum
3228 2252 3306 2296 est
3333 2259 3449 2297 eum
3471 2245 3642 2312 excipi

2057 2327 2146 2397 qui
2172 2327 2451 2396 subjecerit
2506 2327 2608 2396 ipsi
2659 2331 2858 2385 omnia.
2921 2329 3056 2384 Cum
3101 2342 3278 2386 autent
3320 2333 3555 2402 subjecta
3594 2336 3643 2388 ei

2056 2421 2257 2488 fuerint
2285 2422 2484 2485 omnia,
2519 2430 2642 2473 tunc
2672 2429 2722 2475 et
2769 2423 2879 2490 ipse
2901 2419 3077 2476 Filius
3108 2423 3422 2492 subjicietur
3444 2425 3516 2493 ei,
3552 2426 3643 2496 qui

2057 2514 2391 2586 sibisubjicit
2424 2515 2624 2580 omnia,
2676 2524 2733 2568 ut
2763 2517 2833 2568 sit
2863 2514 3004 2570 Deus
3040 2519 3220 2571 omnia
3253 2518 3322 2587 in,
3343 2519 3580 2573 omnibus
3595 2520 3640 2576 ⁵.

2057 2606 2217 2662 Hunc
2252 2622 2382 2678 ergo
2412 2607 2594 2662 locum
2655 2607 2947 2677 arripiunt,
2999 2617 3054 2664 et
3087 2624 3186 2680 pro
3217 2625 3284 2665 eo
3314 2621 3378 2666 ac
3407 2626 3644 2667 consuc-

2055 2705 2275 2762 verunt,
2307 2706 2534 2767 propter
2565 2697 2789 2751 insitum
2811 2698 2864 2751 in
2883 2697 2974 2753 Dei
3004 2697 3202 2754 Filium
3229 2699 3414 2754 odium
3449 2700 3645 2757 adver-

2057 2806 2154 2846 sus
2178 2789 2648 2860 inexplicabilem'
2672 2804 2736 2844 ac
2762 2790 3104 2859 magniﬁcam
3129 2791 3277 2846 illius
3307 2791 3642 2848 divinitatem

2057 2890 2406 2952 comparant,
2441 2882 2772 2946 incredibili,
2803 2891 2862 2937 ut
2891 2899 3032 2954 smpe
3061 2884 3265 2939 dictum
3295 2893 3400 2948 est,
3428 2885 3646 2942 insania

2056 2973 2272 3044 perciti.
2326 2972 2418 3029 Sic
2453 2974 2620 3045 igitur
2653 2975 2918 3044 objiciunt
2952 2994 2964 3029 :
2999 2975 3163 3046 799
3208 2974 3447 3032 Videsne
3475 2993 3639 3048 quam

2058 3067 2260 3121 diserte
2283 3064 2431 3120 dicat
2464 3083 2479 3120 :
2509 3064 2642 3120 Cum
2669 3075 2934 3134 postremo
2963 3066 3246 3121 tradiderit
3276 3085 3494 3139 regnum
3529 3067 3640 3122 Deo

365 3133 550 3233 uiu-
590 3133 778 3221 ὀταν
812 3133 880 3222 ἑὸ
907 3133 1103 3238 ’τὲλξρς
1135 3133 1456 3240 παραδιδᾷ
1477 3133 1593 3242 τὴν
1625 3133 1953 3238 βάέιῖέείξέρ

2062 3157 2235 3224 Patri,
2265 3173 2384 3212 cum
2412 3133 2953 3213 destruxeritomnem
2967 3169 3279 3227 potestatem
3301 3171 3350 3216 et
3375 3162 3640 3216 virtutem.

365 3253 446 3321 τῷ
486 3256 608 3322 Θεῷ
639 3259 738 3310 καὶ
759 3258 962 3327 Harp},
988 3259 1135 3313 ὅταν
1162 3264 1512 3332 καταργήσῃ
1551 3263 1760 3318 πᾶσαν
1785 3263 1956 3328 ἐξου-

364 3349 512 3402 σίαν
556 3350 656 3404 καὶ
712 3349 986 3422 δύναμιν.
1027 3353 1123 3408 Δεῖ
1167 3353 1280 3425 γὰρ
1336 3355 1525 3413 αὐτὸν
1571 3358 1952 3422 βασιλεύειν,

363 3439 542 3510 ἄχρις
587 3438 658 3498 οὗ
692 3443 766 3512 θῇ
803 3444 1036 3512 πάντας
1065 3445 1210 3511 τοὺς
1242 3447 1496 3517 ἐχθροὺς
1519 3449 1639 3503 ὑπὸ
1671 3450 1814 3516 τοὺς
1849 3451 1956 3504 πό-

363 3533 477 3600 δας
506 3535 714 3590 αὑτοῦ.
741 3537 814 3590 Τὸ
838 3537 917 3602 δὲ,
952 3538 1060 3604 δεῖ,
1089 3540 1204 3599 καὶ,
1251 3541 1408 3611 ἄχρι,
1439 3543 1554 3608 καὶ,
1590 3542 1736 3596 ὅταν
1749 3558 1952 3622 ’παρα-

366 3625 512 3692 διδῷ
561 3626 680 3696 τὴν
720 3630 1072 3699 βασιλείαν,
1117 3633 1308 3704 χρόνου
1362 3635 1510 3688 ἐστὶν
1553 3635 1800 3707 ὁρισμός.
1841 3636 1953 3690 Καὶ

369 3718 817 3790 βλασφημοῦντὲς
849 3739 1013 3790 φασι·
1047 3725 1308 3790 Παύσεως
1349 3727 1445 3780 καὶ
1473 3728 1825 3793 καταλύσεως
1853 3729 1950 3784 τοῦ

368 3811 750 3881 βασιλεύοντός
780 3815 896 3867 ἐστι
923 3815 1100 3870 ταῦτα
1135 3818 1429 3890 δηλωτικὰ,
1463 3820 1617 3888 ’Ἕως
1655 3817 1727 3877 οὗ
1766 3835 1953 3894 παρα-

362 3902 507 3970 διδῷ
539 3905 655 3973 τὴν
691 3906 1022 3971 ,ϐασιλείαν
1065 3908 1145 3976 τῷ
1172 3909 1294 3976 Θεῷ
1323 3911 1423 3965 καὶ
1459 3913 1665 3981 Πατρί.
1700 3913 1812 3966 Καὶ
1848 3915 1950 3969 οὐκ

366 3996 545 4049 ἴσασιν
577 3997 638 4062 ἐξ
667 3998 916 4071 ὑπαρχῆς
951 3999 1044 4054 τὸν
1079 4001 1204 4055 νοῦν
1230 4002 1332 4074 τῆς
1357 3992 1633 4076 ἀληθείας,
1661 4005 1744 4059 ὅτι
1772 4005 1859 4060 διὰ
1888 4007 1950 4061 τὸ

368 4089 762 4160 μετεσληκέναι
788 4091 881 4143 τὸν
915 4093 1197 4164 Μονογενῆ
1242 4094 1441 4166 σαρκὸς
1475 4096 1569 4149 καὶ
1599 4096 1850 4166 αἵματος,
1878 4095 1948 4151 τὰ

363 4174 772 4250 ἀνθρωποπαθῆ
815 4180 941 4250 περὶ
983 4181 1170 4244 αὐτοῦ,
1213 4182 1434 4253 καὶτῆς
1479 4184 1747 4256 ἐνσάρκου
1782 4185 1946 4240 αὐτοῦ

362 4268 664 4339 παρουσίας
699 4270 1082 4342 προσληπτικὰ
1125 4273 1223 4344 τῆς
1254 4274 1412 4345 δόξης
1439 4275 1626 4348 ᾄδεται
1669 4277 1764 4331 καὶ
1791 4277 1947 4347 λέγε-

360 4377 484 4414 ταιο
523 4361 638 4414 ἀλλ’
670 4362 772 4415 οὐκ
804 4362 960 4426 ἐκτὸς
996 4363 1097 4434 τῆς
1121 4365 1331 4430 τελείας
1357 4367 1446 4420 ἀεὶ
1482 4368 1575 4422 καὶ
1604 4368 1816 4436 ἐνδόξου
1845 4371 1945 4424 αὐ-

2060 3249 2276 3319 0portet
2304 3250 2442 3304 enim
2476 3250 2648 3318 ipsum
2683 3266 2922 3320 regnare,
2949 3250 3113 3305 donec
3135 3262 3298 3320 ponat
3330 3269 3508 3308 omnes
3534 3253 3643 3308 ini-

2053 3343 2220 3398 micos
2277 3343 2373 3397 sub
2402 3341 2620 3410 pedibus
2656 3343 2865 3410 ipsius?
2905 3341 3006 3398 Ubi
3042 3343 3158 3398 haec
3190 3345 3383 3412 verba,
3416 3354 3640 3414 oportet,

2054 3445 2129 3500 ct,
2160 3435 2345 3502 donec,
2369 3443 2445 3502 et,
2475 3453 2593 3490 cum
2621 3435 2900 3490 tradiderit
2923 3453 3160 3508 regnum,
3189 3438 3472 3495 deﬁnitum
3502 3449 3642 3498 tem-

2055 3531 2207 3600 poris
2243 3527 2482 3599 Spatium
2527 3528 2863 3599 signiﬁcant.
2899 3531 3078 3601 Atque
3118 3531 3234 3587 haec
3269 3533 3389 3604 ipsa
3446 3534 3638 3602 verba,

2056 3622 2232 3677 Donec
2280 3621 2564 3676 tradiderit
2625 3639 2842 3692 regnum
2889 3621 2998 3676 Deo
3023 3633 3072 3678 et
3112 3622 3286 3690 Patri,
3312 3625 3518 3681 exitum
3538 3627 3642 3680 ali-

2053 3731 2236 3786 quem,
2270 3714 2542 3785 ﬁnemque
2590 3715 2739 3786 regni
2777 3715 2826 3770 ei
2864 3717 2958 3786 qui
3012 3727 3223 3789 regnat,
3265 3719 3514 3774 accidere
3545 3719 3641 3775 deo

2053 3815 2349 3863 monstrat.
2381 3805 2507 3861 Haec
2541 3807 2618 3861 illi
2649 3823 2745 3878 per
2768 3823 3038 3861 summam
3063 3809 3116 3862 in
3146 3808 3314 3864 Deum
3356 3819 3640 3866 contume-

2052 3902 2180 3956 liam
2213 3900 2492 3972 jactitant,
2547 3916 2725 3970 neque
2769 3901 2899 3972 quid
2944 3901 3149 3957 veritas
3203 3903 3321 3974 ipsa
3370 3903 3640 3976 signiﬁcet

2053 3994 2164 4048 ullo
2217 3993 2380 4048 modo
2435 3993 2746 4063 percipiunt
2778 4009 2793 4045 :
2821 3995 3077 4049 nimirum
3119 3996 3265 4065 quod
3311 3996 3510 4053 unicus
3542 3995 3636 4052 Dei

2050 4083 2226 4140 Filius
2246 4082 2429 4138 carnis
2446 4098 2510 4136 ac
2540 4082 2826 4153 sanguinis
2849 4085 3122 4153 particeps
3145 4084 3332 4148 fuerit,
3367 4084 3636 4142 humanas

2046 4177 2224 4232 eidem
2255 4175 2595 4240 aﬁ'ectiones,
2629 4191 2802 4246 eaque
2847 4191 2969 4246 quae
3002 4176 3192 4247 gloria:
3221 4177 3510 4247 quamdam
3551 4193 3638 4233 ae-

2047 4269 2361 4326 cessionem
2407 4267 2674 4343 indicant,
2725 4269 2978 4324 humana:
3017 4269 3164 4325 illius
3205 4281 3416 4325 naturae
3444 4271 3631 4340 tribui,

2049 4363 2317 4434 vulgoque
2336 4361 2622 4432 praedicari
2657 4380 2670 4416 :
2701 4362 2845 4432 quod
2892 4369 3073 4416 tamen
3103 4377 3134 4416 a
3163 4362 3400 4433 perfecta
3423 4364 3629 4433 gloriae-

362 4451 456 4505 τοῦ
506 4451 777 4524 θεότητος,
807 4454 909 4524 τῆς
960 4455 1122 4526 μηδὲν
1165 4457 1485 4530 ἐνδεομένης
1532 4457 1897 4531 πῳλαὸέσθαι
1925 4462 1946 4494 ¹

2055 4472 2159 4528 que
2225 4454 2545 4528 plenissima
2602 4453 2890 4510 divinitate
2931 4455 3153 4509 minime
3184 4455 3486 4526 putandum
3522 4465 3630 4512 est.

360 4542 539 4614 δόξης,
574 4544 806 4616 ἐχούσης
833 4545 890 4599 δὲ
914 4545 975 4599 τὸ
1006 4547 1523 4620 αὑτοδεδοξασμὲνον
1565 4551 1660 4605 καὶ
1693 4551 1754 4605 τὸ
1783 4553 1945 4607 αὑτο-

337 4635 585 4689 τέλειον.
627 4635 902 4700 Ὡσαύτως
925 4636 946 4668 ³
965 4637 1221 4708 περὶτῶν
1241 4637 1335 4692 δύο
1365 4639 1712 4710 ἀπολογεῖται
1739 4643 1945 4716 μερῶν,

362 4728 588 4796 φάσκων
640 4727 769 4800 περὶ
819 4729 917 4800 μὲν
963 4728 1058 4781 τοῦ
1117 4731 1469 4802 προσφάτουο
1527 4733 1803 4798 Δόξασόν
1845 4752 1944 4806 με,

363 4819 576 4889 Πάτερ,
623 4821 693 4874 ἐν
720 4820 797 4889 τῇ
843 4819 1018 4889 δόξῃ,
1047 4815 1088 4892 ᾖ
1124 4817 1292 4891 εἶχον
1320 4823 1481 4892 παρὰ
1533 4825 1631 4879 σοί
1675 4827 1789 4895 πρὸ
1838 4828 1946 4883 τοῦ

361 4913 468 4966 τὸν
493 4913 725 4982 κόσμον
750 4913 1048 4983 γενέσθαι.
1087 4915 1146 4967 Ὀ
1182 4914 1238 4967 δὲ
1266 4915 1476 4986 Πατὴρ,
1514 4916 1536 4947 ⁸
1561 4917 1669 4970 τῶν
1701 4917 1794 4971 δύο
1824 4919 1950 4990 σχέο

363 5022 502 5058 σεων
540 5006 900 5075 ἀπαγγέλλων
930 5006 1030 5079 τὴν
1072 5006 1250 5074 δόξαν,
1288 5011 1417 5078 περὶ
1467 5007 1567 5078 μὲν
1596 5009 1694 5080 τῆς
1723 5009 1948 5083 πρώτης

363 5097 504 5151 κατὰ
531 5100 593 5152 τὸ
636 5097 882 5169 Πνεῦμα,
910 5100 993 5153 ὅτι
1034 5099 1349 5165 Ἑδόξασα,
1379 5099 1466 5153 ἵνα
1505 5099 1656 5176 δείξῃ
1687 5103 1750 5156 τὸ
1792 5104 1945 5175 ἀόρι-

362 5207 486 5245 στον
505 5208 518 5221 ·
574 5191 704 5263 περὶ
757 5192 815 5245 δὲ
859 5191 953 5245 τοῦ
1007 5193 1344 5266 προσφάτου,
1397 5194 1484 5249 διὰ
1539 5196 1637 5268 τὴν
1684 5197 1948 5270 ένσαρκον

361 5284 683 5354 παρουσίαν,
717 5284 800 5338 ὅτι
828 5284 927 5339 καί
954 5283 1142 5339 πάλιν
1172 5285 1437 5351 δοξάσω.
1512 5302 1518 5306 '

2053 4551 2186 4617 Quae
2239 4548 2458 4619 quidem
2497 4546 2757 4602 divinitas
2813 4561 2938 4601 cum
3006 4547 3124 4618 ipsa
3171 4563 3268 4618 per
3305 4564 3426 4604 sese
3463 4549 3634 4619 gloria

2051 4643 2278 4716 praedita
2308 4657 2372 4697 ac
2393 4641 2631 4714 perfecta
2661 4641 2754 4705 sit,
2784 4655 3126 4710 nequaquam
3148 4650 3432 4695 externam
3469 4651 3634 4707 atque

2051 4735 2345 4792 ascititiam
2401 4733 2632 4804 gloriam
2679 4731 2928 4803 requirit.
2967 4729 3101 4784 Nam
3139 4739 3196 4785 et
3233 4730 3486 4787 Christus
3516 4733 3634 4803 ipse

2050 4845 2114 4885 ea
2135 4828 2320 4884 verbis
2350 4826 2644 4898 expressit,
2675 4840 2799 4898 quae
2825 4824 2892 4880 ad
2923 4824 3113 4878 ambas
3144 4825 3267 4878 illas
3291 4833 3478 4895 partes
3503 4841 3633 4896 pro-

2047 4917 2375 4992 pugnandas
2421 4919 2698 4989 pertinere
2759 4925 3012 4988 possunt.
3053 4915 3242 4987 Itaque
3283 4917 3351 4972 de
3384 4933 3468 4983 ea,
3509 4934 3633 4990 quae

2049 5013 2322 5070 recentior
2361 5019 2469 5079 est,
2517 5011 2690 5083 accipi
2751 5012 2858 5067 ista
2905 5018 3137 5082 possunt
3169 5027 3182 5063 :
3210 5009 3471 5081 ϐίοι-ἅβρα
3520 5029 3629 5078 me,

2054 5106 2236 5172 Pater,
2287 5121 2350 5159 ea
2403 5105 2598 5176 gloria,
2637 5121 2799 5175 quam
2857 5103 3020 5158 habui
3061 5102 3203 5172 apud
3247 5113 3297 5157 te
3349 5114 3630 5174 antequam

2046 5198 2275 5254 mundus
2305 5199 2455 5269 ﬁeret
2494 5199 2534 5252 ⁸.
2561 5197 2726 5253 Pater
2772 5205 2952 5254 autem
2992 5197 3225 5253 duarum
3253 5195 3478 5266 perinde
3500 5211 3631 5250 con-

2045 5292 2315 5347 ditionmn
2370 5298 2426 5346 et
2494 5290 2878 5344 habitudinum
2941 5289 3171 5360 gloriam
3220 5286 3631 5352 demonstrans,

360 5376 430 5432 de
474 5377 656 5448 priore
718 5378 1020 5432 secundum
1064 5377 1316 5448 spiritum
1366 5381 1448 5436 sic
1501 5380 1749 5452 loquitur
1785 5402 1798 5438 :
1829 5381 1939 5455 Ego
1971 5385 2288 5456 gloriﬁcavi,
2329 5393 2388 5438 ut
2419 5383 2690 5437 inﬁnitum
2717 5381 2977 5452 quiddam
3019 5379 3280 5436 declaret.
3319 5380 3396 5436 De
3452 5396 3635 5435 recen-

323 5526 326 5533 ,
363 5472 504 5528 tiore
534 5487 664 5528 vero
710 5482 767 5528 ot
810 5472 1050 5528 hominis
1091 5485 1348 5546 suscepta
1388 5483 1609 5546 natura,
1658 5489 1709 5534 et
1764 5481 1956 5536 iterum
1984 5483 2354 5554 gloriﬁcabo.’

436 5627 455 5658 ⁸
479 5624 540 5679 F.
577 5625 1061 5693 ἀνασκευάζοντες.

361 5694 565 5751 ‘Joan.
599 5713 732 5763 xvn,
775 5697 828 5752 5.
891 5697 926 5731 ·’
953 5697 1112 5755 Joan.
1147 5715 1247 5766 xu,
1271 5694 1362 5756 28.

1137 5629 1159 5660 ³
1189 5628 1250 5685 F.
1277 5631 1700 5702 προσλαϐέσθαι.
1769 5634 1791 5667 ³
1813 5633 1889 5700 ὡς
1911 5635 2094 5701 αὐτός.

2173 5635 2412 5692 ‘Dcesse
2445 5634 2692 5690 nonnihil
2714 5633 2986 5702 suspicor.
3064 5632 3087 5665 ⁸
3109 5632 3126 5687 Ι
3151 5631 3275 5688 Cor.
3310 5647 3397 5699 xv,
3436 5630 3630 5686 24—28.

436 5839 515 5914 (Ξ)
550 5843 809 5913 Λέγουσι
857 5844 967 5916 γὰρ
1012 5843 1218 5900 πάλιν.
1258 5843 1333 5902 De
1391 5844 1495 5902 hoc
1526 5844 1775 5916 Apostoli
1825 5844 1948 5902 loco

2055 5844 2107 5902 ie
2142 5841 2408 5900 llilarium
2450 5843 2547 5900 lib.
2574 5857 2629 5897 xu
2669 5842 2747 5898 De
2777 5843 2972 5898 t'rinit.
