4138 6396
514 361 620 421 523

1927 363 1986 419 S.
2023 362 2366 423 EPIPIIANII

3667 378 3776 436 525

583 477 814 536 LXXIII.
862 478 940 534 Ex
968 478 1167 550 quibus
1195 477 1459 534 illustrari
1491 495 1555 534 ac
1592 478 1860 536 declarari
1912 492 2092 553 potest

2265 489 2382 545 ΟΡ.
2424 489 2545 544 Ἵνα
2579 491 2670 543 καὶ
2702 487 2940 546 ἐνταῦθα
2965 489 3026 544 τὸ
3055 492 3225 562 σαφὲς
3265 492 3611 566 ἀποδειχθείη
3649 496 3778 568 περὶ

514 575 606 630 hie
634 572 880 645 Apostoli
912 573 1066 628 locus
1095 571 1162 627 de
1191 586 1300 641 quo
1333 586 1480 626 nunc
1505 573 1741 642 agimus,
1766 573 1820 627 in
1851 591 1960 645 quo
1991 576 2094 631 du-

516 667 710 736 plicem
749 663 974 733 perinde
1023 677 1248 718 sensmn
1296 663 1546 718 veritatis
1601 667 1904 734 proposuit.
1959 666 2093 722 Nam

516 758 632 812 haec
695 757 858 812 verba
886 797 902 822 ,
935 755 1110 810 Donec
1142 754 1423 809 tradiderit
1460 773 1676 826 regnum
1705 756 1814 812 Deo
1839 767 1889 812 et
1919 757 2091 824 Patri,

517 851 583 904 ad
618 849 869 903 humana:
895 856 1124 912 naturae,
1161 862 1284 918 quas
1311 855 1464 902 certo
1492 854 1737 918 tempore
1765 851 1954 919 coepit,
1987 851 2094 905 ini-

515 947 652 1000 tium
698 946 1003 1001 revocanda
1055 951 1205 1000 sunt.
1267 942 1535 999 Divinitas
1592 959 1755 1014 porro
1804 943 1928 1001 Filii
1967 962 2093 1001 eum

518 1041 673 1096 Patre
736 1055 952 1110 semper
1001 1040 1234 1104 exstitit,
1271 1055 1394 1109 quae
1439 1039 1575 1094 nihil
1605 1040 1754 1095 aliud
1794 1050 1900 1105 est,
1927 1057 2092 1112 quam

514 1133 829 1202 unigenitus
877 1133 1038 1194 Deus,
1090 1130 1332 1186 Verbum
1378 1146 1407 1183 a
1435 1130 1594 1187 Patre
1625 1133 1743 1187 sine
1773 1133 1884 1187 ullo
1915 1133 2091 1198 initio,

514 1226 600 1279 vel
648 1233 893 1295 tempore
942 1225 1267 1296 procedens.
1332 1225 1550 1294 Alioqui
1596 1224 1872 1294 quomodo
1915 1225 2092 1294 angeli

512 1318 716 1372 dictnm
751 1316 885 1370 illud
920 1318 1097 1386 reipsa
1127 1315 1313 1386 perlici
1365 1322 1588 1386 posset:
1620 1315 1854 1384 Spiritus
1879 1314 2094 1369 Domini

513 1409 835 1476 superveniet
859 1409 910 1462 in
936 1417 1003 1468 te,
1041 1417 1091 1461 et
1120 1409 1284 1461 virtus
1316 1409 1581 1462 Altissimi
1613 1407 1946 1461 obumbrabit
1977 1407 2094 1461 te’?

513 1503 736 1558 Dixerat
765 1503 910 1558 enim
967 1501 1152 1556 Maria:
1190 1501 1398 1572 Virgini
1435 1519 1448 1554 :
1481 1500 1670 1556 Paries
1699 1503 1894 1572 ﬁlium,
1927 1511 1976 1556 et
2006 1519 2094 1556 vo-

512 1595 656 1648 cabis
685 1610 868 1647 nomen
897 1593 1010 1662 ejus
1036 1591 1241 1646 Jesum.
1283 1594 1496 1658 Quibus
1520 1593 1765 1648 divinum
1790 1591 2030 1648 Verbum
2062 1608 2094 1646 e

511 1685 651 1738 caele
697 1683 977 1752 delapsum
1019 1699 1161 1744 esse,
1205 1690 1368 1750 atque
1407 1684 1461 1736 in
1503 1690 1662 1737 utero
1700 1681 1942 1753 Virginis
1971 1699 2094 1738 car-

512 1789 636 1828 nem
675 1772 900 1838 luetum,
937 1772 1346 1842 perfectamque
1399 1773 1638 1827 hominis
1683 1783 1934 1828 naturam
1971 1789 2094 1829 sus-

2197 574 2273 634 ὧν
2295 584 2388 635 καὶ
2416 583 2444 635 ὁ
2475 583 2796 648 Ἀπόστολος
2825 584 3035 657 είρηκε,
3067 585 3198 657 περὶ
3239 584 3404 638 αὐτοῦ
3447 585 3637 651 διττῶς
3677 588 3778 659 τὴν

2198 673 2454 744 ἀλήθειαν
2493 675 2901 747 ὑποτιθέμενος.
2951 678 3061 730 Καὶ
3102 677 3183 742 τὸ,
3217 678 3426 745 Ἀχρις
3467 673 3539 734 οὗ
3588 693 3775 748 παρα-

2198 765 2341 832 διδῷ
2365 769 2480 836 τὴν
2499 768 2833 833 ,βασιλείαν
2879 767 2962 834 τῷ
3006 767 3128 835 Θεῷ
3172 769 3270 823 καί
3312 770 3515 838 Πατρὶ,
3555 771 3643 824 διὰ
3680 771 3778 842 τὴν

2199 859 2307 913 ἀπὸ
2353 862 2547 932 χρόνου
2575 861 2753 932 ἀρχὴν
2794 861 3093 933 γενομένην
3135 861 3400 932 ὲνσάρκου
3455 861 3775 931 παρουσίας.

2210 952 2276 1005 Ἦ
2321 952 2429 1024 γὰρ
2467 952 2656 1024 θεότης
2681 953 2774 1006 τοῦ
2807 952 3146 1022 Μονογενοῦς
3175 947 3244 1022 ἦν
3289 953 3376 1005 ἀεὶ
3425 955 3522 1006 σὺν
3573 955 3774 1024 Πατρὶ,

2198 1043 2336 1113 ὅπερ
2363 1043 2480 1096 ἐστὶ
2511 1043 2804 1115 μονογενὴς
2821 1043 2952 1107 Θεὸς
2973 1043 3142 1111 Λόγος
3171 1044 3234 1095 ὲκ
3258 1041 3468 1113 Πατρὸς
3500 1041 3778 1112 προελθὼν

2198 1137 2449 1208 ἀνάρχως
2481 1139 2575 1190 καὶ
2619 1138 2884 1207 ἀχρόνως.
2932 1137 3084 1189 Ἐπεὶ
3116 1136 3234 1200 πῶς
3271 1135 3689 1206 πληρωθήσεται
3718 1133 3778 1187 τὸ

2201 1229 2362 1300 ῥηθὲν
2391 1229 2495 1282 ὑπὸ
2538 1227 2632 1282 τοῦ
2678 1228 2930 1297 ἀγγέλου,
2962 1227 3024 1280 τὸ
3052 1269 3066 1285 ,
3120 1227 3363 1296 Πνεῦμα
3406 1228 3629 1294 Κυρίου
3668 1226 3776 1277 ἐπ-

2198 1320 2509 1374 ελεύσεται
2533 1320 2632 1374 ἐπὶ
2671 1319 2767 1384 σὲ,
2792 1319 2892 1372 καὶ
2913 1317 3164 1387 δύναμις
3207 1319 3486 1388 Ὑψίστου
3513 1316 3781 1372 ἐπισκιά-

2198 1429 2294 1467 σει
2337 1429 2471 1477 σοι;
2513 1413 2836 1485 Ἐπειδήπερ
2863 1411 3045 1481 ἔλεγεν
3089 1413 3226 1482 αὐτῇ
3254 1425 3268 1441 ⁶
3322 1411 3469 1479 Τέξῃ
3491 1412 3644 1476 υἱὸν,
3677 1413 3776 1465 καὶ

2199 1504 2481 1570 καλέσεις
2532 1503 2599 1557 τὸ
2643 1504 2832 1572 ὄνομα
2887 1503 3084 1556 ἀὑτοῦ
3154 1503 3421 1568 Ἰησοῦν·
3489 1503 3576 1554 ἵνα
3626 1502 3774 1573 δείξῃ

2199 1596 2406 1650 ἄνωθεν
2440 1597 2530 1648 τὸν
2557 1595 2690 1648 Θεὸν
2723 1597 2892 1663 Λόγον
2923 1594 3343 1664 κατεληλυθότα,
3385 1592 3478 1646 καὶ
3503 1595 3562 1646 ἐν
3596 1596 3779 1665 μήτρᾳ.

2198 1688 2297 1759 τῆς
2331 1688 2500 1757 αὐτῆς
2532 1686 2810 1758 Παρθένου
2857 1685 3226 1757 σαρκωθέντα,
3257 1686 3351 1738 καὶ
3375 1683 3594 1746 τελείως
3627 1685 3781 1737 ἐναν-

2201 1780 2392 1852 θρωπή
2403 1796 2570 1832 σαντα.
2587 1796 2604 1812 ο
2635 1779 2720 1832 ἵνα
2755 1777 2830 1848 μὴ
2855 1777 3064 1849 διορίσῃ
3093 1777 3192 1846 τὴν
3217 1775 3479 1846 ἔνσαρκον
3501 1775 3780 1828 τελείωσιν

511 1867 728 1937 cepisse
764 1875 1120 1933 monstraret,
1147 1875 1208 1920 ut
1231 1883 1298 1922 ne
1326 1866 1624 1937 perlectam
1659 1868 1908 1936 corporis
1937 1875 2098 1920 natu-

2204 1873 2306 1926 ἀπὸ
2337 1873 2438 1941 τῆς
2480 1871 2663 1923 ἐνθέου
2705 1869 3055 1932 τελειώσεως,
3114 1868 3252 1939 μετὰ
3295 1867 3612 1938 προσθήκης
3659 1864 3780 1928 τοῦ,

512 1973 627 2012 ram
653 1973 684 2012 a
715 1957 954 2028 perfecta
976 1957 1258 2013 divinitate
1297 1964 1632 2014 secerneret.
1652 1957 1834 2022 Quare
1863 1957 2098 2012 subinde

511 2051 644 2106 illud
676 2051 873 2120 adjecit
890 2051 1176 2122 eidemque
1207 2050 1346 2104 dixit
1378 2065 1390 2102 :
1422 2049 1589 2120 800
1625 2048 1851 2120 Ideoque
1877 2061 1928 2104 et
1958 2049 2094 2119 quod

512 2155 758 2200 nascetur
817 2154 1058 2199 sanctum
1113 2139 1386 2198 {iocabitur
1433 2143 1608 2197 Filius
1666 2142 1785 2196 Dei.
1843 2141 2094 2198 Deinde:

512 2235 670 2290 Dabit
693 2237 739 2290 ei
767 2235 907 2291 Deus
929 2236 1103 2290 sedem
1143 2235 1314 2290 David
1341 2236 1512 2304 patris
1535 2236 1670 2304 ejus,
1698 2245 1747 2289 et
1772 2235 2019 2306 regnabit
2041 2238 2098 2290 in

507 2328 668 2382 domo
692 2326 860 2382 Jacob
891 2330 945 2382 in
977 2337 1252 2392 aeternum,
1298 2337 1347 2381 et
1375 2329 1518 2397 regni
1549 2327 1662 2396 ejus
1699 2342 1800 2380 non
1831 2327 1928 2379 erit
1948 2327 2096 2396 finis.

509 2418 872 2485 Quamobrem
905 2434 1028 2473 cum
1075 2419 1191 2472 base
1224 2418 1386 2471 ambo
1432 2417 1535 2472 sibi
1583 2417 1817 2471 invicem
1846 2417 2098 2486 opposita

508 2527 635 2567 esse
681 2512 998 2570 videantur.
1037 2510 1292 2564 videlicet
1327 2525 1340 2560 :
1383 2506 1601 2576 Oportet
1639 2509 1810 2574 ipsum
1857 2521 2097 2576 regnare,

508 2605 697 2667 donec,
718 2614 851 2671 etc.;
885 2615 958 2669 et,
986 2601 1240 2674 Regnabit
1276 2603 1432 2655 domo
1465 2599 1634 2654 Jacob
1667 2601 1721 2653 in
1753 2599 1972 2661 sarcula,
2006 2597 2097 2652 ubi

509 2696 914 2754 observandum
981 2706 1091 2758 est,
1139 2696 1193 2748 in
1249 2693 1468 2757 sweula,
1519 2708 1650 2756 non,
1707 2693 1760 2746 in
1813 2692 2095 2752 smculum,

510 2791 735 2844 dixisse.
791 2789 923 2842 Item
955 2803 1080 2842 cum
1109 2785 1262 2849 illud,
1288 2785 1422 2841 Cum
1442 2785 1718 2838 tradiderit
1749 2800 1964 2852 regnum
1989 2782 2098 2836 Deo

506 2890 556 2934 et
591 2879 765 2942 Patri,
795 2879 921 2932 huic
949 2878 1285 2933 contrarium
1311 2877 1399 2940 sit,
1445 2874 1512 2927 Et
1546 2876 1691 2945 regni
1719 2875 1832 2943 ejus
1866 2892 1970 2928 non
1999 2876 2101 2928 erit

516 2974 670 3037 linis;
697 2972 1070 3042 cumque-haec
1100 2971 1259 3024 ambo
1299 2968 1365 3022 de
1389 2968 1612 3022 Christo
1658 2968 1886 3023 Domino
1919 2968 2100 3024 idonei

507 3081 571 3121 ac
599 3066 702 3120 (ide
727 3065 874 3134 digni
900 3072 1153 3118 auctores
1174 3069 1424 3117 asserunt
1469 3063 1616 3131 (nam
1653 3071 1705 3115 et
1739 3062 1964 3130 angelus
1995 3060 2100 3115 Ga-

510 3159 644 3214 briel
675 3169 902 3248 sanctus
929 3165 1036 3248 est,
1067 3157 1452 3248 eti-Apostolus
1478 3155 1668 3248 divino
1700 3152 1912 3248 Spiritu
1948 3154 2098 3208 allIa-
2126 3190 2169 3248 ο

508 3251 643 3316 tus),
676 3247 808 3319 quid
847 3247 1019 3301 nostri
1075 3245 1151 3298 illi
1201 3246 1377 3298 vitalis
1410 3261 1471 3298 ac
1511 3244 1771 3300 salutaris
1799 3243 1945 3299 illius
1977 3260 2098 3314 my-

509 3343 661 3398 sterii
691 3342 851 3410 plane
885 3339 1125 3409 imperiti
1157 3338 1436 3392 dixerint?
1477 3336 1745 3392 Utrumne
1813 3337 2097 3408 Scriptura

509 3449 696 3490 secum
751 3432 868 3501 ipsa
909 3439 1132 3501 pugnat,
1179 3445 1300 3500 quae
1352 3444 1630 3498 nunquam
1679 3444 1709 3482 a
1743 3429 1971 3483 veritate
2002 3427 2098 3482 de-

509 3524 720 3579 ﬂectit?
768 3523 994 3576 Minime
1044 3535 1194 3576 vero.
1249 3521 1376 3582 Sed,
1431 3529 1490 3573 ut
1547 3528 1705 3573 antea
1757 3519 2097 3581 dicebamus,

510 3623 732 3686 prepter
754 3615 900 3667 illam
930 3613 1181 3665 humana:
1206 3622 1414 3664 natura:
1447 3610 1838 3673 conditionem,
1859 3625 1982 3680 quae
2011 3624 2101 3664 ae-

507 3706 774 3761 cessionis
802 3719 973 3774 capax
987 3711 1090 3764 est,
1109 3711 1476 3756 eonsentanee
1496 3701 1679 3755 omnia
1709 3703 2099 3772 aptissimeque

505 3799 804 3852 cohaerent.
860 3795 1072 3850 Etenim
1098 3795 1144 3849 si
1181 3810 1406 3864 regnum
1447 3804 1596 3851 certo
1639 3795 1824 3863 aliquo
1856 3802 2102 3864 tempore

505 3889 814 3943 traditurus
856 3898 960 3951 est,
983 3900 1326 3955 consequens
1376 3893 1481 3949 est,
1518 3893 1574 3937 ut
1618 3885 1858 3938 nondum
1893 3892 2097 3955 regnet.

507 3980 668 4048 Quod
699 3981 744 4034 si
770 3979 844 4032 ita
873 3986 979 4044 est,
1015 3993 1112 4032 cur
1147 3977 1354 4048 angelis
1376 3986 1426 4032 et
1447 3977 1788 4047 archangelis
1807 3984 1918 4029 tam
1954 3985 2099 4041 ante,

508 4087 676 4142 quam
722 4080 844 4141 post
893 4070 1326 4125 incarnationem
1371 4069 1632 4123 adoratus
1675 4082 1797 4123 esse
1841 4074 2102 4138 perpetuo

512 4163 755 4218 dicitur?
786 4162 858 4218 De
873 4178 940 4216 eo
969 4162 1172 4232 quippe
1208 4161 1490 4233 Scriptura
1531 4169 1764 4215 testatur
1800 4157 1971 4213 :Cum
2028 4161 2105 4212 in-

506 4260 722 4310 duceret
747 4256 1151 4324 primogenitum
1172 4254 1226 4306 in
1249 4252 1424 4307 orbem
1449 4261 1710 4307 terrarum
1731 4251 1930 4305 dictum
1957 4267 2100 4305 esse:

510 4350 581 4404 Et
623 4349 844 4404 adorent
895 4363 1014 4403 eum
1067 4364 1244 4402 omnes
1289 4348 1464 4420 angeli
1521 4347 1618 4402 Dei
1647 4349 1691 4402 '.
1729 4346 1863 4403 Item
1900 4367 1914 4401 :
1947 4345 2102 4402 Sedet

508 4448 582 4503 ad
611 4448 886 4503 dexteram
915 4445 1103 4500 Patris
1134 4446 1175 4497 ³.

587 4631 816 4687 Deinde:
838 4627 1028 4684 Coram
1062 4628 1156 4682 illo
1175 4629 1418 4697 ﬂectetur
1445 4645 1596 4682 omne
1621 4645 1756 4699 genu
1785 4629 2093 4692 caelestium,

513 4725 843 4778 terrestrium
863 4731 912 4776 et
946 4720 1321 4789 infernarum".
1355 4719 1592 4776 Necesse
1619 4732 1704 4776 est
1737 4722 1901 4793 igitur
1920 4727 1980 4774 ut
2002 4719 2096 4790 qui

508 4816 581 4869 ab
613 4814 869 4869 omnibus
914 4812 1192 4877 adoretur,
1235 4819 1498 4882 perpetuo
1544 4828 1771 4883 regnum
1829 4813 2095 4868 obtineat.

511 4907 630 4962 .Iam
654 4922 780 4962 vero
817 4922 943 4960 cum
970 4913 1232 4976 perpetuo
1259 4920 1424 4974 penes
1452 4903 1648 4959 Filium
1682 4906 1792 4973 jam
1817 4905 1946 4958 olim
1980 4903 2100 4958 fue-

512 5001 606 5065 rit,
639 5007 693 5055 et
721 4999 878 5056 modo
902 4998 997 5063 sit,
1019 5004 1072 5054 et
1096 4998 1355 5069 deinceps
1387 4999 1457 5052 sit
1475 4999 1619 5068 regia
1649 4997 1829 5052 futura
1857 5005 2100 5068 potestas

511 5093 974 5164 (quandoquidem
1025 5107 1254 5162 regnum
1325 5089 1469 5144 Patri
1544 5091 1786 5145 nondum
1838 5090 2105 5160 tradidit),

514 5187 649 5258 quid
679 5186 899 5241 tandem
923 5183 1404 5240 existimabimus?
1430 5181 1717 5237 Patremne
1745 5182 1813 5236 ab
1835 5197 2002 5252 regno
2029 5183 2106 5235 in-

513 5281 671 5335 terim
707 5277 1037 5334 exelusum?
1065 5275 1286 5330 Minime
1343 5289 1494 5328 vero.
1525 5274 1739 5343 Regnat
1781 5276 1927 5327 enim
1982 5290 2106 5326 cum

514 5375 674 5428 Patre
697 5371 893 5436 Filius,
925 5379 1128 5424 etcum
1155 5367 1317 5432 Filio,
1351 5381 1415 5420 ac
1445 5365 1653 5435 Spiritu
1691 5375 1886 5420 sancto
1920 5365 2103 5419 Pater.

514 5464 621 5519 Sed
661 5464 794 5534 quid
817 5460 1222 5518 asseruntisti?
1261 5457 1396 5513 Cum
1427 5458 1704 5512 tradiderit
1745 5475 1961 5529 regnum
1993 5457 2104 5512 Deo

510 5567 559 5608 et
596 5554 768 5619 Patri,
820 5570 949 5608 num
987 5568 1216 5622 regnare
1250 5551 1500 5607 desinet?
1538 5549 1892 5620 Nequaquam
1925 5559 2095 5606 certe.

513 5635 794 5711 Qudmodo
819 5646 963 5702 enim
991 5660 1178 5698 verum
1207 5643 1336 5699 illud
1364 5652 1509 5698 esset
1539 5643 1716 5714 angeli
1748 5658 2096 5713 responsum:

2199 1964 2299 2019 καί
2342 1964 2554 2032 ἔλεγεν
2601 1962 2756 2030 αὐτῇ
2779 1980 2791 1992 ·
2821 1963 2917 2016 Διὸ
2963 1961 3062 2014 καί
3099 1961 3166 2014 τὸ
3204 1959 3576 2030 γεννώμενον
3609 1957 3782 2025 ἄτιον

2198 2055 2564 2122 κληθήσεται
2594 2052 2722 2118 Υἱὸς
2754 2051 2923 2106 Θεοῦ.
2965 2047 3099 2104 Εἶτα
3123 2066 3136 2082 ·
3167 2047 3352 2105 Δώσει
3376 2048 3537 2114 αὐτῷ
3569 2051 3602 2101 ό
3637 2045 3783 2113 Θεὸς

2198 2150 2307 2201 τὸν
2335 2147 2553 2215 θρόνον
2584 2144 2766 2198 Δαϐὶδ
2811 2143 2920 2198 τοῦ
2954 2142 3178 2210 πατρὸς
3205 2141 3415 2205 αὐτοῦ,
3468 2139 3568 2194 καί
3607 2139 3784 2203 ,βασι-

2197 2242 2406 2297 λεύσει
2455 2239 2554 2293 ἐπὶ
2589 2239 2697 2292 τὸν
2747 2234 2917 2292 οἷκον
2965 2236 3166 2290 Ἰακὼϐ
3214 2237 3301 2300 εις
3342 2233 3486 2299 τοὺς
3529 2232 3779 2322 ρὶῶνας,

2200 2334 2300 2388 καὶ
2337 2333 2447 2402 τῆς
2473 2333 2796 2398 βασιλείας
2837 2329 3024 2385 αὐτοῦ
3053 2331 3166 2382 οὐκ
3209 2327 3383 2382 ἔσται
3416 2327 3612 2392 τέλος.
3659 2327 3778 2379 Ἀν-

2198 2426 2712 2495 τιδιαστελλομένων
2737 2423 2916 2476 τοίνυν
2949 2423 3154 2475 τούτων
3201 2421 3426 2490 θατέρου
3459 2419 3596 2490 πρὸς
3626 2416 3779 2471 θάτε-

2205 2536 2316 2589 ρον,
2344 2518 2426 2583 τὸ,
2457 2517 2558 2570 Δεῖ
2577 2516 2765 2570 αὑτὸν
2786 2514 3145 2580 βασιλεύειν
3171 2513 3347 2580 ἄχρις
3371 2507 3444 2567 οὗ
3477 2528 3490 2541 ·
3509 2511 3636 2588 καὶ,
3675 2513 3781 2563 Βα-

2201 2610 2477 2664 σιλεύσει
2508 2608 2608 2662 ἐπὶ
2655 2606 2762 2660 τὸν
2797 2603 2968 2661 οἷκον
3007 2605 3217 2661 Ἰακὼϐ
3249 2607 3338 2672 είς
3369 2604 3508 2669 τοὺς
3539 2603 3779 2668 αἰῶνας.

2202 2702 2312 2754 Kal
2336 2701 2435 2752 οὐκ
2463 2697 2636 2762 εἷπεν,
2667 2700 2748 2761 είς
2787 2698 2880 2751 τὸν
2922 2697 3094 2750 αἰῶνα
3128 2697 3312 2766 μόνον,
3346 2695 3482 2758 ἀλλ’,
3510 2697 3598 2760 εὶς
3640 2693 3782 2757 τοὺς

2201 2795 2424 2860 αἰῶνας
2447 2809 2461 2822 ·
2511 2794 2607 2846 καὶ
2641 2793 2806 2847 πάλιν
2827 2791 2908 2858 τὸ,
2933 2792 3112 2845 Ὅταν
3135 2787 3440 2859 παραδιδῷ
3469 2788 3583 2856 τὴν
3609 2788 3784 2852 βασι-

2200 2887 2374 2941 λείαν
2397 2884 2479 2951 τῷ
2507 2883 2629 2950 Θεῷ
2655 2883 2754 2937 καὶ
2771 2883 2977 2952 Πατρὶ,
2994 2880 3546 2953 ἀντιπαρατιθέμενον
3573 2879 3655 2941 τὸ,
3672 2876 3784 2930 Kal

2201 2978 2313 3045 τῆς
2334 2977 2658 3042 ,ϐασιλείας
2702 2975 2889 3030 αὐτοῦ
2922 2977 3033 3028 οὐκ
3065 2974 3239 3029 ἔσται
3293 2972 3497 3038 τέλος·
3540 2970 3782 3042 ἀμφοτέ-

2206 3087 2314 3142 ρων
2346 3070 2402 3122 δὲ
2429 3069 2499 3122 τὰ
2525 3067 2752 3122 τοιαῦτα
2785 3068 2914 3139 περὶ
2949 3066 3152 3138 Κυρίου
3187 3065 3282 3117 καί¹
3317 3063 3552 3134 Χριστοῦ
3583 3061 3785 3131 φησάν-

2202 3179 2330 3225 των,
2377 3160 2704 3224 ἀξιοπίστων
2753 3158 3009 3212 ἁπάντων
3054 3156 3224 3209 ὄντων
3263 3153 3381 3226 (τοῦ
3423 3155 3521 3223 μὲν
3552 3150 3779 3221 ἀγγέλου

2205 3252 2444 3324 Γαϐριὴλ
2474 3252 2629 3320 ἁγίου
2659 3251 2829 3314 ὄντος,
2855 3249 2949 3302 τοῦ
2983 3249 3039 3301 δὲ
3069 3248 3224 3314 ἁγίου
3269 3244 3590 3298 Ἀποστόλου
3625 3260 3780 3296 πνευ-

2209 3347 2513 3416 ματοφόρου
2564 3342 2764 3412 ὄντος),
2810 3343 2862 3393 τί
2914 3340 2980 3393 ἂν
3033 3340 3270 3409 φαίησαν
3307 3337 3358 3388 οἱ
3397 3336 3496 3405 τῆς
3550 3333 3787 3402 ζωτικῆς

2207 3435 2591 3509 πραγματείας
2640 3435 2944 3502 ἄγνωστοι;
2997 3431 3081 3500 Μὴ
3126 3430 3234 3501 ἄρα
3285 3426 3560 3488 ἀντίθετος
3612 3423 3696 3496 εἴη
3756 3425 3782 3494 ἢ

2205 3529 2398 3600 Γραφὴ
2427 3527 2561 3594 πρὸς
2594 3527 2793 3596 ἑαυτὴν
2821 3525 2890 3577 τὰ
2923 3525 3097 3578 πάντα
3145 3523 3232 3575 ἀεὶ
3275 3519 3643 3590 ὰληθεύουσα;
3695 3517 3788 3588 Μὴ

2206 3618 2700 3689 γένοιτοιἈλλ’ὼς
2726 3617 2980 3687 ἀπαρχῆς
3010 3617 3256 3685 εἴπομεν,
3299 3611 3388 3665 διὰ
3429 3611 3490 3664 τὺ
3551 3608 3788 3681 προσληο

2207 3711 2398 3764 πτικὸν
2416 3710 2511 3781 τῆς
2536 3709 2856 3780 ὲνανθρωπή
2864 3725 3017 3770 σεως,
3037 3706 3104 3759 τὰ
3129 3706 3305 3759 πάντα
3321 3703 3432 3774 ἔχει
3452 3703 3549 3772 τῆς
3566 3701 3788 3768 εὐλόγου

2207 3801 2544 3865 ἀκολουθίας.
2580 3803 2642 3854 El
2671 3801 2779 3872 γὰρ
2824 3798 3158 3870 παραδίδωσι
3200 3796 3262 3848 τὸ
3291 3795 3560 3865 βασίλειον
3587 3792 3784 3872 χρόνῳ,

2207 3895 2315 3967 ἄρα
2344 3893 2436 3947 νῦν
2475 3893 2596 3946 οὐδὲ
2645 3891 2936 3961 βασιλεύει.
2977 3890 3040 3942 Ei
3067 3888 3123 3940 δὲ
3154 3887 3307 3940 οὔπω
3342 3884 3634 3956 βασιλεύει,
3669 3882 3788 3944 πῶς

2208 3987 2523 4058 εὑρίσκεται
2549 3981 3016 4055 προσκυνούμενος
3044 3979 3132 4032 ἀεὶ
3160 3977 3266 4030 ὑπὸ
3288 3977 3395 4029 τῶν
3427 3975 3672 4043 ἀγγέλων
3694 3973 3788 4028 καὶ

2209 4077 2564 4148 ἀρχαγγέλων
2592 4076 2698 4146 πρὸ
2724 4075 2821 4144 τῆς
2863 4072 3126 4142 ἐνσάρκου
3159 4069 3458 4140 παρουσίας
3502 4067 3594 4120 καὶ
3641 4068 3699 4119 ὲν
3719 4068 3787 4137 τῇ

2211 4177 2458 4246 ὲνσάρκῳ
2477 4172 2745 4245 παρουσίᾳ
2765 4189 2778 4233 ;
2800 4171 2874 4232 ὠς
2894 4172 2925 4241 ἡ
2948 4166 3138 4240 Γραφὴ
3161 4165 3310 4234 λέγει
3341 4165 3467 4235 περὶ
3484 4162 3674 4228 αὐτοῦ,
3703 4163 3786 4215 ὅτι

2214 4268 2398 4320 Ὅταν
2417 4262 2709 4333 εἰσαγάγῃ
2730 4262 2839 4315 τὸν
2867 4259 3245 4328 πρωτότοκον
3265 4257 3351 4321 εὶς
3377 4254 3487 4322 τὴν
3519 4250 3789 4322 οὶκουμέ·

2209 4375 2346 4425 νην,
2373 4355 2641 4426 λέγουσα
2657 4370 2670 4383 ⁸
2699 4353 2808 4406 Kal
2829 4347 3430 4418 προσκυνησάτωσαν
3455 4341 3615 4409 αὐτῷ
3641 4344 3792 4398 πάν-

2211 4465 2308 4514 τες
2343 4447 2582 4516 ἄγγελοι
2613 4443 2760 4498 Θεοῦ
2783 4459 2797 4472 ο
2829 4442 2926 4494 καὶ
2947 4438 3108 4492 πάλιν
3128 4454 3141 4468 °
3177 4434 3492 4490 Ἐκάθισεν
3519 4435 3590 4488 ἐν
3616 4431 3787 4501 δεξιᾷ

2133 4548 2174 4602 D
2205 4541 2312 4596 τοῦ
2338 4539 2587 4606 Πατρός.

2277 4629 2383 4683 Καί
2415 4645 2603 4698 φησιν,
2626 4625 2790 4691 Αὐτῷ
2819 4624 3039 4695 κάμψει
3067 4624 3191 4680 πᾶν
3217 4623 3363 4694 γόνυ
3394 4619 3789 4688 ἐπουρανίων,

2204 4723 2307 4776 παὶ
2341 4723 2634 4791 ἐπιγείων,
2654 4721 2751 4774 καὶ
2774 4720 3199 4788 καταχθονίων.
3235 4719 3376 4787 Ἀρα
3401 4711 3494 4768 οὖν
3517 4712 3790 4785 βασιλεύει

2206 4815 2293 4867 ἀεὶ
2324 4815 2352 4866 ὁ
2386 4813 2492 4866 ὑπὸ
2522 4814 2738 4866 πάντων
2775 4810 3266 4882 προσκυνούμενος.
3301 4810 3365 4860 Ti
3391 4804 3484 4860 οὖν
3513 4807 3790 4876 simium;

2207 4907 2314 4960 Τοῦ
2346 4905 2478 4960 Υἱοῦ
2523 4907 2610 4960 ἀεὶ
2655 4905 3049 4975 βασιλεύοντος,
3095 4903 3203 4956 ἀπὸ
3229 4901 3336 4954 τῶν
3380 4900 3664 4963 ἀνέκαθεν,
3699 4901 3792 4953 καὶ

2209 4999 2326 5062 νῦν,
2369 4999 2463 5053 καὶ
2515 5001 2594 5063 είς
2621 4999 2680 5051 τὸ
2729 4998 2874 5068 ἑξῆς,
2923 4997 3045 5050 ἐπεὶ
3080 4996 3305 5066 μηδέπω
3357 4994 3641 5066 παρέδωκε
3669 4992 3793 5062 ,τὴν

2214 5091 2488 5161 βασιλείαν
2520 5090 2597 5160 τῷ
2627 5091 2822 5161 Πατρὶ,
2852 5085 2961 5160 ἆρα
2989 5089 3144 5151 ἐκτός
3181 5089 3293 5140 ἐστι
3343 5087 3436 5140 τοῦ
3490 5086 3794 5156 βασιλεύειν

2208 5185 2242 5237 ὁ
2280 5185 2502 5254 Πατήρς
2536 5183 2626 5254 Μὴ
2660 5182 2895 5249 γένοιτοί
2936 5181 3091 5234 Ἐστι
3120 5180 3229 5251 γὰρ
3270 5181 3386 5250 ἅμα
3431 5180 3605 5250 Πατρὶ
3639 5180 3793 5248 βασι-

2213 5276 2404 5341 λεύων,
2452 5275 2548 5328 καὶ
2600 5275 2788 5346 Πατὴρ
2841 5274 2956 5344 ἅμα
3007 5273 3121 5344 Υἱῷ
3171 5275 3266 5326 καὶ¹
3303 5273 3445 5343 ἁγίῳ
3491 5272 3792 5342 Πνεύματι.

2225 5367 2386 5420 Ἀλλὰ
2439 5368 2492 5419 τί
2524 5367 2771 5434 λέγουσιν
2798 5383 2813 5432 ;
2849 5364 3031 5420 Ὅταν
3051 5364 3349 5436 παραδιδῷ
3370 5363 3436 5417 τὸ
3473 5367 3797 5431 ,βασίλειον

2209 5459 2289 5525 τῷ
2324 5458 2446 5524 Θεῷ
2501 5459 2600 5511 καὶ
2633 5457 2836 5526 Πατρὶ,
2870 5457 3102 5511 παύεται
3143 5455 3304 5519 αὐτὸς
3328 5455 3420 5509 τοῦ
3454 5456 3796 5526 βασιλεύειν;

2207 5551 2298 5623 Μὴ
2341 5549 2580 5618 γένοιτοί
2624 5550 2776 5602 Ἐπεὶ⁸
2811 5549 2924 5614 πῶς
2955 5548 3259 5620 πληροῦται
3292 5549 3372 5610 τὸ,
3407 5550 3513 5602 Kal
3550 5547 3661 5616 τῆς
3684 5548 3800 5611 βα-

2207 5640 2442 5705 σιλείας
2471 5638 2657 5693 αὐτοῦ
2693 5641 2803 5693 οὐκ
2833 5640 3006 5692 ἔσται
3056 5637 3266 5704 τέλος;
3313 5637 3455 5692 Ἀλλ’
3491 5639 3579 5693 ἵνα
3623 5638 3798 5711 δείξῃ,

586 5798 606 5834 ³
641 5799 771 5856 huc.
798 5816 836 5868 ι,
863 5801 931 5856 55
969 5817 1088 5871 sqq.
1168 5803 1186 5831 ¹
1210 5799 1374 5855 Ilehr.
1411 5817 1450 5868 I,
1480 5801 1554 5866 6;
1591 5798 1735 5855 Psal.
1775 5815 1914 5864 xcvi,
1943 5797 1994 5849 7.
2075 5799 2091 5828 ³

2205 5796 2284 5868 br.
2318 5812 2353 5861 ι,
2384 5795 2435 5851 5.
2567 5795 2798 5865 Philipp.
2839 5811 2897 5860 ιι,
2922 5794 3014 5848 ΔΟ.
