4138 6396
396 397 502 452 59.5

1127 393 1500 452 ADVERSUS
1540 393 1885 450 HERESES
1923 393 2051 451 LIB.
2094 393 2161 451 ll.
2206 397 2374 454 ΤΟΜ.
2424 398 2566 452 ll.-
2604 397 2882 454 HERES.
2925 399 3118 458 LXIX.

3580 406 3687 463 3'23

395 513 480 567 ὃτι
521 513 676 566 οὐδὲν
723 515 780 568 ἐν
821 513 899 586 τῷ
941 512 1058 585 Υίῷ
1105 514 1484 589 πεπλήρωται,
1517 513 1643 568 οὔτε
1687 513 1976 586 πληροῦται

2098 513 2164 568 Et
2191 518 2341 588 regni
2365 517 2478 586 ejus
2495 533 2596 572 non
2619 519 2717 571 erit
2740 520 2906 587 ﬁnis?
2936 518 3046 574 lloc
3073 521 3238 591 igitur
3256 521 3562 593 significare
3591 541 3688 578 vo-

397 601 696 673 ἁφηνιάζον
776 605 871 658 καὶ
919 603 1122 669 ἰδιάζον
1168 606 1270 677 τῆς
1323 604 1418 660 τοῦ
1469 605 1682 676 Πατρὺς
1728 606 1994 671 ὲνώσεως.

396 693 491 746 καὶ
529 695 648 758 ἐνὸς
699 695 1009 768 θελήματος
1052 696 1288 768 Πατρὸς,
1341 697 1436 750 καὶ
1491 697 1646 760 Υίοῦ,
1697 699 1793 751 καὶ
1839 697 1996 766 ἁγίου

401 785 735 856 Ηνεύματος.
785 788 1032 860 Ὀρῶμεν
1078 787 1187 858 γὰρ
1216 787 1312 842 καὶ
1347 787 1582 842 ἐνταῦθα
1617 788 1694 852 ὡς
1726 787 1856 858 περὶ
1896 789 1996 842 αὑ·-

397 876 492 929 τοῦ
521 878 616 931 τοῦ
648 877 777 932 Υἱοῦ
807 879 1100 951 εἰρημένου
1137 880 1176 942 ⁸,
1233 880 1317 932 ὅτι
1349 878 1526 932 Ὅταν
1549 878 1852 948 παραδιδῷ
1880 879 1996 946 τὴν

391 969 725 1031 ,ϐασιλείαν
756 969 836 1036 τῷ
887 970 1010 1036 Θεῷ
1043 970 1141 1024 καὶ
1191 971 1395 1039 Πατρὶ,
1444 971 1591 1025 ὅταν
1638 971 1990 1041 καταργήσῃ

395 1057 606 1112 πᾶσαν
644 1061 867 1130 ἀρχὴν,
912 1062 1011 1115 καὶ
1052 1062 1366 1128 ἐξουσίαν,
1427 1062 1524 1116 καὶ
1576 1062 1866 1132 δύναμιν
1915 1064 1992 1127 ὼς

395 1149 561 1203 αὑτοῦ
616 1149 711 1202 τοῦ
759 1150 890 1204 Υίοῦ
940 1152 1328 1222 παραδιδόντος
1395 1155 1494 1224 τὴν
1543 1153 1843 1223 βασιλείαν,
1896 1158 1990 1210 καὶ

396 1242 796 1313 καταργοῦντος
832 1247 1014 1297 πᾶσαν
1049 1244 1244 1316 ἀρχὴν,
1295 1244 1391 1298 καὶ
1434 1245 1504 1298 τὰ
1551 1245 1714 1316 ἐξῆςο
1763 1246 1858 1299 καὶ
1904 1247 1985 1310 τὸ,

393 1335 495 1388 Δεῖ
518 1337 706 1388 αὐτὸν
737 1337 1097 1400 ,βασιλεύειν
1125 1337 1298 1405 ἄχρις
1326 1332 1399 1392 οὗ
1452 1335 1528 1405 θῇ
1572 1336 1806 1402 πάντας
1844 1339 1986 1405 τοὺς

393 1427 646 1495 ἐχθροὺς
697 1429 816 1481 ὑπὸ
855 1428 997 1494 τοὺς
1029 1429 1221 1494 πόδας
1247 1429 1430 1483 αὐτοῦ
1451 1446 1464 1458 ·
1510 1429 1583 1493 ὡς
1633 1431 1728 1482 τοῦ
1757 1430 1888 1484 Υίοῦ
1916 1432 1986 1485 τὰ

395 1519 572 1574 πάντα
603 1521 905 1588 ποιοῦντος,
939 1522 1036 1576 καὶ
1084 1522 1492 1586 αῦθεντοῦντος,
1525 1524 1620 1576 καὶ
1654 1523 1986 1590 ἐξουσιάζον-

392 1629 503 1676 τος,
557 1614 651 1666 καὶ
688 1613 766 1683 τῷ
803 1615 979 1687 Πατρὶ
1035 1615 1422 1686 παραδιδόντος
1475 1615 1572 1668 σὺν
1623 1618 1689 1687 τῇ
1737 1615 1984 1690 βασιλείᾳ

389 1704 518 1767 τοὺς
545 1704 1044 1776 ὑποτασσομένους.

460 1795 578 1848 ΟΔν.
611 1793 744 1849 Εἶτα
775 1797 962 1852 λοιπὸν
1007 1796 1322 1868 μεταϐαίνει
1356 1799 1429 1861 είς
1472 1797 1762 1870 πρόσωπον
1795 1801 1981 1872 ἕτερον

2103 602 2204 656 luit
2253 605 2570 674 Apostolus,
2597 607 2733 659 nihil
2785 607 3065 678 impletum
3116 609 3168 662 in
3220 609 3375 674 Filio,
3408 613 3687 684 implerive

2100 695 2243 765 quod
2291 711 2320 749 a
2376 705 2603 766 paterna
2659 699 2820 768 801
2871 701 3301 764 coniunctione.
3353 709 3518 772 atque
3573 719 3685 759 una

2097 785 2396 858 eademque
2434 787 2638 851 Patris,
2667 798 2719 842 et
2743 787 2888 852 Filii,
2923 797 2977 844 et
3009 789 3247 860 Spiritus
3283 793 3459 846 sancti
3489 795 3683 848 volun-

2096 887 2208 934 tate
2233 879 2552 950 discrepans
2588 882 2678 943 sit,
2717 890 2811 934 aut
2842 882 3178 952 sejunctum.
3205 883 3486 954 Siquidem
3508 886 3686 942 ethoc

2096 969 2216 1024 loco
2257 971 2325 1026 de
2379 971 2518 1026 Filio
2548 975 2666 1043 ipso
2711 974 2916 1028 dictum
2966 975 3498 1031 animadvertimus:
3550 977 3683 1033 Cum

2094 1059 2374 1114 tradiderit
2425 1077 2644 1131 regnum
2699 1061 2808 1116 Deo
2848 1072 2897 1117 et
2950 1061 3141 1126 Patri,
3201 1082 3320 1120 cum
3362 1065 3682 1122 destruxerit

2092 1167 2295 1204 onmem
2325 1152 2701 1220 principatum,
2740 1164 2790 1205 et
2819 1161 3150 1220 potestatem,
3186 1164 3236 1208 et
3263 1156 3529 1222 virtutem,
3555 1166 3682 1212 tan-

2088 1257 2252 1310 quam
2295 1240 2465 1297 Filius
2531 1242 2644 1312 ipse
2696 1259 2923 1313 regnum
2965 1247 3167 1311 tradat,
3198 1263 3262 1302 ac
3305 1249 3678 1319 principatum

2087 1346 2303 1387 onmem
2323 1333 2592 1396 destruat,
2617 1346 2724 1388 etc.
2751 1335 2830 1388 Ad
2857 1335 2992 1399 hac,
3019 1335 3255 1405 Oportet.
3284 1341 3481 1410 inquit,
3508 1345 3679 1410 ipsum

2088 1438 2328 1492 regnare,
2391 1424 2555 1478 donec
2599 1435 2761 1493 ponat
2819 1427 3061 1482 inimicos
3123 1431 3218 1484 sub
3283 1433 3502 1500 pedibus
3541 1439 3676 1502 suis,

2087 1515 2242 1584 quasi
2269 1514 2437 1572 Filius
2467 1518 2651 1570 omnia
2685 1519 2949 1586 perﬁciat,
2980 1535 3042 1574 ac
3071 1537 3173 1590 pro
3195 1526 3524 1582 auctoritate
3576 1545 3677 1584 sua

2083 1617 2138 1664 et
2197 1617 2469 1678 potestate
2510 1609 2845 1677 moderetur,
2882 1619 2936 1666 et
2986 1611 3133 1668 Patri
3159 1615 3393 1686 denique
3415 1635 3520 1673 una
3550 1637 3676 1676 cum

2083 1715 2250 1770 regno
2273 1701 2550 1771 subjectos
2579 1701 2792 1757 oll‘erat.

2152 1791 2384 1846 LXXIV.
2429 1792 2560 1849 Post
2607 1794 2724 1849 haec
2769 1795 2928 1850 aliam
2974 1797 3040 1852 ad
3087 1812 3380 1866 personam
3421 1801 3668 1855 transit:

389 1889 554 1943 πάλιν
573 1907 589 1922 ο
625 1890 733 1944 Τοῦ
762 1891 995 1959 Πατρός
1015 1890 1478 1958 ὑποτάσσοντος
1507 1891 1705 1946 πάντα
1731 1893 1812 1958 τῷ
1845 1870 1976 1958 Υίῷ⁸

2089 1881 2255 1937 Patre
2299 1881 2445 1937 Filio
2480 1883 2792 1953 subjiciente
2825 1887 3036 1949 omnia;
3074 1896 3168 1941 et:
3203 1886 3396 1942 Omnia
3426 1889 3672 1957 subjecit,

387 1982 484 2035 καί
526 1999 692 2054 φησι·
727 1983 932 2037 Πάντα
976 1984 1280 2048 ὑπέταξεν
1327 1984 1447 2038 ὑπὸ
1479 1984 1625 2051 τοὺς
1654 1986 1845 2052 πόδας
1877 1989 1986 2041 αὐ-

387 2073 530 2128 τοῦτ
560 2075 826 2144 ἔσχατος
857 2073 1072 2143 ἐχθρὸς
1105 2075 1481 2144 καταργεῖται
1513 2078 1546 2129 ό
1575 2074 1851 2144 θάνατος.
1883 2077 1987 2130 Οὐ-

388 2166 508 2220 κέτι
537 2166 594 2220 δὲ
626 2167 736 2221 ἀπὸ
764 2165 1060 2238 προσώπου
1086 2167 1302 2239 Πατρὸς
1333 2167 1516 2238 μόνον,
1536 2169 1658 2222 οὐδὲ
1687 2170 1796 2223 ἀπὸ
1817 2187 1984 2241 προσ-

383 2255 539 2310 ώπου
578 2256 710 2310 Υἱοῦ
752 2258 934 2328 μόνον,
976 2257 1112 2311 ἀλλὰ
1147 2258 1455 2326 μεσαίτατα
1517 2258 1628 2312 τῶν
1675 2260 1984 2332 προσώπων

387 2349 600 2421 Πατρός
630 2350 724 2403 καὶ
765 2348 922 2414 Υἰοΰ,
955 2349 1122 2420 φησίν
1142 2366 1155 2380 ο
1197 2351 1500 2418 Ἕσχατος
1527 2351 1741 2420 ἐχθρὸς
1769 2370 1986 2423 καταρ-

387 2441 573 2508 γεῖται
602 2445 635 2496 ό
659 2441 936 2507 θάνατος.
975 2443 1152 2495 Ὅταν
1183 2441 1252 2494 δὲ
1281 2443 1446 2510 εἴπῃ,
1479 2442 1568 2497 ὅτι
1599 2443 1797 2498 πάντα
1823 2445 1983 2512 αὐτῷ

385 2533 820 2617 ὑποτέτακται,
857 2532 1050 2604 ἧθελον
1093 2533 1371 2605 ἐρωτῆσαι
1424 2535 1553 2599 τοὺς
1602 2536 1826 2602 αὐτοὺς,
1874 2539 1982 2592 ἀπὸ

384 2624 678 2697 προσώπου
711 2625 856 2688 τίνος
893 2625 976 2690 τὸ,
1011 2627 1178 2695 εῖπῃ,
1211 2626 1392 2694 λέγει;
1423 2627 1497 2681 Τὸ
1527 2627 1636 2700 γὰρ
1669 2627 1833 2698 βάθος
1870 2629 1979 2680 τῶν

387 2717 706 2789 μυστηρίων
743 2716 840 2770 τοῦ
886 2716 1021 2770 Θεοῦ
1067 2718 1461 2788 πνευματικῶς
1497 2719 1626 2782 τοὺς
1682 2721 1980 2791 σαρκικοὺς

383 2811 581 2880 κρίνει.
620 2810 676 2861 Ὁ
712 2809 822 2878 γὰρ
855 2810 1146 2877 σαρκικὸς
1174 2812 1246 2864 οὐ
1273 2809 1509 2879 δέχεται
1541 2811 1615 2865 τὰ
1649 2811 1757 2865 τοῦ
1789 2812 1981 2864 Hreu-

376 2914 594 2967 ματος·
634 2899 814 2971 μωρία
846 2899 955 2971 γὰρ
979 2900 1131 2970 αὐτῷ
1160 2901 1326 2954 ἐστιν,
1351 2900 1614 2954 Ἐνταῦθα
1635 2902 1764 2972 γὰρ,
1793 2903 1978 2956 Ὅταν

379 2989 548 3057 εἴπῃ,
572 2989 667 3043 ὅτι
701 2990 900 3044 πάντα
930 2989 1092 3057 αὐτῷ
1128 2993 1546 3058 ὑποτέτακται,
1593 2995 1641 3046 εί
1677 2994 1775 3065 μὲν
1807 2997 1836 3048 ό
1863 2996 1978 3048 Πα-

378 3080 484 3152 τὴρ
527 3081 676 3150 λέγει
703 3081 843 3153 πρὸς
873 3084 966 3136 τὸν
999 3083 1166 3148 Υἱὸν,
1223 3084 1448 3156 ἐλλιπὴς
1503 3089 1536 3157 ἠ
1589 3087 1972 3158 πραγματεία·

379 3173 618 3238 ὑπέταξε
652 3175 760 3248 γὰρ
793 3175 822 3227 ὁ
855 3175 984 3240 Υἱὸς
1020 3175 1091 3230 τὰ
1123 3176 1300 3230 πάντα
1339 3172 1418 3248 τῷ
1447 3175 1658 3249 ἰῘατρί’
1694 3181 1743 3232 εἰ
1775 3178 1831 3232 δὲ
1867 3181 1975 3233 ἀπὸ

379 3263 676 3335 προσώπου
699 3265 828 3318 Υἱοῦ
850 3265 1120 3329 τὸ,”οταν
1145 3268 1304 3336 εἴπῃ·
1327 3267 1407 3323 Τὰ
1426 3269 1622 3323 πάντα
1642 3270 1802 3336 αὐτῷ
1827 3275 1978 3327 ὐπο-

377 3357 672 3424 τέτακται,
689 3357 925 3428 λέγεται,
948 3359 1164 3423 ἐλλιπὲς
1186 3360 1247 3412 τὸ
1269 3361 1522 3432 φρόνημα
1537 3402 1551 3425 ,
1577 3361 1652 3414 ὃτι
1681 3362 1983 3433 μελλητικά

377 3467 502 3504 τινα
527 3453 585 3503 ὲν
624 3452 761 3523 Θεῷ,
793 3452 826 3522 ἢ
858 3453 916 3505 ὲν
941 3453 1144 3525 Πατρὶ,
1173 3453 1206 3524 ἢ
1239 3455 1296 3506 ὲν
1329 3454 1441 3524 Υίῲ
1475 3454 1772 3523 λογίζεται.
1800 3455 1897 3519 Τίς
1923 3455 1981 3508 δέ

379 3543 526 3596 ἐστιν
541 3546 570 3598 ό
593 3545 790 3614 λέγων,
806 3547 888 3598 ὅτι
911 3545 1108 3599 πάντα
1125 3545 1550 3612 bacchamur;
1575 3548 1650 3599 Οὐ
1671 3548 1779 3619 γὰρ
1805 3544 1975 3602 εἶπενο

380 3635 547 3688 Ὅταν
569 3637 814 3690 εἴπωσιν.
837 3639 898 3690 El
927 3634 1121 3709 γὰρῆν
1143 3637 1300 3690 τοῦτο
1324 3637 1415 3691 τοῦ
1437 3638 1677 3702 Υίοῦ,τὸ,
1699 3637 1873 3693 ’Ὁταν
1902 3638 1979 3691 εἴ-

378 3745 545 3788 πωσι,
564 3730 875 3800 λεγόμενον,
889 3731 1119 3801 ἠδύνατο
1133 3731 1470 3803 πληροῦσθαι
1493 3731 1526 3804 ἢ
1553 3732 1646 3785 ἐπὶ
1665 3733 1792 3796 τοὺς
1820 3732 1978 3802 ἀγγέ-

376 3820 521 3884 λους,
540 3821 572 3890 ἢ
592 3823 684 3874 ἐπὶ
699 3824 825 3886 τοὺς
847 3823 1244 3891 ὐποταγέντας.
1278 3825 1494 3897 Ἐπειδὴ
1522 3823 1578 3876 δὲ
1601 3824 1712 3878 ἄνω
1734 3827 1974 3896 ὲσήμανε

377 3910 470 3964 τὸν
514 3912 639 3964 Υἰὸν
675 3913 1054 3967 ὑποτάσσοντα
1080 3913 1157 3984 τῷ
1201 3915 1412 3985 Πατρὶ,
1450 3916 1545 3968 καὶ
1587 3917 1971 3987 παραδιδόντα,

377 4001 474 4053 καὶ
502 4001 593 4054 τὸν
624 4002 841 4074 Πατέρα
874 4003 1252 4058 ὑποτάσσοντα
1287 4004 1366 4076 τῷ
1390 4005 1504 4075 Υἱῷ
1528 4006 1596 4059 τὰ
1625 4008 1832 4066 πάντα.
1868 4023 1970 4062 πε-

379 4091 684 4160 ριελείπετο
704 4092 760 4145 δὲ
785 4095 897 4154 τοῖς
926 4093 1235 4167 λεξιθήρεσι
1261 4096 1320 4148 τὸ
1348 4096 1443 4148 τοῦ
1472 4097 1788 4168 Πνεῦματος
1813 4099 1968 4166 ἁγίου

377 4182 704 4253 πρόσωπον·
762 4184 956 4238 τούτου
1018 4186 1184 4239 ’ἑνεκα
1239 4186 1658 4258 ἀπαρεμφάτως
1718 4187 1856 4256 μετὰ
1908 4186 1970 4239 τὸ

378 4277 671 4346 πρόσωπον
701 4277 796 4330 τοῦ
836 4277 989 4343 Υίοῦ,
1039 4280 1136 4332 καὶ
1181 4279 1242 4332 τὸ
1270 4279 1560 4350 πρόσωπον
1597 4279 1694 4332 τοῦ
1729 4279 1964 4351 Πατρός,

373 4367 436 4420 τὸ
485 4367 777 4438 πρόσωπον
829 4370 1096 4440 ὑπέφαινε
1144 4370 1238 4424 τοῦ
1295 4372 1450 4440 ἁγίου
1486 4371 1840 4442 Πνεύματος,
1869 4371 1962 4424 106

375 4457 802 4526 ἀναγγέλλοντος
850 4461 938 4512 ἀεὶ
981 4459 1053 4512 τὰ
1099 4460 1311 4531 [ἰατρὸς
1358 4461 1452 4514 καὶ
1499 4461 1663 4527 Υῑοῦ,
1697 4463 1792 4516 καὶ
1823 4461 1965 4515 διδά-

2093 1977 2288 2045 inquit,
2307 1975 2403 2028 sub
2430 1975 2650 2044 pedibus
2675 1977 2812 2046 ejus,
2836 1979 3151 2032 novissimus
3172 1979 3416 2034 inimicus
3438 1982 3676 2036 destrue-

2090 2083 2178 2123 tur
2207 2087 2370 2124 mors.
2415 2070 2518 2126 Ubi
2546 2087 2656 2126 non
2691 2074 2925 2142 amplius
2955 2090 3018 2128 ex
3049 2088 3285 2143 persona
3319 2073 3500 2130 Patris
3529 2075 3674 2130 dun-

2099 2169 2270 2224 taxat,
2301 2177 2476 2231 neque
2508 2177 2571 2216 ex
2608 2163 2780 2217 solius
2814 2178 3048 2232 persona
3079 2161 3227 2226 Filii,
3269 2163 3367 2219 sed
3412 2173 3675 2236 tanquam

2085 2254 2155 2308 ab
2205 2253 2308 2306 alia
2340 2255 2484 2309 inter
2514 2263 2804 2322 utramque
2835 2254 3121 2323 iuterjecta
3165 2254 3457 2323 subjicitur
3500 2275 3513 2311 :
3559 2255 3674 2309 No-

2085 2346 2331 2399 uissimas
2373 2347 2622 2399 inimicus
2667 2345 2966 2400 destruitur
3008 2364 3174 2401 mors.
3217 2345 3352 2402 Cum
3383 2357 3558 2401 autem
3587 2347 3674 2400 di-

2085 2438 2176 2502 cit,
2209 2438 2392 2490 omnia
2416 2437 2537 2490 huic
2560 2454 2671 2492 esse
2694 2439 2952 2508 subjecta,
2989 2439 3119 2494 libet
3149 2441 3278 2495 illos
3306 2441 3670 2511 interrogare,

2084 2529 2242 2597 cujus
2275 2545 2340 2583 ex
2382 2544 2616 2598 persona
2667 2546 2770 2584 vox
2826 2531 2948 2593 illa,
2982 2530 3144 2596 dicit,
3181 2532 3528 2602 pronuntiata
3574 2535 3671 2590 sit.

2086 2618 2366 2688 Siquidem
2395 2618 2707 2674 divinorum
2737 2623 3124 2691 mysteriorum
3158 2623 3392 2678 altitudo
3420 2626 3672 2683 carnales

2084 2712 2334 2767 homines
2383 2712 2702 2781 Spiritaliter
2754 2713 3063 2782 dijudicat:
3105 2713 3248 2768 Nam
3285 2717 3519 2770 carnalis
3566 2733 3674 2773 non

2079 2804 2294 2872 percipit
2336 2820 2399 2857 ea
2451 2821 2574 2874 qua:
2618 2804 2715 2858 Dei
2747 2806 2938 2872 sunt”;
2972 2807 3203 2887 stultitia
3243 2809 3388 2861 enim
3419 2818 3502 2864 est
3540 2809 3673 2880 ipsi.

2084 2895 2208 2950 llaec
2239 2897 2408 2959 enim,
2441 2895 2578 2951 Cum
2609 2896 2739 2950 dicit
2783 2898 2962 2951 omnia
3000 2899 3048 2952 ei
3074 2915 3186 2952 esse
3213 2900 3468 2969 subjecta,
3508 2902 3556 2955 si
3595 2902 3669 2956 ita

2079 2988 2442 3058 accipiantur,
2473 2989 2633 3057 quasi
2681 2988 2820 3045 Filio
2859 2988 3020 3044 Pater
3049 2990 3282 3055 dixerit,
3347 3006 3540 3045 manca
3584 3001 3672 3046 est

2078 3093 2143 3132 ac
2195 3078 2408 3135 defecta
2460 3083 2729 3136 narratio.
2779 3081 2992 3152 Quippe
3043 3081 3217 3138 Filius
3273 3085 3458 3138 omnia
3519 3084 3669 3140 Patri

2081 3169 2332 3238 subjecit.
2369 3171 2464 3225 Sin
2508 3187 2574 3226 et
2620 3170 2743 3225 Filii
2791 3186 3028 3242 persona
3084 3182 3404 3243 usurpatum
3443 3183 3672 3244 putetur

2087 3261 2234 3316 istud
2267 3263 2468 3332 ipsum,
2505 3263 2639 3317 Cum
2669 3263 2802 3318 dicit
2829 3281 2846 3318 :
2901 3265 3039 3318 Huic
3064 3267 3241 3318 omnia
3262 3267 3518 3335 subjecta,
3551 3283 3667 3322 non

2082 3356 2266 3410 minus
2295 3371 2492 3411 sensus
2529 3357 2646 3426 ipse
2675 3357 2881 3424 deﬁcit,
2928 3373 2994 3412 eo
3021 3358 3164 3427 quod
3200 3373 3350 3412 mora
3412 3359 3666 3428 quaedam

2082 3461 2146 3501 ac
2192 3447 2424 3504 tarditas
2469 3448 2600 3508 Deo.
2653 3450 2769 3505 sive
2805 3449 2980 3512 Patri,
3035 3467 3152 3505 sn'e
3204 3449 3342 3504 Filio
3376 3452 3662 3507 tribuitur.

2081 3539 2215 3606 Quis
2249 3539 2414 3610 igitur
2441 3550 2526 3596 est
2552 3541 2645 3610 qui
2689 3541 2924 3610 subjecta
2971 3557 3082 3594 esse
3125 3541 3252 3593 dicit
3287 3542 3509 3596 omnia!
3541 3541 3662 3595 Non

2078 3632 2223 3685 enim
2255 3635 2519 3702 scriptum
2549 3643 2634 3687 est
2660 3649 2672 3685 :
2704 3633 2837 3687 Cum
2869 3633 3076 3687 dicunt.
3119 3631 3253 3685 Nam
3288 3633 3334 3688 si
3367 3633 3433 3685 ad
3463 3631 3661 3687 Filium

2079 3720 2266 3774 referri
2303 3721 2524 3776 deberet
2573 3721 2740 3787 istud,
2771 3722 2907 3776 Cum
2942 3723 3160 3787 dicunt;
3199 3723 3280 3776 vel
3312 3723 3378 3776 ad
3411 3724 3659 3793 angelos,

2077 3812 2158 3865 vel
2195 3812 2261 3865 ad
2286 3828 2403 3873 eos,
2427 3815 2519 3882 qui
2545 3813 2780 3883 subjecti
2814 3821 2962 3880 sunt,
2996 3815 3271 3884 pertinere
3303 3824 3508 3883 posset.
3535 3813 3655 3867 Jam

2076 3918 2205 3957 vero
2242 3919 2366 3957 cum
2397 3911 2557 3959 antea
2593 3903 2740 3958 Patri
2780 3904 2976 3959 Filium
3018 3907 3200 3960 omnia
3232 3907 3535 3976 subjecisse
3590 3922 3657 3962 ac

2077 3995 2370 4050 tradidisse
2395 3998 2698 4063 docuisset,
2732 4010 2798 4050 ac
2828 3998 3072 4052 vicissim
3102 3997 3240 4052 Filio
3279 3997 3494 4054 Patrem
3529 4015 3652 4054 om-

2071 4089 2160 4142 nia
2191 4088 2514 4158 subjccisse,
2548 4106 2743 4145 vocum
2779 4107 2942 4161 porro
2972 4094 3350 4161 captatoribus
3384 4108 3491 4146 una
3525 4092 3650 4162 Spi-

2070 4179 2211 4234 ritus
2244 4180 2419 4233 sancti
2453 4197 2688 4250 persona
2721 4190 2978 4246 restaret,
3001 4183 3073 4236 ob
3119 4182 3171 4235 id
3214 4181 3338 4237 Filii
3376 4199 3439 4238 ac
3474 4183 3656 4238 Patris

2069 4273 2320 4341 personis
2362 4274 2601 4343 Spiritus
2635 4275 2813 4329 sancti
2859 4290 3150 4345 personam
3201 4290 3311 4328 non
3365 4289 3649 4344 expresse.

2068 4365 2164 4420 sed
2215 4367 2426 4421 iutinite
2469 4368 2772 4432 subtexuit,
2811 4369 2932 4437 ejus
2962 4368 3212 4422 videlicet
3257 4367 3514 4436 Spiritus,
3559 4367 3652 4436 qui

2066 4456 2246 4512 Patris
2297 4466 2350 4512 et
2383 4457 2507 4513 Filii
2566 4475 2768 4513 arcana
2804 4461 3021 4513 nuntiat
3069 4474 3134 4512 ac
3178 4460 3450 4529 perdocet.
3493 4461 3651 4524 Quod

377 4567 607 4614 σκοντος
637 4551 726 4604 ἵνα
773 4550 846 4621 μὴ
891 4551 1082 4622 ἐλλιπῆ
1116 4554 1318 4623 ποιήσῃ
1363 4553 1462 4623 τὴν
1507 4554 1721 4606 τελείαν
1761 4552 1962 4622 γνῶσιν

2079 4550 2189 4604 ideo
2221 4551 2427 4606 factum
2455 4562 2574 4617 est,
2637 4569 2704 4607 ne
2734 4553 2899 4622 802
2930 4555 2996 4606 ad
3035 4551 3329 4622 perfectam
3361 4550 3653 4606 Trinitatis

373 4641 476 4712 τῆς
504 4640 633 4710 περὶ
662 4641 682 4670 ⁸
716 4640 944 4711 Τριὰδος
987 4642 1080 4694 καὶ
1107 4641 1207 4711 τῆς
1236 4641 1504 4712 ὲνσάρκου
1546 4643 1959 4714 προσληπτικῆς

373 4734 534 4804 δόξης
559 4728 1062 4803 παρουσίας.Εἷτα,
1081 4734 1268 4804 φησὶν,
1290 4734 1551 4801 ἔσχατος
1580 4734 1792 4804 ἐχθρὸς
1823 4752 1963 4788 κατ-

373 4826 637 4895 αργεῖται
665 4829 700 4878 ὁ
748 4825 1024 4892 θάνατος.
1065 4827 1123 4878 '0
1152 4825 1211 4880 δὲ
1237 4826 1610 4898 καταργηθεὶς
1635 4827 1958 4898 πεπέδηται,

373 4918 562 4972 οὐκέτι
593 4918 832 4989 ἐνεργῶν
872 4918 901 4972 δ
931 4921 1175 4990 ἐνεργεῖ,
1229 4919 1352 4972 οὐδὲ
1398 4920 1479 4973 ἐτι
1518 4920 1780 4992 ὑπάρχων
1810 4937 1822 4950 ·
1865 4921 1960 4974 καὶ

373 5006 483 5077 γὰρ
510 5007 872 5078 κατήργηται.

442 5276 565 5332 OE'.
584 5276 649 5328 Τί
695 5271 788 5331 οὖν
817 5277 867 5330 οἱ
904 5277 967 5330 τὸ
994 5277 1236 5332 συνιέναι
1258 5278 1356 5343 τὰς
1385 5279 1609 5349 Γραςεὰς
1638 5279 1956 5349 ἀγνοοῦντες

373 5367 560 5438 ἔχουσι
597 5368 728 5440 περὶ
774 5369 967 5422 τούτου
1006 5369 1216 5438 λέγειν;
1261 5373 1354 5425 Δεῖ
1394 5373 1542 5444 ἡμᾶς
1573 5372 1681 5443 ἄρα
1732 5372 1954 5442 λογίσα-

376 5457 502 5510 σθαι
551 5459 681 5530 περὶ
722 5457 819 5512 τοῦ
849 5459 1012 5524 Υἱοῦ,
1066 5461 1148 5515 ὃτι
1200 5462 1435 5532 ἀργήσει
1472 5461 1568 5515 106
1628 5461 1950 5531 βασιλεύειν.

373 5547 438 5599 Et
467 5546 639 5612 οὕτως
673 5549 781 5621 ἄρα
817 5549 964 5621 εῖχεν
995 5552 1030 5622 ἡ
1071 5549 1237 5616 λέξις.
1286 5549 1448 5604 nm
1489 5551 1832 5623 ἀσεϐήσομεν
1860 5553 1953 5607 καὶ

371 5639 535 5693 αὐτὸν
580 5641 718 5711 μετὰ
759 5641 867 5696 τῶν
924 5643 1379 5714 ὑποτασσομένων
1434 5643 1799 5716 ἐναριθμῆσαι
1849 5646 1953 5715 μά-

444 5798 456 5826 ¹
494 5793 621 5865 Leg.
650 5798 958 5870 εἰρημένον.
1038 5802 1058 5830 ²
1086 5799 1146 5856 F.
1179 5800 1306 5871 περὶ
1334 5799 1450 5871 τῆς.
1529 5798 1592 5852 ³1
1616 5798 1743 5857 Cor.
1775 5817 1834 5867 ιι,
1868 5802 1946 5856 14.

2063 4651 2119 4697 et
2157 4643 2412 4699 humanae
2446 4654 2694 4710 naturae,
2747 4647 2816 4700 ad
2865 4662 3029 4716 quam
3073 4646 3260 4717 gloriae
3311 4645 3428 4700 ﬁeri
3469 4652 3649 4714 potest

2061 4737 2344 4802 accessio,
2405 4739 2778 4807 cognitionem
2830 4739 3110 4808 quidpiam
3157 4737 3395 4792 deesset.
3447 4735 3650 4790 Deinde

2061 4829 2404 4893 novissimus,
2438 4829 2638 4898 inquit,
2666 4831 2911 4883 inimicus
2941 4829 3238 4883 destruitur
3272 4844 3434 4880 mors.
3473 4825 3648 4881 Porro

2058 4921 2152 4989 qui
2184 4920 2489 4976 destruitur
2516 4922 2920 4992 quodammodo
2950 4923 3182 4978 detineri
3215 4922 3435 4975 vinctus
3478 4921 3640 4974 intel-
3676 4985 3681 4996 ι

2059 5011 2268 5081 Ιίείιυπ,
2316 5021 2376 5066 ιιι
2409 5015 2554 5083 quod
2596 5014 2776 5070 facere
2804 5016 3035 5076 solebat,
3081 5029 3190 5068 non
3224 5013 3482 5066 moliatur
3521 5026 3642 5064 am-
3672 5024 3680 5100 ι

2064 5103 2230 5168 plius,
2281 5103 2527 5175 adeoque
2569 5121 2695 5160 cum
2739 5108 3058 5162 destructus
3105 5106 3212 5172 sit,
3254 5120 3364 5160 non
3405 5104 3675 5174 amplius

2062 5193 2317 5246 exsistat.

2131 5279 2344 5336 LXXV.
2385 5280 2528 5349 Quid
2563 5283 2730 5355 igitur
2766 5301 3049 5340 sacrarum
3085 5283 3416 5340 Litterarum
3470 5282 3644 5352 impc-

2061 5371 2152 5426 riti
2186 5388 2250 5427 ea
2282 5374 2350 5428 de
2388 5390 2446 5429 re
2488 5375 2674 5431 dicere
2709 5378 2976 5446 possunt?
3004 5375 3090 5431 An
3118 5377 3185 5431 de
3221 5373 3362 5430 Filio
3391 5373 3639 5444 cogitan-

2061 5465 2190 5519 dum
2223 5466 2384 5522 nobis
2417 5469 2550 5523 illud
2599 5477 2704 5533 est,
2752 5468 3017 5540 regnandi
3049 5469 3210 5524 ﬁnem
3241 5479 3474 5536 unquam
3515 5475 3638 5518 esse

2063 5556 2337 5612 facturum
2362 5559 2386 5612 ?
2422 5561 2478 5614 Si
2512 5561 2732 5630 quidem
2765 5563 2840 5616 ita
2872 5577 2994 5617 sese
3023 5562 3114 5615 illa
3140 5575 3241 5614 vox
3271 5558 3511 5612 haberet.
3537 5555 3636 5607 At-

2041 5651 2152 5736 ‘qui
2205 5651 2428 5722 impium
2469 5652 2730 5724 quiddam
2758 5669 2786 5708 a
2819 5653 2980 5710 nobis
3012 5652 3350 5717 admittetur,
3386 5649 3434 5704 si
3478 5647 3632 5702 illum
