4138 6396
487 354 593 411 εὶῖ

1912 347 1972 402 S.
2017 344 2359 402 EPIPHANII

3663 347 3768 406 318

483 464 540 518 in
587 457 934 515 subditorum
986 457 1090 514 sibi
1123 457 1372 512 ordinem
1421 456 1670 528 redigere
1703 457 2062 522 voluerimus,

2190 474 2348 520 tiara,
2404 457 2543 529 μετὰ
2593 457 2655 511 τὸ
2710 459 2955 530 ἐνεργεῖν
3019 452 3081 514 οὗ
3141 460 3369 531 ἐνήργει
3431 460 3765 532 παυομένου.

483 559 544 606 ut
571 565 695 605 cum
727 563 866 619 Opus
897 563 1058 602 suum
1099 545 1442 617 praestiterit,
1484 546 1554 601 ab
1582 545 1795 617 agendo
1825 544 2074 600 desistat.

485 643 594 700 Sed
645 641 791 696 absit
819 657 849 694 a
882 640 1044 696 nobis
1075 647 1186 692 tam
1236 638 1402 707 impia
1432 637 1501 692 de
1528 636 1752 692 Christo
1785 637 2074 693 sententia.

483 733 658 790 Nemo
688 735 834 788 enim
857 773 872 798 ,
907 732 1002 802 qui
1038 731 1258 802 quidem
1295 731 1350 783 in
1383 731 1560 800 ipsum
1592 730 1798 794 credat,
1829 735 1923 782 aut
1957 744 2079 800 spe-

485 839 571 884 ret
605 843 669 884 ex
710 827 914 893 animo,
967 825 1250 895 indignum
1283 824 1583 894 quidquam
1617 823 1686 878 de
1718 823 1868 878 illius
1907 822 2080 893 gloria

485 920 787 992 praedicare
830 927 929 972 aut
956 915 1147 971 audire
1186 915 1483 971 sustinebit
1515 931 1529 966 :
1593 915 1908 985 cujusmodi
1948 931 2077 986 per-

486 1027 676 1084 peram
713 1013 837 1076 isti,
891 1018 944 1064 et
993 1008 1234 1064 absurde
1277 1009 1545 1063 sentiunt.
1581 1008 1855 1062 Casterum
1893 1007 2080 1062 omnia

483 1104 661 1160 sacris
695 1103 750 1156 in
785 1102 1009 1158 Litteris
1043 1101 1312 1156 docentur
1343 1115 1356 1152 :
1393 1099 1527 1156 Cum
1551 1101 1721 1166 dicit,
1763 1101 1962 1157 Omnia
1995 1101 2079 1156 illi

485 1197 723 1267 subjecta
771 1206 925 1261 sunt,
976 1195 1119 1247 haud
1153 1193 1370 1247 dubium
1404 1195 1531 1264 quin
1561 1205 1756 1262 praeter
1799 1193 1953 1248 illum
1990 1194 2082 1265 qui

486 1289 708 1359 subjecit
753 1288 838 1343 illi
869 1288 1068 1342 omnia.
1103 1286 1238 1342 Cum
1289 1296 1466 1340 autem
1510 1287 1747 1358 subjecta
1791 1288 1839 1341 ei
1884 1287 2082 1357 fuerint

487 1385 700 1447 omnia,
727 1391 851 1436 tunc
875 1390 926 1436 et
953 1379 1130 1435 Filius
1158 1381 1270 1448 ipse
1294 1379 1606 1451 subjicietur
1629 1382 1678 1436 ei
1704 1383 1794 1452 qui
1821 1380 1923 1436 sibi
1953 1381 2080 1435 sub-

484 1478 612 1548 jecit
641 1477 840 1532 omnia.
868 1473 939 1530 Ut
967 1474 1117 1545 quod
1161 1473 1321 1529 initio
1353 1473 1657 1529 declaravit
1690 1474 1940 1546 angelus,
1972 1483 2082 1530 est-

488 1585 598 1642 que
626 1585 656 1622 a
688 1569 845 1624 nobis
880 1567 1011 1622 huic
1046 1567 1167 1622 loco
1209 1574 1432 1638 propter
1456 1565 1774 1622 aﬂinitatem
1829 1581 1894 1621 ac
1927 1565 2082 1622 simi-

489 1662 778 1717 litudinem
815 1660 1135 1730 adjunctum
1165 1659 1272 1713 vim
1303 1672 1523 1714 omnem
1549 1657 1726 1712 divini
1757 1656 1918 1713 Verbi
1947 1671 2082 1712 con-

491 1762 752 1810 sentanee
798 1768 864 1808 ac
915 1751 1205 1822 perspicue
1260 1749 1523 1804 declaret.
1566 1747 1704 1803 Nam
1751 1756 1806 1803 et
1857 1749 2082 1818 angelus

493 1847 636 1902 idem
667 1844 1064 1916 propemodum
1097 1841 1278 1906 dixit,
1306 1855 1431 1896 cum
1465 1839 1774 1912 signiﬁcato
1801 1839 1896 1895 Dei
1923 1839 2081 1907 Filio,
2114 1831 2158 1887 Β

491 1936 726 1992 subinde
754 1934 1081 2007 quibusdam
1115 1933 1342 1998 additis,
1374 1941 1677 2004 assumpta:
1710 1931 1952 1988 hominis
1981 1947 2082 1986 na-

492 2040 628 2086 turae
676 2036 731 2083 et
762 2042 888 2082 cum
916 2025 1098 2081 Verbo
1131 2025 1444 2096 conjuncta:
1475 2025 1807 2080 mentionem
1846 2025 2035 2096 injecit
2067 2044 2080 2080 :

493 2123 782 2194 Propterea
806 2162 821 2186 ,
869 2120 1083 2190 inquit,
1117 2128 1167 2173 et
1196 2117 1334 2189 quod
1367 2127 1616 2173 nascetur
1641 2133 1707 2172 ex
1736 2126 1785 2172 te
1817 2117 1932 2187 (ubi
1958 2135 2086 2172 san-

491 2225 635 2270 ctum
683 2215 926 2285 adjecit),
959 2213 1236 2268 vocabitur
1266 2211 1444 2267 Filius
1483 2211 1584 2266 Dei
1609 2213 1650 2265 ¹.
1680 2211 1962 2283 Ουωζουῐη
2009 2212 2087 2266 ita

487 2310 624 2372 sint,
657 2323 722 2362 ac
754 2321 916 2361 voces
947 2305 1074 2368 illas,
1103 2313 1401 2374 propterea,
1439 2312 1515 2370 et,
1550 2304 1693 2375 quod
1721 2314 1969 2359 nascetur
1998 2321 2087 2358 vo-

492 2402 705 2456 cabitur
752 2397 930 2452 Filius
983 2397 1108 2460 Dei,
1161 2406 1441 2466 usurpata:
1491 2396 1562 2452 ab
1611 2396 1806 2466 angelo
1857 2395 2084 2460 fuerint,

493 2501 644 2549 recte
691 2489 864 2544 Filius
910 2489 960 2544 ei
1011 2488 1389 2559 subjiciendus
1419 2487 1647 2553 dicitur,
1697 2489 1789 2559 qui
1822 2489 1927 2542 sibi
1961 2489 2086 2543 uni-

493 2602 643 2641 versa
673 2583 930 2653 subjecit,
964 2591 1022 2637 ut
1057 2598 1125 2638 ne
1152 2583 1299 2653 quod
1332 2581 1556 2637 carnale
1603 2589 1691 2636 est
1736 2581 1976 2651 amplius
2015 2582 2088 2636 sit

493 2679 700 2732 virtute
740 2675 1001 2743 carnale,
1054 2675 1151 2730 sed
1187 2690 1311 2729 cum
1344 2673 1629 2728 divinitate
1675 2671 2031 2743 coniunctum
2069 2689 2084 2726 :

495 2765 654 2831 illud,
693 2767 940 2835 inquam,
987 2766 1166 2836 ipsum
1200 2765 1423 2820 carnale
1463 2765 1518 2818 in
1568 2779 1738 2818 unum
1773 2765 2087 2835 copulatum

495 2873 623 2914 cum
654 2856 786 2924 Deo,
818 2864 872 2912 et
911 2872 1035 2912 cum
1069 2855 1252 2920 Patre,
1297 2871 1362 2910 ac
1391 2854 1602 2926 Spiritu
1634 2864 1829 2911 sancto
1858 2871 2086 2927 regnum

498 2949 633 3006 illud
660 2949 939 3013 obtinens,
971 2948 1147 3019 Cujus
1191 2965 1296 3002 non
1323 2950 1425 3003 erit
1452 2949 1598 3018 ﬁnis.
1645 2947 1820 3018 Cujus
1844 2949 2088 3018 quidem,

495 3060 566 3100 ex
589 3059 699 3114 quo
725 3041 1050 3107 resurrexit,
1073 3041 1226 3096 velut
1254 3040 1473 3095 initium
1499 3040 1732 3112 accepit,
1758 3038 1827 3094 Ut
1855 3041 1925 3095 sit
1947 3039 2089 3095 Deus

496 3135 752 3194 omniain
779 3134 1023 3188 omnibus
1045 3149 1064 3188 :
1088 3131 1236 3204 quod
1271 3132 1328 3187 in
1358 3147 1523 3187 unam
1553 3131 1894 3187 divinitatem
1929 3131 2092 3202 spiri-

2191 548 2354 602 Ἀλλά
2392 550 2468 620 μὴ
2506 549 2751 618 γένοιτοί
2787 551 2977 615 Οὐδεὶς
3011 551 3120 624 γὰρ
3151 552 3259 606 τῶν
3292 555 3371 615 είς
3411 553 3648 624 Χριστὸν
3686 572 3772 607 πιο

2181 642 2480 697 πευὸντων
2502 683 2518 707 ,
2557 644 2652 696 καὶ¹
2687 644 3016 708 ἐλπιζόντων
3055 646 3114 698 ἐν
3146 645 3397 727 ἀληθεία,
3420 646 3772 718 διανοηθήσε-

2178 750 2270 786 ται
2305 734 2570 806 ἀπρεπῶς
2605 736 2672 805 τῇ
2703 733 2870 787 αὑτοῦ
2901 733 3028 806 δόξῃ
3061 734 3273 805 λέγειν,
3314 736 3348 807 ἢ
3384 736 3641 801 ἀκούειν,
3696 737 3773 800 ὠς

2180 821 2326 880 οὗτοι
2357 825 2604 896 ματαίως
2635 825 2916 898 φρονοῦσι.
2952 826 3142 880 Πάντα
3169 827 3227 880 δὲ
3255 829 3289 899 ἡ
3325 827 3445 881 θεία
3477 826 3668 899 Γραφὴ
3695 826 3774 879 δι-

2180 918 2404 972 δάσκει·
2464 918 2652 972 Ὅταν
2682 919 2856 987 εἴπῃ·
2889 918 3094 973 Πάντα
3145 918 3305 985 αὑτῷ
3351 920 3770 983 ὑποτέτακται,

2181 1009 2466 1078 δηλονότι
2490 1010 2666 1076 ἐκτὸς
2692 1010 2798 1064 τοῦ
2828 1011 3247 1078 ὑποτάξαντος
3268 1010 3428 1076 αὐτῷ
3451 1012 3524 1065 τὰ
3552 1012 3770 1065 πάντα.

2185 1105 2362 1158 Ὅταν
2385 1104 2453 1158 δὲ
2479 1101 2754 1174 ὑποταγῇ
2780 1102 2941 1169 αὐτῷ
2967 1103 3039 1158 τὰ
3061 1102 3277 1168 πάντα,
3301 1105 3434 1156 τότε
3463 1103 3559 1156 καὶ
3587 1102 3772 1170 αὐτὸς

2182 1201 2216 1254 ό
2268 1197 2400 1266 Υἱὸς
2451 1196 2901 1266 ὑποταγήσεται
2949 1193 3030 1261 τῷ
3073 1195 3442 1260 ὑποτάξαντι
3496 1192 3656 1260 αὐτῷ
3699 1194 3771 1248 τὰ

2182 1290 2413 1344 πάντα·
2456 1291 2605 1354 ὅπως
2629 1289 2693 1343 τὸ
2737 1288 2992 1360 ἀπαρχῆς
3028 1287 3132 1341 ὑπὸ
3165 1287 3258 1340 τοῦ
3291 1288 3523 1357 ἀγγέλου
3561 1305 3770 1360 σημαν-

2183 1383 2274 1436 θὲν
2304 1384 2398 1436 καὶ
2434 1380 2670 1436 ἐνταῦθα
2699 1380 2788 1435 διὰ
2828 1379 2923 1433 τοῦ
2958 1379 3306 1450 όμοιώματος
3341 1380 3437 1434 τοῦ
3475 1380 3638 1449 λόγου
3677 1397 3772 1432 συ-

2183 1473 2430 1546 ζευχθέν,
2471 1475 2572 1546 τὴν
2601 1474 2800 1546 φράσιν
2828 1475 3008 1527 πᾶσαν
3032 1472 3128 1544 τῆς
3155 1473 3439 1544 δυνάμεως
3470 1472 3564 1527 τοῦ
3593 1473 3769 1541 Λόγου

2183 1570 2454 1639 ἀποφάνοι
2492 1569 2801 1634 ἀκολούθως
2857 1586 2918 1622 τε
2970 1569 3065 1622 καὶ
3105 1567 3416 1639 τηλαυγῶς.
3482 1567 3569 1632 Ὡς
3616 1567 3770 1621 καὶὸ

2183 1663 2414 1732 ἄγγελος
2441 1663 2503 1716 τὸ
2531 1664 2715 1735 ὅμοιον
2755 1663 2942 1732 ἔλεγεν
2963 1701 2978 1726 ,
3020 1661 3226 1718 ἄνωθεν
3259 1661 3359 1732 μὲν
3391 1661 3643 1732 σημάνας
3678 1659 3769 1712 τὸν

2184 1754 2336 1820 Υίδν,
2355 1749 2476 1808 εἶτα
2507 1753 2648 1825 μετὰ
2681 1753 3002 1827 προσθήκης
3030 1754 3160 1826 περὶ
3198 1753 3296 1824 τῆς
3327 1751 3592 1824 ἐνσάρκου
3625 1767 3772 1822 παρ-

2185 1847 2376 1911 ουσίας
2403 1845 2502 1918 τὴν
2557 1847 2852 1902 συνένωσιν
2914 1847 3090 1918 δηλῶν
3114 1887 3130 1912 ,
3162 1846 3246 1900 ὅτι
3294 1844 3392 1899 Διὸ
3421 1844 3519 1898 καὶ
3545 1843 3612 1898 τὸ
3641 1861 3772 1915 τεν-

2183 1937 2454 2008 νώμενον
2475 1939 2543 1993 ἐκ
2568 1939 2686 1994 σοῦ
2722 1939 2885 2012 (μετὰ
2911 1939 3232 2011 προσθήκης
3256 1937 3374 2004 τοῦ,
3425 1935 3523 1992 καὶ
3550 1935 3768 2005 ἁγίου),

2185 2029 2561 2098 κληθήσεται
2624 2030 2758 2097 Υἱὸς
2813 2029 2983 2085 Θεοῦ.
3033 2029 3136 2083 Διά
3199 2046 3282 2082 τοι
3344 2025 3504 2080 τοῦτο
3563 2026 3659 2080 καὶ
3704 2025 3773 2078 τά

2184 2120 2433 2189 τοιαῦτα,
2465 2123 2656 2192 ἐπειδὴ
2693 2121 2774 2188 τὺ,
2816 2122 2914 2176 καὶ
2959 2121 3073 2189 διὸ,
3118 2122 3247 2188 καὶ,
3288 2120 3352 2174 τὸ
3399 2118 3773 2189 γεννώμενον

2186 2213 2557 2284 κληθήσεται
2595 2215 2728 2280 Υἱὸς
2754 2215 2937 2280 Θεοῦ,
2973 2213 3167 2269 τούτου
3202 2213 3366 2268 ἕνεκα
3391 2212 3554 2276 αὐτὸς
3586 2213 3616 2265 ό
3647 2210 3773 2274 Υἱὸς

2187 2309 2593 2378 ὑποταγήσεται
2625 2305 2704 2373 τῷ
2732 2306 3101 2372 ὑποτάξαντι
3143 2304 3305 2372 αὐτῷ
3331 2305 3402 2358 τὰ
3430 2300 3656 2368 πάντα,
3686 2303 3771 2358 ἵνα

2190 2397 2388 2469 μηκέτι
2426 2397 2486 2450 τὸ
2526 2397 2788 2470 σαρκικδν
2826 2397 3090 2470 σαρκικδν
3120 2396 3206 2468 εἴη
3235 2399 3300 2468 τῇ
3346 2395 3573 2466 δυνάμει
3597 2433 3613 2459 ,
3641 2393 3773 2447 ἀλλά

2189 2489 2568 2560 συνηνωμένον
2599 2492 2665 2562 τῇ
2701 2488 2934 2560 θεότητι,
2986 2488 3048 2542 τὸ
3108 2485 3369 2560 σαρκικὺν
3409 2489 3489 2550 εἰς
3533 2485 3663 2557 μίαν
3695 2485 3774 2538 Ev-

2186 2597 2323 2634 ωσιν
2377 2581 2780 2651 συνηνωμένον,
2809 2583 2906 2634 σὺν
2946 2580 3121 2653 Πατρὶ
3167 2578 3450 2651 βασιλεῦον
3501 2577 3596 2632 καὶ
3632 2577 3774 2649 ἁγίῳ

2189 2671 2488 2744 Πνεύματι,
2513 2668 2595 2728 Οὗ
2619 2669 2728 2741 τῆς
2749 2673 3076 2739 βασιλείας
3102 2673 3213 2726 οὐκ
3233 2671 3405 2726 ἔσται
3431 2671 3624 2736 τέλος.
3672 2667 3772 2722 Καὶ

2190 2765 2341 2830 ἐξότε
2377 2765 2477 2837 μὲν
2515 2765 2740 2836 ἀνέστη,
2786 2765 2962 2838 ἀρχὴν
3000 2765 3162 2819 λαϐὸν
3192 2764 3291 2831 τὸ,
3331 2765 3466 2820 Ἵνα
3496 2757 3537 2835 ᾗ
3564 2767 3598 2818 ὁ
3633 2761 3776 2830 Θεὸς

2187 2862 2262 2912 τὰ
2295 2857 2493 2912 πάντα
2535 2859 2604 2912 ἐν
2647 2857 2832 2913 πᾶσι·
2868 2859 3174 2929 συνήνωται
3211 2858 3322 2930 γὰρ
3363 2849 3497 2929 ὁμοῦ
3535 2857 3615 2918 εἰς
3645 2855 3775 2927 μίαν

2188 2950 2288 3022 τὴν
2309 2951 2474 3006 αὑτοῦ
2499 2950 2732 3021 θεότητα
2759 2949 3143 3022 πνευματικῶς
3173 2949 3234 3002 τὸ
3264 2947 3556 3021 σαρκικόν’
3587 2946 3776 3019 ἐπειδὴ

2189 3045 2338 3116 λέγει
2359 3058 2376 3074 ·
2417 3043 2600 3098 Τοῦτο
2652 3043 2874 3098 ποιεῖτε
2916 3045 3004 3108 εὶς
3052 3043 3167 3112 τὴν
3210 3041 3366 3112 ἐμὴν
3404 3040 3775 3110 ἀνάμνησιν,

2190 3134 2303 3201 ἕως
2320 3132 2432 3202 τῆς
2465 3133 2804 3202 παρουσίας
2835 3132 2942 3188 τοῦ
2972 3131 3106 3186 Υἱοῦ
3132 3130 3240 3185 τοῦ
3267 3131 3581 3198 ἀνθρώπου
3606 3142 3622 3158 ⁸
3656 3127 3776 3193 καὶ,

488 3231 683 3290 ,taliter
726 3230 799 3285 sit
835 3228 969 3284 illud
1000 3228 1225 3284 carnale
1258 3226 1641 3297 conjunctum.
1689 3224 1794 3280 Sed
1825 3224 1974 3296 quod
2016 3225 2088 3279 ita

2190 3227 2384 3293 Οὕτως
2403 3225 2630 3295 ὄψεσθε
2656 3223 2864 3288 αὑτὸν,
2897 3223 2970 3277 ὃν
2986 3225 3212 3292 τρόπον
3235 3222 3388 3275 laets
3411 3220 3601 3275 αὑτὸν
3629 3221 3776 3275 ἁνα-

498 3323 744 3392 loquitur
784 3339 798 3375 :
845 3319 962 3375 Hoc
1001 3320 1162 3390 facite
1203 3320 1261 3373 in
1301 3334 1474 3373 meam
1517 3317 2088 3380 commemorationem,

499 3412 666 3469 donec
697 3413 872 3468 veniat
903 3410 1078 3466 Filius
1102 3410 1332 3465 hominis
1360 3411 1402 3464 '.
1432 3408 1565 3464 Item
1601 3427 1615 3464 :
1650 3408 1739 3464 Sic
1767 3407 1922 3463 illum
1948 3407 2092 3462 cide-

501 3504 648 3563 bitis.
667 3502 1112 3575 quemadmodum
1135 3503 1343 3557 uidistis
1370 3501 1738 3556 ascendentem
1761 3502 1818 3555 in
1842 3501 2028 3555 caelum
2047 3500 2090 3568 ³;

499 3593 666 3666 803
696 3602 810 3648 tum
840 3593 1062 3649 demum
1094 3591 1355 3663 perfectis
1399 3591 1659 3648 omnibus
1685 3631 1703 3655 ,
1744 3605 1848 3646 nec
1884 3591 1994 3647 ulla
2033 3606 2096 3648 re

504 3685 908 3755 praetermissa,
941 3683 1010 3739 ad
1053 3685 1228 3756 ipsius
1274 3683 1622 3740 divinitatem
1669 3693 1985 3740 revocatum
2025 3683 2094 3740 iri

503 3778 689 3832 omnia
728 3776 1045 3832 eadem'illa
1088 3777 1253 3832 verba
1292 3776 1718 3834 demonstrant:
1751 3777 1822 3830 Ut
1853 3777 1925 3832 sit
1952 3775 2094 3832 Deus

503 3867 684 3921 omnia
712 3867 766 3920 in
797 3867 1040 3922 omnibus
1062 3907 1078 3934 ,
1130 3883 1201 3923 ne
1229 3882 1338 3938 qua
1374 3867 1448 3923 sit
1480 3867 1768 3924 divisionis
1809 3867 2093 3938 suspicio;

502 3975 628 4031 qua:
671 3961 823 4016 nulla
854 3967 976 4028 est,
1013 3968 1072 4014 ut
1096 3975 1206 4015 non
1241 3959 1470 4016 deorum
1510 3959 1806 4017 multitudo
1837 3961 2093 4034 ﬁngatur.

502 4053 643 4110 Nam
695 4071 805 4109 una
853 4065 938 4110 est
985 4068 1349 4125 personarum
1383 4054 1630 4109 omnium
1686 4068 1753 4108 ac
1798 4051 2097 4125 singularis

504 4145 703 4220 gloria.
742 4145 809 4200 Et
829 4161 960 4202 vero
992 4161 1102 4201 non
1127 4145 1286 4216 quasi
1313 4144 1661 4218 tyrannidem
1697 4145 1980 4216 usurparit
2005 4145 2100 4200 Fi-

504 4240 614 4296 lius
649 4238 801 4294 Patri
855 4238 1020 4294 modo
1072 4254 1183 4293 non
1231 4239 1562 4310 subjicitur,
1609 4254 1790 4310 neque
1834 4246 2096 4310 tanquam

503 4349 700 4390 servus
750 4347 817 4388 ac
853 4332 1074 4405 propria
1116 4338 1387 4403 potestate
1416 4347 1613 4388 carens
1653 4331 1829 4389 eidem
1872 4331 2100 4402 subjici-

507 4436 627 4493 tur,
655 4441 782 4482 cum
815 4425 887 4482 sit
919 4441 949 4479 a
999 4424 1162 4480 Patre
1196 4423 1447 4496 genitus,
1475 4423 1776 4495 eademque
1816 4437 1941 4478 cum
1977 4423 2099 4494 ipso

2191 3319 2671 3388 λαμϐανόμενον·
2712 3315 2833 3369 τότε
2891 3313 3077 3368 λοιπὸν
3114 3315 3332 3369 πάντων
3359 3311 3776 3377 τελειωθέντων,

2193 3411 2287 3464 καὶ
2313 3409 2539 3482 μηδενὸς
2563 3408 2669 3463 τῶν
2692 3408 2828 3481 πρὸς
2855 3406 3136 3479 πλήρωσιν
3155 3405 3601 3477 ὑπολειπομένων
3618 3403 3639 3436 ⁸
3665 3403 3778 3458 τῶν

2193 3502 2286 3555 ἐπὶ
2309 3501 2409 3572 τὴν
2440 3499 2609 3555 αὑτοῦ
2640 3499 2872 3570 θεότητα
2899 3497 3194 3570 ἀναφέρειν
3224 3498 3307 3563 τὸ,
3349 3499 3475 3552 Ἵνα
3568 3500 3601 3552 ὁ
3633 3496 3777 3566 Θεὸς

2193 3594 2266 3649 τὰ
2288 3592 2484 3647 πάντα
2520 3593 2591 3647 ἐν
2617 3591 2828 3658 πᾶσιν,
2858 3590 2976 3644 ἐστι
3004 3591 3424 3662 σημαινόμενον,
3458 3591 3547 3644 ἵνα
3585 3589 3662 3662 μὴ
3691 3588 3779 3659 εἴη

2193 3684 2495 3758 διαίρεσις·
2528 3685 2591 3738 οὑ
2626 3685 2735 3757 γάρ
2762 3685 2934 3748 ἐστιν,
2975 3684 3062 3737 ἵνα
3097 3684 3172 3756 μὴ
3220 3682 3448 3755 νομισθῇ
3498 3682 3777 3736 πολυθετα.

2195 3777 2312 3833 Μία
2353 3777 2464 3848 γάρ
2502 3778 2649 3831 ἐστιν
2679 3778 2713 3848 ἡ
2739 3775 3036 3845 δοξολογία.
3063 3774 3199 3829 Οὔτε
3227 3775 3336 3847 γὰρ
3361 3774 3457 3830 νῦν
3479 3774 3557 3838 ὼς
3585 3791 3778 3845 τυραν-

2197 3869 2306 3926 νῶν
2331 3871 2361 3924 ὁ
2395 3869 2522 3934 Υἱὸς
2548 3869 2646 3940 οὑχ
2686 3867 3056 3923 ὑποτέτακται
3084 3867 3164 3939 τῷ
3196 3868 3392 3940 Ila-cpt,
3429 3865 3553 3920 οὔτε
3585 3867 3778 3920 ὑποτέ-

2197 3979 2397 4018 τακται
2465 3960 2542 4025 ὡς
2616 3960 2837 4026 δοῦλος,
2899 3959 2994 4013 καὶ
3055 3959 3303 4023 ἐξουσίαν
3363 3958 3441 4029 μὴ
3494 3957 3668 4030 ἔχων,
3715 3957 3779 4010 ἐκ

2199 4055 2413 4128 Πατρὺς
2466 4053 2864 4126 γεγεννημένος
2911 4052 3015 4124 τῆς
3051 4052 3223 4123 αὐτῆς
3267 4050 3504 4120 φύσεως,
3555 4050 3654 4103 καὶ
3679 4049 3778 4120 τῆς

2199 4147 2372 4218 αὐτῆς
2427 4145 2680 4217 θεότητος
2707 4186 2723 4212 ,
2773 4144 2898 4202 οὗτε
2949 4145 3070 4198 τότε
3125 4143 3267 4198 κατά
3321 4143 3561 4213 ἔλλειψιν
3581 4181 3598 4206 ,
3655 4141 3779 4197 οὔτε

2198 4238 2342 4294 κατὰ
2368 4237 2656 4303 ὑπόὸασιν,
2688 4235 2814 4292 οὔτε
2861 4236 3008 4308 ,κατά
3032 4237 3302 4306 ἀνάγκην,
3329 4236 3365 4308 ἦ
3411 4234 3552 4290 κατά
3589 4233 3735 4298 λέξιν
3756 4233 3780 4264 ⁸

2200 4333 2564 4387 ὑποτάσσεται
2631 4328 2711 4401 τῷ
2770 4330 2944 4402 Πατρί
2965 4347 2978 4360 α
3048 4329 3162 4383 ἀλλ’
3229 4327 3303 4393 ὼς
3368 4328 3495 4392 Υἱὸς
3557 4327 3780 4398 γνήσιος

2202 4423 2496 4496 μονογενὴς
2519 4461 2536 4486 ,
2609 4423 2706 4476 σὺν
2774 4421 2949 4494 Πατρὶ
3021 4420 3319 4492 βασιλεύων
3383 4420 3471 4474 ἀεὶ
3514 4419 3596 4482 είς
3648 4417 3780 4490 μίαν

505 4527 707 4574 natura
741 4533 807 4574 ac
845 4518 1134 4573 divinitate
1162 4517 1448 4588 praeditus.
1480 4515 1669 4589 Neque
1708 4525 1840 4572 tunc
1868 4527 2089 4588 propter

2195 4515 2462 4587 ἑνότητα,
2530 4514 2627 4567 καὶ
2671 4515 2753 4577 εἰς
2815 4512 2874 4566 ἓν
2937 4513 3106 4584 γέρας
3167 4513 3336 4584 τιμῆς
3386 4513 3607 4580 ἀνάγων
3679 4509 3780 4580 τὴν

507 4611 680 4666 υΙΙιιω
710 4610 1008 4674 defectum,
1056 4615 1152 4662 aut
1193 4608 1343 4663 velut
1385 4607 1826 4663 imminutionem
1869 4606 2091 4678 capitis,

507 4714 574 4753 ac
607 4697 1010 4764 necessitatem,
1044 4697 1161 4752 sive
1182 4697 1476 4768 potestatis
1509 4697 1921 4769 abrogationem
1948 4697 2094 4752 Patri

507 4789 889 4860 subjiciendus
920 4798 1038 4857 est;
1069 4789 1166 4846 sed
1196 4790 1424 4861 perinde
1449 4805 1514 4847 ac
1545 4805 1844 4862 germanus
1881 4798 1938 4847 et
1971 4789 2098 4846 uni-

507 4898 608 4940 cus
637 4881 831 4948 Filius,
879 4885 973 4951 qui
1008 4897 1136 4938 cum
1164 4881 1330 4938 Patre
1369 4891 1636 4954 perpetuo
1667 4891 1892 4955 regnat,
1935 4890 1990 4939 et
2029 4883 2098 4939 ad

507 4990 674 5030 unam
702 4975 1139 5045 singularitatem
1159 5015 1175 5039 ,
1216 4982 1383 5046 atque
1409 4990 1580 5030 unum
1608 4975 1810 5041 decus,
1837 4982 1892 5031 et
1918 4974 2092 5029 hono-

505 5081 622 5121 rem
657 5073 874 5121 creatas
908 5081 995 5121 res
1025 5080 1219 5122 omnes
1241 5073 1487 5132 revocat,
1517 5075 1573 5122 et
1599 5065 1903 5122 Ecclesiam
1932 5082 2090 5123 suam

507 5156 744 5210 instituit
774 5199 789 5222 ,
833 5152 902 5208 Ut
940 5156 1009 5210 sit
1056 5154 1195 5210 Deus
1229 5157 1409 5211 omnia
1440 5157 1497 5210 in
1522 5157 1784 5212 omnibus.
1820 5156 2088 5226 Quoniam

507 5261 617 5301 una
645 5254 730 5303 est
763 5246 964 5314 Patris,
993 5255 1048 5304 et
1083 5246 1299 5315 Filii,et
1332 5248 1570 5318 Spiritus
1600 5249 1778 5305 sancti
1807 5247 2089 5315 divinitas,

508 5337 830 5395 dominatus
857 5357 1022 5407 unus,
1043 5341 1452 5412 singularisque
1471 5341 1674 5412 gloria;
1695 5356 1725 5396 a
1741 5341 1879 5398 Filio
1908 5358 2093 5413 porro,

511 5439 777 5502 tanquam
807 5433 876 5487 ab
903 5448 1167 5504 germano
1197 5430 1361 5498 Filio,
1395 5433 1566 5499 Patri,
1598 5443 1657 5488 nt
1684 5450 1783 5506 par
1809 5443 1894 5490 est
1922 5436 2098 5492 honor

518 5506 785 5578 tribuitur
815 5544 828 5579 :
865 5540 966 5580 nec
996 5540 1106 5580 non
1138 5535 1194 5581 et
1217 5540 1248 5579 a
1283 5524 1494 5596 Spiritu
1522 5533 1739 5590 sancto,
1779 5544 1904 5582 cum
1936 5543 1967 5583 a
1996 5526 2098 5581 Pa—

511 5621 593 5669 tre
651 5624 706 5670 et
735 5613 875 5672 Filio
906 5617 1132 5672 minime
1165 5616 1237 5674 sit
1283 5617 1520 5674 alienus.
1562 5615 1862 5686 Facessant
1912 5619 2100 5691 itaque

583 5812 606 5850 ¹
628 5812 764 5873 Luc.
795 5830 840 5886 ι,
869 5817 962 5875 35.
1038 5817 1225 5891 ειυς.
1258 5834 1396 5888 χιιι,
1424 5817 1490 5875 19
1513 5835 1530 5890 ;
1556 5814 1580 5871 ι
1605 5816 1733 5876 Cor.
1769 5833 1847 5889 XI,
1883 5816 1974 5874 24.

2089 5817 2258 5874 'Act.
2298 5815 2450 5885 1,“.

2198 4609 2382 4663 πᾶσαν
2411 4607 2610 4671 κτίσιν,
2641 4606 2737 4660 καὶ
2763 4606 3032 4661 διδάσκων
3067 4605 3231 4660 αὑτοῦ
3276 4606 3377 4677 τὴν
3427 4605 3780 4678 Ἐκκλησίαν,

2201 4702 2338 4757 Ἵνα
2363 4695 2403 4773 ᾖ
2443 4703 2476 4755 ὁ
2511 4700 2654 4766 Θεὸς
2687 4699 2762 4754 τὰ
2805 4698 3004 4754 πάντα
3047 4699 3119 4753 ἐν
3150 4697 3359 4754 πᾶσιν.
3421 4698 3642 4771 Ἐπειδὴ
3685 4698 3782 4769 μία

2199 4792 2348 4846 ἐστὶν
2375 4793 2409 4863 ἡ
2446 4790 2636 4861 θεότης
2655 4833 2671 4857 ,
2705 4790 2802 4863 μία
2834 4793 2868 4863 η
2903 4791 3190 4863 κυριότης,
3233 4790 3333 4863 μία
3355 4788 3632 4859 δοξολογία
3661 4791 3779 4845 Πα-

2193 4885 2346 4956 τρὸς,
2381 4882 2534 4949 Υἱοῦ,
2567 4884 2662 4938 καὶ
2689 4884 2847 4953 ἀγίου
2879 4884 3225 4956 Πνεύματος,
3259 4884 3582 4956 πρεπόντως
3611 4901 3781 4954 τιμω-

2202 4975 2364 5047 μένου
2401 4974 2496 5028 τοῦ
2525 4975 2737 5046 [ἰατρὸς
2767 4975 2873 5029 ὑπὸ
2903 4975 2996 5028 τοῦ
3041 4973 3195 5041 Υξοῦ,
3236 4974 3314 5039 ὡς
3359 4975 3585 5046 γνησίου
3625 4975 3780 5040 Υἰοῦ,

2197 5072 2294 5124 καὶ
2345 5070 2438 5125 τοῦ
2489 5070 2644 5138 ἀγίου
2677 5069 3028 5141 Πνεύματος,
3061 5068 3138 5133 ὡς
3175 5070 3274 5122 οὐκ
3316 5069 3599 5142 ἀλλοτρίου
3629 5069 3782 5132 δντος

2197 5162 2412 5235 Πατρδς
2461 5163 2557 5217 καὶ
2607 5161 2761 5217 Υίοῦ.
2808 5163 2921 5217 Καὶ
2967 5162 3443 5218 ἀποκλειέσθωσαν
3480 5163 3592 5216 τῶν
3638 5163 3783 5218 κατά

2195 5251 2292 5306 τοῦ
2327 5251 2458 5306 Υἱοῦ
2507 5251 2601 5306 τοῦ
2639 5251 2776 5307 Θεοῦ
2836 5253 2932 5307 καὶ
2967 5252 3062 5307 τοῦ
3097 5253 3254 5322 ἀγίου
3298 5253 3618 5326 Πνεύματος
3656 5254 3784 5326 βλα-

2195 5343 2559 5417 σφημούντων
2595 5345 2822 5399 αὐτοὶοὶ
2863 5345 3046 5415 λόγοι,
3078 5347 3174 5400 καὶ
3207 5345 3279 5400 τὰ
3308 5346 3653 5418 ἐπινοήματα
3682 5347 3785 5417 τῆς

2195 5437 2332 5510 πρὸς
2361 5438 2454 5493 τὸν
2478 5438 2607 5492 Υίδν
2638 5439 2732 5492 καὶ
2760 5439 2823 5492 τὸ
2855 5438 3012 5508 ἅγιον
3049 5437 3277 5510 Πνεῦμα
3303 5437 3523 5510 ἔχθρας.
3561 5437 3674 5492 Καὶ
3702 5437 3781 5492 ἐτι

2197 5528 2360 5582 πάλιν
2387 5528 2457 5581 τά
2490 5528 2676 5592 κακῶς
2696 5530 2797 5584 ’ὑπ’
2826 5529 3004 5584 αὐτῶν
3032 5529 3396 5601 ἐπινοούμενα
3425 5529 3776 5600 φωράσαντες

2196 5618 2593 5692 ἀνατρέψομενι

2542 5817 2564 5850 ι
2585 5808 2811 5878 Ilutiltts
2839 5819 3014 5877 locus.
3111 5820 3134 5853 ι
3156 5818 3219 5876 r.
3249 5803 3424 5887 λῆξιν.
