4138 6396
401 361 507 414 εει)

1042 355 1418 414 ADVERSUS
1461 354 1804 412 HERESES
1843 355 1970 413 LIB.
2011 357 2077 414 ll.
2119 353 2283 414 TOM.
2325 357 2392 414 II.
2431 389 2500 397 —
2536 354 2813 414 HERES.
2850 355 3036 413 LXIX.

3491 356 3660 417 .330

396 475 919 530 eontumeliosorum
977 475 1033 528 in
1090 474 1186 528 Dei
1241 474 1458 539 Filium,
1513 489 1576 528 ac
1636 475 1898 544 Spiritum
1963 483 2215 529 sanctum
2281 474 2460 544 impiae
2503 490 2688 539 voces,
2732 489 2795 529 ac
2845 475 3166 544 sacrilegae;
3229 479 3658 544 argumentaque

398 569 548 620 omni
585 568 639 621 in
671 566 894 622 eosdem
930 566 1230 623 hostilitate
1278 566 1498 622 referta.
1551 565 1662 622 Nos
1696 575 1877 621 autem
1912 575 2107 621 caetera
2151 567 2290 621 male
2344 567 2415 621 ab
2461 567 2568 648 illis
2607 566 2934 638 excogitata,
2967 574 3021 623 et
3061 567 3163 622 hoc
3220 567 3344 623 loco
3385 564 3660 638 patefacta

398 661 690 716 diluemus.

471 757 606 823 OG'.
638 755 807 809 Πάλιν
839 720 1058 826 λέγουσι
1079 756 1155 828 (5)
1191 756 1300 812 τῶν
1325 759 1388 810 ἐκ
1421 756 1515 810 τοῦ
1543 756 1873 826 Εὑαγγελίου
1897 757 1984 809 λέ-

2155 752 2390 808 ιΧΧνι.
2429 754 2566 808 Aliis
2598 753 2762 824 igitur
2789 767 2853 806 ex
2885 751 3178 823 Evangelia
3205 752 3435 822 prolatis
3468 762 3659 808 aucto-

398 848 511 914 ξεις
556 847 729 912 τινὰς,
770 850 866 902 καί
907 865 1098 919 φασιν·
1151 849 1250 902 Διὰ
1288 849 1340 902 τί
1371 852 1442 904 οὐ
1483 848 1732 904 δύναται
1791 848 1984 903 ποιεῖν

396 940 582 994 οὐδὲν
615 943 648 994 ό
669 940 798 1006 Υἱὸς
826 940 927 1009 ἀφ’
966 941 1204 1005 ἑαυτοῦ,
1235 941 1343 995 ἐὰν
1361 941 1447 1012 μὴ
1485 941 1584 1010 ιδῃ
1617 941 1722 996 τὸν
1753 939 1984 1008 Πατέρα

401 1030 727 1094 ποιοῦντα;
773 1030 885 1084 Καὶ
918 1030 978 1083 ού
1016 1031 1228 1086 νοοῦσιν
1269 1031 1525 1104 ἀπαρχῆς
1570 1031 1640 1084 τὰ
1689 1031 1978 1101 λεγόμενα,

399 1121 483 1174 ὃτι
504 1121 746 1189 καίτοιγε
765 1119 796 1171 ὁ
817 1120 1005 1191 Πατὴρ
1032 1120 1092 1173 οὐ
1138 1121 1402 1193 πρότερον
1430 1121 1674 1191 ἐποίησε,
1705 1121 1799 1174 καὶ
1824 1119 1983 1172 ὕστε-

404 1213 546 1284 ρονὸ
575 1211 702 1274 Υἱὸς
747 1209 1089 1280 ὲτεχνάσατο.
1138 1212 1294 1264 Ποῖον
1336 1211 1444 1283 γὰρ
1485 1211 1709 1281 οὐρανὸν
1758 1212 1980 1280 ἐποίησε

403 1301 524 1354 καθ’
554 1301 746 1370 ἑαυτὸν
777 1303 805 1354 ὁ
834 1301 1046 1371 Πατὴρ,
1082 1301 1168 1353 ἵνα
1187 1342 1202 1363 ,
1235 1299 1343 1354 ἀπὸ
1375 1299 1469 1352 τοῦ
1507 1303 1677 1353 τύπου
1708 1300 1802 1353 τοῦ
1833 1298 1982 1372 πρώ-

403 1411 498 1446 του
534 1393 764 1464 ούρανοῦ
794 1392 974 1446 λαϐὼν
1006 1392 1068 1446 τὸ
1095 1392 1345 1463 ὁμοίωμα
1373 1395 1402 1445 ὁ
1435 1392 1582 1458 Υἱὸς,
1616 1392 1786 1456 οὕτως
1815 1392 1980 1463 ἐργά-

403 1500 596 1554 σηταις
639 1481 779 1535 Ἀλλ’
805 1483 977 1547 οὐδεὶς
1002 1481 1160 1535 τοῦτο
1185 1481 1404 1535 δύναται
1428 1481 1594 1547 δεῖξαι
1619 1483 1727 1536 τῶν
1754 1483 1853 1553 τὴν
1880 1501 1981 1538 κα-

403 1576 529 1628 κίαν
563 1574 940 1628 ἐπινοούντων.
973 1575 1080 1629 Ἐν
1111 1573 1270 1643 ἀρχῇ
1315 1573 1424 1642 γὰρ
1450 1573 1738 1642 ἐποίησεν
1779 1577 1813 1628 ὁ
1837 1575 1983 1638 Θεὸς

402 1665 510 1718 τὸν
533 1665 793 1735 οὐρανὸν
823 1665 923 1718 καὶ
944 1664 1060 1733 τὴν
1081 1663 1217 1734 γῆν.
1264 1663 1400 1716 Ἀλλ’
1436 1663 1551 1734 ἅμα
1580 1665 1637 1717 ὲν
1666 1667 1806 1736 ἀρχῇ
1834 1667 1891 1717 ἐν
1914 1667 1980 1736 τῇ

402 1755 731 1827 κοσμοποιία
795 1755 1026 1824 φάσκει·
1086 1751 1435 1822 Ποιήσωμεν
1485 1752 1800 1822 ἄνθρωπον
1851 1753 1980 1807 κατ’

401 1847 610 1900 εἰκόνα
636 1846 931 1916 ἡμετέραν
960 1845 1057 1898 καὶ
1090 1845 1217 1896 καθ’
1243 1843 1546 1912 ὁμοίωσιν.
1574 1843 1684 1896 Καὶ
1711 1841 1811 1896 οὐκ
1839 1838 1980 1896 εἵπευ

400 1935 595 2006 Δεῦρο,
647 1937 858 2005 ποιήσω
901 1935 996 1988 καὶ
1039 1933 1302 1999 ὑποδείξω
1335 1934 1452 1996 πῶς
1484 1932 1711 2006 ἐργάσῃ.
1751 1934 1982 1986 Ἔπειτα

397 2027 481 2091 δὲ,
518 2026 620 2081 Kal
656 2026 946 2094 ἐποίησεν
984 2027 1017 2079 ό
1053 2024 1196 2088 Θεὸς
1227 2023 1334 2076 τὸν
1371 2023 1706 2092 ἄνθρωπον.
1743 2025 1852 2076 Καὶ
1879 2024 1980 2076 οὐκ

399 2115 576 2184 εἶπεν,
615 2092 892 2191 Ἐποίησε,
929 2115 1023 2171 καὶ
1047 2115 1214 2183 ἔδειξε
1256 2115 1334 2186 τῷ
1381 2114 1496 2186 Υίῷ
1549 2115 1666 2179 πῶς
1693 2116 1774 2169 δεῖ
1814 2117 1986 2168 ποιεῖν
2018 2092 2060 2151 Β

402 2213 496 2266 τὸν
539 2211 842 2284 ἄνθρωπον.
874 2209 1012 2263 Οὔτε
1051 2209 1160 2279 γὰρ
1207 2209 1263 2261 ὲν
1303 2206 1496 2279 ἀγνοίᾳ
1530 2201 1597 2278 ἦν
1639 2206 1669 2258 ὁ
1709 2206 1862 2271 Υἱὸς,
1897 2207 1986 2260 ἵνα

409 2303 552 2376 μετὰ
580 2303 641 2357 τὸ
679 2304 870 2374 μαθεῖν
895 2302 1110 2373 τέχνην,
1137 2301 1260 2353 τότε
1289 2299 1358 2353 τὰ
1383 2299 1441 2366 ἐξ
1468 2301 1634 2371 αὐτῆς
1661 2299 1981 2371 ἐργάσηται.

420 2397 560 2450 Ἀλλ’
591 2396 777 2468 ἐπειδὴ
804 2395 966 2449 πάλιν
998 2392 1165 2448 ἐλθὼν
1197 2393 1225 2444 ὁ
1256 2392 1459 2464 Κύριος
1491 2392 1648 2463 ἡμῶν
1677 2392 1775 2462 τὴν
1809 2393 1986 2464 σάρκα

404 2490 720 2555 ἐνεδύσατο,
756 2489 850 2542 καὶ
895 2488 1179 2560 ἄνθρωπος
1211 2488 1457 2557 ἐγένετο,
1488 2486 1581 2538 καὶ
1608 2486 1665 2539 ὲν
1703 2487 1834 2557 ἡμῖν
1864 2503 1986 2540 συν-

406 2582 756 2654 ανεστράφη,
788 2577 900 2652 εἶχε
925 2581 982 2634 δὲ
1023 2580 1159 2652 πρὸς
1198 2581 1323 2642 τοὺς
1360 2577 1646 2641 Ἰουδαίους
1684 2577 1777 2631 τὸν
1807 2577 1981 2646 λόγον,

403 2676 602 2739 οἵτινες
627 2672 877 2744 ἐνόμιζον
901 2674 1062 2726 αὐτὸν
1085 2673 1152 2726 τὰ
1171 2672 1264 2726 τοῦ
1295 2671 1507 2742 Πατρὸς
1529 2669 1835 2731 καταλύειν,
1863 2669 1985 2740 βου-

405 2768 633 2839 λόμενος
658 2769 952 2836 ἀναγαγεῖν
980 2767 1078 2837 τὴν
1120 2765 1356 2819 διάνοιαν
1382 2762 1474 2816 τοῦ
1505 2763 1581 2834 μὴ
1608 2761 1893 2835 προσέχειν
1916 2764 1980 2833 τῇ

403 2858 569 2913 αὑτοῦ
614 2857 1027 2930 ὲνανθρωπήσει
1068 2859 1247 2928 μόνον,
1285 2856 1496 2925 ἐλεγεψ
1532 2853 1724 2908 Οὐδὲν
1755 2853 1916 2907 ποιεῖ

405 2953 554 3019 Υἱὸς,
586 2952 694 3005 ἐὰν
723 2951 810 3022 μὴ
839 2951 937 3019 ἴδῃ
966 2949 1074 3004 τὸν
1100 2950 1333 3016 Πατέρα
1371 2946 1658 3001 ποιοῦντα
1680 2964 1693 2976 ·
1723 2947 1809 2999 ἵνα
1835 2946 1984 3018 δείξῃ

402 3045 466 3097 τὸ
500 3044 659 3116 ἔργον
699 3043 791 3096 τοῦ
832 3040 963 3095 Υἱοῦ
1004 3037 1141 3094 εἶναι
1173 3043 1332 3113 ἔργον
1359 3038 1714 3110 τοῦπατρὸς,
1760 3037 1850 3091 καὶ
1893 3038 1984 3090 τὸν

406 3136 627 3206 Πατέρα
653 3133 972 3188 εύδοκοῦντα
997 3135 1088 3185 ἐπὶ
1113 3136 1179 3204 τῇ
1201 3130 1366 3186 αὐτοῦ
1397 3129 1495 3199 τῆς
1522 3129 1700 3199 πάσης
1722 3127 1983 3200 ἐργασίας

402 3227 705 3298 οἰκονομίᾳ.
735 3225 892 3279 Οὕτω
921 3226 1015 3278 καὶ
1041 3226 1181 3278 κατὰ
1209 3222 1530 3278 ἀκολουθίαν
1575 3223 1669 3275 καὶ
1692 3220 1791 3284 τὰς
1818 3220 1984 3284 ἄλλας

405 3318 582 3382 λέξεις
622 3317 1078 3390 προσκόπτοντες,
1125 3316 1204 3378 ὡς
1257 3314 1452 3386 θῆρες,
1505 3315 1599 3366 καὶ
1637 3313 1983 3382 ἐλεγχόμενοι

404 3409 516 3462 ἀπὸ
557 3407 850 3480 προσώπου
895 3407 995 3477 τῆς
1027 3407 1120 3459 τοῦ
1161 3406 1318 3475 λόγου
1369 3405 1675 3478 ἀστραπῆς,
1707 3405 1806 3474 τῆς
1848 3403 1982 3475 ὰλη-
2011 3438 2053 3495 C

406 3500 560 3564 θείας
622 3499 1032 3570 διωχθήσονται.
1090 3500 1433 3566 Ἀστραψον
1482 3497 1838 3564 ἀστραπὴν,
1884 3495 1983 3548 καὶ

402 3592 709 3661 σκορπιεῒς
729 3592 968 3658 αὐτούς’
992 3591 1425 3656 ἐξαπόστειλον
1448 3589 1520 3643 τὰ
1539 3588 1701 3658 ,βέλη
1725 3603 1862 3652 σου,
1888 3586 1986 3642 καὶ

401 3684 803 3755 συνταράξεις
836 3685 1075 3749 αὐτούς.

476 3861 591 3914 οΖ’.
610 3859 939 3931 Πρόσκειται
955 3859 1068 3930 γὰρ
1090 3858 1265 3932 ταύτῃ
1286 3861 1350 3930 τῇ
1375 3857 1513 3922 λέξει
1531 3858 1596 3911 ἂν
1621 3857 1636 3888 ¹
1661 3857 1985 3927 ἀναλέγουσι

404 3953 530 4007 καθ’
569 3952 778 4024 εἱρμὸν,
818 3953 913 4005 καὶ
952 3949 1196 4020 λέγουσιν
1226 3951 1332 4003 ἀπὸ
1373 3951 1466 4002 τοῦ
1509 3948 1875 4018 Εὐαγγελίουο
1921 3950 1985 4003 '0

404 4042 517 4111 γὰρ
555 4041 759 4108 Πατὴρ
782 4041 942 4110 φιλεῖ
965 4039 1072 4092 τὸν
1119 4037 1276 4104 Υὶὸν,
1306 4038 1402 4091 καὶ
1438 4036 1634 4089 πάντα
1673 4035 1987 4090 δείκνυσιν

402 4133 598 4199 αὐτῷ,
623 4130 663 4186 d
699 4132 883 4199 αὐτὸς
920 4131 1095 4196 ποιεῖ,
1128 4131 1224 4184 καὶ
1262 4129 1502 4199 μείζονα
1534 4129 1761 4183 τούτων
1803 4128 1986 4193 δείξει

401 4224 568 4290 αὐτῷ
599 4224 764 4294 ἔργα,
797 4224 896 4277 ἵνα
931 4223 1096 4293 ὑμεῖς
1129 4219 1458 4290 θαυμάζητε
1484 4237 1498 4251 ⁸
1543 4219 1640 4273 καὶ
1688 4218 1878 4273 πάλιν·
1922 4219 1985 4271 '0

405 4316 610 4384 Πατὴρ
625 4317 835 4387 ἐγείρει
859 4315 1002 4381 τοὺς
1016 4314 1286 4384 νεκροὺς,
1311 4312 1408 4366 καί
1431 4311 1709 4373 ζωοποιεῖ.
1741 4312 1984 4382 Ὁμοίως

402 4408 506 4461 καὶ
533 4411 566 4461 ό
589 4407 721 4472 Υἱὸς
748 4405 857 4472 οὒς
882 4405 1043 4460 θέλει
1070 4403 1360 4466 ζωοποιεῖ·
1405 4404 1498 4456 καὶ
1527 4403 1687 4456 πάλιν
1707 4420 1721 4434 ο
1756 4402 1988 4456 Οὐδένα

402 4495 516 4568 γὰρ
563 4499 596 4549 ό
629 4494 833 4563 Πατὴρ
861 4495 1066 4562 κρίνει,
1088 4492 1252 4547 ἀλλὰ
1279 4479 1390 4558 τὴν
1426 4491 1627 4557 κρίσιν
1651 4487 1860 4542 πᾶσαν
1889 4486 1985 4540 δέ·

400 4589 558 4642 δωκε
585 4585 664 4652 τῷ
690 4585 822 4651 Υὶῷ,
850 4587 952 4639 ἵνα
978 4584 1198 4650 πάντες
1224 4583 1434 4652 τιμῶσι
1462 4583 1568 4636 τὸν
1603 4581 1763 4645 Υἱὸν,
1791 4578 1987 4646 καθὼς

402 4678 614 4748 τιμῶσι
641 4679 749 4731 τὸν
785 4676 1035 4744 Πατέρα.
1069 4677 1210 4747 Ὀρα
1248 4674 1306 4727 δέ,
1339 4691 1429 4745 μοι
1453 4673 1659 4735 λοιπὸν,
1692 4673 1895 4742 Ἀρειε,
1925 4671 1986 4724 τὸ

2084 847 2338 901 ritatibus
2389 845 2462 899 ita
2490 844 2812 914 disputant:
2851 842 2990 909 Quid
3025 851 3110 898 est
3153 843 3299 913 quod
3330 843 3465 897 nihil
3497 861 3530 897 a
3567 859 3656 898 se-

2083 939 2197 1006 ipso
2228 936 2401 1006 facere
2447 933 2623 988 Filius
2657 942 2846 1002 potest,
2881 934 2986 988 nisi
3019 931 3233 988 Patrem
3266 934 3546 1004 facientem
3579 935 3656 990 oi-

2080 1027 2218 1082 derit
2243 1026 2304 1079 ’ἲ
2339 1025 2447 1082 Sed
2477 1025 2628 1081 nullo
2657 1024 2817 1081 modo
2858 1024 3053 1078 horum
3101 1026 3392 1080 verborum
3432 1033 3655 1082 senten-

2085 1119 2216 1172 tiam
2246 1127 2646 1188 assequuntur;
2678 1131 2855 1186 neque
2883 1111 3070 1172 vident
3101 1116 3237 1170 nihil
3267 1132 3408 1182 esse,
3439 1116 3586 1188 quod
3624 1132 3658 1172 a

2082 1209 2243 1264 Patre
2278 1218 2437 1264 antea
2468 1208 2694 1274 factum,
2729 1217 2783 1263 et
2831 1223 2861 1262 a
2905 1207 3044 1264 Filio
3090 1208 3286 1265 deinde
3333 1208 3656 1264 fabricatum

2083 1302 2266 1358 fuerit.
2300 1301 2456 1368 Quod
2491 1301 2636 1356 enim
2665 1301 2861 1356 cmlum
2894 1301 3044 1356 solus
3087 1316 3181 1371 per
3206 1315 3326 1356 sese
3348 1299 3510 1355 Pater
3539 1317 3658 1356 mo-
3761 1371 3767 1380 Α

2084 1393 2212 1448 litus
2246 1399 2348 1457 est,
2379 1400 2440 1447 ut
2471 1391 2536 1446 ad
2563 1392 2764 1462 prioris
2793 1391 2958 1461 hujus
3001 1391 3282 1461 exemplar
3305 1391 3482 1446 simile
3528 1391 3657 1446 alte-

2082 1499 2203 1538 rum
2236 1483 2410 1539 Filius
2451 1484 2827 1554 expresserit?
2866 1483 3010 1537 Nihil
3049 1483 3317 1553 ejusmodi
3349 1485 3416 1538 ab
3449 1485 3515 1540 iis
3547 1485 3652 1537 im-

2080 1573 2298 1644 pietatis
2331 1572 2645 1628 architectis
2688 1572 3051 1627 demonstrari
3091 1581 3290 1642 potest.
3349 1573 3413 1627 In
3453 1572 3652 1641 princi.

2080 1667 2167 1735 pio
2225 1665 2362 1719 enim
2406 1664 2528 1733 fecit
2571 1661 2711 1718 Deus
2755 1664 2942 1718 caelum
2981 1674 3032 1718 et
3082 1665 3342 1719 terram’.
3388 1664 3500 1720 Imo
3539 1666 3654 1735 jam

2083 1765 2196 1812 tum
2226 1758 2346 1828 ipso
2380 1755 2683 1811 fabricandi
2716 1755 2904 1811 mundi
2938 1757 3208 1827 principio
3235 1757 3376 1812 dixit
3407 1775 3420 1810 :
3456 1757 3656 1812 Facia—

2083 1867 2199 1904 mus
2248 1849 2510 1904 hominem
2554 1847 2623 1901 ad
2664 1849 2945 1918 imaginem
2985 1857 3223 1902 nostram
3259 1857 3311 1902 et
3343 1849 3656 1904 similitudi-

2083 1959 2199 1998 nem
2224 1945 2268 1995 ⁸.
2293 1940 2412 1996 Νοη
2449 1941 2584 1995 dixit
2618 1957 2634 1996 :
2664 1940 2806 2010 Age,
2846 1938 3043 1994 faciam
3082 1939 3260 2009 prius,
3313 1948 3367 1995 et
3395 1943 3656 2011 quemad-

2086 2037 2310 2090 modum
2358 2033 2537 2088 moliri
2596 2032 2798 2088 debeas
2843 2034 3150 2088 ostendam.
3200 2033 3450 2088 Deinde:
3505 2032 3656 2088 Fecit

2086 2124 2228 2180 Deus
2275 2125 2535 2178 hominem
2563 2124 2604 2177 ⁸.
2634 2121 2753 2177 Non
2783 2121 2944 2187 dixit,
2979 2121 3130 2177 Fecit
3157 2129 3211 2175 et
3233 2125 3471 2178 ostendit
3494 2123 3652 2188 Filio,

2084 2218 2546 2289 quemadmodum
2605 2215 2958 2271 fabricandus
3007 2216 3170 2270 homo
3220 2217 3314 2272 sit.
3379 2218 3656 2288 Siquidem

2084 2311 2230 2366 nulla
2264 2311 2322 2366 in
2349 2309 2486 2364 Filio
2517 2310 2694 2364 inerat
2734 2309 3064 2379 ignorantia,
3093 2316 3150 2361 ut
3176 2316 3529 2378 posteaquam
3569 2324 3658 2363 ar-

2082 2405 2192 2455 tem
2226 2399 2646 2463 condidicisset,
2683 2414 2748 2453 ex
2778 2397 2926 2453 illius
2951 2397 3118 2470 θοή,
3145 2400 3464 2469 ριἰοεοτίριο
3501 2400 3657 2453 moli-

2085 2501 2254 2546 retur.
2286 2489 2490 2546 Verum
2514 2490 2607 2545 ubi
2652 2489 2723 2545 ad
2757 2505 2861 2545 nos
2887 2488 3146 2560 delapsus
3171 2489 3428 2564 Christus
3469 2489 3656 2546 Domi-

2083 2598 2189 2637 nus
2219 2583 2454 2637 humana
2483 2597 2650 2636 carne
2673 2581 2903 2636 vestitus
2937 2587 3042 2645 est,
3076 2593 3126 2634 et
3158 2580 3324 2636 homo
3361 2581 3540 2637 factus
3571 2588 3657 2638 est

2083 2687 2136 2733 et
2175 2676 2460 2732 nobiscum
2501 2685 2754 2730 versatus
2779 2716 2793 2740 ,
2845 2689 2969 2728 cum
3005 2672 3223 2730 Judaeos
3264 2675 3658 2745 alloqueretur,

2084 2766 2177 2837 qui
2213 2765 2280 2820 ab
2309 2766 2428 2835 ipso
2457 2779 2622 2834 opera
2669 2763 2846 2818 Patris
2883 2763 3055 2818 everti
3091 2764 3195 2818 sibi
3243 2773 3654 2834 persuaserant.

2083 2873 2195 2928 quo
2228 2872 2416 2913 eorum
2471 2856 2683 2909 animos
2719 2869 2750 2908 a
2797 2853 2968 2910 solius
2999 2854 3248 2909 humanae
3280 2869 3488 2910 naturae
3525 2871 3658 2912 con-

2084 2947 2439 3017 templatione
2468 2952 2751 3000 revocaret
2784 2961 2796 2994 :
2837 2941 3013 3006 Nihil,
3050 2945 3227 3014 inquit
3250 2985 3264 3008 .
3299 2943 3345 2996 F
3348 2947 3472 3000 ilius
3502 2946 3654 3015 facit,

2085 3041 2189 3093 nisi
2230 3039 2506 3108 facientem
2546 3036 2764 3091 Patrem
2805 3037 3026 3101 viderit;
3075 3045 3133 3092 ut
3176 3053 3315 3107 opus
3360 3039 3482 3094 Filii
3533 3057 3659 3097 esse

2083 3131 2259 3186 Patris
2285 3147 2424 3201 Opus
2456 3129 2801 3195 ostenderet,
2833 3128 3123 3199 eidemque
3169 3129 3316 3184 Patri
3347 3147 3502 3186 suam
3535 3148 3657 3188 om-

2084 3237 2209 3276 nem
2252 3220 2784 3276 administrationem
2810 3233 2872 3273 ac
2904 3218 3242 3274 iunctionem
3278 3220 3514 3290 placere.
3564 3225 3655 3280 Sic

2085 3315 2255 3384 igitur
2282 3313 2540 3382 deinceps
2588 3310 2835 3366 infelices
2877 3310 2966 3364 lell
2993 3351 3009 3376 ,
3059 3311 3150 3380 qui
3190 3311 3324 3367 alias
3360 3312 3658 3384 Scriptura:

2087 3401 2408 3463 sententias,
2450 3408 2709 3470 tanquam
2755 3401 3020 3454 immanes
3075 3399 3222 3464 ferae,
3254 3403 3556 3459 concidunt
3593 3421 3658 3462 ac

2087 3495 2363 3556 lacerant,
2400 3493 2658 3554 convicti,
2693 3491 2866 3545 divini
2920 3491 3072 3546 verbi
3109 3507 3174 3546 ac
3203 3493 3445 3550 veritatis
3479 3497 3661 3567 splen-

2085 3587 2304 3650 dorem,
2339 3586 2485 3641 velut
2519 3585 2731 3655 fulgure
2756 3583 2994 3655 quodam
3027 3587 3387 3647 consternati,
3427 3586 3654 3656 fugient.

2091 3675 2350 3749 Fulgura,
2399 3677 2595 3748 inquit,
2644 3678 3098 3739 coruscationem,
3133 3685 3183 3730 et
3216 3676 3499 3745 dissipabis
3544 3695 3656 3733 eos.

2087 3769 2283 3824 Emitte
2313 3771 2539 3841 sagittas
2572 3779 2711 3829 tuas.
2737 3779 2784 3823 ct
2816 3768 3155 3823 conturbabis
3186 3786 3272 3822 eos
3298 3770 3338 3824 ⁸.

2159 3858 2414 3914 LXXVII.
2457 3859 2670 3916 Etenim
2725 3861 2800 3914 illi
2835 3860 3134 3930 Scriptura;
3180 3860 3333 3925 loco,
3386 3877 3548 3930 quem
3593 3877 3658 3916 ex

2089 3950 2381 4024 Evangelio
2409 3952 2735 4022 proferunt,
2784 3953 2970 4007 statim
3022 3952 3153 4006 illud
3188 3951 3380 4007 ordine
3415 3953 3662 4008 subtexi.

2089 4052 2178 4099 tur
2207 4063 2220 4098 :
2262 4044 2420 4097 Pater
2441 4045 2576 4097 enim
2616 4043 2792 4115 diligit
2824 4042 3025 4098 Filium
3051 4054 3103 4099 et
3127 4045 3304 4098 omnia
3334 4044 3662 4102 demonstret

2086 4137 2155 4197 ei.
2185 4153 2300 4206 qua:
2331 4137 2438 4204 ipse
2467 4135 2618 4204 facit,
2651 4145 2702 4190 et
2733 4137 2797 4190 iis
2825 4137 3032 4205 majora
3059 4153 3215 4207 opera
3243 4139 3656 4201 demonstrabit,

2089 4237 2145 4280 ut
2177 4242 2264 4280 vos
2305 4226 2624 4279 miremini'.
2672 4227 2803 4280 Item
2832 4243 2844 4278 :
2890 4227 3054 4282 Pater
3100 4231 3324 4283 suscitat
3350 4239 3585 4284 mortuos
3608 4238 3660 4285 et

2088 4317 2350 4378 viviﬁcat;
2399 4317 2648 4370 similiter
2700 4326 2749 4371 et
2809 4315 2985 4373 Filius
3036 4337 3164 4391 quos
3195 4321 3304 4376 vult
3364 4323 3594 4391 viviﬁcat
3615 4323 3656 4378 ⁸.

2089 4407 2220 4462 Item
2259 4426 2271 4463 :
2315 4405 2476 4461 Pater
2520 4409 2776 4461 neminem
2821 4410 3053 4478 judicat,
3085 4411 3174 4465 sed
3210 4428 3359 4466 omne
3401 4412 3661 4474 iudicium

2086 4495 2230 4552 dedit
2265 4495 2425 4563 Filio,
2468 4507 2525 4550 ut
2562 4515 2737 4552 omnes
2771 4498 3026 4554 honorent
3074 4497 3302 4570 Filium,
3329 4505 3464 4557 sicut
3493 4504 3664 4560 hono-

2088 4597 2210 4641 rant
2242 4587 2453 4642 Patrem
2471 4589 2512 4642 ’.
2546 4589 2927 4646 Animadverte
2957 4609 3124 4659 nunc,
3158 4597 3273 4658 Ari,
3306 4595 3452 4652 hunc
3477 4597 3658 4667 ipsum

2092 4681 2352 4735 instituta:
2396 4688 2590 4735 contra
2633 4691 2685 4737 te
2715 4698 2746 4736 a
2786 4684 2946 4740 nobis
2986 4687 3385 4758 disputationis
3430 4690 3658 4745 exitum.

404 4769 584 4840 πέρας
621 4768 721 4840 τῆς
760 4768 896 4838 πρὸς
929 4767 989 4819 σὲ
1028 4766 1308 4836 διαλογῆς,
1342 4763 1445 4818 ποῦ
1472 4761 1797 4818 ἀπετέλεσεν
1829 4765 1858 4816 ὁ
1899 4761 1987 4814 λύ-

2087 4769 2206 4824 Νοη
2255 4769 2394 4824 dixit
2441 4785 2472 4824 a
2518 4771 2845 4842 quihusdam
2901 4774 3162 4830 honorari
3191 4777 3410 4844 debere,
3441 4779 3510 4834 ab
3536 4778 3662 4836 aliis

401 4874 521 4927 τος.
555 4859 667 4912 Οὐκ
695 4854 816 4911 εἷπε
848 4857 1000 4920 τινας
1029 4858 1136 4920 ναὶ,
1161 4857 1256 4910 καὶ
1278 4856 1428 4920 τινὰς
1449 4853 1510 4907 οὔ
1534 4871 1549 4884 ·
1577 4854 1689 4908 ἀλλ’
1709 4855 1811 4908 ἶνα
1832 4852 1983 4908 πάν-

2084 4875 2194 4916 non
2221 4859 2453 4915 debere:
2487 4861 2582 4917 sed
2604 4870 2661 4915 ut
2691 4879 2891 4928 omnes,
2919 4865 3116 4936 inquit,
3147 4867 3400 4923 honorent
3433 4867 3481 4922 F
3484 4870 3660 4934 ilium,

403 4967 507 5014 τες
543 4947 754 5018 τιμῶσι
784 4951 892 5001 τὸν
925 4948 1058 5001 Flor
1087 4947 1168 5014 ὡς
1201 4946 1412 5016 τιμῶσι
1457 4945 1563 4999 τὸν
1596 4945 1845 5014 Πατέρα.
1891 4944 1982 5016 Μὴ

2084 4953 2219 5007 sicut
2266 4953 2529 5008 honorant
2564 4953 2780 5010 Patrem
2811 4957 2876 5012 ιθ.
2926 4956 3072 5015 Cave
3126 4961 3292 5031 igitur
3338 4961 3665 5019 dehonestes

403 5042 642 5113 ἀτίμαζε
669 5042 852 5095 τοίνυν
881 5040 974 5094 τὸν
1011 5039 1140 5094 Υίὸν
1159 5080 1174 5104 ,
1209 5040 1298 5094 ἵνα
1329 5039 1404 5110 μὴ
1441 5039 1715 5110 ἀτιμάσῃς
1745 5039 1836 5091 τὸν
1875 5039 1987 5091 Πα-

2091 5041 2308 5109 Filium,
2337 5060 2402 5098 ne
2434 5044 2762 5102 dehonestes
2786 5056 2841 5103 et
2871 5048 3107 5106 Patrem.
3156 5052 3290 5106 Nam
3341 5055 3387 5109 si
3436 5055 3568 5124 quid
3608 5055 3666 5110 in

401 5135 570 5205 τέρα·
603 5135 653 5187 εί
680 5133 787 5204 γάρ
818 5149 874 5185 τι
914 5134 993 5195 είς
1029 5131 1120 5185 τὸν
1155 5131 1284 5184 Υίὸν
1321 5129 1511 5201 λογίζῃ
1539 5129 1878 5200 ύποϐεὸηκὸς
1901 5168 1916 5191 ,
1950 5129 1984 5200 ἢ

2088 5132 2232 5189 Filio
2279 5137 2579 5206 suspiceris
2610 5138 2858 5206 inferius,
2894 5151 2988 5195 aut
3013 5142 3282 5198 defectum
3316 5146 3564 5214 reperiri,
3608 5146 3665 5201 in

403 5224 697 5294 ἐλάττωμα
733 5221 1091 5287 διανοεῖσθαι,
1131 5221 1328 5275 οὐκοῦν
1375 5223 1470 5274 καὶ
1511 5223 1604 5274 ἐπὶ
1639 5219 1729 5274 τὸν
1763 5220 1983 5293 Πατέρα

2088 5224 2270 5280 Patris
2319 5228 2673 5297 ignominiam
2723 5242 2815 5286 tua
2863 5233 2956 5287 illa
3001 5236 3264 5304 c0gitatio
3311 5237 3662 5293 redundabit.

403 5316 688 5369 ἀναῦαίνει
715 5331 810 5367 σου
839 5317 872 5384 ή
911 5314 1142 5368 διάνοια.
1185 5314 1298 5384 Τῆς
1341 5312 1450 5383 γὰρ
1475 5312 1646 5384 αὐτῆς
1673 5328 1754 5365 σοι
1780 5311 1984 5384 τολμη-

2090 5315 2188 5371 Est
2208 5317 2354 5371 enim
2381 5319 2626 5389 ejusdem
2663 5323 2718 5376 in
2741 5332 2792 5377 te
2822 5325 3170 5390 temeritatis,
3193 5333 3246 5381 et
3279 5328 3522 5382 audacia:
3546 5331 3664 5384 sive

402 5407 528 5478 ρίας
554 5408 672 5461 ἐστὶ
710 5407 774 5459 τὸ
812 5407 892 5469 εἰς
923 5405 1015 5459 τὸν
1044 5405 1174 5461 Υίὸν
1200 5403 1559 5470 διανοεῖσθαι,
1585 5403 1683 5458 καὶ
1713 5403 1788 5476 μὴ
1820 5405 1986 5476 τιμᾷν

2091 5405 2364 5476 ejusmodi
2402 5410 2609 5481 aliquid
2635 5413 2900 5470 adversus
2934 5414 3130 5471 Filium
3179 5419 3522 5488 conceperis,
3549 5419 3666 5474 sive

478 5566 592 5641 ff.
621 5567 692 5641 ἣν
720 5565 892 5641 diva).
917 5636 928 5641 _
954 5567 976 5641 ξ
1007 5563 1168 5641 {qam
1191 5565 1397 5641 puli).
1424 5565 1496 5641 Α]
1517 5564 1652 5620 Gen.
1710 5580 1749 5632 I,
1787 5565 1840 5619 1.
1919 5564 1984 5620 ‘i

2086 5608 2102 5625 .
2127 5565 2217 5623 26.
2294 5569 2316 5602 ⁸
2343 5569 2476 5628 ibid.
2499 5571 2589 5629 27.
2667 5575 2688 5606 ⁸
2718 5572 2860 5632 Psal.
2901 5592 3089 5641 cuin,
3122 5576 3175 5634 6.
3255 5579 3275 5610 "
3303 5577 3461 5633 Joan.
3491 5595 3543 5640 v,
3571 5578 3662 5635 20.

393 5635 423 5670 ⁸
456 5637 592 5693 ibid.
634 5634 726 5692 2i.
804 5637 826 5667 ’
858 5636 991 5691 ibid.
1017 5636 1109 5691 22.
1189 5636 1232 5666 ¹⁰
1257 5635 1390 5691 ibid.
1421 5634 1512 5691 25.
3077 5634 3087 5641 ’
3465 5647 3470 5652 ·

371 5819 374 5822 θ
472 5793 556 5867 (5)
580 5792 777 5850 Πάλιν
803 5791 1074 5862 λέγουσι.
1107 5790 1244 5848 Vide
1277 5789 1450 5847 llilar.
1491 5791 1586 5848 lib.
1619 5807 1691 5847 vn
1721 5789 1800 5847 De
1833 5788 1984 5847 Trini

725 5887 999 5950 Ρηιιοι..
1035 5887 1152 5950 Gn.
1186 5887 1378 5949 XLII.

3277 5893 3347 5958 ii
