4138 6396
503 376 600 433 551

1900 374 1957 427 S.
2005 370 2344 428 EPIPHANII

3647 361 3756 418 33?.

503 512 615 553 non
660 494 895 550 honores
940 494 1148 564 ipsum,
1184 504 1241 548 ut
1287 494 1515 547 honores
1552 492 1786 545 Patrem.
1839 490 1973 545 Nam
2017 500 2107 550 ιιι,

2211 490 2361 553 ηὺτὺν,
2394 487 2658 555 καθάπερ
2696 482 2871 556 τιμᾷς
2898 484 3005 538 τὸν
3045 484 3299 552 Πατέρα.
3350 482 3471 537 Ἵνα
3516 480 3623 551 γὰρ
3673 481 3763 534 καὶ

505 587 610 658 ipsi
658 588 750 642 det
783 586 987 656 aliquid
1024 585 1205 650 Pater,
1240 588 1327 641 dic
1353 628 1367 651 ,
1420 586 1614 640 amabo
1668 592 1754 645 te,
1795 584 2079 639 hominum

2215 579 2259 649 ῷ
2290 579 2438 649 αὐτῷ
2478 579 2507 631 ό
2551 578 2763 647 Πατὴρ,
2793 575 2919 643 λέγε
2950 590 3076 645 μοι,
3112 567 3157 628 ὧ
3188 571 3421 642 γεννάδα
3440 610 3455 634 ,
3484 570 3537 622 τί
3584 568 3765 637 λέγει;

504 677 999 740 conﬁdentissime,
1049 675 1180 746 quid
1220 675 1392 731 dicit?
1445 674 1511 730 Ut
1543 692 1693 747 quem
1737 676 1843 730 vult
1878 672 2081 747 Filius,

506 770 753 838 oiviﬁcet.
787 766 904 822 Non
935 767 1073 823 dixit
1100 784 1261 838 quem
1289 768 1516 837 jubetur
1546 787 1557 822 :
1587 768 1701 823 haec
1721 769 1865 821 enim
1899 768 2085 822 omnia

514 876 544 913 a
585 859 742 913 νει-ε
776 857 946 913 Filius
973 860 1221 930 accipere
1248 858 1455 925 debuit,
1487 859 1581 914 sed
1611 876 1718 915 non
1751 867 1809 912 ut
1842 860 1962 929 ipso
1992 874 2082 914 es-

509 958 593 1005 set
626 949 873 1005 inferior.
893 949 1050 1016 Quod
1079 949 1298 1020 quidem
1334 949 1551 1006 duobus
1583 950 1760 1006 modis
1785 949 2088 1021 intelligere

509 1054 806 1109 possumus
833 1057 845 1092 :
888 1038 1149 1110 primum,
1180 1048 1241 1093 ut
1272 1048 1506 1094 mentem
1542 1049 1789 1094 nostram
1820 1040 1889 1095 ad
1922 1053 2086 1093 unam

510 1139 563 1186 et
603 1131 933 1203 singularem
971 1129 1175 1195 Patris,
1216 1128 1339 1185 Filii
1384 1137 1440 1186 et
1495 1127 1732 1201 Spiritus
1777 1130 1951 1186 sancti
2007 1130 2091 1184 di-

517 1223 794 1278 vinitatem
825 1223 1099 1287 eveheret,
1127 1238 1264 1279 neve
1290 1223 1357 1278 ad
1387 1223 1633 1294 quaedam
1659 1222 1907 1280 deorum.
1944 1222 2091 1277 velut

518 1318 751 1373 divortia
793 1316 1096 1379 hominum,
1131 1316 1491 1387 cogitationes
1529 1314 1740 1370 demitti
1776 1322 2089 1385 pateretur;

524 1405 617 1460 sed
650 1404 719 1459 ad
748 1420 916 1458 unum
949 1413 1002 1459 et
1028 1403 1192 1475 805
1218 1405 1495 1476 singulare
1515 1404 1769 1475 quiddam
1793 1405 2091 1471 attolleret;

521 1497 785 1558 secundo,
818 1503 879 1549 ut
919 1494 986 1549 ad
1029 1504 1364 1567 assumptum
1401 1496 1640 1552 hominis
1665 1503 1942 1559 naturam,
1974 1512 2095 1566 qua:

519 1587 703 1657 gloriae
730 1586 1164 1643 vicissitudinem
1233 1588 1705 1658 mutationemque
1744 1594 1984 1657 caperet,
2013 1596 2094 1639 at-

518 1694 626 1748 que
648 1676 717 1731 ad
751 1677 1052 1733 divinitatis
1082 1693 1194 1733 sua:
1221 1678 1659 1748 conjunctionem
1696 1678 2096 1749 intelligendam

520 1768 865 1839 perduceret.
898 1766 1035 1823 Cum
1067 1768 1213 1823 enim
1255 1768 1319 1823 ad
1362 1768 1661 1839 discipulos
1695 1783 1847 1831 suos.
1881 1768 2098 1838 pollici-

2188 673 2313 726 Ἵνα
2337 671 2409 724 ὃν
2442 670 2587 737 θέλῃ
2621 673 2651 722 ό
2680 668 2811 732 Υἱὸς
2841 665 3203 736 ζωογονήσῃ.
3239 664 3353 717 Οὐκ
3392 661 3563 724 εἶπεν,
3599 661 3657 714 ὃν
3685 678 3771 713 κε-

2184 762 2400 816 λεύεται
2420 779 2433 792 ·
2467 761 2573 814 ἔδει
2609 759 2667 813 δὲ
2697 757 2884 827 ταῦτα,
2901 757 2993 809 τὸν
3024 755 3152 808 Υίὸν
3182 753 3438 819 δέξασθαι
3473 751 3626 822 παρὰ
3658 751 3770 803 Πα-

2186 855 2335 927 τρὺς,
2380 853 2494 908 ἀλλ’
2543 854 2644 905 οὐκ
2688 850 2948 904 ἐλάττονα
2987 843 3125 901 εἶναι
3172 845 3326 917 παρὰ
3378 843 3472 898 τὸν
3510 842 3767 913 Πατέρα,

2192 946 2425 1017 μάλιστα
2455 942 2595 998 κατὰ
2627 940 2720 995 δύο
2757 940 2992 1012 τρόπους
3012 957 3026 970 ·
3058 940 3273 1010 πρῶτον
3305 936 3403 1007 μὲν
3424 976 3438 999 ,
3468 935 3558 988 διὰ
3582 935 3645 986 τὸ
3684 934 3773 986 ἀν·-

2188 1040 2416 1107 αγαγεῖν
2441 1035 2597 1107 ἡμῶν
2628 1036 2727 1105 τὴν
2756 1034 2991 1087 διάνοιαν
3019 1033 3097 1095 είς
3124 1032 3251 1102 μίαν
3282 1029 3473 1082 ἕνωσιν
3495 1026 3767 1095 θεότητος,

2190 1130 2425 1202 Πατρός,
2457 1129 2550 1181 καὶ
2577 1126 2727 1181 Υίοῦ.
2770 1126 2862 1180 καὶ
2894 1127 3048 1194 ἁγίου
3086 1123 3424 1194 Πνεύματος,
3466 1121 3562 1174 καὶ
3593 1119 3667 1191 μὴ
3692 1119 3769 1181 είς

2196 1222 2519 1295 μερισμοὺς,
2555 1222 2650 1274 καὶ
2695 1218 2987 1272 πολυθεῒαν
3026 1218 3359 1284 καταγαγεῖν
3401 1214 3492 1267 τὸν
3530 1212 3641 1266 τῶν
3679 1212 3773 1264 ἁν-

2193 1314 2426 1386 θρώπων
2457 1312 2736 1382 λογισμὸν,
2768 1309 2905 1363 ἀλλὰ
2932 1309 3227 1379 ἀναφέρειν
3261 1308 3341 1370 εἰς
3366 1305 3493 1377 μίαν
3521 1304 3770 1370 ἐνότητα·

2192 1405 2443 1477 δεύτερον
2466 1406 2543 1468 δέ,
2570 1406 2663 1457 καὶ
2695 1406 2773 1466 εἰς
2802 1403 2899 1473 τὴν
2924 1404 3021 1473 τῆς
3048 1402 3311 1472 ἐνσάρκου
3342 1398 3645 1471 παρουσίας
3678 1414 3774 1466 με-

2191 1497 2421 1567 ταϐολὴν
2457 1496 2636 1565 δόξης,
2678 1492 3109 1549 κα“ι’συνένωσιν
3146 1493 3248 1561 τῆς
3279 1490 3446 1543 αὐτοῦ
3495 1489 3769 1559 θεότητος.

2209 1589 2426 1660 Ἐπειδὴ
2451 1588 2560 1660 γὰρ
2589 1584 2721 1658 ἦλθε
2752 1588 2880 1650 τοὺς
2906 1585 3153 1656 μαθητὰς
3195 1585 3359 1639 αὐτοῦ
3393 1584 3657 1652 εὐφρᾶναι
3688 1581 3777 1634 διὰ

2197 1679 2297 1748 τῆς
2321 1679 2668 1749 ὑποσχέσεως
2705 1675 2772 1750 ἦς
2821 1675 2973 1731 εἶπεν
2993 1718 3007 1742 ,
3035 1678 3119 1731 ὅτι
3160 1677 3295 1732 Εἰσί
3333 1675 3455 1730 τῶν
3481 1675 3774 1735 ἑστώτων,

2199 1767 2416 1831 οἵτινες
2453 1770 2524 1822 οὺ
2552 1767 2639 1836 μὴ
2673 1769 3002 1836 γεύσωνται
3030 1767 3289 1822 θανάτου
3310 1806 3324 1827 ,
3355 1766 3463 1831 ἕως
3493 1764 3570 1820 ἂν
3601 1763 3775 1817 ἴδωσι

522 1858 746 1915 tationis
812 1859 1121 1930 hujusmodi
1186 1875 1282 1930 spe
1345 1860 1752 1921 exhilarandos.
1823 1860 2093 1924 venisset,

2211 1857 2303 1911 τὸν
2331 1857 2468 1910 Υὶὺν
2488 1858 2593 1912 τοῦ
2619 1859 2933 1926 ἀνθρώπου
2957 1859 3286 1927 ἐρχόμενον
3304 1857 3374 1910 ἐν
3398 1856 3471 1924 τῇ
3496 1855 3644 1923 δόξῃ
3671 1857 3778 1908 αὺ-

522 1967 686 2021 qnam
731 1951 1086 2007 ostenderat:
1119 1950 1254 2006 Sunt
1304 1950 1368 2005 de
1417 1953 1501 2006 hic
1534 1953 1818 2016 stantibus,
1852 1953 1943 2022 qui
1994 1968 2097 2006 non

530 2040 819 2112 gustabunt
860 2053 1101 2104 mortem,
1144 2040 1307 2099 donec
1356 2042 1582 2096 viderint
1628 2039 1832 2096 Filium
1874 2042 2098 2099 hominis

525 2128 808 2181 venientem
849 2128 902 2181 in
946 2130 1117 2197 gloria
1154 2131 1308 2184 sua‘.
1347 2127 1551 2185 Deinde
1581 2138 1773 2185 octava
1806 2131 1914 2196 die,
1951 2141 2011 2186 ut
2043 2132 2099 2187 in

529 2216 820 2287 Evangelio
849 2218 1116 2286 scriptum
1152 2221 1298 2282 est’,
1335 2219 1421 2274 vel
1459 2220 1540 2285 (ut
1568 2219 1715 2274 aliud
1751 2219 2099 2292 Evangelium

528 2308 748 2377 narrat)
779 2318 899 2378 post
933 2326 1024 2364 sex
1056 2310 1211 2365 dies’
1250 2327 1264 2361 :
1316 2325 1425 2365 non
1458 2310 1602 2381 quod
1650 2312 1923 2384 Evangelii
1963 2315 2101 2370 scri-

530 2406 713 2469 ptores
747 2398 1057 2454 hallucinati
1090 2401 1235 2467 sint,
1288 2400 1383 2457 sed
1405 2444 1420 2467 ,
1457 2404 1600 2473 quod
1645 2404 1769 2458 licet
1801 2404 1990 2461 eadem
2031 2408 2102 2462 sit

529 2490 773 2543 omnium
807 2491 1106 2551 certitudo.
1158 2493 1346 2548 eadem
1380 2500 1563 2549 tamen
1592 2498 1887 2552 munienda
1921 2499 2103 2554 videa-

533 2591 643 2648 tur,
686 2597 755 2636 ne
789 2581 1101 2638 hominibus
1132 2582 1201 2638 ad
1233 2599 1319 2648 ea,
1347 2601 1467 2655 qua:
1507 2587 1776 2657 praecipua
1824 2604 1887 2643 ac
1918 2606 2105 2647 neces-

536 2672 682 2727 saria
740 2680 886 2738 sunt,
942 2673 1245 2729 ochndendi
1302 2677 1412 2730 ulla
1473 2678 1777 2747 prazbeatur
1828 2682 2099 2736 occasio:

532 2762 975 2833 quandoquidem
1018 2780 1185 2835 prona
1234 2778 1319 2821 est
1365 2768 1666 2837 impensius
1698 2770 1752 2824 in
1795 2771 1999 2826 malum
2039 2773 2106 2826 ab

534 2856 899 2911 adolescentia
926 2857 1165 2913 hominis
1208 2859 1463 2931 cogitatio
1496 2861 1536 2911 ⁸.
1565 2860 1861 2932 Propterea
1912 2872 2105 2919 octava

534 2946 622 3001 die
675 2948 898 3018 scripsit
944 2949 1398 3020 evangelistarum
1461 2954 1617 3019 alter,
1665 2953 1847 3023 quod,
1904 2971 2028 3009 cum
2076 2972 2105 3010 a

2200 1949 2333 2003 τοῦ·
2363 1951 2457 2003 καὶ
2498 1952 2565 2021 τῇ
2609 1950 2768 2022 ὀγδόῃ
2799 1952 3003 2023 ἡμέρᾳ,
3038 1951 3113 2013 ὡς
3143 1950 3291 2019 λέγει
3327 1950 3389 2003 τὸ
3421 1949 3776 2018 Εὐαγγέλιον.
3862 1952 3877 1957 ’⁷

2200 2040 2233 2111 ἢ
2267 2040 2342 2103 ὡς
2374 2037 2436 2093 τὸ
2475 2041 2661 2112 ἕτερον
2693 2042 2861 2109 λέγει,
2906 2042 3042 2112 μετὰ
3074 2042 3133 2106 ἒξ
3165 2043 3381 2112 ἡμέρας
3450 2041 3512 2093 οὐ
3560 2040 3668 2092 τῶν
3699 2039 3782 2091 εὖ-

2200 2129 2540 2199 αγγελιστῶν
2583 2131 2747 2203 ἔτερα
2775 2133 2892 2187 ἀνθ’
2924 2133 3123 2204 ἐτέρων
3152 2133 3419 2200 λεγόντων
3439 2172 3454 2195 ,
3481 2130 3618 2185 ἀλλὰ
3648 2132 3778 2199 μιᾶς

2201 2222 2369 2291 οὔσης
2391 2223 2491 2292 τῆς
2522 2223 2827 2294 ἀκριϐείας,
2854 2223 2938 2276 ἀεί
2967 2240 3097 2275 ποτε
3122 2223 3177 2275 δὲ
3198 2220 3656 2291 ἀσφαλιζομένης,
3694 2222 3781 2274 ἵνα

2207 2312 2281 2380 μὴ
2312 2313 2583 2382 πρόφασις
2604 2311 2826 2382 γένηται
2852 2311 2914 2364 τὸ
2933 2315 3056 2374 τοὺς
3077 2310 3393 2382 ἀνθρώπους
3417 2309 3780 2381 προσκόπτειν

2204 2404 2262 2456 ἐν
2293 2406 2405 2465 τοῖς
2436 2403 2785 2472 ἀναγκαίοις·
2818 2404 3113 2474 ἐπειδήπερ
3143 2403 3386 2471 ἔγκειται
3417 2406 3451 2473 ἡ
3482 2402 3659 2456 ἔννοια
3685 2402 3780 2456 τοῦ

2204 2494 2490 2566 ἀνθρώπου
2519 2497 2608 2548 ἐπὶ
2637 2495 2707 2549 τὰ
2736 2496 2949 2568 πονηρά
2984 2499 3044 2549 ἐκ
3078 2499 3327 2568 νεότητος
3364 2494 3639 2565 ἐπιμελῶς
3657 2510 3670 2522 ·
3697 2493 3784 2547 διὰ

2204 2586 2361 2639 τοῦτο
2404 2581 2482 2649 εἷς
2521 2586 2908 2658 εὐαγγελιστὴς
2935 2591 2997 2658 ’ᾖ
3038 2587 3197 2658 ὀγδόῃ
3236 2587 3421 2658 ἡμέρᾳ
3465 2581 3639 2639 εἷπεν.
3677 2580 3786 2637 Ἦν

2206 2681 2315 2752 γὰρ
2346 2680 2508 2752 μέρος
2531 2697 2584 2733 τι
2610 2681 2709 2749 τῆς
2736 2681 2948 2750 ἡμέρας
2978 2679 3423 2749 ὑπολειπόμενον,
3451 2677 3539 2730 ὅτε
3575 2674 3666 2729 τὸν
3698 2674 3786 2727 λό-

2206 2786 2301 2838 γον
2333 2770 2459 2841 έφη,
2498 2772 2592 2825 καὶ⁵
2630 2769 3032 2841 συνηρίθμησεν
3065 2770 3157 2823 ἀπ’
3191 2768 3407 2839 ἐκείνης
3438 2767 3537 2838 τῆς
3569 2766 3787 2837 ἡμέρας

2207 2863 2303 2916 καὶ
2328 2863 2427 2933 τῆς
2455 2862 2625 2934 ὥρας,
2652 2863 2702 2915 εἰ
2727 2858 2794 2933 ἦν
2833 2863 2866 2932 ἡ
2895 2861 3074 2932 ἡμέρα
3104 2861 3389 2914 κεκλικυῖα
3424 2860 3556 2931 περὶ
3592 2858 3787 2927 ἐνάτην

2208 2953 2357 3026 ὥραν
2386 2954 2419 3024 ἥ
2448 2953 2698 3024 δεκάτην.
2742 2954 2852 3007 Καὶ
2878 2953 3037 3025 πάλιν
3061 2954 3120 3007 ἐν
3150 2954 3217 3023 τῇ
3244 2951 3404 3022 ὀγδόῃ
3433 2952 3617 3022 ἡμέρᾳ
3658 2949 3791 3021 περὶ

534 3036 753 3091 Christo
798 3036 886 3090 illa
937 3039 1285 3107 pronuntiata
1332 3049 1493 3105 sunt,
1532 3043 1793 3097 nonnulla
1843 3059 1969 3113 pars
1997 3044 2102 3100 diei

2211 3043 2309 3115 τὴν
2354 3043 2543 3117 τρίτην
2580 3044 2614 3115 ἡ
2656 3044 2919 3116 τετάρτην
2952 3043 3100 3115 ὤραν
3136 3042 3231 3096 τοῦ
3269 3043 3591 3115 πράγματος
3631 3057 3791 3109 γεγο-

537 3136 867 3197 superesset,
911 3141 941 3181 a
971 3143 1077 3198 qua
1116 3129 1203 3183 die
1243 3138 1298 3184 et
1336 3131 1467 3185 hora
1512 3133 1829 3187 numerandi
1891 3133 2102 3188 initium

2211 3140 2382 3203 νότος,
2402 3137 2562 3209 ὀγδόη
2587 3137 2727 3209 αὕτη
2749 3138 3013 3192 ἐκαλεῖτο.
3056 3138 3111 3192 Ὀ
3129 3138 3186 3191 δέ
3205 3137 3364 3201 ἄλλος
3403 3137 3792 3207 εὑαγγελιστὴς

539 3218 705 3284 fecit;
756 3225 969 3289 utputa.
1017 3211 1297 3291 cum'jam
1351 3221 1404 3274 in
1455 3236 1674 3285 nonam,
1711 3233 1805 3278 aut
1840 3224 2105 3279 decimam

2216 3230 2570 3300 ἀσφαλίζεται
2635 3231 2731 3285 καὶ
2771 3231 2947 3298 λέγει,
2983 3231 3120 3301 μετὰ
3164 3229 3222 3297 ἓξ
3258 3229 3492 3301 ἡμέρας.
3533 3229 3648 3282 Οὐκ
3679 3228 3795 3299 ἠρί-

542 3310 733 3363 horam
780 3308 898 3365 dies
943 3310 1303 3365 incumberet.
1345 3310 1549 3367 Deinde
1595 3320 1789 3367 octavo
1831 3312 1919 3369 die
1973 3315 2107 3369 hora

2217 3320 2393 3392 θμησε
2416 3321 2524 3394 γὰρ
2563 3322 2620 3375 ἐν
2726 3321 2818 3375 τὸν
2857 3322 3014 3390 λόγον
3056 3322 3158 3394 ἔφη
3197 3325 3310 3386 τοῖς
3339 3322 3627 3394 μαθηταῖς,
3673 3321 3794 3375 οὐδὲ

538 3397 762 3451 circiter
790 3396 985 3462 tertia,
1029 3398 1115 3453 vel
1144 3406 1340 3468 quarta
1386 3414 1476 3455 res
1526 3400 1644 3470 ipsa
1687 3402 1953 3474 contigit,
1990 3420 2107 3475 qua:

2217 3413 2277 3465 ἐν
2371 3412 2430 3466 τὺ
2456 3412 2616 3485 ἔργον
2658 3413 3010 3478 ἐπετέλεσεν,
3054 3413 3190 3468 ἀλλὰ
3238 3414 3335 3479 τὰς
3380 3415 3544 3485 μέσον
3574 3413 3636 3478 ἓξ
3660 3412 3797 3484 πλη-

540 3492 659 3547 dies
701 3497 892 3546 octava
926 3499 1244 3557 numerata;
1281 3508 1405 3547 cum
1440 3494 1580 3549 alius
1606 3495 1960 3566 evangelista,
1991 3514 2107 3552 ma-

2221 3502 2490 3573 ρεστάτας
2526 3503 2760 3574 ἡμέρας.
3125 3502 3134 3509 ’

540 3584 678 3655 joris
722 3585 994 3641 cautionis
1024 3588 1217 3657 gratia,
1268 3596 1391 3657 post
1437 3604 1530 3642 sex
1561 3588 1678 3643 dies
1714 3589 1765 3644 id
1800 3593 2097 3664 contigisse
2128 3605 2356 3660 narret,
2426 3598 2682 3667 quoniam
2725 3611 2903 3667 neque
2967 3596 3110 3651 diem
3161 3596 3316 3654 illum
3363 3595 3797 3668 comprehendit,

543 3696 652 3750 quo
685 3679 948 3736 Dominus
981 3682 1242 3751 apostolis
1274 3681 1377 3738 ista
1408 3683 1623 3738 locutus
1655 3691 1773 3750 est,
1805 3701 1907 3741 nec
1955 3687 2124 3756 illam,
2183 3691 2239 3744 in
2278 3706 2388 3761 qua
2418 3706 2557 3761 opus
2590 3690 2723 3745 illud
2753 3689 3008 3757 absolvit,
3064 3688 3160 3746 sed
3193 3689 3511 3760 interjectos
3566 3703 3630 3744 ac
3682 3691 3799 3760 plc-

544 3792 647 3831 nos
675 3773 1053 3829 tantummodo
1080 3789 1198 3830 sex.

614 3865 894 3920 LXXVIII.
923 3867 1068 3936 Ergo
1093 3866 1425 3937 evangelista
1451 3883 1577 3923 cum
1602 3869 1670 3924 ad
1698 3871 1969 3940 ejusmodi
1998 3888 2119 3928 nar—

545 3956 811 4012 rationem
844 3956 1105 4018 venisset,
1139 3955 1213 4010 ita
1243 3972 1356 4011 rem
1389 3973 1603 4014 omnem
1627 3962 1879 4031 exponit:
1919 3959 2117 4028 Quem-

548 4043 839 4099 admodum
901 4043 1120 4098 Petrum
1158 4054 1211 4098 et
1247 4042 1510 4100 Joannem
1546 4055 1600 4101 et
1655 4045 1917 4101 Iacobum
1958 4047 2117 4102 adhio

547 4135 705 4198 bcns,
733 4134 919 4190 eduxit
966 4134 1089 4190 illos
1122 4135 1174 4188 in
1208 4144 1466 4201 montem,
1509 4145 1557 4190 et
1583 4140 1992 4209 transﬁguratus
2015 4148 2116 4202 est,

547 4235 596 4276 et
629 4225 946 4294 resplenduit
989 4225 1153 4294 [acies
1193 4226 1306 4294 ejus
1353 4226 1488 4280 sicut
1529 4226 1677 4280 sol“:
1717 4242 1780 4281 ea
1814 4226 2003 4292 facies,
2032 4228 2117 4281 in-

551 4328 736 4383 quam,
776 4331 896 4385 qute
931 4327 1046 4371 erat
1079 4331 1203 4370 cum
1254 4316 1539 4371 divinitate
1581 4317 1909 4385 conjuncta:
1964 4318 2120 4372 testi-

552 4416 729 4461 menta
780 4418 953 4462 autem
1005 4424 1115 4477 ejus
1161 4408 1392 4461 candida
1442 4408 1590 4476 facta
1638 4419 1758 4463 sunt
1819 4411 1958 4464 sicut
2006 4411 2116 4464 nix.

552 4498 912 4566 Quamobrem
942 4500 1032 4554 illa
1067 4515 1196 4555 caro
1215 4516 1335 4571 qua:
1356 4515 1403 4554 et
1432 4518 1494 4555 ex
1531 4501 1693 4555 Maria
1714 4500 1937 4585 Virgine
1972 4519 2123 4559 sum-

552 4602 664 4660 pta,
686 4600 739 4645 et
766 4607 832 4647 ex
860 4600 1046 4646 nostro
1074 4608 1268 4664 genere
1298 4603 1550 4663 suscepta
1588 4593 1782 4659 fuerat,
1811 4596 1867 4650 in
1892 4596 2121 4666 gloriam

558 4684 1012 4755 splendoremque
1038 4692 1368 4738 commutata
1399 4697 1503 4747 est,
1535 4694 1588 4739 et
1620 4687 1837 4755 quidem
1871 4687 2123 4741 divinita-

555 4778 624 4829 tis
664 4775 910 4847 gloriam,
949 4776 1106 4845 cujus
1138 4776 1204 4830 ad
1247 4777 1391 4830 illam
1423 4786 1507 4832 est
1539 4780 1780 4835 accessio
1814 4779 1979 4844 facta,
2006 4795 2128 4835 nec-

553 4856 662 4920 non
692 4875 747 4922 et
775 4867 1020 4930 honoris,
1047 4882 1110 4921 ac
1139 4867 1511 4938 perfectionis.
1542 4870 1935 4941 dignitatisque
1958 4870 2132 4943 coele-_

554 4957 675 5020 stis,
710 4973 895 5029 quam,
924 4973 1048 5012 cum
1081 4958 1346 5014 hactenus
1381 4975 1511 5014 caro
1541 4977 1648 5017 non
1678 4962 1979 5026 habuisset,
2015 4962 2123 5027 hic,

556 5056 908 5118 [osteaquam
939 5063 1062 5103 cum
1109 5050 1294 5106 divino
1323 5050 1502 5106 Verbo
1551 5053 1803 5122 copulata
1838 5065 1943 5118 est,
1986 5054 2129 5109 obti-

554 5139 695 5193 nuit.
749 5137 830 5193 Ad
855 5154 978 5193 eum
1017 5140 1199 5209 itaque
1234 5142 1449 5194 modum
1484 5157 1605 5210 quae
1634 5154 1791 5197 antea
1819 5143 1964 5197 dicta
2000 5152 2128 5199 sunt

556 5228 828 5298 accipies:
865 5229 1025 5285 Omne
1044 5231 1310 5300 judicium
1339 5230 1482 5285 dedit
1502 5230 1641 5285 Filio
1661 5233 1710 5299 ⁶;
1739 5232 1996 5303 quoniam
2019 5233 2126 5288 De-

555 5322 636 5374 dit
679 5322 728 5376 ei
759 5330 1086 5390 potestatem,
1125 5333 1181 5375 ut
1217 5339 1366 5392 quem
1401 5323 1509 5377 vult
1547 5324 1766 5392 vivi/icet
1784 5325 1823 5377 ⁷.
1858 5322 2038 5390 Quare
2069 5333 2126 5378 ut

555 5420 610 5467 et
656 5412 888 5481 primum
927 5412 1251 5482 principium
1296 5411 1621 5476 declararet,
1671 5420 1726 5466 et
1769 5425 1931 5465 unam
1962 5411 2129 5483 806

556 5500 895 5557 divinitatem
936 5516 999 5555 ac
1041 5502 1373 5572 singularem
1410 5502 1463 5555 in
1500 5500 1765 5556 Trinitate
1795 5501 2126 5556 voluntatem

629 5677 648 5706 ί
685 5675 1014 5751 M_at_t_h._xvl_,
1045 5675 1137 5751 28Ζ
1177 5678 1226 5751 *⁸
1256 5675 1388 5751 Ιέιισ.
1423 5692 1498 5745 Ix,
1526 5676 1615 5733 28.
1693 5677 1712 5710 ³
1745 5675 1933 5731 Matth.
1968 5658 2104 5745 xvtt,
2136 5675 2186 5732 l.
2228 5730 2235 5735 κ
2295 5678 2317 5711 ’⁵
2340 5678 2453 5736 Gen
2503 5698 2617 5751 VIII,
2650 5683 2701 5737 1.

557 5743 653 5800 21.
725 5747 744 5779 '
781 5746 915 5801 ibid.
948 5746 1038 5800 2i.
1116 5745 1138 5778 ⁸
1169 5744 1233 5803 C.
1267 5748 1433 5810 ὅπως.

2293 3868 2420 3925 OH'.
2452 3864 2582 3922 Ὧδε
2610 3868 2668 3922 δέ
2700 3868 2828 3941 περὶ
2864 3869 2954 3923 τὸν
2992 3867 3147 3938 λόγον
3183 3869 3491 3939 γενόμενος,
3524 3870 3623 3943 τὴν
3659 3875 3800 3944 φρά-

2225 3978 2308 4015 σιν
2363 3960 2640 4027 ὑπέδειξεν
2671 3976 2688 3991 ·
2742 3961 2931 4031 Ὅμως
2973 3961 2995 3993 ⁸
3060 3959 3389 4030 παραλαϐὼν
3444 3962 3649 4034 Πέτρον
3700 3969 3796 4020 καὶ

2235 4056 2486 4124 Ἰωάννην
2551 4055 2646 4109 καὶ
2696 4054 2946 4110 Ἰάκωϐον
2970 4093 2985 4118 ,
3021 4055 3319 4125 ἀνήνεγκεν
3356 4055 3553 4121 αὐτοὺς
3601 4060 3681 4121 είς
3736 4061 3798 4113 τὺ

2221 4146 2366 4217 ὅρος,
2396 4146 2504 4200 Καὶ
2533 4143 2972 4216 μετεμορφώθη,
3000 4146 3100 4198 καὶ
3128 4145 3363 4214 ἔλαμψε
3382 4147 3445 4199 τὸ
3475 4148 3797 4215 πρόσωπον

2221 4238 2407 4293 αὐτοῦ
2437 4239 2518 4304 ὡς
2549 4241 2582 4292 ό
2603 4238 2775 4305 ἣλιος
2799 4255 2811 4267 ·
2845 4237 2907 4290 τὸ
2943 4239 3000 4290 ἐν
3034 4238 3197 4310 σαρκὶ
3229 4238 3518 4308 πρόσωπον
3553 4238 3710 4293 συνὸν
3739 4245 3798 4295 ἐν

2226 4331 2290 4400 τῇ
2322 4329 2534 4399 θεότητι
2553 4345 2565 4358 ·
2607 4329 2703 4382 καὶ
2734 4328 2807 4382 τὰ
2834 4329 3029 4399 ἱμάτια
3060 4330 3245 4384 αὑτοῦ
3282 4331 3471 4385 λευκὰ
3499 4332 3579 4397 ὡς
3615 4333 3761 4402 χιών
3780 4352 3794 4366 ο

2226 4420 2467 4490 δηλονότι
2499 4422 2533 4491 ἡ
2584 4420 2718 4492 σὰρξ
2759 4422 2792 4490 ἡ
2846 4421 2954 4474 ἀπὸ
3002 4422 3218 4491 Μαρίας
3254 4417 3389 4475 οὖσα
3414 4460 3429 4485 ,
3460 4422 3554 4475 καὶ
3602 4423 3665 4477 ἐκ
3702 4424 3797 4477 τοῦ

2229 4510 2501 4581 ἡμετέρου
2533 4509 2723 4578 γένους
2753 4512 3090 4581 τυγχάνουσα
3117 4528 3130 4540 ’
3166 4513 3260 4565 καὶ
3288 4511 3694 4582 μετεμορφοῦτο
3719 4515 3798 4577 είς

2229 4600 2406 4665 δόξαν,
2441 4601 2597 4668 δόξαν
2621 4603 2965 4673 ἐπικτωμένη
2994 4603 3093 4673 τῆς
3120 4602 3390 4672 θεότητος,
3421 4602 3517 4672 τὴν
3544 4604 3710 4673 τιμήν
3737 4619 3799 4655 τε

2228 4692 2321 4743 καὶ
2350 4691 2661 4763 τελειότητα
2685 4731 2701 4754 ,
2731 4694 2826 4746 καὶ
2872 4678 3028 4759 δόξαν
3071 4693 3170 4762 τὴν
3221 4692 3540 4763 ἐπουράνιον
3565 4731 3580 4753 ,
3620 4694 3686 4761 ἡν
3722 4692 3799 4763 μὴ

2229 4773 2376 4848 εἶχεν
2410 4778 2604 4849 ἡσὰρξ
2647 4779 2926 4850 ἁπαρχῆς,
2964 4779 3197 4833 ἐνταῦθα
3233 4778 3290 4833 δὲ
3340 4779 3581 4833 λαϐοῦσα
3627 4780 3682 4830 ἐν
3730 4782 3799 4851 τῇ

2233 4866 2520 4922 συνενώσει
2549 4869 2642 4923 τοῦ
2680 4869 2815 4923 Θεοῦ
2841 4871 3035 4938 Λόγου.
3086 4870 3271 4933 Οὕτως
3319 4870 3384 4923 τὰ
3432 4871 3803 4941 προειρημένα

2231 4959 2369 5022 νόει,
2418 4958 2499 5012 ὃτι
2564 4958 2682 5027 Τὴν
2726 4958 2934 5014 πᾶσαν
2981 4961 3183 5029 κρίσιν
3241 4959 3458 5014 δέδωκε
3512 4958 3593 5025 τῷ
3646 4957 3756 5024 Υιῷ
3784 4978 3799 4991 -
3857 4978 3861 4982 ’

2229 5051 2313 5103 ὅτι
2366 5050 2624 5105 Ἔδωκεν
2658 5051 2817 5116 αὐτῷ
2844 5053 3154 5116 ἐξουσίαν,
3188 5053 3289 5106 ἵνα
3313 5051 3384 5105 ὃν
3410 5051 3572 5108 θέλει
3595 5050 3801 5120 ζωογο-

2230 5140 2393 5210 νήσῃ
2416 5158 2429 5171 ο
2471 5142 2556 5194 ἵνα
2582 5142 2679 5212 τὴν
2712 5143 2809 5212 μὲν
2836 5141 3057 5213 πρώτην
3095 5141 3267 5214 ἀρχὴν
3300 5141 3446 5214 δείξῃ
3479 5142 3576 5213 τὴν
3610 5141 3805 5195 ἕνωσιν

2230 5231 2332 5300 τῆς
2362 5233 2490 5301 μιᾶς
2516 5231 2786 5304 θεότητος,
2820 5234 2915 5287 καὶ
2937 5233 2998 5286 τὸ
3025 5233 3083 5287 ἓν
3116 5233 3324 5304 θέλημα
3353 5235 3445 5287 ἐπὶ
3470 5234 3560 5287 τὸν
3586 5233 3808 5303 Πατέρα

2234 5321 2419 5391 φέρειν
2451 5322 2519 5376 τὰ
2570 5322 2665 5375 ὅλα
2708 5323 2807 5394 τῆς
2840 5323 3219 5393 ἁγαθοσύνης,
3255 5325 3349 5377 καὶ
3402 5324 3496 5376 ἐπὶ
3538 5322 3635 5393 τὴν
3677 5323 3808 5392 μίαν

2233 5413 2407 5485 ἀρχὴν
2434 5414 2526 5466 καὶ
2548 5412 2776 5483 θεότητα
2802 5414 2911 5467 τῶν
2938 5414 3102 5485 τριῶν
3131 5414 3304 5467 οὐσῶν
3330 5412 3547 5467 τελείων
3562 5412 3803 5465 ὑποστά-

2236 5519 2372 5556 σεων
2402 5542 2417 5568 ,
2479 5507 2610 5575 μιᾶς
2654 5506 2711 5558 δὲ
2767 5505 3050 5578 θεότητος,
3081 5506 3315 5577 Πατρὺς,
3364 5507 3456 5559 καὶ
3511 5505 3663 5570 Υἰοῠ,
3714 5505 3811 5560 καὶ

2803 5685 2825 5716 ⁸
2858 5682 3046 5738 Matth.
3085 5700 3217 5747 xvn,
3247 5685 3270 5737 1
3314 5699 3435 5754 sqq.
3515 5683 3535 5713 ⁸
3559 5679 3719 5737 Joan.
3748 5695 3808 5749 ν,
