4138 6396
375 376 462 431 ὅδ’

941 367 1310 427 ADVERSUS
1371 363 1716 422 HERESES
1771 362 1899 418 LIB.
1941 360 2006 415 11,
2069 360 2236 416 ΤΟΜ.
2277 359 2340 413 ll.
2382 388 2450 398 —
2509 353 2788 411 HERES.
2831 351 2994 408 LXIX

337 490 496 558 ἁγίου
535 486 874 557 Πνεύματος,
910 479 1014 540 και
1044 489 1144 555 τῆς
1194 473 1460 553 ἐνσάρκού
1509 481 1668 535 πάλιν
1705 496 1912 549 παρου-
1945 529 1949 539 ,

2051 492 2135 534 sse
2173 482 2521 539 monstraret,
2577 489 2697 543 quae
2741 472 2808 526 ad
2846 470 3143 525 bonitatem
3190 467 3484 539 pertinent,
3525 467 3594 523 ad

345 582 465 642 σίας
497 579 1018 649 προσλαμϐανούσης
1052 577 1190 648 μετὰ
1244 577 1343 645 τῆς
1389 575 1642 645 θεότητος
1688 573 1786 642 τὴν
1815 570 1922 623 ἀπὸ

344 671 556 740 Πατρὸς
617 671 710 723 καὶ
743 669 874 722 Υίοῦ
909 669 1309 740 κεχαρισμένην
1344 667 1479 736 αὐτῇ
1526 665 1619 718 τοῦ
1682 663 1922 734 ἀξιώμα-

343 777 436 824 τος
471 761 680 831 δωρεάν
737 779 795 813 τε
829 761 923 814 καὶ
961 761 1206 826 ἐξουσίαν
1255 761 1355 821 ,καὶ
1387 758 1693 828 τελειότητα
1727 755 1822 809 καὶ
1846 755 1923 815 εἰς

346 853 480 922 μίαν
510 852 738 923 θεότητα
768 852 1140 924 πνευματικὴν
1171 854 1482 906 συνένωσιν.

2028 566 2239 620 Patrem
2269 567 2468 636 ipsum,
2499 566 2602 618 hoc
2629 573 2714 619 est
2746 563 2812 617 ad
2845 577 3012 617 unum
3045 561 3370 631 principium
3401 575 3596 614 unam-

2028 675 2132 730 que
2158 659 2493 713 divinitatem
2519 657 2722 712 retulit.
2752 655 2888 710 Cum
2911 655 3056 711 enim
3080 661 3191 710 tres
3213 653 3464 724 perfectae
3487 655 3598 708 sint

2027 753 2369 823 hypostases,
2406 765 2511 804 una
2550 757 2730 803 tamen
2757 747 3014 801 divinitas
3036 753 3140 808 est,
3171 743 3348 800 Patris
3377 753 3429 797 et
3475 742 3601 797 Filii

2029 854 2082 899 et
2115 844 2353 915 Spiritus
2379 843 2575 898 sancti.
2608 841 2855 896 Hominis
2877 854 3043 910 porro
3069 854 3100 892 a
3131 837 3312 893 Verbo
3343 843 3602 904 suscepta

348 955 542 998 natura
574 959 683 998 una
729 961 852 998 cum
882 945 1163 1000 divinitate
1197 958 1425 999 summm
1474 941 1753 1013 dignitatis
1781 955 1812 994 a
1859 937 2022 992 Patre
2056 936 2298 1006 Filioque
2335 935 2679 999 beneﬁcium,
2715 947 2928 988 necnon
2967 939 3019 986 et
3048 937 3370 1000 potestatem
3421 927 3601 998 perfe-

348 1036 695 1104 ctionemque
733 1050 797 1090 ac
820 1035 1127 1104 spiritalem
1167 1035 1221 1089 in
1251 1049 1415 1089 unam
1449 1033 1790 1088 divinitatem
1823 1027 2268 1099 coniunctionem
2305 1027 2534 1096 accepit.

424 1125 545 1180 08'.
580 1127 692 1180 Kal.
723 1125 869 1196 μάλα
897 1126 1049 1198 μόλις
1084 1126 1443 1198 διεδράσαμεν
1463 1127 1523 1177 τὸ
1547 1123 1928 1177 δυσθαλάττιον

347 1217 509 1270 τοῦτο
541 1217 741 1287 χωρίον
765 1257 781 1279 ,
832 1218 926 1270 καὶ
957 1219 1056 1289 τὴν
1108 1219 1285 1271 πᾶσαν
1323 1218 1525 1288 ταύτην
1565 1216 1925 1288 θηριοϐολίαν,

347 1308 518 1378 ἄγριά
565 1326 624 1360 τε
676 1311 933 1378 κυμάτων
964 1309 1330 1380 κυρτώματα,
1373 1309 1682 1380 ἁφρισμοὺς
1729 1309 1786 1361 δὲ
1837 1309 1932 1362 καὶ

352 1401 546 1462 σάλους
580 1400 813 1462 δεινούςο
864 1400 988 1472 βέλη
1043 1417 1100 1453 τε
1134 1401 1391 1454 ἐναντίων
1435 1402 1528 1452 καὶ
1557 1399 1783 1470 θυρεοὺς
1835 1416 1935 1451 κα-

350 1491 724 1555 τακαύσαντες
770 1491 911 1545 κατὰ
961 1491 1051 1543 τὸν
1097 1490 1258 1561 ὀρθὸν
1307 1490 1562 1561 λογισμὸν
1596 1493 1651 1542 ἐν
1700 1489 1928 1558 διανοίᾳ,

355 1581 485 1648 τόξα
541 1596 600 1634 τε
656 1581 765 1635 τῶν
825 1582 892 1634 δι’
949 1581 1198 1644 ἐναντίας
1249 1582 1690 1643 κατακλάσαντες
1729 1579 1820 1632 ἐπὶ
1873 1580 1932 1631 τὸ

355 1671 586 1742 ἑρπετὸν
611 1670 769 1724 τοῦτο
796 1671 857 1723 τὸ
889 1671 1261 1740 πολυκέφαλον
1305 1671 1466 1744 ὕδρας
1495 1673 1739 1743 ἄμορφον
1768 1671 1934 1724 κατά·

360 1780 564 1834 στημα,
599 1762 855 1826 λαϐόντες
881 1764 945 1815 ἐκ
971 1762 1106 1816 Θεοῦ
1144 1764 1242 1834 τὴν
1281 1763 1508 1836 δύναμιν
1560 1764 1656 1817 καὶ
1705 1764 1802 1834 τὴν
1841 1763 1938 1832 χά-

2099 1118 2337 1173 LXXIX.
2392 1118 2496 1172 Sed
2527 1118 2638 1187 jam
2667 1118 2845 1172 locum
2883 1117 3030 1171 hunc
3077 1115 3405 1170 dimcillimis
3435 1114 3604 1184 maris

2031 1210 2449 1279 tempestatibus
2479 1210 2761 1274 infestum,
2793 1216 2953 1279 atque
2979 1223 3195 1262 omnem
3231 1208 3376 1261 illam
3410 1207 3604 1262 veneni

2034 1300 2140 1352 vim
2205 1300 2320 1354 sive
2356 1299 2537 1368 potius
2597 1305 2870 1354 tumentes
2915 1313 2979 1352 ac
3020 1297 3352 1368 procellosos
3405 1294 3605 1351 ﬂuctus

2033 1399 2086 1445 et
2125 1406 2414 1461 spumosos
2455 1390 2725 1444 undarum
2761 1389 2999 1444 vortices
3039 1396 3092 1443 et
3119 1388 3444 1457 jactationes
3475 1387 3606 1442 hor-

2035 1479 2234 1533 rendas
2265 1493 2406 1548 aegre
2441 1478 2730 1532 admodum
2762 1479 3057 1533 evasimus.
3104 1476 3240 1530 Nam
3279 1485 3332 1531 et
3369 1477 3609 1532 hostium

2035 1570 2138 1623 tela
2168 1577 2430 1638 scutaque
2458 1578 2606 1624 recta
2647 1569 2859 1623 ratione
2882 1584 2945 1623 ac
2976 1575 3157 1623 mente
3185 1566 3325 1628 freti,
3357 1567 3609 1622 combus-

2036 1659 2231 1722 simus,
2265 1667 2318 1713 et
2346 1659 2564 1712 illorum
2597 1673 2760 1714 arcus
2792 1658 3153 1728 infregimus;
3195 1673 3257 1713 ac
3288 1665 3494 1711 tantam
3527 1656 3611 1711 di-

2035 1749 2238 1803 vinitus
2279 1748 2387 1802 vim
2427 1757 2480 1803 et
2505 1750 2757 1819 gratiam,
2789 1749 2917 1804 licet
2955 1749 3323 1814 immerentes,
3379 1749 3444 1803 ad
3478 1747 3611 1803 illud

360 1864 446 1918 ριν
469 1849 520 1899 οἱ
551 1848 815 1912 άνίκανοι,
839 1847 1000 1911 ὥστε,
1035 1851 1092 1902 ἐν
1113 1848 1232 1920 Θεῷ
1262 1850 1600 1920 ἰσχύσαντες,
1635 1852 1732 1922 τὴν
1763 1850 1937 1902 ’ἐπινί-

2051 1846 2340 1894 nonstrum
2365 1839 2614 1908 pluribus
2637 1841 2908 1911 capitibus
2931 1841 3298 1911 turpissimam
3339 1841 3406 1895 ad
3428 1842 3614 1913 hydrae

361 1953 480 1989 κιον
501 1937 646 2008 ᾄδειν
675 1937 855 2008 φωνὴν
881 1938 1142 2006 λέγουσαν
1163 1957 1176 1969 ·
1201 1941 1473 2009 ᾊσωμεν
1495 1939 1576 2004 τῷ
1591 1942 1814 2008 Κυρίῳ·
1840 1940 1936 1992 ἐν-

358 2027 550 2093 δόξως
576 2028 684 2097 γὰρ
702 2028 1058 2094 δεδόξασται
1083 2047 1097 2062 ·
1128 2031 1316 2084 ἵππον
1335 2031 1433 2084 καί
1462 2030 1770 2098 ἀναϐάτην
1797 2031 1943 2100 Emit-

359 2122 482 2187 ψεν
507 2121 594 2183 είς
630 2118 952 2174 θάλασσαν
971 2139 985 2152 °
1020 2121 1114 2174 καὶ
1149 2121 1539 2193 συντρίψαντες
1574 2121 1670 2194 τὴν
1699 2122 1941 2193 κεφαλὴν

361 2209 455 2262 τοῦ
507 2209 797 2280 δράκοντος
840 2211 1022 2265 ἐπάνω
1065 2212 1159 2265 τοῦ
1199 2211 1428 2277 ὓδατος,
1460 2211 1555 2266 τοῦ
1589 2211 1803 2283 ἡσύχως
1841 2231 1941 2266 πο-

360 2300 655 2370 ρευομένου
683 2339 698 2363 ,
748 2294 809 2354 οὗ
831 2300 946 2354 ὀὐκ
983 2301 1252 2371 ἠθέλησαν
1299 2302 1397 2374 τὴν
1453 2305 1684 2373 μετοχὴν
1742 2305 1788 2356 οἱ
1836 2305 1940 2358 νέοι

367 2391 507 2460 μετὰ
550 2391 816 2444 Ἰουδαίων
873 2392 1234 2462 κληρονομίαν
1268 2395 1627 2465 κεκτημένοιο
1680 2395 1816 2466 πρὸς
1850 2393 1944 2458 οὒς

363 2481 782 2550 ἀποτεινόμενος
813 2484 842 2534 ὁ
870 2484 1155 2554 προφήτης
1190 2483 1341 2552 ἔλεγε
1363 2501 1377 2513 ·
1413 2484 1516 2538 Διὰ
1543 2486 1608 2537 τὸ
1625 2484 1712 2553 μὴ
1747 2487 1945 2539 θέλειν·

365 2569 522 2638 ὑμᾶς
552 2570 708 2637 ὕδωρ
751 2573 858 2625 τοῦ
896 2573 1134 2641 Σιλωὰμ
1170 2573 1235 2627 τὸ
1277 2575 1683 2643 πορευόμενον
1713 2574 1942 2645 ἡσυχῆ,

364 2661 530 2713 ἀλλὰ
563 2661 898 2724 ,βούλεσθαι
947 2662 1110 2732 ἔχειν
1137 2663 1292 2732 ὑμᾶς
1320 2664 1428 2717 τὸν
1465 2666 1775 2719 Ῥαασσὼν
1794 2669 1808 2697 ¹
1839 2667 1947 2720 τὸν

374 2750 631 2804 Βασιλέα
696 2751 934 2805 καὶτὸν
975 2753 1200 2820 Ταϐεὴλ
1253 2753 1388 2807 υἱὸν
1439 2755 1757 2822 Ῥομελίου,
1820 2755 1947 2809 ἰδοὺ

365 2839 576 2908 ἐπάγει
602 2842 818 2909 Κύριος
845 2843 938 2911 ἐφ’
966 2841 1124 2912 ὑμᾶς
1164 2843 1229 2896 τὸ
1261 2844 1418 2913 ὕδωρ
1446 2845 1554 2899 τοῦ
1586 2845 1853 2916 ποταμοῦ
1881 2845 1948 2899 τὸ

366 2931 630 2998 ἰσχυρόν
656 2972 670 2995 ,
703 2933 808 2986 τὸν
843 2934 1109 2997 βασιλέα
1164 2928 1285 2988 τῶν
1344 2937 1702 3004 Ἀσσυρίων,
1752 2938 1844 2990 καὶ
1882 2940 1950 2990 τὰ

374 3020 522 3092 ἑξῆς.
566 3022 754 3092 Ἡμεῖς
797 3024 852 3076 δὲ
875 3063 890 3086 ,
930 3024 1184 3088 λαϐόντες
1216 3028 1273 3079 ἐν
1311 3027 1498 3097 Κυρίῳ
1543 3027 1641 3097 τὴν
1676 3027 1948 3098 βοήθειαν,

378 3113 475 3164 καὶ
519 3113 578 3164 τὸ
629 3113 736 3166 ἀπὸ
770 3114 1030 3186 ἀληθινῆς
1071 3119 1269 3188 σαρκὸς
1316 3119 1538 3190 πτύσμα
1579 3122 1672 3172 ἐπὶ
1715 3122 1812 3192 τῆς
1847 3121 1950 3190 γῆς

375 3202 747 3274 βεϐλημένον,
785 3207 878 3259 καὶ
920 3207 980 3258 τὸ
1036 3208 1174 3278 μετὰ
1219 3209 1533 3279 πτύσματος
1581 3212 1808 3282 φύραμα
1857 3213 1951 3265 τοῦ

375 3295 550 3366 πηλοῦ
584 3299 642 3348 ἐν
668 3299 777 3360 τοῖς
803 3298 1098 3369 ὀφθαλμοῖς
1131 3301 1285 3370 ἡμῶν
1313 3303 1741 3374 κεχαραγμένον,
1783 3305 1869 3357 ἵνα
1905 3304 1959 3356 οἵ

379 3401 510 3436 ποτε
539 3387 597 3437 ἐν
626 3387 820 3458 ἀγνοίᾳ
857 3387 952 3441 νῦν
985 3388 1082 3458 τὴν
1125 3390 1381 3460 ἀλήθειαν
1409 3392 1627 3462 γνῶμεν
1650 3432 1665 3456 ,
1697 3392 1953 3446 ἀπελθόν-

381 3493 473 3538 τες
516 3477 608 3528 xui.
635 3476 920 3548 νιψάμενοι
954 3481 1012 3532 ἐν
1044 3479 1121 3550 τῷ
1149 3481 1387 3552 Σιλωὰμ,
1428 3482 1505 3553 τῷ
1526 3484 1959 3553 ἀπεσταλμένη)

377 3567 826 3638 ἐρμηνευομένῳ,
859 3568 1136 3621 τουτέστιν
1163 3572 1219 3623 ἐν
1251 3574 1316 3641 τῇ
1361 3572 1610 3642 ἐνσάρκῳ
1666 3572 1956 3642 παρουσίᾳ,

384 3657 478 3707 καὶ
511 3657 568 3707 ἐν
620 3656 831 3727 θεότητι
857 3658 1190 3726 τελειότητος
1216 3702 1230 3724 ,
1275 3660 1368 3713 καὶ
1399 3660 1583 3713 λοιπὸν
1635 3663 1958 3732 ἑωρακότες,

382 3747 563 3798 οὐκέτι
595 3746 902 3818 ἀρνούμεθα
928 3749 1019 3802 τὸν
1045 3749 1268 3822 Κύριον,
1298 3753 1349 3803 εἰ
1379 3752 1470 3804 καὶ
1500 3753 1959 3821 ἀποσυναγώγους

383 3838 532 3906 ἡμᾶς
567 3839 864 3908 ποιήσωσιν
893 3841 941 3892 οί
988 3840 1087 3911 τῆς
1133 3843 1340 3913 Ἀρείου
1399 3844 1632 3914 φατρίας
1681 3847 1775 3897 καὶ
1827 3846 1958 3898 Ἰου·

381 3928 546 3981 δαίων
570 3929 821 4001 διάδοχοι.
856 3931 1078 3984 Ἔθεντο
1107 3933 1214 4004 γὰρ
1244 3935 1338 3988 καὶ
1375 3928 1518 3988 οὗτοι
1538 3974 1553 3998 ,
1585 3934 1834 4007 καθάπερ
1866 3938 1962 3990 κά-

386 4021 572 4082 κεῖνοι,
619 4019 796 4072 πάντα
832 4021 918 4073 τὸν
947 4021 1308 4091 ὁμολογοῦντα
1341 4023 1430 4075 τὸν
1476 4023 1678 4094 Κύριον
1725 4027 1962 4078 ἀποσυν-

383 4109 602 4176 άγωγον
632 4109 806 4162 αὐτῶν
830 4111 1100 4178 γενέσθαι·
1129 4113 1216 4165 ἵνα
1240 4111 1450 4177 δείξωσι
1476 4113 1564 4165 τὸν
1591 4114 1963 4182 ἀναϐλέψαντα

387 4200 607 4268 ἔλεγχον
635 4202 897 4268 γεγονότα
924 4202 1032 4253 τῶν
1065 4203 1494 4258 άϐλεπτούντων.
1529 4206 1593 4257 Ei
1623 4207 1696 4276 μὴ
1747 4207 1854 4278 γὰρ
1895 4203 1962 4277 ἦν

389 4292 422 4358 ἡ
454 4291 743 4361 συναγωγὴ
772 4293 947 4343 αὐτῶν
971 4293 1142 4362 τυφλὴ
1168 4294 1262 4362 ὅλη
1285 4333 1299 4354 ,
1331 4295 1430 4347 οὐκ
1460 4295 1525 4347 ἂν
1554 4289 1612 4347 οὗ
1641 4297 1963 4368 ἠνοίχθησαν

387 4381 438 4432 οἱ
468 4381 734 4450 ὀφθαλμοὶ
773 4383 1149 4438 ἀποσύνακτον
1189 4386 1426 4439 ἐποίουν.
1472 4387 1964 4460 Εὑχαριστήσωμεν

387 4472 568 4524 τοίνυν
597 4472 674 4542 τῷ
715 4473 924 4544 Κυρίῳ,
955 4475 1035 4526 ὅτι
1081 4476 1174 4527 καὶ
1215 4476 1608 4546 ἀνεϐλέψαμεν,
1639 4479 1732 4530 καί
1778 4479 1962 4548 ὁμολοο

391 4563 595 4633 γοῦμεν
623 4564 715 4616 τὸν
749 4564 969 4634 Κύριον,
998 4565 1090 4618 καὶ
1120 4565 1564 4636 ἐθεραπεύσαμεν
1590 4567 1658 4620 τὰ
1684 4569 1801 4639 σίνη
1822 4608 1837 4634 ,
1869 4569 1963 4624 ἐὰν

394 4655 488 4708 κω
521 4655 580 4706 τὸ
636 4655 794 4726 ἔργον
832 4656 938 4708 τῶν
999 4656 1228 4710 ἐντολῶν
1261 4657 1426 4710 αὐτοῦ
1486 4659 1816 4730 πράξωμενο
1873 4664 1966 4715 καὶ

393 4749 852 4817 κατεπατήσαμεν
867 4747 957 4800 τὸν
979 4748 1121 4817 ὅφιν,
1143 4749 1238 4803 καὶ
1263 4751 1661 4822 συνετρίψαμεν
1675 4754 1773 4824 τὴν
1796 4771 1964 4822 κεφα-

393 4839 491 4907 λὴν
535 4837 627 4890 τοῦ
677 4838 966 4906 δράκοντος
1001 4841 1058 4892 ἐν
1090 4844 1156 4912 τῇ
1207 4841 1300 4894 τοῦ
1337 4841 1471 4894 Θεοῦ
1515 4843 1776 4912 δυνάμει⁹
1929 4848 1962 4917 ἡ

390 4928 552 4992 δόξα,
578 4928 740 5000 τιμὴ,
791 4931 1021 5001 κράτος,
1055 4933 1231 5002 Ila-cpi.
1262 4935 1317 4985 ἐν
1341 4932 1490 5004 Υἱῷ,
1524 4933 1638 5004 Υἱῷ
1675 4937 1734 4989 ἐν
1765 4937 1963 5007 Πατρὶ,

395 5021 494 5072 σὺν
542 5021 681 5089 ἁγίῳ
724 5021 996 5092 Πνεύματι
1040 5025 1118 5087 εἰς
1163 5025 1287 5087 τοὺς
1337 5025 1538 5088 αίῶνας
1584 5026 1692 5080 τῶν
1733 5027 1960 5082 αἰώνων.

407 5113 466 5163 ’Δ
474 5114 601 5183 μήν.

465 5297 903 5365 Καταλείῷαντες
923 5297 978 5350 δὲ
1000 5297 1094 5367 τὴν
1120 5314 1358 5368 νενεκρω
1366 5298 1532 5368 μένην
1547 5298 1750 5366 ταύτην
1778 5298 1962 5368 ὕδραν,

391 5387 493 5456 τὴν
524 5388 895 5456 ἐπτακέφαλον
925 5387 1019 5440 καὶ
1049 5387 1384 5457 πολύσχιδον,
1425 5388 1517 5440 ἐπὶ
1559 5387 1657 5449 τάς
1691 5387 1814 5456 ἐξῆς
1839 5405 1965 5440 συν-

395 5478 541 5548 ήθως
570 5479 921 5549 προέλθωμεν
942 5519 956 5542 ,
1007 5479 1318 5549 ἀγαπητοὶ,
1357 5479 1488 5531 Θεὸν
1524 5479 1616 5531 τὸν
1654 5480 1741 5532 ἀεὶ
1774 5479 1967 5549 βοηθὸν

393 5569 810 5637 ἐπικαλούμενοι
854 5571 952 5641 τὴν
1002 5571 1171 5640 αὐτὴν
1221 5569 1378 5641 ἡμῶν
1415 5571 1738 5640 ποιήσασθαι
1770 5570 1966 5640 ἐπιμέ-

475 5739 501 5776 ¹
539 5741 661 5798 Scr.
698 5743 936 5800 Ῥαασίν.
1014 5746 1034 5776 ³
1065 5743 1232 5800 Exod.
1262 5760 1352 5812 xv,
1389 5744 1441 5802 ί.

1519 5745 1540 5779 ³
1572 5745 1675 5802 lsa.
1711 5759 1824 5814 vm,
1856 5745 1908 5811 6,
1951 5745 2001 5800 7.
2078 5747 2098 5776 ’⁵
2121 5743 2279 5802 Joan.
2319 5761 2394 5815 Ix,
2420 5745 2472 5801 6.

2038 1931 2450 1988 similitudinem
2508 1931 2795 2002 praeditum
2852 1931 3250 1988 conﬁciendum
3304 1933 3612 1998 hausimus,

2043 2032 2101 2075 ut
2128 2021 2318 2077 eodem
2365 2023 2548 2077 divina
2577 2039 2679 2093 ope
2702 2024 2849 2077 victo
2870 2039 2934 2078 ac
2960 2022 3259 2094 proﬂigato,
3289 2024 3616 2094 triumphale

2040 2113 2174 2167 illud
2209 2128 2428 2169 carmen
2458 2115 2706 2169 accinere
2732 2115 3038 2183 possimus:
3063 2114 3344 2170 Cantemus
3367 2115 3613 2178 Domino,

2040 2203 2266 2272 gloriose
2299 2205 2438 2256 enim
2473 2204 2838 2273 magniﬁcatus
2867 2213 2966 2267 est,
2999 2221 3185 2275 equum
3214 2212 3264 2259 et
3291 2221 3617 2259 ascensorem

2042 2294 2228 2363 dejecit
2251 2296 2304 2348 in
2327 2311 2470 2348 mare
2485 2305 2525 2348 ι.
2559 2295 2735 2366 Caput
2763 2295 2926 2364 igitur
2951 2296 3207 2352 draconis
3235 2311 3397 2368 supra
3422 2311 3618 2367 aquam

2043 2385 2190 2439 illam
2241 2385 2624 2451 contrivimus,
2678 2402 2800 2457 quae
2841 2387 3052 2457 placide
3088 2387 3308 2454 labitur,
3356 2389 3621 2460 cujusque

2046 2479 2172 2532 novi
2201 2479 2279 2532 illi
2309 2487 2433 2549 post
2460 2478 2677 2534 Iudaeos
2705 2479 3037 2535 haereditatis
3066 2495 3414 2550 possessores
3444 2480 3618 2550 parti-

2046 2569 2195 2638 cipes
2226 2584 2350 2626 esse
2377 2571 2699 2626 noluerunt:
2740 2579 2932 2625 contra
2962 2585 3103 2641 quos
3133 2571 3394 2641 propheta
3424 2572 3504 2628 sic
3531 2572 3612 2626 in-

2047 2660 2262 2715 vehitur
2288 2680 2301 2715 :
2323 2661 2586 2727 Quoniam
2616 2661 2862 2716 noluistis
2889 2679 3082 2732 aquam
3104 2661 3399 2732 Siloe,quaz
3432 2663 3618 2716 leniter

2047 2752 2364 2826 currit,_sed
2411 2751 2675 2806 maluistis
2707 2751 2842 2806 Raso
2888 2769 3078 2822 regem,
3127 2763 3178 2807 et
3218 2753 3406 2808 Tabeel
3440 2753 3614 2822 ﬁlium

2050 2839 2319 2904 Romeliw,
2352 2857 2466 2894 ecce
2492 2842 2733 2894 immittet
2765 2840 3022 2895 Dominus
3050 2843 3106 2894 in
3135 2858 3221 2895 vos
3252 2858 3442 2913 aquam
3465 2843 3614 2910 ﬂuvii

2049 2932 2350 2997 violentam,
2374 2948 2544 3002 regem
2568 2932 2907 3002 Assyriorum
2926 2933 2969 2999 ³,
2991 2941 3096 2989 etc.
3127 2931 3236 2988 Nos
3261 2943 3442 2988 autem
3465 2949 3622 3004 opem

2054 3038 2084 3076 a
2118 3023 2347 3078 Domino
2395 3026 2696 3086 consecuti,
2750 3025 2852 3079 hoc
2890 3033 2973 3079 est
3007 3032 3226 3095 sputum
3259 3025 3393 3080 illud
3434 3040 3465 3079 a
3498 3042 3624 3080 vera

2055 3130 2216 3170 carne
2259 3115 2312 3168 in
2363 3125 2564 3170 terram
2594 3116 2876 3178 emissum,
2924 3123 2978 3170 et
3010 3117 3179 3170 lutum
3210 3130 3276 3170 ex
3320 3116 3413 3169 illo
3464 3124 3624 3186 sputo

2057 3205 2304 3260 factum‘
2345 3214 2508 3276 atque
2571 3207 2743 3261 oculis
2790 3207 2995 3262 nostris
3045 3207 3264 3270 illitum,
3313 3218 3369 3260 ut
3417 3209 3510 3278 qui
3567 3210 3624 3263 in

2057 3313 2267 3352 summa
2290 3298 2416 3351 olim
2440 3299 2744 3368 ignorantia
2765 3298 3141 3364 versabamur,
3157 3299 3441 3354 veritatem
3464 3300 3625 3354 modo

2057 3389 2442 3458 percipiamus,
2490 3389 2774 3456 abeuntes,
2815 3398 2870 3444 et
2911 3389 2965 3442 in
2995 3389 3140 3444 Siloe
3171 3389 3315 3459 quod
3358 3391 3626 3460 interpre-

2057 3489 2203 3534 tatur
2225 3482 2468 3548 missus",
2495 3481 2597 3535 hoc
2622 3489 2725 3542 est.
2757 3481 2810 3534 in
2843 3481 3081 3535 humana
3109 3481 3311 3536 Christi
3343 3491 3534 3536 natura
3560 3497 3626 3538 ac

2057 3573 2339 3628 divinitate
2375 3573 2613 3644 perfecta
2653 3574 2765 3639 loti,
2798 3581 3119 3643 recuperato
3162 3574 3303 3637 visu,
3336 3573 3624 3628 Dominum

2059 3678 2400 3733 nequaquam
2445 3663 2678 3732 amplius
2722 3665 3075 3735 abnegamus,
3117 3666 3364 3734 quamvis
3405 3663 3474 3718 ab
3513 3665 3633 3723 Arii

2060 3753 2296 3808 factione
2336 3761 2391 3808 et
2424 3750 2738 3807 Iudaeorum
2813 3755 3226 3809 successoribus
3265 3755 3334 3808 ab
3375 3755 3630 3808 omnibus

2065 3842 2352 3920 synagogis
2388 3843 2833 3896 exterminemur.
2900 3843 3177 3912 Siquidem
3209 3850 3262 3897 et
3297 3843 3386 3895 isti
3412 3843 3630 3896 illorum

2060 3933 2236 3989 instar
2261 3933 2640 3995 decreverunt,
2682 3940 2774 3998 ut,
2809 3932 2902 4001 qui
2941 3931 3223 3985 Dominum
3259 3931 3629 3996 conﬁteretur,

2062 4023 2131 4077 ab
2160 4023 2398 4092 ipsorum
2427 4021 2788 4076 conventibus
2815 4022 2977 4091 807
3008 4021 3442 4085 excluderetur“,
3475 4029 3534 4075 ut
3562 4021 3631 4076 ab

2062 4128 2147 4176 eo,
2202 4113 2289 4166 cui
2335 4113 2489 4166 visus
2533 4113 2820 4167 restitutus
2874 4111 3072 4175 fuerat,
3107 4112 3240 4165 nihil
3281 4112 3524 4166 videntes
3573 4126 3635 4166 se

2063 4202 2316 4256 convinci
2375 4216 2438 4254 ac
2467 4201 2718 4270 redargui
2751 4209 3136 4256 monstrarent.
3174 4200 3383 4255 Etenim
3421 4204 3522 4258 nisi
3550 4210 3636 4256 to-

2063 4303 2178 4348 tum
2213 4294 2426 4348 illorum
2451 4296 2889 4349 conventiculum
2924 4303 3250 4350 cxcaacatum
3281 4303 3447 4358 esset,
3492 4312 3635 4350 nun-

2067 4401 2228 4454 quam
2274 4386 2448 4450 illum,
2504 4387 2661 4454 cujus
2713 4387 2886 4456 aperti
2931 4385 3144 4441 fuerant
3175 4386 3341 4448 oculi,
3390 4387 3458 4440 ab
3484 4387 3636 4441 omni

2066 4477 2450 4532 communione
2498 4478 2922 4547 proscriberent.
2977 4478 3211 4548 Agendae
3257 4478 3484 4547 proinde
3529 4477 3636 4531 Do-

2068 4571 2215 4624 mino
2255 4570 2442 4639 gratiae
2471 4577 2620 4632 sunt,
2657 4570 2801 4638 quod
2830 4577 2884 4624 et
2911 4569 3124 4622 videndi
3159 4584 3379 4623 sensum
3413 4584 3638 4638 recupe-

2063 4659 2323 4724 ravimus,
2356 4665 2411 4712 et
2445 4659 2589 4712 hunc
2632 4660 2809 4728 ipsum
2845 4660 3172 4712 conlitemur
3205 4667 3371 4727 atque
3428 4659 3638 4712 incom-

2066 4751 2242 4806 modis
2288 4751 2542 4806 omnibus
2584 4753 2883 4806 remedium
2925 4751 3306 4813 adhibuimus,
3360 4751 3406 4806 si
3455 4758 3636 4804 tamen

2066 4841 2347 4910 praeceptis
2377 4841 2524 4896 illius
2551 4855 2755 4896 morem
2786 4857 3062 4912 geramus,
3089 4852 3143 4896 et
3171 4850 3479 4908 serpentem
3509 4857 3638 4911 pro-
3679 4827 3681 4830 ί

2065 4934 2419 4995 calcavimus,
2454 4934 2708 4988 draconis
2743 4942 2906 5003 caput
2932 4934 3022 4987 Dei
3050 4949 3152 5004 ope
3183 4949 3247 4987 ac
3280 4936 3480 4988 virtute
3513 4948 3638 5003 pro-

2068 5025 2342 5080 trivimus.
2402 5025 2502 5079 Cui
2545 5026 2739 5096 gloria,
2786 5026 2982 5091 honor,
3038 5026 3345 5094 imperium,
3386 5025 3536 5080 Patri
3581 5026 3638 5079 in

2070 5112 2231 5179 Filio,
2265 5114 2400 5167 Filio
2432 5113 2489 5167 in
2522 5113 2702 5179 Patre,
2735 5129 2860 5169 cum
2893 5113 3096 5184 Spiritu
3130 5125 3319 5169 sancto
3350 5114 3407 5168 in
3439 5115 3640 5170 saecula

2071 5205 2415 5257 smculorum.
2455 5209 2648 5258 Amen.

2137 5293 2290 5348 Nunc
2340 5296 2408 5349 ab
2476 5296 2579 5349 hac
2644 5303 2927 5366 septenum
2975 5297 3212 5367 capitum
3247 5309 3311 5348 ac
3349 5293 3640 5364 multiplici

2069 5385 2162 5439 scd
2188 5394 2396 5439 mortua
2418 5387 2529 5455 jam
2549 5387 2718 5456 hydra
2746 5387 2999 5456 digressi,
3023 5389 3258 5456 reliquas
3288 5385 3356 5439 ad
3379 5385 3636 5447 haareses,
3673 5433 3677 5438 .

2067 5495 2101 5532 ο
2131 5478 2467 5541 charissimi,
2504 5487 2867 5532 transeamus.
2900 5477 3004 5531 Sed
3038 5476 3130 5530 Dei
3172 5477 3226 5530 in
3257 5475 3446 5546 primis
3483 5475 3639 5528 auxi—

2071 5571 2201 5623 lium
2270 5570 2642 5642 imploremus,
2694 5575 2754 5621 ut
2802 5569 3044 5622 eamdem
3096 5568 3255 5623 nobis
3307 5569 3500 5639 iisque,
3545 5566 3638 5636 qui

2559 5746 2731 5803 l‘ihid.
2767 5747 2816 5800 7.
2895 5747 2914 5779 ⁸
2961 5731 3216 5800 ἱῢίᾱζὲἳ.

3481 353 3592 414 354
3686 409 3691 415 .
