4138 6396
511 355 618 413 555

1920 350 1977 406 5.
2017 349 2358 407 EPIPHANII

3675 365 3780 419 336

512 473 656 526 banc
691 475 934 524 nostram
960 465 1396 522 lucubrationem
1443 465 1619 536 legere
1669 466 1961 529 voluerint,
1995 483 2090 522 eu-

2194 470 2343 525 λειαν
2363 514 2376 538 ,
2413 473 2506 528 καὶ
2535 479 2640 528 τῶν
2685 475 3024 547 βουλομένων
3061 475 3236 548 τούτῳ
3275 477 3356 549 τῷ
3388 479 3663 550 πονήματι
3692 482 3754 536 ὲν

514 578 628 618 ram
656 576 720 615 ac
744 557 1138 631 providentiam
1178 555 1472 621 adhibeat,
1503 564 1560 611 ut
1597 566 1651 613 et
1687 557 1779 627 qui
1813 558 2087 614 morsibus

516 654 735 724 appetiti
796 659 924 708 sunt
964 656 1356 722 persanentur,
1415 655 1470 702 et
1511 650 1605 719 qui
1643 649 1885 704 nondum
1930 649 1984 704 in
2020 650 2088 704 il-

511 745 618 799 iam
656 743 1018 798 calamitatem
1061 741 1372 807 inciderint,
1411 738 1479 795 ad
1517 755 1635 797 eam
1670 740 1968 796 cavendam
2006 741 2090 795 in-

512 844 814 892 struantur.

584 998 599 1024 ³
619 1001 746 1055 Cor.
771 990 1136 1062 δεδηγμένων.
1171 989 1240 1044 At
1273 988 1409 1062 Reg.
1441 987 1611 1045 τῶνδε
1637 989 1747 1044 τῶν
1769 987 2084 1061 δηγμάτων.

2192 567 2482 638 τυγχάνειν
2513 609 2528 635 ,
2582 569 2662 632 είς
2717 567 2861 626 ἴασιν
2910 568 3020 622 τῶν
3069 569 3430 641 δεδειγμένων
3470 572 3523 636 ¹,
3568 576 3661 628 καὶ
3698 578 3776 641 είς

2193 660 2477 731 διόρθωσιν
2504 659 2612 714 τῶν
2647 659 2723 733 μὴ
2751 661 2810 715 ὲν
2838 663 3027 727 κακοῖς
3050 661 3151 734 ήδη
3187 662 3607 731 ὲξετασθέντων.

518 1169 3740 1214 W‘:

1418 1334 1598 1386 ΤΑΔΕ
1647 1331 1923 1386 ΕΝΕΣΤΙ
1959 1331 2090 1384 ΚΑΙ
2139 1330 2243 1383 EN
2291 1329 2376 1398 Τῼ
2414 1329 2655 1398 ΠΡΩΤῼ
2697 1330 2890 1400 ΤΟΜῼ

1776 1484 1913 1540 ΤΟΥ
1951 1483 2204 1539 ΤΡΙΤΟΥ
2231 1483 2513 1538 ΒΙΒΛΙΟΥ

511 1648 733 1704 Ἕκτον
767 1645 837 1700 δὲ
873 1643 1050 1707 ὄντος
1074 1644 1258 1715 τόμου
1282 1681 1298 1710 ,
1341 1642 1470 1695 καθ’
1509 1639 1580 1694 ὃν
1617 1639 1867 1711 ἀριθμὸν
1903 1640 2265 1726 προείπομεν
2289 1655 2305 1671 ο
2357 1639 2428 1693 ἐν
2463 1630 2514 1707 ᾧ
2562 1641 2722 1695 είσιν
2769 1638 3032 1709 αἱρέσεις
3081 1639 3232 1695 ἑπτὰ
3280 1639 3392 1694 σὺν
3464 1639 3588 1707 τοῖς
3633 1640 3769 1710 σχί-

1891 1725 2122 1780 quth
2149 1725 2358 1776 ουτως.

761 1935 930 2007 808
959 1934 1359 1997 INDICULUS
1411 1933 1837 1996 HERESEON
1886 1935 2057 2007 QUxE
2114 1937 2195 1998 IN
2245 1938 2394 2000 HOC
2440 1939 2682 2001 PRIMO
2741 1939 2948 2000 TOMO
2997 1940 3209 2001 LIBRI
3260 1945 3341 2004 lII

1945 2111 2344 2169 CONTINENTUR,

511 2259 620 2340 qui
661 2263 753 2322 est
808 2273 886 2320 ex
926 2257 1208 2336 instituto
1256 2260 1573 2318 tomorum
1632 2251 1854 2316 ordine
1907 2252 2010 2327 VI,
2059 2253 2297 2394 int-guo
2350 2253 2625 2318 haereses
2684 2263 2952 2338 septem,
3008 2259 3434 2323 adnumeratis
3483 2267 3544 2324 et
3594 2261 3766 2324 schi-

1980 2349 2161 2394 smat
2209 2351 2301 2394 us.

1980 2349 2301 2394 SIDdllDUS.

583 2598 942 2654 Audianorum
1000 2592 1218 2665 proprie
1268 2591 1505 2646 schisma
1546 2603 1610 2644 ac
1679 2587 1937 2653 defectio,
1977 2603 2086 2643 non

2261 2589 2571 2648 Αῠδιανῶν
2599 2595 2943 2666 ἀφηνιασμὸς
2983 2596 3076 2649 καὶ
3109 2597 3336 2668 σχίσμα,
3363 2597 3427 2650 ού
3461 2598 3645 2669 μέντοι
3677 2598 3764 2652 αἴ-

514 2691 737 2748 Ιιαπθμὶε
764 2695 866 2744 est.
899 2686 1104 2741 Horum
1130 2685 1268 2738 bene
1296 2683 1548 2738 instituta
1570 2681 1784 2735 vivendi
1812 2681 1952 2734 ratio
1980 2688 2085 2735 est.

513 2784 620 2840 Sed
652 2797 850 2853 neque,
886 2779 1032 2851 quod
1072 2778 1137 2832 ad
1183 2775 1342 2831 ﬁdem
1380 2775 1593 2837 attinet,
1627 2773 1694 2827 ab
1722 2772 2089 2827 Ecclesia‘ca-

514 2874 711 2929 tholica
756 2871 1108 2927 dissentiunt.
1167 2866 1426 2920 Habitant
1474 2864 1667 2934 majori
1716 2878 1783 2919 ex
1833 2870 1986 2932 parte
2033 2863 2089 2915 in

513 2957 1236 3030 monasteriis.Apocryphis
1265 2955 1418 3010 libris
1442 2962 1496 3009 et
1553 2953 1740 3009 multis
1768 2961 1821 3008 et
1848 2951 1914 3005 ad
1947 2952 2093 3007 fasti-

513 3055 664 3110 dium
713 3053 1032 3107 abutuntur.
1087 3047 1420 3101 Communes
1474 3044 1758 3099 nobiscum
1812 3044 2091 3098 orationes

514 3158 623 3198 non
654 3141 889 3205 habent;
938 3153 1061 3193 nam
1094 3137 1379 3206 episcopos
1409 3142 1649 3199 nostros,
1685 3148 1897 3188 necnon
1929 3143 1982 3188 et
2008 3135 2092 3187 di-

514 3233 672 3299 vites,
705 3231 948 3300 aliosque
975 3226 1356 3281 condemnant.
1385 3223 1526 3289 Quin
1551 3225 1714 3277 etiam
1748 3221 1959 3276 Pascha
1988 3223 2094 3292 pri-

511 3323 678 3378 vatim
710 3321 899 3376 eodem
930 3332 1040 3390 quo
1069 3315 1241 3370 Judaei
1278 3323 1520 3385 tempore
1549 3314 1849 3368 celebrant.
1913 3315 2008 3370 Est
2038 3324 2092 3370 et

513 3410 771 3482 quiddam
819 3409 1094 3480 peculiare
1144 3404 1300 3475 ipsis,
1353 3405 1498 3474 quod
1541 3403 1839 3459 defendunt
1880 3419 2093 3460 summa

513 3500 878 3558 contentione.
945 3496 1156 3566 Quippe
1190 3494 1334 3564 quod
1367 3492 1434 3547 ad
1489 3495 1773 3564 imaginem
1824 3498 2090 3565 scriptum

514 3602 621 3662 est,
647 3591 838 3648 durius
873 3591 1317 3658 interpretantur.

591 3681 916 3737 Photiniani.
951 3677 1218 3732 Photinus
1245 3677 1347 3732 iste
1375 3674 1578 3730 Sirmio
1607 3675 1873 3731 oriundus
1899 3677 1967 3731 ad
1993 3677 2093 3732 bo-

516 3775 768 3830 dieruum
806 3786 979 3841 usque
1021 3777 1235 3839 tempus
1269 3767 1562 3822 oberrabat
1625 3765 1729 3834 Qui
1753 3767 1969 3837 quidem
2000 3783 2093 3823 ea-

517 3868 637 3922 dem
669 3879 792 3919 cum
823 3862 990 3915 Paulo
1023 3861 1380 3914 Samosateno
1414 3861 1596 3913 sentit.
1653 3857 1925 3912 Nonnulla
1961 3867 2091 3914 sunt

2193 2701 2360 2756 ρεσις.
2393 2681 2549 2740 Οὗτοι
2605 2687 2702 2758 μὲν
2734 2686 3011 2759 διαγωγὴν
3055 2689 3150 2742 καὶ
3192 2689 3307 2760 βίον
3336 2687 3396 2744 εὖ
3434 2690 3764 2762 τεταγμένον

2191 2777 2480 2850 κέκτηνται
2504 2795 2519 2810 ·
2554 2780 2662 2834 sici.
2707 2781 2765 2834 δὲ
2809 2780 2952 2834 κατά
2983 2782 3160 2836 πάντα
3186 2782 3284 2854 τὴν
3313 2783 3492 2835 πίστιν
3527 2782 3761 2853 ἔχοντες,

2189 2867 2264 2932 ὡς
2291 2871 2323 2939 ἠ
2353 2869 2613 2942 καθολικὴ
2650 2870 2965 2942 Ἐκκλησία.
2991 2873 3346 2945 Μοναστήρια
3378 2873 3434 2927 δὲ
3468 2876 3516 2926 οἱ
3550 2873 3766 2936 πλείους

2191 2961 2527 3016 κατοικοῦσι.
2560 2964 2875 3035 Κέχρηνται
2916 2964 2972 3018 δὲ
3016 2967 3110 3018 καὶ
3181 2964 3521 3037 άποκρύφοις
3551 2965 3767 3029 πολλοῖς

2192 3055 2528 3126 κατακόρως.
2561 3055 2634 3108 Ού
2667 3055 3014 3125 συνεύχονται
3045 3055 3102 3108 δὲ
3138 3057 3271 3127 ἡμῖν
3291 3097 3306 3124 ,
3357 3055 3615 3125 ψέγοντες
3639 3058 3767 3119 τοὺς

2191 3147 2321 3218 παρ’
2373 3148 2503 3217 ημῖν
2553 3147 2884 3211 ἐπισκόπους
2911 3187 2926 3212 ,
2981 3147 3308 3213 πλουσίους,
3371 3149 3465 3201 καὶ
3523 3149 3715 3211 ἄλλους
3749 3165 3762 3178 ·

2191 3237 2325 3291 ἀλλὰ
2378 3240 2470 3292 καὶ
2511 3238 2600 3292 διὰ
2645 3239 2706 3292 τὸ
2732 3239 2926 3310 Πάσχα
2967 3242 3141 3293 ποιεῖν
3195 3240 3505 3303 ἰδιαζόντως
3531 3282 3546 3307 ,
3583 3241 3671 3292 ὅτε
3715 3241 3765 3293 oi

2203 3330 2443 3382 Ἰουδαῖοι
2482 3331 2747 3385 ποιοῦσιν.
2786 3332 3009 3402 Ἔχουσι
3063 3332 3119 3385 δὲ
3164 3332 3258 3385 καὶ
3294 3332 3558 3386 ίδιωτικόν
3587 3350 3639 3385 τι
3673 3333 3768 3385 καὶ

2191 3423 2512 3492 φιλόνεικον,
2549 3423 2820 3496 ξηρότατα
2858 3425 2920 3477 τὸ
2958 3428 3085 3479 κατ’
3115 3426 3317 3479 εἰκόνα
3347 3424 3764 3496 ἑρμηνεύοντες.

2261 3682 2658 3736 Φωτεινιανοι.
2709 3666 2877 3745 Οὗτος
2935 3685 2964 3736 ό
3010 3684 3277 3748 Φωτεινδς
3303 3724 3318 3748 ,
3376 3683 3483 3738 ἀπὸ
3538 3685 3765 3756 Σιρμίου

2191 3772 2480 3843 ὑπάρχων,
2512 3771 2592 3826 ἔτι
2636 3774 2730 3826 καὶ
2777 3773 2935 3845 δεῦρο
2986 3775 3338 3846 περιενόστει.
3386 3778 3482 3840 Ὃς
3521 3776 3589 3830 τά
3627 3777 3765 3831 αὐτὰ

2189 3863 2386 3934 Παύλῳ
2430 3863 2509 3934 τῷ
2545 3865 2849 3935 Σαμοσατεί
2897 3867 3184 3937 ἐφρόνησε.
3227 3866 3382 3920 Κατά
3427 3885 3479 3920 τι
3530 3867 3587 3920 δὲ
3631 3869 3765 3938 πρὸς

516 3967 719 4019 tamen,
755 3956 810 4010 in
842 3955 1039 4024 quibus
1069 3953 1136 4006 ab
1164 3953 1353 4007 eodem
1381 3949 1629 4006 dissidet.
1681 3948 1827 4005 Idem
1861 3967 1892 4006 e
1920 3950 2090 4007 Maria

2195 3957 2401 4008 ἐκεῖνον
2437 3956 2804 4028 διαφέρονται.
2846 3958 2955 4010 Καὶ
2986 3958 3139 4010 αὐτοὶ
3168 3958 3262 4012 καὶ
3285 3959 3393 4012 άπὸ
3424 3959 3642 4028 Μαρίας
3673 3960 3766 4012 καὶ

517 4049 798 4105 Christum
830 4047 1043 4100 initium
1085 4045 1300 4114 penitus
1329 4042 1608 4111 accepisse
1641 4049 1815 4112 putat.

589 4140 947 4198 Marcelliani.
1021 4137 1224 4191 Horum
1280 4135 1569 4190 Marcellus
1620 4143 1814 4189 auctor
1857 4135 2088 4201 exstitit,

519 4236 747 4308 Ancyrae
791 4235 844 4287 in
887 4230 1096 4285 Galatia
1126 4230 1435 4298 episcopus,
1485 4227 1598 4297 qui,
1642 4242 1767 4281 cum
1804 4226 1962 4280 initio
1993 4242 2091 4296 pro

519 4326 828 4380 Sabelliano
851 4319 1124 4378 communi
1157 4318 1296 4371 fama
1330 4316 1614 4372 traductus
1642 4323 1808 4380 esset,
1846 4318 2089 4386 seipsum

518 4419 681 4474 etiam
721 4417 924 4485 scripto
969 4425 1340 4482 smpenumero
1387 4417 1695 4480 purgasset,
1741 4425 1771 4462 a
1817 4408 2092 4479 plerisque

518 4517 700 4563 tamen
734 4505 998 4561 creditum
1037 4511 1142 4568 est,
1208 4501 1274 4554 ad
1320 4499 1538 4555 easdem
1584 4500 1762 4571 ipsum
1805 4500 2125 4570 opiniones

516 4603 906 4656 adium-escere.
950 4595 1089 4650 Fieri
1119 4602 1296 4665 potest
1340 4602 1398 4648 ut
1436 4595 1520 4649 vel
1551 4594 1666 4664 ipse
1696 4601 1904 4647 mutata
1962 4609 2087 4649 sen-

519 4692 690 4746 tentia
727 4689 999 4742 meliorem
1044 4686 1108 4739 ad
1152 4694 1386 4738 mentem
1424 4699 1546 4738 sese
1591 4685 1950 4748 revocaverit,
2007 4684 2090 4738 vel

519 4788 638 4853 ejus
671 4779 943 4850 discipuli.
978 4775 1114 4830 Nam
1145 4789 1243 4846 pro
1276 4774 1522 4844 utrisque
1547 4774 1838 4829 orthodoxi
1866 4775 2088 4844 quidam

517 4890 640 4931 sese
667 4871 985 4927 defensores
1016 4869 1480 4937 interposuerunt.

573 4963 912 5021 Semiariani.
929 4960 1204 5016 Christum
1221 4959 1296 5012 illi
1312 4967 1620 5012 creaturam
1635 4972 1758 5014 esse
1773 4957 2090 5024 dicunt,sed

515 5052 824 5112 cavillando
841 5061 1019 5108 tamen
1038 5057 1236 5120 negant
1249 5059 1566 5104 exterarum
1578 5057 1952 5104 creaturarum
1969 5065 2091 5107 esse

516 5148 780 5212 similem;
803 5143 975 5214 809
991 5142 1084 5198 sed
1110 5142 1327 5205 Filium,
1347 5142 1620 5212 inquiunt,
1646 5141 1798 5195 illum
1820 5142 2086 5208 dicimus;

513 5253 705 5295 verum
736 5252 805 5292 ne
827 5252 895 5291 ex
914 5234 1261 5306 generatione
1288 5233 1405 5303 ipsa
1427 5233 1536 5287 ulla
1561 5233 1616 5286 in
1631 5231 1850 5288 Patrem
1876 5232 2090 5288 atl‘ectio

518 5333 813 5394 derivetur,
852 5327 1104 5384 eumdem
1143 5334 1384 5382 creatum
1423 5325 1763 5381 conﬁtemur.
1831 5324 1998 5382 Iidem
2031 5335 2086 5382 et

518 5422 784 5492 Spiritum
810 5427 1061 5475 sanctum
1080 5420 1302 5474 omnino
1323 5425 1629 5474 creaturam
1650 5431 1772 5472 esse
1797 5417 2082 5485 deﬁniunt;

519 5526 752 5581 cumque
797 5509 1098 5582 ὁμοούσιον,
1147 5508 1200 5563 id
1230 5517 1313 5563 est
1354 5506 1877 5572 consubstantialem,
1927 5522 2090 5577 repu.

521 5603 688 5666 dient,
727 5602 1081 5674 ὁμοιοούσιον,
1111 5602 1212 5656 hoc
1246 5607 1332 5656 est
1357 5599 1661 5655 substantia
1701 5599 1954 5665 similem,
1990 5601 2088 5656 ad-

522 5691 763 5747 mittunt.
825 5691 981 5758 Quod
1026 5693 1202 5762 ipsum
1242 5699 1421 5746 tamen
1475 5689 1698 5761 quidam
1738 5707 1802 5746 ex
1855 5691 1964 5747 illis
2007 5708 2090 5746 rc-

521 5795 746 5852 spuant.

2191 4042 2350 4114 δεῦρο
2386 4043 2477 4096 τὸν
2511 4045 2742 4114 Χριστὸν
2781 4045 3233 4100 διαϐεϐαιοῦνται.

2263 4136 2724 4202 Μαρκελλιανοί.
2779 4136 2910 4188 Ἀπὸ
2933 4137 3256 4207 Μαρκέλλου
3287 4135 3381 4190 τοῦ
3415 4137 3525 4190 ἀπὺ
3571 4138 3766 4204 ’Δγκύ-

2195 4242 2292 4297 ρας
2317 4228 2416 4297 τῆς
2450 4227 2734 4291 Γαλατίας.
2759 4221 2946 4290 Οὗτος.
2979 4230 3036 4280 ἐν
3066 4230 3208 4300 ἀρχῇ
3240 4228 3642 4299 παραπλησίως
3663 4229 3766 4280 Σα-

2191 4317 2384 4388 ϐελλίῳ
2444 4320 2758 4388 φρονήσας,
2813 4318 3163 4390 διεφημίσθη.
3211 4319 3305 4381 Εἰς
3361 4319 3657 4386 ἀπολογίας
3709 4317 3766 4371 δὲ

2191 4409 2448 4473 πολλάκις
2503 4409 2672 4463 ἐλθὼν
2710 4450 2724 4474 ,
2770 4412 2863 4463 καὶ
2921 4411 3212 4482 ἐγγράφως
3265 4409 3763 4482 ἀπολογησάμενος,

2191 4500 2343 4572 παρά
2400 4501 2608 4554 πολλῶν
2659 4505 2772 4566 τοῖς
2839 4504 3022 4566 αὐτοῖς
3083 4503 3342 4574 ἐμμένειν
3389 4500 3761 4572 κατηγορήθη.

2194 4593 2358 4656 Ἴσως
2402 4593 2459 4646 δὲ
2504 4595 2801 4664 μεταγνοὺς
2835 4595 2976 4665 τάχα
3012 4595 3205 4648 ἑαυτὸν
3237 4593 3616 4665 διωρθώσατο,
3646 4593 3678 4664 ἢ
3714 4592 3762 4643 οἱ

2190 4683 2352 4736 αὑτοῦ
2411 4684 2667 4755 μαθηταί.
2742 4685 2910 4756 Ὑπὲρ
2985 4685 3148 4739 αὑτοῦ
3201 4687 3309 4755 γὰρ
3362 4683 3394 4755 ἢ
3455 4684 3593 4754 ὑπὲρ
3655 4683 3763 4735 τῶν

2190 4773 2356 4827 αὐτοῦ
2398 4775 2652 4846 μαθητῶν
2692 4775 2960 4848 ὀρθόδοξοί
2999 4793 3142 4840 τινες
3196 4776 3376 4848 μέσως
3419 4774 3760 4848 ὑπεραπελο-

2189 4867 2402 4937 γοῦντο.

2271 4960 2601 5030 Ἠμιάρειοι.
2642 4962 2704 5015 Ol
2732 4962 2966 5033 Χριστὸν
2991 4960 3089 5033 μὲν
3119 4960 3324 5032 κτίσμα
3352 4959 3760 5032 ὁμολογοῦντες,

2191 5051 2443 5122 εἰρωνείᾳ
2490 5051 2548 5105 δὲ
2579 5053 2785 5123 κτίσμα
2833 5052 2995 5106 αὐτὸν
3038 5052 3371 5122 φάσκοντες,
3409 5050 3523 5104 ἀλλ’
3561 5052 3659 5121 ούχ
3688 5051 3760 5114 ὡς

2191 5141 2250 5194 ἓν
2270 5141 2377 5194 τῶν
2404 5143 2742 5213 κτισμάτων·
2773 5143 2939 5206 ἀλλὰ,
2979 5146 3141 5214 φασὶν
3161 5184 3178 5208 ,
3224 5144 3350 5197 Υίὸν
3378 5143 3606 5214 λέγομεν
3631 5164 3644 5176 ο
3674 5145 3764 5198 διά

2191 5233 2248 5286 δὲ
2276 5233 2337 5286 τὸ
2367 5233 2441 5305 μὴ
2477 5234 2647 5298 πάθος
2684 5236 2960 5306 προσάψαι
2999 5235 3078 5307 τῷ
3107 5238 3283 5308 Πατρλ¹
3317 5237 3405 5292 διὰ
3446 5238 3540 5292 τοῦ
3577 5254 3764 5305 γεγεν-

2191 5323 2432 5394 νηκέναι,
2470 5324 2685 5376 κτιστὸν
2715 5324 2874 5378 αὐτὸν
2905 5325 3155 5396 λέγομεν.
3208 5326 3476 5391 Ὡσαύτως
3513 5327 3609 5381 καὶ
3637 5325 3764 5395 περί

2191 5415 2286 5469 τοῦ
2307 5415 2448 5469 Πνεύ
2457 5433 2624 5486 ματος
2655 5415 2749 5468 τοῦ
2793 5417 2947 5485 ἁγίου
2969 5457 2983 5480 ,
3011 5419 3214 5490 κτίσμα
3261 5418 3536 5480 παντελῶς
3558 5417 3766 5487 ὁρίζον-

2193 5521 2314 5570 ται,
2367 5505 2837 5575 παρεκὸάλλοντες
2871 5507 2999 5559 Υίοῦ
3052 5507 3118 5561 τὸ
3170 5509 3525 5576 όμοούσιον,
3581 5509 3768 5573 dumo.

2191 5600 2406 5653 ούσιον
2434 5599 2488 5651 δὲ
2517 5599 2728 5652 θέλουσι
2755 5599 2954 5668 λέγειν.
2990 5600 3166 5654 Ἀλλοι
3214 5600 3270 5654 δὲ
3295 5598 3355 5665 ἐξ
3380 5599 3557 5654 αὐτῶν
3587 5601 3683 5652 καὶ
3705 5595 3768 5646 τὸ

2192 5691 2527 5762 ὁμοιοούσιον
2558 5691 2944 5761 παρεξέϐαλον.
