4138 6396
363 355 468 412 337

1389 357 1756 415 ADVERSUS
1783 358 2126 416 HERESES
2154 361 2281 418 LIB.
2322 361 2417 416 111.
2452 361 2616 418 ΤΟΜ.
2658 360 2696 414 1.

3524 358 3634 418 338

441 469 954 540 ηγευματομὰχοι.
991 467 1150 528 Οὗτοι
1187 476 1316 545 περὶ
1348 475 1449 547 μὲν
1487 477 1724 548 Χριστοῦ
1772 479 1951 542 καλῶς

2133 481 2626 536 Pneumatomachi.
2660 477 2734 533 De
2770 474 2992 532 Christo
3043 475 3132 532 isti
3176 491 3282 530 non
3324 475 3465 529 male
3509 490 3633 530 sen-

365 572 572 636 ξχουσι,
618 561 680 616 τὸ
717 563 944 634 Πνεῦμα
979 562 1042 618 τδ
1087 563 1243 632 ἅγιον
1289 565 1692 638 βλασφημοῦσι,
1734 567 1952 622 κτιστδν

365 653 502 709 αὐτὸ
539 653 870 730 ὁριζόμενοι,
900 654 995 708 καὶ
1025 654 1126 709 οὐκ
1154 654 1213 708 ὃν
1241 657 1305 710 ὲκ
1324 657 1424 728 τῆς
1457 657 1730 730 Θεότητος,
1757 657 1954 730 μᾶλλον

367 746 425 799 δὲ
458 745 920 818 καταχρηστικῶς
947 746 1036 800 διὰ
1063 748 1346 820 ἐνέργειαν
1368 751 1677 817 κεκτίσθαι,
1701 753 1956 822 ἁγιαστι-

371 837 476 910 κὴν
505 838 638 892 αὐτὸ
665 837 895 912 δύναμιν
918 839 1218 910 φάσκοντες
1245 837 1384 896 εἶναι
1420 842 1600 914 μόνον.

461 1041 766 1110 ’Aeptarol.
817 1035 986 1106 Οῦτος
1034 1042 1244 1115 ’Λέριος
1282 1043 1391 1098 ἀπὸ
1446 1045 1649 1099 Πόντου
1700 1046 1955 1118 ὁρμᾶται.

379 1135 503 1188 Ἔτι
563 1133 619 1186 δὲ
663 1133 825 1204 δεῦρο
884 1133 1132 1206 περίεστι
1169 1135 1479 1208 πειρασμὸς
1535 1136 1614 1207 τῷ
1657 1136 1775 1208 βίῳ.
1821 1137 1962 1208 Πρε-

379 1224 642 1297 σϐύτερος
691 1219 849 1288 οὗτος
877 1221 945 1296 ἦν
978 1225 1072 1280 τοῦ
1115 1227 1413 1281 ἐπισκόπου
1441 1227 1541 1282 τοῦ
1565 1229 1864 1284 Εὑσταθίου
1904 1231 1962 1283 ὲν

393 1318 687 1389 ’Ᾱρειανοῖς
729 1316 1110 1388 διαϐληθέντος
1134 1334 1148 1349 ο
1194 1318 1291 1371 καὶ
1337 1319 1524 1391 ἐπειδὴ
1560 1321 1721 1384 αὐτὸς
1758 1321 1964 1394 ’Λέριος

381 1410 442 1463 οὐ
464 1408 772 1480 κατεστάθη
809 1408 1125 1477 ἐπίσκοπος,
1158 1409 1330 1464 πολλὰ
1354 1411 1494 1464 κατὰ
1511 1412 1610 1483 τῆς
1641 1411 1963 1484 Ἐκκλησίας

383 1500 726 1572 ἐδογμάτισε,
756 1503 822 1572 τῆ
853 1501 950 1571 μὲν
982 1501 1162 1554 πίστει
1188 1500 1265 1554 ὢν
1311 1502 1586 1574 ’Δρειανδς
1609 1503 1963 1570 τελειότατος,

385 1581 765 1665 περιττότερον
821 1592 877 1646 δὲ
928 1591 1265 1664 δογματίζει.
1329 1595 1421 1666 Μὴ
1467 1594 1576 1649 δεῖν
1628 1613 1760 1668 φησι
1809 1614 1968 1669 προσ-

386 1686 572 1757 φέρειν
601 1685 742 1755 ὑπὲρ
802 1684 912 1739 τῶν
964 1686 1508 1757 προκεκοιμημένων.
1572 1686 1870 1758 Νηστεύειν
1912 1688 1969 1742 δὲ

386 1777 618 1848 τετράδα
669 1776 766 1830 καὶ
813 1765 1193 1849 προσάϐϐατον
1227 1778 1320 1831 καὶ
1371 1778 1824 1850 Τεσσαρακοστὴν
1877 1779 1971 1834 καὶ

388 1871 582 1940 Πάσχα
627 1869 860 1924 κωλύει·
891 1868 1192 1935 ἁποταξίαν
1243 1869 1528 1942 κηρύσσει.
1562 1871 1970 1944 Σαρκοφαγίαις

386 1961 444 2014 δὲ
475 1960 754 2023 παντοίαις
783 1959 1046 2032 κέχρηται
1085 1960 1180 2014 καὶ
1201 1963 1434 2030 τρυφαῖς
1463 1962 1655 2026 ἀδεῶς.
1688 1963 1750 2015 Et
1793 1961 1850 2015 δέ
1887 1980 1972 2026 τις

389 2052 500 2105 τῶν
552 2050 716 2106 αὐτοῦ
768 2051 1008 2122 βούλοιτο
1060 2051 1364 2124 νηστεύειν,
1409 2053 1484 2125 μὴ
1519 2055 1576 2106 ὲν
1622 2055 1855 2126 ἡμέραις
1887 2073 1974 2108 τε-

393 2143 694 2213 ταγμέναις
730 2144 917 2214 φησὶν,
966 2143 1081 2198 ἀλλ’
1120 2144 1209 2196 ὅτε
1251 2142 1520 2214 βούλεται.
1563 2145 1637 2198 Οὐ
1663 2145 1770 2217 γὰρ
1794 2141 1841 2198 εἶ
1869 2145 1976 2199 ὑπὸ

393 2235 578 2304 νόμον.
611 2235 814 2288 Φάσκει
841 2235 898 2288 δὲ
921 2235 1058 2306 μηδὲ
1089 2229 1227 2289 εἶναι
1255 2233 1655 2307 διαφορώτερον
1679 2237 1976 2290 ἐπίσκοπον

395 2324 793 2396 πρεσϐυτέρου.

483 2525 780 2579 Ἀετιανοί.
829 2527 892 2579 Οί
930 2525 1038 2579 ἀπὸ
1078 2525 1284 2579 Ἀετίου
1315 2523 1408 2578 τοῦ
1457 2523 1700 2587 Κίλικος,
1734 2522 1978 2576 διακόνου

396 2615 692 2686 γενομένου
723 2616 828 2669 ὑπὸ
853 2616 1126 2688 Γεωργίου
1156 2615 1250 2669 τοῦ
1281 2614 1392 2669 τῶν
1429 2613 1721 2686 Ἀρειανῶν
1761 2613 1982 2667 ὲπισκόυ

399 2725 502 2761 που
527 2709 626 2779 τῆς
668 2707 1099 2779 Ἀλεξανδρείας.
1125 2709 1174 2761 οἱ
1205 2708 1298 2762 καὶ
1335 2708 1602 2778 Ἀνόμοιοι
1635 2706 1980 2778 καλούμενοι,

399 2797 554 2868 παρά
612 2814 722 2850 τισι
773 2797 830 2851 δὲ
865 2797 1187 2868 Εὑνομιανοὶ
1223 2796 1289 2849 δι’
1337 2795 1599 2866 Εὑνόμιόν
1647 2811 1768 2849 τινα
1811 2793 1986 2864 μαθη-

400 2888 499 2959 τὴν
527 2888 621 2942 τοῦ
678 2887 882 2942 Ἀετίου
921 2888 1211 2958 γενόμενον
1237 2887 1316 2940 ἔτι
1352 2887 1634 2958 περιόντα.
1665 2887 1771 2940 Σὺν
1804 2885 1985 2949 αὐτοῖς

398 2977 458 3031 δὲ
484 2973 551 3048 ἦν
575 2977 670 3030 καὶ⁵
694 2977 944 3041 Εὐδόξιος
967 2993 980 3007 ⁸
1010 2977 1145 3031 ἀλλὰ
1172 2976 1332 3048 δῆθεν
1368 2975 1457 3030 διὰ
1479 2976 1569 3029 τὸν
1601 2975 1738 3048 πρὸς
1763 2975 1854 3028 τὸν
1889 2973 1986 3045 βα·-

404 3070 560 3124 σιλέα
590 3069 682 3123 τὸν
732 3069 1110 3123 Κωνστάντιον
1142 3069 1304 3140 φόϐον
1351 3068 1626 3141 ἀφώρισεν
1657 3067 1868 3132 ἑαυτὸν,
1893 3067 1988 3120 καί

2055 575 2236 642 tiunt;
2287 576 2382 630 sed
2433 575 2488 628 in
2543 571 2806 642 Spiritum
2839 577 3090 626 sanctum
3143 567 3508 622 contumelias
3541 565 3629 636 ja-

2056 668 2246 730 ciunt,
2305 681 2429 720 cum
2463 673 2520 720 et
2561 670 2805 718 creatum
2837 666 3172 725 asseverant,
3205 667 3257 712 et
3287 673 3318 712 a
3349 657 3637 712 divinitate

2057 755 2342 824 rejiciant:
2377 757 2488 810 imo
2518 769 2648 810 vero
2673 751 2937 808 abusione
2963 750 3198 821 quadam
3232 749 3385 804 vocis
3411 754 3638 820 propter

2059 846 2332 902 actionem
2375 847 2550 918 ipsam
2608 851 2852 900 creatum
2909 857 3031 898 esse
3087 840 3311 906 dicant;
3352 855 3454 896 nec
3485 837 3635 895 aliud

2060 951 2182 993 esse
2211 935 2530 1007 quidquam.
2567 942 2764 1007 praeter
2794 935 2902 987 vim
2940 930 3344 988 sanctificandi.

2133 1049 2374 1104 Aeriani.
2399 1046 2597 1102 Acrius
2616 1060 2646 1101 e
2664 1044 2836 1100 Ponto
2861 1043 3130 1098 oriundus
3151 1042 3424 1113 hodieque
3442 1056 3636 1112 magna

2064 1139 2289 1193 humani
2323 1137 2542 1209 generis
2586 1136 2901 1190 calamitate
2940 1140 3209 1204 superest.
3261 1131 3463 1187 Fuerat
3507 1133 3637 1187 olim

2066 1228 2335 1284 Eustathii
2383 1228 2623 1299 episcopi
2651 1268 2666 1294 ,
2700 1225 2792 1297 qui
2823 1225 3010 1278 Ariani
3041 1225 3246 1280 erroris
3285 1224 3638 1279 insimulatus

2065 1327 2190 1382 est,
2226 1319 2540 1391 presbyter;
2595 1318 2688 1388 qui
2728 1316 2873 1388 quod
2912 1317 3203 1386 episcopus
3257 1324 3475 1371 creatus
3528 1331 3639 1371 non

2066 1418 2231 1471 esset,
2252 1411 2418 1465 multa
2441 1409 2702 1465 adversus
2727 1408 3051 1463 catholicam
3071 1406 3364 1462 Ecclesiam
3389 1408 3639 1478 dogmata

2068 1509 2416 1557 commentus
2442 1509 2547 1562 est.
2579 1516 2665 1568 ac,
2703 1500 2849 1572 quod
2879 1499 2948 1554 ad
2977 1497 3138 1555 ﬁdem
3181 1499 3398 1562 attinet,
3425 1513 3610 1568 germa
3629 1526 3641 1535 η

2068 1611 2176 1650 nus
2197 1595 2311 1649 Arii
2336 1601 2573 1650 sectator
2605 1602 2708 1650 est.
2741 1591 2846 1648 Sed
2877 1592 3114 1664 amplius
3144 1591 3400 1661 quiddam
3427 1589 3646 1662 proﬁte-

2069 1693 2195 1740 tur:
2231 1685 2534 1742 oblationes
2578 1699 2678 1756 pro
2729 1684 2961 1739 mortuis
3017 1698 3124 1738 non
3156 1697 3277 1738 esse
3327 1681 3645 1752 faciendas;

2070 1777 2280 1848 jejunia
2337 1783 2547 1849 quartae
2581 1775 2728 1832 feria:
2751 1816 2766 1842 ,
2806 1784 2860 1831 et
2895 1775 3229 1831 Parasceves
3252 1814 3268 1840 ,
3297 1789 3362 1830 ac
3400 1773 3649 1841 Quadra-

2074 1869 2340 1939 gesimze,
2400 1883 2617 1924 necnon
2668 1874 2723 1922 et
2775 1865 3060 1922 Paschalis
3117 1866 3428 1931 interdicit;
3461 1881 3647 1921 rerum

2073 1959 2315 2014 omnium
2351 1959 2813 2015 renuntiationem
2846 1957 3137 2028 prmdicat;
3168 1957 3413 2012 carnium
3448 1973 3512 2012 ac
3554 1957 3652 2014 de—

2075 2051 2324 2106 liciarum
2373 2052 2442 2106 ad
2481 2051 2648 2105 vitam
2701 2064 2862 2104 omne
2901 2064 3072 2118 genus
3119 2048 3358 2104 adhibet.
3397 2047 3553 2114 Quod
3601 2046 3650 2104 si

2075 2141 2201 2213 quis
2251 2148 2580 2197 sectatorum
2630 2153 2856 2195 suorum
2907 2138 3157 2208 jejunare
3201 2137 3367 2202 velit,
3411 2137 3653 2193 deﬁnitis

2075 2235 2180 2289 hoc
2213 2234 2408 2289 diebus
2454 2232 2633 2287 facere
2666 2230 2959 2302 prohibet,
2996 2230 3090 2285 sed
3145 2229 3362 2299 quando
3407 2230 3649 2286 libuerit.

2076 2325 2266 2396 Neque
2293 2325 2461 2391 enim,
2491 2323 2693 2394 inquit,
2724 2322 2830 2393 legi
2875 2321 3156 2391 subjectus
3199 2337 3279 2378 es.
3322 2320 3652 2393 Episcopum

2080 2418 2238 2473 docet
2267 2416 2442 2471 nihilo
2481 2414 2916 2486 praestantiorem
2949 2429 3071 2468 esse
3101 2413 3442 2485 presbytero.

2152 2529 2383 2584 Aetiam’.
2432 2527 2607 2598 llujus
2639 2525 2865 2583 haeresis
2910 2525 3102 2582 Aetius
3151 2526 3372 2597 quidam
3406 2528 3658 2581 inventor

2081 2621 2321 2685 exstitit,
2353 2633 2551 2690 genere
2599 2617 2775 2682 Cilix,
2824 2617 2919 2687 qui
2979 2631 3010 2670 a
3043 2615 3276 2689 Georgio
3323 2616 3654 2671 Arianorum

2083 2711 2340 2781 episcopo
2378 2708 2644 2762 diaconus
2693 2705 2980 2760 ordinatus
3045 2712 3148 2759 est.
3203 2705 3494 2761 Anommos
3536 2704 3660 2758 illos

2085 2801 2395 2870 appellant;
2444 2798 2536 2852 alii
2567 2795 2937 2850 Eunomianos
2961 2834 2976 2858 ,
3026 2795 3094 2850 ab
3128 2794 3393 2848 Eunomio
3423 2792 3658 2864 quodam

2085 2891 2226 2947 Aetii
2267 2890 2558 2959 discipulo,
2590 2888 2683 2958 qui
2711 2887 2813 2942 hoc
2842 2897 3083 2956 tempore
3115 2893 3386 2956 superest.
3428 2883 3661 2938 Earum-

2089 2982 2211 3036 dem
2243 2980 2478 3050 partium
2508 2988 2626 3034 erat
2651 2987 2703 3034 et
2731 2976 3011 3032 Eudoxius
3039 2993 3054 3042 ;
3085 2974 3184 3032 sed
3209 2974 3519 3031 Constantii
3554 2975 3658 3028 im-

2089 3073 2359 3144 peratoris
2386 3079 2532 3126 metu
2562 3071 2631 3124 ab
2660 3069 2768 3124 illis
2811 3084 2870 3124 se
2905 3081 3199 3139 segregans
3226 3065 3444 3122 Aetium
3483 3065 3662 3122 solum

408 3161 612 3232 μᾶλλον
655 3159 746 3214 τὸν
796 3160 1000 3214 Ἀέτιον
1055 3157 1333 3231 ἐξώρισεν.
1370 3161 1591 3229 Ἔμεινε
1635 3159 1691 3213 δὲ
1737 3159 1982 3226 Εὐδόξιος

2091 3165 2319 3235 relegari
2368 3178 2565 3234 passus
2593 3170 2708 3226 est,
2745 3175 3054 3232 quanquam
3099 3161 3153 3215 in
3175 3159 3382 3214 Ariano
3412 3159 3664 3228 dogmate

406 3255 754 3326 ἀρειανίζων,
814 3254 874 3306 οὐ
920 3252 1102 3324 μέντοι
1143 3270 1208 3322 γε
1250 3251 1391 3306 κατὰ
1432 3251 1525 3305 τὸν
1569 3251 1790 3306 Ἀέτιον.
1829 3244 1988 3306 Οὗτοι

422 3341 708 3409 Ἀνόμοιοι,
769 3341 818 3392 οί
871 3340 965 3394 καλ⁴
1012 3341 1296 3404 ’Λετιανοὶ,
1330 3340 1380 3393 οἳ
1417 3340 1731 3394 παντάπασι
1762 3339 1992 3412 Χριστὸν

409 3432 507 3486 καὶ
536 3431 597 3484 τὸ
635 3429 788 3499 ἆγιον
827 3429 1055 3502 Πνεῦμα
1105 3430 1527 3502 ἁπαλλοτριοῦσι
1576 3429 1736 3498 Θεοῦ,
1778 3431 1993 3485 κτιστδν

408 3522 570 3576 αὐτὸν
599 3521 1084 3594 διαϐεϐαιούμενοι,
1108 3523 1203 3578 καὶ
1229 3524 1351 3577 οὐδὲ
1377 3523 1669 3595 ὁμοιότητά
1695 3541 1818 3579 τινα
1849 3524 1995 3596 ἔχειν

409 3616 682 3686 λέγουσιν.
721 3617 817 3670 Ἐκ
862 3616 1233 3688 συλλογισμῶν
1259 3616 1370 3689 γὰρ
1411 3617 1505 3670 καὶ
1548 3616 1994 3688 Ἀριστοτελικῶν

411 3711 510 3764 καὶ
537 3707 928 3780 γεωμετρικῶν
953 3708 1042 3761 τὸν
1081 3708 1212 3762 Θεὸν
1263 3709 1534 3779 παριστᾷν
1567 3707 1866 3778 βούλονται,
1903 3709 1997 3762 καὶ

413 3800 646 3871 Χριστὸν
666 3800 826 3866 δῆθεν
857 3799 931 3870 μὴ
969 3799 1228 3853 δύνασθαι
1263 3794 1402 3852 εἶναι
1445 3801 1511 3853 ὲκ
1531 3799 1664 3852 Θεοῦ
1699 3800 1786 3853 διὰ
1822 3799 1997 3854 τοιοῦ-

413 3907 543 3944 των.
571 3890 634 3943 Οί
670 3889 727 3942 δὲ
759 3889 853 3942 ἀπ’
877 3886 1043 3942 αὑτοῦ
1085 3889 1406 3960 Εὐνομιανοὶ
1447 3890 1463 3920 ¹
1513 3888 1837 3960 καλούμενοι
1870 3892 2000 3945 ἀνα-

415 3979 739 4044 ϐαπτίζουσι
770 3979 977 4043 πάντας
1000 3980 1127 4044 τοὺς
1157 3980 1292 4051 πρὸς
1329 3980 1525 4044 αὐτοὺς
1559 3981 1908 4054 ἐρχομένους,
1936 3984 1998 4038 οὐ

421 4073 584 4143 μόνον
613 4073 656 4134 ⁸,
691 4070 825 4124 ἀλλὰ
853 4071 947 4125 καὶ
969 4071 1096 4134 τοὺς
1117 4071 1225 4124 ἀπὸ
1260 4070 1572 4142 Ἀρειανῶν,
1604 4072 1744 4126 κατὰ
1759 4073 2002 4143 κεφαλῆς

418 4164 533 4217 ἄνω
574 4164 703 4226 τοὺς
741 4163 908 4226 πόδας
962 4162 1287 4234 στρέφοντες
1319 4162 1426 4216 τῶν
1460 4161 1890 4234 βαπτιζομένων,
1926 4165 2003 4228 ὼς

419 4255 589 4318 πολὺς
627 4254 811 4327 ᾅδεται
848 4253 1023 4324 λόγος.
1063 4255 1136 4308 Τὸ
1167 4253 1224 4307 δὲ
1252 4253 1518 4325 σφαλῆναι
1557 4253 1614 4306 έν
1646 4271 1750 4308 τινι
1778 4255 2004 4328 πορνείᾳ

420 4345 455 4414 ἢ
484 4346 646 4418 ἑτέρα
670 4347 918 4418 ἁμαρτία
951 4345 1101 4400 οὐδὲν
1125 4340 1266 4399 εἷναί
1305 4362 1468 4414 φασιν
1488 4362 1502 4376 ⁸
1529 4345 1682 4399 οὐδὲν
1715 4345 1824 4417 γὰρ
1854 4348 2006 4417 ζητεῖ

419 4436 555 4499 Θεὸς
584 4437 720 4490 ἀλλὰ
752 4437 814 4492 τὸ
842 4433 982 4492 εἶναι
1008 4439 1068 4492 ὲν
1097 4437 1272 4512 ταύτῃ
1306 4438 1444 4510 μόνῃ
1481 4438 1547 4508 τῇ
1578 4435 1759 4490 αὐτῶν
1788 4439 2004 4510 νομιζο-

427 4529 566 4601 μένῃ
592 4531 796 4584 πίστει.

495 4636 663 4698 Αῦταί
710 4645 772 4698 τέ
826 4641 965 4698 εἰσιν
1018 4643 1220 4717 ὁμοίως
1263 4646 1357 4699 καὶ
1397 4646 1490 4700 τοῦ
1533 4646 1716 4718 τρίτου
1772 4644 1998 4716 βιϐλίου,

425 4732 586 4788 ἓκτου
612 4735 670 4788 δὲ
695 4733 847 4800 ὄντος
883 4734 1054 4806 τόμου
1087 4734 1230 4789 κατὰ
1257 4735 1354 4806 τὴν
1394 4734 1738 4803 ἀκολουθίαν,
1761 4735 2007 4806 αἱρέσεις

427 4825 588 4880 ἑπτά.

503 5089 521 5121 ⁸
556 5087 612 5142 In
658 5087 789 5160 Reg.
833 5090 1166 5160 Εὑγενιανοὶ.
1249 5091 1270 5122 ¹
1299 5089 1460 5147 Deest
1483 5088 1819 5162 ὁρθοδόξους.

2091 3256 2499 3328 perseveravit,
2557 3253 2652 3308 sed
2712 3253 2926 3309 Aetium
2991 3251 3214 3307 minime
3274 3260 3496 3306 secutus
3557 3257 3661 3305 est.

2093 3347 2264 3403 Porro
2291 3346 2562 3412 Anomoei,
2597 3347 2710 3402 sive
2739 3343 2952 3401 Aetiani
2989 3343 3288 3408 Christum,
3320 3350 3374 3398 et
3402 3341 3664 3413 Spiritum

2094 3448 2345 3498 sanctum
2381 3454 2412 3494 a
2453 3437 2566 3494 Deo
2608 3437 2856 3493 funditus
2899 3435 3136 3492 alienum
3171 3449 3295 3491 esse
3348 3433 3666 3506 praedicant,

2096 3545 2234 3598 quos
2261 3537 2476 3584 creatos
2506 3542 2630 3583 esse
2655 3567 2670 3590 ,
2701 3541 2880 3596 neque
2903 3524 3202 3595 quidquam
3233 3523 3432 3580 habere
3473 3522 3670 3578 simili-

2094 3620 2302 3676 tudinis
2361 3626 2638 3675 asserunt.
2685 3617 2896 3688 Quippe
2951 3615 3283 3687 syllogismis
3339 3613 3669 3685 quibusdam

2095 3712 2460 3767 Aristotelicis
2491 3725 2554 3765 ac
2601 3708 2948 3780 geometricis
2974 3706 3068 3762 Dei
3115 3716 3366 3761 naturam
3395 3705 3672 3776 explicare

2098 3803 2361 3867 student;
2399 3799 2702 3871 iisdemque
2740 3799 2970 3870 probare
2998 3797 3280 3854 Christum
3315 3812 3346 3852 a
3389 3795 3504 3852 Deo
3536 3795 3670 3850 oriri

2097 3895 2264 3966 810
2298 3909 2406 3950 non
2446 3910 2626 3964 posse.
2658 3891 2982 3947 Eunomiani
3015 3905 3147 3946 vero
3180 3889 3248 3944 ab
3282 3887 3403 3959 ipso
3433 3885 3663 3958 profecti

2099 4002 2291 4043 omnes
2316 4026 2332 4051 ,
2369 3987 2462 4057 qu’i
2493 3987 2558 4040 ad
2593 3985 2896 4042 seveniunt
2917 4025 2934 4050 ,
2976 3985 3175 4041 iterato
3205 3981 3487 4053 baptizant
3509 4021 3526 4047 ,
3562 3995 3670 4034 non

2099 4074 2414 4130 Catholicos
2442 4074 2649 4138 solum,
2683 4072 2775 4128 sed
2811 4073 2896 4128 vel
2938 4071 3172 4128 Ariauos
3201 4071 3351 4140 ipsos
3375 4085 3390 4134 ;
3420 4066 3585 4137 idque
3607 4079 3675 4122 eo

2101 4167 2264 4222 modo
2289 4206 2306 4231 ,
2360 4174 2421 4220 ut
2458 4166 2688 4236 pedibus
2739 4165 2794 4220 in
2833 4165 3033 4220 cmlum
3071 4161 3353 4219 conversis
3402 4161 3460 4215 in
3511 4165 3677 4230 caput

2104 4258 2227 4312 illos
2261 4257 2563 4330 intingant,
2591 4257 2737 4327 quod
2783 4257 2851 4312 de
2885 4255 2995 4311 illis
3023 4252 3354 4326 percrebuit.
3389 4249 3674 4320 Stuprum,

2105 4354 2198 4400 aut
2224 4345 2370 4400 aliud
2419 4345 2700 4416 quodlibet
2745 4353 3027 4416 peccatum
3062 4342 3198 4397 nihil
3231 4355 3354 4398 esse
3382 4339 3672 4404 dictitant;

2107 4453 2282 4508 neque
2309 4437 2454 4492 enim
2498 4437 2668 4492 Deum
2698 4436 2845 4491 aliud
2885 4449 3130 4504 quaerere
3153 4473 3169 4500 ,
3200 4446 3363 4504 quam
3414 4436 3476 4486 ut
3518 4430 3574 4486 in
3608 4443 3674 4486 en

2033 4521 2085 4584 D
2109 4528 2244 4588 sola.
2274 4543 2436 4599 quam
2477 4527 2580 4600 ipsi
2608 4528 2930 4600 praedicant,
2969 4526 3072 4583 ﬁde
3102 4529 3498 4597 perseveretur.

2179 4640 2273 4697 Ha:
2307 4651 2435 4698 sunt
2469 4642 2704 4699 haereses
2751 4641 2859 4696 illa:
2904 4648 3112 4711 septem
3138 4681 3154 4708 ,
3182 4652 3320 4711 quas
3360 4643 3548 4696 sextus
3575 4633 3678 4691 iste

2108 4733 2236 4789 libri
2275 4733 2422 4789 tertii
2453 4742 2638 4791 tomus
2675 4733 3076 4806 complectitur.
