4138 6396
537 418 645 476 ’559
1897 424 1950 478 S.
1994 423 2330 479 ΕΡΙΡΙΙΛΝΙΙ

1065 797 1446 886 ΤΟΜΟΣ
1510 798 1948 884 ΠΡΩΤΟΣ
2025 798 2252 884 ΤΟΥ
2323 799 2721 885 ΤΡΙΤΟΥ
2801 797 3264 886 ΒΙΒΛΙΟΥ.

1597 1120 1927 1210 LIBRI
2009 1123 2152 1210 III
2234 1119 2641 1214 TOMUS
2715 1124 2796 1210 Ι.

633 1455 638 1458 .
715 1421 877 1492 ειι
908 1418 994 1473 ne
1034 1417 1424 1475 SCHISMATE
1451 1417 1934 1487 AUDIANOBUM,

2349 1441 2508 1495 ΠΕΡΙ
2529 1440 2666 1493 ΤΟΥ
2694 1438 3084 1494 ΣΧΙΣΜΑΤΟΣ
3122 1443 3257 1496 ΤΩΝ
3283 1444 3649 1508 ΑΥΔΙΑΝΩΝ,

861 1532 992 1600 Qui:
1019 1541 1094 1586 est
1131 1532 1344 1587 heresis
1384 1532 1447 1600 L,
1478 1533 1583 1587 sive
1613 1531 1776 1588 LXX.

612 1647 650 1702 Ι.
680 1646 934 1709 Audiani,
966 1647 1079 1700 sive
1113 1643 1326 1710 Odiani,
1353 1647 1404 1700 in
1437 1655 1638 1701 emtum
1663 1649 1950 1717 quemdam
1981 1663 2112 1703 con-

543 1746 872 1808 ventumque
905 1737 1138 1802 collecti,
1173 1739 1228 1791 in
1279 1739 1627 1793 monasteriis
1668 1739 1915 1793 habitant
1956 1747 2010 1795 et
2044 1740 2111 1795 ab

544 1829 822 1882 hominum
855 1828 1249 1883 consuetudine
1277 1831 1537 1898 separati,
1570 1832 1764 1899 partim
1789 1831 1841 1884 in
1861 1833 2113 1886 solitudi-

543 1921 726 1985 nibus,
756 1921 951 1990 partim
978 1935 1144 1989 pr0pe
1179 1921 1374 1990 oppida
1399 1961 1413 1985 ,
1449 1930 1541 1975 aut
1572 1922 1624 1975 in
1653 1923 1982 1978 suburbanis
2021 1924 2112 1978 dc-

543 2022 710 2081 gunt;
736 2021 831 2065 aut
860 2012 1174 2082 ubicunque
1209 2015 1518 2067 mansiones
1543 2030 1671 2069 suas
1717 2017 1830 2070 sive
1863 2016 2112 2070 cmnobia

543 2102 882 2156 collocarint.
927 2099 1102 2171 Hujus
1149 2110 1308 2156 secta:
1341 2103 1590 2156 conditor
1642 2103 1741 2157 fuit
1770 2104 1979 2160 Audius
2009 2105 2112 2159 sub

542 2193 656 2247 Arii
704 2203 946 2264 tempora
972 2233 986 2259 ,
1018 2193 1238 2262 quando
1269 2194 1531 2250 adversus
1560 2195 1705 2249 hunc
1734 2197 1962 2250 collecta
1997 2196 2113 2265 epi-

539 2301 832 2356 scoporum
868 2285 1111 2357 synodus
1137 2293 1242 2350 est,
1284 2300 1314 2338 a
1336 2287 1536 2356 quibus
1566 2295 1650 2341 est
1679 2288 1769 2340 ille
1799 2288 2110 2341 damnatus.

544 2378 650 2434 Sed
696 2378 909 2432 Audius
945 2393 976 2432 e
1024 2376 1413 2446 Mesopotamia
1441 2378 1709 2433 oriundus
1755 2378 1899 2431 domi
1929 2381 2112 2433 clarus

542 2473 598 2526 in
647 2471 843 2542 primis
874 2471 976 2525 fuit
1003 2511 1017 2534 ,
1057 2478 1277 2542 propter
1309 2479 1362 2523 et
1388 2469 1511 2524 vitae
1544 2471 1909 2541 integritatem
1941 2479 1993 2524 et
2025 2472 2111 2525 di-

541 2564 681 2618 vina:
714 2563 836 2618 lidei
873 2563 1049 2616 zelum
1085 2570 1139 2616 et
1178 2561 1452 2615 ardorem.
1503 2561 1606 2627 Qui
1635 2577 1758 2616 cum
1797 2577 1939 2632 saepe
1973 2578 2114 2616 non-

541 2655 688 2710 nulla
719 2653 943 2717 videret,
976 2667 1095 2722 quae
1116 2653 1169 2705 in
1214 2651 1474 2707 Ecclesiis
1513 2667 1792 2722 perperam
1826 2661 2109 2722 geruntar,

2507 1549 2921 1617 Πεντηκοστὴ,
2950 1551 2989 1618 ἠ
3023 1551 3122 1604 καὶ
3143 1552 3504 1618 ἐπτακοστή.

2283 1665 2643 1730 Α’.Αύδιανοὶ,
2673 1665 2847 1718 εῖτουν
2888 1666 3135 1730 Ὠδιανοὶ,
3164 1668 3344 1736 τάγμα
3362 1668 3516 1720 εἰσίν.
3546 1662 3705 1722 Οὗτοι
3729 1671 3790 1724 δέ

2211 1759 2270 1810 ἐν
2315 1757 2696 1826 μοναστηρίοις
2755 1756 2856 1826 τὴν
2906 1757 3218 1827 κατοίκησιν
3253 1759 3541 1828 κέκτηνται
3579 1761 3789 1831 ἀναχωο

2214 1848 2452 1919 ροῦντες,
2482 1848 2668 1919 τάγμα
2697 1848 2849 1911 ὄντες
2877 1850 2933 1901 ἐν
2972 1850 3231 1919 ἐρημίαις
3257 1867 3312 1901 τε
3341 1851 3434 1903 καὶ
3469 1851 3784 1921 πλησιαίτε-

2213 1957 2306 2010 ρον
2352 1939 2580 2000 πόλεων,
2623 1941 2679 1991 ἐν
2715 1939 3060 2009 προαστείοις
3095 1957 3154 1992 τε
3183 1942 3276 1993 καὶ
3306 1941 3428 1993 ὅποι
3461 1942 3557 2004 τὰς
3584 1943 3790 1996 ἑαυτῶν

2216 2032 2382 2102 μονὰς
2410 2033 2526 2101 ἦτοι
2557 2031 2793 2102 μάνδρας
2827 2031 3056 2101 ἔχουσιν.
3091 2026 3259 2096 Οὗτος
3307 2033 3336 2084 ὁ
3364 2033 3555 2098 Λύδιος
3586 2035 3792 2091 τούτων

2212 2124 2450 2195 ἀρχηγὸς
2478 2123 2766 2192 γεγένηται
2787 2124 2845 2175 ἐν
2877 2123 3087 2192 χρόνοις
3133 2123 3363 2194 Ἀρείου,
3397 2125 3632 2196 ὁπηνίκα
3669 2143 3790 2178 συν-

2213 2217 2480 2286 εκρπήθη
2541 2214 2680 2268 κατὰ
2743 2214 2951 2284 Ἀρείου
2993 2217 3024 2282 ἡ
3062 2213 3275 2277 σύνοδος
3329 2214 3436 2266 τῶν
3471 2215 3632 2268 αὐτὸν
3668 2215 3793 2268 καθ-

2213 2307 2462 2360 ελόντων.
2495 2303 2604 2358 Ἦν
2631 2305 2687 2358 δὲ
2719 2308 2747 2358 ὁ
2772 2304 2909 2376 ἀνὴρ
2938 2305 3045 2358 ἀπὸ
3073 2305 3175 2374 τῆς
3203 2305 3390 2375 Μέσης
3405 2305 3510 2357 τῶν
3536 2306 3794 2376 ποταμῶν

2211 2397 2551 2469 ὁρμώμενος,
2604 2397 2871 2468 διαφανής
2914 2415 2995 2460 τις
3033 2397 3172 2450 κατὰ
3196 2400 3294 2468 τὴν
3331 2397 3523 2450 ἑαυτοῦ
3558 2399 3793 2470 πατρίδα

2211 2491 2298 2543 διὰ
2327 2490 2386 2542 τὸ
2413 2490 2712 2560 ἀκραιφνὲς
2741 2487 2834 2540 τοῦ
2860 2489 2998 2558 βίου,
3027 2491 3119 2542 καὶ
3148 2488 3290 2541 κατὰ
3321 2489 3454 2541 Θεὸν
3484 2489 3667 2561 ζήλου,
3701 2491 3794 2542 καὶ

2215 2583 2448 2645 πίστεως
2466 2600 2479 2612 °
2521 2582 2600 2645 ὃς,
2622 2581 2879 2646 πολλάκις
2909 2581 3179 2652 θεώμενος
3203 2582 3272 2635 τὰ
3310 2584 3368 2636 ἐν
3397 2586 3519 2646 ταῖς
3561 2583 3791 2652 Ἐκκλη-

2215 2675 2355 2737 σίαις
2409 2673 2694 2744 γενόμενα,
2744 2676 2824 2735 εἰς
2887 2674 3176 2744 πρόσωπον
3233 2673 3547 2726 ἐπισκόπωθ
3605 2691 3662 2725 τε
3703 2675 3795 2726 καὶ

539 2748 827 2817 episcopos
873 2759 937 2799 ac
988 2743 1334 2814 presbyteros
1365 2758 1547 2797 coram
1586 2743 1868 2812 increpare
1897 2759 1960 2796 ac
1989 2744 2112 2798 red-

2218 2766 2598 2836 πρεσὸυτέρων
2660 2765 2993 2833 ἐλεγκτικῶς
3057 2765 3321 2818 ἀντετίθει
3375 2769 3485 2828 τοῖς
3529 2765 3794 2829 τοιούτοις

542 2852 771 2908 arguere
827 2850 936 2890 non
1012 2835 1300 2889 verebatur
1350 2841 1404 2888 et
1455 2833 1747 2888 identidem
1829 2850 2049 2889 monere
2091 2855 2104 2888 :

539 2928 657 2984 Non
688 2929 884 2984 debent
910 2928 1023 2981 hare
1041 2928 1150 2980 isto
1179 2925 1340 2980 modo
1368 2925 1518 2991 ﬁeri;
1546 2940 1651 2980 non
1682 2927 1751 2979 ita
1790 2927 1904 2980 haec
1936 2927 2110 2980 admi-

540 3021 777 3076 nistrare
801 3018 1071 3074 convenit.
1089 3017 1236 3082 Haec,
1269 3025 1526 3088 tanquam
1550 3018 1793 3073 veritatis
1811 3033 2024 3082 amans,
2045 3034 2108 3074 ac

539 3113 704 3184 812
731 3119 926 3167 cetera
977 3110 1031 3166 id
1062 3126 1234 3181 genus
1267 3124 1535 3180 usurpare
1578 3109 1826 3171 solebat,
1867 3125 1988 3179 qua:
2016 3125 2110 3164 α-

539 3207 761 3278 quisitze
804 3205 1092 3276 probitatis
1136 3203 1448 3258 hominibus
1483 3202 1770 3256 familiaria
1803 3213 1969 3266 sunt,
2013 3203 2107 3271 qui

539 3299 612 3354 ob
633 3296 908 3368 egregium
938 3295 1157 3365 pietatis
1181 3295 1422 3350 studium
1460 3309 1726 3348 summam
1756 3294 1810 3347 in
1839 3294 2109 3364 loquendo

541 3389 844 3444 libertatem
876 3387 1154 3441 adhibent.
1201 3385 1381 3452 Quare
1436 3400 1560 3440 cum
1610 3386 1910 3452 nonnulla,
1965 3385 2110 3440 sicut

541 3484 676 3548 dixi,
713 3482 852 3536 male
885 3482 940 3536 in
971 3480 1229 3537 Ecclesiis
1268 3481 1381 3551 geri
1415 3487 1683 3545 cerneret,
1716 3494 2109 3550 nonnunquam

541 3590 663 3645 qua:
695 3573 920 3630 sentiret
955 3572 1138 3643 loqui,
1173 3586 1236 3626 ac
1286 3571 1612 3642 redarguere
1643 3572 1974 3641 cogebatur,
2008 3586 2109 3625 nec

540 3665 765 3722 omnino
798 3673 981 3718 tacere
1030 3672 1260 3734 poterat.
1304 3660 1460 3716 Velut
1507 3663 1554 3716 si
1604 3677 1768 3730 quem
1815 3676 1846 3716 e
1893 3661 2109 3716 clericis

544 3756 897 3827 pecuniarum
943 3754 1065 3825 plus
1103 3768 1258 3824 aequo
1291 3752 1550 3822 cupidum
1598 3751 1846 3818 videret,
1897 3752 2111 3822 episco-

542 3862 671 3917 pum
697 3883 712 3909 ,
740 3855 833 3899 aut
865 3845 1244 3915 presbyterum
1267 3883 1282 3907 ,
1313 3851 1408 3896 aut
1441 3843 1608 3895 alium
1633 3842 1943 3912 quempiam
1972 3882 1987 3907 ,
2015 3843 2110 3912 qui

541 3936 930 3992 ecclesiasticis
961 3934 1245 3990 ordinibus
1277 3941 1603 4000 censentur,
1637 3933 1970 4001 exprobrare
2003 3948 2110 3986 non

543 4027 862 4092 dubitabat;
917 4035 1010 4080 aut
1054 4026 1101 4082 si
1141 4025 1410 4096 quispiam
1467 4025 1600 4079 luxu
1649 4039 1713 4079 ac
1743 4023 1958 4082 deliciis
2009 4026 2112 4081 dif-

2215 2858 2418 2926 λέγων⁶
2447 2858 2522 2910 Ού
2544 2856 2648 2928 χρὴ
2686 2857 2860 2911 ταῦτα
2918 2856 3089 2919 οὕτως
3123 2856 3406 2925 γενέσθαι·
3455 2858 3554 2909 οὐκ
3595 2857 3798 2924 ὀφείλει

2214 2950 2386 3004 ταῦτα
2435 2949 2608 3013 οὕτως
2669 2949 3037 3021 πράττεσθαι·
3086 2949 3162 3012 ὡς
3195 2949 3334 3020 ἀνὴρ
3373 2949 3673 3020 ἀληθεύων,
3703 2950 3797 3002 καὶ

2214 3043 2371 3094 ὁποῖα
2415 3041 2558 3110 φιλεῖ
2591 3041 2699 3094 ὑπὸ
2730 3040 2838 3094 τῶν
2868 3041 3179 3111 φιλαλήθως
3197 3041 3796 3112 ἐλευθεροστομούντων

2214 3131 2444 3202 ἀνδρῶν,
2497 3131 2604 3185 τῶν
2668 3131 2901 3202 μάλιστα
2941 3131 3032 3184 τὸν
3064 3131 3176 3202 βίον
3213 3132 3488 3202 ἀκρότατα
3517 3131 3791 3201 βιούντων.

2217 3222 2306 3274 Διὸ
2329 3220 2555 3274 τοιαῦτα
2580 3222 2744 3293 ὁρῶν,
2774 3221 2851 3285 ὡς
2879 3225 3163 3293 προεῖπον,
3189 3222 3248 3276 ἐν
3273 3225 3392 3284 ταῖς
3427 3223 3798 3292 Ἐκκλησίαις,

2214 3312 2394 3366 λαλεῖν
2446 3313 2788 3384 ἠναγκάζετο
2841 3314 2978 3384 πρὸς
3027 3313 3268 3384 ἔλεγχον,
3305 3316 3400 3367 καὶ
3435 3315 3533 3367 οὐκ
3564 3313 3792 3367 ἐσιώπα.

2216 3404 2283 3456 Et
2309 3419 2431 3455 τινα
2480 3404 2588 3473 γὰρ
2613 3399 2719 3456 εἶδε
2745 3402 2854 3456 τῶν
2880 3403 3428 3474 φιλοχρηματούντων
3444 3403 3537 3456 τοῦ
3567 3404 3796 3474 κλήρου,

2215 3495 2248 3565 ἢ
2287 3495 2604 3560 ἐπίσκοπον,
2639 3495 2672 3566 ἥ
2709 3495 3100 3566 πρεσϐύτερον,
3135 3495 3168 3566 ἢ
3201 3496 3386 3568 ἕτερόν
3415 3513 3535 3550 τινα
3574 3496 3667 3548 τοῦ
3700 3513 3794 3548 κα·

2216 3585 2385 3649 νόνος,
2411 3587 2626 3650 πάντως
2656 3586 2973 3654 ἐφθέγγετο.
3008 3587 3116 3639 Καὶ
3144 3589 3192 3638 εί
3222 3586 3367 3658 ἐώρα
3387 3587 3507 3640 τινὰ
3542 3590 3598 3640 ὲν
3619 3591 3802 3658 τρυφῇ

2218 3676 2310 3730 καὶ
2342 3677 2610 3750 σπατάλῃ,
2641 3678 2675 3747 ἦ
2710 3694 2831 3730 τινα
2865 3678 3349 3749 παραχαράττοντα
3390 3680 3456 3732 τὰ
3489 3682 3546 3731 ἐν
3586 3678 3664 3748 τῷ
3708 3679 3798 3730 ἐκ-

2218 3769 2586 3841 κλησιαστικῷ
2632 3771 2940 3840 κηρύγματι
2976 3771 3068 3823 κα)⁸
3101 3771 3288 3841 θεσμῷ
3309 3771 3408 3842 τῆς
3453 3771 3794 3842 Ἐκκλησίας,

2221 3860 2296 3932 μὴ
2325 3861 2504 3933 φέρων
2553 3863 2582 3914 ὁ
2605 3863 2763 3932 ἀνὴρ,
2799 3862 3181 3931 προεϐάλλετο,
3205 3864 3278 3927 ὡς
3312 3864 3466 3933 ἔφην,
3496 3863 3586 3916 τὸν
3617 3863 3791 3929 λόγον.

2218 3950 2328 4002 Καὶ
2352 3947 2420 4022 ἦν
2453 3949 2610 4004 τοῦτο
2630 3954 2741 4014 τοῖς
2769 3951 2843 4022 μὴ
2871 3954 2962 4007 τὸν
3014 3954 3126 4023 βίον
3169 3953 3624 4024 δεδοκιμασμένον
3652 3952 3799 4023 ἔχου-

2222 4058 2304 4094 σιν
2337 4042 2593 4113 ἐπαχθές.
2633 4043 2916 4114 ’Υϐρίζετο
2955 4045 3011 4098 δὲ
3058 4045 3243 4097 ἕνεκεν
3273 4043 3484 4108 τούτου,
3521 4045 3613 4098 καὶ
3639 4046 3797 4097 ἀντει-

542 4120 754 4183 llueret,
787 4118 901 4173 sive
932 4117 1095 4171 ullam
1130 4116 1484 4172 ecclesiastici
1512 4115 1819 4187 dogmatis,
1854 4131 1919 4172 ac
1944 4117 2112 4172 disci-

2218 4133 2425 4201 λέγετο,
2456 4135 2713 4204 ἐμισεῖτο,
2747 4134 2908 4206 ἔφερε
2935 4135 3394 4205 κλυδωνιζόμενος
3415 4153 3472 4188 τε
3506 4137 3600 4188 καὶ
3629 4135 3798 4188 ὠθού-

544 4209 704 4282 pllna:
761 4216 968 4279 partem
1018 4207 1372 4262 adullerando
1425 4216 1841 4278 corrumperet,
1888 4209 2111 4278 patienti

543 4317 890 4374 nequaquam
923 4300 1106 4356 ferens
1141 4301 1344 4364 animo,
1364 4301 1564 4364 verbis,
1595 4301 1673 4355 uti
1707 4301 1848 4367 dixi,
1883 4303 2115 4373 castiga-

546 4397 656 4450 bat.
683 4392 838 4460 Quod
869 4392 1088 4464 quidem
1111 4392 1478 4448 dissolutioris
1504 4393 1627 4446 vita:
1663 4392 1975 4449 hominibus
2006 4410 2116 4447 mo-

546 4489 740 4544 lestum
774 4495 890 4541 erat
917 4525 932 4551 ,
965 4485 1111 4539 unde
1144 4485 1410 4539 maximas
1438 4491 1724 4554 propterea
1753 4486 2114 4540 contumelias

545 4580 828 4644 sustinuit,
861 4578 1074 4634 infestis
1101 4577 1341 4632 omnium
1393 4577 1619 4632 vocibus
1671 4585 1724 4632 et
1764 4577 1904 4633 odiis
1932 4579 2116 4649 exagi-

546 4683 714 4728 tatus.
749 4671 928 4725 Atille
955 4671 1194 4738 iactatus
1220 4670 1325 4723 hoc
1353 4669 1537 4734 modo,
1568 4679 1622 4724 et
1648 4667 1917 4737 pulsatus,
1952 4679 2117 4740 atque

545 4765 844 4836 ignominia
883 4763 1147 4828 ali‘ectus,
1194 4779 1349 4833 atquo
1393 4764 1576 4817 animo
1606 4765 1911 4830 tolerabat,
1955 4773 2117 4836 atque

544 4859 620 4914 ita
657 4859 748 4914 diu
804 4858 860 4912 in
903 4856 1156 4912 Ecclesia:
1187 4857 1567 4912 communione
1618 4858 1884 4928 perstitit,
1944 4858 2117 4913 donec

544 4951 917 5007 vehementius
940 4951 1130 5004 oll‘ensi
1157 4950 1376 5019 quidam
1409 4949 1480 5003 ob
1507 4965 1600 5004 eas
1622 4965 1818 5008 causas
1842 4950 2116 5005 hominem

544 5041 855 5098 exturbant.
886 5041 988 5107 Qui
1022 5041 1378 5096 nihilominus
1418 5041 1521 5096 ista
1571 5043 1849 5097 sustinens
1871 5083 1885 5107 ,
1925 5043 2020 5097 sed
2051 5043 2118 5096 ad

544 5136 828 5190 veritatem
881 5133 1259 5204 perferendam
1309 5134 1490 5190 acrius
1543 5134 1824 5200 intentus,
1865 5135 2120 5191 studebat

546 5227 761 5282 interim
803 5227 871 5281 ab
902 5227 1161 5282 Ecclesiae
1192 5227 1474 5281 catholica:
1501 5227 1891 5296 conjunctione
1918 5243 1982 5281 ac
2028 5243 2120 5282 so-

546 5317 744 5373 cietate
773 5318 998 5374 minime
1037 5317 1242 5372 divelli.
1277 5317 1476 5372 Verum
1525 5333 1650 5372 cum
1699 5319 1816 5389 ipse
1847 5334 1970 5374 cum
2003 5318 2120 5375 suis

547 5411 832 5482 vapularet
857 5451 872 5476 ,
901 5419 957 5467 et
986 5411 1206 5484 indigna
1235 5418 1513 5482 pateretur
1542 5450 1558 5475 ,
1589 5411 1674 5466 his
1707 5411 1866 5467 malis
1900 5412 2122 5481 ingemi-

2221 4239 2400 4291 μενος,
2435 4224 2527 4276 καὶ
2564 4224 2980 4294 ἀτιμαζόμενος,
3011 4226 3113 4288 ἕως
3144 4227 3333 4296 χρόνου
3378 4224 3561 4278 ἱκανοῦ
3593 4227 3648 4277 ἐν
3679 4227 3796 4287 ταῖς

2231 4315 2572 4384 Ἐκκλησίαις
2629 4315 2992 4386 συναγόμενος
3014 4333 3026 4346 ·
3063 4315 3165 4379 ἕως
3199 4317 3284 4368 ὅτε
3321 4314 3506 4378 δεινῶς
3537 4314 3796 4382 ἐνέγκαντ

2216 4405 2307 4468 τές
2346 4423 2487 4468 τινες
2514 4405 2721 4469 ἐξεοῦσι
2752 4406 2844 4459 τὸν
2877 4406 3042 4477 ἄνδρα
3076 4407 3162 4459 διὰ
3185 4407 3281 4477 τὴν
3309 4407 3564 4476 τοιαύτην
3596 4407 3793 4460 αἰτίαν.

2230 4497 2286 4550 ὐ
2312 4498 2367 4549 δέ
2415 4496 2512 4549 ούκ
2555 4497 2817 4566 ἠνείχετο,
2861 4497 2974 4550 ἀλλ’
3002 4498 3246 4562 ἐϐιάζετο
3293 4498 3491 4568 μᾶλλον
3541 4498 3797 4567 ἀλήθειαν

2224 4589 2320 4659 μὲν
2355 4588 2550 4657 λέγειν,
2584 4589 2658 4659 μὴ
2685 4590 2984 4660 ἀναχωρεῖν
3011 4590 3068 4642 δὲ
3093 4589 3186 4641 τοῦ
3211 4591 3506 4659 συνδέσμου
3535 4591 3634 4659 τῆς
3669 4590 3795 4658 μιᾶς

2219 4679 2464 4740 ὲνώσεως
2504 4681 2600 4750 τῆς
2657 4681 2816 4749 ἁγίας
2877 4680 3165 4750 καθολικῆς
3225 4681 3569 4751 Ἐκκλησίας.
3616 4681 3703 4742 Ὠς
3742 4680 3797 4731 δὲ

2220 4772 2483 4825 ἐτύπτετο
2543 4773 2704 4836 αὑτός
2764 4790 2821 4825 τε
2867 4775 2960 4826 καὶ
2999 4775 3046 4824 οἱ
3083 4773 3196 4842 ἅμα
3233 4774 3381 4843 αύτῷ
3417 4773 3693 4835 πολλάκις,
3732 4775 3800 4823 τά

2219 4864 2369 4918 δεινά
2387 4881 2446 4916 τε
2472 4864 2698 4933 ἔπασχε,
2733 4864 3156 4936 βαρυστονήσας,
3192 4864 3494 4936 σύμϐουλον
3531 4863 3798 4934 λαμϐάνει

2223 4956 2412 5010 ἑαυτοῦ
2465 4955 2564 5028 τὴν
2592 4956 2838 5027 ἀνάγκην
2876 4958 2985 5009 τῶν
3023 4957 3250 5027 ὕϐρεων.
3290 4956 3508 5009 Ἑαυτὸν
3543 4957 3651 5027 γὰρ
3696 4955 3800 5023 ἁφ-

2226 5044 2393 5118 ορίζει
2420 5048 2519 5118 τῆς
2559 5047 2903 5118 Ἐκκλησίας,
2939 5047 3122 5100 πολλοί
3168 5065 3228 5099 τε
3258 5047 3373 5116 ἄμα
3403 5045 3550 5114 αύτῷ
3575 5045 3801 5115 ἀφηνιά-

2223 5141 2407 5203 ζουσι·
2443 5141 2533 5193 καὶ
2561 5140 2731 5202 οὕτως
2762 5141 2861 5210 τὴν
2892 5139 3482 5211 διαίρεσινεὶργάσατο,
3504 5137 3564 5191 οὔ
3583 5155 3636 5190 τι
3661 5137 3799 5206 ἔχων

2225 5233 2673 5304 παρηλλαγμένον
2705 5235 2803 5304 τῆς
2834 5233 3086 5296 πίστεως,
3130 5234 3243 5286 ἀλλ’
3277 5233 3540 5304 ὀρθότατα
3578 5230 3675 5300 μὲν
3707 5246 3793 5281 πι-

2227 5323 2430 5376 στεύων
2489 5322 2650 5386 αύτός
2695 5340 2753 5376 τε
2795 5323 2889 5376 καὶ
2932 5323 2980 5375 οἱ
3011 5324 3127 5393 ἅμα
3161 5322 3340 5393 αύτῷ·
3382 5324 3430 5374 εί
3465 5323 3557 5374 καὶ
3593 5319 3697 5390 χρὴ
3736 5318 3795 5371 τὰ

2228 5415 2464 5491 μάλιστα
2492 5414 2669 5482 λέγειν
2695 5415 2753 5466 ἐν
2783 5413 2963 5484 μικρῷ
2990 5431 3095 5466 τινι
3115 5415 3276 5467 αὐτὸν
3299 5414 3614 5483 φιλονείκως
3643 5412 3799 5480 φέρε⁴

550 5518 746 5570 scens,
778 5520 846 5561 ex
873 5506 1067 5560 harum
1105 5504 1476 5559 calamitatum
1505 5544 1521 5570 ,
1561 5517 1626 5557 ac
1665 5502 2112 5558 contumeliarum

2223 5505 2347 5560 σθαί
2406 5523 2464 5558 τε
2495 5505 2734 5567 καὶτοὺς
2756 5505 2872 5574 ἅμα
2909 5503 3078 5574 αὐτῷ.

548 5595 812 5650 violentia
863 5595 1154 5652 consilium
1198 5595 1360 5666 cepit.
1414 5595 1595 5662 Quare
1649 5595 1888 5664 seipsmn
1929 5595 1996 5649 ab
2063 5594 2308 5653 Ecclesia
2358 5598 2698 5668 segregavit;
2755 5605 2918 5668 atque
2970 5598 3043 5650 ita
3095 5596 3342 5666 pluribus
3396 5609 3520 5649 cum
3577 5592 3669 5645 illo
3707 5587 3801 5642 de—

550 5687 916 5745 sciscentibus
944 5727 960 5752 ,
1001 5701 1203 5741 novum
1239 5687 1308 5741 ab
1360 5701 1426 5742 eo
1462 5686 1750 5740 divortium
1807 5683 2120 5740 conﬂatum.
2152 5685 2338 5758 Neque
2371 5704 2500 5744 vero
2533 5690 2641 5743 ulla
2674 5691 2732 5743 in
2779 5705 2838 5744 re
2879 5689 2949 5742 ab
2995 5695 3146 5742 recta
3214 5688 3317 5743 fide
3373 5684 3642 5748 discedit,
3697 5682 3792 5737 sed

553 5776 673 5846 ipse
697 5790 821 5831 cum
857 5777 971 5833 suis
1001 5779 1270 5832 sinceram
1303 5778 1359 5832 in
1385 5779 1638 5835 omnibus
1693 5777 2011 5848 religionem
2053 5778 2246 5834 tonuit.
2317 5780 2642 5852 Quanquam
2704 5789 2786 5839 est
2835 5779 3097 5851 quiddam
3145 5779 3525 5850 perexiguum,
3574 5777 3628 5830 in
3692 5788 3802 5845 quo

554 5869 718 5940 paulo
751 5869 1088 5941 pervicacius
1114 5868 1518 5927 conﬂictantur.
