4138 6396
366 422 464 483 5H

1011 428 1380 487 ADVERSUS
1420 430 1764 490 ΗίΕΒΕδΕΒ
1788 422 1929 488 ἸΛΒ.

2051 471 2061 487 .
2108 417 2268 484 ΤΟΜ.
2312 429 2355 485 l.
2394 461 2461 474 —-
2504 426 2777 483 ΙΙΑΞΚΕΞ.
2816 425 2978 484 LXX.

3518 416 3627 487 312

436 544 509 595 B'.
529 542 685 596 Μετὰ
696 542 805 615 γὰρ
831 543 923 599 τοῦ
947 546 1230 618 ὁμολογεῖν
1258 550 1386 620 περὶ
1421 551 1632 624 Πατρὸς
1667 555 1760 606 καὶ
1787 553 1937 619 Υίοῦ,

2121 550 2187 603 Il.
2221 547 2366 620 Ergo
2413 557 2466 603 et
2524 548 2591 603 de
2645 546 2836 611 Patre,
2889 545 3027 600 Filio
3072 533 3135 599 ac
3188 533 3395 616 Spiritu
3433 557 3627 601 sancto

365 632 460 686 καὶ
486 631 645 700 ἁγίου
662 633 976 704 Πνεύματος
996 636 1342 707 θαυμαστῶς,
1372 640 1449 704 ὡς
1479 641 1591 711 ἔχει
1614 645 1646 715 ἠ
1687 644 1946 715 καθολικὴ

381 720 701 795 Ἐκκλησία,
744 726 1132 797 ὀρθοδοξότατά
1182 748 1244 784 τε
1274 732 1585 801 φυλάττειν,
1622 736 1693 789 τά
1721 754 1781 790 τε
1814 737 1949 792 ἄλλα

366 815 545 867 πάντα
595 816 689 869 τοῦ
741 816 860 888 βίου
891 818 1198 891 θαυμαστά.
1241 824 1374 889 Ταῖς
1416 826 1525 898 γὰρ
1571 828 1729 888 ἰδίαις
1760 829 1949 900 χερσὶν

366 904 754 977 ἐργαζόμενος,
784 910 946 974 αὐτός
980 930 1037 966 τε
1066 916 1159 968 καί
1189 916 1240 968 οἱ
1267 917 1358 970 ὑπ’
1390 919 1552 972 αὐτὸν
1566 919 1852 975 ἐπίσκοποί
1888 939 1947 977 τε

370 996 464 1048 καὶ
490 997 540 1048 oi
566 998 947 1071 πρεσϐύτεροι,
968 1004 1061 1056 καὶ
1097 1004 1147 1057 οί
1180 1005 1356 1059 λοιποὶ
1406 1007 1605 1072 πάντες
1634 1009 1949 1082 διατρέφον-

369 1102 480 1141 ται.
519 1087 783 1162 Ὕστερον
800 1092 857 1146 δὲ
889 1095 1028 1163 μετὰ
1056 1095 1120 1149 τὸ
1146 1096 1474 1170 ὲξεωσθῆναι
1487 1100 1584 1171 τῆς
1599 1099 1946 1171 Ἐκκλησίας,

369 1175 479 1230 ἀπὸ
505 1176 666 1231 ἄλλου
695 1180 1015 1246 ἐπισκόπου,
1038 1182 1109 1236 τὰ
1125 1183 1274 1238 ἀὐτὰ
1295 1185 1648 1256 συζητοῦντος
1697 1188 1792 1241 καὶ
1817 1189 1951 1242 ἁνα-

372 1269 724 1338 χωρήσαντος
773 1272 873 1341 τῆς
944 1274 1298 1346 Ἐκκλησίας,
1355 1281 1737 1348 χειροτονεῖται
1793 1272 1949 1344 οὗτος

372 1360 688 1424 ἐπίσκοπος,
724 1365 852 1434 περὶ
886 1359 947 1418 οὗ
980 1366 994 1396 ³
1039 1367 1386 1439 ἐπελαόὁμην
1419 1369 1615 1438 λέγειν,
1652 1371 1949 1444 ἐπειδήπερ

372 1453 432 1504 ὲν
458 1452 793 1522 παρεκϐάσει
813 1456 1136 1527 γεγένημαι,
1161 1457 1315 1523 αὖθις
1341 1460 1695 1515 ἐπαναλαϐὼν
1720 1462 1948 1534 διέξειμι

371 1540 472 1612 τὴν
488 1542 765 1614 ὑφήγησιν
785 1563 798 1576 ι
838 1548 982 1616 φημί
1036 1548 1092 1601 δὲ
1133 1550 1378 1621 περὶτῆς
1408 1552 1484 1616 ὼς
1515 1554 1608 1606 ἐπὶ
1635 1554 1696 1607 τὸ
1722 1555 1950 1626 σκληρό-

372 1648 534 1686 τατον
582 1634 675 1686 καί
725 1634 1011 1703 ἰδιωτικὸν,
1057 1639 1150 1691 καὶ
1184 1639 1486 1708 φιλόνεικον
1521 1644 1620 1712 τῆς
1647 1645 1776 1715 παρ’
1801 1643 1950 1715 αὐτῷ

371 1721 640 1795 ᾁδομένης
665 1723 864 1791 λέξεως
889 1725 997 1779 ἀπὸ
1016 1727 1118 1797 τῆς
1147 1728 1299 1792 θείας
1324 1730 1566 1801 Γραφῆς.
1591 1732 1666 1785 Τὸ
1689 1733 1798 1804 γὰρ
1820 1732 1949 1787 κατ’

373 1816 577 1869 εἰκόνα
600 1810 756 1880 οὗτος
800 1818 896 1871 καὶ
926 1821 976 1872 οἱ
1004 1821 1120 1890 μετ’
1166 1820 1353 1885 αὐτοῦ,
1387 1822 1524 1894 ὅπερ
1555 1826 1583 1878 6
1623 1824 1755 1889 Θεὸς
1784 1824 1950 1879 δεδώο

375 1921 539 1976 ρηται
574 1905 653 1976 τῷ
694 1907 883 1978 Ἀδὰμ,
939 1909 1256 1981 ἁποκρότως
1300 1910 1547 1980 βούλεται
1583 1914 1782 1986 ὁρίζειν
1810 1911 1949 1970 εῖναι

374 1997 532 2050 τοῦτο
580 1998 955 2070 πληρούμενον
1008 2001 1150 2055 κατὰ
1194 2002 1256 2056 τὸ
1281 2003 1470 2074 σῶμα⁶
1523 2005 1630 2058 ἀπὸ
1656 2005 1750 2059 τοῦ
1791 2005 1951 2077 δῆθεν

373 2087 666 2159 λεγομένου
715 2090 880 2162 ῥητοῦ
929 2090 1047 2158 τοῦ,
1092 2092 1443 2163 Ποιήσωμεν
1474 2094 1788 2163 ἄνθρωπον
1821 2099 1949 2150 κατ’

371 2181 579 2234 είκόνα
608 2180 905 2250 ἡμετέραν
927 2183 1027 2236 καί
1045 2183 1173 2237 καθ’
1206 2184 1514 2252 ὁμοίωσιν.
1546 2186 1655 2239 Καὶ
1683 2182 1803 2240 εἶτα
1826 2189 1950 2240 επι-

374 2269 531 2343 φέρει
552 2271 611 2323 λέ
624 2289 725 2340 γων
765 2274 795 2325 6
833 2272 974 2335 θεῖος
1005 2272 1184 2341 λόγος,
1222 2274 1305 2327 ὅτι
1350 2274 1446 2328 καὶ
1467 2276 1717 2347 εποίησεν
1754 2278 1782 2330 6
1820 2277 1952 2341 Θεὸς

373 2361 468 2415 τὸν
509 2361 814 2432 ἄνθρωπον,
855 2362 985 2432 χοῦν
1039 2362 1220 2418 λαϐὼν
1251 2364 1360 2419 ἀπὸ
1391 2365 1489 2437 τῆς
1531 2367 1652 2437 γῆς.
1706 2368 1948 2440 Ἐπειδὴ,

373 2453 561 2523 φησὶν,
591 2449 746 2507 εἶπεν
769 2452 1055 2525 ἄνθρωπον
1077 2455 1187 2509 ἀπὸ
1212 2456 1312 2526 τῆς
1342 2459 1464 2528 γῆς,
1494 2457 1616 2527 ὅρα,
1645 2458 1727 2511 ὁτι
1759 2458 1951 2529 ἀληθέ-

377 2562 547 2599 στατα
573 2545 692 2598 ὅλον
721 2545 782 2598 τὸ
814 2546 996 2617 χοῖκὸν
1041 2541 1194 2599 εἶπεν
1237 2528 1542 2619 ἄνθρωπον,
1582 2549 1690 2618 ἄρα
1721 2565 1781 2601 τε
1821 2528 1953 2602 αὐτὸ

373 2636 648 2707 τὸχοῖκὸν
686 2636 979 2707 προέλεγεν
1007 2635 1226 2690 ἔσεσθαι
1259 2638 1380 2692 κατ’
1415 2637 1600 2691 εἰκόνα
1650 2637 1805 2692 Θεοῦ.
1843 2637 1952 2690 Καί

375 2729 495 2805 ἐστι
538 2726 697 2782 τοῦτο
747 2729 1070 2800 ἀπόκροτον,
1112 2729 1187 2792 ὡς
1224 2728 1382 2802 ἔφην,
1424 2730 1519 2783 καὶ
1560 2729 1843 2794 ἰδιωτικὸν,
1892 2730 1953 2783 τὸ

375 2819 650 2892 ὁρίζεσθαι
673 2821 959 2894 ἄνθρωπον
990 2824 1048 2877 ἐν
1080 2823 1218 2894 ποίῳ
1261 2822 1416 2895 μέρει
1443 2823 1700 2877 τέτακται
1728 2823 1822 2878 τοῦ
1855 2826 1952 2877 ἁν-

375 2910 597 2984 θρὼπου
625 2911 685 2964 τὸ
713 2912 832 2965 κατ’
856 2911 1073 2966 εἰκόναο
1110 2913 1159 2965 εί
1182 2912 1289 2983 χρὴ
1316 2912 1452 2976 ὅλως
1474 2913 1638 2984 μέρος
1664 2913 1842 2982 λέγειν
1865 2914 1953 2968 διὰ

376 3003 446 3056 τὰ
472 3002 643 3057 πολλὰ
679 3002 750 3056 τὰ
777 3003 1167 3057 ἀντιπίπτοντα
1193 3007 1261 3075 τῇ
1302 3004 1411 3057 τῶν
1445 3004 1747 3077 ἀνθρώπων
1773 3004 1952 3076 ἐννοίᾳ

377 3093 521 3147 κατὰ
540 3093 600 3147 τὸ
628 3094 781 3165 ῥῆμα
804 3093 985 3158 τοῦτο,
1009 3094 1105 3148 καὶ
1147 3093 1338 3166 ἔχοντα
1369 3095 1696 3167 ζητημάτων
1723 3095 1951 3166 πληθύν.

379 3187 451 3239 Ἦ
467 3185 576 3257 γὰρ
607 3187 920 3259 ποιήσωμεν
943 3187 1033 3240 τὸν
1044 3187 1176 3241 Θεὸν
1196 3189 1389 3259 ὁρατόν
1412 3205 1472 3241 τε
1497 3189 1590 3243 καὶ
1620 3188 1950 3258 σωματικὸν,

375 3278 534 3347 εῐπερ
557 3279 615 3330 ὲν
632 3276 845 3349 σώματι
860 3279 920 3333 τὸ
942 3280 1058 3333 κατ’
1081 3278 1263 3332 εἰκόνα
1277 3278 1575 3352 πληροῦται
1602 3279 1947 3350 σωματικῶς,

377 3367 474 3419 καὶ
522 3368 1028 3440 ἐσχηματισμένως,
1054 3369 1087 3440 ἢ
1122 3368 1407 3437 ἄνθρωπον
1432 3369 1508 3441 τῷ
1528 3369 1647 3441 Θεῷ
1672 3370 1954 3442 ἐξισούμε-

376 3474 468 3510 νον
508 3457 666 3511 τοῦτο
716 3458 1035 3527 φάσκοντες.
1064 3461 1157 3514 Διὸ
1189 3461 1250 3514 οὐ
1283 3461 1387 3533 χρὴ
1430 3462 1648 3525 πάντως
1672 3444 1881 3533 ⁴ὁρίζειν
1917 3464 1951 3534 ἢ

376 3551 820 3623 διισχυρίζεσθαι,
847 3554 904 3606 ἐν
932 3553 1073 3623 ποίῳ
1104 3553 1260 3625 μέρει
1283 3554 1342 3608 τὸ
1362 3557 1482 3607 κατ’
1512 3555 1693 3608 εἰκόνα
1717 3554 1955 3626 πληροῦ-

377 3660 490 3706 ται,
515 3643 629 3696 ἀλλ’
676 3642 958 3715 ὁμολογεῖν
994 3645 1092 3715 μὲν
1129 3645 1191 3698 τὸ
1228 3648 1347 3698 κατ’
1388 3646 1571 3700 εἰκόνα
1617 3642 1757 3701 εἶναι
1790 3648 1849 3700 ἐν
1876 3646 1954 3717 τῷ

378 3734 668 3807 ἀνθρώπῳ,
693 3737 781 3791 ἵνα
805 3735 880 3807 μὴ
909 3736 1009 3807 τὴν
1038 3736 1196 3808 χάριν
1220 3735 1313 3790 τοῦ
1331 3738 1465 3791 Θεοῦ
1488 3738 1839 3808 ἀθετήσωμεν
1857 3738 1954 3790 καὶ

378 3828 773 3898 ἀπιστήσωμεν
799 3828 937 3899 Θεῷ.
965 3829 1103 3882 Ὅσα
1134 3828 1234 3900 μὲν
1268 3829 1377 3900 γὰρ
1392 3829 1535 3899 λέγει
1561 3832 1589 3884 6
1613 3828 1763 3894 Θεὸς,
1780 3829 1951 3883 ταῦτα

378 3916 553 3987 ἁληθῆ
568 3917 846 3988 τυγχάνει,
864 3920 912 3971 εἰ
929 3919 1022 3971 καὶ
1040 3918 1266 3988 ἐξέφυγε
1287 3920 1384 3991 τὴν
1400 3920 1554 3990 ἡμῶν
1572 3919 1774 3973 ἔννοιαν
1784 3922 1842 3973 ὲν
1853 3920 1965 3973 όλί-·

379 4024 499 4076 γοις
517 4008 716 4078 λόγοις.
751 4010 807 4061 ’Δ
818 4008 1116 4080 ρνήσασθαι
1138 4005 1232 4064 οὖν
1264 4012 1421 4064 τοῦτο
1444 4011 1505 4064 τὸ
1534 4013 1654 4066 κατ’
1683 4014 1864 4067 εἰκόνα
1891 4014 1950 4067 οὐ

379 4100 590 4163 πιστὸν,
624 4099 746 4152 οὔτε
768 4099 867 4170 τῆς
897 4100 1057 4168 ἁγίας
1071 4099 1163 4153 τοῦ
1186 4100 1321 4154 Θεοῦ
1337 4101 1680 4171 Ἐκκλησίας.
1700 4104 1818 4156 Ἔτι
1844 4097 1965 4176 γὰρ’

379 4193 488 4256 πᾶς
527 4191 814 4263 ἄνθρωπος
865 4190 1051 4259 σαφῶς
1099 4192 1220 4244 κατ’
1261 4193 1464 4254 εἰκόνα,
1512 4192 1605 4246 καὶ
1632 4193 1814 4258 οὐδεὶς
1846 4196 1953 4249 τῶν

378 4285 611 4355 ἑχόντων
673 4285 751 4347 εἰς
788 4283 919 4337 Θεὸν
968 4281 1066 4354 τὴν
1103 4282 1294 4337 ἐλπίδα
1330 4284 1657 4354 ἀρνήσεταν
1688 4287 1738 4339 εἰ
1789 4284 1865 4357 μὴ
1889 4287 1953 4340 ἄν

378 4395 522 4441 τινες
570 4377 779 4440 ἑαυτοῖς
835 4374 1035 4447 μύθους
1084 4374 1395 4429 πλάσσωσιν
1441 4374 1826 4447 ἐκϐαλλόμενοι
1855 4379 1954 4448 τῆς

392 4468 716 4540 Ἐκκλησίας
761 4468 854 4521 καὶ
896 4467 997 4537 τῆς
1041 4466 1148 4519 τῶν
1181 4466 1431 4537 πατέρων
1466 4468 1530 4519 ὲκ
1568 4467 1860 4537 προφητῶν
1891 4485 1952 4521 τε

2053 639 2316 707 praeclare
2355 644 2410 692 et
2431 634 2507 692 ex
2560 635 2817 690 Ecclesiae
2843 634 3127 688 catholica:
3155 633 3471 702 praescripto
3501 650 3625 689 sen-

2050 729 2231 791 tiunt;
2262 743 2360 783 nec
2406 737 2779 782 transversum
2821 726 2890 780 ab
2912 740 2978 780 eo
3022 740 3256 792 unguem
3287 723 3621 790 deﬂectunt;

2048 827 2109 877 et
2159 828 2245 877 est
2296 820 2563 890 reliquum
2621 818 2885 872 vitte'illis
2932 815 3240 872 institutum
3274 830 3406 871 sane
3455 830 3620 885 quam

2048 911 2328 981 egregium
2367 919 2422 965 et
2453 907 2853 971 admirandum,
2886 907 3022 962 adeo
3053 916 3111 961 ut
3138 921 3244 961 non
3292 908 3409 977 ipse
3438 906 3621 968 modo,

2049 1000 2148 1055 sed
2180 1008 2235 1055 et
2257 998 2350 1071 qui
2395 999 2473 1054 illi
2505 998 2853 1054 adhaeserunt
2887 999 3158 1068 episcopi,
3181 997 3504 1068 presbyteri
3560 1011 3625 1052 ac

2049 1090 2249 1162 reliqui
2276 1106 2466 1147 omnes
2493 1090 2561 1147 de
2595 1106 2856 1146 manuum
2882 1104 3106 1145 suarum
3143 1089 3328 1144 labore
3355 1089 3623 1143 victitent.

2048 1179 2417 1252 Posteaquam
2459 1196 2591 1238 vero
2642 1182 2714 1238 ab
2745 1181 2988 1236 Ecclesia
3018 1181 3211 1250 pulsus
3254 1188 3340 1235 est
3363 1220 3377 1245 ,
3413 1179 3483 1235 ab
3510 1181 3628 1251 epi-

2050 1289 2223 1344 scopo
2260 1276 2537 1345 quodam,
2587 1279 2679 1346 qui
2734 1277 2804 1331 ob
2857 1276 3076 1331 easdem
3127 1276 3508 1330 contentiones
3558 1275 3629 1331 ab

2052 1365 2299 1422 Ecclesia
2325 1375 2648 1431 recesserat,
2678 1369 2968 1438 episcOpns
2991 1366 3277 1421 ordinatus
3297 1375 3401 1421 est.
3425 1365 3627 1421 Verum

2052 1464 2117 1511 nt
2149 1459 2217 1511 ab
2250 1458 2353 1513 hoc
2390 1458 2713 1513 diverticulo
2752 1459 2819 1513 ad
2858 1459 2990 1512 illud
3042 1456 3389 1512 tractandum
3419 1471 3506 1512 me
3544 1471 3630 1511 re-

2050 1546 2246 1613 feram,
2287 1548 2433 1617 quod
2463 1564 2612 1603 eram
2651 1563 2966 1619 aggressus,
2999 1546 3282 1602 sciendum
3321 1556 3406 1602 est
3437 1560 3631 1616 quam-

2050 1638 2176 1693 dam
2214 1640 2335 1695 illos
2372 1638 2668 1710 Scripturae
2701 1654 2886 1695 vocem
2927 1638 3149 1693 duriore
3180 1637 3415 1708 quodam
3443 1646 3498 1693 et
3523 1637 3631 1691 im-

2050 1730 2313 1800 peritiore
2357 1730 2539 1793 modo,
2580 1738 2640 1786 et
2686 1745 2816 1785 vero
2865 1729 3200 1800 pertinacius
3252 1728 3626 1799 interpretari.

2050 1820 2217 1895 813
2251 1818 2384 1874 Nam
2407 1819 2553 1890 quod
2583 1820 2653 1874 ad
2696 1821 2980 1892 imaginem
3024 1818 3119 1875 Dei
3145 1826 3361 1874 creatus
3387 1818 3631 1876 Adamus

1983 1896 2024 1952 Β
2051 1913 2258 1966 dicitur
2281 1951 2297 1976 ,
2345 1916 2631 1983 przi‘racte
2664 1912 2745 1967 illi
2794 1912 3141 1969 referendum
3182 1911 3250 1966 ad
3278 1926 3479 1982 corpus
3507 1912 3625 1967 exi-

2052 2001 2296 2055 stimant.
2329 2002 2465 2057 Cum
2496 2003 2641 2058 enim
2691 2002 2958 2073 scriptum
2997 2003 3107 2057 sit:
3140 2001 3427 2056 Faciamus
3458 2002 3627 2056 homi-

2052 2109 2169 2146 nem
2203 2095 2271 2147 ad
2292 2095 2573 2166 imaginem
2598 2106 2835 2149 nostram
2862 2103 2911 2149 et
2941 2094 3335 2148 similitudinem
3364 2097 3409 2157 ’,
3441 2094 3625 2150 statim

2052 2184 2188 2238 illud
2242 2185 2573 2256 subjicitur,
2627 2184 2798 2240 Deum
2847 2192 3065 2256 sumpto
3109 2183 3178 2241 de
3226 2195 3367 2239 terra
3407 2186 3628 2255 pulvere

2053 2275 2327 2331 hominem
2382 2275 2678 2331 fabricasse
2708 2276 2750 2331 ³.
2818 2275 2956 2331 Cum
3014 2276 3179 2347 igitur
3230 2276 3505 2330 hominem
3561 2274 3630 2329 de

2053 2379 2200 2424 terra
2252 2368 2542 2423 formatum
2575 2377 2789 2425 asserat
2810 2410 2826 2435 ,
2865 2370 3013 2425 vides
3049 2377 3225 2423 totum
3254 2368 3386 2423 illud
3418 2384 3449 2423 e
3481 2376 3628 2424 terra

2052 2459 2346 2515 conﬂatum
2385 2460 2669 2516 verissime
2706 2461 2980 2516 hominem
3023 2460 3231 2515 vocari.
3272 2458 3349 2514 Ex
3391 2474 3499 2529 quo
3537 2474 3628 2515 se-

2052 2551 2241 2621 quitur
2266 2550 2334 2607 de
2384 2561 2602 2607 terreno
2628 2552 2722 2606 illo
2756 2552 3074 2623 pra-dictum
3100 2594 3116 2617 ,
3145 2549 3262 2606 fore
3290 2558 3349 2604 ut
3388 2549 3458 2604 ad
3488 2550 3628 2605 ima-

2051 2644 2234 2715 ginem
2271 2642 2361 2698 Dei
2401 2643 2746 2700 conderetur.
2781 2642 2983 2699 Verum
3042 2650 3127 2698 est
3158 2642 3290 2697 illud
3317 2684 3331 2705 ,
3368 2642 3449 2697 uti
3488 2642 3627 2709 dixi,

2057 2734 2219 2803 paulo
2242 2733 2434 2788 durius
2456 2774 2472 2799 ,
2503 2749 2568 2803 ac
2596 2734 2900 2805 εἰηιριὶοἰιιε
2919 2774 2934 2799 ,
2965 2734 3192 2789 definire
3223 2734 3497 2790 hominem
3527 2749 3628 2788 au—

2054 2821 2224 2882 dere,
2275 2835 2509 2890 quanam
2562 2821 2615 2874 in
2665 2822 2900 2878 hominis
2933 2829 3088 2892 parte
3134 2823 3206 2879 sit
3252 2822 3506 2892 imaginis
3538 2823 3628 2876 illa

2055 2911 2356 2966 constituta
2380 2911 2524 2967 ratio
2549 2928 2564 2980 ;
2591 2912 2638 2968 si
2665 2919 2846 2968 tamen
2877 2913 3239 2984 appellatione
3266 2913 3438 2983 partis
3473 2920 3630 2968 uten-

2055 3001 2186 3055 dnm
2219 3009 2338 3067 est,
2378 3017 2444 3059 eo
2486 3002 2633 3074 quod
2665 3004 2910 3078 plerique
2931 3043 2947 3068 ,
2995 3002 3142 3075 quod
3171 3002 3239 3058 ad
3266 3003 3408 3058 hanc
3441 3018 3629 3060 vocem

2057 3094 2282 3159 attinet,
2317 3094 2598 3149 hominum
2629 3095 2999 3165 intelligentia:
3044 3094 3308 3165 refragari
3352 3094 3628 3158 videntur,

2061 3200 2125 3239 ac
2152 3186 2316 3241 variis
2341 3185 2733 3256 quaestionibus
2769 3185 3059 3257 implicari.
3090 3184 3222 3239 Nam
3252 3193 3346 3239 aut
3379 3195 3628 3256 aspecta-

2055 3276 2218 3331 bilem
2243 3275 2411 3332 Deum
2438 3276 2703 3333 faciemus
2736 3293 2799 3332 ac
2831 3292 3187 3347 corporeum,
3222 3284 3269 3332 si
3296 3279 3351 3331 in
3395 3292 3628 3347 corpore

2055 3374 2244 3421 nostro
2296 3381 2561 3437 corporea
2615 3367 2840 3437 perinde
2873 3368 3087 3423 ratione
3138 3382 3202 3422 ac
3234 3366 3401 3438 figura
3438 3367 3626 3423 istius-

2042 3457 2200 3514 'modi
2254 3458 2542 3527 imaginem
2595 3456 2972 3512 collocandam
3021 3464 3298 3526 putemus.
3345 3456 3455 3510 Aut
3499 3471 3626 3510 cum

2054 3550 2165 3605 Deo
2194 3549 2469 3605 hominem
2502 3548 2913 3619 adaequabimus
2940 3588 2955 3614 ,
2991 3549 3036 3603 si
3071 3548 3186 3603 hinc
3213 3562 3460 3603 asserere
3488 3544 3625 3601 veli-

2053 3656 2198 3696 mus.
2244 3638 2423 3705 Quare
2468 3654 2577 3693 non
2622 3645 2707 3693 est
2764 3639 2874 3692 ullo
2911 3637 3074 3692 modo
3118 3635 3482 3691 deﬁniendum
3532 3642 3628 3691 aut

2055 3731 2451 3796 aﬂirmandum,
2481 3743 2717 3800 quanam
2750 3729 2803 3783 in
2831 3736 2984 3798 parte
3008 3728 3186 3798 imago
3218 3726 3310 3781 illa
3334 3725 3625 3783 consistat.

2057 3820 2164 3877 Sed
2196 3823 2377 3877 inesse
2426 3820 2644 3891 quidem
2699 3819 2755 3873 in
2812 3818 3035 3872 homine
3071 3816 3294 3871 omnino
3347 3814 3626 3871 fatendum

2053 3919 2171 3977 est,
2221 3927 2291 3967 ne
2340 3910 2583 3965 divinum
2620 3908 2945 3964 beneficium
2984 3907 3242 3962 tollamus
3272 3922 3304 3961 e
3330 3907 3508 3962 medio
3562 3920 3627 3960 ac

2056 4001 2150 4058 Dei
2207 4002 2523 4057 auctoritati
2570 3999 2898 4056 diuidamus.
2953 3998 3304 4068 Quaecunque
3353 3997 3498 4052 enim
3536 3998 3627 4053 ille

2053 4095 2207 4162 dicit,
2244 4094 2404 4164 plane
2430 4108 2557 4148 vera
2594 4102 2759 4157 sunt,
2786 4092 3007 4147 tametsi
3039 4089 3317 4171 nonnulla).
3345 4089 3627 4144 sententia:

2056 4187 2187 4252 sint,
2220 4199 2343 4255 qua
2369 4184 2541 4239 aciem
2583 4192 2786 4239 nostrae
2806 4183 3006 4239 mentis
3035 4181 3312 4253 effugiant.
3354 4180 3625 4247 Quocirca

2056 4292 2255 4349 negare
2279 4275 2503 4332 omnino
2531 4276 2599 4331 ad
2632 4276 2925 4346 imaginem
2955 4274 3051 4330 Dei
3081 4289 3402 4345 expressum
3452 4272 3625 4328 homi-

2057 4384 2179 4424 nem
2206 4409 2221 4435 ,
2251 4383 2281 4422 a
2314 4367 2418 4424 ﬁde
2445 4368 2718 4423 catholica
2748 4362 2815 4423 et
2839 4365 3082 4422 Ecclesia
3121 4366 3215 4421 Dei
3245 4365 3483 4420 alienum
3517 4370 3622 4420 est.

2057 4460 2335 4530 Siquidem
2384 4457 2633 4513 homines
2673 4472 2865 4513 omnes
2895 4456 2964 4511 ad
2990 4457 3136 4512 illius
3173 4454 3461 4525 imaginem
3487 4468 3624 4509 con-

379 4561 476 4615 καὶ
502 4534 667 4631 νόμου
692 4561 788 4613 καὶ
834 4534 1146 4612 ἀποστόλων
1190 4556 1282 4609 καὶ
1322 4534 1748 4626 εὐαγγελιστῶν-
1778 4576 1951 4628 παρα-

2057 4555 2156 4609 diti
2208 4562 2373 4622 sunt;
2405 4568 2507 4608 nec
2546 4553 2691 4607 ullus
2737 4551 2829 4622 qui
2876 4551 3093 4622 quidem
3134 4534 3201 4603 in
3235 4548 3403 4602 Deum
3444 4554 3624 4617 speret

377 4652 597 4715 δόσεως.

2064 4646 2295 4704 inficiari
2329 4644 2474 4702 istud
2511 4648 2710 4714 potest,
2734 4642 2840 4696 nisi
2866 4640 2912 4698 si
2941 4639 3035 4709 qui
3074 4638 3215 4693 forte
3242 4637 3372 4699 sint,
3396 4635 3490 4705 qui
3520 4635 3632 4689 sibi

337 4770 341 4773 -
381 4744 594 4799 fabulas
624 4740 957 4813 confingant,
984 4747 1039 4794 et
1062 4748 1170 4792 tam
1202 4739 1270 4793 ab
1298 4735 1542 4792 Ecclesia
1590 4755 1755 4809 quam
1784 4742 1853 4817 ab
1881 4757 1943 4797 ea
1979 4741 2227 4797 doctrina
2257 4739 2367 4793 sint
2403 4736 2653 4799 exclusi,
2693 4748 2816 4804 qua:
2883 4746 2914 4785 a
2953 4729 3255 4801 majoribus
3299 4726 3504 4781 nostris
3559 4741 3630 4781 ex.

380 4837 785 4908 prOphetarum,
821 4836 973 4906 legis,
998 4836 1369 4905 apostolorum
1391 4843 1442 4889 et
1489 4837 1946 4908 evangelistarum
1983 4846 2068 4892 est
2094 4833 2419 4889 auctoritate
2449 4830 2669 4885 tradita.

450 4932 524 4987 I".
576 4933 738 4985 Ὥστε
784 4928 879 4985 οὖν
925 4931 1158 4998 ἐκεῖνοι,
1210 4935 1638 5006 φιλονεικότερον
1682 4935 1741 4987 ὲν
1780 4931 1955 5002 τούτῳ

379 5022 731 5093 διακείμενοι,
757 5021 916 5085 ἐκτὸς
954 5021 1048 5075 καὶ
1083 5023 1236 5076 αὐτοὶ
1276 5024 1518 5094 βαίνουσι
1553 5026 1650 5096 τῆς
1683 5024 1825 5077 κατὰ
1854 5023 1952 5089 τὴν

380 5113 835 5185 ὲκκλησιαστικὴν
865 5113 1118 5168 ὑπόθεσιν
1144 5115 1515 5187 παραδόσεως,
1542 5116 1640 5187 τῆς
1663 5112 1952 5167 πιστευού-

381 5223 482 5277 σης
510 5205 629 5259 κατ’
653 5203 836 5258 εἰκόνα
861 5204 960 5275 μὲν
980 5198 1119 5259 εἶναι
1158 5207 1335 5260 πάντα
1369 5205 1675 5280 ἄνθρωπον,
1721 5205 1797 5277 μὴ
1836 5205 1951 5276 ὁρί-

378 5298 494 5365 ζειν
521 5299 578 5353 δὲ
610 5300 668 5352 ὲν
697 5298 835 5369 ποίῳ
860 5298 1117 5354 τέτακται
1148 5298 1209 5352 τὸ
1247 5300 1368 5352 κατ’
1396 5300 1598 5364 είκόνα,
1634 5299 1774 5369 μήτε
1803 5297 1953 5368 ὲχόν-

376 5408 487 5445 των
540 5392 649 5444 τῶν
697 5390 953 5461 μυθωδῶς
1007 5390 1135 5460 περὶ
1191 5390 1396 5444 τούτων
1456 5388 1949 5460 διαλαμϐανόντων,

377 5478 478 5538 εἶτ’
510 5479 602 5536 οὖν
632 5482 1000 5553 ἀρνουμένων,
1033 5481 1221 5548 δεῖξαι.
1259 5483 1321 5535 Ol
1350 5482 1448 5553 μὲν
1475 5483 1585 5553 γὰρ
1616 5480 1863 5550 λέγουσιν
1893 5482 1951 5533 ὲν

375 5580 443 5648 τῇ
476 5577 620 5647 ψυχῇ
660 5573 996 5645 πληροῦσθαι
1040 5574 1102 5626 τὸ
1145 5574 1260 5627 κατ’
1291 5574 1493 5638 εἰκόνα,
1539 5572 1847 5643 νομίζοντες
1890 5571 1952 5625 τὸ

377 5667 523 5723 κατὰ
579 5668 675 5739 τὴν
728 5667 904 5738 σάρκα
970 5665 1126 5737 μόνον
1186 5665 1599 5734 συλλογίσασθαι
1659 5662 1947 5719 δύνασθαι·

455 5827 471 5858 ¹
504 5824 568 5883 F.
605 5815 936 5899 nepi‘6é'oi3.
1017 5826 1036 5856 ²
1075 5824 1210 5879 Gen.
1246 5839 1285 5891 ι,
1320 5821 1409 5879 9.6.
1488 5822 1509 5854 ⁸
1541 5820 1674 5878 Gen.
1710 5820 1854 5886 n,'7.
1922 5832 1923 5835 ‘

2126 4928 2214 4987 Ill.
2267 4927 2422 4984 Unde
2473 4940 2597 4981 cum
2640 4926 2696 4979 in
2746 4924 2845 4978 hac
2886 4928 3039 4992 parte
3074 4919 3300 4989 majore,
3332 4932 3493 4988 quam
3528 4932 3623 4988 par

2052 5022 2143 5089 sit,
2173 5017 2543 5075 contentionis
2580 5015 2762 5072 studio
2808 5015 3098 5076 ducantur,
3140 5011 3209 5065 ab
3257 5007 3624 5064 ecclesiastica

2054 5109 2346 5165 traditione
2385 5122 2451 5163 ac
2488 5105 2735 5162 doctrina
2776 5102 3054 5160 recedunt.
3093 5098 3225 5166 Quae
3276 5114 3398 5153 cum
3437 5112 3625 5153 omnes

2053 5202 2300 5258 homines
2356 5199 2448 5255 Dei
2496 5199 2561 5254 ad
2613 5196 2903 5268 imaginem
2955 5202 3171 5269 creatos
3210 5207 3334 5249 esse
3368 5189 3625 5257 fateatur,

2053 5292 2256 5347 nullam
2305 5298 2488 5345 tamen
2537 5294 2745 5360 partem
2796 5284 3003 5348 definit,
3058 5283 3115 5337 in
3168 5297 3275 5353 qua
3321 5281 3625 5359 istiusmodi

2058 5383 2312 5455 imaginis
2356 5380 2499 5436 ratio
2539 5377 2859 5434 collocanda
2892 5375 3157 5431 videatur.
3192 5362 3312 5429 Sed
3362 5388 3464 5428 nec
3512 5372 3625 5434 isti,

2058 5489 2121 5531 ea
2152 5476 2222 5530 de
2249 5489 2311 5529 re
2346 5472 2590 5528 fabulose
2627 5469 2829 5538 aliquid
2859 5473 3117 5523 asserunt
3145 5472 3240 5520 aut
3272 5469 3495 5534 negant,
3528 5461 3624 5516 de-

2059 5576 2367 5624 monstrare
2384 5565 2659 5637 quidpiam
2682 5568 2927 5633 possunt.
2951 5559 3163 5616 Etenim
3188 5556 3457 5624 nonnulli,
3481 5554 3622 5626 quod

2046 5654 2126 5719 de
2154 5662 2388 5733 imagine
2417 5660 2631 5726 dicitur,
2669 5659 2850 5714 anima
2883 5658 3005 5726 ipsa
3028 5650 3482 5712 circumscribunt
3511 5666 3527 5718 ;
3574 5646 3623 5705 id
