4138 6396
473 351 578 412 ωδ

1885 343 1944 399 S.
1985 342 2330 399 EPIPHAN“

3600 315 3739 390 ’διε

474 484 642 526 unum
677 467 806 528 rati.
852 465 999 539 quod
1041 479 1208 522 carne
1245 471 1559 520 concretum
1602 468 1708 526 est,
1739 460 2056 516 ratiocinari

2186 463 2254 515 :ai
2283 461 2382 515 οὐκ
2410 459 2588 515 ἴσασιν
2621 461 2669 514 οἰ
2705 461 2952 526 τοιοῦτοι,
2993 459 3075 514 ὅτι
3119 457 3180 511 τὸ
3224 455 3366 511 κατὰ
3397 452 3574 524 ψυχὴν
3615 449 3739 504 συλ’

476 577 658 634 posse.
693 559 864 632 814
888 558 1000 615 Nec
1046 558 1181 613 illud
1234 555 1564 626 intelligunt,
1604 555 1839 606 animam
1886 552 2059 622 ipsam

479 670 620 719 esse,
648 669 769 724 quas
818 651 1212 717 ratiocinetur;
1265 651 1311 705 si
1355 647 1572 720 quidem
1603 644 1940 701 attendendze
1971 661 2062 700 ra-

481 749 862 804 tiocinationes
901 746 1018 802 ista:
1057 751 1208 806 sunt,
1248 751 1303 799 et
1359 758 1467 798 non
1523 741 1704 812 potius
1749 739 1963 795 sincera
1998 751 2062 792 ac

479 837 715 908 simplici
751 844 936 892 mente
965 835 1032 889 ad
1081 834 1249 889 Deum
1281 841 1496 904 oportet
1529 832 1809 897 accedere,
1847 841 1901 887 et
1943 845 2064 901 quae

481 928 553 983 ab
578 944 642 984 eo
671 929 818 983 dicta
859 937 1006 989 sunt,
1058 942 1160 997 pro
1207 924 1533 982 certissimis
1571 921 1812 989 credere,
1846 922 2064 977 tametsi

483 1019 554 1075 ab
595 1033 662 1075 eo
698 1020 818 1074 solo
853 1019 1069 1088 cognita
1109 1018 1242 1081 sint,
1293 1017 1384 1072 cui
1429 1016 1612 1070 omnis
1654 1022 1740 1070 est
1783 1013 2064 1084 explorata

483 1111 719 1166 veritas:
757 1109 880 1164 aliis
914 1110 1090 1180 placet
1131 1124 1230 1164 nec
1280 1109 1335 1162 in
1368 1107 1550 1162 anima
1593 1123 1694 1163 nec
1747 1108 1802 1162 in
1840 1123 2066 1179 corpore

483 1218 605 1259 esse
647 1204 805 1258 sitam
846 1203 1158 1272 imaginem,
1211 1201 1305 1257 sed
1357 1200 1473 1255 sola
1509 1199 1709 1255 virtute
1739 1200 2009 1255 contineri
2049 1219 2063 1255 :

485 1296 578 1350 alii
628 1310 737 1348 non
775 1294 1054 1358 virtutem,
1093 1293 1189 1348 sed
1243 1293 1596 1362 baptismum,
1647 1298 1701 1346 et
1741 1306 1864 1362 qua:
1902 1291 1957 1346 in
2000 1307 2066 1346 eo

486 1387 787 1453 confertur,
819 1387 1048 1458 gratiam
1081 1402 1202 1443 esse
1252 1391 1521 1442 statuunt.
1561 1382 1733 1450 Quam
1788 1385 1893 1439 illis
1937 1399 2066 1440 sen-

488 1479 711 1534 tentiam
751 1479 956 1534 dictum
1002 1478 1134 1533 illud
1167 1475 1411 1546 Apostoli
1447 1475 1720 1547 persuasit
1749 1495 1762 1530 :
1797 1475 2068 1543 Quemad-

486 1575 700 1624 modum
731 1569 1054 1638 portavimus
1081 1569 1364 1638 imaginem
1396 1568 1608 1630 terreni,
1632 1577 1902 1629 portemus
1933 1569 2069 1621 ima-

489 1664 657 1734 ginem
689 1671 738 1718 et
767 1662 989 1717 caelestis
1043 1663 1084 1717 ί.
1134 1659 1274 1715 Sunt
1303 1660 1396 1731 qui
1430 1659 1534 1714 hac
1565 1659 1822 1729 opinione
1865 1659 2067 1728 rejecta

2161 552 2453 620 λογίζεται,
2497 553 2546 604 εἰ
2589 551 2695 623 χρὴ
2731 550 3126 621 συλλογισμοῖς
3165 547 3484 619 προσέχειν,
3529 542 3624 596 καί
3665 539 3740 611 μὴ

2163 645 2357 708 ἁπλῶς
2389 645 2543 715 ἁπλῇ
2597 647 2662 716 τῇ
2717 643 2926 714 διανοίᾳ
2981 641 3100 712 Θεῷ
3148 639 3466 710 προσιέναι,
3531 636 3742 689 καὶπι-

2164 737 2396 800 στεύειν,
2424 738 2506 790 ὅτι
2541 736 2612 789 τὰ
2657 736 2762 789 ὑπὸ
2811 734 2946 788 Θεοῦ
2994 731 3259 804 εἰρημένα
3300 729 3449 782 ἐστὶν
3493 726 3740 798 ἀλήθεια,

2163 830 2312 900 αὑτῷ
2357 829 2413 882 δὲ
2462 831 2610 900 μόνῳ
2651 827 2969 898 ἐγνωσμένα
3014 825 3094 896 τῷ
3131 824 3229 896 τὴν
3271 824 3452 877 πᾶσαν
3489 820 3745 892 ἀλήθειαν

2165 923 2348 978 εἰδότι.
2380 922 2563 976 Ἀλλοι
2592 921 2650 975 δὲ
2673 921 2921 990 λέγουσιν
2949 917 3072 972 οὔτε
3111 919 3168 971 έν
3201 916 3368 986 ψυχῇ,
3399 913 3522 968 οὕτε
3557 915 3615 967 ὲν
3644 910 3746 965 σώ-

2169 1031 2320 1085 ματι,
2365 1013 2500 1068 ἀλλὰ
2541 1012 2742 1085 ἀρετὴν
2792 1011 2932 1066 εἶναι
2975 1011 3037 1065 τὸ
3086 1011 3207 1064 κατ’
3238 1007 3453 1062 εἰκόνα·
3485 1005 3660 1076 ἕτεροι
3689 1003 3746 1057 δὲ

2169 1103 2436 1172 φάσκουσι
2485 1102 2561 1174 μὴ
2607 1098 2873 1173 εἶναιτὴν
2917 1099 3139 1173 ἀρετὴν,
3173 1098 3311 1153 ἀλλὰ
3359 1097 3420 1151 τὺ
3468 1096 3747 1166 βάπτισμα

2166 1195 2340 1249 καὶτὸ
2367 1195 2611 1266 χάρισμα
2634 1195 2694 1248 τὸ
2717 1197 2772 1250 ὲν
2789 1193 2870 1264 τῷ
2892 1192 3242 1263 βαπτίσματι,
3261 1189 3419 1262 δῆθεν
3440 1189 3504 1242 ὲκ
3535 1185 3631 1240 τοῦ
3657 1188 3747 1258 ρη-

2165 1291 2258 1344 τοῦ
2297 1291 2390 1344 τοῦ
2424 1289 2746 1362 εἰρημένου·
2767 1276 2972 1353 Κᾶθὼς
3009 1285 3382 1356 ἐφορέσαμεν
3406 1282 3520 1350 τὴν
3544 1282 3749 1336 εἰκόνα

2166 1386 2276 1440 τοῦ
2301 1383 2536 1454 χοϊκοῦ,
2559 1381 2904 1453 φορέσωμεν
2929 1380 3027 1433 καὶ
3057 1377 3174 1446 τὴν
3199 1377 3402 1430 εἰκόνα
3428 1373 3535 1429 τοῦ
3571 1373 3748 1426 ἐπου-

2160 1477 2376 1546 ρανίου
2393 1493 2406 1506 ·
2431 1475 2581 1529 ἄλλοι
2612 1474 2670 1528 δὲ
2692 1473 2852 1528 πάλιν
2879 1471 3038 1526 τοῦτο
3077 1470 3138 1522 οὐ
3169 1468 3466 1539 βούλονται,
3496 1463 3630 1520 ἀλλὰ
3658 1462 3750 1516 θέ-

2168 1569 2319 1622 λουσι
2359 1567 2539 1635 λέγειν
2581 1565 2703 1619 τότε
2754 1565 2852 1636 μὲν
2896 1560 3036 1617 εἶναι
3081 1559 3144 1614 τὸ
3183 1561 3304 1614 κατ’
3343 1558 3526 1612 εἰκόνα
3570 1557 3629 1608 ὲν
3673 1553 3754 1624 τῷ

2183 1659 2374 1730 Ἀδὰμ,
2405 1659 2511 1720 ἕως
2549 1658 2639 1710 ὅτε
2690 1658 2748 1710 ὲν
2793 1656 3047 1726 παρακινῇ
3090 1652 3302 1721 γέγονε,
3345 1650 3443 1703 καὶ
3479 1647 3754 1720 βέϐρωκεν

489 1754 562 1810 ita
598 1755 834 1810 sentiant
865 1775 878 1806 :
910 1754 1052 1810 Olim
1079 1755 1298 1825 quidem
1332 1755 1387 1808 in
1413 1753 1625 1807 Adamo
1649 1752 1888 1806 divinam
1921 1752 2067 1805 illam

2186 1749 2278 1802 ἰπὸ
2326 1746 2422 1800 τοῦ
2472 1746 2651 1811 ξύλου,
2679 1745 2773 1799 καὶ
2822 1742 3098 1825 ἐξεώσθηο
3161 1741 3255 1810 ἀφ’
3294 1734 3355 1794 οὗ
3396 1738 3451 1791 δὲ
3489 1735 3752 1805 ἐξεώσθη,

491 1845 778 1914 imaginem
806 1847 1106 1908 exstitisse,
1145 1845 1320 1899 donec
1363 1844 1418 1898 in
1452 1850 1732 1913 peccatum
1762 1843 1948 1912 lapsus
1977 1856 2067 1894 ar-

2186 1839 2422 1894 Ξιπώλεσε
2467 1839 2528 1891 τὸ
2571 1839 2688 1892 κατ’
2733 1819 2939 1890 εἰκόνα.
2986 1835 3097 1888 Καὶ
3153 1831 3320 1902 πολλή
3371 1847 3452 1893 τις
3495 1829 3610 1881 ἐστὶ
3647 1827 3755 1880 τῶν

491 1934 642 1990 boris
698 1935 875 1990 fructu
927 1943 1257 2000 vesceretur,
1285 1944 1446 2004 atque
1497 1947 1526 1986 a
1576 1932 1814 2003 paradisi
1868 1931 2070 1986 ﬁnibus

494 2027 984 2093 exterminaretur;
1019 2037 1370 2097 posteaquam
1415 2040 1542 2080 vero
1586 2024 1776 2093 pulsus
1818 2031 1925 2088 est,
1961 2032 2070 2077 tum

495 2130 710 2172 omnem
740 2118 886 2172 illam
914 2119 1203 2186 imaginem
1237 2116 1485 2188 periisse.
1521 2113 1711 2184 Magna
1741 2123 1824 2169 est
1853 2113 2075 2168 omnino

490 2207 550 2263 in
597 2209 970 2279 contingendis
1027 2208 1227 2264 fabulis
1264 2208 1544 2261 hominum
1598 2204 1865 2274 ejusmodi
1919 2204 2078 2258 licen-

497 2301 594 2355 tia.
628 2300 838 2366 Quibus
866 2317 935 2357 ne
968 2301 1035 2356 ad
1069 2302 1257 2356 horam
1292 2299 1511 2369 quidem
1541 2297 1736 2352 cedere
1777 2305 1991 2366 oportet
2023 2298 2076 2364 ²;

497 2403 550 2453 et
597 2399 816 2470 quidem
864 2414 974 2454 non
1013 2397 1134 2454 istis
1172 2395 1353 2457 modo,
1405 2393 1497 2448 sed
1548 2406 1646 2446 nec
1686 2391 1812 2455 illis,
1849 2389 1941 2457 qui
1989 2389 2092 2445 hoc
2131 2403 2225 2448 aut
2272 2394 2364 2448 illo
2403 2401 2563 2462 pacto
2601 2393 2844 2448 sentiunt

2176 1934 2479 2004 ἀνθρώπων
2527 1930 2849 2004 μυθοποιίαο
2889 1925 2970 1993 οἷς
3008 1929 3069 1982 οὐ
3125 1926 3232 1998 χρὴ
3281 1924 3401 1978 οὐδὲ
3439 1923 3572 1994 πρὸς
3611 1921 3756 1993 ὤραν

2175 2024 2335 2091 εἶξαι.
2373 2024 2496 2078 οὔτε
2528 2023 2759 2090 τούτοις,
2790 2021 2913 2075 οὔτε
2947 2019 3173 2082 ἐκείνοις
3209 2019 3320 2080 τοῖς
3359 2015 3500 2069 οὓτω
3539 2013 3570 2083 ἦ
3616 2011 3761 2066 οὕτω

2176 2119 2456 2183 λέγουσιν’
2501 2116 2618 2171 ἀλλ’
2653 2112 2790 2169 εἶναι
2838 2114 2936 2186 μὲν
2968 2110 3244 2164 πιστεύειν
3281 2111 3337 2162 ὲν
3376 2107 3452 2178 τῷ
3490 2105 3760 2175 ἀνθρώπῳ

2177 2209 2239 2262 τὸ
2292 2209 2411 2262 κατ’
2469 2208 2683 2272 εἰκόνα,
2741 2209 2800 2260 ὲν
2852 2204 3014 2258 παντὶ
3065 2202 3122 2256 δὲ
3181 2201 3415 2273 μάλιστα
3439 2239 3454 2264 ,
3512 2199 3605 2251 καὶ
3663 2197 3760 2266 οὐχ

2181 2301 2388 2364 ἁπλῶς.

2908 2409 2922 2444 :
2963 2388 3039 2444 ita
3086 2401 3250 2460 porro
3293 2383 3618 2442 credendum
3679 2393 3763 2440 est

499 2495 786 2565 imaginem
839 2492 893 2546 in
939 2489 1160 2545 homine
1203 2484 1452 2556 reperiri,
1484 2490 1543 2538 ut
1582 2484 1634 2536 in
1675 2490 1789 2538 toto
1829 2485 2064 2539 maxime
2095 2500 2194 2540 nec
2225 2486 2544 2557 simpliciter
2603 2485 2857 2541 resideat.

567 2610 836 2664 Caeterum
863 2605 1082 2660 ubinam
1105 2601 1195 2656 illa
1226 2599 1460 2654 maxime
1481 2598 1551 2652 sit
1569 2605 1623 2653 et
1639 2611 1744 2666 qua
1762 2605 1914 2665 parte
1936 2610 2084 2650 com-

502 2699 891 2776 pleatur,quod
923 2699 1124 2752 dictum
1159 2703 1259 2754 est.
1293 2693 1360 2748 ad
1399 2691 1714 2762 imaginem,
1744 2689 1884 2744 Deus
1913 2689 2082 2752 novit,

501 2793 596 2865 qui
646 2791 907 2862 singulari
941 2792 1044 2843 hoc
1087 2785 1342 2855 imaginis
1372 2799 1484 2840 sua:
1512 2780 1774 2836 beneficio
1805 2781 2082 2833 hominum

502 2899 674 2956 genus
703 2882 912 2937 allicere
933 2879 1121 2934 voluit.
1144 2876 1330 2948 Neque
1355 2890 1484 2930 vero
1504 2875 1646 2928 hanc
1671 2873 1758 2928 ille
1784 2873 2087 2943 perdidisse

503 2975 778 3048 putandus
800 2981 917 3036 est,
941 2970 1156 3026 tametsi
1175 2969 1290 3024 sine
1310 2967 1418 3022 ullo
1436 2980 1617 3020 rerum
1637 2963 1954 3019 discrimine
1968 2978 2088 3033 gra-

503 3065 744 3124 vissimis
772 3079 832 3122 se
857 3062 1155 3120 sceleribus
1179 3060 1494 3130 inquinans,
1519 3056 1716 3110 divinae
1741 3054 1870 3108 illud
1895 3053 2087 3124 imagi-

2261 2598 2374 2652 Ποῦ
2400 2599 2458 2653 δέ
2491 2602 2659 2662 ἐστιν,
2705 2597 2738 2668 ἢ
2789 2595 2892 2648 ποῦ
2928 2594 3279 2665 πεπλήρωται
3311 2591 3372 2646 τὺ
3411 2592 3529 2644 κατ’
3561 2589 3765 2653 εἰκόνα,

2191 2690 2341 2760 αὐτῷ
2378 2688 2522 2760 μόνῳ
2567 2688 2832 2756 ἔγνωσται
2874 2685 2950 2756 τῷ
2991 2684 3129 2755 Θεῷ,
3173 2682 3313 2736 κατὰ
3355 2681 3515 2753 χάριν
3555 2679 3632 2748 τῷ
3670 2681 3768 2733 ἀν-

2193 2781 2395 2852 θρώπῳ
2426 2777 2796 2849 δωρησαμένῳ
2832 2775 2892 2829 τὸ
2937 2775 3057 2829 κατ’
3103 2772 3303 2828 εἰκόνα.
3349 2771 3482 2825 Οὔτε
3518 2771 3625 2842 γὰρ
3665 2771 3772 2822 ἀπ-

2193 2872 2393 2925 ώλεσεν
2417 2873 2446 2924 ὁ
2477 2869 2762 2940 ἄνθρωπος
2793 2867 2854 2921 τδ
2877 2867 2995 2920 κατ’
3026 2865 3209 2918 εἰκόνα
3228 2880 3242 2894 ·
3275 2861 3390 2916 ἀλλ’
3427 2863 3476 2915 εἰ
3505 2861 3614 2931 ἄρα
3646 2862 3771 2930 ὲχυο

2192 2965 2391 3020 δαίωσε
2444 2963 2506 3016 τὸ
2556 2963 2675 3015 κατ’
2709 2961 2914 3022 εἰκόνα,
2963 2956 3192 3029 μολύνας
3231 2953 3421 3009 ἑαυτὸν
3459 2954 3516 3005 ὲν
3549 2950 3773 3019 ἀδιαφό-

2198 3074 2310 3127 ροις
2336 3053 2624 3124 πράγμασι
2653 3052 2746 3106 καὶ
2785 3049 3104 3120 ἀνηκέστοις
3145 3045 3457 3117 ἁμαρτίαις.
3490 3043 3624 3095 Ἰδοὺ
3664 3041 3773 3112 γὰρ

503 3160 592 3216 nis
613 3158 780 3214 decus
807 3156 912 3211 vile
946 3155 1327 3224 abjectumque
1368 3149 1680 3204 reddiderit.
1710 3146 1919 3216 Quippe
1966 3154 2082 3216 post

2195 3148 2330 3220 μετὰ
2371 3149 2461 3200 τὴν
2494 3144 2666 3215 Ἀδὰμ
2709 3143 2786 3214 τῷ
2828 3142 2950 3196 Νῶε
2985 3141 3170 3208 λέγει’
3213 3135 3359 3192 Ἰδοὺ
3403 3133 3629 3188 δέδωκά
3673 3147 3775 3186 σοι

505 3253 770 3308 Adamum
795 3250 867 3303 ita
885 3247 1028 3303 Deus
1058 3245 1318 3301 Noemum
1347 3243 1638 3312 alloquitur
1666 3259 1679 3294 :
1703 3239 1833 3294 Ecce
1853 3239 1970 3293 dedi
1995 3238 2090 3292 tibi

505 3345 684 3401 omnia
715 3352 963 3411 tanquam
986 3339 1130 3392 olera
1157 3339 1273 3407 agri
1296 3352 1314 3400 ;
1343 3345 1518 3388 macta
1545 3343 1594 3388 et
1621 3331 1846 3387 comede.
1866 3331 2091 3385 Carnem

507 3452 625 3490 cum
641 3433 830 3488 anima:
843 3431 1094 3501 sanguine
1113 3444 1176 3482 ne
1187 3425 1446 3488 comedas,
1461 3425 1707 3491 quoniam
1720 3439 1811 3492 ego
1829 3421 2092 3489 requiram

509 3526 716 3579 animas
738 3530 957 3576 uestras.
993 3518 1296 3586 Quicunque
1323 3512 1565 3582 eﬂ'uderit
1593 3514 1900 3581 sanguinem
1931 3509 2094 3561 homi-

510 3617 592 3672 nis
621 3616 674 3668 in
705 3624 866 3676 terra,
896 3627 990 3681 pro
1026 3609 1183 3678 hujus
1215 3607 1467 3677 sanguine
1495 3604 1642 3658 illius
1671 3603 1886 3671 sanguis
1918 3601 2092 3669 eﬁun-

510 3711 665 3761 detur
687 3720 706 3758 :
736 3721 794 3758 eo
829 3701 968 3773 quod
998 3700 1066 3753 ad
1096 3699 1378 3768 imaginem
1407 3695 1506 3749 Dei
1539 3695 1798 3747 hominem
1839 3691 2049 3761 fecerim
2076 3706 2092 3744 :

511 3810 560 3856 et
619 3815 711 3870 ego
768 3797 1034 3874 gequiram
1085 3791 1392 3861 sanguinem
1436 3799 1666 3842 vestrum
1718 3784 1781 3838 ab
1835 3800 1894 3837 eo
1953 3781 2097 3835 omni

512 3891 650 3962 quod
690 3873 937 3959 eﬁ'uderit
989 3887 1162 3956 ipsum
1208 3897 1365 3952 super
1415 3880 1606 3950 [aciem
1659 3887 1812 3930 terra:
1856 3876 1895 3930 ³.
1932 3873 2097 3927 Vides

515 3993 577 4039 ut
611 3983 664 4038 in
702 3981 940 4045 homine,
972 3984 1096 4048 post
1137 3975 1400 4029 decimam
1438 3973 1508 4027 ab
1548 3971 1752 4025 Adaino
1795 3967 2099 4038 generatio-

516 4091 662 4140 nem,
722 4074 899 4141 imago
946 4069 1043 4123 Dei
1089 4064 1493 4122 constituatur?
1541 4061 1682 4127 Quin
1719 4061 1882 4114 etiam
1931 4057 2096 4111 David

520 4167 680 4236 longo
706 4170 895 4233 postea
928 4172 1170 4230 tempore
1199 4173 1265 4213 ex
1301 4155 1477 4211 sancti
1524 4153 1762 4224 Spiritus
1797 4149 1976 4204 alllatu
2011 4163 2101 4202 ce-

519 4258 696 4312 cinit:
734 4253 989 4310 Universa
1033 4251 1240 4306 vanitas
1291 4249 1459 4302 omnis
1509 4245 1662 4300 homo
1718 4246 1887 4298 vivens
1927 4241 1968 4293 ⁵.
2004 4240 2102 4295 Se-

520 4344 763 4402 cundum
814 4357 974 4414 quem
1020 4340 1314 4412 Apostolus
1354 4357 1368 4392 :
1417 4337 1507 4391 Vir
1559 4354 1763 4391 comam
1818 4335 1959 4389 alere
1999 4351 2103 4389 non

2196 3241 2391 3295 πάντα
2421 3240 2502 3304 ὠς
2536 3236 2774 3306 λάχανα
2818 3233 3034 3304 ἀγροῦ·
3078 3231 3291 3296 θῦσον,
3330 3227 3427 3282 καί
3470 3225 3640 3296 φάγε.
3676 3223 3776 3292 Μὴ

2196 3333 2350 3404 φάγε
2376 3331 2571 3401 σάρκα
2599 3331 2668 3383 ἐν
2695 3330 2894 3398 αἵματι
2928 3323 3171 3395 ψυχῆς·
3202 3323 3290 3376 ὅτι
3324 3320 3438 3391 ἐγὼ
3473 3315 3778 3385 ἐκζητήσω

2197 3422 2304 3487 τὰς
2343 3420 2549 3488 ψυχὰς
2596 3415 2783 3487 ὑμῶν.
2811 3415 2937 3480 Πᾶς
2967 3417 2998 3468 ό
3037 3411 3264 3482 ἐκχέων
3291 3405 3433 3479 αἷμα
3465 3405 3777 3473 ἀνθρώπου

2198 3514 2295 3567 ἐπὶ
2335 3511 2445 3580 τῆς
2473 3510 2604 3580 γῆς,
2637 3509 2769 3564 ἀντὶ
2800 3507 2905 3562 τοῦ
2939 3506 3186 3575 αἵματος
3223 3501 3410 3556 αὐτοῦ
3441 3494 3777 3565 ἐκχυθήσε-

2199 3621 2293 3658 ται
2335 3603 2400 3656 τὸ
2442 3597 2584 3671 αἷμα
2615 3600 2828 3654 αὐτοῦ’
2863 3597 2954 3651 ὅτι
2991 3597 3062 3650 ἐν
3101 3596 3287 3648 εικόνι
3335 3589 3485 3646 Θεοῦ
3520 3588 3780 3652 ἐποίησα

2201 3694 2308 3748 τόν
2339 3693 2650 3764 ἄνθρωπον
2668 3709 2682 3722 ·
2711 3690 2809 3744 καὶ
2837 3687 2954 3758 ἐγὼ
2991 3685 3297 3754 ἐκζητήσω
3341 3683 3407 3736 τὸ
3435 3675 3577 3750 αἷμα
3615 3675 3782 3746 ὑμῶν

2202 3789 2270 3842 ἐκ
2293 3785 2522 3852 παντὸς
2547 3784 2652 3838 τοῦ
2683 3781 3000 3850 ἐκχέοντος
3027 3778 3173 3831 αὐτὸ
3198 3776 3297 3830 ἐπὶ
3329 3777 3653 3842 πρόσωπον
3671 3767 3782 3836 τῆς

2204 3877 2334 3950 γῆς.
2367 3876 2478 3930 Καὶ
2508 3876 2659 3945 ὁρᾷς,
2691 3874 2771 3926 ὅτι
2800 3875 2856 3926 ὲν
2895 3872 2974 3941 τῷ
2999 3869 3268 3940 ἀνθρώπῳ
3307 3865 3524 3933 λέγεται
3565 3861 3625 3914 τὺ
3661 3861 3782 3913 κατ’

2205 3971 2387 4024 εἰκόνα
2428 3967 2567 4040 μετά
2607 3966 2837 4034 δεκάτην
2856 3963 3049 4032 γενεὰν
3075 3960 3169 4014 τοῦ
3209 3959 3300 4012 τὸν
3333 3957 3510 4026 ’Δδὰμ
3539 3951 3783 4020 πλασθῆ-

2205 4081 2327 4129 ναι;
2365 4062 2516 4132 ’Ἅμα
2563 4061 2622 4114 δὲ
2672 4059 2765 4112 καὶ
2802 4055 2964 4109 Δαόὶδ
3017 4052 3155 4125 μετὰ
3188 4050 3353 4104 πολὺν
3399 4047 3589 4119 χρόνον
3638 4043 3785 4132 λέγει

2206 4131 2482 4224 Πνεύματι
2541 4151 2715 4221 ἁγίῳο
2789 4147 2864 4202 Τὰ
2914 4146 3236 4215 σύμπαντα
3279 4139 3605 4210 ματαιότης
3668 4131 3780 4198 πᾶς

2207 4244 2514 4311 ἄνθρωπος
2559 4241 2688 4302 ζὶὖν.
2727 4239 2890 4292 Ἀλλὰ
2927 4239 3022 4292 καὶ
3068 4234 3301 4304 καθεξῆς
3349 4230 3486 4302 μετὰ
3530 4226 3716 4282 τοῦτον
3758 4225 3788 4277 ὁ

2221 4335 2537 4397 Ἀπόστολός
2576 4348 2774 4402 φησιν’
2821 4328 3002 4396 Ἀνὴρ
3041 4330 3150 4382 οὐκ
3183 4323 3409 4391 ὀφείλει
3459 4319 3671 4389 κομᾷν,
3710 4318 3773 4369 εἰ-

521 4437 690 4502 debet,
721 4407 919 4506 inquit,
955 4407 1087 4487 eum—
1106 4434 1176 4487 sit
1209 4433 1385 4501 imago
1417 4440 1466 4484 et
1495 4431 1666 4500 gloria
1708 4428 1801 4482 Dei
1830 4429 1872 4482 ⁵.
1911 4426 2017 4481 Sed
2051 4442 2080 4480 e

2211 4429 2332 4482 κὼν
2353 4429 2452 4481 καὶ
2486 4427 2635 4490 δόξα
2671 4424 2818 4479 Θεοῦ
2843 4421 3146 4490 ὑπάρχων.
3178 4415 3342 4469 Ἀλλὰ
3373 4415 3467 4468 καὶ
3496 4413 3632 4482 μετὰ
3661 4407 3786 4462 τοῦ-

523 4537 648 4602 post
678 4499 844 4581 illum
890 4523 1128 4580 Iacobus
1177 4523 1245 4578 de
1298 4499 1508 4592 linguai
1533 4521 1862 4590 disputans:
1901 4517 2082 4571 Matun

2210 4536 2301 4572 τον
2326 4517 2581 4580 Ἰάκωϐος
2619 4517 2838 4584 φάσκει,
2883 4511 3056 4580 λέγων
3105 4507 3233 4579 περὶ
3271 4506 3370 4576 τῆς
3409 4501 3680 4573 γλώσσης,
3709 4499 3791 4551 ὅτι

523 4595 622 4683 est,
677 4618 872 4688 inquit,
924 4614 1298 4680 intractabile,
1353 4612 1508 4684 plena
1560 4627 1750 4665 veneno
1809 4609 2082 4678 mortifero

2224 4609 2664 4679 Ἀκατάσχετον
2708 4605 2920 4670 κακὸν,
2962 4599 3158 4672 μεστὴ
3216 4599 3306 4653 ἰοῦ
3353 4595 3789 4662 θανατηφόρου.

523 4681 689 4785 815
747 4681 814 4766 in
869 4711 988 4780 ipsa
1045 4681 1392 4764 benedicimus
1439 4706 1608 4761 Deum
1666 4714 1717 4758 et
1765 4703 2014 4764 Patrem;
2056 4717 2082 4754 e

2223 4704 2318 4757 Ἐν
2351 4701 2505 4769 αὐτῇ
2549 4698 2921 4768 εὐλογοῦμεν
2949 4695 3053 4747 τόν
3093 4691 3240 4746 Θεὸν
3274 4689 3371 4742 καί
3417 4685 3668 4750 Πατέρα,
3697 4681 3792 4735 καί

524 4775 741 4871 ivit-ipsa
792 4775 1159 4857 maledicimus
1209 4799 1528 4862 hominibus,
1568 4798 1658 4868 qui
1705 4794 1774 4849 ad
1825 4793 2082 4862 imaginen

2210 4795 2281 4848 ἐν
2308 4793 2462 4862 αὐτῇ
2501 4789 2880 4858 καταρώμεθα
2908 4785 3049 4851 τοὺς
3084 4781 3454 4850 ἀνθρώπους,
3485 4777 3625 4841 τοὺς
3662 4775 3791 4826 κατ’

525 4896 626 4952 Dei
679 4897 810 4966 facti
853 4903 998 4951 sunt;
1042 4892 1168 4947 Non
1213 4898 1413 4961 oportet
1464 4863 1589 4944 haec
1622 4889 1700 4942 ita
1734 4887 1870 4957 ﬁeri.
1911 4887 2082 4956 fratre

2207 4885 2410 4937 εἰκόνα
2444 4881 2590 4936 Θεοῦ
2619 4879 2954 4950 γεγονότας.
2997 4878 3078 4928 οὐ
3111 4872 3226 4942 χρὴ
3260 4870 3446 4924 ταῦτα
3481 4867 3668 4930 οὕτως
3708 4863 3791 4932 7‘!-

527 4989 629 5043 mei
661 4989 702 5043 °.
737 4987 813 5040 Ex
853 4985 1051 5056 quibus
1080 4989 1305 5054 apparet
1331 4995 1521 5036 eorum
1544 4993 1740 5033 vanam
1783 4993 1905 5032 esse
1943 4979 2082 5032 ratio

2208 4979 2440 5039 νεσθαι,
2477 4973 2728 5042 ἀδελφοί
2759 4989 2892 5037 μου.
2927 4969 3035 5022 Καὶ
3064 4968 3187 5037 ὅρα,
3225 4965 3307 5017 ὅτι
3341 4962 3598 5028 ἐξέπεσεν
3636 4958 3665 5008 ὁ
3703 4954 3789 5007 λό-

527 5094 651 5136 nem
682 5076 774 5148 qui
828 5075 1101 5130 Adamum
1143 5072 1239 5127 Dei
1291 5071 1581 5141 imaginem
1623 5067 1876 5123 amisisse
1918 5066 2082 5137 praedi

2211 5085 2307 5137 γος
2345 5066 2454 5120 τῶν
2498 5065 2762 5134 λεγόντων
2795 5062 2887 5116 τὸν
2923 5059 3094 5130 Ἀδὰμ
3125 5057 3186 5111 τὸ
3217 5056 3337 5109 κατ’
3362 5053 3547 5106 εἰκόνα
3574 5047 3789 5103 ἀπολω-

530 5179 679 5227 cant.

2212 5159 2455 5214 λεκέναι.
3816 5196 3833 5238 1

488 5796 497 5846 i

609 5283 696 5339 ιν.
712 5282 922 5352 Quibus
935 5296 1065 5337 vero
1093 5279 1295 5352 placuit
1312 5278 1368 5332 in
1395 5275 1575 5331 anima
1594 5273 1824 5345 positam
1841 5287 1964 5328 esse
1987 5270 2117 5325 ima-

531 5377 734 5448 ginem,
793 5376 938 5430 hunc
984 5375 1040 5428 in
1075 5371 1295 5426 modum
1329 5367 1726 5424 ratiocinantur
1757 5378 1820 5417 ac
1863 5378 1985 5420 sese
2019 5363 2115 5417 de-

533 5467 805 5525 fendunt:
837 5463 984 5535 quod
1022 5469 1078 5518 et
1120 5459 1465 5533 aspectabilis
1510 5457 1735 5512 minime
1773 5456 1844 5510 sit
1894 5454 2119 5526 perinde

537 5571 602 5613 ac
637 5557 784 5612 Deus
814 5565 936 5622 est;
987 5553 1134 5626 quod
1178 5551 1410 5625 agendi.
1457 5549 1733 5614 movendi,
1785 5546 2120 5618 intelligendi

610 5756 822 5818 ‘ICor.
856 5775 944 5827 xv,
986 5757 1080 5813 l9.
1150 5760 1170 5792 ³
1203 5755 1322 5812 Gal.
1353 5773 1412 5825 ιι,
1445 5756 1500 5813 5.
1573 5755 1754 5810 ‘Gen.
1789 5770 1865 5820 ιιι,
1900 5755 1939 5808 5.
1957 5769 2082 5824 sqq.

2204 5749 2352 5807 Psal.
2384 5764 2567 5816 xxx",
2596 5747 2650 5804 6.
2726 5743 2792 5799 ³1
2820 5744 2948 5801 Cur.
2979 5759 3058 5809 κι,
3109 5743 3197 5798 ιι.

2289 5273 2364 5328 Δν.
2400 5269 2522 5324 Τῶν
2576 5267 2634 5322 δὲ
2693 5267 2855 5321 πάλιν
2899 5264 3184 5333 λεγόντων,
3219 5259 3318 5330 τὴν
3355 5255 3532 5328 ψυχὴν
3575 5251 3709 5309 εἶναι
3741 5254 3795 5306 τὲ

2221 5365 2340 5417 κατ’
2388 5362 2592 5424 εἰκόνα,
2647 5361 2675 5412 ὁ
2727 5358 2883 5427 λόγος
2922 5357 3037 5409 ἐστὶ
3071 5351 3273 5407 τοιόσδε
3318 5350 3412 5402 καὶ
3439 5349 3473 5418 ἡ
3503 5345 3794 5412 ἀπολογίαν

2223 5453 2370 5516 ”Οτι,
2396 5453 2581 5524 φησὶν,
2613 5451 2760 5504 ἔστιν
2782 5450 3028 5521 ἀόρατος,
3051 5447 3124 5510 ὡς
3154 5447 3183 5497 ό
3209 5441 3340 5504 Θεός
3365 5442 3510 5492 ἐστιν
3539 5437 3768 5509 ἀόρατος

2225 5545 2550 5618 ὲνεργητική
2589 5545 2729 5604 ὲστι,
2754 5541 3005 5612 κινητική
3038 5541 3175 5591 ὲστι.
3201 5532 3510 5602 διανοητική
3552 5532 3689 5589 ἐστι,
3719 5527 3796 5580 λο-

3299 5740 3318 5772 ⁶
3345 5753 3464 5794 Jac.
3509 5751 3593 5804 tn,
3623 5735 3656 5792 ι
3679 5748 3796 5804 sqq.
