4138 6396
417 385 540 482 ειιξ

1055 425 1426 486 ADVERSUS
1464 427 1807 484 ILERESES
1843 427 1971 483 LIB.

2141 426 2307 483 ΤΟΜ.
2349 427 2391 482 Ι.
2408 458 2478 468 -
2504 427 2776 483 ΙΙΑΞΒΕΞ.
2818 421 2952 482 LXX
2967 470 2981 483 .

3581 422 3690 482 346

417 542 636 614 γιστική
679 542 828 596 ἐστι·
870 543 966 597 καὶ
1009 544 1199 598 τούτου
1254 545 1416 600 ἓνεκα
1459 548 1594 620 αὐτή
1637 549 1751 601 ἐστι
1783 547 1844 600 τὸ
1878 550 1998 602 κατ’

2105 563 2166 601 ac
2198 546 2556 601 ratiocinandi
2592 547 2681 601 ubi
2709 545 2933 616 praedita
2961 543 3033 599 sit
3062 563 3072 597 :
3107 542 3228 597 ideo
3259 541 3372 596 haec
3399 539 3688 609 imaginem

419 634 622 698 εἰκόνα,
668 634 856 706 ἐπειδὴ
900 635 1035 690 Θεὸν
1079 638 1170 689 ἐπὶ
1207 638 1311 709 γῆς
1362 642 1626 709 μιμεῖται,
1678 640 1906 693 κινοῦσά
1939 657 1998 693 τε

419 726 515 780 καὶ
547 727 880 796 πράττουσα,
909 729 1004 780 καὶ
1042 727 1210 781 τάλλα
1249 731 1499 788 ποιοῦσα.
1524 731 1732 800 ὅσαπερ
1764 732 1904 785 κατὰ
1940 732 2002 785 τὸ

419 816 986 889 λογιστικὸν-πράττει
1017 821 1046 873 6
1083 819 1388 890 ἄνθρωπος.
1425 820 1782 892 Εὐρίσκονται
1813 821 1869 874 δὲ
1908 821 2002 874 καὶ

419 903 564 962 οὗτοι
595 907 1049 978 συλλογιζόμενοι.
1080 910 1191 962 Καὶ
1215 909 1324 982 γάρ
1356 912 1402 962 εἰ
1432 912 1518 964 διὰ
1551 910 1722 965 ταῦτα
1755 912 2000 964 καλεῖται

421 1001 539 1054 κατ’
565 999 745 1052 εἰκόνα
779 998 948 1069 ψυχὴ,
991 1000 1173 1054 οὐκέτι
1216 1001 1438 1055 δύναται
1468 999 1606 1055 εἶναι
1636 1005 1756 1056 κατ’
1795 1003 1996 1057 εἰκόνα.

433 1092 491 1145 Ὀ
540 1091 649 1162 γὰρ
689 1091 822 1154 Θεὸς
860 1092 1114 1147 ἐπέκεινα
1163 1095 1650 1165 μυριονταπλάσιον
1702 1094 1853 1166 παρὰ
1901 1096 2000 1168 τὴν

418 1181 616 1250 ψυχὴν,
657 1182 749 1234 καὶ
783 1181 863 1233 ἔτι
898 1182 1274 1253 περιττότερόν
1309 1184 1454 1236 ἐστιν
1498 1185 1879 1255 άκατάληπτος
1907 1185 2000 1238 καὶ

417 1272 791 1344 άπερινόητος,
820 1273 999 1325 πάντα
1025 1272 1200 1337 εἰδὼς,
1231 1275 1298 1348 τά
1332 1274 1566 1347 προόντα
1618 1278 1711 1329 καὶ
1747 1276 1814 1329 τά
1854 1294 1998 1348 παρ-

419 1362 568 1427 όντα,
597 1363 689 1415 καὶ
712 1361 965 1434 ὁρώμενα
1000 1362 1092 1415 καὶ
1117 1364 1185 1416 τὰ
1226 1345 1300 1434 μῆ
1326 1345 1597 1435 ὁρώμενα,
1629 1366 1841 1436 πέρατα
1872 1345 1998 1435 γῆς,

420 1453 514 1506 καὶ
558 1453 838 1522 πυθμένας
883 1453 1142 1516 ἀϐύσσου,
1195 1455 1340 1526 ἄκρα
1389 1456 1654 1528 οὐρανῶν,
1695 1458 1789 1510 καὶ¹
1821 1461 2000 1512 πάντα

418 1544 487 1597 τὰ
521 1544 669 1609 ὅντα,
706 1544 868 1607 αὐτὸς
915 1545 1184 1615 περιέχων
1233 1546 1302 1600 τὰ
1348 1547 1546 1609 πάντα,
1579 1548 1668 1600 ὑπ’
1701 1549 1912 1613 ούδενὸς
1943 1550 1998 1603 δὲ

419 1633 823 1704 περιεχόμενος.
869 1633 934 1687 Ἡ
981 1634 1037 1686 δὲ
1092 1634 1237 1705 ψυχὴ
1291 1636 1604 1707 περιέχεται
1647 1639 1745 1708 μὲν
1787 1641 1843 1691 ὲν
1895 1639 1998 1692 σώ-

421 1744 569 1797 ματι,
598 1728 780 1796 ἀγνοεῖ
808 1727 864 1780 δὲ
890 1726 1127 1780 ἀϐύσσου
1165 1728 1291 1791 τοὺς
1325 1728 1626 1798 πυθμένας,
1657 1730 1747 1784 καὶ
1784 1732 2000 1786 ἐπίστα-

416 1830 508 1866 ται
551 1813 612 1866 τὸ
660 1810 818 1885 εὖρος
867 1814 969 1884 τῆς
1019 1815 1158 1886 γῆς,
1211 1815 1458 1888 τέρματα
1508 1820 1606 1890 τῆς
1675 1821 1997 1894 οἰκουμένης

2101 641 2518 711 complectitur;
2581 637 2728 707 quod
2775 635 3074 696 movendo,
3115 631 3325 702 agendo
3367 644 3433 684 ac
3483 628 3689 696 reliqua

2101 733 2284 788 omnia
2322 727 2649 801 praestando,
2695 741 2817 797 quae
2863 726 3074 780 ratione
3119 725 3186 777 ab
3235 720 3550 777 hominibus
3595 733 3691 788 ge-

2102 833 2318 889 runtur,
2349 823 2516 876 Deum
2549 821 2605 875 in
2637 819 2800 874 terris
2825 818 3090 872 imitetur.
3126 815 3232 869 Sed
3270 813 3362 870 isti
3400 810 3693 867 manifeste

2100 917 2166 972 ad
2214 916 2562 988 syllogismos
2606 910 2951 980 confugiunt.
3005 906 3140 961 Nam
3190 907 3235 962 si
3295 910 3578 975 propterea
3623 901 3689 956 ad

2101 1006 2393 1076 imaginem
2448 1002 2630 1056 anima
2683 1000 2826 1055 facta
2874 998 3096 1059 dicitur,
3144 996 3213 1050 ad
3259 996 3548 1064 imaginem
3581 991 3687 1046 dici

2099 1098 2324 1152 omnino
2356 1111 2465 1150 non
2495 1101 2696 1164 potest.
2743 1090 2888 1144 Deus
2929 1090 3075 1144 enim
3116 1087 3341 1142 infinitis
3367 1101 3480 1156 prae
3508 1085 3691 1138 anima

2098 1190 2368 1262 partibus,
2420 1201 2595 1256 eoque
2653 1183 2920 1252 amplius.
2969 1179 3510 1246 comprehensionem
3571 1192 3690 1230 om-

2099 1297 2223 1336 nem
2256 1296 2324 1336 ac
2356 1277 2739 1351 cogitationem
2784 1272 2993 1342 ciIugit,
3037 1281 3221 1341 utpote
3263 1270 3351 1323 cui
3402 1275 3690 1338 prospecta

2100 1381 2229 1430 sunt
2281 1371 2465 1426 omnia
2515 1379 2624 1422 tam
2675 1366 2953 1438 praeterita
3001 1378 3164 1434 quam
3215 1361 3528 1431 praesentia,
3577 1368 3688 1412 tam

2098 1479 2219 1535 quae
2269 1462 2542 1526 videntur,
2585 1474 2750 1530 quam
2798 1471 2919 1527 quae
2965 1455 3133 1510 videri
3183 1459 3486 1522 nequeunt,
3530 1457 3691 1504 terra:

2100 1557 2258 1622 ﬁnes,
2304 1554 2586 1624 profundae
2632 1552 2907 1622 voraginis
2960 1550 3087 1614 ima,
3125 1546 3427 1602 cmlestium
3474 1543 3690 1598 orbium

2098 1661 2333 1708 summa,
2368 1643 2636 1715 quidquid
2686 1642 2922 1711 denique
2964 1638 3177 1708 uspiam
3221 1643 3325 1691 est.
3379 1635 3500 1704 Ipse
3545 1632 3689 1687 enim

2099 1751 2222 1790 cum
2253 1735 2436 1788 omnia
2467 1733 2900 1803 comprehendit,
2934 1740 3048 1785 tmn
3080 1745 3109 1782 a
3149 1729 3300 1782 nullo
3327 1726 3694 1796 comprehen-

2098 1827 2262 1880 ditur.
2302 1826 2622 1881 Econtrario
2653 1840 2782 1879 vero
2849 1823 3030 1877 anima
3081 1835 3310 1890 corpore
3353 1818 3689 1880 continetur,

417 1906 622 1973 ἀγνοεῖ,
671 1907 816 1976 ἄκρα
860 1907 1101 1978 οὐρανῶν
1151 1907 1212 1959 ού
1265 1909 1579 1980 κατείληφε,
1627 1912 1767 1965 πόσα
1814 1913 1994 1978 μέλλει

2105 1919 2279 1988 abyssi
2331 1919 2556 1972 fundum
2620 1917 2854 1986 ignorat,
2905 1923 3062 1969 terra:
3136 1911 3477 1966 latitudinem
3529 1918 3693 1980 atque

417 1996 661 2055 ἔσεσθαι.
688 1997 720 2068 ἦ
753 1998 882 2051 πότε
907 1998 1136 2067 γίνεται,
1167 1999 1310 2052 πόσα
1341 2017 1400 2052 τε
1439 2002 1546 2070 πρὸ
1573 2004 1744 2073 αὐτῆς
1779 2005 2005 2076 γεγένη-

416 2106 529 2147 ται.
570 2091 679 2143 Καὶ
720 2091 891 2144 πολλά
926 2092 1042 2144 ἐστι
1079 2090 1206 2162 περὶ
1252 2092 1424 2163 αὐτῆς
1461 2095 1556 2148 καὶ
1599 2095 1706 2148 τῶν
1746 2095 2002 2151 τοιούτων

417 2179 614 2248 λεγειν.
647 2183 796 2252 ’Ἅμα
837 2182 892 2234 δὲ
938 2183 1032 2236 καὶ
1076 2187 1376 2258 μερισμοὺς
1417 2185 1558 2255 ἔχει·
1599 2185 1731 2249 Θεὸς
1769 2185 1825 2240 δὲ
1868 2188 2004 2258 ἀμέ-

420 2271 603 2344 ριστός
654 2275 788 2325 ἐστι.
841 2275 980 2345 Φησὶ
1032 2276 1142 2347 γὰρ
1193 2280 1222 2331 6
1270 2277 1622 2340 Ἀπόστολος⁶
1659 2276 1790 2330 Ζῶν
1822 2279 1931 2348 γὰρ
1970 2282 2002 2333 ὁ

416 2362 598 2430 λόγος
630 2363 733 2415 τοῦ
767 2363 914 2418 Θεοῦ
947 2366 1045 2418 καὶ
1081 2365 1347 2434 ἐνεργὴς,
1371 2365 1467 2418 καὶ
1491 2365 1816 2434 τομώτερος
1848 2367 2000 2434 ὑπὲρ

417 2452 626 2506 πᾶσαν
647 2453 950 2522 μάχαιραν
984 2454 1293 2526 δίστομον,
1335 2457 1432 2510 καί
1463 2456 1872 2525 διικνούμενος
1895 2458 1999 2528 μέ-

418 2562 517 2613 χρι
557 2545 853 2614 μερισμοῦ
881 2547 1090 2616 ψυχῆς
1128 2549 1228 2602 καὶ
1262 2546 1538 2618 μυελῶν·
1593 2548 1692 2602 καὶ
1741 2550 2001 2616 κριτικὸς

416 2635 808 2704 ἐνθυμήσεων
857 2639 957 2692 καὶ
1001 2639 1268 2694 ἐννοιῶν.
1303 2640 1413 2693 Καὶ
1465 2641 1576 2694 οὐκ
1619 2640 1752 2693 ἔστι
1803 2641 2000 2707 κτίσις

417 2727 657 2794 ἀφανὴς
697 2729 954 2784 ἐνώπιον
995 2732 1203 2792 αὐτοῦ.
1253 2731 1348 2785 καὶ
1383 2731 1451 2784 τά
1492 2729 1640 2800 ἑξῆς.
1691 2731 1800 2783 Καὶ
1844 2733 1997 2802 ὁρᾷς,

416 2818 500 2869 ὅτι
525 2818 740 2872 διέπεσε
765 2821 858 2873 καλ⁸
886 2821 1090 2875 τούτων
1121 2824 1149 2874 6
1181 2822 1357 2891 λόγος.

2103 2010 2254 2064 orbis
2303 2009 2616 2064 habitabilis
2669 2008 2870 2061 limites
2922 2006 3132 2071 nescit;
3163 2005 3425 2059 caelorum
3475 2017 3689 2056 summa

2105 2113 2214 2153 non
2239 2100 2574 2168 assequitur,
2597 2114 2775 2168 neque
2797 2099 2926 2168 quid
2961 2099 3202 2152 futurum
3228 2098 3322 2162 sit,
3351 2102 3445 2149 aut
3471 2094 3692 2165 quando

2101 2186 2372 2255 futurum,
2403 2197 2498 2242 aut
2525 2205 2647 2258 qua:
2677 2197 2802 2244 ante
2833 2206 2891 2245 se
2914 2188 3027 2258 jam
3049 2189 3355 2244 exstiterint
3385 2187 3688 2258 cognoscit.

2103 2282 2186 2336 Ad
2218 2282 2333 2336 haec
2368 2283 2520 2352 plura
2567 2283 2672 2336 alia
2720 2291 2828 2335 tam
2867 2281 2935 2337 de
2984 2282 3072 2335 illa
3108 2297 3272 2351 quam
3303 2282 3370 2336 de
3393 2281 3607 2335 creteris
3638 2277 3692 2334 id

2104 2389 2276 2443 genus
2299 2389 2734 2430 commemorare
2755 2389 3069 2444 possumus.
3101 2371 3370 2427 Praeterea
3395 2387 3519 2426 cum
3548 2371 3692 2426 Deus

2101 2466 2389 2520 divisionis
2431 2466 2612 2520 omnis
2657 2482 2854 2536 expers
2895 2466 2988 2528 sit,
3020 2465 3200 2518 anima
3253 2465 3370 2534 ipsa
3395 2463 3691 2526 dividitur;

2099 2555 2245 2624 quod
2279 2555 2365 2608 his
2403 2553 2586 2608 verbis
2626 2554 2918 2623 Apostolus
2944 2551 3188 2606 indicat:
3233 2551 3389 2604 Vivus
3438 2557 3515 2603 est
3552 2549 3694 2602 enim

2100 2662 2272 2702 sermo
2321 2645 2440 2710 Dei,
2479 2654 2529 2700 et
2561 2645 2762 2715 efﬁcax,
2811 2654 2863 2699 et
2904 2643 3282 2712 penetrabilior
3332 2642 3475 2696 omni
3513 2640 3693 2710 gladio

2103 2739 2344 2806 ancipiti,
2374 2747 2424 2794 et
2454 2739 2752 2808 pertingens
2789 2755 2951 2808 usque
2980 2738 3050 2791 ad
3080 2737 3389 2791 divisionem
3422 2735 3614 2788 animm
3642 2741 3693 2785 et

2103 2831 2511 2897 medullarum,"
2531 2840 2582 2886 et
2627 2831 2949 2900 disceptator
2993 2831 3395 2900 cogitationum,
3434 2838 3484 2882 et
3520 2828 3696 2880 inten-

420 2915 618 2968 tionum
667 2915 863 2970 cordis.
917 2915 1098 2987 Neque
1137 2929 1217 2973 est
1269 2928 1515 2974 creatura
1563 2921 1771 2974 occulta
1820 2936 2000 2974 coram
2035 2925 2148 2994 ipso
2181 2929 2223 2992 ί,
2253 2936 2361 2984 etc.
2410 2927 2491 2983 Ex
2545 2927 2747 2998 quibus
2796 2927 3052 2982 omnibus
3097 2926 3316 2980 illorum
3357 2922 3544 2996 opinio
3603 2935 3694 2975 re-

418 3005 643 3063 fellitur.

490 3099 568 3152 E'.
601 3101 710 3153 Καὶ
736 3099 841 3154 τῶν
867 3100 1071 3174 [πάλιν]
1106 3101 1369 3170 λεγόντων
1415 3103 1475 3157 τὸ
1520 3103 1678 3156 σῶμα
1707 3100 1846 3158 εἶναι
1876 3106 1997 3159 κατ’

2177 3103 2239 3156 ιτ.
2275 3103 2386 3159 Nec
2419 3103 2602 3160 minus
2647 3112 2704 3158 et
2753 3103 2982 3156 aliorum
3029 3101 3325 3172 rejicienda
3371 3104 3640 3158 sententia
3673 3146 3690 3171 ,

420 3189 602 3242 εἰκόνα
617 3190 894 3244 διαπίπτει
916 3191 1076 3245 πάλιν
1101 3193 1128 3244 ὀ
1153 3192 1327 3261 λόγος.
1353 3192 1476 3255 Πῶς
1495 3193 1602 3264 γὰρ
1621 3194 1842 3248 δυνατὸν
1864 3193 2001 3250 εἶναι

2105 3197 2200 3266 qui
2251 3211 2451 3266 corpus
2495 3194 2573 3250 ad~
2605 3195 2894 3264 imaginem
2933 3193 3024 3248 Dei
3067 3208 3190 3248 esse
3246 3194 3447 3248 factum
3495 3196 3693 3264 praedi-

418 3278 482 3330 τὸ
509 3278 700 3346 ὁρατὸν
725 3280 803 3350 τῷ
833 3282 1050 3353 ἀοράτῳ
1079 3283 1487 3354 παραπλήσιον;
1519 3284 1636 3349 πῶς
1665 3287 1726 3339 τὸ
1760 3304 2001 3357 σωματι-

421 3371 518 3426 κὸν
555 3370 632 3442 τῷ
677 3373 985 3444 ἀσωμάτῳο
1020 3374 1140 3438 πῶς
1171 3374 1232 3428 τὸ
1277 3375 1419 3447 ἁφὴν
1458 3375 1579 3448 ἔχον
1614 3377 1692 3449 τῷ
1728 3379 1996 3450 ἀκαταλή-

423 3480 542 3533 πτῳ
563 3480 578 3526 ;
609 3463 850 3535 Ὁρῶμεν
877 3465 984 3536 γὰρ
1013 3467 1172 3536 ἡμεῖς
1201 3467 1310 3520 ἀπὸ
1330 3467 1438 3521 τῶν
1457 3451 1764 3540 ἔμπροσθεν
1778 3464 1858 3533 οἷς
1882 3469 2002 3540 ἐχο-

426 3572 527 3625 μεν
559 3555 884 3626 ὀφθαλμοῖς,
927 3556 998 3610 τά
1045 3559 1272 3612 κατόπιν
1307 3558 1364 3611 δὲ
1399 3559 1718 3629 ἀγνοοῦμεν.
1754 3561 1845 3614 Ἐν
1887 3559 2005 3630 Θεῷ

422 3649 478 3702 δὲ
508 3651 570 3703 οὐ
599 3649 788 3714 πάθος,
814 3650 914 3704 οὐκ
940 3650 1245 3722 ἐλάττωμα,
1279 3651 1352 3722 μὴ
1377 3653 1618 3720 γένοιτοῑ
1648 3653 1782 3707 ἀλλὰ
1810 3671 2008 3706 παντα-

422 3737 580 3810 χόθεν
611 3739 726 3791 ἐστὶ
778 3738 923 3806 φῶς,
966 3740 1298 3809 πανταχόθεν
1338 3740 1632 3812 ὀφθαλμὸς,
1676 3743 2004 3812 πανταχόθεν

421 3826 570 3892 δόξα.
600 3827 824 3896 Πνεῦμα
865 3828 938 3882 ὣν
967 3832 995 3882 6
1029 3830 1180 3891 Θεὸς,
1211 3831 1303 3882 καὶ
1331 3831 1548 3902 πνεῦμα
1591 3833 1730 3904 ὑπὲρ
1760 3833 2001 3904 πνεῦμα,

426 3920 519 3972 καὶ
541 3919 654 3987 φῶς
677 3919 817 3990 ὑπὲρ
840 3922 948 3973 πᾶν
977 3920 1113 3990 φῶς.
1148 3922 1331 3975 Πάντα
1360 3921 1470 3992 γὰρ
1492 3923 1560 3974 τὰ
1594 3924 1684 3975 ὑπ’
1712 3924 1876 3977 αὐτοῦ
1910 3942 2002 3993 γε-

425 4013 625 4083 νόμενα
685 4013 993 4066 ύποϐἐϐτκε
1049 4014 1148 4086 τὴν
1197 4015 1362 4069 αὑτοῦ
1419 4015 1598 4080 δόξαν.
1657 4017 1808 4088 Μόνη
1863 4017 1920 4070 δὲ
1971 4019 2005 4088 ἡ

426 4104 596 4175 Τριὰς
651 4106 709 4156 ὲν
747 4105 1094 4176 ἀκαταληψίᾳ
1131 4107 1225 4158 καὶ
1296 4107 1355 4160 ὲν
1391 4107 1520 4181 δόξῃ
1569 4109 1872 4178 ἀνεικάστῳ
1913 4111 2008 4163 καὶ

426 4193 819 4265 ἀκαταλήπτῳ.
871 4195 991 4248 Τῶν
1038 4195 1095 4248 δὲ
1144 4197 1306 4250 πάλιν
1352 4197 1619 4265 λεγόντων
1672 4202 1771 4271 τὴν
1808 4202 2006 4273 ἀρετὴν

426 4285 570 4342 εἶναι
596 4289 714 4340 κατ’
754 4287 960 4350 εἰκόνα,
1004 4288 1175 4360 ἀρετὴ
1206 4289 1264 4342 δὲ
1302 4290 1431 4344 ἄνευ
1466 4291 1710 4361 φυλακῆς
1743 4292 2009 4363 ὲνταλμά-

425 4395 535 4432 των
561 4380 621 4432 ού
645 4378 867 4433 δύναται
896 4375 1052 4433 εἶναι.
1087 4380 1276 4433 Πολλοὶ
1303 4381 1359 4434 δὲ
1388 4383 1445 4434 ἐν
1469 4383 1636 4453 ἀρετῇ
1657 4383 2007 4454 διαφερέστε-

431 4485 513 4539 po:
542 4468 804 4539 ἀλλήλων.
842 4468 1070 4540 Ἀρετῆς
1106 4469 1214 4540 γάρ
1247 4471 1394 4524 ἐστιν
1446 4471 1563 4541 εἴδη
1615 4472 1805 4526 πολλά.
1847 4473 2006 4526 Οἴδα-

2105 3296 2247 3341 cant.
2271 3285 2410 3340 Nam
2439 3285 2532 3356 qui
2569 3285 2681 3339 lieri
2710 3292 2912 3354 potest,
2943 3293 3027 3350 ut,
3057 3285 3201 3354 quod
3226 3286 3558 3354 aspectabile
3585 3293 3690 3354 est,

2102 3380 2151 3436 ci
2175 3380 2352 3434 simile
2382 3379 2474 3442 sit,
2497 3376 2641 3448 quod
2664 3375 2836 3431 videri
2866 3391 2976 3429 non
3007 3383 3204 3445 potest,
3235 3387 3330 3430 aut
3361 3391 3687 3446 corporeum

2108 3470 2354 3540 corporis
2407 3468 2638 3538 experti,
2689 3474 2783 3521 aut
2824 3466 2968 3536 quod
3018 3467 3345 3521 contrectari
3399 3475 3597 3537 potest.
3640 3467 3692 3523 ei

2106 3560 2250 3630 quod
2293 3558 2625 3629 apprehendi
2676 3557 2902 3626 nequit?
2942 3555 3210 3612 Praeterea
3264 3572 3365 3612 nos
3416 3558 3693 3613 anteriora

2105 3651 2368 3706 duntaxat
2400 3649 2575 3705 oculis
2629 3649 2833 3703 nostris
2889 3647 3184 3710 cernimus,
3226 3663 3346 3717 qua:
3388 3664 3529 3718 pone
3561 3655 3692 3702 sunt

2105 3742 2438 3813 ignoramus.
2463 3742 2636 3796 Penes
2667 3740 2836 3796 Deum
2867 3747 3069 3802 autem,
3100 3754 3274 3809 neque
3304 3739 3514 3793 aﬂ‘ectio
3548 3741 3681 3804 ull-a,

2105 3850 2283 3904 neque
2331 3833 2576 3888 defectus
2619 3841 2726 3899 est,
2778 3833 2873 3888 sed
2923 3831 3284 3901 undecunque
3310 3831 3478 3902 816
3508 3832 3691 3885 lumen

2104 3932 2209 3991 est,
2254 3925 2616 3993 undecunque
2659 3923 2870 3984 oculus,
2902 3921 3263 3991 undecunque
3291 3922 3463 3990 gloria
3520 3922 3690 3990 Spiri-

2107 4024 2194 4071 tus
2225 4015 2369 4070 enim
2400 4014 2544 4069 Deus
2573 4021 2680 4079 est,
2713 4014 2804 4085 qui
2835 4029 3052 4068 omnem
3083 4013 3334 4082 spiritum
3368 4021 3684 4078 exsuperet,

2105 4117 2160 4162 et
2199 4108 2293 4160 lux
2335 4106 2458 4161 luce
2493 4107 2642 4161 omni
2684 4107 3048 4177 praestantior.
3100 4103 3374 4173 Quidquid
3429 4105 3573 4158 enim
3625 4105 3698 4157 ab.

2108 4198 2226 4265 ipso
2274 4196 2548 4250 conditum
2597 4205 2699 4260 est,
2751 4194 2894 4248 infra
2942 4194 3086 4248 illius
3130 4193 3297 4248 decus
3345 4207 3408 4246 ac
3458 4193 3691 4262 gloriam

2107 4297 2210 4342 est.
2246 4286 2372 4342 Sola
2407 4303 2536 4342 vero
2560 4286 2802 4342 Trinitas
2839 4285 3224 4356 comprehendi
3266 4299 3372 4338 non
3407 4293 3603 4352 potest,
3639 4294 3695 4338 et

2109 4380 2373 4434 inlinit-am
2406 4380 2697 4449 quamdam
2736 4379 2964 4448 gloriam
2997 4378 3228 4438 obtinet,
3263 4391 3384 4446 quae
3422 4392 3521 4430 nec
3560 4391 3700 4430 con-.

2103 4471 2315 4542 ject'ura
2364 4472 2597 4541 capitur,
2643 4485 2744 4523 nec
2788 4468 3138 4536 intelligentia
3181 4466 3498 4535 percipitur.
3536 4464 3690 4532 Quod

432 4577 530 4628 μεν
559 4560 670 4630 γὰρ
700 4562 852 4614 αὐτοὶ
894 4562 988 4614 καί
1026 4578 1176 4625 τινας
1214 4561 1321 4614 ἀπὸ
1359 4562 1706 4633 ὁμολογητῶν
1743 4565 2002 4635 ὑπάρχον-

2115 4566 2180 4620 ad
2227 4565 2349 4620 illos
2389 4579 2515 4618 vero
2565 4563 2822 4633 pertinet,
2853 4562 2947 4632 qui
2989 4562 3042 4614 in
3081 4561 3276 4614 virtute
3319 4558 3695 4616 conditionem

427 4667 546 4713 τας,
577 4650 772 4714 οἵτινες
802 4650 1008 4704 ἑαυτῶν
1052 4651 1128 4728 τὸ¹
1157 4651 1316 4722 σῶμα
1340 4651 1603 4707 δεδώκασι
1642 4654 1738 4708 καὶ
1775 4653 1871 4726 τὴν
1901 4654 2002 4724 ψυ-

429 4743 530 4814 χὴν
581 4743 723 4814 ὑπὲρ
776 4743 870 4797 τοῦ
913 4743 1120 4797 ἑαυτῶν
1161 4745 1432 4799 Δεσπόσωυ
1485 4747 1544 4799 ὲν
1600 4747 1861 4816 ὁμολογίᾳ
1908 4745 2004 4800 καὶ

429 4833 621 4904 ἁγνείᾳ
670 4833 1095 4896 διατελέσαντες,
1145 4834 1326 4887 πίστιν
1354 4850 1413 4886 τε
1445 4833 1814 4904 ἀληθεστάτην
1841 4835 2003 4905 ἐκτή-

431 4944 614 4990 σαντο,
667 4927 918 4997 εὐσεϐείᾳ
967 4926 1322 4998 διενηνόχασι,
1354 4927 1731 4997 φιλανθρωπίᾳ
1775 4927 1869 4980 καὶ
1914 4928 2004 4978 εὐ-

426 5017 642 5089 λαϐείᾳ,
676 5019 735 5070 ὲν
775 5017 1048 5088 νηστείαις
1073 5033 1130 5069 τε
1172 5016 1380 5086 διῆξαν,
1406 5017 1501 5071 καὶ
1530 5018 1587 5068 ὲν
1624 5017 1772 5090 πάσῃ
1805 5017 2005 5084 ἁγαθό-

429 5125 572 5180 τητι,
617 5108 712 5161 καὶ
750 5109 808 5160 ὲν
855 5109 1055 5178 ἀρετῆς
1098 5107 1436 5178 τεκμηρίοις.
1475 5107 1796 5178 Συμϐέϐηκε
1827 5107 1883 5160 δὲ
1912 5107 2008 5159 αύ-

429 5199 557 5260 τοὺς
585 5197 728 5267 ἔχειν
755 5196 1059 5268 ἐλάττωμα,
1091 5197 1210 5267 ἦτοι
1261 5196 1548 5267 λοιδόρους,
1578 5197 1695 5266 ἦτοι
1742 5196 2010 5267 ὀμνύντας

430 5288 490 5339 ὲν
525 5287 750 5358 ὀνόματι
785 5286 943 5352 Θεοῦ,
972 5287 1006 5358 ἢ
1033 5282 1173 5340 εἶναι
1205 5285 1490 5358 μυθώδεις,
1526 5286 1559 5356 ἢ
1587 5287 2007 5355 ἀγανακτικοῦς,

429 5377 465 5449 ἢ
499 5377 612 5447 βίον
643 5377 941 5449 κεκτῆσθαι
971 5377 1173 5449 χρυσοῦ
1215 5379 1308 5431 καὶ
1351 5377 1624 5448 ἀργύρου,
1669 5380 1764 5431 καὶ
1813 5378 2006 5441 ἄλλων,

431 5471 592 5524 ἅτινα
634 5470 825 5540 ἐλλιπῆ
903 5473 1138 5523 ποιεῖται
1193 5469 1294 5539 τῆς
1353 5469 1553 5540 ἀρετῆς
1598 5469 1666 5521 τά
1713 5469 1903 5538 μέτρα.
1944 5469 2008 5521 Τί

429 5555 527 5614 οὖν
570 5562 848 5632 είπωμενς
906 5561 979 5614 Τὸ
1031 5561 1129 5632 μὲν
1170 5561 1288 5614 κατ’
1311 5561 1492 5615 εἰκόνα
1537 5559 1626 5613 διὰ
1669 5559 1767 5631 τὴν
1809 5559 2008 5632 ἀρετὴν

430 5650 752 5723 ἐκτήσαντο,
782 5652 870 5707 διὰ
892 5651 950 5706 δὲ
986 5654 1056 5706 τά
1101 5653 1256 5722 ὀλίγα
1299 5652 1611 5724 ἀνθρώπινα
1640 5652 1747 5707 τῶν
1779 5652 2010 5708 ἐλαττω-

511 5809 713 5869 ⁸Ησδτ.
749 5826 824 5877 tv,
865 5810 952 5874 η,
984 5809 1071 5869 t5.

2107 4656 2253 4710 illam
2284 4654 2536 4724 imaginis
2565 4653 2856 4716 collocant,
2898 4667 2967 4706 ne
3013 4651 3086 4704 illi
3128 4649 3347 4720 quidem
3385 4657 3534 4703 recte
3565 4664 3694 4704 sen-

2109 4748 2271 4801 tiunt.
2317 4745 2452 4799 Nam
2500 4746 2674 4800 virtus
2721 4745 2842 4800 sine
2887 4727 3268 4800 mandatorum
3309 4741 3702 4798 observatione

2109 4839 2412 4894 consistere
2449 4852 2559 4891 non
2592 4843 2790 4907 potest.
2840 4833 2947 4891 Sed
2987 4846 3041 4890 et
3088 4835 3284 4888 virtute
3325 4833 3567 4904 plerique
3610 4832 3697 4885 in—

2113 4933 2286 4985 vicem
2329 4928 2682 4993 antecellunt,
2726 4928 2871 4998 quod
2913 4926 3132 4980 virtutis
3176 4939 3374 4996 genera
3422 4924 3534 4979 sint
3573 4936 3702 4992 per-.

2115 5019 2308 5077 multa.
2332 5017 2410 5072 Ac
2445 5033 2547 5074 nos
2575 5018 2870 5072 nonnullos
2907 5031 2938 5071 e
2971 5014 3378 5070 confessoribus
3405 5012 3659 5067 novimus
3678 5050 3701 5076 ,,

2115 5109 2210 5178 qui
2241 5122 2440 5176 corpus
2469 5117 2524 5161 et
2555 5107 2794 5160 animam
2824 5119 2925 5175 pro
2950 5103 3178 5156 Domino
3203 5117 3303 5158 suo
3332 5100 3702 5164 tradiderunt,

2115 5207 2170 5254 et
2199 5199 2252 5252 in
2285 5197 2634 5253 confessione
2669 5211 2734 5250 ac
2783 5195 3108 5251 castimonia
3138 5200 3551 5264 perseverantes
3583 5193 3699 5248 sine

2115 5291 2454 5347 cerissimam
2481 5289 2640 5344 ﬁdem
2671 5289 2776 5344 sibi
2812 5293 3223 5357 compararunt,
3257 5300 3321 5339 ac
3349 5285 3570 5355 pietate,
3603 5285 3700 5339 hu-

2114 5381 2398 5445 manitate,
2431 5380 2691 5450 religione
2707 5378 3111 5449 praestiterunt;
3146 5377 3201 5430 in
3229 5375 3456 5445 jejuniis
3488 5375 3706 5434 assidui.

2115 5471 2368 5537 fuerunt;
2401 5470 2456 5524 in
2482 5471 2632 5525 omni
2657 5470 2893 5539 denique
2909 5469 3175 5537 probitate
3193 5481 3258 5521 ac
3283 5466 3501 5521 virtutis
3517 5466 3695 5537 speci-

2115 5563 2260 5616 mine
2271 5558 2594 5616 ﬂoruerunt.
2618 5559 2780 5616 Iidem
2798 5569 2980 5614 tamen
2999 5559 3131 5613 vitio
3147 5559 3329 5629 aliquo
3341 5556 3530 5613 sulfusi
3545 5565 3698 5622 sunt,

2119 5659 2284 5709 utaut
2301 5653 2356 5710 in
2373 5652 2621 5710 convicia
2640 5653 2996 5722 procliviores
3017 5659 3224 5717 essent,
3254 5659 3350 5715 aut
3369 5637 3459 5708 Dei
3496 5667 3703 5715 nomen
