4138 6396
405 490 419 507 1
445 418 550 472 ’547
1857 417 1914 472 S.
1963 416 2046 472 ΕΡ

2148 417 2306 473 IAN"
3603 406 3708 477 348

427 536 763 604 dejerarent,
809 538 902 586 aut
948 530 1301 602 loquaciores
1355 536 1560 597 essent,
1598 540 1690 586 aut
1730 532 2046 597 iracundia,

2148 536 2305 589 ιὰτων
2348 536 2497 609 παρὰ
2546 538 2731 610 σχῆμα
2760 531 2899 591 εἶναι
2930 536 3030 609 τὴν
3058 536 3262 598 εἰκόνα,
3286 538 3379 591 καὶ
3407 536 3592 590 οὐκέτι
3622 554 3708 589 τε-

427 626 687 701 prompti,
706 634 799 680 aut
818 641 1013 679 aurum
1030 631 1381 695 argentumve
1396 624 1759 693 possiderent,
1775 633 1869 678 aut
1887 625 2010 680 aliis

2152 629 2268 682 είαν
2298 628 2394 700 τὴν
2437 631 2494 681 ὲν
2543 629 2728 693 αὐτοῖς
2775 628 3000 695 εἰκόνα;
3050 629 3143 682 καὶ
3188 629 3350 682 πάλιν
3391 628 3641 682 διέπεσεν
3679 630 3709 681 ὁ

426 720 664 789 denique
718 718 973 772 sordibus
1021 717 1450 779 obsolescerent,
1493 733 1614 787 qua:
1652 718 1900 771 nonnihil
1937 717 2004 772 de

2148 720 2327 774 'ourwv
2361 720 2537 789 λόγος.
2575 720 2696 773 Τῶν
2739 721 2796 775 δὲ
2838 721 2999 775 πάλιν
3034 719 3299 788 λεγόντων
3337 719 3398 772 τὸ
3428 720 3709 789 βάπτισμα

423 809 575 878 justa
626 808 843 862 virtutis
887 822 1141 861 mensura
1196 807 1513 862 detrahunt.
1552 809 1624 861 De
1650 808 1849 877 quibus
1885 807 2014 878 quid

2148 809 2264 867 ,ἶναι
2304 813 2425 867 κατ’
2468 814 2674 879 εἰκόνα,
2699 813 2833 867 πολύ
2880 830 2933 866 τι
2972 812 3253 867 διαπίπτει
3293 814 3322 865 ό
3362 811 3539 880 λόγος.
3574 809 3709 864 Οὔτε

428 898 649 952 tandem
680 896 881 950 dicturi
908 896 1231 950 sumus?An
1252 897 1373 951 illos
1402 897 1655 966 imaginis
1682 897 1851 952 decus
1886 896 2018 951 illud

2148 903 2237 973 (ap
2272 902 2523 973 Ἀϐραάμ
2572 903 2697 973 ἔσχε
2740 902 2803 956 τὸ
2840 902 3142 972 βάπτισμα,
3188 901 3312 955 οὔτε
3346 902 3552 965 Ἰσαὰκ,
3586 899 3706 953 οὔτε

435 1004 539 1044 sua
560 989 663 1043 sibi
699 989 896 1042 virtute
930 988 1228 1057 quaesisse;
1253 988 1347 1042 sed
1383 996 1606 1057 propter
1644 988 1914 1044 humanos
1931 989 2025 1043 ali-

2148 991 2356 1058 Ἰακὼ6,
2394 993 2517 1046 οὔτε
2558 994 2764 1057 Ἠλίας,
2801 993 2923 1047 οὔτε
2964 995 3222 1065 Μωῦσῆς,
3260 993 3385 1048 οῦτε
3422 995 3472 1047 οἰ
3513 995 3709 1066 πρότε-

439 1097 580 1151 quos
594 1095 775 1134 naevos
797 1080 1121 1149 hancipsam
1139 1081 1428 1149 imaginem
1448 1081 1631 1149 specie
1646 1089 1805 1135 tenus
1830 1081 1899 1136 ab
1917 1081 2025 1137 illis

2148 1102 2225 1139 »ον
2253 1086 2382 1157 περὶ
2411 1085 2530 1137 Νῶε
2558 1086 2650 1137 καὶ
2677 1085 2870 1156 Ἑνὼχ,
2903 1084 3025 1137 οὔτε
3069 1087 3116 1137 οἱ
3164 1086 3288 1156 περὶ
3329 1086 3457 1148 τοὺς
3498 1086 3710 1155 προφή-

440 1172 576 1241 geri.
628 1186 729 1225 nec
790 1170 1087 1239 perfectam
1148 1172 1564 1240 absolutamque
1622 1172 1877 1225 retineri?
1935 1171 2028 1226 Sic

2148 1193 2249 1243 τας,
2287 1177 2512 1229 Ἡσαΐαν
2564 1178 2658 1230 καὶ
2699 1178 2824 1239 τοὺς
2868 1176 3119 1247 καθεξῆς.
3156 1176 3219 1229 Τί
3256 1172 3378 1238 οὖνς
3420 1172 3528 1248 ἄρα
3562 1177 3709 1229 ἐκεῖ-

444 1265 657 1318 illorum
689 1266 911 1333 explosa
953 1264 1221 1318 sententia
1253 1273 1356 1319 est.
1397 1262 1515 1318 Jam
1548 1280 1676 1319 vero
1705 1265 1797 1330 qui
1843 1265 1895 1317 in
1932 1266 2030 1318 ba-

2148 1283 2215 1319 νοι
2251 1266 2350 1319 οὐκ
2380 1266 2561 1338 ἔχουσι
2593 1266 2655 1319 τὸ
2690 1267 2807 1319 κατ’
2840 1266 3057 1346 εἰκόνα;
3106 1266 3214 1318 Καὶ
3254 1265 3419 1334 πολλή
3457 1281 3540 1326 τις
3586 1263 3704 1315 ἐστὶ

445 1357 645 1425 ptismo
679 1356 860 1409 inesse
904 1355 1094 1408 dicunt
1139 1356 1449 1425 imaginem,
1480 1356 1826 1409 vehementer
1869 1357 2030 1410 aber-

2148 1359 2272 1430 ιτρὸς
2300 1358 2520 1421 τούτους
2547 1359 2580 1428 ἡ
2612 1357 2905 1426 ἀντιλογία,
2954 1357 3143 1427 ὥσπερ
3176 1358 3299 1419 τοὺς
3343 1356 3473 1426 περὶ
3499 1354 3707 1418 Αῦδιον,

444 1454 589 1499 rant.
617 1443 750 1497 Nam
785 1460 883 1499 nec
918 1446 1190 1499 Abraham
1216 1446 1486 1515 baptismo
1516 1447 1761 1500 initiatus
1795 1454 1896 1510 est,
1930 1462 2031 1502 nec

2148 1450 2453 1517 φιλονείκως
2495 1448 2774 1521 ὁρίζοντας
2822 1446 2960 1503 εἶναι
3001 1453 3057 1504 ὲν
3094 1449 3172 1521 τῷ
3231 1449 3442 1520 σώματι
3478 1449 3539 1501 τὸ
3587 1449 3707 1501 κατ’

431 1540 601 1599 Isaac,
633 1553 809 1606 neqt‘e
852 1534 1045 1601 Jacob,
1090 1554 1192 1591 nec
1227 1538 1391 1603 Elias,
1435 1554 1614 1607 neque
1660 1537 1894 1609 Moyses,
1926 1555 2028 1596 nec
2134 1543 2338 1595 εἰκόνα.

439 1629 779 1698 antiquiores
812 1629 924 1683 illis
956 1627 1070 1683 Noe
1100 1637 1155 1683 et
1185 1628 1390 1691 Henoc,
1425 1646 1601 1700 neque
1634 1631 1931 1701 prophetae,
1998 1642 2057 1688 ut
2119 1636 2309 1698 Isaias,
2351 1645 2404 1691 et
2460 1636 2662 1691 caeteri.
2712 1634 2853 1701 Quid
2900 1634 3102 1703 igitur?
3150 1634 3229 1688 An
3280 1634 3567 1704 imaginem
3613 1633 3689 1687 illi

438 1716 534 1773 Dei
579 1734 685 1773 non
733 1720 1075 1775 habuerunt?
1129 1720 1316 1791 Magna
1365 1724 1523 1777 nobis
1576 1732 2019 1794 argumentorum
2075 1728 2336 1785 adversus
2375 1730 2496 1785 illos
2530 1729 2687 1800 copia
2720 1736 2825 1794 est,
2860 1735 2919 1781 ut
2951 1736 3005 1783 et
3037 1736 3228 1782 contra
3287 1727 3546 1793 Audium,
3598 1725 3693 1796 qui

438 1812 728 1882 imaginem
760 1811 815 1866 in
843 1828 1072 1882 corpore
1099 1814 1278 1869 inesse
1305 1815 1595 1884 pertendit.

517 1901 601 1954 Vl.
642 1903 760 1956 Alia
790 1911 920 1958 sunt
957 1902 1259 1974 Scriptura:
1301 1906 1634 1971 testimonia,
1664 1923 1785 1977 qua:
1816 1908 1883 1961 ab
1919 1908 2028 1961 Au-

2203 1906 2293 1974 ς’.
2319 1906 2546 1975 Φέρουσι
2577 1906 2633 1959 δὲ
2663 1906 2755 1959 καὶ
2792 1906 2956 1969 ἄλλας
2997 1904 3147 1968 τινὰς
3190 1906 3493 1976 μαρτυρίας
3521 1907 3571 1959 oi
3610 1908 3709 1960 αὐ-

440 1994 621 2050 dianis
646 1994 967 2050 eﬂ'eruntur.
1005 1993 1153 2050 Velut
1183 2014 1197 2050 :
1240 1996 1394 2052 Oculi
1426 1996 1639 2051 Domini
1668 2003 1721 2052 in
1746 2006 2023 2068 pauperem

2148 2000 2213 2052 :ol
2253 1998 2500 2052 Αὐδιανοὶ
2541 1998 2649 2050 ἀπὸ
2689 1998 2788 2067 τῆς
2824 1997 2973 2061 θείας
3025 1997 3275 2067 Γραφῆς,
3306 1997 3588 2066 λέγοντες,
3628 1999 3708 2052 ὅτι

441 2087 747 2154 respiciunt,
777 2095 827 2140 et
861 2102 1016 2139 aures
1065 2086 1180 2156 ejus
1220 2087 1274 2140 in
1323 2104 1500 2156 preces
1546 2105 1728 2142 eorum
1759 2090 1812 2154 ¹;
1852 2091 2023 2145 item:

2148 2089 2455 2160 Ὀφθαλμοὶ
2486 2089 2707 2157 Κυρίου
2734 2088 2833 2141 ἐπὶ
2875 2088 2980 2140 τὸν
3006 2087 3233 2154 πένητα
3273 2088 3706 2152 ἀποϐλέπουσι,

444 2176 640 2231 Manus
679 2177 893 2230 Domini
918 2177 1042 2245 fecit
1086 2178 1198 2231 haec
1246 2180 1419 2231 omnia
1447 2181 1499 2242 ’ς
1547 2190 1601 2233 et
1634 2199 1646 2233 :
1686 2179 1873 2233 Nonne
1906 2198 2022 2232 ma-

2148 2178 2228 2232 ιαὶ
2288 2178 2360 2232 τὰ
2396 2173 2517 2232 ὦτα
2556 2178 2743 2231 αὐτοῦ
2790 2181 2878 2244 εἰς
2926 2176 3140 2244 δέησιν
3164 2176 3393 2231 αὐτῶν·
3431 2179 3546 2242 καὶ,
3576 2181 3711 2247 Χείρ

444 2283 542 2321 nus
588 2284 704 2321 mea
750 2267 874 2335 fecit
923 2268 1033 2321 lucc
1073 2269 1286 2332 omnia,
1320 2286 1350 2322 ο
1389 2270 1539 2323 dura:
1594 2272 1806 2323 cervicis
1860 2272 2029 2323 homi-

2148 2268 2346 2335 i’vplov
2371 2268 2621 2334 ἐποίησε
2650 2265 2836 2319 ταῦτα
2885 2265 3111 2318 πάνταο
3144 2265 3258 2326 καὶ,
3297 2266 3441 2334 Οὐχί
3487 2267 3526 2333 ἡ
3584 2266 3712 2334 χείρ

444 2375 534 2413 nes
566 2359 620 2411 ‘?
648 2359 775 2413 item
805 2376 818 2413 :
851 2357 1053 2414 Cretum
1087 2359 1215 2413 mihi
1244 2362 1390 2414 sedes
1414 2371 1515 2425 ea,
1547 2371 1597 2415 et
1636 2372 1775 2415 terra
1817 2361 2029 2414 scabel-

2148 2376 2243 2412 ιου
2300 2358 2552 2424 ἐποίησε
2610 2357 2796 2410 ταῦτα
2862 2356 3057 2408 πάντα
3078 2395 3094 2421 ,
3155 2354 3713 2424 σκληροτράχηλοιῖ

1547 2190 1601 2233 et
1634 2199 1646 2233 :
1686 2179 1873 2233 Nonne
1906 2198 2022 2232 ma-

447 2464 555 2503 tum
581 2449 770 2519 pedum
802 2466 1034 2503 meorum
1062 2451 1105 2512 ⁸,
1132 2466 1195 2505 ac
1228 2452 1456 2521 reliqua,
1487 2468 1608 2522 qua:
1654 2454 1720 2505 ad
1745 2469 1867 2507 eum
1911 2469 2030 2505 mo-

445 2541 576 2595 dum
612 2539 679 2594 de
711 2539 818 2595 Deo
851 2540 1054 2610 scripta
1091 2550 1239 2595 sunt.
1271 2540 1560 2605 Prmterea,
1601 2541 1718 2595 Vidi
1752 2542 2032 2596 Dominum

446 2630 611 2700 817
638 2632 963 2684 exercituum
994 2631 1258 2685 sedentem
1290 2632 1344 2684 in
1388 2632 1575 2684 throno
1614 2633 1817 2685 excelso
1846 2642 1895 2686 et
1925 2630 2032 2686 ele-

449 2735 590 2774 vato.
625 2719 693 2774 Et
720 2730 834 2774 erat
861 2730 1019 2789 caput
1048 2722 1162 2790 ejus
1199 2732 1447 2792 tanquam
1489 2723 1613 2776 lana
1642 2723 1786 2786 alba,
1817 2732 1865 2776 et
1900 2725 2035 2777 ami-

448 2823 565 2867 ctus
591 2813 705 2881 eius
743 2813 878 2867 sicut
906 2815 998 2866 nia:
1024 2815 1066 2867 ³.
1101 2814 1503 2883 Animadvertis
1537 2815 1721 2884 igitur,
1758 2816 2031 2883 inquiunt,

450 2920 654 2974 corpus
694 2904 759 2959 ad
799 2905 1090 2971 imaginem
1141 2905 1236 2960 Dei
1282 2920 1406 2961 esse
1454 2904 1698 2961 factum?
1730 2908 1905 2976 Atque
1935 2908 2036 2962 hac

451 2994 671 3064 quidem
718 2994 774 3049 in
824 3004 978 3063 parte
1023 2995 1289 3049 acerrime
1322 3010 1381 3049 se
1421 2995 1579 3050 nobis
1626 3004 1927 3065 opponunt,
1959 3007 2030 3060 et,

453 3098 574 3154 quae
601 3098 765 3153 supra
793 3083 1029 3138 hominis
1056 3092 1274 3152 captum
1299 3091 1447 3149 sunt,
1473 3085 1735 3139 violenter
1763 3084 2035 3139 affectant.

2132 2451 2244 2514 καὶ,
2289 2449 2351 2503 '0
2380 2450 2634 2517 οὐρανός
2678 2466 2780 2519 μοι
2822 2450 3054 2516 θρόνος,
3086 2447 3123 2513 ἡ
3161 2447 3231 2499 δὲ
3275 2446 3350 2517 γῆ
3381 2447 3715 2501 ὑποπόδιον

2130 2537 2250 2592 τῶν
2290 2538 2490 2593 ποδῶν
2522 2554 2674 2608 μου’
2731 2540 2823 2591 καὶ
2865 2540 2964 2592 ὅσα
3006 2537 3232 2591 τοιαῦτα
3279 2537 3406 2608 περὶ
3449 2537 3586 2590 Θεοῦ
3618 2539 3711 2605 γέ-

2132 2646 2404 2700 γραπται·
2452 2630 2546 2683 καὶ
2590 2630 2671 2683 ὅτι
2718 2625 2900 2683 Εἶδον
2925 2629 3031 2681 τὸν
3055 2628 3273 2694 Κύριον
3303 2627 3544 2681 Σαϐαὼθ
3572 2631 3714 2680 καθ-

2132 2721 2356 2791 ήμενον
2391 2720 2490 2773 ἐπὶ
2535 2722 2750 2789 θρόνου
2797 2721 3041 2789 ὑψηλοῦ
3083 2720 3181 2772 καὶ
3222 2718 3576 2786 ἐπηρμένου.
3606 2718 3716 2771 Καὶ

2131 2810 2211 2883 ἦν
2260 2813 2298 2879 ἠ
2351 2813 2585 2881 κεφαλὴ
2618 2812 2804 2866 αὐτοῦ
2836 2812 2978 2865 ὡσεὶ
3024 2810 3187 2879 ἔριον
3232 2811 3476 2872 λευκὸν,
3506 2807 3603 2861 καὶ
3648 2808 3714 2861 τὸ

2134 2907 2510 2975 περιϐόλαιον
2560 2903 2746 2957 αὑτοῦ
2793 2904 2936 2957 ὡσεὶ
2982 2902 3152 2972 χιών.
3198 2903 3307 2955 Kal
3355 2902 3509 2972 δρᾷς,
3560 2900 3712 2969 φησὶ,

2136 2997 2252 3061 πῶς
2278 2997 2392 3050 ἔστι
2423 2995 2482 3049 τὸ
2515 2995 2673 3065 σῶμα
2703 2995 2823 3047 κατ’
2857 2994 3040 3047 εἰκόνα
3081 2993 3256 3052 Θεοῦ;
3301 2992 3411 3045 Kal
3454 2990 3561 3043 εἰσὶ
3613 2990 3715 3044 κᾶν

2134 3089 2307 3159 τούτῳ
2341 3086 2772 3150 ἀντιπίπτοντες,
2820 3087 2914 3140 καὶ
2965 3086 3273 3157 βιαζόμενοι
3318 3082 3456 3154 ὑπὲρ
3489 3082 3716 3151 δύναμιν

454 3175 599 3242 Quin
639 3183 693 3230 et
736 3174 867 3230 illud
909 3173 1216 3245 proferunt,
1253 3176 1402 3246 quod
1454 3175 1719 3231 Dominus
1756 3178 2036 3247 prephetis

2148 3178 2501 3251 Ξινθρωπείαν.
2545 3178 2654 3231 Kal
2685 3175 2765 3241 τὸ,
2804 3176 2980 3248 Ὠφθη
3014 3176 3219 3245 Κύριος
3250 3175 3362 3236 τοῖς
3389 3172 3711 3244 προφήταις.

457 3267 775 3336 apparuisse
816 3266 1029 3337 legitur.
1074 3264 1278 3321 Verum
1325 3266 1414 3320 hic
1454 3265 1670 3336 quidem
1718 3267 1944 3335 perinde
1978 3281 2041 3319 ac

2148 3249 2249 3324 Kal
2273 3268 2427 3339 ῶφθη
2465 3266 2646 3338 μέντοι
2673 3264 2747 3328 ὼς
2775 3263 3028 3334 ἠθέλησε,
3054 3260 3276 3323 δυνατὸς
3303 3260 3378 3313 ὢν
3420 3262 3479 3312 ὲν
3522 3260 3712 3312 ἅπασι.

458 3359 671 3412 libitum
724 3366 831 3421 est,
871 3356 1164 3412 videndum
1213 3374 1273 3412 se
1324 3356 1574 3427 praebuit,
1620 3372 1744 3410 eum
1792 3357 1927 3410 nihil
1972 3358 2043 3409 sit

458 3451 580 3518 ejus
619 3450 871 3518 potestati
904 3449 1267 3502 subtractum.
1302 3446 1487 3517 Neque
1511 3462 1640 3501 vero
1672 3446 1840 3502 Deum
1877 3462 2044 3515 nega-

461 3557 586 3596 mus
623 3556 652 3593 a
696 3540 1007 3609 prophetis,
1055 3540 1163 3592 imo
1190 3553 1319 3592 vero
1350 3546 1405 3592 et
1452 3538 1519 3592 ab
1548 3538 1812 3607 apostolis
1846 3537 2047 3591 asseri-

462 3648 587 3686 mus
624 3646 746 3684 esse
783 3638 1158 3698 conspectum.
1199 3627 1331 3679 Nam
1385 3626 1696 3695 Stephanus
1744 3633 2043 3695 martyrum

464 3723 713 3793 primus:
750 3720 904 3786 Ecce,
938 3719 1138 3788 inquit,
1167 3716 1314 3771 video
1349 3717 1535 3771 caelum
1572 3724 1834 3784 apertum,
1864 3725 1912 3768 et
1956 3713 2047 3766 Fi-

466 3812 598 3865 lium
650 3810 875 3864 hominis
936 3817 1164 3862 stantem
1212 3824 1245 3861 a
1287 3805 1517 3860 dexteris
1565 3806 1662 3860 Dei
1696 3816 1745 3859 et
1789 3805 1968 3859 Patris
2003 3810 2043 3859 δ.

468 3900 758 3956 Enimvero
808 3900 1047 3969 optimus
1107 3899 1196 3953 ille
1253 3897 1397 3953 Deus
1452 3899 1781 3967 singularem
1831 3899 2048 3966 Opiﬁcio

468 4007 570 4049 suo
603 3991 994 4046 humanitatem
1043 3989 1330 4051 adhibens,
1368 4004 1435 4044 ne
1483 3989 1587 4044 sibi
1635 3988 1770 4058 ipsis
1806 3987 2049 4041 inﬁdeles

470 4083 636 4152 aliqui
669 4081 1076 4153 persuaderent,
1108 4095 1229 4149 quae
1279 4079 1346 4133 de
1394 4077 1503 4133 Deo
1549 4079 1828 4142 dicuntur,
1869 4078 2050 4132 verbis

469 4176 675 4241 omnia,
710 4190 818 4228 non
859 4174 1084 4227 veritate
1136 4179 1410 4235 constare,
1441 4180 1495 4225 et
1533 4186 1654 4241 quae
1694 4170 1761 4224 ab
1801 4169 1892 4222 illo
1922 4183 2049 4237 pro-

472 4269 720 4323 nuntiata
751 4274 900 4329 sunt,
934 4265 1113 4333 reipsa
1152 4279 1261 4318 non
1319 4263 1544 4333 expleri.
1596 4263 1809 4329 Oportet
1854 4270 2047 4320 autem,

473 4369 534 4415 ut
560 4360 854 4430 Apostolus
890 4357 1103 4421 scribit,
1146 4355 1474 4410 accedentem
1523 4354 1591 4407 ad
1626 4354 1791 4407 Deum
1821 4353 2048 4414 credere,

472 4453 720 4523 quoniam
746 4459 842 4512 est,
866 4458 915 4503 et
937 4447 1272 4519 diligentibus
1301 4448 1475 4516 ipsum
1519 4455 1879 4499 remunerator
1899 4452 1979 4498 est
2004 4445 2047 4497 ⁷.

479 4544 547 4599 Ut
578 4543 744 4614 igitur
782 4541 1001 4596 condito
1041 4557 1071 4594 a
1112 4555 1171 4594 se
1214 4539 1422 4593 homini
1471 4538 1722 4592 fiduciam
1768 4538 2053 4607 ingenera-

475 4643 580 4700 ret,
628 4650 729 4704 pro
773 4649 871 4688 sua
919 4632 1159 4703 potentia
1218 4630 1423 4685 sanctis
1480 4628 1814 4691 hominibus,
1866 4637 1923 4683 et
1960 4628 2053 4682 illo

475 4735 772 4797 conspectu
822 4724 1003 4795 dignis
1069 4724 1308 4793 scipsum
1359 4722 1561 4793 detegit
1608 4722 1772 4779 Deus.
1822 4728 1881 4774 ut
1937 4721 2055 4789 ipso

476 4818 695 4889 proprie
739 4825 996 4886 certoque
1045 4824 1358 4885 conspecto,
1404 4814 1644 4869 animum
1696 4828 1854 4868 suum
1909 4813 2055 4866 velut

2142 3358 2252 3411 Kal
2281 3356 2381 3409 οὐκ
2405 3353 2734 3425 ἀρνούμεθα.
2764 3353 2847 3405 ὅτι
2885 3343 3022 3405 εἶδον
3061 3351 3111 3404 οἰ
3141 3350 3412 3421 προφῆται
3452 3349 3585 3402 Θεὸν
3604 3366 3617 3379 ·
3654 3348 3713 3400 οὐ

2147 3448 2304 3518 μόνον
2333 3446 2388 3499 δὲ
2430 3447 2479 3498 οἰ
2518 3447 2816 3517 προφῆται,
2846 3442 2983 3497 ἀλλὰ
3014 3443 3108 3495 καὶ
3144 3443 3193 3495 οἱ
3230 3440 3535 3496 ἀπόστολοι.
3579 3438 3719 3508 Φησὶ

2142 3539 2252 3610 γὰρ
2292 3540 2321 3591 ὁ
2365 3537 2519 3606 ἅγιος
2570 3535 2840 3604 Στέφανος
2885 3536 2915 3588 ό
2964 3537 3391 3606 πρωτομάρτυς·
3431 3530 3577 3585 Ἰδοὺ
3604 3529 3720 3597 ὁρῶ

2144 3626 2251 3681 τὸν
2277 3624 2535 3695 οὐρανὸν
2566 3623 2964 3693 ἀνεῳγμένον,
3015 3623 3111 3677 καὶ
3162 3620 3267 3674 τὸν
3291 3621 3427 3674 Υίὸν
3468 3620 3575 3673 τοῦ
3612 3619 3717 3672 ἀν·

2146 3716 2376 3786 θρώπου
2401 3717 2469 3770 ἐκ
2496 3715 2706 3779 δεξιῶν
2729 3713 2959 3768 ἑστῶτα
2999 3713 3104 3767 τοῦ
3147 3711 3294 3766 Θεοῦ
3327 3710 3424 3764 καὶ
3464 3710 3717 3774 Πατρός.

2160 3808 2317 3861 Ἀλλὰ
2338 3810 2405 3877 τῇ
2433 3806 2537 3877 ἰδίᾳ
2561 3806 2786 3875 δυνάμει
2811 3804 2943 3868 Θεὸς
2978 3806 3006 3857 ό
3048 3801 3381 3872 πανάγαθος,
3418 3800 3720 3871 φιλανθρω-

2149 3899 2444 3969 πευόμενος
2499 3898 2558 3951 τὸ
2606 3897 2735 3951 ἴδιον
2774 3897 3015 3967 πλάσμα,
3051 3897 3124 3966 μή
3153 3912 3296 3957 τινες
3339 3893 3445 3945 τῶν
3482 3891 3723 3945 ἀπίστων

2148 3988 2409 4059 νομίσωσι
2457 3985 2527 4039 τὰ
2571 3986 2697 4058 περὶ
2744 3984 2877 4038 Θεοῦ
2926 3984 3103 4051 λέγειν
3140 3979 3280 4037 εἶναι
3323 3981 3509 4044 ἁπλῶς
3554 3979 3720 4047 λόγῳ,

2149 4081 2241 4134 καὶ
2273 4080 2372 4133 οὐκ
2403 4078 2647 4150 ἀληθείᾳ,
2695 4078 2789 4130 καὶ
2834 4076 2939 4139 ἕως
2981 4076 3138 4144 λόγου
3190 4074 3437 4129 ἵστασθαι
3483 4073 3543 4125 τὸ
3586 4071 3724 4125 κατὰ

2150 4170 2301 4235 Θεὸν,
2336 4170 2429 4222 καὶ
2459 4168 2534 4239 μὴ
2564 4166 2801 4238 πληροῦν
2838 4166 2898 4219 τὸ
2942 4164 3093 4237 παρὰ
3134 4164 3212 4235 τῷ
3238 4162 3545 4232 Ἀποστόλῳ
3572 4162 3726 4230 εἰρη-

2156 4262 2333 4332 μένον,
2359 4261 2462 4325 ὅτι,
2484 4258 2584 4312 Δεῖ
2604 4258 2710 4312 τὸν
2732 4257 3216 4326 προσερχόμενον
3245 4255 3367 4320 Θεῷ
3395 4254 3723 4314 πιστεύειν,

2151 4352 2241 4406 ὅτι
2275 4352 2426 4415 ἐστι,
2466 4350 2563 4404 καὶ
2601 4348 2726 4414 τοῖς
2769 4347 3084 4419 ἀγαπῶσιν
3128 4345 3316 4399 αὐτὸν
3353 4340 3724 4412 μισθαποδό-

2152 4462 2260 4513 της
2298 4444 2541 4513 γίνεται.
2571 4442 2689 4495 Ἵνα
2732 4436 2825 4494 οὖν
2872 4437 3265 4510 παραθαρσύνῃ
3306 4435 3397 4487 τὸν
3438 4435 3529 4487 ὑπ’
3563 4431 3726 4486 αὑτοῦ

2158 4534 2535 4605 πεπλασμένον
2565 4532 2870 4604 ἄνθρωπον,
2899 4533 3011 4593 τοῖς
3044 4528 3217 4593 ἁγίοις
3244 4525 3409 4579 αὑτοῦ
3441 4525 3535 4578 καὶ
3560 4524 3728 4589 ἀξίοις

2160 4628 2349 4684 ἑαυτὸν
2378 4625 2750 4681 ἀποκαλύπτει
2775 4623 2927 4687 Θεὸς,
2957 4623 3043 4675 ἵνα
3076 4622 3225 4674 ἴδωσι
3273 4619 3431 4687 φύσει
3466 4617 3616 4680 Θεὸν,
3639 4617 3728 4670 καὶ

2161 4717 2638 4790 θεμελιωθῶσιτὴν
2665 4714 2921 4778 διάνοιαν,
2947 4714 3040 4766 καὶ
3068 4711 3357 4764 ἐλπίσωσιν
3391 4711 3449 4761 ὲν
3481 4708 3726 4778 ἀληθείᾳ,

2162 4814 2255 4865 καὶ
2283 4808 2587 4879 κηρύξωσιν
2618 4806 2777 4859 αὑτὸν
2804 4805 3038 4876 ἀληθῶς,
3070 4804 3163 4857 καὶ
3185 4802 3612 4870 πιστοποιήσωσι
3640 4800 3730 4852 τὸν

418 4914 421 4919 ’
476 4911 661 4965 stabili
718 4910 953 4981 quodam
1005 4906 1360 4963 fundamento
1403 4906 1741 4968 contineant,
1796 4915 1850 4959 et
1904 4920 2046 4973 spem

2161 4902 2349 4954 πιστὸν
2386 4898 2702 4970 ἄνθρωπον·
2750 4896 2826 4960 ὡς
2858 4896 3050 4966 ἀμέλει
3087 4894 3178 4948 καὶ
3219 4895 3269 4946 οἱ
3309 4892 3575 4962 Ἑλλήνων
3609 4891 3731 4942 παῖ-

477 5014 632 5060 s‘uam
682 5002 739 5056 in
793 5002 1019 5057 veritate
1060 5001 1351 5062 eollocent,
1410 5007 1573 5068 atque
1616 4997 1765 5051 illum
1816 5012 1941 5051 vere
1994 5012 2057 5050 ac

476 5095 691 5151 sincere
722 5093 1037 5164 praedicent,
1068 5100 1122 5147 et
1163 5091 1374 5147 ﬁdelem
1420 5088 1655 5160 denique
1685 5087 1960 5143 hominem
2000 5087 2057 5140 in

476 5194 741 5256 Suscepta'
764 5186 865 5241 ﬁde
902 5184 1246 5241 conﬁrment.
1305 5180 1770 5248 Quemadmodum
1802 5184 2056 5234 econtra-

476 5283 561 5338 rio
590 5282 821 5354 gentiles
854 5297 919 5336 ac
953 5278 1124 5335 Graeci
1164 5278 1261 5334 Dei
1302 5277 1550 5332 notitiam
1592 5273 1761 5329 verbo
1794 5285 1976 5334 tenus,
2005 5278 2059 5326 et

478 5374 808 5446 imaginibus
836 5373 1171 5429 adumbratis
1202 5369 1468 5425 obtinent.
1500 5365 1610 5422 Nos
1651 5372 1830 5420 autem
1864 5378 2053 5418 revera

480 5465 650 5522 Deum
685 5467 957 5531 novimus,
989 5479 1174 5519 verum
1211 5464 1360 5517 illum
1391 5459 1608 5530 quidem
1652 5472 1716 5511 ac
1758 5471 1886 5511 vere
1924 5456 2054 5511 sub-

482 5559 763 5613 sistentem
810 5572 1016 5628 regem,
1052 5552 1671 5625 incomprehensibilem,
1715 5547 2054 5603 conditorem

482 5663 666 5705 rerum
694 5649 958 5713 omnium,
991 5662 1157 5702 unum
1190 5645 1389 5711 Deum;
1421 5651 1475 5699 et
1512 5643 1581 5698 ab
1607 5641 1727 5712 ipso
1755 5639 2056 5709 proceden-

2156 4996 2244 5057 δες
2275 4994 2454 5065 ἔχουσι
2509 4990 2636 5061 περὶ
2668 4989 2800 5042 Θεοῦ
2844 4989 2948 5052 ἕως
2987 4988 3147 5056 λόγου
3174 5002 3234 5037 τε
3283 4986 3376 5038 καὶ
3411 4981 3728 5051 φαντασίας.

2170 5088 2357 5156 Ἡμεῖς
2384 5084 2441 5137 δὲ
2470 5083 2684 5153 άληθῶς
2711 5082 2841 5134 Θεὸν
2875 5077 3215 5148 ἐπιστάμεθα
3243 5074 3440 5146 ἀληθῆ,
3471 5073 3567 5127 καὶ
3600 5072 3729 5124 ὄντα

2159 5174 2372 5247 ἀληθῶς
2405 5173 2762 5226 ὲνυπόστατον
2797 5169 3040 5240 βασιλέα,
3076 5166 3476 5235 ἀκατάληπτον,
3506 5160 3730 5230 ποιητὴν

2156 5268 2268 5322 τῶν
2320 5267 2475 5332 ὅλων,
2528 5265 2625 5319 ἕνα
2669 5263 2824 5327 Θεὸν,
2866 5262 2961 5315 καλ⁸
3006 5260 3066 5324 ἐξ
3122 5256 3285 5312 αὑτοῦ
3333 5256 3424 5309 τὸν
3452 5251 3730 5320 Μονογενῆ

2159 5361 2311 5427 Θεὸν,
2349 5360 2406 5413 ὲν
2454 5356 2627 5411 οὐδενὶ
2679 5353 3058 5409 διαλλάττοντα
3105 5349 3199 5404 τοῦ
3247 5346 3480 5418 Πατρὸς.
3533 5345 3627 5397 καὶ
3674 5342 3734 5394 τὸ

2159 5451 2312 5521 ἆγιον
2343 5446 2507 5503 αὐτοῦ
2558 5446 2799 5516 Πνεῦμα,
2860 5443 3024 5516 μηδὲν
3071 5440 3181 5495 ἀπὸ
3211 5438 3422 5510 Πατρὸς
3455 5437 3550 5489 καὶ
3600 5431 3731 5485 Υἰοῦ

2158 5542 2495 5596 διαλλάττον·
2532 5539 2609 5602 ὡς
2641 5537 2735 5592 καὶ
2763 5539 2820 5591 ὲν
2850 5536 2997 5607 πάσῃ
3036 5534 3246 5605 αἱρέσει
3288 5530 3417 5601 περὶ
3451 5528 3550 5598 τῆς
3594 5523 3735 5579 κατὰ

2160 5634 2291 5687 Θεὸν
2318 5633 2554 5694 πίστεως
2580 5630 2666 5684 διὰ
2694 5626 2887 5683 πολλοῦ
2914 5623 3288 5696 ἐποιησάμεθα
3330 5621 3420 5675 τὸν
3447 5619 3626 5687 λόγον.

561 5823 583 5859 ⁸
608 5823 753 5882 Psal.
786 5841 858 5885 Ix.
881 5825 951 5880 28
1048 5822 1196 5879 'lsa.
1226 5839 1296 5880 LI.
1322 5822 1405 5877 10.
1481 5821 1500 5853 ³
1528 5821 1631 5876 lsa.
1667 5818 1881 5884 t.xvt,‘2.
1951 5819 1971 5847 '
2002 5813 2133 5869 ibid.
2164 5812 2210 5865 1.
2289 5811 2309 5844 ⁸
2335 5808 2469 5864 Dan.
2493 5824 2590 5875 vn,
2615 5808 2647 5864 9
2672 5821 2792 5880 sqq.
2868 5804 2888 5835 ⁸
2912 5805 3029 5860 Act.
3056 5817 3150 5867 vu,
3173 5800 3257 5856 55.
3337 5800 3356 5831 ⁷
3393 5795 3554 5852 Hebr.
3580 5808 3655 5859 si,
3676 5788 3734 5850 6.

3786 5660 3800 5683 δ

3764 5693 3806 5740 Κ
