4138 6396
450 391 562 451 549

1122 396 1489 456 ADVERSUS
1526 399 1866 459 HERESES
1902 403 2024 460 LIB.

2124 404 2163 461 I.
2201 403 2362 461 TOM.
2395 404 2434 459 1.
2477 434 2541 447 —-
2584 405 2858 462 HjEﬂES.
2897 406 3056 463 LXX.

3599 410 3707 470 ’550

454 527 562 567 tem
595 509 943 585 Unigenitum
975 511 1167 578 Deum,
1196 530 1296 571 nec
1335 518 1442 571 ulla
1478 499 1541 573 re
1581 534 1611 573 a
1651 519 1810 576 Patre
1843 522 2142 589 diversum,
2177 538 2277 579 nec
2313 538 2416 578 non
2443 535 2497 578 et.
2521 522 2781 593 Spiritum
2809 534 3058 580 sanctum
3117 525 3211 595 qui
3264 527 3399 583 nihil
3447 542 3478 581 a
3544 525 3707 583 Patre

447 602 694 674 Filioque
740 604 1036 675 discrepat.
1069 604 1225 671 Quod
1258 607 1476 676 quidem
1519 610 1641 665 tidei
1675 612 1895 682 dogma,
1924 628 2048 668 cum
2084 614 2347 670 adversus
2382 616 2615 671 haereses
2655 617 2900 687 singulas
2937 632 3243 688 ageremus,
3290 619 3537 689 pluribus
3576 635 3721 676 ver--

448 700 535 755 bis
564 698 942 767 exposuimus.

519 794 593 846 Z'.
639 790 750 845 Καὶ
781 790 862 843 ὅτι
903 790 1000 860 μὲν
1037 788 1191 862 ᾢφθη
1222 791 1353 855 Θεὸς
1393 792 1700 862 ἀνθρώποις
1720 835 1734 853 ,
1763 794 2021 860 πολλάκις

2193 789 2306 846 Vll.
2367 791 2445 845 Ac
2499 790 2668 845 Deum
2724 792 2945 861 quidem
3009 792 3343 850 hominibus.
3379 795 3702 864 apparuisse

447 880 696 949 εἴπομεν,
732 879 828 932 καὶ
871 879 973 931 οὐκ
1006 879 1352 951 ἀρνούμεθα·
1388 881 1483 934 ἐὰν
1518 882 1626 953 γὰρ
1659 883 2023 955 ἀρνησώμεθα

446 970 546 1034 τὰς
575 969 723 1044 θείας
755 969 998 1041 Γραφάς,
1036 971 1258 1041 ἀληθεῖς
1284 973 1384 1025 οὐκ
1416 972 1604 1043 ἐσμὲν,
1647 974 1743 1028 καὶ
1769 976 2022 1047 εὑρισκό-

450 1058 589 1128 μεθα
609 1058 966 1122 ἐκπίπτοντες
992 1059 1094 1130 τῆς
1125 1059 1381 1130 ἀληθείας
1398 1076 1411 1089 ·
1436 1061 1470 1132 ἢ
1504 1063 1601 1132 τὴν
1629 1063 1872 1117 Παλαιὰν
1894 1067 2022 1118 Δια-

447 1149 626 1220 θήκην
681 1148 1070 1215 ἐκϐάλλοντες,
1118 1149 1305 1204 οὐκέτι
1359 1152 1527 1222 ἐσμὲν
1580 1152 1683 1223 τῆς
1731 1153 2025 1226 καθολικῆς

458 1239 817 1310 Ἐκκλησίας·
868 1240 930 1292 τὸ
965 1240 1024 1293 δὲ
1068 1241 1395 1312 Εὐαγγέλιον
1432 1241 1537 1312 ἔφη
1560 1256 1575 1270 ⁸
1625 1244 1774 1298 Θεὸν
1824 1245 2025 1311 οὐδεὶς

449 1308 687 1385 πωπότε
732 1332 1014 1400 ἑώρακεν,
1048 1335 1082 1386 ὀ
1114 1308 1485 1403 Μονοξοὲνὴςν
1511 1308 1656 1402 Θεὸς
1698 1337 1882 1402 αὐτὸς
1927 1308 2024 1403 ea;

447 1421 749 1492 ητήσατοο
783 1424 878 1477 καὶ
911 1423 1073 1477 πάλιν
1099 1426 1132 1494 ἡ
1178 1425 1314 1495 αὑτὴ
1341 1425 1462 1480 θεία
1483 1426 1694 1498 Γραφὴ,
1722 1428 1804 1481 ὅτι
1832 1430 2022 1499 Ὠφθη

450 1517 484 1568 ὀ
512 1514 659 1580 Θεὸς
682 1514 762 1581 τῷ
799 1514 1054 1585 Ἀϐραὰμ
1079 1515 1205 1570 ὄντι
1242 1517 1312 1571 ἐν
1339 1517 1415 1586 τῇ
1439 1520 1896 1589 Μεσοποταμιᾳο
1928 1523 2023 1576 καὶ

447 1605 612 1666 αὐτὸς
642 1604 671 1656 6
718 1605 923 1676 Κύριος
956 1608 1016 1659 ὲν
1056 1605 1135 1677 τῷ
1166 1607 1520 1679 Εύαγγελίῳ,
1550 1609 1633 1662 ὅτι
1675 1612 1741 1664 Οἱ
1781 1611 2023 1681 ἄγγελοι

449 1696 677 1749 τούτων
702 1695 885 1764 ὁρῶσι
916 1696 983 1749 τὸ
1018 1698 1342 1766 πρόσωπον
1375 1699 1482 1752 τοῦ
1520 1703 1749 1769 Πατρός
1770 1719 1891 1770 μου
1916 1702 2021 1756 τοῦ

449 1786 521 1839 ὲν
541 1785 622 1851 τῷ
644 1786 897 1855 οὐρανῷ.
934 1787 1094 1841 Ἀλλὰ
1116 1788 1334 1851 πάντως
1359 1792 1477 1861 ἐρεῖ
1503 1808 1589 1855 τις
1611 1793 1893 1863 εἰρηκέναι
1922 1793 2022 1865 τὴν

450 1877 602 1931 θείαν
640 1877 860 1949 Γραφὴν
910 1879 1039 1943 τοὺς
1091 1880 1375 1951 προφήτας
1423 1882 1727 1953 ἑωρακέναι
1763 1883 1853 1938 τὸν
1890 1883 2022 1936 Θεὸν

451 1971 509 2023 ἑν
532 1970 610 2042 τῷ
636 1970 733 2041 νῷ,
763 1971 873 2024 ἀπὸ
894 1971 990 2024 τοῦ
1019 1971 1207 2043 ῥητοῦ,
1240 1971 1356 2038 τοῦ,
1389 1973 1500 2027 Kal
1520 1977 1575 2027 οἱ
1613 1974 1853 2045 ἄγγελοι
1889 1977 2023 2030 τού-

449 2075 569 2114 των
593 2059 774 2128 ὁρῶσι
804 2061 871 2113 τὸ
903 2062 1229 2129 πρόσωπον
1262 2063 1371 2118 τοῦ
1407 2065 1638 2133 Πατρός
1663 2082 1782 2134 μου
1808 2066 1915 2120 τοῦ
1951 2066 2021 2120 ἐν

449 2149 684 2218 οὐρανῷ
706 2166 719 2179 ⁸
759 2152 852 2204 καὶ
886 2152 1049 2206 πάλιν
1076 2153 1185 2206 ἀπὸ
1217 2152 1335 2218 τοῦ,
1363 2153 1654 2223 Μακάριοι
1689 2158 1744 2209 οὶ
1772 2158 2017 2225 καθαροὶ
2049 2138 2103 2193 θ’

449 2241 526 2311 τῇ
550 2243 784 2312 καρδίᾳ,
814 2244 905 2299 ὅτι
937 2246 1108 2301 αὐτοὶ
1142 2247 1248 2300 τὸν
1278 2247 1428 2301 Θεὸν
1453 2247 1726 2316 ὄψονται.
1752 2250 1934 2320 Φήσας
1966 2250 2023 2302 δὲ

450 2335 629 2400 τοῦτο,
668 2336 763 2389 καὶ
791 2335 1141 2404 παραζεύξας
1171 2337 1314 2390 κατὰ
1360 2337 1457 2408 τὴν
1493 2338 1658 2391 αὐτοῦ
1687 2338 1894 2394 ἔννοιαν
1926 2339 2025 2404 τὰς

452 2424 643 2491 λέξεις,
676 2427 822 2479 εἴποι
859 2426 904 2480 δ’
940 2427 1027 2492 ἂν,
1053 2429 1136 2482 δτι
1181 2429 1241 2482 ὲν
1288 2427 1366 2499 τῷ
1399 2428 1476 2500 νῷ
1515 2428 1746 2494 ἕκαστος
1788 2432 1893 2502 ὁρᾷ
1932 2432 2025 2485 τὸν

450 2516 602 2573 Θεόν.
643 2517 716 2569 Οὐ
765 2517 873 2589 γὰρ
921 2517 1250 2589 όφθαλμοῖς’
1303 2520 1620 2574 ἀντιπίπτει
1670 2522 1728 2575 δὲ
1775 2524 1950 2595 τούτῳ
1994 2526 2025 2577 6

453 2611 593 2674 θεῖος
647 2612 834 2681 λόγος,
881 2612 1103 2683 φάσκων
1156 2612 1245 2666 διὰ
1290 2614 1512 2668 Ἡσαΐου
1566 2613 1660 2667 τοῦ
1701 2618 1980 2687 προφήτου
2002 2634 2021 2652 ο

459 2702 652 2769 Tala;-
698 2702 816 2773 ἐγὼ
836 2746 849 2767 ,
892 2702 982 2757 ὅτι
1040 2705 1477 2774 κατανένυτμαι
1499 2723 1513 2737 ο
1572 2704 1662 2759 ὅτι
1714 2706 2024 2775 ἅνθρωπος

450 2793 759 2863 ἀκάθαρτα
784 2795 960 2864 χείλη
1008 2796 1168 2864 έχων
1208 2795 1280 2848 ἐν
1304 2794 1453 2861 λαῷ,
1502 2795 1809 2865 ἀκάθαρτα
1849 2798 2023 2867 χείλη

452 2887 674 2952 ἄκοντι,
726 2885 843 2956 ἐγὼ
890 2885 1164 2952 κατοικῶ,
1212 2886 1312 2940 καὶ
1354 2886 1463 2941 τὸν
1507 2882 1730 2956 Κύριον
1782 2888 2025 2944 Σαϐαὼθ

452 2974 616 3032 εἶδον
644 2977 768 3045 τοῖς
814 2978 1142 3048 ὀφθαλμοῖς
1171 2997 1314 3053 μου.
1355 2979 1469 3033 Καὶ
1496 2980 1599 3032 οὐκ
1643 2974 1766 3033 εἶπε
1807 2979 1886 3052 τῷ
1924 2981 2021 3051 νῷ,

453 3070 575 3123 οὐδὲ
622 3072 680 3124 ὲν
712 3073 780 3141 τῇ
821 3070 1022 3142 ἐννοίᾳ,
1055 3070 1190 3124 ἀλλὰ
1225 3070 1350 3137 τοῖς
1367 3070 1716 3143 ὀφθολμαῖς,
1736 3070 1807 3125 τὰ
1848 3072 2023 3145 ἀληθῆ

453 3161 546 3213 καὶ
582 3160 778 3232 στερεά
806 3161 905 3233 τῆς
929 3161 1165 3226 πίστεως
1194 3161 1598 3234 βεϐαιούμενος.

524 3248 589 3301 Τί
636 3245 728 3304 οὖν
759 3248 986 3321 εἴπομεν
1009 3254 1052 3318 ⁸,
1083 3250 1178 3304 τοῦ
1225 3251 1560 3321 Εὗαγγελίου
1593 3251 1861 3322 λέγοντος,
1892 3253 2024 3307 Θεὸν

458 3339 532 3410 μὴ
574 3339 873 3410 ἑωρακέναι
902 3340 1026 3394 τινὰ
1083 3340 1303 3395 πώποτε
1321 3384 1335 3407 ,
1365 3342 1474 3396 τῶν
1520 3343 1577 3397 δὲ
1607 3343 1902 3415 προφητῶν
1932 3344 2025 3396 καὶ

2126 896 2369 953 μετεωρο
2393 881 2652 947 diximus,
2684 898 2783 937 nec
2805 898 3044 952 unquam
3068 882 3291 938 inﬁciati
3316 901 3507 941 smnus
3528 904 3541 938 :
3560 900 3696 939 nam

2124 974 2172 1028 si
2204 987 2484 1027 sacrarum
2516 972 2843 1027 Litterarum
2884 974 3262 1028 auctoritatem
3296 990 3577 1045 negemus,
3611 992 3705 1031 vc-

2125 1065 2342 1120 ritatem
2372 1079 2480 1118 non
2510 1067 2809 1134 sequimur,
2845 1074 2898 1119 et
2926 1066 2996 1120 ab
3024 1081 3090 1121 ea
3114 1065 3331 1135 longius
3361 1068 3700 1136 aberramus,

2125 1165 2220 1212 aut
2247 1158 2294 1212 si
2324 1156 2492 1212 Vetus
2525 1156 2935 1214 Testamentum
2978 1158 3281 1226 rejicimus,
3321 1173 3430 1212 non
3462 1159 3702 1228 amplius

2124 1249 2180 1302 in
2208 1248 2479 1303 catholica
2511 1248 2754 1303 Ecclesia
2783 1263 3112 1304 censemur:
3147 1250 3295 1320 atqui
3325 1250 3379 1302 in
3409 1249 3703 1316 Evangelia

2124 1340 2388 1409 scriptum
2422 1349 2506 1396 est
2529 1358 2541 1393 :
2581 1339 2745 1394 Deum
2768 1355 2918 1394 nemo
2945 1340 3078 1394 vidit
3105 1357 3358 1410 unquam,
3389 1340 3701 1411 Unigenitus

2122 1444 2295 1514 818
2335 1442 2471 1497 Deus
2510 1444 2618 1511 ipse
2658 1444 2962 1509 narravit’;
3012 1454 3275 1513 praetcrea
3309 1443 3496 1498 eadem
3550 1442 3703 1496 Scri-

2125 1546 2281 1606 ptura
2315 1554 2327 1588 :
2361 1536 2642 1603 Apparuit,
2689 1535 2893 1605 inquit,
2933 1534 3071 1588 Deus
3098 1534 3390 1596 Abraham,
3418 1550 3534 1586 cum
3567 1543 3700 1587 esset

2122 1626 2178 1679 in
2203 1624 2584 1693 Mesopotamia
2610 1625 2667 1679 δι
2699 1626 2833 1695 quin
2854 1625 2971 1694 ipse
3006 1624 3269 1678 Dominus
3292 1624 3344 1677 in
3370 1622 3698 1693 Evangelio:

2122 1716 2329 1786 Angeli,
2366 1717 2565 1787 inquit,
2592 1732 2775 1771 eorum
2808 1716 2980 1771 vident
3012 1717 3205 1785 faciem
3240 1715 3421 1770 Patris
3461 1717 3582 1779 mei,
3612 1716 3701 1786 qui

2122 1809 2177 1861 in
2221 1808 2362 1862 caelis
2402 1818 2480 1862 est
2508 1809 2550 1861 ⁸.
2597 1808 2666 1860 At
2712 1809 2896 1875 enim,
2947 1807 3091 1863 dicet
3138 1808 3336 1877 aliquis
3367 1846 3382 1871 ,
3416 1807 3700 1878 Scriptura

2124 1898 2291 1955 Deum
2319 1901 2522 1956 vidisse
2552 1899 2846 1970 prophetas
2889 1901 3111 1960 asserit,
3136 1900 3232 1956 sed
3266 1909 3444 1955 mente
3493 1900 3697 1954 intelli-

2121 1992 2411 2062 gentisque
2451 1991 2737 2058 duntaxat,
2783 1998 2844 2044 ut
2872 2006 2935 2046 ex
2968 1991 3070 2045 hoc
3110 1992 3228 2045 loco
3258 1991 3437 2058 colligi
3473 1998 3647 2058 potest
3677 2009 3689 2043 ε

2121 2082 2305 2153 Angeli
2323 2100 2502 2138 eorum
2530 2082 2705 2137 vident
2737 2083 2927 2151 faciem
2962 2082 3142 2136 Patris
3176 2083 3296 2145 mei;
3339 2082 3429 2150 qui
3457 2083 3507 2133 iu
3539 2081 3684 2134 caelis

2122 2181 2237 2235 est;
2266 2172 2393 2226 item
2422 2188 2486 2227 ex
2512 2173 2616 2227 hoc
2642 2172 2761 2225 loco
2788 2188 2802 2224 :
2827 2171 2980 2226 Beati
3017 2171 3211 2225 mundo
3239 2170 3411 2229 corde.
3428 2171 3695 2241 quoniam

2123 2262 2225 2331 ipsi
2248 2261 2417 2316 Deum
2442 2261 2687 2315 videbunt
2709 2263 2753 2316 °.
2783 2261 2940 2328 Quod
2965 2263 3057 2331 qui
3075 2261 3293 2328 dixerit,
3329 2269 3384 2314 et
3412 2261 3532 2315 illas
3551 2259 3699 2313 Scri-

2124 2362 2298 2423 ptui-ae
2334 2354 2634 2409 sententias
2659 2353 2803 2423 apud
2846 2369 2907 2409 se
2943 2353 3256 2416 contulerit,
3290 2351 3515 2422 perinde
3546 2352 3695 2407 arbi—

2124 2445 2359 2500 trahitur
2405 2460 2847 2514 unumquemque
2890 2444 3057 2500 Deum
3116 2453 3316 2509 mente,
3368 2460 3474 2497 non
3522 2443 3698 2497 oculis

2125 2536 2327 2591 videre.
2364 2535 2564 2591 Verum
2614 2535 2773 2591 facile
2806 2536 2909 2591 iste
2942 2536 3108 2590 divini
3154 2535 3423 2591 sermonis
3457 2535 3698 2588 auctori-

2124 2632 2235 2680 tate
2282 2624 2568 2688 refellitur,
2617 2640 2740 2678 cum
2781 2626 3045 2693 propheta
3099 2623 3269 2677 Isaias
3320 2623 3500 2676 dicat:
3534 2621 3698 2674 Miser

2123 2733 2238 2785 ego,
2267 2717 2515 2786 quoniam
2561 2716 2804 2784 conﬁxus
2848 2733 2986 2778 sum,
3015 2732 3074 2769 eo
3117 2713 3255 2784 quod
3292 2714 3445 2767 homo
3473 2705 3696 2781 impuris

2126 2805 2281 2861 labiis
2306 2807 2362 2859 in
2392 2806 2563 2860 medio
2589 2806 2768 2875 populi
2797 2807 3008 2875 impura
3038 2804 3182 2858 labia
3214 2804 3451 2858 habentis
3473 2820 3564 2874 ego
3599 2804 3697 2856 ha—

2125 2897 2251 2962 bito,
2281 2907 2330 2952 et
2356 2896 2635 2952 Dominum
2669 2898 2990 2952 exercituum
3018 2895 3127 2950 vidi
3152 2897 3321 2950 oculis
3351 2898 3476 2951 meis
3500 2896 3546 2949 ⁷.
3578 2894 3697 2949 Non

2124 2994 2307 3044 mente
2337 2989 2496 3051 dixit,
2546 3004 2655 3043 non
2693 2987 3045 3057 cogitatione,
3088 2988 3184 3042 sed
3232 2994 3433 3050 oculis.
3480 3002 3699 3057 unaque

2125 3091 2309 3131 veram
2345 3090 2410 3131 ac
2443 3075 2673 3131 solidam
2708 3074 2864 3129 ﬁdem
2902 3075 3116 3130 statuit-

2195 3252 2405 3324 Ecquid
2448 3266 2579 3322 ergo
2608 3250 2861 3316 dicimus,
2902 3263 3025 3303 cum
3061 3246 3413 3316 Evangelium
3461 3257 3693 3307 asserat,

2124 3343 2292 3400 Deum
2310 3358 2341 3397 a
2363 3344 2581 3399 nemine
2601 3356 2840 3410 unquam
2859 3355 2982 3395 esse
3003 3346 3355 3408 conspectum
3375 3353 3390 3400 ;
3416 3337 3696 3406 propheta:

454 3429 768 3482 ἀποστόλων
790 3430 1130 3497 φασκόντων,
1164 3430 1260 3485 καὶ
1292 3430 1455 3484 αὐτοῦ
1484 3431 1578 3484 τοῦ
1608 3432 1844 3505 Κυρίου;
1878 3428 2024 3504 τΑρα

2127 3450 2255 3489 vero
2290 3442 2344 3488 et
2374 3433 2626 3503 apostoli,
2658 3432 2769 3485 imo
2794 3429 3057 3484 Dominus
3088 3428 3205 3497 ipse
3243 3426 3577 3482 contrarium
3615 3424 3692 3479 af-

454 3520 727 3573 ἀντίθετον
769 3521 829 3574 ὲν
863 3523 930 3592 τῇ
975 3520 1096 3593 θείᾳ
1149 3522 1338 3593 Γραφῇ
1386 3522 1524 3594 πρὸς
1570 3523 1767 3590 ἑαυτήν
1807 3540 1894 3587 τι;
1948 3525 2023 3597 μὴ

2127 3524 2381 3579 ﬁrment?
2404 3525 2487 3578 An
2524 3524 2705 3593 aliqua
2732 3529 2861 3577 sunt
2891 3520 2944 3574 in
2978 3519 3282 3589 Scriptura,
3316 3532 3435 3586 quae
3468 3516 3570 3570 sibi
3606 3516 3693 3569 in-

453 3610 697 3678 γὲνοιτοί
742 3612 905 3664 Ἀλλά
935 3608 1075 3666 εἶδον
1109 3614 1385 3684 προφῆται
1426 3614 1521 3666 καὶ
1558 3614 1843 3668 ἀπόστολοι
1870 3633 1881 3645 ·
1930 3616 2025 3669 καὶ

455 3701 653 3771 ἀληθὲς
677 3701 921 3772 ὑπάρχον
941 3718 954 3732 ο
987 3697 1126 3755 εἶδον
1156 3701 1214 3754 δὲ
1257 3701 1394 3755 καθὸ
1427 3701 1688 3772 ἠδύναντο
1724 3703 1899 3768 αὐτοὶ,
1930 3705 2025 3758 καὶ⁵

454 3790 592 3847 καθὸ
619 3791 896 3864 ἐνεχώρει,
930 3792 1027 3845 καὶ
1045 3791 1201 3863 ὤφθη
1227 3794 1409 3856 αὐτοῖς
1430 3794 1459 3844 ὁ
1478 3793 1609 3857 Θεὸς
1638 3795 1714 3858 ὡς
1739 3794 2019 3866 ἠθέλησεν.

455 3886 638 3938 Πάντα
666 3883 775 3954 γὰρ
805 3883 954 3954 αύτῷ
981 3884 1199 3939 δυνατά.
1223 3885 1333 3938 Καὶ
1353 3884 1436 3937 ὅτι
1462 3886 1558 3954 μὲν
1576 3886 1605 3938 6
1638 3884 1867 3957 ἀόρατος
1895 3886 2026 3950 Θεὸς

455 3977 549 4029 καὶ
579 3974 984 4044 ἀκατάληπτος,
1014 3973 1173 4028 τοῦτο
1194 3974 1352 4045 δῆλόν
1383 3976 1521 4040 ἐστι,
1544 3975 1638 4029 καὶ
1656 3975 2020 4047 ὡμολόγηται.

468 4066 626 4119 Ἀλλά
659 4065 818 4118 πάλιν
849 4064 1072 4130 δυνατός
1105 4069 1222 4119 ἐστι
1253 4069 1425 4120 ποιεῖν
1453 4065 1482 4118 6
1511 4065 1777 4136 βούλεται.
1800 4067 1883 4120 Οὐ
1912 4068 2024 4137 γάρ

454 4177 544 4225 τις
576 4159 952 4225 ἀντιτίθησιν
993 4157 1181 4211 αὑτοῦ
1229 4158 1310 4222 τῷ
1350 4158 1712 4227 βουλήματι.
1772 4158 2025 4230 Ἀόρατος

454 4247 548 4304 οὖν
604 4253 720 4303 ἐστι
760 4250 857 4321 τὴν
903 4250 1085 4319 φύσιν,
1144 4250 1239 4302 καὶ¹
1285 4249 1671 4321 ἀκατάληπτος
1700 4249 1798 4320 τὴν
1844 4249 2019 4315 δόξαν.

454 4339 788 4411 Βουλομένου
851 4339 908 4391 δὲ
970 4338 1048 4409 τῷ
1104 4339 1195 4390 ὑπ’
1250 4335 1414 4390 αὐτοῦ
1459 4340 1707 4407 γεγονότι
1754 4338 2026 4412 ἀνθρώπῳ

454 4431 805 4496 ὀπτάνεσθαι,
836 4431 989 4484 οὐδὲν
1030 4429 1365 4484 ἐναντιοῦται
1395 4429 1474 4501 τῷ
1510 4430 1673 4484 αὑτοῦ
1707 4431 2021 4502 βουλήματι.

455 4525 533 4577 υύ
562 4523 674 4593 γὰρ
695 4523 840 4593 πάθη
877 4521 1158 4592 συνέχεται
1192 4520 1253 4573 τὸ
1273 4520 1449 4584 Θετον,
1489 4520 1576 4573 ἵνα
1604 4521 1633 4574 6
1675 4522 1921 4590 βούλεται
1949 4522 2025 4592 μὴ

455 4611 694 4683 πράττῃ,
723 4610 757 4681 ἢ
786 4611 1000 4681 πράττῃ
1029 4609 1059 4661 6
1089 4609 1163 4679 μὴ
1198 4608 1467 4678 βούλεται.
1492 4609 1723 4673 Δυνατὸς
1751 4612 1859 4681 γάρ
1883 4613 2020 4675 ὲστι,

454 4699 624 4753 ποιῶν
646 4699 675 4751 6
705 4698 971 4769 βούλεται.
1015 4688 1175 4752 Ἀλλά
1213 4699 1442 4768 πράττει
1477 4699 1621 4771 άπερ
1661 4700 1810 4771 αὐτῷ
1831 4703 1850 4732 ²
1877 4701 2025 4773 πρέ-

2125 3612 2297 3666 vicem
2324 3610 2659 3681 repugnent?
2688 3607 2910 3662 Minime
2936 3607 2989 3661 id
3019 3605 3258 3676 quidem.
3292 3604 3395 3659 Sed
3418 3603 3696 3675 prophch

2125 3701 2269 3756 haud
2296 3700 2461 3756 dubie
2480 3708 2535 3755 et
2555 3699 2785 3769 apostoli
2819 3697 2985 3753 Deum
3021 3696 3305 3751 viderunt:
3329 3696 3490 3764 idque
3516 3694 3693 3764 ipsum

2124 3794 2489 3849 certissimum
2519 3801 2605 3846 est
2632 3806 2648 3841 :
2681 3791 2776 3846 sed
2813 3791 3077 3845 hactenus
3125 3789 3396 3850 viderunt,
3424 3794 3696 3855 quatenus

2125 3892 2373 3955 poterant
2411 3883 2539 3953 ipsi,
2581 3892 2635 3937 et
2677 3890 2937 3952 quantum
2982 3882 3198 3941 licebat,
3243 3894 3306 3932 ac
3345 3878 3697 3947 quemadmo—

2125 3974 2253 4030 dum
2284 3975 2455 4030 voluit
2484 3973 2649 4041 Deus,
2685 3972 3061 4045 sqvidendum
3093 3971 3176 4026 his
3210 3970 3457 4040 praebuit.
3488 3968 3697 4036 Quippe

2125 4067 2308 4122 omnia
2332 4075 2461 4122 sunt
2485 4066 2543 4119 in
2564 4065 2686 4135 ejus
2714 4071 2981 4134 potestate
3009 4063 3206 4132 posita.
3233 4059 3418 4128 Neque
3438 4074 3569 4112 vero
3594 4058 3695 4111 du-

2124 4157 2275 4213 bium
2321 4164 2426 4222 est,
2460 4157 2593 4227 quin
2639 4153 2779 4211 Deus
2830 4153 3002 4210 videri
3049 4148 3546 4222 comprehcndique
3596 4165 3692 4203 ne—

2124 4257 2306 4319 queat,
2348 4248 2513 4318 idque
2557 4248 2615 4302 in
2662 4234 2915 4302 confesso
2952 4252 3039 4300 est
3070 4242 3215 4313 apud
3249 4256 3461 4295 omnes.
3505 4238 3611 4293 Sed
3643 4248 3697 4294 et

2125 4340 2255 4396 illud
2289 4338 2518 4410 proinde
2547 4347 2779 4401 certum,
2808 4352 2968 4406 posse
2995 4336 3144 4388 illum
3174 4348 3295 4403 quae
3315 4333 3442 4386 velit
3464 4330 3691 4384 eﬂicere.

2126 4429 2325 4483 Nullus
2353 4438 2433 4484 est
2459 4429 2597 4482 enim
2632 4428 2721 4498 qui
2761 4426 2876 4495 ejus
2910 4423 3166 4478 voluntati
3204 4419 3477 4475 resistat“.
3517 4418 3698 4483 Quare

2125 4534 2250 4573 cum
2273 4526 2327 4573 et
2367 4525 2561 4572 natura
2585 4516 2763 4570 visum
2796 4528 3011 4567 omnem
3033 4511 3250 4581 ell'ugiat
3274 4517 3327 4563 et
3355 4508 3528 4576 ipsius
3549 4521 3699 4559 com-

2125 4607 2387 4679 prehendi
2434 4606 2605 4677 gloria
2647 4611 2907 4673 nequeat,
2955 4609 3137 4655 tamen
3181 4600 3394 4669 quoties
3445 4595 3695 4660 homini,

2125 4715 2284 4769 quem
2310 4697 2587 4769 produxit,
2614 4694 2907 4751 videndum
2930 4709 2989 4748 se
3011 4691 3254 4761 praebere
3281 4687 3536 4750 voluerit,
3561 4686 3698 4739 nihil

455 4808 547 4844 πει
599 4792 667 4860 τῇ
723 4787 968 4858 θεότητι’
1026 4787 1195 4858 μηδὲν
1232 4786 1368 4850 ὅλως
1413 4787 1493 4859 τῷ
1539 4787 1800 4862 θελήματι
1859 4792 2023 4845 αὐτοῦ

2124 4790 2245 4861 ejus
2273 4788 2538 4843 voluntati
2563 4789 2880 4842 reluctatur.
2919 4782 3202 4852 Siquidem
3230 4779 3376 4833 nulla
3403 4779 3456 4830 in
3480 4777 3587 4830 Deo
3613 4776 3697 4829 in-
3728 4850 3729 4853 η

455 4882 799 4945 ἀντιπίπτον,
840 4878 981 4932 ὥστε
1016 4879 1091 4949 μή
1121 4877 1382 4933 δύνασθαι
1412 4879 1673 4951 πράττειν
1709 4881 1739 4934 6
1778 4881 2023 4951 βούλεται

456 4973 770 5044 πρεπόντως
804 4973 872 5042 τῇ
918 4969 1085 5024 αὑτοῦ
1135 4968 1370 5040 θεότητι.
1425 4972 1536 5024 Καὶ
1575 4972 1832 5026 ἀδύνατόν
1877 4975 2025 5027 ἐστιν

456 5067 587 5120 ἰδεῖν
634 5065 802 5127 Θεὸν,
851 5061 1082 5133 μάλιστα
1129 5061 1475 5133 ἀνθρωπίνην
1532 5062 1729 5132 φύσιν·
1780 5066 1875 5118 καὶ
1926 5067 2026 5119 οὐκ

457 5159 690 5227 ἐγχωρεί
717 5154 778 5208 τὸ
806 5153 1000 5224 ὁρατὸν
1026 5153 1159 5224 ὁρᾷν
1187 5153 1250 5206 τὸ
1279 5153 1527 5225 ἀόρατον.
1573 5152 1709 5206 Ἀλλ’
1742 5155 1771 5205 6
1798 5155 2025 5226 ἀόρατος

455 5250 620 5312 Θεὸς,
667 5249 726 5301 ὲν
779 5244 1159 5316 φιλανθρωπίᾳ
1205 5244 1568 5314 καὶίδυνάμει
1620 5231 2025 5315 ἐνισχύσαςπὸ

455 5340 737 5403 ἀδύνατον,
787 5336 1092 5407 κατηξίωσε
1131 5339 1197 5408 τῇ
1227 5338 1418 5391 ἑαυτοῦ
1445 5337 1709 5407 δυνάμει,
1745 5339 1893 5404 ὅπως
1939 5341 2021 5413 ἴδῃ

453 5431 518 5484 τὸ
546 5431 794 5502 ἀόρατον,
833 5429 926 5481 καὶ
962 5426 993 5479 6
1024 5423 1129 5481 εἶδε
1169 5428 1231 5480 τὸ
1280 5427 1508 5498 ἀόρατόν
1534 5444 1594 5479 τε
1637 5429 1732 5481 καὶ
1774 5428 2019 5499 ἄπειρον,

454 5523 519 5576 οὺ
548 5520 728 5586 καθὼς
754 5520 879 5599 ἔσχε
904 5518 965 5572 τὸ
996 5518 1241 5592 ἄπειρον,
1270 5518 1383 5572 ἀλλ’
1410 5518 1485 5582 ὡς
1513 5519 1744 5590 ἠδύνατο
1766 5526 1960 5594 χωρεῖν
1986 5526 2019 5594 ή

2096 4889 2214 4937 .est
2255 4879 2490 4943 ail‘ectio,
2525 4892 2704 4948 neque
2741 4875 2853 4946 pati
2888 4874 3185 4945 quidquam
3237 4877 3438 4941 potest,
3492 4877 3552 4921 ut
3602 4876 3697 4919 aut

2129 4973 2276 5045 quod
2300 4973 2430 5029 velit
2461 4988 2569 5027 non
2597 4972 2864 5042 perﬁciat,
2897 4977 2991 5023 aut
3018 4968 3164 5039 quod
3190 4967 3328 5021 nolit
3351 4964 3566 5021 elliciat.
3601 4966 3698 5019 Est

2128 5065 2276 5119 enim
2305 5071 2634 5133 prapotens,
2667 5070 2722 5117 et
2747 5060 3113 5132 quodcunque
3159 5058 3372 5113 libitum
3416 5065 3499 5110 est
3540 5056 3699 5109 moli-

2130 5164 2237 5222 tur,
2266 5157 2339 5211 ita
2376 5163 2561 5211 tamen
2605 5164 2665 5209 ut
2706 5168 2826 5223 qua:
2871 5152 3208 5206 divinitatem
3240 5149 3413 5219 ipsius
3442 5147 3693 5208 deceant,

2129 5254 2393 5316 perpetuo
2434 5246 2618 5301 iaciat.
2644 5244 2781 5299 Nam
2821 5243 2960 5299 nihil
3001 5251 3106 5305 est,
3142 5248 3201 5294 ut
3229 5239 3364 5303 dixi,
3407 5237 3554 5308 quod
3599 5251 3696 5289 vo-

2128 5336 2326 5391 luntati
2355 5337 2528 5407 ipsius
2555 5336 2894 5400 adversetur,
2925 5332 3218 5404 quominus
3256 5345 3377 5398 quae
3417 5328 3564 5388 velit,
3598 5342 3698 5396 pro

2127 5441 2193 5482 eo
2237 5441 2302 5481 ac
2349 5426 2621 5481 divinitati
2666 5441 2778 5480 suae
2818 5424 3094 5487 convenit,
3142 5429 3488 5488 exsequatur.
3525 5415 3694 5470 Deum

2128 5521 2347 5591 quidem
2372 5519 2562 5583 videri,
2604 5518 2904 5590 prtesertim
2938 5516 3005 5569 ab
3034 5514 3270 5568 humana
3323 5517 3539 5570 natura,
3585 5526 3692 5564 non

532 5634 549 5665 ¹
580 5629 643 5684 F.
669 5631 953 5702 εἴπωμενκ
1000 5634 1031 5702 οξ
1062 5630 1101 5682 F
1155 5630 1321 5702 αὑτοῦ
1419 5630 1440 5663 ⁸
1465 5627 1623 5687 Joan.
1655 5647 1693 5692 I.
1728 5633 1812 5689 18.
1889 5635 1910 5665 ε
1944 5634 2020 5689 Ac

2129 5650 2186 5701 ιι,
2211 5633 2280 5699 2;
2319 5631 2455 5687 Gen.
2488 5647 2585 5697 xu,
2622 5630 2673 5686 l.
2748 5631 2769 5661 ⁵
2799 5627 2987 5692 Matth,
3019 5642 3074 5692 ι,
3100 5625 3185 5679 18.
3262 5624 3283 5655 ⁸
3316 5619 3510 5678 Matth.
3547 5632 3600 5685 ν,
3634 5615 3689 5671 8.

457 5702 481 5739 ⁷
506 5703 613 5761 lsa.
643 5718 722 5768 vl,
754 5698 824 5754 5.‘
878 5700 900 5732 ⁸
934 5698 1085 5757 leb.
1116 5716 1233 5763 xm,
1262 5700 1315 5756 9.
