4138 6396
446 432 542 486 551
1851 433 1909 490 S.
1952 433 2296 492 EPIPHANII
3601 438 3712 498 552

445 562 607 617 posse
635 543 902 615 fatemur;
931 565 1106 620 neque
1133 549 1278 619 quod
1307 551 1642 620 aspectabile
1671 558 1776 617 est,
1804 553 1855 606 id
1879 553 2023 623 quod

2137 554 2326 623 φύσις,
2363 551 2802 623 ἐνδυναμωθεϊσα
2844 552 2939 607 τοῦ
2988 553 3264 620 ἀδυνάτως
3307 555 3522 626 ἔχοντος
3573 556 3708 628 πρὸς

444 638 614 694 videri
665 640 890 694 omnino
933 657 1042 695 non
1103 649 1302 711 potest,
1355 642 1554 698 intueri
1609 643 1691 698 Ias
1747 655 2022 713 putamus.

2137 646 2430 699 ἐπέκτασιν
2464 642 2559 697 τοῦ
2587 640 2838 700 δυνατοῦ.
2869 645 2980 700 Καὶ
3009 646 3162 700 ούδὲν
3185 647 3374 701 διοίσει
3409 649 3468 701 ἐν
3496 651 3563 720 τῇ
3588 649 3710 721 θείᾳ

443 729 614 801 819
653 729 758 786 Sed
804 732 948 787 idem
1002 741 1182 788 tamen
1236 734 1528 789 invisibilis
1580 732 1746 796 Deus,
1795 750 1895 804 pro
1925 751 2024 792 sua

2137 738 2362 809 Γραφῇ,
2407 736 2532 791 οὔτε
2583 736 2860 803 ἀντίθετος
2911 736 3057 806 λέξις
3104 739 3242 811 πρὸς
3287 739 3433 806 λέξιν
3483 741 3710 814 εύρεθήυ

447 825 788 879 humanitate
821 839 886 879 ac
915 826 1177 894 potentia,
1209 825 1536 880 imbecillam
1593 826 1767 879 aciem
1811 827 1882 878 ita
1912 827 2024 881 vir-
2133 845 2286 882 σεται

446 921 562 968 tute
586 930 688 968 sua
721 916 1083 971 corroborare
1137 915 1414 986 dignatur,
1445 922 1504 970 ut
1557 916 1702 985 quod
1728 915 1902 971 videri
1942 917 2145 987 alioqui
2178 934 2288 973 non
2321 926 2522 990 potest,
2551 919 2801 990 aspiciat.
2850 918 3022 976 Porro
3049 936 3172 977 cum
3224 923 3496 981 invisibile
3557 924 3711 991 illud,

443 1018 498 1062 et
527 1007 796 1063 inﬁnitum
821 1010 1036 1079 aspicit,
1062 1023 1169 1064 non
1195 1016 1469 1080 quatenus
1499 1009 1771 1064 intiniturn
1807 1017 1891 1064 est
1929 1010 2061 1064 illud
2098 1012 2368 1077 intuetur,
2416 1013 2512 1070 sed
2563 1023 2829 1084 quantum
2865 1014 3036 1082 illius,
3064 1015 3208 1084 quod
3249 1016 3578 1072 imbecillum
3605 1023 3711 1072 est,

445 1107 640 1154 natura
692 1114 885 1170 capere
931 1111 1130 1171 potest,
1167 1101 1436 1169 ejusmodi
1483 1101 1535 1154 vi
1581 1117 1646 1156 ac
1683 1103 1884 1156 virtute
1912 1102 2257 1170 conﬁrmata,
2290 1115 2350 1160 ut
2402 1105 2469 1160 ad
2525 1107 2761 1178 potentis
2803 1107 2952 1163 illius
3016 1108 3262 1163 notitiam
3319 1109 3607 1180 adaequare
3652 1125 3714 1166 se

445 1191 640 1263 possit.
676 1192 1042 1257 Quamobrem
1089 1192 1224 1247 nihil
1255 1200 1340 1247 est
1369 1192 1424 1245 in
1451 1193 1625 1248 sacris
1662 1191 1886 1247 Litteris
1919 1207 1948 1246 a
1980 1193 2162 1262 seipso
2191 1194 2534 1266 discrepans,
2577 1213 2687 1252 non
2723 1197 2995 1252 sententia
3034 1198 3143 1253 ulla
3183 1213 3304 1269 quae
3332 1199 3403 1254 ab
3453 1199 3559 1254 alia
3588 1213 3715 1256 sen-

445 1283 612 1336 tentia
638 1281 924 1340 dissideat.

518 1374 650 1430 Vlll.
695 1378 802 1430 Res
842 1376 957 1446 ipsa
993 1375 1212 1446 quidem
1233 1415 1248 1440 ,
1279 1386 1338 1430 ut
1369 1383 1853 1431 commemoratum
1875 1391 1904 1429 a
1944 1391 2032 1431 me

444 1469 644 1538 saepius
671 1469 976 1536 exemplum
1010 1468 1115 1522 hoc
1158 1467 1278 1521 loco
1319 1475 1583 1537 repetam,
1629 1467 1705 1521 ita
1753 1466 1868 1522 fere
1909 1482 2031 1523 sese

443 1560 608 1615 habet
634 1581 649 1614 :
677 1558 1146 1626 Quemadmodum
1181 1559 1224 1614 si
1251 1559 1376 1628 quis
1390 1559 1591 1613 caelum
1618 1573 1713 1628 per
1735 1566 2029 1629 angustum

444 1651 692 1706 foramen
718 1649 1064 1720 transpiciat.
1098 1665 1162 1705 ac
1189 1652 1390 1705 caelum
1424 1651 1609 1705 videre
1633 1666 1691 1705 se
1722 1649 1893 1714 dicat,
1919 1665 2030 1705 non

446 1743 636 1812 utique
664 1743 962 1797 mentiatur
989 1762 1001 1796 :
1030 1742 1173 1797 videt
1203 1744 1347 1797 enim
1394 1757 1582 1797 revera
1613 1743 1847 1806 celum;
1883 1741 2028 1812 quod

2209 1369 2290 1424 Μ’.
2331 1373 2488 1426 Ἐστι
2518 1372 2598 1439 δὲ,
2625 1372 2701 1438 ὡς
2727 1373 2988 1438 πολλάκις
3015 1372 3076 1426 τὸ
3106 1374 3410 1446 ὑπόδειγμα
3447 1376 3712 1452 διηγησά.

2140 1479 2270 1534 μην,
2305 1462 2367 1516 τὸ
2395 1466 2630 1535 πρᾶγμα
2658 1463 2832 1528 οὕτως
2852 1481 2866 1496 ·
2912 1465 3000 1528 Ὠς
3030 1464 3084 1517 εῐ
3104 1483 3186 1529 τις
3213 1465 3460 1520 θεάσοιτο
3485 1468 3552 1522 δι’
3574 1471 3713 1542 ὀπῆς

2141 1554 2480 1624 μικροτάτης
2510 1553 2604 1608 τὸν
2647 1555 2898 1626 οὐρανὸν,
2933 1557 3032 1640 καὶῐ
3061 1555 3225 1623 εἴποι,
3261 1558 3403 1629 Ὀρῶ
3435 1559 3527 1613 τὸν
3552 1562 3716 1633 ούρα-

2139 1645 2227 1699 νὸν
2249 1661 2264 1674 ⁸
2300 1648 2393 1700 καὶ
2427 1648 2528 1701 οὐκ
2570 1647 2637 1703 ἂν
2677 1647 2932 1718 ψεύσοιτο
2965 1649 2994 1702 6
3032 1648 3302 1712 τοιοῦτος·
3341 1651 3445 1723 ὁρᾷ
3475 1652 3584 1725 γὰρ
3619 1655 3712 1708 06-

2144 1739 2303 1810 ρανὸν
2328 1740 2407 1812 τῷ
2446 1740 2560 1794 δντι
2581 1755 2593 1768 ⁶
2635 1741 2781 1794 εῐποι
2806 1741 2866 1794 δέ
2895 1758 2981 1805 τις
3020 1742 3170 1813 αὐτῷ
3201 1745 3454 1809 συνετῶς,
3489 1747 3570 1799 ὅτι
3602 1747 3714 1817 Ούχ

442 1836 490 1890 si
520 1835 643 1904 quis
669 1834 963 1904 prudenter
988 1833 1038 1889 ei
1067 1832 1215 1887 dicat
1243 1851 1256 1888 :
1280 1830 1399 1886 Non
1435 1832 1588 1887 vides
1614 1833 1851 1897 cmlum;
1887 1849 1953 1886 ne
1980 1833 2027 1888 is

2137 1827 2387 1900 ἑώρακας
2410 1829 2504 1883 τὸν
2542 1830 2773 1901 ούρανόν
2793 1847 2807 1861 ·
2847 1829 2942 1884 καὶ
2968 1831 3068 1884 οὐκ
3105 1829 3171 1885 ἂν
3202 1832 3456 1902 ψεύσοιτο
3489 1837 3518 1888 6
3539 1834 3715 1888 τοιοῦ-

441 1925 665 1996 quidem
697 1925 1018 1990 mentietur;
1039 1931 1252 1991 neuter,
1281 1924 1527 1993 inquam,
1557 1924 1837 1986 mentitur,
1856 1938 2032 1993 neque

442 2017 538 2087 qui
591 2016 793 2072 vidisse
824 2032 885 2071 se
935 2015 1091 2081 dicit,
1142 2031 1322 2084 neque
1368 2014 1463 2085 qui
1511 2022 1694 2084 negat.
1733 2013 1852 2070 Non
1885 2015 2030 2070 enim

439 2109 819 2164 extensionem
844 2107 993 2170 cmli,
1021 2121 1086 2161 ac
1120 2105 1462 2161 latitudinem
1490 2106 1725 2176 aspexit.
1765 2104 1948 2170 Quare
1977 2113 2032 2161 et

443 2198 541 2268 qui
571 2197 731 2264 vidit,
767 2213 956 2252 verum
988 2197 1146 2262 dixit,
1174 2206 1227 2252 et
1258 2197 1352 2266 qui
1383 2204 1670 2266 repugnat,
1701 2195 1897 2250 falsum
1925 2211 2030 2249 non

450 2288 606 2346 dixit.
635 2287 788 2358 Szepe
815 2289 960 2344 enim
994 2288 1192 2343 accidit
1238 2296 1297 2342 ut
1343 2304 1408 2343 ex
1450 2289 1558 2342 alto
1591 2289 1793 2342 montis
1829 2287 2032 2343 vertice

449 2393 601 2433 mare
634 2380 1052 2448 prospiciamus.
1082 2377 1238 2445 Quod
1267 2379 1311 2434 si
1341 2393 1442 2434 nos
1470 2378 1602 2432 illud
1647 2378 1852 2433 vidisse
1881 2379 2033 2432 dica-

444 2482 592 2529 nms,
642 2483 749 2520 non
782 2469 1142 2534 mentiemur;
1195 2483 1371 2537 neque
1416 2468 1461 2522 si
1502 2467 1898 2523 contradixerit
1930 2467 2032 2522 ali-

445 2563 568 2627 quis
601 2573 665 2612 ac
698 2559 901 2613 vidisse
935 2574 1035 2614 nos
1065 2560 1364 2629 negaverit,
1400 2574 1509 2613 non
1537 2575 1724 2612 verum
1759 2559 1848 2614 ille
1871 2559 2028 2614 dixit.

443 2647 738 2718 Pmpterea
768 2647 940 2716 quod,
973 2662 1093 2717 quae
1127 2655 1213 2701 est
1255 2646 1492 2701 hominis
1525 2645 1892 2710 imbecillitas,
1922 2660 2032 2714 quo

447 2739 596 2793 illius
654 2739 974 2808 amplitudo,
1029 2745 1124 2790 aut
1172 2737 1478 2807 longitudo,
1537 2744 1632 2791 aut
1685 2735 2032 2807 profunditas

447 2830 738 2900 pertingat,
773 2844 1047 2898 quamque
1087 2829 1180 2882 alti
1223 2829 1333 2883 sint
1367 2829 1511 2883 illius
1545 2828 1819 2898 voraginis
1845 2843 2032 2883 reces—

445 2935 544 2977 sus
575 2939 589 2988 ;
633 2922 725 2976 sed
761 2937 937 2990 neque
972 2921 1118 2975 illius
1139 2920 1331 2976 etTecta
1367 2921 1648 2989 pervidere
1686 2928 1882 2990 potest.
1912 2918 2031 2974 Jam

442 3013 494 3067 si
531 3013 584 3066 in
613 3013 882 3066 creaturis
929 3013 1003 3066 ita
1031 3028 1150 3067 sese
1176 3028 1265 3067 res
1297 3013 1484 3072 habet.
1529 3021 1735 3081 quanto
1769 3011 1942 3080 magis
1978 3011 2032 3065 in

445 3105 685 3175 gratuito
718 3105 810 3158 illo
847 3105 1129 3168 henelicio,
1155 3103 1300 3174 quod
1329 3103 1469 3159 Deus
1495 3103 1775 3174 prophetis
1805 3111 2028 3173 aposto-

447 3197 623 3266 Iisque
653 3196 964 3250 concessit?
997 3195 1135 3266 Ergo
1161 3197 1237 3249 illi
1271 3195 1436 3250 Deum
1465 3196 1818 3250 exsistentem
1843 3210 2031 3250 revera

447 3288 677 3342 contuiti
711 3297 859 3351 sunt,
896 3296 950 3342 et
982 3287 1143 3342 simul
1182 3303 1290 3342 non
1323 3294 1451 3343 sunt
1479 3287 1728 3341 contuiti.
1762 3285 2034 3340 Viderunt

446 3380 668 3450 quidem
695 3387 965 3447 quatenus
993 3379 1236 3447 ipsorum
1270 3386 1462 3431 natura
1499 3377 1839 3443 sustinebat;
1869 3376 2033 3446 idque

445 3472 672 3526 virtutis
714 3471 857 3524 illius
893 3470 1180 3532 beneﬁcio,
1235 3485 1341 3539 qua
1387 3476 1696 3539 prtepotens
1746 3468 1837 3523 ille
1886 3466 2030 3522 Deus

448 3579 548 3634 pro
583 3563 847 3632 singulari
879 3578 979 3617 suo
1018 3577 1145 3632 erga
1175 3563 1450 3615 hominem
1479 3576 1685 3626 amore,
1715 3561 1808 3630 qui
1835 3561 1939 3616 sibi
1961 3576 2026 3615 ex

450 3659 634 3712 animo
675 3671 738 3710 ac
781 3656 993 3709 sincere
1040 3654 1330 3720 serviebat,
1391 3653 1612 3708 allicere
1656 3654 1808 3708 illum
1839 3654 2031 3708 voluit.

451 3748 556 3803 Sed
581 3749 627 3804 si
658 3764 872 3811 manus,
897 3763 991 3801 aut
1021 3747 1232 3810 oculos,
1260 3756 1353 3800 aut
1380 3745 1483 3799 alia
1509 3745 1561 3798 id
1589 3761 1761 3816 genus
1791 3745 2033 3808 membra

450 3841 631 3896 inesse
653 3838 761 3894 Deo
791 3839 1140 3908 suspicentur
1173 3837 1288 3900 isti,
1341 3835 1488 3907 quod
1529 3835 1596 3890 ad
1631 3852 1757 3892 eum
1808 3837 2028 3890 modum

449 3931 730 4003 prophetis
759 3937 812 3984 et
855 3929 1114 3998 apostolis
1141 3936 1471 3998 conspectus
1497 3928 1588 3991 sit,
1617 3927 1763 3981 inani
1791 3927 2029 3997 quodam

453 4023 640 4079 studio
671 4022 1037 4076 contentionis
1066 4021 1192 4075 elati
1212 4035 1245 4073 a
1275 4019 1499 4074 veritate
1531 4019 1648 4090 ipsa
1685 4018 2030 4076 refelluntur.

451 4115 686 4173 Necesse
719 4114 936 4184 quidem
984 4122 1070 4168 est
1115 4113 1200 4168 his
1240 4112 1496 4167 omnibus
1525 4111 1784 4167 adhibere
1829 4112 2025 4175 tidem,

451 4221 574 4277 qua:
603 4205 658 4258 in
689 4205 862 4259 sacris
911 4202 1133 4257 Litteris
1181 4211 1546 4257 asseruntur:
1573 4202 2034 4271 quemadmodum

453 4312 584 4352 vero
609 4310 731 4350 sese
759 4295 979 4358 habeat,
1026 4294 1178 4348 solus
1220 4294 1310 4348 ille
1349 4293 1651 4362 cognoscit.
1683 4292 2032 4364 Proindeque

453 4403 579 4443 vere
619 4386 836 4457 quidem
867 4385 1186 4456 apparuisse
1227 4392 1437 4439 certum
1479 4392 1599 4450 est;
1635 4384 1890 4454 apparuit
1933 4396 2036 4436 au-

455 4490 563 4537 tem
620 4481 894 4552 quomodo
941 4479 1132 4544 voluit,
1181 4485 1236 4535 et
1289 4493 1619 4548 quocunque
1667 4477 1831 4532 modo
1868 4477 2037 4548 820

455 4571 732 4640 apparuit,
753 4585 880 4624 vere
902 4569 1170 4640 apparuit.
1207 4568 1401 4622 Omnia
1422 4568 1624 4638 quippe
1653 4575 1833 4638 potest
1855 4566 1996 4622 Deus
2018 4585 2033 4635 ;

457 4677 560 4717 nec
595 4669 678 4716 est
713 4661 1035 4731 quidquam,
1086 4659 1231 4730 quod
1275 4659 1395 4729 ejus
1440 4667 1762 4728 potestatem
1791 4657 2032 4728 eﬂugiat.

455 4751 610 4807 Idem
641 4769 769 4808 vero
798 4751 1185 4823 comprehendi
1231 4767 1340 4806 non
1369 4758 1572 4820 potest,
1605 4767 1730 4804 cum
1767 4752 1839 4805 sit
1867 4749 2034 4820 spiri-

455 4854 569 4910 tus,
599 4861 760 4916 quem
788 4845 1144 4916 intelligentia
1181 4845 1328 4899 nulla
1368 4845 1589 4914 penitus
1621 4843 1904 4914 percipere
1938 4858 2035 4912 po-

455 4942 606 4990 test:
641 4936 822 5004 itaque
852 4942 910 4988 ut
944 4935 1127 4989 omnia
1157 4935 1456 4995 contineat,
1491 4943 1544 4989 et
1578 4949 1605 4986 a
1661 4933 1813 4986 nullo
1859 4933 2036 4985 conti-

458 5037 677 5082 neatur.
709 5027 974 5082 Caaterum
1014 5027 1190 5096 qualis
1229 5035 1314 5082 est
1349 5025 1532 5088 Pater,
1570 5025 1694 5079 talis
1721 5033 1806 5079 est
1843 5023 2033 5088 Filius,

458 5118 586 5174 talis
637 5125 692 5172 et
735 5117 792 5172 in
835 5116 1118 5172 divinitate
1163 5116 1401 5188 Spiritus
1431 5125 1674 5170 sanctus.
1718 5114 1797 5169 Ex
1839 5115 2038 5186 quibus

461 5207 613 5265 solus
643 5206 954 5277 unigenitus
987 5204 1159 5261 Filius
1215 5220 1382 5260 carne
1413 5205 1642 5259 vestitus
1671 5214 1772 5268 est,
1799 5219 2033 5273 quarum

463 5315 494 5356 ο
522 5298 754 5353 mortuis
785 5299 1054 5352 excitatus
1079 5305 1184 5359 est,
1220 5295 1577 5365 eamdemque
1610 5297 1770 5350 unius
1805 5297 1860 5349 in
1887 5310 2038 5350 com-

462 5390 776 5449 munionem
810 5388 1034 5458 spiritus
1067 5402 1192 5442 cum
1225 5387 1511 5443 divinitate
1539 5387 1848 5454 conjunxit,
1881 5394 1937 5442 et
1967 5385 2036 5439 ad

462 5478 732 5535 dexteram
764 5475 972 5543 Patris,
1013 5487 1073 5531 ut
1104 5478 1367 5547 scriptum
1419 5483 1525 5539 est,
1557 5477 1612 5528 in
1637 5475 1812 5546 gloria
1859 5468 2039 5529 conse-

463 5568 543 5625 dit
571 5572 612 5620 ί.
647 5567 1114 5635 Quemadmodum
1166 5568 1331 5639 igitur
1373 5566 1913 5636 comprehensionem
1947 5566 2033 5620 in-

466 5661 928 5731 telligentiamque
966 5667 1228 5732 superat,
1279 5661 1360 5716 sic
1411 5659 1592 5714 omnia
1667 5675 1788 5728 quae
1824 5659 1894 5715 de
1945 5659 2038 5714 illo

2133 1938 2260 1985 τοςο
2292 1923 2320 1973 6
2353 1921 2454 1991 μὲν
2484 1921 2594 1992 γὰρ
2638 1921 2813 1990 λέγων
2849 1920 3153 1993 ἑωρακέναι
3190 1923 3251 1976 ού
3293 1923 3583 1993 ψεύδεται·
3621 1925 3714 1980 καὶ

2133 2013 2161 2064 6
2190 2013 2368 2082 φήσας
2391 2012 2528 2082 πρὸς
2563 2012 2724 2067 αὐτὸν
2757 2012 2832 2083 μὴ
2855 2013 3158 2083 ἑωρακέναι
3183 2013 3243 2065 τὸ
3271 2013 3402 2066 αὐτὸ
3427 2014 3710 2084 ἀληθεύει·

2133 2105 2254 2157 οὔτε
2289 2105 2397 2176 γάρ
2435 2101 2544 2158 εἶδε
2582 2105 2681 2176 τὴν
2721 2104 3016 2158 ἐπέκτασιν
3045 2104 3167 2157 οὔτε
3197 2103 3258 2158 τὸ
3287 2105 3508 2170 πλάτος.
3544 2107 3654 2160 Καὶ
3685 2106 3715 2161 ὁ

2137 2200 2234 2268 μὲν
2268 2197 2532 2270 ἑωρακὼς
2565 2197 2866 2267 ὴλήθευσεν
2891 2212 2903 2224 ·
2944 2198 2973 2250 6
3007 2196 3065 2248 δὲ
3102 2196 3374 2249 ἀντειπὼν
3426 2198 3501 2268 μὴ
3542 2199 3715 2269 ἑωρα-

2135 2289 2287 2340 κέναι
2316 2289 2416 2340 ούκ
2450 2287 2738 2357 ἐψεύσατο,
2773 2286 2910 2340 ἀλλά
2942 2288 3036 2340 καὶ⁵
3063 2287 3224 2350 αὐτὸς
3256 2286 3543 2358 ἠλήθευσε.
3574 2289 3713 2342 Πολ-

2133 2379 2289 2442 λάκις
2317 2379 2427 2450 γὰρ
2451 2379 2548 2432 καὶ
2580 2379 2671 2431 ἐπὶ
2701 2377 2984 2449 ἀκρωρείᾳ
3009 2377 3172 2449 ὅρους
3205 2378 3440 2442 ἑστῶτες
3467 2377 3716 2450 θεώμεθα

2135 2471 2228 2522 καὶ
2255 2469 2357 2541 τὴν
2389 2469 2666 2522 θάλασσαν
2688 2484 2702 2497 ο
2731 2469 2827 2521 καὶ
2877 2468 2972 2522 ἐάν
2998 2470 3242 2539 είπωμεν
3277 2470 3576 2541 ἑωρακέναι
3621 2471 3715 2524 θά-

2135 2561 2371 2622 λασσαν,
2427 2561 2528 2614 ούκ
2565 2559 2933 2629 ἐψευσάμεθα.
2971 2560 3035 2612 Εἰ
3086 2559 3143 2612 δέ
3190 2577 3275 2622 τις
3327 2561 3572 2614 ἀντείποι
3617 2558 3707 2615 λέ-

2134 2671 2266 2722 γων,
2302 2653 2384 2706 ὅτι
2412 2653 2524 2722 Ούχ
2554 2651 2826 2724 ἑώρακας,
2859 2653 2953 2705 καὶ
2994 2653 3155 2716 αὐτὸς
3185 2653 3245 2706 οὗ
3285 2653 3559 2723 ψεύδεται.
3595 2654 3702 2707 Ποῦ

2134 2745 2243 2815 γάρ
2267 2745 2548 2798 διικνεῖται
2578 2744 2638 2797 τὸ
2664 2745 2883 2806 πλάτος,
2907 2742 3008 2796 ποῦ
3032 2743 3092 2796 τὸ
3112 2743 3426 2814 μῆκος,ποῦ
3450 2747 3512 2797 τὸ
3529 2744 3713 2814 βάθος,

2136 2831 2239 2882 ποῦ
2275 2833 2321 2883 oi
2367 2831 2530 2902 μυχοὶ
2569 2829 2664 2884 τοῦ
2717 2831 2902 2901 βυθοῦ,
2935 2832 3030 2884 καὶ
3067 2832 3136 2884 τά
3182 2832 3623 2903 ἀποτελέσματα,
3653 2835 3714 2889 οὐ

2134 2923 2355 2976 δύναται
2387 2923 2586 2976 εἰδέναι
2616 2922 2902 2994 ἄνθρωπος
2931 2921 3025 2976 ὤν.
3057 2923 3119 2976 Εἰ
3148 2923 3328 2976 τοίνυν
3356 2924 3424 2976 τὰ
3457 2924 3584 2996 περὶ
3611 2924 3719 2980 siin

2135 3015 2450 3085 κτισμάτων
2479 3013 2650 3077 οὕτως
2675 3015 2733 3066 ἐν
2755 3016 2886 3084 ἡμῖν
2910 3013 3232 3084 πληροῦται,
3255 3015 3405 3086 πόσῳ
3429 3033 3491 3084 γε
3517 3017 3716 3087 μᾶλλον

2136 3106 2194 3157 ἐν
2236 3107 2301 3175 τῇ
2359 3105 2572 3176 χάριτι,
2680 3105 2974 3176 ἐχαρίσατο
3022 3105 3051 3157 6
3097 3105 3229 3169 Θεὸς
3271 3109 3579 3178 προφήταις
3621 3113 3717 3164 καὶ

2137 3197 2490 3263 ἁποστόλοις;
2534 3196 2858 3250 Ἑθεάσαντο
2896 3192 2989 3250 οὖν
3027 3195 3088 3249 τὸ
3114 3195 3172 3249 ὃν
3207 3196 3284 3268 τῷ
3324 3199 3458 3262 ὄντι,
3491 3201 3582 3252 καί
3618 3201 3718 3254 οὐκ

2137 3288 2462 3341 ἐθεάσαντο·
2494 3289 2610 3342 ἀλλ’
2643 3287 2958 3350 ἐθεάσαντο,
2992 3287 3069 3349 ὡς
3094 3286 3323 3356 ἠδύνατο
3364 3289 3396 3359 ἡ
3428 3289 3589 3358 φύσις
3620 3291 3717 3359 φέ-

2141 3397 2252 3450 ρειν
2279 3396 2292 3412 ·
2324 3379 2419 3433 καὶ
2462 3379 2595 3432 αύτὸ
2642 3379 2784 3432 κατά
2823 3378 2984 3449 χάριν
3025 3377 3326 3449 δυνάμεως,
3367 3375 3435 3450 ἦς
3471 3381 3717 3435 ἐνεδυνά-

2139 3489 2319 3543 μωσεν
2365 3474 2394 3526 6
2441 3472 2669 3535 δυνατὸς
2724 3472 2782 3524 ἑν
2835 3471 3008 3524 άπασι
3053 3469 3140 3524 διά
3179 3471 3364 3540 φιλίαν
3408 3472 3501 3526 τοῦ
3552 3473 3716 3527 αὑτοῦ

2137 3563 2444 3634 ἀνθρώπου,
2493 3564 2584 3616 καὶ
2622 3559 2925 3616 δουλεύοντι
2959 3562 2980 3592 ⁸
3010 3561 3160 3632 αὐτῷ
3193 3564 3250 3615 ἐν
3299 3563 3546 3634 ἀληθείᾳ.
3593 3565 3718 3618 Ἐὰν

2136 3650 2229 3708 οὖν
2259 3655 2310 3708 οἱ
2340 3654 2572 3707 τοιοῦτοι
2606 3653 2872 3724 νομίσωσι
2897 3654 3088 3723 χεῖρας
3121 3652 3263 3706 οὕτω
3281 3654 3373 3706 τὸν
3393 3653 3525 3707 Θεὸν
3551 3655 3715 3726 ἔχειν.

2136 3747 2168 3817 ἢ
2198 3745 2530 3816 ὀφθαλμοὺς,
2565 3743 2597 3815 ἢ
2632 3744 2699 3797 τὰ
2738 3743 2894 3806 ἀλλα,
2922 3742 3011 3796 διὰ
3047 3743 3110 3796 τὸ
3137 3742 3308 3808 οὕτως
3338 3744 3673 3816 ὀφθήσεσθαι
3694 3747 3715 3777 ³

2135 3837 2246 3898 τοῖς
2280 3833 2587 3903 προφήταις
2613 3832 2708 3885 καὶ
2747 3829 3086 3893 ἀποστόλοις,
3114 3829 3429 3898 φιλονείκως
3463 3831 3716 3902 φέρονται

2136 3926 2482 3996 ἐλεγχόμενοι
2523 3923 2634 3977 ἀπὸ
2662 3923 2762 3992 τῆς
2808 3922 3085 3993 ἀληθείας.
3128 3923 3288 3977 Ἀλλά
3316 3924 3416 3976 ὅσα
3445 3922 3545 3994 μὲν
3571 3923 3716 3992 λέγει

2137 4019 2194 4070 ἐν
2228 4018 2294 4087 τῇ
2327 4015 2450 4086 θείᾳ
2493 4015 2704 4088 Γραφῇ,
2741 4013 3014 4068 πιστεύειν
3044 4015 3173 4085 χρὴ,
3203 4015 3286 4068 ὅτι
3322 4013 3468 4066 ἐστι·
3509 4013 3627 4078 πῶς
3654 4015 3716 4066 δὲ

2137 4105 2306 4170 ἔστιν,
2338 4102 2487 4174 αὐτῷ
2532 4103 2677 4173 μόνῳ
2717 4101 3005 4170 ἔγνωσται.
3052 4101 3163 4154 Καὶ
3190 4101 3272 4154 ὅτι
3311 4099 3466 4170 ὤφθη
3507 4099 3582 4169 τῷ
3619 4100 3716 4170 μὲν

2137 4195 2271 4259 ὖντι,
2300 4195 2423 4248 ναί·
2459 4193 2618 4262 ὤφθη
2663 4192 2721 4244 δὲ
2768 4191 2844 4255 ὡς
2873 4191 3128 4262 ἠθέλησε,
3162 4193 3256 4246 καὶ
3293 4191 3508 4262 ἀληθῶς
3535 4189 3713 4260 ὤφθη,

2136 4285 2213 4348 ὡς
2243 4283 2420 4355 ὤφθη.
2454 4283 2641 4336 Πάντα
2671 4281 2780 4352 γάρ
2803 4279 3029 4334 δύναται
3059 4278 3212 4343 Θεὸς,
3253 4280 3350 4333 καὶ
3388 4279 3538 4333 οὐδὲν
3566 4276 3716 4348 αύτῷ

2137 4379 2416 4432 ἀδύνατον.
2455 4376 2612 4429 Ἐστι
2645 4374 2702 4428 δὲ
2735 4375 3143 4444 άκατάληπτος,
3175 4371 3392 4442 πνεῦμα
3417 4369 3492 4424 ὣν
3520 4370 3715 4439 ἀπερι-

2139 4471 2348 4540 νόητον,
2381 4468 2560 4522 πάντα
2588 4465 2878 4537 περιέχων,
2903 4460 3056 4529 οὗτος
3096 4464 3189 4517 ὑπ’
3213 4463 3427 4526 οὐδενὸς
3462 4460 3716 4533 περιεχό-

2144 4577 2327 4630 μενος.
2356 4558 2464 4611 Kal.
2513 4559 2697 4620 ὁποῖος
2731 4559 2761 4610 6
2796 4556 3021 4628 Πατὴρ,
3059 4553 3300 4618 τοιοῦτος
3329 4555 3424 4608 καὶ
3471 4554 3500 4606 6
3553 4553 3714 4616 Υἱὸς,

2135 4647 2280 4701 οῦτω
2315 4647 2409 4700 καὶ
2461 4643 2685 4715 Πνεῦμα
2731 4644 2790 4696 ἐν
2817 4645 2884 4715 τῇ
2916 4643 3150 4714 θεότητι.
3179 4643 3355 4705 Μόνος
3395 4641 3453 4694 δὲ
3480 4641 3509 4693 6
3544 4639 3716 4693 Move-

2135 4737 2298 4809 γενὴς
2325 4736 2610 4790 ἐνεδύσατο
2652 4733 2821 4788 ἐλθὼν
2849 4735 3048 4805 σάρκα,
3080 4735 3140 4786 ἑν
3180 4728 3214 4807 ᾖ
3263 4732 3358 4786 καὶ
3389 4731 3612 4800 ἀνέστη,
3649 4730 3717 4801 ἠν

2136 4832 2230 4884 καὶ
2274 4832 2548 4889 συνήνωσε
2589 4830 2656 4897 τῇ
2707 4826 2920 4896 θεότητι
2971 4827 3050 4885 είς
3100 4823 3318 4895 πνεῦμα
3368 4821 3716 4886 ωνενώσας,

2135 4922 2418 4976 ἐκάθισεν
2444 4919 2516 4972 ἐν
2546 4917 2695 4986 δόξῃ
2713 4957 2728 4982 ,
2763 4919 2833 4971 ἐν
2851 4914 3020 4983 δεξιᾷ
3041 4915 3150 4969 τοῦ
3195 4912 3444 4982 Πατρός,
3482 4911 3624 4967 κατὰ
3655 4911 3718 4966 τὸ

2143 5013 2542 5086 γεγραμμένον.
2579 5013 2668 5075 Ὧς
2693 5007 2787 5064 οὖν
2814 5013 2962 5064 ἐστιν
2991 5008 3371 5080 ἀκατάληπτος
3400 5007 3496 5060 καὶ
3522 5007 3712 5078 ἀπερι-

2142 5109 2351 5178 νόητος,
2378 5106 2520 5160 οὓτω
2550 5106 2726 5160 πάντα
2754 5105 2822 5158 τὰ
2848 5105 2977 5175 περὶ
3000 5102 3166 5156 αὐτοῦ
3199 5101 3467 5171 λεγόμενα
3489 5099 3718 5170 ἀληθινά

2145 5201 2293 5253 ἐστιν
2323 5199 2474 5255 ὅντα.
2515 5198 2602 5261 Ὧς
2630 5196 2688 5249 δὲ
2721 5195 2852 5259 Θεός
2899 5197 3047 5248 ἐστιν
3087 5192 3504 5264 ἀκατάληπτος,
3544 5189 3717 5252 οὕτως

2144 5294 2254 5346 πᾶν
2281 5291 2344 5344 τὸ
2373 5290 2502 5361 περὶ
2527 5288 2691 5342 αὐτοῦ
2722 5287 3012 5358 λεγόμενον
3037 5283 3420 5354 ἀκατάληπτόν
3447 5284 3560 5336 ἐστι
3594 5280 3716 5351 μὲν,

2141 5383 2277 5438 ἀλλὰ
2307 5381 2690 5452 ἀκατάληπτον
2718 5381 2879 5433 ὁποῖα
2910 5376 3069 5441 Θεοῦ,
3097 5376 3192 5430 καὶ
3215 5376 3291 5439 ὡς
3322 5373 3468 5427 ἔστιν
3501 5373 3560 5426 ἐν
3588 5369 3715 5441 δόξῃ

2142 5475 2525 5545 ἀκαταλήπτῳ.
2566 5472 2679 5526 Καὶ
2705 5471 2877 5525 ταῦτα
2919 5471 3039 5540 μὲν,
3068 5466 3250 5531 καθὼς
3275 5464 3610 5537 ἐχωροῦμεν,
3635 5463 3716 5526 εἰς

2142 5565 2448 5635 δοξολογίαν
2478 5562 2613 5618 Θεοῦ
2655 5564 2883 5634 στόματι
2914 5559 3239 5634 ἀνθρωπίνῳ
3277 5557 3606 5628 είρήκαμεν·
3654 5551 3717 5606 οὐ

2145 5658 2254 5730 γὰρ
2275 5657 2468 5728 ἔχομεν
2491 5654 2681 5726 ἑτέρας
2712 5653 2952 5724 φθογγῆς
2979 5651 3173 5723 χρῆσιν
3198 5648 3338 5722 ὑπὲρ
3363 5646 3462 5719 τὴν
3493 5648 3555 5700 ἐκ
3580 5641 3718 5700 Θεοῦ

551 5814 790 5885 'Ephcs.
831 5831 893 5877 II,
914 5813 981 5879 ὓς
1010 5811 1173 5870 Hebr.
1203 5830 1322 5883 vui,
1355 5814 1401 5869 I.
1483 5816 1502 5845 ¹
1539 5813 1666 5870 For.
1701 5813 2032 5877 δουλεύοντος

2166 5811 2292 5867 Cor.
2320 5810 2573 5882 ὀφθῆναι.
