4138 6396
446 319 554 377 353

1119 319 1489 379 ADVERSUS
1526 321 1870 379 l-IJERESES
1906 322 2034 379 LIB.
2074 321 2160 380 Ill.
2202 323 2368 381 ‘I’OM.
2403 326 2443 380 l.
2475 327 2831 386 —HZERES.
2877 331 3041 391 LXX.

3612 342 3719 400 554

444 443 581 511 ἡμῖν
612 440 672 494 ὲν
703 440 890 512 μέτρῳ
913 439 1183 508 δοθεῖσαν,
1221 446 1269 498 ει
1308 445 1404 500 καὶ
1429 445 1510 516 τῷ
1537 445 1614 517 νῷ
1643 446 2011 520 περισσότεροπ

2133 447 2416 517 dicuntur,
2445 454 2731 507 verissima
2754 465 2906 512 sunt.
2940 456 3095 513 Sicut
3119 469 3298 515 autem
3329 464 3717 534 comprehendi

442 532 575 602 περὶ
623 531 759 586 Θεοῦ
807 532 1298 604 ὑπολαμϐάνομενο
1336 536 1452 591 ἀλλ’
1491 537 1590 608 οὐχ
1636 539 1811 592 ὁπόσα
1837 541 1866 593 6
1904 539 2031 603 νοῦς

442 623 579 696 εχει,
613 625 854 680 τοσαῦτα
887 625 1108 681 δύναται
1135 628 1198 681 τὸ
1228 629 1404 700 στόμα
1444 630 1646 700 λέγειν,
1681 632 1866 704 μέτρῳ
1891 634 2027 685 ἀπο-

445 716 855 788 κεκλεισμένον,
881 717 978 772 καὶ
1000 721 1356 790 συνεχόμενον
1373 725 1485 786 τοῖς
1509 725 1840 793 σωματικοῖς
1863 723 2026 794 ὁργά-

441 824 577 870 νοις.
602 809 696 860 Διὸ
723 809 820 862 καὶ
858 813 1234 882 συγγνωμονεῖ
1257 811 1391 877 Θεὸς
1420 814 1549 886 παρ’
1581 815 1737 886 ἡμῶν
1766 816 2021 887 ἀποδεχό-

445 915 607 969 μενος
647 897 748 970 τὴν
795 901 925 971 περὶ
958 900 1123 954 αὑτοῦ
1164 901 1368 972 εἴδησιν
1403 905 1498 957 καὶ
1525 904 1852 974 δοξολογίαν,
1885 907 2028 978 ὑπὲρ

438 991 539 1060 τὴν
572 990 730 1061 ἡμῶν
763 990 994 1063 δύναμιν
1030 992 1514 1066 ὲπεκτεινομένην.
1556 997 1678 1066 οὐχὶ
1715 996 1837 1068 Θεῷ
1870 999 2028 1070 χαρί-

441 1079 642 1134 σασθαί
669 1098 747 1147 τι,
788 1081 926 1136 ἀλλὰ
963 1081 1265 1154 δοξολογεῖν
1307 1087 1369 1140 τὸ
1413 1087 1567 1141 Θείον
1607 1088 1750 1143 κατά
1777 1089 2028 1161 δύναμιν,

440 1171 521 1234 είς
545 1171 606 1224 τὸ
633 1172 875 1238 εὐσεϐῶς
902 1177 1192 1246 φρονῆσαι,
1225 1178 1322 1231 καὶ
1349 1180 1424 1250 μὴ
1451 1182 1706 1233 ἐκπεσεῖν
1733 1180 1836 1250 τῆς
1860 1181 2027 1235 αὐτοῦ

439 1261 665 1334 χάριτος
717 1264 812 1317 καὶ
864 1266 1146 1338 ἀληθείας.
1190 1268 1377 1322 Ταῦτα
1430 1271 1486 1324 δὲ
1540 1273 1670 1343 περὶ
1713 1271 1810 1325 τοῦ
1860 1271 2026 1326 αὐτοῦ

438 1355 634 1409 Δύδίου
688 1359 781 1410 καὶ
830 1357 939 1412 τῶν
1001 1357 1276 1413 Αύδιανῶν
1329 1361 1824 1432 διαλαμϐάνοντες,
1881 1362 2024 1427 ἐξεί-

441 1464 618 1518 πομεν
636 1450 704 1502 τὰ
735 1451 827 1503 ὑπ’
852 1450 1033 1505 αὐτῶν
1062 1451 1329 1523 λεγόμενα
1347 1469 1360 1482 ·
1391 1447 1470 1516 οἷς
1499 1453 1639 1507 κατά
1672 1453 1732 1506 τὸ
1759 1455 2023 1508 ἰδιωτικὸν

439 1539 536 1591 καὶ
584 1539 740 1594 αὐτοὶ
786 1540 1156 1612 διηγούμενοι,
1189 1543 1281 1595 καὶ
1341 1541 1484 1596 κατά
1523 1543 1585 1596 τὸ
1634 1543 1934 1612 φιλόνεικον
1965 1548 2024 1598 ἐν

437 1629 649 1695 τούτοις
675 1631 1011 1703 ἀντέχονται,
1041 1632 1306 1705 ἀπρεπῶς
1335 1633 1788 1707 διισχυριζόμενοι

2140 539 2282 596 Deus
2314 557 2422 596 non
2456 551 2654 613 potest,
2690 545 2764 599 ita
2785 546 2855 602 de
2890 547 2986 602 illo
3013 549 3278 620 quidquid
3305 556 3573 609 asseritur
3592 571 3718 626 per-

2135 632 2262 688 inde
2304 635 2687 704 comprehendi
2739 639 2947 708 nequit.
3003 641 3200 712 Nequit
3249 653 3431 701 autem
3486 656 3716 706 eatenus

2131 725 2332 788 solum,
2373 734 2644 794 quatenus
2692 725 2801 782 Deo
2846 733 3123 798 convenit,
3160 743 3215 788 et
3258 751 3324 790 eo
3363 738 3547 806 modo,
3603 757 3715 810 quo

2131 816 2273 871 inest
2293 818 2348 872 in
2371 833 2436 872 eo
2458 818 2766 888 splendore,
2793 822 2888 890 qui
2915 825 3462 894 comprehensionem
3493 832 3712 888 excedit

2129 923 2366 965 omnem.
2408 909 2532 966 Haec
2563 929 2663 969 nos
2689 929 2787 984 pro
2812 915 3024 970 viribus
3053 919 3278 985 nostris,
3304 919 3370 973 ad
3401 920 3497 978 Dei
3539 923 3714 978 hono-

2129 1019 2244 1057 rem
2274 1011 2328 1059 et
2355 1003 2603 1073 gloriam,
2638 1006 2876 1062 humana
2906 1008 3090 1078 lingua
3135 1010 3535 1081 disputavimus
3563 1035 3576 1071 :
3603 1033 3713 1072 non

2129 1092 2276 1148 enim
2334 1094 2440 1148 alia
2474 1109 2607 1151 voce
2634 1106 2727 1151 aut
2757 1113 3009 1154 sermone
3037 1101 3114 1154 uti
3148 1117 3463 1172 possumus,
3497 1107 3593 1176 qui
3637 1110 3709 1164 sit

2127 1199 2193 1240 eo
2223 1187 2588 1255 praastantior,
2619 1205 2782 1258 quem
2815 1190 2973 1246 nobis
3003 1193 3165 1246 modo
3193 1195 3428 1263 quodam
3461 1212 3525 1251 ac
3556 1214 3709 1254 mcn-

2129 1291 2259 1331 sura
2312 1277 2455 1334 Deus
2505 1280 2753 1334 attribuit
2782 1298 2796 1346 ;
2825 1283 3039 1337 tametsi
3096 1286 3448 1355 praestantius
3498 1290 3708 1360 aliquid

2133 1373 2312 1422 mente
2337 1367 2404 1422 de
2420 1366 2530 1424 Deo
2563 1370 2959 1440 concipiamus.
2993 1371 3190 1428 Verum
3217 1385 3482 1444 quantum
3519 1389 3708 1434 nostra

2129 1472 2285 1512 mens
2323 1458 2484 1529 capit,
2519 1468 2730 1514 tantum
2759 1477 2821 1516 os
2861 1464 3039 1534 eloqui
3084 1481 3193 1519 non
3225 1476 3436 1536 potest;
3473 1471 3618 1539 quod
3651 1480 3708 1525 et

2127 1561 2386 1603 mensura
2427 1549 2516 1603 illa
2563 1561 2866 1618 coercetur,
2906 1564 2960 1608 et
3005 1558 3282 1626 corporeis
3327 1558 3708 1618 instrumentis

2130 1641 2347 1696 aﬂixum
2381 1650 2621 1700 tenetur.
2652 1643 2924 1711 Quocirca
2947 1649 3305 1706 imbecillitati
3332 1662 3534 1708 nostra:
3561 1653 3705 1713 Deus

438 1720 751 1794 indulgens,
783 1739 947 1794 quam
991 1725 1060 1781 de
1091 1725 1211 1796 ipso
1240 1726 1491 1781 notitiam
1555 1727 1934 1799 adipiscimur,
1978 1744 2044 1785 ac
2107 1733 2338 1802 gloriam
2389 1734 2718 1805 deferimus,
2773 1741 2915 1810 aequi
2972 1741 3213 1813 bonique
3265 1747 3526 1813 consulit,
3573 1747 3702 1803 dum

436 1813 591 1869 illam
614 1816 777 1871 etiam
813 1832 978 1888 supra
1006 1820 1204 1875 virium
1234 1827 1550 1877 nostrarum
1577 1831 1799 1894 captum
1830 1825 2199 1894 extendimus,
2235 1845 2347 1886 non
2387 1839 2448 1886 ut
2492 1833 2602 1887 ulla
2651 1834 2706 1888 in
2765 1851 2826 1890 re
2886 1833 2998 1891 Deo
3057 1839 3450 1908 gratiﬁcemur,
3493 1842 3586 1898 sed
3647 1853 3708 1900 ut

438 1906 592 1964 illum
616 1911 800 1981 quoad
831 1912 998 1968 situm
1032 1914 1086 1968 in
1116 1915 1276 1972 nobis
1305 1927 1410 1982 est,
1437 1919 1597 1974 laude
1635 1919 1998 1988 celebremus,
2036 1931 2095 1976 ut
2133 1934 2188 1978 et
2219 1934 2285 1981 de
2318 1927 2411 1982 illo
2446 1928 2700 2000 religiose
2740 1906 3080 1998 sentiamus,
3097 1943 3151 1988 et
3226 1936 3295 1990 ab
3351 1937 3471 2006 ejus
3528 1940 3702 2008 gratia

436 2007 492 2054 et
536 2004 766 2059 veritate
810 2020 922 2060 non
977 2007 1319 2063 excidamus.
1369 2010 1550 2081 Atque
1594 2012 1709 2066 haec
1755 2013 2022 2070 adversus
2056 2018 2294 2073 Audium
2325 2023 2716 2092 Audianosque
2769 2025 3134 2095 disputantes,
3193 2004 3410 2083 illorum
3448 2004 3702 2100 dogmata

436 2097 861 2163 proposuimus,
899 2112 1022 2166 qua:
1065 2099 1386 2170 simpliciori
1419 2102 1653 2172 quadam
1699 2107 1912 2161 ratione
1956 2123 2021 2162 ac
2060 2112 2330 2179 pertinaci
2355 2116 2726 2171 contentionis
2756 2117 2941 2172 studio
2972 2119 3205 2188 turpiter
3232 2097 3573 2177 asseverant.

507 2209 582 2261 8'.
622 2208 847 2282 Ἔχουσι
879 2212 936 2264 δὲ
985 2214 1079 2266 καὶ
1128 2213 1262 2268 ἄλλα
1298 2216 1438 2282 τινὰ,
1489 2216 1557 2270 δι’
1587 2217 1731 2290 ἅπερ
1779 2220 2011 2289 μάλιστα

2183 2223 2274 2278 ΙΧ.
2319 2223 2528 2280 Habent
2568 2242 2697 2281 vero
2722 2234 2775 2282 et
2804 2227 2909 2281 alia
2941 2229 3244 2299 complura,
3279 2231 3480 2300 quibus
3523 2234 3702 2302 potis-

437 2300 685 2356 ἵστανται
712 2304 1098 2376 περισσότερον
1126 2306 1226 2375 τὴν
1253 2307 1517 2377 διαίρεσιν
1538 2309 1893 2380 ποιησάμενοι
1917 2312 2016 2381 τῆς

449 2391 798 2462 Ἐκκλησίας,
828 2395 896 2447 δι’
937 2389 1005 2466 ἧς
1047 2396 1143 2449 καὶ
1175 2395 1369 2462 ἄλλους
1415 2399 1717 2471 πτύραντες
1758 2402 2015 2468 πολλάκις

435 2482 790 2537 ἀνθέλκουσιν
835 2485 945 2539 ἀπὸ
996 2485 1098 2556 τῆς
1149 2488 1507 2558 Ἐκκλησίας,
1574 2492 2009 2561 παρελκύσαντες

437 2575 636 2646 ἄνδρας
682 2593 744 2629 τε
777 2579 871 2630 καὶ
903 2582 1189 2648 γυναῖκας.
1237 2581 1392 2636 Μετά
1423 2581 1532 2654 γὰρ
1571 2584 1840 2638 Ἰουδαίων
1889 2585 2014 2656 βού-

435 2667 619 2721 λονται
653 2669 714 2722 τὸ
760 2670 955 2741 Πάσχα
1005 2672 1309 2728 ἐπιτελεῖν⁵
1344 2675 1639 2741 τουτέστιν,
1674 2669 1719 2744 ᾧ
1760 2678 1938 2750 καιρῷ
1965 2681 2013 2731 οἱ

450 2758 692 2813 Ἰουδαῖοι
720 2761 935 2815 ποιοῦσι
961 2761 1029 2815 τά
1061 2765 1191 2836 παρ’
1225 2764 1408 2829 αὐτοῖς
1434 2763 1676 2835 Ἀξυμα,
1702 2767 1823 2820 τότε
1861 2769 2015 2822 αὐτοὶ

438 2850 803 2919 φιλονεικοῦσι
836 2854 896 2906 τὸ
940 2854 1133 2925 Πάσχα
1165 2855 1352 2924 ἀγεινο
1389 2858 1484 2910 καὶ
1526 2857 1686 2928 δῆθεν
1723 2859 1806 2911 ὅτι
1843 2859 2014 2923 οὕτως

436 2938 505 3016 ἦν
545 2946 579 3015 ἡ
621 2945 920 3016 Ἐκκλησία
951 2948 1225 3018 φερομένη
1247 2965 1260 2977 ·
1295 2949 1410 3018 είγε
1463 2949 1559 3003 καὶ
1606 2949 1762 3018 λόγον
1792 2968 2017 3005 σεσυκο-

438 3037 784 3108 φαντημένον
833 3038 1140 3092 δεικνύουσι
1196 3043 1311 3104 τοῖς
1359 3041 1832 3112 ὲκκλησιαστικοῖς
1873 3043 2013 3097 κατά

436 3129 592 3182 τοῦτο
623 3130 684 3184 τὸ
713 3130 898 3201 μέρος,
918 3131 1218 3200 φάσκοντες
1234 3133 1342 3186 ἀπὸ
1370 3135 1749 3188 Κωνσταντίου
1769 3137 1784 3167 ¹
1819 3134 1895 3206 (4)
1927 3135 2014 3188 διά

435 3220 533 3290 τὴν
581 3221 718 3292 πρὸς
749 3222 840 3275 τὸν
872 3222 1114 3292 βασιλέα,
1147 3225 1304 3296 φησὶ,
1339 3226 1802 3297 προσωποληψίαν
1847 3245 2015 3281 κατα-

436 3309 703 3365 λελοιπότι
721 3313 741 3343 ⁸
769 3314 868 3384 τὴν
891 3313 1000 3367 τῶν
1033 3314 1282 3386 πατέρων
1311 3316 1440 3386 περὶ
1466 3315 1562 3368 τοῦ
1593 3316 1784 3388 Πάσχα
1816 3319 2013 3390 ἑορτῆς

435 3402 755 3456 ἀκολουθίαν
775 3445 792 3469 ,
841 3407 935 3458 καὶ
985 3406 1083 3476 τὴν
1135 3405 1350 3478 ἡμέραν
1400 3407 1767 3477 μετηλλάξατε
1824 3411 1904 3473 είς
1951 3411 2012 3463 τὸ

435 3495 677 3566 καθῆκον
709 3495 804 3549 τοῦ
839 3496 1123 3567 βασιλέως.
1144 3498 1300 3560 Τινὲς
1331 3498 1387 3551 δὲ
1420 3498 1582 3552 πάλιν
1627 3499 1767 3553 κατὰ
1790 3501 1850 3554 τὸ
1884 3501 2012 3555 ῐδιον

2125 2317 2324 2372 simum
2370 2319 2658 2384 nituntur,
2709 2337 2879 2391 seque
2908 2321 2976 2376 ab
3014 2320 3270 2377 Ecclesia:
3311 2324 3702 2394 conjunctione

2122 2419 2498 2481 segregarunt,
2539 2412 2739 2481 quibus
2778 2420 2832 2466 et
2875 2414 3013 2467 alios
3055 2414 3375 2484 plerumque
3404 2417 3700 2472 conturba-

2123 2507 2210 2557 tos
2249 2502 2320 2556 ab
2355 2503 2545 2557 eadem
2596 2503 2835 2560 Ecclesia
2869 2504 3155 2570 divellunt,
3206 2508 3492 2578 utriusque
3533 2492 3710 2564 sexus

2122 2584 2388 2640 homines.
2427 2585 2561 2640 Nam
2601 2604 2726 2641 cum
2769 2587 2975 2644 Iudaeis
3021 2589 3233 2645 Pascha
3277 2593 3556 2649 celebrare
3599 2609 3709 2670 vo-,

2123 2678 2262 2745 lunt,
2303 2677 2407 2733 hoc
2441 2685 2550 2765 est.
2587 2695 2694 2749 quo
2735 2689 2980 2750 tempore
3012 2680 3184 2736 Judaei
3216 2682 3419 2754 Azyma
3447 2700 3545 2740 sua
3572 2671 3709 2770 ρον-ξ

2122 2776 2312 2839 agunt,
2357 2777 2486 2824 tunc
2526 2761 2602 2824 illi
2644 2770 2926 2826 Paschalis
2969 2773 3342 2829 celebritatem
3373 2776 3598 2840 obeunt,
3640 2787 3699 2832 ιιι

2121 2860 2190 2912 ab
2238 2859 2485 2915 Ecclesia
2531 2860 2827 2916 dissentire
2873 2862 3182 2917 videantur.
3241 2865 3397 2930 Quod
3446 2849 3708 2922 videlicet.

2120 2950 2250 3003 olim
2298 2952 2414 3006 haec
2462 2952 2516 3004 in
2566 2953 2726 3021 821
2789 2951 3033 3007 Ecclesia
3093 2955 3427 3010 consuetudo
3478 2929 3707 3028 recepta‘

2122 3040 2304 3096 fuerit.
2341 3039 2662 3110 Quanquam
2691 3042 2934 3095 nonnihil
2966 3044 3076 3096 hac
3101 3044 3153 3096 in
3183 3053 3339 3112 parte
3362 3045 3702 3112 calumnian—s

2119 3141 2229 3195 tur,
2267 3141 2321 3185 et
2350 3133 2740 3187 ecclesiasticis
2791 3133 2981 3186 falsam
3016 3110 3283 3188 rationem
3329 3135 3615 3205 objiciunt.
3650 3110 3705 3210 Al

2119 3225 2482 3289 Constantini,
2520 3225 2794 3294 inquiunt,
2837 3235 3103 3295 tempore.
3148 3235 3206 3279 ut
3233 3226 3578 3296 imperatoris
3605 3213 3704 3313 ηοξ

2121 3315 2322 3369 tionem
2357 3315 2626 3369 haberetis
2651 3324 2928 3384 paternam
2954 3355 2968 3380 ,
3000 3316 3053 3368 in
3081 3317 3406 3371 celebrando
3427 3315 3701 3374 Paschate-

2119 3406 2571 3460 Consuetudinem
2648 3406 2944 3475 reliquistis
2987 3406 3240 3476 diemque
3282 3409 3698 3474 commutastis,

2119 3504 2178 3550 ut
2200 3512 2295 3552 vos
2321 3497 2390 3551 ad
2415 3498 2764 3567 imperatoris
2796 3509 2988 3552 nutum
3023 3500 3534 3556 accommodaretis.
3559 3499 3698 3566 Qui.

436 3586 738 3657 φιλόνεικον
765 3589 1058 3660 ὁρίζονται,
1090 3589 1194 3654 ὅτι,
1228 3590 1358 3642 Ὅτε
1401 3591 1469 3643 τά
1514 3589 1762 3659 γενέθλια
1794 3592 1869 3662 (5)
1914 3592 2005 3645 τοῦ

2115 3589 2234 3644 dam
2267 3591 2431 3646 etiam
2468 3591 2806 3659 pervicacius
2849 3589 3151 3656 deﬁniunt,
3188 3600 3264 3654 et,
3300 3591 3437 3647 Cum
3469 3579 3700 3660 natalis,5

434 3681 870 3746 Κωνσταντίνου,
895 3682 1019 3735 τότε
1052 3683 1503 3754 μετεποιήσασθε,
1532 3683 1685 3754 φησὶ,
1704 3683 1764 3737 τὸ
1794 3685 2006 3754 Πάσχα.

433 3772 546 3824 Καὶ
577 3773 626 3825 εί
680 3772 782 3843 μὲν
829 3774 896 3843 τῇ
932 3772 1070 3842 αὐτῇ
1109 3773 1292 3844 ἡμέρᾳ
1331 3772 1393 3825 τὸ
1439 3772 1632 3843 Πάσχα
1679 3774 1844 3844 ἤγετο
1891 3774 2014 3827 κατ’

431 3861 571 3926 ἔτος,
612 3864 708 3916 καὶ
739 3865 806 3933 τῇ
834 3863 970 3934 αὐτῇ
1003 3862 1213 3935 ὡρίσθη
1243 3863 1402 3918 τοῦτο
1435 3867 1608 3916 ποιεῖν
1637 3865 1731 3916 ἐπὶ
1762 3864 1857 3935 τῆς
1877 3865 1897 3895 ³
1917 3865 2010 3918 ἐπὶ

432 3952 842 4007 Κωνσταντίνου
884 3953 1242 4024 συναχθείσης
1292 3955 1550 4019 συνόδου,
1594 3954 1816 4008 πιθανὸν
1848 3950 1915 4026 ἦν
1949 3957 2009 4008 τὸ

431 4050 562 4119 παρ’
584 4048 766 4111 αὐτοῖς
794 4047 1086 4116 λεγόμενον
1107 4063 1120 4078 ·
1149 4047 1311 4100 ὁπότε
1339 4045 1397 4098 δὲ
1426 4045 1547 4100 καθ’
1575 4047 1803 4100 ἕκαστον
1830 4048 2009 4100 ἐνιαυ-

427 4139 520 4191 τὸν
544 4140 605 4192 οὐ
636 4139 859 4193 δύναται
888 4137 1106 4208 ἔχεσθαι
1125 4137 1224 4208 τῆς
1243 4138 1412 4209 αὐτῆς
1431 4137 1610 4209 ψήφου
1641 4139 1675 4208 ὴ
1698 4137 2003 4198 ἀκολουθία,

429 4228 679 4283 διέπεσεν
721 4231 750 4282 ὁ
781 4230 959 4283 αὐτῶν
995 4230 1172 4298 λόγος.
1208 4230 1283 4282 UO
1312 4231 1420 4300 γὰρ
1466 4229 1555 4283 διὰ
1587 4230 1648 4283 τὸ
1678 4229 1949 4298 γενέθλιον
1977 4229 2006 4279 ὁ

431 4321 687 4391 βασιλεὺς
736 4320 1144 4391 ὲπεμελήσατο,
1199 4319 1337 4374 ἀλλά
1387 4320 1478 4374 διὰ
1520 4319 1619 4391 τὴν
1668 4320 1862 4373 ἓνωσιν
1905 4320 2005 4390 τῆς

441 4413 785 4484 Ἐκκλησίας.
817 4412 909 4484 Τῷ
945 4414 1054 4484 γὰρ
1091 4414 1204 4468 ὁντι
1235 4414 1328 4468 δύο
1358 4414 1589 4486 μέγιστα
1625 4417 1758 4486 ἡμῖν
1791 4414 2006 4486 κατώρ-

427 4507 598 4560 θωσεν
629 4509 657 4560 ὁ
704 4506 837 4567 Θεὸς
882 4505 969 4559 διὰ
1013 4506 1106 4558 τοῦ
1147 4507 1544 4577 προειρημένου
1593 4505 2002 4559 Κωνσταντίνου

421 4601 518 4652 τοῦ
560 4597 976 4668 θεοφιλεστάτου
1023 4599 1116 4651 κα)⁴
1159 4597 1246 4651 ἀεὶ
1283 4596 1646 4668 μακαριστοῦ,
1685 4597 1746 4650 τὸ
1779 4597 2002 4661 συνάξαι

420 4691 808 4762 οἱκουμενικὴν
859 4689 1096 4752 σύνοδον,
1147 4689 1242 4744 καὶ
1268 4687 1530 4742 ἐκθέσθαι
1575 4689 1674 4762 τὴν
1701 4691 1758 4742 ὲν
1798 4689 2002 4760 Νικαία

421 4781 738 4834 ὲκτεθείσαν
782 4781 987 4847 πίστιν,
1020 4781 1116 4834 καὶ
1147 4781 1572 4852 ὁμολογηθεῖσαν
1615 4781 1732 4851 μεθ’
1761 4781 2002 4852 ὑπογρα-

421 4869 530 4940 φῆς
569 4871 677 4923 τῶν
720 4870 1080 4925 συνελθόντων
1113 4872 1447 4936 ἐπισκόπων,
1475 4871 1865 4945 καθαιρεθῆναι
1898 4872 1999 4942 μὲν

2114 3681 2393 3751 inquiunt,
2418 3683 2761 3736 Constantini
2785 3682 3176 3745 celebraretur,
3211 3681 3495 3740 Paschatis
3522 3687 3699 3740 ratio-'

2111 3789 2234 3828 nem
2288 3773 2640 3830 immutastis.
2691 3771 2887 3827 Verum
2931 3775 2979 3828 si
3025 3775 3214 3829 eadem
3262 3776 3560 3844 quotannis
3600 3774 3700 3832 die-

2110 3865 2319 3920 Pascha
2346 3875 2850 3937 repraesentaretur,
2881 3869 2934 3920 in
2957 3883 3132 3938 eaque
3154 3867 3539 3923 celebrandum
3565 3884 3692 3924 esse

2109 3959 2396 4015 statuisset
2436 3961 2526 4014 illa
2558 3963 2802 4032 synodus
2832 3976 2860 4014 a
2892 3960 3252 4016 Constantino
3280 3962 3526 4028 collecta,
3559 3951 3697 4031 pro-§

2108 4049 2304 4105 habilis
2343 4049 2575 4105 istorum
2609 4059 2757 4106 esset
2788 4053 2984 4105 oratio.
3025 4049 3182 4104 Nunc
3214 4066 3340 4104 cum
3374 4051 3533 4106 annis
3556 4040 3693 4107 sin;

2106 4142 2248 4210 gulis
2288 4156 2397 4195 non
2451 4141 2645 4195 eadem
2682 4153 2986 4212 temporum
3035 4143 3208 4197 series
3244 4143 3561 4211 putatioque
3600 4157 3695 4197 re-

2106 4230 2392 4300 spondeat,
2437 4231 2619 4285 inanis
2644 4242 2728 4286 est
2756 4233 2862 4286 ista
2894 4233 3051 4286 ratio.
3085 4230 3201 4285 Non
3237 4231 3382 4286 enim
3420 4232 3491 4285 ob
3524 4239 3684 4285 nata-

2105 4323 2208 4378 lem
2248 4339 2430 4388 suum,
2465 4323 2562 4379 sed
2596 4323 2663 4378 ad
2705 4323 3003 4378 Ecclesiam
3042 4322 3462 4389 conciliandam,
3499 4323 3551 4377 ei
3601 4324 3685 4378 rei

2105 4415 2347 4470 studium
2381 4415 2680 4485 imperator
2726 4415 2995 4470 adhibuit.
3053 4417 3196 4470 Sane
3224 4413 3359 4468 illud
3401 4413 3685 4468 fatendum

2103 4505 2264 4559 nobis
2303 4512 2408 4568 est,
2461 4503 2571 4558 duo
2611 4505 2857 4574 quaedam
2901 4504 3137 4558 maxima
3180 4519 3276 4573 per
3322 4503 3682 4572 religiosissi-

2102 4612 2274 4662 mum,
2311 4612 2375 4652 ac
2400 4597 2730 4652 beatissima:
2759 4597 3033 4651 memoriae
3060 4595 3482 4650 Constantinum
3511 4609 3540 4647 a
3566 4593 3680 4648 Deo

2100 4703 2223 4744 esse
2259 4689 2790 4758 praestitazquorum
2820 4689 3057 4759 primum
3095 4687 3218 4752 fuit,
3254 4695 3314 4740 ut
3337 4687 3684 4741 oecumenica

2101 4780 2345 4851 synodus
2393 4780 2779 4850 colligeretur,
2824 4794 2888 4834 ac
2933 4779 3056 4836 ﬁdei
3093 4794 3306 4835 summa
3345 4776 3538 4832 Nicaeae
3579 4793 3678 4832 ex-

2101 4872 2301 4942 plicata
2334 4879 2753 4942 proponeretur,
2787 4879 2841 4926 et
2864 4871 3246 4941 episcoporum
3285 4869 3380 4940 qui
3409 4883 3682 4924 convene-

423 4964 660 5033 Ἀρειον,
674 4963 805 5016 τὸδὲ
819 4963 1058 5035 καθαρὸν
1075 4964 1174 5035 τῆς
1200 4964 1438 5027 πίστεως
1461 4963 1804 5035 κηρυχθῆναι
1834 4965 1992 5018 πᾶσι·

2115 4973 2226 5020 rant
2275 4964 2688 5036 subscriptione
2743 4965 3165 5022 conﬁrmaretur
3198 4983 3213 5019 :
3243 4962 3380 5019 adeo
3431 4971 3491 5018 ut
3541 4961 3682 5016 Ario

487 5165 505 5196 ¹
538 5163 670 5236 Leg.
703 5166 1135 5220 Κωνσταντίνου.
1211 5165 1234 5196 ’
1264 5164 1390 5221 Cor.
1417 5164 1866 5220 καταλελοίπατε.
1941 5165 1962 5197 ³
1983 5163 2011 5220 ί

2144 5166 2252 5221 ὑπὸ
2273 5169 2396 5240 τῆς.

483 5365 561 5434 (4)
593 5365 936 5431 Φάσκοντες
979 5364 1100 5421 ἀπὸ
1151 5367 1588 5432 Κωνσταντίου.
1650 5365 1766 5420 lmo
1823 5367 1980 5420 Κων-

411 5435 729 5507 σταντίνούε
775 5435 1066 5507 Jactabant
1112 5435 1364 5507 haeretici
1406 5451 1471 5490 ac
1515 5436 1981 5507 Τεσσαρεσκαιδε-

409 5508 651 5578 κατῖται,
685 5504 933 5578 Νἱςωηοε
966 5505 1182 5578 Patres,
1219 5507 1297 5578 iu,
1328 5504 1974 5578 Constantini'gratiam,

415 5575 712 5645 legitimam
759 5575 1475 5645 Paschalisgcelehritatem
1520 5591 1660 5630 nova
1694 5575 1982 5632 sanctione

451 5644 782 5703 rt‘tltl'basse.
816 5649 967 5713 Quos
995 5644 1191 5701 refellit
1227 5646 1484 5702 Socrates
1517 5646 1612 5700 lib.
1637 5662 1690 5712 v,
1718 5661 1843 5715 cap.
1871 5645 1980 5702 25:

451 5661 782 5703 erturuasse.
816 5661 967 5713 uuos
995 5661 1191 5701 retelltt
1227 5661 1484 5702 δοίη-διεδ
1518 5661 1612 5700 IlD.
1637 5662 1690 5712 v,
1718 5661 1843 5715 cap.
1871 5661 1940 5700 κδ
1963 5664 1980 5702 :

409 5661 521 5768 Rati
535 5717 633 5786 οὐχ
653 5715 728 5780 ὥς
755 5735 896 5782 τινες
929 5715 1358 5788 ἐπεθρύλλησαν,
1383 5717 1416 5787 ἡ
1449 5717 1540 5769 ἐπὶ
1569 5717 1981 5770 Κωνσταντίνου

2088 5365 2302 5430 σύνοδος
2326 5363 2425 5432 τὴν
2451 5365 2644 5489 ὲορτὲν
2675 5367 3039 5489 παρέτρεψεν.

2157 5436 2235 5489 (5)
2273 5437 2394 5488 Ὅτι
2422 5434 2520 5489 ὅτε
2545 5453 2578 5488 τ
2638 5454 2743 5489 τεν
2779 5442 2938 5489 θλια.
2969 5440 3039 5489 Am

2157 5436 2235 5506 (5)
2273 5437 2394 5488 Ὅτι
2422 5434 2523 5489 ὅτε
2545 5434 2619 5489 τὰ
2638 5434 2940 5506 τενέθλὶαζ
2969 5440 3050 5492 An
3075 5437 3377 5493 nativitatis
3397 5437 3561 5506 diem,
3593 5450 3668 5492 an

2087 5504 2575 5588 imperiinnatalem
2624 5504 2911 5588 intelligat,
2949 5509 3188 5562 dubitari
3227 5515 3430 5578 potest.
3463 5504 3667 5588 Incidit

2089 5575 2236 5631 enim
2267 5575 2545 5647 Nicaenum
2575 5575 2867 5631 concilium
2893 5581 2952 5632 iu
2972 5593 3096 5632 eum
3128 5575 3352 5639 ann—um,
3383 5591 3493 5647 quo
3515 5575 3660 5630 Cou-

2092 5643 2722 5716 stautinusViceunalia
2773 5650 3089 5712 celebravit,
3141 5643 3664 5716 adeoque-natalem

2093 5717 2307 5787 imperii
2329 5715 2472 5770 diem
2493 5717 2850 5787 exquisitiore
2877 5735 3071 5790 pompa
3098 5730 3150 5774 ct
3174 5715 3434 5790 apparatu
3463 5717 3656 5772 coluit.
