4138 6396
437 353 541 411 ὖῖἷ)

1805 346 1862 403 S.
1906 345 2252 403 EPIPHANII

3591 346 3697 406 356

437 469 743 537 proﬂigato,
772 483 897 521 vera
951 467 1203 522 omnibus
1239 465 1373 520 fides
1407 481 1470 518 ac
1505 468 1719 520 sincera
1756 466 2014 537 praedica-

2124 470 2217 522 καὶ
2246 469 2308 521 τὸ
2339 471 2466 541 περὶ
2502 469 2599 523 τοῦ
2636 470 2829 539 Πάσχα
2862 470 2942 533 είς
2984 468 3177 523 ἕνωσιν
3208 467 3365 538 ἡμῶν
3398 467 3488 520 ὑπ’
3522 467 3700 520 αὐτῶν

438 566 616 615 retur.
660 558 889 610 alterum
924 558 1023 610 fuit
1076 554 1386 610 celebrandi
1418 554 1703 612 Paschalis
1733 558 1801 611 ad
1842 558 2017 613 stabi-

438 648 671 703 liendam
724 660 973 703 nostrum
1028 648 1272 701 omnium
1329 646 1680 701 concordiam
1732 648 2019 703 emendata

441 742 602 791 ratio.

509 848 843 919 Iampridem
874 849 1127 913 enim,.et
1156 863 1186 901 a
1221 848 1415 917 primis
1445 864 1622 918 usque
1654 850 2018 921 temporibus,

444 942 606 995 variae
638 942 690 996 in
724 940 970 995 Ecclesia
1023 940 1089 995 de
1123 940 1226 993 hac
1257 941 1603 996 solemnitate
1632 946 2022 999 controversias

444 1046 505 1085 ac
546 1032 921 1087 dissensiones
952 1030 1303 1094 exstiterunt,
1338 1045 1464 1100 qua:
1509 1032 1806 1100 quotannis
1847 1032 2020 1087 risum

444 1136 505 1173 ac
536 1121 829 1174 ludibrium
863 1119 1180 1195 aﬂ‘erebant.
1216 1118 1349 1172 Nam
1391 1120 1484 1172 alii
1512 1120 1748 1189 quodam
1788 1130 2019 1175 conten-

442 1209 608 1264 tionis
631 1209 826 1262 ardore
852 1214 978 1261 ante
1009 1206 1423 1275 hebdomadem,
1454 1209 1546 1264 alii
1575 1217 1699 1280 post
1724 1210 2022 1265 hebdoma-

445 1300 571 1355 dem
596 1300 826 1364 inibant,
853 1300 944 1353 alii
969 1300 1398 1366 antevertebant,
1427 1300 1518 1353 alii
1551 1301 1733 1356 medio
1754 1311 2019 1373 tempore,

443 1388 535 1441 alii
563 1397 842 1458 postremo
876 1388 1230 1457 peragebant.
1258 1386 1342 1451 Et,
1382 1397 1442 1441 ut
1473 1403 1581 1441 uno
1614 1391 1780 1443 verbo
1813 1390 2015 1458 dicam,

443 1478 670 1533 miriﬁca
692 1478 942 1549 quaedam
971 1487 1088 1533 erat
1117 1486 1171 1533 et
1225 1479 1496 1534 laboriosa
1521 1481 1878 1549 perturbatio.
1910 1482 2022 1538 Nec

442 1570 577 1625 illud
617 1570 848 1626 eruditis
882 1572 1198 1626 hominibus
1244 1571 1487 1641 ignotum
1527 1583 1631 1638 est,
1664 1587 1826 1642 quam
1875 1591 2021 1646 saepe

441 1660 678 1716 diversis
709 1662 1048 1731 temporibus
1089 1662 1157 1717 de
1188 1662 1334 1716 illius
1364 1663 1488 1716 festi
1533 1664 1848 1721 celebritate
1879 1666 2018 1721 varii

441 1752 829 1807 ecclesiastica:
865 1752 1169 1821 disciplina:
1233 1752 1503 1806 tumultus
1536 1765 1601 1807 ac
1641 1755 2018 1811 contentiones

2120 558 2500 630 διορθωθῆναι.

2195 844 2468 898 Ἐκπαλαι
2501 841 2611 914 γὰρ
2643 842 2738 894 καὶ
2772 840 2880 894 ἀπὸ
2908 841 3018 894 τῶν
3047 839 3237 911 πρώην
3264 838 3469 909 χρόνων
3513 837 3698 906 διέστη

2121 938 2179 991 ὲν
2221 938 2289 1007 τῇ
2328 934 2624 1005 Ἐκκλησία
2678 933 2950 1004 διαφόρως
3006 932 3296 1003 ἀγόμενον,
3352 928 3549 999 χλεύην
3598 931 3697 997 ἐμ-

2122 1027 2308 1081 ποιοῦν
2359 1026 2480 1079 καθ“
2510 1024 2740 1078 ἕκαστον
2773 1022 2913 1087 ἔτος,
2962 1024 3069 1076 τῶν
3103 1022 3201 1093 μὲν
3249 1019 3355 1092 πρὸ
3408 1018 3700 1089 ἑὸδομάδος

2108 1103 2442 1184 ποιούντων,
2475 1121 2570 1174 καὶ
2616 1118 3064 1189 φιλονεικούντων
3096 1115 3234 1188 πρὸς
3272 1115 3555 1185 ἀλλήλους,
3589 1111 3699 1165 τῶν

2120 1213 2179 1267 δὲ
2212 1214 2351 1285 μετά
2408 1212 2677 1284 ἑϐδομάδα
2699 1229 2713 1243 ⁸
2748 1211 2843 1265 καὶ
2879 1209 2987 1263 τῶν
3028 1210 3125 1280 μὲν
3178 1208 3691 1279 προλαμϐανόντων,

2122 1307 2228 1360 τῶν
2258 1307 2315 1360 δὲ
2356 1306 2718 1377 μεσαζόντων,
2748 1303 2921 1359 ἄλλων
2962 1304 3019 1357 δὲ
3055 1302 3346 1373 μετέπειτα
3388 1299 3699 1353 ἐπιτελούν-

2121 1416 2249 1452 των.
2282 1398 2393 1450 Καὶ
2420 1393 2487 1467 ἦν
2518 1396 2703 1459 ἁπλῶς
2736 1396 2932 1467 φύρσις
2973 1392 3142 1464 πολλὴ
3186 1393 3279 1445 καὶ
3312 1391 3581 1461 κάματος,
3623 1390 3699 1453 ὡς

2121 1486 2336 1550 πολλοῖς
2368 1486 2668 1555 φιλολόγοις
2701 1486 2801 1538 οὐκ
2839 1485 3135 1553 ἄγνωστον,
3165 1485 3223 1537 ὲν
3264 1483 3449 1546 τώσοις
3486 1484 3700 1552 καιροῖς

2122 1575 2351 1647 θόρυϐος
2404 1579 2636 1630 ἐκινεῖτο
2681 1578 2739 1630 ὲν
2771 1576 2851 1648 τῷ
2899 1573 3339 1647 ἐκκλησιαστικῷ
3382 1575 3698 1647 κηρύγματι

2122 1666 2252 1736 περὶ
2312 1665 2404 1719 τοῦ
2472 1666 2571 1735 τῆς
2635 1665 2828 1737 ἑορτῆς
2895 1664 3098 1735 ταύτης
3143 1662 3491 1736 ζητήματος’
3533 1664 3589 1716 ἐν
3638 1680 3696 1715 τε

2120 1757 2334 1826 χρόνοις
2379 1757 2735 1830 Πολυκάρπου
2788 1756 2883 1811 καὶ
2932 1756 3223 1828 Βίκτωρος,
3270 1755 3343 1818 ὡς
3373 1758 3410 1826 ὴ
3445 1754 3697 1825 Ἀνατολὴ

440 1841 649 1896 oborta:
678 1842 811 1907 sint,
847 1843 1149 1912 praesertim
1177 1840 1467 1913 Polycarpi
1490 1857 1554 1897 ac
1577 1841 1814 1901 Victoris
1836 1856 2014 1911 aztate,

2120 1847 2257 1918 πρὸς
2309 1847 2408 1917 τὴν
2438 1846 2596 1901 Δύσιν
2643 1848 3008 1920 διαφερομένη
3031 1887 3046 1911 ,
3081 1846 3333 1919 εἰρηνικά
3365 1847 3495 1916 παρ’
3531 1846 3697 1917 ἀλλή-

441 1949 566 1987 euui
611 1931 918 1988 Orientales
962 1934 1031 1989 ab
1072 1931 1516 1988 Occidentalibus
1560 1934 1761 1990 divulsi
1828 1939 2014 2007 pacili-

2124 1938 2231 1991 λων
2272 1939 2373 1992 οὐκ
2419 1939 2662 2010 ἐδέχετο·
2702 1942 2759 1994 ὲν
2794 1940 2975 2003 ἄλλοις
3002 1940 3059 1993 δὲ
3098 1940 3244 2002 ὅσοις
3278 1941 3507 2010 καιροῖς,
3550 1937 3607 1991 ἐν
3638 1954 3697 1990 τε

441 2035 537 2077 cas
580 2038 610 2074 a
651 2038 710 2078 se
754 2023 985 2077 invicem
1022 2024 1231 2080 litteras
1275 2025 1455 2080 nullas
1499 2027 1830 2097 acciperent.
1862 2031 2014 2097 Quod

2125 2030 2338 2101 χρόνοις
2364 2031 2710 2102 Ἀλεξάνδρου
2730 2032 2806 2103 (6)
2837 2031 3135 2085 ἐπισκόπου
3173 2030 3577 2101 Ἀλεξανδρείας
3603 2029 3700 2082 καὶ

443 2112 583 2166 idem
630 2125 686 2168 et
729 2114 853 2170 aliis
904 2117 1242 2186 temporibus
1273 2117 1493 2181 accidit,
1540 2120 1689 2173 velut
1720 2122 2014 2177 Alexandri

2125 2119 2523 2189 Κρεσκεντίου⁸
2567 2122 2643 2185 ὡς
2691 2122 2826 2192 πρὸς
2873 2121 3137 2192 ἀλλήλους
3176 2121 3521 2191 εὑρίσκονται
3566 2121 3699 2173 ἔκα-

440 2205 681 2275 episcopi
736 2207 1087 2262 Alexandrini
1118 2218 1172 2263 et
1195 2209 1493 2265 Crescentii
1523 2229 1536 2265 :
1565 2214 2014 2282 quemadmodum

2128 2225 2250 2274 στος
2291 2210 2468 2265 αὐτῶν
2528 2214 2830 2285 γράφοντες
2877 2216 2971 2268 καὶ
3002 2214 3393 2284 διαμαχόμενοι
3442 2214 3546 2277 ἕως
3590 2212 3700 2267 τῶν

441 2302 631 2347 contra
667 2310 725 2350 se
769 2305 957 2351 mutuo
1001 2299 1343 2368 scripserint,
1379 2307 1434 2355 et
1461 2303 1726 2356 acerrime
1755 2318 2014 2373 pugnave-

2126 2302 2409 2373 ἡμετέρων
2440 2305 2668 2373 χρόνων,
2699 2303 2881 2368 ὲξότου
2910 2303 3180 2375 ἐταράχθη
3224 2304 3362 2375 μετὰ
3392 2306 3485 2358 τὸν
3509 2303 3700 2375 χρόνον

449 2384 578 2437 rint.
612 2385 745 2451 Quae
766 2387 984 2457 quidem
1020 2390 1327 2442 animorum
1362 2389 1793 2459 opinionumque
1818 2391 2014 2447 distra-

2121 2393 2233 2447 τῶν
2286 2396 2674 2467 ὲμπεριτόμων
2719 2397 3054 2459 ἐπισκόπων,
3098 2397 3272 2460 οὕτως
3321 2396 3566 2468 ἐφέρετο.
3607 2394 3700 2447 Διὸ

442 2476 576 2539 ctio,
611 2491 677 2530 ex
713 2493 823 2547 quo
846 2478 1011 2533 semel
1035 2487 1158 2547 post
1184 2482 1473 2550 episcopos
1513 2480 1658 2546 illos,
1689 2482 1781 2550 qui
1820 2497 1887 2562 ex
1915 2485 2014 2537 cir-

2126 2485 2470 2551 συνελθόντες
2506 2488 2556 2540 οί
2589 2487 2924 2557 πανταχόθεν
2955 2488 3097 2553 τότε,
3130 2489 3225 2542 καὶ
3268 2486 3697 2559 άκριδώσαντες,

440 2570 781 2625 cumcisione
834 2586 898 2624 ac
924 2569 1237 2624 Judaeorum
1266 2571 1431 2640 822
1467 2578 1617 2626 secta
1643 2573 1709 2626 ad
1740 2572 2014 2630 Christum

2123 2575 2331 2647 ὥρισαν
2366 2578 2484 2648 μεθ’
2509 2579 2761 2649 ὁμονοίας
2806 2578 3051 2646 γίνεσθαι
3086 2580 3228 2633 κατά
3257 2579 3320 2633 τὸ
3353 2579 3562 2651 πρέπον
3598 2586 3704 2656 τῆς

442 2674 565 2714 sese
609 2668 1015 2725 converterant,
1053 2662 1248 2731 agitari
1281 2662 1471 2730 coepit,
1516 2661 1586 2716 ad
1622 2670 1811 2718 nostra
1847 2680 2014 2736 usque

2121 2667 2326 2737 ψήφους
2365 2669 2458 2723 καὶ
2490 2670 2589 2740 τῆς
2621 2671 2957 2736 ἀκολουθίας.

441 2758 685 2822 tempora
727 2753 917 2810 eodem
970 2760 1056 2809 est
1103 2763 1292 2809 tenore
1348 2753 1632 2823 perducta.
1681 2752 2045 2821 Quamobrem
2099 2761 2194 2830 qui
2236 2770 2350 2816 tum
2406 2762 2475 2816 ad
2523 2762 2795 2818 Nicaeuain
2839 2763 3104 2835 synodum
3144 2765 3384 2835 undique
3422 2763 3700 2820 conﬂuxeo

441 2854 585 2911 rant,
622 2860 681 2900 re
727 2852 981 2900 accurate
1034 2845 1274 2915 cognita,
1301 2846 1577 2901 communi
1619 2847 1689 2903 ab
1747 2850 2002 2905 omnibus
2046 2853 2341 2909 concordia
2391 2863 2554 2925 atque
2600 2870 2668 2911 ex
2705 2855 2900 2912 idonea
2941 2864 3245 2928 temporum
3292 2857 3701 2927 computatione

439 2947 496 2998 et
521 2938 752 3006 calculo,
783 2937 1166 2995 celebrandum
1196 2953 1320 2994 esse
1353 2945 1682 2995 statuerunt.

508 3048 578 3105 Χ.
618 3046 855 3103 Audiani
888 3062 1017 3103 vero
1050 3047 1117 3101 ad
1158 3047 1472 3103 institutum
1518 3064 1680 3105 suum
1723 3050 2013 3121 quamdam

437 3154 503 3195 ex
538 3138 911 3210 apostolorum
947 3137 1343 3192 constitutione
1386 3137 1764 3193 auctoritatem
1798 3152 2018 3193 accom-

2193 3049 2248 3105 I'.
2290 3048 2386 3113 Είς
2412 3048 2571 3103 τοῦτο
2601 3049 2659 3103 δὲ
2690 3051 2739 3103 οἱ
2765 3051 2921 3105 αὐτοὶ
2941 3053 3192 3108 Δύδιανοὶ
3216 3056 3292 3128 (7)
3324 3061 3698 3136 παραφέρουσι

2123 3141 2220 3212 τὴν
2261 3139 2370 3195 τῶν
2414 3140 2726 3194 ἀποστόλων
2773 3140 3036 3209 διάταξιν,
3067 3138 3232 3199 οὖσαν
3274 3147 3374 3216 μὲν
3408 3153 3520 3215 τοῖς
3567 3154 3698 3206 πολ-

439 3232 682 3289 modant.
734 3231 840 3297 Qui
882 3230 1020 3285 liber
1055 3230 1275 3286 tametsi
1313 3229 1490 3284 dubiae
1533 3230 1676 3300 apud
1726 3229 2014 3285 nonnullos

2123 3230 2235 3294 λοῖς
2269 3233 2330 3285 ὲν
2363 3230 2700 3302 ἀμφιλέκτῳ,
2731 3230 2846 3284 ἀλλ’
2872 3232 2972 3285 οὐκ
3003 3215 3286 3307 ἀδόκιμον.
3307 3239 3463 3294 Πᾶσα
3496 3242 3606 3315 γὰρ
3642 3247 3699 3300 ἐν

441 3325 565 3381 lldei
608 3325 704 3390 sit,
732 3338 842 3377 non
884 3329 970 3377 est
1004 3329 1187 3377 tamen
1225 3320 1637 3391 improbandus.
1682 3320 1818 3375 Nam
1846 3322 1914 3376 'in
1953 3335 2021 3377 eo

439 3434 562 3490 qua:
596 3416 663 3471 ad
694 3413 955 3469 Ecclesiae
988 3413 1334 3483 disciplinam
1377 3414 1610 3466 attinent
1649 3412 1834 3467 omnia
1869 3428 2022 3468 com-

441 3508 887 3583 prehenduntur;
922 3522 1097 3577 neque
1134 3506 1430 3576 quidquam
1461 3513 1554 3559 aut
1582 3505 1635 3559 in
1663 3505 1783 3560 “ﬁde
1833 3520 1898 3559 ac
1931 3521 2023 3560 ca-

440 3603 645 3657 tholica
694 3600 1035 3670 professione
1063 3598 1439 3668 depravatum,
1492 3608 1585 3651 aut
1625 3597 1883 3653 Ecclesiae
1926 3600 2021 3652 ad-

440 3690 832 3747 ministrationi
902 3705 967 3745 ac
1026 3689 1258 3745 decretis
1346 3688 1685 3743 contrarium
1751 3690 2016 3744 continet.

442 3781 548 3836 Sed
592 3779 739 3850 quod
790 3778 856 3832 ad
888 3779 1067 3833 locum
1120 3779 1271 3832 illum
1307 3778 1520 3845 attinet,
1563 3778 1707 3833 unde
1750 3794 1905 3834 suam
1952 3780 2020 3835 de

440 3871 710 3925 Paschate
754 3870 1083 3924 sententiam
1123 3868 1397 3923 aﬂirmare
1427 3875 1721 3933 conantur,
1764 3869 1908 3924 hunc
1942 3870 2017 3925 illi

442 3978 725 4033 perperam
753 3962 1181 4030 interpretantur
1206 3968 1261 4014 et
1306 3959 1372 4013 ad
1405 3960 1644 4014 alienum
1677 3975 1899 4015 sensum
1924 3976 2021 4029 per

442 4054 715 4109 inscitiam
748 4053 1062 4107 traducunt.
1088 4052 1297 4107 Etenim
1333 4052 1561 4121 apostoli
1592 4054 1648 4107 in
1688 4053 1779 4106 illa
1814 4054 2019 4109 consti-

440 4146 650 4200 tutione
693 4145 768 4198 ita
827 4144 1094 4199 deliniunt
1123 4164 1137 4199 :
1171 4144 1301 4211 Vos,
1370 4145 1646 4215 inquiunt,
1705 4153 2011 4214 temporum

510 4342 587 4414 (6)
621 4344 733 4414 Ἕν
767 4358 836 4414 τε
871 4342 1111 4414 χρόνοις
1160 4339 1873 4414 Ἀλεξάνδρουηρυωιιιιιη
1916 4340 2018 4396 sub

439 4411 750 4467 Alexandro
780 4412 1122 4466 Alexandriae
1149 4414 1408 4480 episcopo
1439 4412 1735 4465 Pascliales
1764 4416 1879 4465 istae
1903 4419 2013 4463 tur-

2121 3323 2258 3393 αὐτῇ
2301 3320 2560 3392 κανονικὴ
2588 3321 2739 3385 τάξις
2775 3322 3093 3393 ἐμφέρεται,
3131 3327 3225 3380 καὶ
3269 3329 3420 3383 οὐδὲν
3456 3343 3696 3404 παρακε-

2121 3413 2465 3485 χαραγμένον
2495 3413 2593 3483 τῆς
2637 3413 2892 3478 πίστεως,
2936 3414 3055 3467 οὐδὲ
3087 3417 3187 3487 τῆς
3238 3419 3695 3497 ὲκκλησιαστικῆς

2120 3505 2461 3576 διοικήσεως,
2494 3505 2587 3558 καὶ
2630 3506 2874 3571 κανόνος,
2903 3506 2997 3560 καὶ
3029 3508 3284 3574 πίστεως.
3313 3512 3385 3566 Τὸ
3411 3514 3467 3568 δὲ
3509 3517 3694 3588 ῥητὸν,

2120 3598 2214 3663 ἀφ’
2242 3591 2303 3650 οὗ
2344 3595 2711 3667 λαμϐάνοντες
2749 3598 2877 3668 περὶ
2903 3598 2997 3651 τοῦ
3039 3601 3229 3672 Πάσχα
3274 3605 3462 3669 κακῶς
3499 3625 3695 3682 παρερ-

2125 3685 2444 3755 μηνεύουσιν
2487 3687 2536 3739 οί
2570 3686 2978 3758 προειρημένοι,
3010 3690 3104 3743 καὶ
3138 3692 3458 3761 ἀγνοοῦντες
3496 3699 3694 3770 ἑτέρως

2120 3776 2609 3846 ὑπολαμϐάνουσιν.
2650 3778 2921 3851 Ὀρίζουσι
2948 3780 3055 3852 γὰρ
3086 3782 3143 3835 ἐν
3171 3786 3236 3855 τῇ
3280 3787 3416 3858 αὐτῇ
3457 3788 3694 3857 διατάξει

2119 3869 2169 3921 ot
2201 3868 2505 3935 ἀπόστολοι,
2535 3869 2618 3922 ὅτι
2646 3869 2836 3940 Ὑμεῖς
2867 3869 2942 3942 μὴ
2968 3870 3240 3944 ψηφίζητε
3263 3892 3276 3905 ·
3303 3876 3438 3930 ἀλλά
3467 3882 3691 3946 ποιεῖτε,

2118 3961 2248 4014 ὅταν
2276 3962 2326 4013 οἱ
2369 3959 2586 4029 ἀδελφοὶ
2624 3960 2779 4031 ὑμῶν
2807 3962 2857 4013 οἱ
2890 3964 2956 4015 ὲκ
2999 3966 3321 4035 περιτομῆς.
3352 3969 3483 4022 Μετ’
3515 3971 3695 4026 αὐτῶν

2120 4053 2235 4123 ἅμα
2263 4055 2485 4106 ποιεῖτε.
2516 4054 2623 4106 Kal.
2652 4054 2751 4106 οὐκ
2780 4047 2958 4120 εἶπαν,
2994 4055 3161 4109 Ὅταν
3185 4059 3235 4110 oi
3280 4059 3502 4130 ἀδελφοὶ
3541 4063 3693 4134 ὑμῶν

2123 4146 2169 4196 oi
2203 4144 2260 4196 ὲν
2300 4145 2592 4214 περιτομῇ,
2625 4142 2783 4208 ἀλλὰ,
2813 4144 2862 4196 οἱ
2893 4146 2957 4197 ὲκ
2986 4150 3307 4219 περιτομῆς,
3351 4150 3439 4206 ἵνα
3479 4153 3692 4218 δείξωσι

2125 4338 2433 4415 dubitatum
2474 4352 2505 4415 ξι
2545 4339 2846 4415 nonnullis,
2891 4339 3149 4415 praefatur
3176 4341 3539 4415 Epiphanius.
3574 4348 3691 4415 Quo

2125 4411 2317 4463 eodem
2347 4409 2566 4462 nomine
2595 4410 3063 4464 circumferuntur
3086 4409 3245 4467 bodié
3271 4409 3330 4467 in
3366 4424 3492 4470 octo
3523 4409 3690 4474 libros

441 4485 524 4538 ba:
547 4483 772 4543 fuerint.
798 4498 1067 4550 nusquam
1093 4498 1122 4535 a
1148 4458 1230 4535 ure
1259 4458 1481 4543 Iccium,
1506 4483 1589 4534 vel
1612 4481 1891 4548 auditum;
1919 4480 2012 4535 sed
2050 4458 2093 4511 θ
2117 4480 2416 4550 distinctae,
2439 4493 2560 4547 qua:
2590 4493 2618 4531 a
2650 4481 2925 4547 prioribus
2955 4481 3083 4544 illis,
3115 4498 3178 4535 ac
3207 4458 3683 4543 nihilominus-Id:-

441 4568 617 4623 neque
644 4554 769 4623 quis
798 4551 1170 4623 rCrescentius
1213 4552 1302 4605 ille
1358 4552 1540 4606 fuerit.
1585 4550 1846 4617 Quaerant
1889 4566 2008 4604 am-

480 4622 586 4677 lius
614 4622 831 4675 eruditi.

441 4640 586 4694 pnus
614 4640 831 4675 eruum.

460 4722 465 4727 -
511 4694 587 4762 (7)
622 4695 726 4756 Εὶς
746 4691 920 4744 τοῦτο
946 4689 1015 4762 δὲ
1044 4692 1098 4743 οἱ
1122 4690 1290 4743 αὐτοὶ
1320 4689 1624 4744 Αὺδιανοί.
1658 4688 2012 4744 Constitutio-

439 4780 529 4818 nes
550 4762 865 4831 apostolicus
890 4761 956 4814 ad
980 4762 1185 4815 erroris
1210 4762 1295 4815 sui
1321 4761 2012 4831 patrocinium_all‘erebant

437 4829 692 4887 Audiani.
734 4832 853 4897 Quo
877 4832 929 4883 in
966 4831 1103 4883 lihro
1137 4840 1401 4885 statutum
1428 4838 1569 4892 erat,
1596 4840 1654 4885 nt
1685 4829 1888 4883 Pascha
1919 4848 2012 4883 eo-

437 4904 560 4959 dem
586 4912 827 4971 tempore
844 4901 1237 4965 celebraretur,
1261 4918 1370 4970 quo
1388 4901 1519 4954 illud
1550 4901 1747 4955 fratres
1768 4901 2008 4963 obirent,

438 4978 531 5044 qui
551 4990 582 5028 e
608 4973 1030 5044 circumcisione
1058 4972 1111 5024 in
1134 4972 1411 5044 Christum
1440 4972 1812 5044 crediderant:
1836 4971 2009 5044 Cujus

436 5039 565 5097 dicti
602 5044 926 5096 sententiam
954 5039 1222 5107 ejusmodi
1247 5057 1370 5095 esse
1396 5042 1667 5103 volebant,
1697 5047 1756 5094 ut
1779 5039 2009 5095 Judaico

438 5116 567 5176 ritu,
603 5114 704 5166 hoc
736 5119 819 5166 est
852 5126 941 5163 xw
974 5111 1124 5169 luna,
1164 5111 1463 5166 Christiani
1500 5111 1709 5165 Pascha
1741 5109 2005 5164 facerent.

434 5184 638 5237 Contra
671 5197 810 5252 quos
850 5181 1187 5249 Epiphanius
1225 5182 1383 5234 aliter
1416 5183 1715 5252 decretum,
1737 5182 1960 5249 exponit
1992 5200 2003 5233 :

435 5250 704 5307 nimirum
726 5253 876 5322 pacis
903 5260 957 5304 et
990 5252 1297 5322 concordiae
1325 5252 1508 5305 studio
1540 5250 1906 5322 constitutum
1938 5253 2008 5304 ab

435 5320 743 5392 apostolis,‘
772 5330 831 5375 ut
882 5321 1127 5392 quandiu
1186 5324 1233 5374 οἱ
1287 5321 1649 5392 ὲμπερίτομοι
1692 5320 2005 5392 Christiani

434 5390 830 5463 Hierosolymis
869 5391 1228 5463 praasiderent
1259 5390 1445 5461 (quod
1468 5392 1536 5463 ad
1561 5390 1799 5463 ’Adriani
1830 5406 2007 5463 usque

435 5461 1134 5539 tempora‘perseveravit),
1167 5462 1235 5515 ab
1268 5463 1336 5517 iis
1375 5477 1443 5517 ne
1484 5461 1843 5539 dissentirent
1877 5461 2007 5515 reli~

474 5533 562 5596 ui;
595 5548 661 5586 ac
703 5532 788 5586 vel
822 5532 1140 5602 aberrantes
1192 5540 1554 5602 sequerentur
1580 5532 1790 5602 potius,
1838 5546 2003 5601 quam

480 5603 692 5656 cclesiaa
719 5600 1069 5671 concordiam
1110 5600 1405 5656 solverent.
1438 5600 1603 5657 Addit
1632 5611 1687 5657 et
1717 5601 1821 5655 alia
1854 5600 2005 5671 qua:-

435 5673 559 5725 dam
597 5686 664 5742 ex
709 5672 900 5726 eodem
930 5670 1396 5742 iConslituliouum
1445 5673 1633 5742 libro,
1675 5687 1797 5742 qua:
1841 5670 2005 5741 paulo

436 5748 560 5813 post
580 5740 898 5799 viderimus.
925 5741 1001 5797 De
1025 5743 1329 5810 apostolicis
1354 5745 1505 5800 hisce
1526 5740 2002 5798 Constitutio’nibus

2115 4549 2243 4613 biis,
2278 4564 2516 4619 quarum
2554 4550 2802 4603 meminit
2841 4550 3198 4619 Epiphanius,
3240 4554 3469 4609 diversae
3497 4560 3688 4613 viden-

2114 4628 2223 4672 tur.
2276 4619 2487 4671 Etenim
2532 4621 2775 4688 quinque
2813 4635 2875 4674 ex
2914 4622 3022 4675 illis
3062 4625 3350 4678 sententiae
3386 4625 3489 4680 hoc
3515 4637 3569 4681 et
3600 4645 3682 4684 se-

2112 4690 2300 4766 quenti
2345 4703 2575 4766 numero
2617 4691 2890 4743 citantur:
2923 4706 3045 4759 qua:
3064 4692 3122 4766 in
3154 4695 3387 4766 vulgatis
3420 4712 3689 4766 nusquam

2115 4760 2490 4830 reperiuntur;
2528 4760 2637 4830 imo
2665 4775 2796 4814 vero
2836 4763 3109 4830 contraria
3142 4760 3391 4830 quaedam
3425 4767 3479 4818 in
3513 4760 3580 4822 iis
3614 4772 3686 4823 le«

2111 4838 2335 4898 guntur.
2372 4827 2506 4881 Nam
2540 4829 2724 4900 lib.rv,
2758 4844 2878 4900 cap.
2918 4829 2983 4884 16
3011 4832 3078 4885 de
3127 4827 3413 4889 Paschatis
3463 4838 3688 4892 celebri-

2115 4900 2587 4976 tate_catholicu_m
2622 4899 3137 4976 dogma’propalam
3167 4903 3425 4976 edicitur,
3459 4910 3535 4960 uti
3565 4918 3686 4976 post

2110 4969 2499 5048 mqitiiioctitlm
2528 4970 2902 5048 instaureturt
2925 4971 3159 5048 Tu_m_ue
3179 4988 3303 5048 eum
3331 4974 3536 5048 Judzeis
3560 4969 3684 5048 aga-

2112 5038 2200 5092 tur
2226 5056 2243 5115 ξ
2274 5038 2517 5115 ρύδεμία
2551 5039 2659 5115 γὰρ
2687 5041 2942 5115 κοινωνία
2984 5038 3134 5115 ἡμῖν-
3156 5042 3251 5094 νῦν
3294 5044 3430 5115 πρὸς
3468 5038 3685 5109 αὐτούς·

2110 5109 2483 5186 πεπλάνηνται
2510 5109 2619 5178 γὰρ
2653 5109 2746 5186 καὶ
2775 5110 2946 5186 αὑτὴ-ν
2973 5113 3069 5181 τὴν
3107 5111 3307 5181 ψῆφον,
3338 5109 3404 5185 ἦν
3438 5117 3683 5186 νομίζου-

2112 5195 2195 5231 σιν
2217 5178 2508 5256 ὲπιτελεζν,
2543 5187 2597 5232 et
2628 5180 2735 5233 alia
2764 5178 3056 5256 quaedam}
3089 5178 3210 5249 quae
3230 5195 3333 5256 aut
3360 5178 3388 5236 Ξι
3418 5178 3685 5256 superiori

2110 5250 2399 5322 sanctione
2428 5248 2911 5322 discrepant,’aut
2948 5250 2996 5322 _si
3040 5248 3372 5322 in’antiquis
3408 5248 3513 5311 illis
3543 5256 3681 5311 Con-

2108 5317 2477 5395 stitutionibus
2508 5317 2849 5395 legebantur,
2887 5320 3085 5395 mirum
3118 5330 3201 5376 est
3246 5317 3349 5377 lioc
3393 5333 3501 5379 tam
3549 5343 3680 5395 prte-

2108 5389 2252 5444 senti
2297 5405 2361 5442 ac
2390 5389 2596 5443 diserto
2624 5390 2946 5443 testimonio
2991 5406 3150 5445 usum
3192 5407 3299 5447 non
3341 5410 3464 5450 esse
3496 5389 3685 5451 contra

2108 5460 2393 5513 Audianos
2420 5458 2791 5530 Epiphanium
2823 5479 2836 5514 :
2863 5461 2958 5530 qui
3002 5459 3316 5530 Judzeormn
3355 5481 3508 5521 more
3539 5471 3676 5520 t-ele-
3714 5512 3721 5519 .

2107 5530 2378 5584 brandum
2419 5527 2629 5585 Pascha
2664 5529 2858 5584 iisdem
2882 5527 2966 5586 Fex
3012 5529 3492 5590 Constitutionibus
3541 5537 3680 5589 atlir-

2106 5600 2349 5653 mabant.
2386 5600 2624 5669 Apparet
2647 5600 2814 5669 igitur
2837 5601 2985 5655 aliud
3018 5600 3191 5657 fuisse
3222 5606 3682 5659 constitutionmn

2105 5686 2300 5750 genus,
2349 5686 2511 5739 quam
2553 5670 2757 5742 quibus
2804 5670 2969 5729 hodie
3005 5669 3307 5728 Clementis
3345 5691 3545 5731 nomen
3597 5678 3681 5731 in-

2105 5747 2383 5796 scribitur.
