4138 6396
413 400 517 457 357

1122 392 1490 452 ADVERSUS
1529 391 1871 448 IIIERESES
1908 391 2040 448 LIB.
2086 391 2173 447 lli.
2218 389 2381 448 TOM.
2426 388 2469 447 l.
2508 419 2577 433 -—
2617 390 2894 447 "IERES.
2930 390 3094 448 LXX.
3579 389 3650 446 35

418 521 545 582 τοὺς
577 516 686 572 ἀπὸ
719 516 820 587 τῆς
850 517 1153 588 περιτομῆς
1186 516 1264 587 (8)
1289 517 1370 579 εἰς
1394 514 1495 585 τὴν
1533 514 1857 586 Ἐκκλησίαν
1889 530 2016 584 μετ-

2125 515 2359 567 rationes
2399 527 2466 566 ne
2506 510 2824 576 subducite;
2857 511 2953 565 sed
3000 527 3066 565 eo
3108 518 3351 579 tempore
3394 507 3685 573 celebrate,

420 608 670 672 ελθόντας
722 609 999 679 ἀρχηγοὺς
1050 602 1187 660 εῖναι
1238 608 1353 677 μετ’
1386 607 1592 658 ἐκεῖνον
1642 606 1732 658 τὸν
1776 604 1966 675 χρόνον
1990 620 2003 631 ·

423 697 523 748 καὶ
549 697 627 760 εἰς
665 694 727 747 τὸ
759 694 1158 766 συμπείθεσθαι
1182 698 1292 758 τοῖς
1321 695 1525 758 ἄλλοις.
1547 697 1626 758 εἰς
1655 695 1716 748 τὸ
1746 695 1820 766 μὴ
1850 694 2009 749 ἀλλον

423 788 598 839 ποιεῖν
636 784 830 850 ἀλλους
855 788 896 852 ³,
923 786 1019 839 καὶ
1057 785 1216 840 ἄλλον
1247 786 1453 842 ἄλλοτε.
1483 786 1653 839 Τοῦτο
1677 787 1785 857 γὰρ
1812 786 1873 840 τὸ
1903 788 2010 841 πᾶν

424 877 730 947 συνήγαγον
744 876 1051 948 φρόντισμα
1062 877 1150 931 διὰ
1170 879 1269 948 τὴν
1292 877 1485 930 ἕνωσιν
1501 878 1598 949 τὴν
1617 878 1764 949 μίαν,
1782 879 1868 932 ἴνα
1884 875 2008 953 μὴ

423 971 723 1042 σχίσματα,
758 969 891 1041 μηδέ
904 969 1219 1041 διαιρέσεις.
1242 962 1401 1023 Οὗτοι
1422 970 1497 1036 δὲ,
1520 970 1594 1039 μὴ
1614 971 1905 1040 νοήσαντες
1921 971 2011 1024 τὸν

424 1059 550 1113 νοῦν
573 1059 680 1113 τῶν
703 1058 1041 1122 ἀποστόλων,
1060 1060 1152 1113 καὶ
1180 1060 1274 1112 τοῦ
1308 1060 1467 1128 λόγου
1490 1059 1584 1113 τοῦ
1613 1060 2011 1131 ἐμφερομένου,

423 1149 517 1203 τοῦ
535 1152 593 1203 ἐν
609 1153 674 1220 τῇ
688 1149 951 1215 διατάξει,
970 1150 1247 1220 ἐνόμισαν,
1266 1151 1338 1220 μή
1364 1168 1465 1203 που
1482 1150 1592 1222 ἄρα
1611 1149 1748 1221 μετά
1761 1150 1869 1205 τῶν
1885 1151 2015 1204 Ἰου-

423 1241 590 1293 δαίων
604 1241 710 1312 χρὴ
732 1239 792 1292 τὸ
809 1241 1000 1310 Πάσχα
1017 1239 1304 1293 ἐπιτελεῖν·
1324 1240 1439 1311 ἆμα
1452 1240 1508 1293 δὲ
1521 1241 1613 1292 καὶ
1626 1241 2015 1294 πεντεκαίδεκα

425 1331 713 1382 ἐπίσκοποι
738 1330 1023 1398 γεγόνασιν
1039 1332 1102 1381 ἐκ
1122 1330 1440 1399 περιτομῆς,
1462 1330 1554 1381 καὶ
1581 1330 1749 1400 ἐχρῆν
1765 1331 1886 1383 τότε
1905 1331 2013 1384 τῶν

439 1422 754 1476 ἐπισκόπων
773 1424 836 1474 ἐκ
858 1422 1158 1493 περιτομῆς
1184 1420 1351 1473 ὄντων
1379 1423 1437 1473 ἐν
1470 1420 1823 1492 Ἰερουσαλὴμ
1844 1438 2017 1474 κατα-

429 1514 736 1568 σταθέντων
755 1513 848 1566 τὺν
865 1514 1042 1567 πάντα
1070 1515 1274 1583 κόσμον
1303 1511 1513 1576 τούτοις
1544 1512 1888 1574 συνέπεσθαι,
1912 1515 2007 1567 καὶ

431 1604 549 1675 μετ’
578 1603 758 1656 αὐτῶν
796 1602 1085 1665 ἐπιτελεῖν,
1104 1602 1190 1656 ἵνα
1222 1603 1319 1673 μία
1352 1619 1437 1664 τις
1453 1602 1677 1670 γένηται
1704 1604 2013 1672 συμφωνία,

429 1696 527 1751 καὶ
547 1696 644 1767 μία
658 1695 939 1767 ὁμολογία,
960 1695 1060 1765 μία
1075 1694 1236 1765 ἑορτὴ
1257 1692 1666 1764 ἐπιτελουμένη.
1687 1694 1777 1747 Διὸ
1794 1693 2015 1749 ἐκείνων

430 1796 466 1865 ή
493 1793 776 1864 ἐπιμέλεια
814 1792 906 1845 τὸν
935 1791 1059 1845 νοῦν
1089 1791 1198 1844 τῶν
1242 1789 1544 1862 ἀνθρώπων
1590 1791 1892 1859 συνάγουσα
1935 1792 2017 1854 είς

2111 620 2220 673 quo
2245 604 2443 658 fratres
2465 604 2654 667 vestri,
2686 603 2780 673 qui
2804 618 2869 657 ex
2897 600 3319 656 circumcisione
3344 599 3686 670 prodierunt.

2110 697 2247 750 Cum
2294 696 2360 750 iis
2404 697 2589 765 itaque
2636 693 2847 750 Pascha
2879 693 3142 763 peragite.
3176 692 3296 747 Non
3340 690 3688 762 praecipiunt,

2112 800 2222 853 quo
2274 795 2517 855 tempore
2552 786 2751 840 fratres
2794 784 2983 850 vestri,
3033 784 3124 852 qui
3171 784 3225 836 in
3272 781 3693 839 circumcisione

2113 886 2262 945 sunt,
2291 880 2385 934 sed
2412 879 2503 949 qui
2539 894 2609 933 ex
2631 877 3051 932 circumcisione
3099 876 3449 946 prodierunt,
3480 882 3538 927 ut
3571 874 3692 929 illos
3773 898 3786 911 ο

2113 971 2262 1039 ipsos
2287 971 2586 1033 declarent,
2630 971 2721 1039 qui
2769 971 2834 1023 ad
2863 970 3159 1024 Ecclesiam
3194 983 3224 1021 a
3273 966 3693 1023 circumcisione

2113 1064 2454 1126 transierint,
2504 1079 2569 1117 ex
2603 1078 2668 1117 eo
2695 1063 2952 1132 deinceps
2998 1070 3241 1132 tempore
3289 1061 3458 1115 duces
3495 1067 3549 1113 et
3592 1074 3694 1113 an-

2118 1162 2300 1206 ctorcs
2331 1152 2564 1217 futuros,
2598 1159 2764 1221 utque
2803 1152 2867 1204 ad
2904 1152 3134 1205 aliorum
3170 1150 3546 1203 auctoritatem
3591 1148 3681 1201 ad-

2111 1245 2408 1314 jungercnt
2436 1259 2576 1309 sese,
2606 1259 2674 1297 ne
2712 1242 2802 1296 alii
2837 1244 2942 1296 alio
2971 1250 3216 1311 tempore
3241 1241 3551 1296 obeundum
3584 1239 3688 1294 sibi

2118 1335 2327 1391 Pascha
2360 1335 2665 1390 crederent:
2700 1333 2855 1387 Hanc
2888 1335 3032 1388 enim
3058 1348 3270 1387 omnem
3318 1332 3394 1386 illi
3424 1345 3608 1385 curam
3632 1345 3697 1385 ac.

2117 1428 2452 1497 diligentiam
2478 1427 2812 1496 impendisse
2869 1427 3142 1486 videntur,
3169 1435 3434 1493 utpaccm
3471 1437 3533 1476 ac
3561 1437 3695 1475 con-

2116 1518 2359 1573 cordiam
2392 1519 2797 1588 astringerent;
2833 1533 2973 1571 neve
3000 1516 3248 1579 dissidia,
3287 1526 3449 1584 atque
3481 1514 3696 1583 Opinio-

2116 1629 2246 1667 num
2296 1611 2673 1667 dissensiones
2722 1613 3067 1667 exsisterent.
3115 1610 3348 1664 Audiani
3396 1625 3524 1665 vero
3568 1624 3695 1664 cum

2117 1704 2348 1774 apostoli
2402 1704 2549 1758 illius
2579 1703 2782 1758 decreti
2825 1718 3044 1758 sensum
3074 1702 3297 1755 minime
3333 1702 3694 1771 perciperent.

2118 1813 2182 1851 ex
2228 1811 2294 1851 eo
2343 1797 2424 1851 sic
2465 1794 2607 1865 apud
2649 1811 2710 1851 se
2755 1796 3067 1864 cogitarunt
3097 1812 3109 1848 :
3138 1792 3347 1849 Pascha
3375 1791 3687 1846 Iudaeorum

432 1886 626 1938 ἕνωσιν
662 1887 763 1954 τῆς
800 1882 1147 1954 Ἐκκλησίας,
1197 1881 1272 1952 μὴ
1311 1879 1600 1950 δυνηθεῖσα
1640 1880 1731 1935 τὸν
1762 1881 2014 1935 τοσοῦτον

2125 1903 2267 1943 more
2327 1888 2712 1942 celebrandum
2770 1887 2963 1941 videri.
3026 1885 3197 1940 Porro
3249 1893 3372 1955 post
3430 1885 3701 1939 constitu-

433 1977 623 2049 χρόνον
655 1974 1089 2044 ἐπιτελεσθῆναι,
1125 1973 1408 2044 εὐδοκήσει
1438 1972 1573 2026 Θεοῦ
1607 1974 1698 2051 ἐπὶ
1727 1974 2015 2030 Κωνσταν-

434 2070 580 2123 τίνου
610 2066 825 2136 ἐγένετο
864 2065 1117 2137 ὁμονοίας
1145 2065 1326 2118 ἕνεκα.
1369 2064 1527 2136 Παρά
1554 2067 1666 2128 τοῖς
1701 2066 2015 2131 ἀποστόλοις

434 2160 492 2214 δὲ
522 2159 584 2213 τὺ
624 2158 785 2230 ῥητὸν
826 2157 892 2210 δι’
918 2157 1172 2227 ὁμόνοιαν
1218 2155 1551 2227 ἐμφέρεται,
1599 2157 1675 2219 ὼς
1711 2158 2014 2230 ἐπιμαρτυ-

443 2251 599 2322 ροῦσι
651 2250 923 2319 λέγοντες,
957 2250 1070 2314 ὅτι,
1120 2248 1237 2302 Κάν
1268 2264 1329 2299 τε
1363 2247 1676 2317 πλανηϐὦσι
1719 2247 1832 2318 (9),
1883 2250 2017 2320 μηδέ

439 2346 568 2415 ὑμῖν
596 2342 825 2413 μελέτω.
856 2340 945 2407 Ἐξ
967 2340 1148 2395 αὐτῶν
1169 2339 1225 2391 δέ
1247 2338 1354 2392 τῶν
1375 2341 1554 2392 ἐκεῖσε
1577 2341 1880 2411 εἰρημένων
1904 2339 2016 2413 (10)

443 2435 621 2507 ῥητῶν
667 2436 700 2505 ἡ
750 2432 1023 2496 ἀντίθεσις
1074 2430 1390 2501 ὀφθήσεται.
1447 2432 1717 2485 Φάσκουσι
1757 2432 1884 2503 γὰρ⁸
1918 2432 2018 2504 τὴν

439 2529 748 2600 ἀγρυπνίαν
793 2528 979 2599 φέρειν
1041 2526 1174 2599 (il),
1226 2526 1568 2597 μεσαζόντων
1621 2524 1729 2578 τῶν
1774 2524 2021 2593 ἀζύμων.

514 2682 531 2712 ¹
562 2680 623 2734 F.
654 2680 862 2735 ἄλλοτε.

512 2796 591 2867 (8)
621 2797 747 2867 Ἵνα
779 2793 1021 2867 δείξωσι
1051 2790 1195 2855 τσὺς
1227 2786 1347 2843 ἀπὸ
1381 2785 1492 2854 τῆς
1506 2782 1858 2867 περιτομῆς.
1873 2785 2015 2867 ‘Fal-

444 2854 680 2922 suin'est
711 2854 1023 2918 decreirisse
1073 2854 1315 2931 unquam
1362 2857 1642 2931 apostolos
1683 2867 1741 2931 ut
1784 2854 2015 2931 Judaico

444 2940 554 2991 ritu
584 2934 796 2990 Pascha
828 2925 1216 2992 celebraretur,
1253 2940 1347 2981 aut
1376 2925 1500 2980 cum
1547 2926 1616 2980 iis
1646 2926 1813 2979 etiam
1856 2925 2015 2979 Chri-

446 3008 644 3063 stianis
697 3011 860 3073 atque
929 3002 1227 3072 episcOpis,
1268 2998 1361 3067 qui
1396 2995 1623 3073 Judaice
1671 3011 1737 3073 ac
1789 2995 2014 3073 minime

446 3077 693 3147 legitimo
729 3065 981 3147 tempore
1026 3065 1399 3147 iungerent-nr.
1429 3065 1561 3147 Quae
1603 3066 1870 3147 enimest
1900 3065 2013 3147 ista

451 3134 594 3200 ratio
632 3152 727 3198 aut
759 3134 890 3213 quid
922 3143 976 3195 in
1020 3134 1254 3213 utentem
1299 3136 1600 3213 Epiphanio
1644 3134 1823 3213 ivenit,
1857 3143 1921 3213 ut
1948 3135 2016 3190 ab

452 3216 722 3275 apostolis
776 3207 1140 3268 constitutum
1192 3207 1339 3262 istud
1391 3212 1659 3261 assereret
1710 3226 1722 3259 :
1769 3212 2022 3275 Oportere

450 3274 800 3341 Christianos
831 3296 1042 3345 omnes,
1079 3294 1143 3333 ac
1166 3277 1258 3332 τὸν
1288 3276 1465 3330 πάντα
1491 3274 1694 3345 κόσμον
1722 3274 1845 3345 cum
1872 3288 2028 3328 recu-

450 3356 572 3411 titis
595 3353 808 3409 Pascha
838 3344 1055 3406 facere?
1087 3348 1260 3403 bimis
1290 3346 1394 3399 hoc
1418 3345 1718 3399 absurdum
1749 3344 2028 3398 decretum

451 3425 668 3481 fuisset.
700 3422 820 3477 Non
857 3435 1120 3491 negamus
1154 3418 1364 3486 aliquot
1390 3416 1579 3470 saltem
1613 3414 1892 3491 apostolos
1920 3415 2028 3491 ini:

448 3496 527 3550 tio
570 3494 637 3548 ad
684 3483 996 3546 Judaaoru'm
1035 3505 1094 3545 se
1130 3483 1357 3555 tempus
1378 3484 1856 3555 accommodasse;
1882 3483 2029 3553 quod

449 3566 518 3620 de
573 3563 783 3619 Joanne
843 3561 1174 3630 Polycarpus
1222 3553 1277 3610 et
1333 3554 1643 3630 Polycrates
1688 3553 2031 3630 _Asiaticiq_ue

450 3649 641 3690 omnes
682 3640 873 3686 contra
920 3624 1202 3683 Romanos
1247 3624 1534 3696 pontifiCes
1583 3624 2030 3696 excipereAsole.

452 3705 606 3766 bant,
631 3710 689 3757 ut
714 3700 982 3757 Eusebius
1010 3699 1217 3768 aliique
1247 3691 1794 3768 'yeterestestantor.
1824 3691 2026 3748 Verum

453 3774 507 3827 id
543 3763 649 3826 ulla
677 3771 1075 3826 constitutione
1121 3763 1402 3821 definitum
1445 3764 1515 3817 ab
1555 3763 2031 3835 apostolisgnega-

453 3859 577 3897 mus
606 3843 853 3897 omnino.
896 3839 1039 3905 Quin
1091 3838 1275 3909 potius
1324 3835 1665 3909 contrarium
1716 3833 1785 3887 ab
1833 3833 2027 3909 iisdem

456 3913 567 3968 illis
626 3919 844 3966 constat
895 3904 1068 3965 fuisse
1092 3904 1402 3961 'traditum.
1455 3904 2030 3973 ΟυῙιιεηπαραδόσεως

457 3982 704 4037 meminit
731 3980 1002 4035 Eusebius
1032 3978 1126 4033 lib.
1160 3993 1191 4030 ν
1228 3976 1582 4042 llistm'..cap.
1617 3972 1710 4026 25.
1734 3972 1869 4026 Nam
1902 3989 2026 4027 cum

454 4052 684 4105 dixisset
710 4052 943 4105 Asianos
985 4051 1050 4101 ἐκ
1076 4046 1423 4118 παραδόσεως
1463 4042 1717 4118 ἀρχαίας,
1746 4046 2026 4118 strlutta,

453 4120 683 4175 Judairo
723 4136 892 4181 more,
929 4118 1137 4173 Pascha
1160 4112 1646 4186 'peregisse,o1:oiq
1674 4112 1717 4164 δ’
1741 4113 1806 4186 ἀν
1846 4114 2029 4184 ἡμέρᾳ

458 4193 554 4261 τῆς
587 4190 880 4260 ἑϐδομάδος
914 4183 1326 4261 περιτυγχᾲνοιζ
1359 4183 1541 4261 subdit
1567 4198 1713 4261 mor,
1742 4184 1798 4261 in
1820 4183 2031 4237 caeteris

455 4252 729 4333 οιὶίηίὺυέ
741 4277 834 4328 per
863 4252 1343 4333 orbean'cI-lesiis
1371 4253 1429 4316 ἐξ
1459 4252 1823 4333 ἀποιστολικῆῆς
1850 4270 2027 4323 παροι.⁴

455 4329 651 4393 δόσεως
680 4322 1012 4383 contrariam
1046 4328 1219 4382 fuisse
1250 4322 1729 4393 consuetudinem.
1770 4322 2028 4377 Socrates

455 4415 591 4453 vero
620 4391 715 4454 lib.
751 4417 803 4461 ν,
835 4414 956 4468 cap.
993 4397 1083 4457 2'2,
1121 4396 1342 4468 scribit,
1370 4391 1410 4444 Τ
1416 4392 1898 4468 essaresderatitas
1945 4393 2029 4468 ja-

458 4477 628 4530 ctare,
655 4485 714 4524 se
764 4460 1099 4523 celebritatis
1156 4480 1268 4520 sua:
1323 4461 1609 4530 formulam
1643 4475 1674 4514 a
1700 4460 1909 4518 Joanne
1943 4460 2026 4517 di-

457 4538 698 4604 dicisse;
751 4547 941 4592 contra
995 4535 1268 4590 Romanos
1322 4543 1375 4586 et
1429 4529 1801 4604 Occidentales
1840 4549 2030 4587 omnes

457 4623 613 4662 suam
653 4600 755 4663 sibi
786 4608 855 4660 ab
885 4607 1256 4677 apostolorum
1291 4600 1628 4677 principibus
1652 4603 2025 4677 traditan1__as-

459 4693 662 4732 serere.
740 4677 879 4730 Ἀλλ’
918 4669 1094 4738 οὐδεὶς
1128 4676 1251 4745 ,μὲν
1291 4669 1507 4745 ’τουτων
1576 4669 1851 4745 ἔγγραφον
1909 4672 2021 4745 ἐχει

459 4745 879 4818 παρασχεῖν-τὴν
892 4764 958 4798 πε
966 4746 1021 4816 pl.
1047 4739 1250 4818 τούτων
1268 4740 1558 4818 ἀπόδειξιν,
1582 4739 2023 4818 ριιειιιιςεςιιηιιόιη

458 4811 606 4871 Petri
648 4811 711 4871 ac
757 4811 913 4869 Pauli
958 4811 1305 4870 traditionem
1344 4812 1609 4867 Catholici
1648 4811 1703 4865 in
1736 4811 2021 4866 Britannia

460 4901 650 4940 contra
686 4890 885 4942 Scotos
924 4888 1212 4957 urgebant.
1243 4881 1379 4938 Vide
1410 4881 1609 4936 Bedam
1649 4881 1743 4936 lib.
1780 4898 1840 4935 ιιι
1877 4882 2022 4936 llist.

461 4958 618 5010 Anal.

531 4974 757 5098 ἱὲίίὌτι
792 5024 911 5098 κᾶν
952 5041 1039 5098 τεν
1064 5021 1437 5098 πλανηθῶςγιἶ
1486 5021 1544 5098 Si
1570 5021 1668 5098 _vel
1713 5020 2027 5098 aberrantes

461 5092 603 5161 illos,
621 5096 712 5165 qui
730 5094 953 5165 Judaice
965 5096 1333 5155 celebrabant,
1348 5093 1550 5165 imitari
1563 5092 1756 5165 jubent
1773 5094 2025 5165 apostoli,

461 5179 608 5220 recte
639 5161 695 5219 id
726 5165 796 5220 ab
821 5163 1085 5218 Audianis
1116 5165 1340 5217 allatum
1373 5170 1457 5217 est
1488 5161 1555 5215 ad
1594 5163 1681 5215 sui
1719 5176 1784 5215 ac
1812 5162 2027 5215 Judaici

460 5236 746 5291 Pnachatis
791 5233 1125 5304 prresidrum.
1174 5235 1242 5285 At
1288 5232 1630 5303 Epiphanius
1671 5231 1793 5284 κατ’
1823 5233 2028 5304 οίκονο-

464 5306 592 5374 μίαν
619 5313 673 5359 et
709 5304 775 5358 ad
792 5300 1025 5374 'tempus
1053 5300 1352 5357 duntaxat'
1372 5300 1688 5358 institutum
1725 5303 1826 5355 hoc
1854 5300 2029 5356 fuisse

460 5383 666 5430 censet.
1970 5398 1977 5401 '

532 5444 647 5515 (l0)
690 5442 785 5508 Ἐξ
817 5441 1016 5515 αὐτῶν
1042 5442 1111 5515 δὲ
1142 5440 1262 5515 τῶν
1285 5442 1481 5515 ἐκεῖσε
1500 5439 1856 5515 εἰρημένων.
1899 5440 2031 5506 Quae

462 5512 787 5583 sequuntur,
815 5514 1010 5567 mirum
1041 5513 1097 5565 in
1127 5513 1346 5566 modum
1383 5512 1659 5583 implicata
1688 5518 1889 5583 suntet
1934 5516 2032 5565 ob-

463 5582 645 5637 scura.
679 5582 1010 5653 Suspicabar
1039 5584 1304 5637 hactenus
1329 5583 1600 5653 ἀντίθεσιν
1626 5582 1793 5653 illam,
1831 5582 2028 5653 degna

465 5654 727 5723 loquitur,
786 5649 854 5707 de
882 5652 1151 5707 Audianis
1181 5651 1616 5723 intelligendam,
1651 5651 1852 5719 quibus
1891 5649 2032 5723 Con-

465 5721 803 5776 stitutionum
853 5723 1083 5777 istarum
1163 5721 1382 5776 decreta
1458 5722 1825 5790 refragantur.
1888 5721 2029 5785 Quid

463 5793 609 5845 enim
639 5792 785 5846 aliud
815 5791 1088 5862 facerem,
1146 5791 1202 5845 in
1246 5800 1354 5845 tam
1385 5793 1612 5862 abrupta
1642 5791 2030 5858 inconditaque

463 5863 770 5919 sententia?
810 5859 1012 5917 Verum
1062 5862 1320 5920 attentius
1354 5863 1406 5917 in
1448 5859 1572 5918 eum
1604 5862 1781 5917 locum
1814 5861 2041 5915 incutu-.

2129 1979 2330 2032 tionem
2374 1978 2519 2030 illam
2562 1977 2872 2047 quindecim
2919 1993 2949 2031 e
2994 1977 3411 2033 circumcisione
3455 1977 3698 2048 episeopi

2121 2069 2360 2130 fuerunt,
2404 2069 2569 2138 idque
2611 2068 3022 2139 Hierosolymis,
3051 2084 3285 2138 quorum
3323 2071 3697 2123 auctoritatem

2121 2160 2469 2215 Christianus
2517 2161 2696 2215 omnis
2735 2160 2885 2215 orbis
2936 2161 3111 2230 sequi,
3158 2169 3212 2216 et
3253 2176 3374 2216 cum
3411 2161 3518 2216 illis
3560 2161 3701 2216 cele—

2133 2253 2294 2307 brare
2334 2251 2542 2306 Pascha
2588 2253 2813 2307 debuit:
2840 2269 2946 2307 una
2996 2262 3053 2307 ut
3098 2253 3338 2308 omnium
3381 2253 3698 2314 concordia,

2124 2358 2231 2395 una
2282 2340 2569 2411 professio,
2619 2357 2724 2394 una
2782 2342 3111 2396 celebritatis
3159 2341 3423 2396 obeundre
3461 2343 3599 2396 ratio
3638 2356 3702 2394 ac

2128 2432 2467 2489 consuetudo
2508 2432 2837 2488 firmaretur.
2876 2432 3044 2504 Igitur
3081 2433 3149 2488 ad
3176 2434 3456 2488 hominum
3495 2444 3703 2488 mentes

2133 2525 2188 2580 in
2232 2539 2394 2577 unam
2430 2522 2686 2577 Ecclesia:
2728 2525 3066 2589 societatem,
3108 2539 3227 2594 quae
3252 2532 3403 2579 tanto
3443 2529 3703 2596 temporis

2120 2785 2277 2851 bcns,
2301 2801 2363 2839 ex
2395 2789 2864 2857 consequentibus
2891 2789 3086 2854 didici,
3115 2791 3280 2847 alium
3303 2808 3429 2849 esse
3456 2808 3701 2857 sensum,

2120 2857 2410 2928 quenLtihi
2441 2871 2630 2925 paucis
2658 2874 2949 2928 exponam.
2982 2863 3118 2916 Cum
3150 2862 3384 2918 Audiani
3411 2863 3480 2917 ad
3511 2863 3702 2917 Judai-

2118 2940 2236 2978 cam
2280 2924 2562 2980 Pasrliatis
2612 2924 3065 2984 consuetudinem
3114 2933 3469 2987 astruendam
3517 2933 3698 2988 locum

2118 2994 2407 3072 quemdam
2437 3011 2503 3072 ex
2532 2998 3341 3072 apostolicisconstitutionibus
3377 3004 3700 3072 proposuis-

2121 3066 2400 3141 sentuqui
2440 3065 2549 3141 hoc
2592 3067 2769 3136 ipsum
2821 3069 3045 3141 disertis
3084 3065 3702 3141 conceptisque'verbis

2126 3134 2776 3212 testiﬁttari_videretur_;
2850 3136 3188 3212 Epiphanius
3244 3134 3507 3212 adversus
3566 3143 3704 3212 legis

2123 3205 2287 3261 Verba
2341 3204 2473 3274 legis
2515 3208 2789 3279 sententia
2826 3204 3085 3279 pugnavit
3123 3217 3177 3264 et
3211 3211 3278 3263 ad
3317 3220 3530 3279 tempus
3568 3204 3705 3264 dtin-

2129 3281 2295 3350 taxat.
2315 3289 2378 3327 ac
2406 3275 2620 3350 tuenda:
2664 3275 2966 3350 concordia:
2997 3280 3193 3347 gratia,
3218 3281 3339 3332 κατ’
3369 3275 3703 3350 οἰκονομίαν,

2135 3343 2420 3418 decretum
2451 3344 2584 3398 illud
2621 3348 2901 3402 exstitisse
2926 3343 3132 3402 docuit.
3167 3350 3339 3418 Cujus
3369 3343 3706 3406 defensionis

2130 3413 2472 3467 illustrandae
2502 3430 2667 3471 causa
2713 3419 2940 3470 alteram
2992 3418 3180 3472 iisdem
3220 3413 3272 3472 in
3302 3418 3706 3474 Constitutioni-

2131 3481 2227 3535 bus
2273 3484 2589 3554 ἀντινομίαν
2635 3494 2689 3539 et
2731 3486 3041 3540 conflictum
3113 3490 3294 3543 inesse
3344 3489 3700 3553 demonstrat,

2130 3560 2401 3630 quatenus
2422 3554 2657 3609 diversae
2683 3559 2992 3611 sanctiones
3012 3558 3118 3630 sibi
3142 3559 3372 3614 invicem
3399 3575 3706 3630 repugnare

2130 3623 2404 3697 videntur,
2452 3640 2575 3678 cu-n
2625 3640 2813 3679 revera
2850 3641 2957 3679 non
2993 3626 3329 3697 discrepent,
3363 3631 3416 3691 si
3446 3623 3564 3683 non
3589 3636 3703 3683 tam

2129 3693 2320 3769 γεγρα,
2347 3709 2507 3769 quam
2535 3696 2865 3769 sententiam
2896 3706 3119 3769 _spectes
3147 3693 3440 3769 :'_Noi;p.art
3467 3699 3523 3751 δὲ
3554 3701 3703 3753 πᾶσα

2127 3764 2161 3833 ή
2191 3762 2440 3837 ἀλήθεια-
2468 3762 2595 3834 ἔστη
2637 3765 2730 3837 τοῦ
2768 3762 3143 3837 κηρργματος.
3179 3767 3268 3821 Sic
3293 3762 3447 3822 cnim
3482 3771 3592 3823 haec
3621 3771 3704 3822 in-

2131 3832 2476 3906 terpretanda
2527 3832 2858 3906 credimus."
2880 3832 2975 3890 Est
3024 3846 3204 3892 autem
3237 3840 3416 3906 legum
3450 3840 3540 3894 ille
3571 3856 3702 3893 con-

2129 3901 2604 3979 ﬂictuscjusntodi
2639 3921 2653 3957 :
2684 3903 2883 3979 Iubent
2936 3909 3165 3979 apostoli
3218 3901 3546 3979 ΑΖῇ-ιῐιυηιιιι
3582 3910 3707 3979 ipso

2129 3971 2219 4026 die
2265 3973 2476 4044 jejunia
2503 3983 2557 4026 et
2585 3976 2861 4044 pervigilia
2893 3991 2922 4029 a
2965 3971 3492 4032 Christianis'obiri.
3527 3971 3660 4033 lieni
3690 3999 3703 4033 :

2129 4057 2240 4111 quo
2275 4043 2348 4095 illi
2381 4052 2622 4111 tempore
2653 4043 2918 4098 conviviis
2955 4055 3009 4100 et
3054 4047 3424 4101 hilaritatibus
3486 4061 3704 4112 vacant,

2138 4113 2414 4187 luget-eae
2466 4113 2718 4187 jejunare
2748 4114 3205 4187 Christianos,et
3233 4125 3422 4170 contra
3469 4118 3706 4187 lugenti-

2130 4181 2380 4255 bus_i|lis
2421 4185 2645 4255 epulari
2675 4199 2737 4236 ac
2762 4186 2984 4255 lmtitiae
3034 4202 3089 4240 se
3118 4186 3333 4240 dedere.
3383 4188 3506 4240 Alia
3530 4181 3706 4255 'porro

2130 4251 2213 4324 lex
2230 4251 2528 4324 Dominicis
2546 4252 2738 4308 diebus
2752 4252 3006 4322 jejunare
3029 4256 3298 4324 prohibet.
3317 4251 3704 4324 Quamobrem,

2130 4322 2182 4396 si
2226 4323 2280 4374 in
2304 4321 2654 4396 _Do_n_tinicam
2691 4321 2896 4393 primus
2936 4321 3075 4393 apud
3124 4321 3707 4396 Jutdteos‘Azymorum

2129 4391 2267 4464 dies
2302 4391 2575 4464 inciderit,
2636 4391 2703 4447 ei
2746 4391 3035 4463 posteriori
3088 4396 3201 4464 lege
3245 4391 3495 4464 jejunare
3545 4398 3702 4452 nefas

2132 4460 2297 4535 fuerit
2330 4481 2341 4514 :
2379 4463 2525 4535 quod
2575 4460 2950 4535 prior—tamen
3009 4460 3329 4520 constitutio
3377 4468 3704 4535 praescribit.

2062 4564 2106 4617 υ
2131 4529 2297 4617 Xides
2330 4529 2677 4617 matrilesl'am
2712 4534 3038 4617 ἀντιλογίαν.
3081 4535 3357 4617 Ejusmodi
3377 4529 3478 4590 'est
3510 4536 3603 4589 illa
3639 4538 3708 4592 de

2131 4600 2399 4675 Paschate
2440 4599 2681 4675 Judaicei
2710 4599 3039 4675 celebrando
3071 4599 3303 4669 sanctio,
3338 4607 3392 4659 in
3429 4621 3554 4675 qua,
3581 4622 3708 4675 per-

2129 4670 2255 4724 inde
2286 4672 2420 4723 utin
2456 4675 2644 4734 altera,
2672 4673 2999 4740 legislatoris
3024 4684 3256 4729 mentem
3286 4691 3348 4730 ac
3381 4670 3707 4730 sententiam

2131 4741 2480 4815 considerare
2534 4741 2816 4797 debemus.
2869 4742 2941 4796 Ea
2988 4760 3116 4799 vero
3163 4746 3244 4799 sic
3295 4745 3708 4815 interpretanda

2130 4820 2215 4884 est
2242 4828 2256 4864 :
2286 4810 2512 4884 Quoties
2542 4820 2674 4884 ante
2720 4828 2945 4884 vernum
2994 4815 3380 4884 a-quinoctium
3415 4810 3710 4884 quartade-

2132 4882 2273 4953 cima
2298 4880 2707 4953 Jttdaicilesan
2741 4883 2931 4937 incidit
2969 4880 3131 4953 atque
3167 4885 3240 4937 illi
3279 4880 3487 4939 Pascha
3546 4901 3706 4940 suum

2133 4952 2438 5025 celebrant,
2490 4950 2784 5005 Christiani
2832 4950 3118 5025 Lsolemnia
3179 4955 3386 5023 jejunia
3450 4957 3703 5025 prosequi

2132 5019 2363 5093 debent.
2385 5022 2504 5083 Sin,
2542 5030 2601 5075 ut
2651 5037 2792 5090 saepe
2823 5021 2901 5087 lit,
2935 5032 3055 5092 post
3087 5019 3472 5093 tequinoctiun'i
3510 5019 3705 5078 festum

2137 5091 2289 5143 illum
2334 5092 2478 5144 diem
2521 5093 2741 5154 obeant,
2777 5091 2966 5146 eodem
3009 5094 3096 5146 die
3134 5091 3461 5149 Christianis
3502 5094 3708 5147 Pascha

2135 5175 2294 5214 suum
2340 5177 2509 5235 agere
2548 5175 2613 5214 ac
2661 5163 2827 5235 laetari
2863 5162 3006 5217 licet.
3049 5162 3124 5220 De
3154 5181 3264 5234 quo
3293 5166 3362 5219 ad
3392 5174 3706 5235 sequentem

2134 5245 2422 5284 numerum
2463 5232 2615 5299 plura
2644 5232 2909 5286 dicemus.
3170 5232 3186 5234 “
3468 5232 3487 5235 “
3751 5266 3756 5272 .

2206 5300 2317 5369 (ll)
2370 5300 2683 5373 Φάσθςουσι
2744 5301 2853 5371 γὰρ
2910 5301 3027 5368 τὴν
3085 5303 3424 5372 ἀγρυπνίαν
3484 5304 3707 5373 φέρειν.

2148 5371 2499 5442 Ἀγρυπνίας-
2520 5371 2848 5442 interpretor
2876 5373 3104 5442 ivigilias
3136 5371 3191 5428 ct
3221 5371 3497 5442 stationes,
3525 5388 3644 5442 qua:
3678 5387 3708 5423 a

2132 5440 2337 5513 jejunis
2363 5440 2807 5513 obirisolebant,
2837 5441 2923 5513 Ade
2952 5440 3165 5513 quibus
3205 5444 3354 5498 alibi.
3390 5441 3509 5498 Jam
3540 5440 3711 5513 μεσα-

2137 5509 2339 5576 ζόντων
2366 5510 2474 5563 τῶν
2513 5509 2930 5582 agamagam
2959 5509 3104 5582 aliud
3141 5524 3244 5578 est,
3273 5529 3435 5580 quam
3473 5509 3594 5581 ipso
3619 5510 3710 5582 die

2136 5579 2659 5652 Azymorum.sive,'
2678 5589 2739 5636 ut
2763 5579 2974 5652 H_ebraei
2998 5581 3209 5652 dicunt,
3246 5579 3373 5643 Cl‘m
3410 5579 3708 5652 UmaS‘ic

2137 5650 2283 5722 enim
2317 5664 2586 5722 usurpare
2608 5653 2756 5722 solet
2787 5650 3146 5722 Epiphanius.
3180 5651 3257 5707 Ita
3286 5670 3438 5709 num.
3468 5650 3709 5722 xu,‘Mé-

2140 5737 2231 5773 σον
2260 5721 2453 5792 ἀγεται
2477 5721 2536 5773 τὸ
2568 5720 2734 5790 θῦμα,
2760 5720 2850 5786 et;
2867 5721 3222 5792 Μεσαζούσης
3249 5722 3357 5776 τῶν
3375 5722 3468 5776 δύο
3493 5720 3708 5792 δρόμων

2138 5791 2330 5854 νυκτός
2355 5808 2414 5844 τε
2446 5792 2538 5862 καὶ
2559 5792 2803 5862 ἡμέρας,
2851 5800 2911 5844 ut
2950 5808 3050 5847 suo
3088 5791 3207 5846 loco
3234 5792 3499 5848 dicemus.
3528 5791 3705 5862 Chro-

2140 5861 2322 5933 nologi
2357 5861 2531 5918 nostri
2556 5861 2825 5919 labentem
2859 5863 3023 5933 diem,
3057 5873 3149 5918 aut
3179 5879 3382 5919 annum
3412 5861 3708 5934 appellant.
