4138 6396
363 491 382 507 ⁸
451 510 595 556 trum
620 503 838 557 illorum
863 519 996 558 cura
1044 504 1454 574 diligentiaque,
1479 519 1588 557 non
1612 504 1731 559 sine
1759 503 1853 558 Dei
1878 513 2038 569 nutu,

453 313 564 370 359
1886 317 1943 370 S.
1988 316 2327 374 EPIPHANI!
3619 324 3727 382 560

453 411 631 480 spatio
668 410 910 465 nondum
944 410 1179 467 obtineri
1206 418 1478 482 potuerat.
1513 412 1908 476 conciliandas,
1943 412 2014 466 Pa

2147 416 2220 466 Ού
2251 415 2473 469 δύναται
2503 415 2559 468 δὲ
2598 415 2754 468 τοῦτο
2804 414 3036 470 πάντοτε
3068 416 3319 486 γενέσθαι
3366 418 3424 469 ὲν
3459 417 3526 488 τῇ
3561 417 3728 490 ψήφῳ

2145 509 2213 577 τῇ
2243 509 2695 579 ἐκκλησιαστικῇ.

449 595 796 650 Constantini
841 597 1178 666 temporibus
1223 597 1491 651 incubuit.
1544 597 1602 651 In
1651 597 2021 667 apostolorum
2065 614 2196 654 vero
2237 601 2742 657 Constitutionibus
2801 599 2870 655 ad
2919 601 3270 654 concordiam
3341 599 3567 672 perinde
3621 599 3722 656 (ιε’

447 696 659 742 cretum
733 689 863 742 illud
923 690 1177 760 pertinet.
1236 688 1293 743 Id
1350 689 1496 757 quod
1547 689 1623 742 illi
1680 690 1784 758 ipsi
1841 697 2114 744 testantur
2164 693 2329 763 823
2374 693 2462 748 his
2493 693 2696 754 verbis,
2749 692 3012 758 Quamvis
3058 693 3312 747 aberrent
3385 692 3528 762 ipsi,
3582 690 3720 746 nihil

450 779 506 836 id
536 799 634 838 vos
663 795 1022 838 commoveat.
1055 783 1324 838 Caeterum
1352 799 1420 839 ex
1469 784 1537 838 iis
1579 799 1701 853 quae
1748 784 1938 839 eodem
1989 785 2042 839 in
2107 787 2248 842 libro
2294 789 2500 858 scripta
2541 796 2693 851 sunt,
2743 785 2977 840 Audiani
3029 786 3287 840 facillime
3338 784 3716 839 confutantur.

355 870 362 876 ’
451 874 650 933 Jubent
678 879 820 932 enim
850 878 1039 933 eodem
1073 879 1129 932 in
1168 879 1290 934 loco
1331 879 1511 933 medio
1541 894 1857 950 azymorum
1888 886 2134 950 tempore
2163 883 2507 954 pervigilium
2565 882 2739 936 obire.
2799 879 2914 934 Hoc
2981 887 3163 935 autem
3221 879 3278 934 in
3345 878 3720 934 ecclesiastica

451 977 755 1039 temporum
801 972 1187 1040 supputatione
1223 971 1339 1025 fieri
1385 980 1650 1042 perpetuo
1687 987 1798 1026 non
1835 981 2034 1043 potest.

523 1062 611 1117 XI.
662 1063 789 1117 Tria
838 1073 964 1119 sunt
1004 1067 1148 1120 enim
1193 1067 1468 1137 praecipue
1511 1067 1711 1137 quibus
1750 1067 2038 1124 Paschatis

2207 1063 2312 1115 IA'.
2360 1061 2454 1112 Ἐκ
2490 1060 2657 1129 τριῶν
2700 1057 2810 1129 γὰρ
2841 1058 3166 1127 συνέστηκεν
3199 1057 3311 1128 (12)
3341 1058 3369 1109 ὁ
3399 1060 3492 1113 τοῦ
3527 1063 3718 1132 Πάσχα

449 1155 738 1208 celebritas
771 1155 1022 1224 alligatur
1054 1173 1068 1210 :
1104 1157 1238 1212 solis
1272 1158 1326 1212 in
1351 1158 1542 1228 primis
1576 1171 1796 1223 cursus,
1820 1165 2020 1228 proptel

2138 1153 2455 1222 σύνδεσμος,
2495 1149 2560 1204 εκ
2593 1167 2652 1202 τε
2696 1149 2791 1202 τοῦ
2833 1147 3058 1218 ἡλιακοῦ
3091 1148 3291 1220 δρόμου
3320 1149 3419 1202 ’διὰ
3465 1152 3562 1222 τὴν
3605 1155 3717 1206 Κυ-

454 1243 788 1298 Dominicam
848 1261 912 1300 ac
958 1261 1232 1313 mensem;
1263 1256 1376 1302 tum
1411 1249 1552 1302 lunae
1581 1248 1768 1303 itidem
1814 1263 2033 1312 cursus,

452 1336 616 1406 idque
642 1345 866 1406 pr0pter
891 1339 1083 1408 legem,
1121 1356 1242 1412 qua:
1279 1339 1490 1394 decima
1525 1347 1720 1409 quarta
1751 1339 1879 1393 luna
1930 1339 2035 1392 im-

449 1427 642 1481 molari
698 1426 907 1483 Pascha
973 1431 1242 1500 praecipit.
1295 1429 1481 1500 Itaque
1528 1446 1706 1500 neque
1765 1430 2033 1486 celebrari

450 1524 608 1572 antea
652 1528 847 1586 potest,
901 1535 1065 1588 quam
1118 1521 1504 1590 aequinoctium
1551 1520 1860 1575 confectum
1922 1520 2030 1584 sit,

448 1607 593 1676 quod
630 1606 803 1662 Judaei
839 1625 1179 1680 nequaquam
1208 1611 1535 1676 observant;
1577 1627 1678 1666 nec
1720 1620 2029 1665 accuratam

2139 1243 2330 1314 ριακὴν
2373 1241 2467 1295 καὶ
2501 1240 2591 1294 τὸν
2635 1240 2798 1310 μῆνα,
2839 1239 2902 1291 ἔκ
2932 1255 2990 1291 τε
3018 1237 3111 1291 τοῦ
3151 1239 3468 1310 σεληνιακοῦ
3515 1242 3712 1314 δρόμου

2135 1335 2224 1388 διὰ
2269 1336 2328 1388 τὸ
2359 1332 2500 1388 κατὰ
2529 1333 2620 1386 τὸν
2653 1332 2839 1401 νόμον,
2867 1332 3014 1393 ὅπως
3058 1332 3116 1384 ὲν
3152 1333 3218 1401 τῇ
3263 1335 3715 1404 τεσσαρεσκαιδε-

2134 1428 2276 1497 κάτῃ
2299 1427 2398 1496 τῆς
2429 1425 2655 1516 σελῆνης
2680 1424 2814 1492 τυθῇ
2846 1423 2907 1476 τὸ
2945 1423 3155 1493 Πάσχα,
3186 1423 3263 1486 ὡς
3293 1419 3446 1476 εἶπεν
3475 1427 3503 1478 ό
3528 1427 3709 1496 νόμος.

2136 1521 2274 1573 Οὔτε
2296 1514 2387 1572 οὖν
2421 1514 2645 1571 δύναται
2678 1516 2929 1587 ἀχθῆναι,
2958 1516 3052 1569 ἐὰν
3079 1516 3155 1586 μὴ
3190 1516 3399 1588 ὑπερϐῇ
3432 1519 3710 1588 ἰσημερίαι,

2131 1611 2269 1680 ὅπερ
2297 1606 2446 1679 παρὰ
2484 1608 2596 1669 τοῖς
2629 1605 2901 1669 Ἰουδαίοις
2941 1605 3001 1658 ού
3033 1606 3365 1673 φυλάσσεται
3413 1607 3546 1676 (15),
3589 1609 3712 1662 οὐδὲ

452 1695 559 1753 hoc
604 1698 658 1752 in
695 1700 916 1769 negotio
950 1701 1217 1755 rationem
1263 1701 1404 1756 inire
1439 1701 1682 1764 student,
1708 1700 1853 1771 apud
1889 1715 2020 1771 quos

2131 1699 2336 1772 ἀκριϐῆ
2391 1699 2606 1752 θέλουσι
2658 1697 2911 1767 τοιαύτην
2966 1697 3234 1750 ἐπιτελεῖν
3284 1700 3708 1769 πραγματείανο

449 1785 746 1856 depravata
792 1803 855 1842 ac
889 1790 1201 1858 perturbata
1251 1799 1379 1844 sunt
1421 1791 1626 1845 omnia.
1657 1789 1860 1845 Verum
1907 1791 2031 1846 licet

450 1887 616 1933 tanta:
645 1881 966 1948 quaestionis
997 1888 1107 1934 tam
1140 1882 1212 1935 sit
1241 1891 1432 1937 exacta
1461 1883 1690 1947 decisio,
1714 1899 1823 1937 non
1849 1891 2030 1938 tamen

448 1969 521 2026 ob
568 1969 839 2040 ejusmodi
875 1973 1230 2040 quaastionein
1269 1981 1692 2042 accuratamque
1735 1973 2026 2038 rationem,

448 2061 545 2116 sed
581 2061 652 2115 ob
683 2075 846 2114 unam
874 2060 1227 2115 concordiam
1254 2061 1367 2115 haec
1398 2063 1467 2117 ab
1497 2063 1757 2132 apostolis
1786 2078 2028 2133 pronun-

446 2152 581 2208 tiata
606 2160 752 2207 sunt.
784 2152 940 2218 Quod
975 2153 1020 2208 si
1057 2153 1136 2208 vel
1163 2167 1286 2206 cum
1312 2152 1516 2206 Christi
1551 2155 1824 2218 hostibus,
1858 2161 1917 2208 ut
1941 2153 2022 2208 illi

446 2251 662 2312 putant,
697 2244 930 2313 apostoli
965 2244 1351 2298 celebrandum
1399 2259 1522 2299 esse
1550 2241 1762 2299 Pascha
1804 2259 2028 2300 censue-

447 2344 596 2400 runt,
635 2343 841 2406 quanto
893 2336 1066 2405 magis
1113 2335 1183 2389 ad
1227 2336 1470 2390 eamdem
1516 2336 1852 2390 retinendam
1889 2351 2026 2390 con-

449 2429 763 2484 sensioncm
789 2443 912 2481 cum
963 2426 1207 2481 Ecclesia
1233 2427 1511 2482 celebrare
1550 2427 1827 2492 convenit,
1861 2443 1929 2482 ne
1958 2427 2023 2481 il-

447 2517 557 2572 lius
586 2516 878 2571 concordia
911 2515 1212 2570 laceretur!
1250 2516 1484 2583 Quinam
1515 2516 1682 2587 igitur
1712 2515 1856 2572 istud
1884 2516 2020 2572 ellici

444 2607 665 2678 potest?
694 2607 786 2661 Sic
824 2607 968 2660 enim
1001 2607 1160 2660 iidem
1215 2608 1449 2676 apostoli
1480 2608 1803 2678 praecipiunt
1831 2627 1844 2662 :
1883 2606 2020 2661 Dum

443 2707 734 2769 epuantur
764 2697 861 2762 illi,
899 2711 996 2752 vos
1040 2697 1353 2766 jejunantes
1381 2713 1481 2767 pro
1522 2700 1630 2754 illis
1658 2700 1856 2770 lugete,
1889 2714 2024 2769 quo-

443 2790 590 2842 niam
622 2785 761 2841 festo
787 2787 878 2840 illo
900 2785 988 2841 die
1008 2785 1288 2840 Christum
1324 2787 1376 2840 in
1403 2803 1624 2842 crucem
1655 2789 2020 2843 sustulerunt.

442 2879 690 2950 Cumque
726 2879 803 2932 illi
848 2879 1095 2950 lugentes
1130 2879 1336 2949 azymis
1363 2886 1417 2934 et
1450 2880 1682 2936 lactucis
1712 2881 2023 2952 agrestibus

517 3032 535 3064 '
563 3031 730 3088 Deest
754 3031 982 3102 aliquid.

2134 1791 2348 1845 διέπεσε
2380 1789 2490 1860 γὰρ
2526 1789 2655 1859 παρ’
2683 1788 2895 1851 αὐτοῖς,
2942 1787 3037 1839 καὶ
3073 1788 3348 1858 ὴπάτηται
3394 1790 3460 1842 τὰ
3510 1790 3706 1845 πάντα.

2136 1882 2283 1952 Πλὴν
2324 1883 2373 1934 ει
2402 1881 2497 1934 καὶ
2525 1877 2791 1948 τοσαύτης
2825 1878 3103 1948 ζητήσεως
3141 1879 3376 1949 ὑπάρχει
3407 1881 3440 1950 ἡ
3485 1880 3708 1952 τοιαύτη

2134 1973 2408 2045 ἀκρίϐεια,
2439 1972 2502 2025 ού
2543 1969 2631 2024 διὰ
2659 1970 2756 2042 τὴν
2790 1970 3016 2042 ζήτησιν
3047 1969 3248 2040 ταύτην
3287 1972 3382 2024 καὶ
3423 1972 3524 2042 τὴν
3554 1973 3712 2044 ἀκρι-

2133 2064 2285 2118 σειαν
2337 2065 2450 2125 τοῖς
2498 2059 2815 2123 ἀποστόλοις
2860 2059 3106 2131 εἴρηται,
3149 2059 3289 2113 ἀλλὰ
3337 2060 3402 2112 δι’
3435 2061 3705 2131 ὁμόνοιαν.

2131 2155 2244 2208 Καὶ
2273 2152 2412 2225 μετὰ
2439 2152 2548 2206 τῶν
2575 2151 2932 2224 ὲχθρῶν¹(14)
2963 2151 3057 2204 τοῦ
3093 2151 3330 2223 Χριστοῦ
3362 2153 3628 2206 ἐπιτελεῖν
3657 2154 3708 2208 oi

2129 2243 2419 2298 ἀπόστολοι
2476 2241 2840 2314 προσέταξαν,
2891 2242 2966 2306 ὡς
3025 2235 3169 2296 οὗτοι
3241 2243 3703 2314 διισχυρίξονται,

2129 2337 2281 2408 πόσῳ
2323 2353 2388 2406 γε
2441 2334 2638 2406 μᾶλλον
2669 2333 2734 2387 δι’
2763 2333 3013 2404 ὁμόνοιαν
3061 2335 3198 2404 μετὰ
3231 2337 3330 2406 τῆς
3376 2336 3702 2407 Ἐκκλησίας

2129 2425 2234 2497 χρὴ
2270 2422 2556 2486 ἐπιτελεῖν,
2597 2421 2685 2474 ἴνα
2715 2421 2789 2493 μὴ
2817 2423 2916 2492 τὴν
2949 2423 3200 2492 ὁμόνοιαν
3243 2424 3571 2496 χαράξωμεν
3606 2426 3706 2494 τῆς

2139 2515 2499 2587 Ἐκκλησίαςί
2538 2513 2660 2578 Πῶς
2688 2510 2781 2568 οὖν
2821 2513 3043 2567 δύναται
3076 2513 3345 2567 τελεῖσθαι
3379 2515 3569 2580 τοῦτο;
3603 2517 3705 2569 Λέ-

2127 2624 2281 2676 γουσι
2333 2606 2441 2678 γὰρ
2489 2608 2537 2659 οἱ
2585 2607 2738 2659 αὐτοὶ
2785 2604 3103 2669 ἀπόστολοι,
3154 2606 3459 2668 ὂτι,“οταν
3509 2607 3704 2660 ἐκεῖνοι

2128 2695 2460 2766 εὐωχῶνται,
2492 2696 2648 2764 ὑμεῖς
2677 2693 3031 2765 νηστεύοντες
3059 2694 3198 2766 ὑπὲρ
3227 2696 3406 2748 αὐτῶν
3434 2696 3702 2759 πενθείτε,

2128 2787 2204 2839 ὅτι
2237 2789 2294 2838 ἐν
2320 2790 2386 2858 τῇ
2409 2786 2594 2857 ἡμέρᾳ
2615 2786 2713 2856 τῆς
2737 2786 2929 2858 ἑορτῆς
2952 2786 3042 2839 τὸν
3069 2787 3305 2858 Χριστὸν
3329 2788 3702 2858 ἐσταύρωσαν.

2129 2879 2239 2932 Καὶ
2270 2880 2398 2932 ὅταν
2435 2880 2588 2932 αὐτοὶ
2641 2878 2879 2932 πενθῶσι
2918 2879 3030 2950 (15)
3080 2879 3150 2932 τὰ
3202 2879 3387 2951 ἄζυμα
3435 2881 3704 2945 ἐσθίοντες

513 3187 626 3259 (12)
652 3188 772 3261 ,Ἐκ
803 3185 982 3254 τριῶν
1003 3184 1539 3261 γὰρ’-συνέστηκεν.
1565 3182 1730 3252 Atqui
1762 3180 1872 3261 duo
1895 3190 2018 3261 tan-

2129 3183 2488 3254 Epiphanius,
2524 3194 2598 3261 ut
2619 3193 2808 3256 postea
2845 3188 3174 3261 videbimus.
3199 3190 3270 3243 At
3301 3189 3446 3244 enim
3480 3191 3704 3261 Azymis

443 3253 557 3313 tum
608 3253 700 3312 hic
742 3253 930 3328 aperte
972 3253 1043 3328 _ac
1078 3253 1840 3328 distincte_connnetnorat:
1883 3253 2018 3328 solis

440 3343 690 3390 cursum,
725 3323 945 3397 propter
971 3325 1312 3397 Dominicum
1339 3324 1521 3397 diem;
1565 3333 1618 3397 e_t
1666 3323 1914 3397 lunarem
1949 3323 2022 3377 ob

445 3413 537 3454 ιιν
570 3392 774 3450 lunam.
803 3392 933 3462 Quae
955 3405 1008 3449 et
1034 3395 1359 3448 Ambrosius
1393 3392 1637 3461 Epistota
1664 3392 1732 3445 ad
1753 3393 2023 3462 episcopos

441 3467 685 3524 A‘Jmilia:
713 3468 1024 3536 complexus
1052 3473 1136 3536 est
1161 3463 1321 3536 :ADuo
1349 3474 1490 3527 sunt,
1523 3465 1719 3536 inquit,
1748 3463 2028 3536 observan-

440 3539 513 3591 da
567 3539 619 3591 in
653 3532 984 3590 solemnitate
1037 3533 1258 3588 Pascha:
1285 3549 1303 3586 :
1337 3533 1738 3602 quartadecima
1792 3532 1922 3586 luna
1967 3541 2018 3586 et

478 3608 642 3660 rimus
672 3608 883 3676 mensis,
921 3605 1011 3676 qui
1036 3603 1233 3657 dicitur
1257 3601 1551 3676 Novarum.
1584 3601 1783 3656 Verum
1814 3606 1887 3676 _in
1923 3617 2014 3676 so-

478 3624 642 3660 mnus
672 3623 883 3670 mensis,
921 3623 1011 3676 qut
1036 3623 1233 3657 atcuur
1257 3623 1551 3656 novorum.
1592 3623 1783 3656 verum
1829 3623 1887 3658 ιιι
1923 3623 2014 3658 80-

439 3623 544 3732 fari
596 3691 762 3730 cursu
807 3675 916 3730 duo
965 3677 1352 3738 continentur;
1406 3673 1616 3740 primus
1655 3674 1882 3736 mensis,
1903 3675 2018 3728 sive

441 3747 856 3828 aequinoctium,
897 3744 1140 3828 et‘l‘eria.
1174 3744 1363 3828 Quare,
1386 3743 1513 3828 tria
1534 3745 1652 3828 haec
1670 3743 2018 3828 celebritatis

441 3813 590 3871 illius
618 3818 760 3870 velut
787 3814 1019 3884 οὺσιώδη
1050 3813 1316 3884 discernit
1345 3813 1691 3884 explicatque
1715 3813 1904 3868 haeresi
1926 3813 2018 3877 50,

441 3900 598 3941 num.
626 3887 682 3952 5,
708 3882 1233 3954 quartamdecimam
1265 3883 1410 3936 luna:
1433 3882 1602 3947 diem,
1633 3884 2024 3952 aequinoctium

438 3971 668 4012 vernum
702 3967 757 4010 et
787 3955 1143 4009 Dominicam.

513 4027 625 4096 (15')
660 4027 832 4094 Ὅπερ
859 4024 1011 4092 παρὰ
1029 4022 1151 4096 τοὶς
1178 4020 1492 4096 -Ἰοιιδαίοις
1520 4021 1592 4075 οὐ
1615 4022 2020 4096 φυλάσσεται.

441 4091 533 4149 De'
557 4091 667 4165 quo
720 4091 1030 4164 frequentes
1075 4093 1479 4165 Catholicorum
1530 4093 1730 4165 partim
1775 4099 2014 4164 querelae

440 4162 704 4220 adversus
733 4162 1076 4220 Christianos
1125 4162 1506 4232 judaizantes;
1532 4163 1752 4232 Apartim
1794 4162 1849 4218 in
1891 4167 2016 4222 illos

440 4235 591 4304 ipsos
639 4235 853 4290 ludaaos
910 4229 1293 4304 insulati'ones.
1335 4229 1471 4287 Vide
1515 4229 1868 4304 Constantini
1899 4240 2016 4290 Au-

472 4300 585 4390 ;usti
610 4305 950 4374 Rescriptutn
974 4305 1040 4358 ad
1062 4303 1415 4390 Christianos
1439 4317 1506 4356 ex
1529 4300 1753 4390 Nicaeus
1766 4306 2010 4390 synodo:

437 4320 482 4429 Ε

488 4386 668 4430 xstant
689 4387 743 4431 et
766 4373 974 4430 veteres
1004 4389 1266 4433 canones,
1290 4373 1490 4441 quibus
1515 4373 1837 4426 nominatim
1864 4377 2012 4431 istud

2129 3264 2336 3322 septem
2373 3264 2516 3310 totos
2548 3257 2667 3310 dies
2707 3259 3099 3327 vescebantur,
3130 3259 3348 3314 Denter.
3381 3275 3480 3321 xit,
3515 3257 3600 3316 19.
3625 3260 3701 3315 Ea

2127 3339 2257 3379 vero
2288 3339 2577 3380 maerorem
2606 3341 2673 3400 _ac
2723 3329 3002 3400 tristitiam
3035 3330 3368 3400 signiﬁcant.
3408 3329 3700 3385 Nihilomi-

2127 3406 2556 3467 nustanienxw
2587 3397 2729 3460 diem
2761 3397 2829 3450 ad
2859 3397 3163 3467 vesperam,
3198 3408 3292 3453 aut
3321 3401 3595 3455 ineuntem
3633 3417 3702 3455 xv

2129 3466 2259 3519 huic
2285 3466 2491 3540 doloris
2520 3468 2905 3540 significationi
2938 3466 3126 3524 eximit
3155 3471 3495 3540 Epiphanius
3529 3489 3543 3525 :
3578 3471 3700 3524 reli-

2123 3551 2293 3606 quum
2351 3537 2494 3597 diei,
2537 3539 2793 3610 adeoque
2833 3548 3063 3594 caeteros
3119 3537 3332 3603 omnes,
3385 3556 3699 3610 azymorum

2127 3623 2228 3660 usu
2252 3615 2606 3662 consecratos
2643 3609 3013 3665 hilaritatibus
3037 3619 3089 3664 et
3123 3611 3394 3666 conviviis
3424 3609 3696 3665 attribuit.

2123 3677 2294 3746 Cujus
2319 3691 2380 3750 ea
2401 3692 2567 3730 causa
2601 3677 2753 3750 reddi
2779 3688 2976 3748 potest,
3013 3680 3161 3749 quod
3198 3682 3417 3749 epulum
3445 3683 3699 3750 paschale

2124 3763 2246 3821 cum
2278 3747 2489 3817 reliquo
2507 3749 2655 3802 omni
2679 3759 2963 3821 apparatu,
2988 3747 3102 3803 tum
3128 3747 3356 3806 lactucis
3387 3747 3699 3821 agrestibus

2130 3817 2199 3871 ad
2239 3832 2463 3890 azymos
2489 3833 2659 3886 panes
2687 3817 2950 3890 adhibitis
2977 3821 3287 3876 luctuosum
3333 3817 3593 3890 quiddam
3643 3828 3698 3875 et

2127 3887 2390 3961 acerbum
2413 3888 2863 3961 repraesentabat.
2899 3890 3054 3955 Quod
3091 3906 3121 3942 a
3153 3896 3336 3960 primo
3352 3887 3444 3946 die
3463 3893 3696 3961 Azymo-

2128 3973 2270 4021 rum,
2299 3966 2354 4012 et
2379 3957 2796 4031 insequentibus
2817 3960 3024 4013 aberat.
3063 3957 3264 4022 Eodem
3313 3968 3367 4015 et
3408 3963 3498 4015 illa
3525 3957 3693 4031 magi.

2123 4036 2365 4102 atrorum
2389 4030 2696 4083 observatio
2726 4032 2960 4102 pertinet
2984 4041 3287 4102 :‘septenos
3317 4033 3535 4102 quidem
3553 4030 3696 4102 lotos

2124 4099 2243 4154 dies
2279 4098 2601 4152 fermentato
2635 4101 2782 4154 vesci
2805 4100 2959 4154 nefas
2999 4098 3280 4156 fuissezat
3306 4098 3531 4157 ineunte
3559 4101 3696 4156 dun-

2123 4175 2273 4222 taxat
2303 4184 2371 4223 xv
2391 4177 2460 4241 _et
2491 4175 2678 4223 exacta
2706 4185 2815 4233 xlv,
2838 4170 2941 4224 hoc
2971 4179 3056 4225 est
3082 4173 3137 4226 in
3170 4173 3411 4241 paschali
3442 4173 3696 4226 convivio

2122 4253 2311 4309 azyma
2353 4239 2404 4292 vi
2427 4253 2489 4311 ac
2509 4241 2838 4311 necessitate
2873 4241 3008 4310 legis
3036 4239 3356 4311 usurpasse.
3392 4243 3556 4296 Extra
3591 4245 3696 4298 hoc

2121 4317 2336 4381 tempus
2360 4309 2620 4381 neglectis
2652 4312 2883 4381 azymis,
2901 4309 3035 4381 aliis
3054 4309 3377 4376 seminibus,
3398 4323 3492 4366 aut
3512 4313 3695 4367 fructi-

2121 4378 2226 4448 bus
2250 4380 2398 4433 vesci
2427 4380 2692 4448 potuisse.
2721 4378 2814 4434 Ἦ.
2867 4379 3018 4436 Mose
3052 4383 3154 4437 ben
3206 4381 3441 4437 Maimon
3476 4393 3626 4438 tonio
3649 4382 3691 4448 1,

437 4450 666 4525 vetitum
697 4453 782 4500 est
813 4463 828 4500 :
863 4446 931 4499 de
963 4461 1070 4515 qua
1099 4460 1159 4524 re
1185 4443 1254 4497 ad
1286 4443 1518 4525 haeresin
1565 4457 1640 4506 LI,
1685 4443 1741 4497 in
1773 4442 2013 4502 Diatriba
2046 4460 2090 4515 ι)
2117 4442 2527 4513 Ιιιά.,Τναειὶιιιι
2558 4448 2621 4502 de
2663 4449 2978 4518 fermentata
3009 4462 3057 4505 et
3091 4469 3300 4522 azyma,
3335 4468 3458 4524 cap.
3499 4457 3533 4504 ti
3570 4453 3598 4525 §
3637 4442 3690 4509 1Ξ

436 4513 506 4571 de
528 4515 838 4570 Iudaeorum
861 4513 1003 4568 anno
1023 4515 1250 4584 copiose
1279 4513 1538 4584 diximus.

508 4586 619 4655 (14)
651 4587 761 4639 Καὶ
791 4585 940 4654 μετὰ
973 4579 1367 4655 τώγ’ἐχθρῶις.
1405 4579 1668 4655 Fortasse
1695 4582 1802 4653 leg.
1837 4584 1933 4638 atat
1963 4586 2014 4638 εἰ

439 4652 610 4727 μετὰ,
626 4666 734 4710 etc.
765 4652 1046 4711 Sententia
1073 4669 1204 4709 vero
1233 4669 1302 4709 ex
1327 4652 1524 4708 Latina
1557 4652 2013 4725 interpretatione

440 4727 731 4796 perspicua
752 4735 867 4796 est.

507 4791 767 4877 (15).K_at
810 4794 957 4875 ὅταν·
982 4793 1156 4877 autat
1207 4791 1709 4877 .τιαςν·θ‹ἵ›‹;νιγ.ᾼΝοιρ⁸
1746 4794 1893 4877 quod
1921 4811 2012 4877 xlv
2047 4815 2056 4827 ο

434 4863 609 4921 Νἱὲιιιι
632 4866 1000 4936 jejunaverint
1035 4867 1235 4935 (neque
1275 4864 1433 4936 enim
1483 4865 1629 4936 inter
1658 4863 1779 4919 dies
1812 4873 2010 4930 muyn

434 4937 552 5008 sive
577 4933 940 5008 Angariarutu
998 4933 1279 4997 rel'ertur),
1341 4933 1438 4988 sed
1487 4933 1634 5008 quod
1689 4943 1883 5008 exacto
1915 4939 2009 5008 illo

432 5006 556 5076 ipso
589 5005 685 5062 die'
707 5005 1024 5062 Paschalem
1057 5020 1257 5076 agnum
1291 5018 1415 5076 cum
1441 5006 1648 5076 azymis
1693 5015 1754 5076 et_
1776 5005 2011 5076 lactucis

434 5073 745 5146 agrestibus
786 5073 1157 5138 comederent,
1193 5073 1366 5146 Exod.
1401 5073 1573 5146 xn,’8
1607 5082 1660 5146 et
1696 5074 1784 5128 18.
1841 5075 2012 5146 Erant

433 5143 581 5201 enim
634 5163 824 5218 azyma
884 5146 1141 5200 maeroris
1190 5160 1255 5199 ac
1309 5145 1488 5199 luctus
1555 5143 1839 5198 indicium.
1905 5143 2012 5199 lta-

472 5254 564 5312 uer
595 5238 886 5312 Deuteron.
940 5254 1051 5312 xvi,
1097 5238 1152 5300 5,
1188 5218 1704 5312 vocattirpaypn'),
1740 5238 1895 5312 panis
1925 5239 2012 5308 af-

472 5254 540 5294 ue
595 5254 886 5294 ueuteron.
940 5254 1051 5303 xvr,
1097 5254 1152 5300 ο,
1188 5254 1534 5306 vocatur-pay
1569 5254 1704 5300 iam,
1740 5254 1895 5306 panis
1925 5254 2010 5308 αι-

432 5254 706 5378 7lictionis.
759 5309 1098 5380 Epiphanius
1146 5314 1326 5380 autem
1375 5321 1486 5368 xiv,
1545 5305 1732 5380 lVisatr
1751 5308 2010 5380 πένθιμον

435 5375 577 5434 diem
611 5381 789 5434 facere
805 5375 1020 5433 videtur
1044 5395 1059 5444 ;
1083 5379 1176 5448 qui
1201 5376 1319 5430 dies
1380 5375 1773 5445 συνεκδοχικῶς
1800 5375 2011 5433 Pascha

435 5450 754 5514 dicebatur;
781 5452 927 5520 quod
960 5451 1063 5503 sub
1091 5451 1212 5517 ejus
1246 5461 1538 5520 vesperam
1574 5461 1774 5515 agnum
1811 5450 2008 5503 immo-

436 5520 644 5582 larent;
679 5517 980 5590 eodemque
1051 5532 1248 5572 occaso
1287 5517 1400 5590 jam
1463 5517 1578 5569 sole
1608 5527 2008 5590 _vescerentur;

435 5585 958 5660 ὲπιφωσκούσης,ἰι1
988 5596 1073 5644 est
1097 5591 1316 5642 ineunte
1338 5587 1462 5660 jam
1483 5602 1571 5660 xv.
1597 5585 1769 5652 Quem
1788 5590 2008 5658 quidem

437 5658 582 5713 diem
632 5658 960 5731 Azymorum
1021 5661 1252 5728 primunt
1316 5658 1675 5731 nominabant
1709 5677 1721 5712 :
1754 5671 1808 5712 et
1863 5660 2011 5713 hunc

442 5744 620 5795 ipsum
673 5728 852 5784 lautum
895 5746 958 5784 ac
1005 5731 1269 5800 genialem
1313 5729 1434 5782 illos
1481 5728 1734 5784 habuisse
1775 5739 2009 5785 testatur

2115 4540 2244 4600 nim
2277 4526 2405 4601 531s
2441 4551 2560 4600 rm
2597 4552 2790 4601 :rmm
2828 4553 2957 4603 nam
2990 4528 3160 4604 nbula
3196 4530 3338 4605 Sam
3372 4556 3546 4606 ante:
3583 4551 3692 4604 Dan

2113 4614 2222 4693 5:»:
2273 4641 2438 4720 nmis
2497 4642 2559 4690 1.»:
2612 4617 2770 4720 mv‘vp
2825 4642 2901 4720 ἰιι⁸
2956 4642 3076 4720 τιτι-ι
3132 4644 3196 4695 is
3243 4645 3374 4696 mu
3409 4621 3539 4697 ὅστις
3573 4647 3691 4697 τιτι-ι

2111 4731 2250 4799 tum
2455 4733 2586 4788 -των
2837 4706 2978 4785 ⁸)νῦπῖ
3019 4725 3387 4799 Verumtamen
3412 4730 3464 4782 in
3489 4729 3690 4799 reliquo

2110 4793 2432 4866 celebritatis
2462 4803 2686 4866 tempore
2714 4811 3022 4865 azymorum
3043 4813 3163 4851 esus
3177 4797 3443 4851 duntaxat
3473 4793 3692 4866 permit-

2113 4864 2273 4940 titur,
2299 4874 2356 4940 ut
2383 4865 2473 4932 qui
2496 4865 2616 4940 velit
2633 4864 2818 4934 azyma
2842 4881 3078 4940 vescatur
3095 4886 3118 4934 ,-
3139 4869 3229 4938 qui
3255 4869 3431 4932 malit,
3471 4864 3690 4940 oryzam

2112 4933 2189 4986 vel
2237 4935 2441 4988 mitium
2478 4935 2630 5006 redat,
2675 4933 2770 4988 aut
2814 4933 3101 5003 polentam,
3149 4933 3242 4990 aut
3275 4940 3504 5006 fructus.
3534 4933 3602 4992 Ἀι
3635 4943 3690 4995 in

2112 5013 2277 5077 nocte
2315 5021 2400 5067 xv,
2450 5005 2714 5058 duntaxat
2772 5009 2976 5076 azymis
3022 5010 3101 5062 uti
3157 5005 3380 5077 oportet.
3419 5010 3576 5074 Quod
3623 5010 3690 5066 de

2111 5089 2193 5148 νιι⁸
2225 5073 2314 5129 die
2344 5089 2684 5148 azymorum,
2717 5073 2879 5148 quam
2907 5087 3089 5143 mw,
3131 5073 3246 5134 sive
3271 5073 3557 5134 collectam
3595 5097 3692 5136 vo-

2113 5145 2333 5218 cabant,
2374 5145 3078 5218 potissimum‘observant,
3119 5164 3183 5203 eo
3224 5149 3350 5203 freti
3391 5151 3690 5218 Scriptura:

2111 5215 2450 5288 testimonio,
2491 5215 2637 5286 quod
2665 5232 2789 5288 cum
2835 5217 3001 5270 Exodi
3039 5234 3138 5284 ιιι,
3183 5219 3272 5283 19,
3306 5215 3567 5288 scriptuin
3595 5222 3685 5275 sit:

2114 5283 2298 5357 Primo
2324 5283 2523 5349 mense,
2535 5287 2936 5355 quartadecima
2959 5289 3044 5342 die
3069 5290 3285 5355 mensis,
3311 5291 3378 5342 ad
3395 5283 3684 5357 vesperam,

2116 5354 2397 5429 conradens
2422 5354 2635 5429 azyma,
2668 5373 2830 5429 usque
2862 5361 2929 5410 ad
2969 5359 3106 5412 diem
3123 5354 3425 5414 vicesimam
3459 5354 3688 5429 primum

2110 5425 2344 5493 ejusdem
2368 5427 2583 5499 mensis,
2613 5425 2681 5478 ad
2706 5425 2991 5499 vesperam.
3014 5429 3220 5499 Septem
3247 5429 3430 5484 diebus
3459 5425 3690 5499 fermen-

2115 5505 2223 5546 tum
2254 5513 2356 5549 non
2381 5497 2671 5570 invenietur
2708 5499 2765 5550 in
2814 5497 3059 5552 domibus
3084 5497 3279 5554 uestris
3310 5517 3328 5554 :
3363 5497 3527 5570 idque
3550 5502 3690 5556 Deu-

2114 5573 2290 5619 teron.
2330 5582 2440 5631 xvi,
2482 5568 2536 5629 5,
2575 5577 2888 5637 repetatur,
2924 5579 3124 5641 tamen
3185 5568 3453 5639 ejusdem
3490 5574 3687 5641 capitis

2113 5647 2384 5690 commate
2398 5642 2451 5696 8,
2473 5653 2566 5691 sex
2593 5646 2806 5691 tantum
2832 5640 3026 5695 diebus
3043 5655 3231 5710 azyma
3249 5643 3460 5696 comedi
3475 5640 3686 5710 jubeat.

2123 5728 2276 5783 Unde
2293 5727 2358 5785 lt.
2396 5729 2614 5785 Selomo
2629 5729 2696 5784 ad
2730 5746 2854 5786 eum
2885 5732 3063 5788 locum
3099 5733 3203 5788 ista
3239 5733 3431 5789 scribit
3467 5716 3536 5798 ὃν
3575 5735 3692 5794 τεν
