4138 6396
537 421 649 482 563

1933 423 1992 480 S.
2043 420 2381 478 EPIPHANII

3687 425 3796 484 ΞΗ
3898 379 3901 382 Ι

538 540 688 595 illius
725 535 992 607 dogmatis
1038 535 1238 591 veritas
1283 536 1558 598 consistit.
1599 543 1657 593 et
1699 552 1764 592 cx
1810 536 2107 607 apostolica

2215 535 2508 600 διατάξεως
2547 534 2655 587 τῶν
2683 534 3014 598 ἀποστόλων,
3049 537 3128 589 ὅτι
3157 536 3224 589 δι’
3255 537 3528 607 ὁμόνοιαν,
3559 538 3636 602 ὡς
3668 556 3794 593 συνο

540 629 634 684 illa
661 627 1053 684 constitutione
1103 628 1289 697 liquet,
1319 629 1626 684 concordia:
1653 629 1827 700 gratia
1867 629 1948 683 sic
1981 643 2106 684 esse

539 722 852 785 decretum,
913 727 971 774 ut
1008 719 1076 776 ad
1131 721 1546 776 consensionem
1589 719 2006 779 stabiliendam.
2051 718 2106 772 id

539 813 685 884 quod
716 828 888 867 nexus
917 812 1032 882 ipse
1061 813 1326 866 orationis
1349 813 1604 876 ostendit,
1650 815 1696 870 si
1726 813 1930 868 Pascha
1960 814 2105 868 cele-

539 903 796 964 bremus,
850 902 1092 972 adeoque
1141 909 1194 956 et
1261 902 1335 956 illi
1398 903 1707 966 celebrent,
1760 909 1883 973 post
1933 903 2106 973 aequi-

539 995 780 1048 noctium
806 992 972 1063 82E.
997 993 1047 1047 id
1081 993 1308 1047 omnino
1333 993 1618 1060 faciamus.
1649 994 2107 1065 quemadmodum

539 1098 779 1155 persaepe
810 1084 1093 1138 nobiscum
1125 1083 1400 1138 celebrare
1442 1084 1517 1138 illi
1565 1086 1761 1139 solent.
1792 1085 1926 1140 Cum
1963 1087 2106 1140 inte-

536 1177 640 1229 rim
670 1183 724 1230 et
755 1184 881 1230 ante
913 1174 1296 1244 aequinoctium
1324 1175 1633 1230 confectum
1666 1177 1719 1231 id
1745 1177 1815 1231 ab
1848 1177 1953 1232 illis
1980 1193 2106 1246 per-

539 1275 752 1337 agatur.
811 1282 934 1322 cum
975 1265 1225 1321 videlicet
1267 1267 1370 1322 soli
1412 1266 1623 1322 Pascha
1669 1284 1826 1323 suum
1881 1269 2104 1324 obeunt.

538 1357 742 1423 Quodsi
804 1374 904 1413 nos
959 1373 1066 1411 una
1116 1357 1482 1423 celebremus,
1521 1360 1574 1412 in
1613 1360 1864 1413 eumdem
1906 1374 2107 1413 annum

537 1454 646 1508 duo
675 1453 939 1507 Paschata
967 1451 1124 1507 nobis
1155 1452 1457 1513 incurrent,
1479 1458 1605 1504 ante
1631 1450 1877 1505 videlicet
1902 1459 1954 1504 et
1985 1457 2106 1520 post

537 1543 944 1614 aequinoctium.
978 1541 1114 1596 Tum
1142 1557 1282 1596 anno
1318 1550 1574 1610 sequente
1604 1557 1670 1594 ne
1697 1556 1862 1594 unum
1886 1542 2106 1610 quidem

542 1635 908 1689 celebrabitur
953 1652 966 1688 :
1005 1648 1176 1702 eoque
1227 1632 1388 1686 modo
1450 1632 1756 1686 institutum
1797 1647 1958 1687 omne
2006 1648 2106 1686 no-

538 1736 710 1781 strqu
758 1739 972 1780 summo
1015 1740 1138 1778 cum
1180 1739 1366 1778 errore
1419 1723 1770 1790 conjunctum
1813 1739 1842 1776 a
1884 1724 2108 1779 veritate

2212 633 2375 701 ἦκται
2451 629 2542 684 τοῦ
2603 613 2760 698 λόγου
2825 632 2854 683 6
2927 630 3248 702 σύνδεσμος,
3312 632 3408 685 ἐὰν
3472 633 3797 687 ἐπιτελέσω-

2213 737 2332 791 μεν,
2367 720 2399 791 ἢ
2436 721 2530 774 καὶ
2563 719 2874 786 ἑπιτελῶσι,
2913 721 3050 792 μετὰ
3099 723 3422 793 ἰσημερίαν·
3469 722 3648 786 καθὼς
3695 725 3794 777 κά-

2211 815 2378 865 κεῖνοι
2409 812 2600 881 ἄγουσι
2629 813 2889 877 πολλάκις
2922 830 3001 878 τε,
3035 815 3129 866 καὶ
3171 815 3349 884 ἡμεῖς.
3388 814 3556 867 Πάλιν
3587 814 3643 866 δὲ
3685 814 3794 885 πρὸ

2209 902 2304 955 τοῦ
2352 902 2665 974 τελεσθῆναι
2699 903 2797 975 τὴν
2846 903 3154 975 ἰσημερίαν,
3184 905 3262 968 ὡς
3299 907 3497 959 ἐκεῖνοι
3541 905 3786 974 ἄγουσιν,

2210 993 2299 1046 ὅτε
2343 994 2494 1064 μόνοι
2532 993 2779 1062 ἄγουσιν.
2817 993 2940 1046 Ἐὰν
2988 990 3081 1048 οὖν
3127 996 3220 1049 καὶ
3253 997 3415 1066 ἡμεῖς
3464 994 3790 1048 ἐπιτελέσω-

2215 1101 2334 1155 μεν,
2383 1085 2728 1156 συμϐέϐηκεν
2777 1086 2908 1156 ἡμῖν
2951 1087 3008 1139 ὲν
3059 1086 3140 1138 ἑνὶ
3183 1085 3414 1155 ἐνιαυτῷ
3463 1084 3557 1138 δύο
3598 1085 3791 1154 Πάσχα

2210 1177 2540 1241 ἐπιτελέσαι,
2583 1179 2721 1249 μετὰ
2756 1178 3046 1248 ἰσημερίαν
3075 1179 3169 1231 καὶ
3215 1179 3322 1249 πρὸ
3356 1177 3676 1248 ἰσημερίας·
3712 1176 3790 1246 τῷ

2210 1269 2266 1322 δὲ
2299 1268 2443 1339 ἄλλῳ
2473 1268 2601 1338 ἑξῆς
2639 1270 2870 1341 ἐνιαυτῷ
2899 1271 3021 1324 οὐδὲ
3065 1268 3200 1332 ὅλως
3241 1268 3637 1337 ἐπιτελέσωμεν
3679 1266 3792 1319 Πά-

2211 1377 2333 1430 σχα.
2381 1363 2488 1415 Kal.
2530 1362 2885 1433 εὑρεθήσεται
2932 1362 2994 1415 τὸ
3033 1363 3142 1415 πᾶν
3186 1361 3394 1430 πλάνης
3439 1355 3579 1412 εἶναι
3629 1357 3788 1427 ἔργον

2211 1453 2356 1522 ῆπερ
2387 1453 2629 1522 ἀλήθεια.
2665 1453 2776 1524 Πρὸ
2805 1453 2913 1525 γὰρ
2951 1451 3241 1523 ἰσημερίας
3267 1451 3328 1503 ού
3366 1448 3786 1520 πληρωθήσεται

2209 1543 2269 1594 τὸ
2299 1542 2446 1603 ἔτος·
2489 1542 2611 1595 ούτε
2639 1542 2937 1614 πληροῦται
2964 1542 3058 1595 τοῦ
3092 1541 3294 1594 κύκλου
3329 1539 3424 1591 τοῦ
3466 1538 3690 1608 δρόμου,
3720 1537 3786 1588 ἐκ

2209 1634 2344 1688 Θεοῦ
2379 1637 2488 1698 τοῖς
2517 1635 2821 1705 ἀνθρώποις
2852 1633 3207 1703 τεταγμένου,
3234 1635 3262 1684 6
3289 1629 3556 1692 ἐνιαυτὸς,
3582 1628 3678 1680 ἐὰν
3707 1627 3784 1697 μὴ

2213 1726 2458 1799 παρέλθῃ
2492 1728 2771 1798 ἰσημερία.

539 1815 758 1887 penitus
789 1814 1124 1869 abhorrebit.
1161 1814 1374 1869 Etenim
1424 1823 1550 1868 ante
1589 1814 1974 1882 aequinoctium
2015 1813 2258 1871 nondum
2323 1834 2500 1873 annus
2546 1819 2802 1887 impletus
2846 1827 2961 1884 est;
3005 1833 3180 1887 neque
3239 1816 3539 1886 legitimum
3579 1812 3764 1865 circu-

548 1909 738 1964 itionis
784 1907 930 1962 illius
983 1915 1222 1976 tempus,
1261 1905 1405 1976 quod
1453 1921 1482 1959 a
1515 1907 1620 1961 Deo
1659 1905 1970 1960 hominibus
2011 1909 2370 1976 praestitutum
2403 1919 2506 1971 est.
2545 1909 2854 1965 confectum
2899 1917 3144 1980 putatur,
3225 1909 3331 1962 nisi
3387 1905 3778 1977 aequinoctium

536 1999 882 2071 praeterierit.

607 2091 720 2148 XII.
762 2092 879 2158 Qua
909 2091 976 2146 de
1012 2105 1072 2145 re
1099 2090 1254 2160 plura
1293 2104 1324 2142 a
1355 2089 1513 2143 nobis
1539 2088 1955 2143 commemorari
1982 2103 2105 2157 pos-

2281 2086 2376 2138 IB'.
2419 2086 2529 2138 Kal.
2557 2080 2626 2157 ἦν
2669 2085 2768 2155 μὲν
2807 2085 2935 2156 περί
2993 2084 3183 2139 τούτου
3245 2083 3416 2137 πολλὰ
3474 2084 3673 2151 λέγειν,
3703 2086 3780 2149 ὡς

537 2194 679 2246 sent.
711 2200 775 2240 ex
810 2183 1009 2254 quibus
1038 2189 1310 2236 constaret
1348 2181 1582 2248 majores
1622 2188 1841 2235 nostros
1872 2181 2110 2234 saluber-

538 2279 677 2331 rimo
707 2275 961 2338 consilio,
988 2274 1101 2329 sive
1129 2273 1311 2342 potius
1343 2271 1509 2327 Deum
1545 2287 1639 2341 per
1669 2272 1789 2324 illos
1812 2271 2109 2341 religiosis-

536 2367 660 2421 simi
693 2367 836 2421 illius
868 2379 932 2420 ac
967 2364 1302 2421 sanctissimi
1329 2363 1433 2418 diei
1462 2363 1772 2417 celebrandi
1813 2361 2109 2416 accuratis-

533 2453 730 2513 ‘simaru
759 2456 1052 2511 tradidisse
1095 2455 1386 2517 rationem,
1419 2461 1477 2507 ut
1507 2454 1763 2508 nimirum
1801 2461 1922 2523 post
1948 2454 2110 2522 tequi-

538 2549 779 2604 noctium
814 2547 1064 2610 iniretur,
1100 2546 1316 2616 quoties
1350 2547 1492 2599 lunae
1520 2545 1730 2599 decima
1759 2553 1954 2614 quarta
1989 2545 2107 2599 dies

541 2639 825 2701 incideret,
878 2653 987 2692 non
1029 2643 1089 2690 ut
1119 2638 1236 2706 ipsa
1281 2636 1492 2691 decima
1546 2647 1740 2706 quarta
1784 2647 2104 2708 peragatur;

537 2745 662 2784 nam
691 2729 862 2784 Judaei
901 2729 1120 2799 quidem
1156 2728 1370 2781 unicam
1410 2727 1551 2782 diem
1594 2729 1906 2792 observant,
1939 2744 1969 2782 a
2009 2745 2108 2782 n0-

540 2820 624 2874 his
659 2834 786 2873 vero
832 2835 939 2872 non
973 2819 1157 2894 unius,
1208 2817 1300 2872 sed
1346 2817 1568 2887 integrat
1607 2818 1961 2874 hebdomadis
2009 2819 2106 2873 ha-

537 2911 714 2967 benda
754 2911 896 2965 ratio
936 2918 1038 2965 est.
1072 2909 1154 2966 0b
1189 2910 1242 2965 id
1274 2911 1356 2964 lex
1399 2910 1515 2980 ipsa
1555 2911 1701 2965 velut
1747 2920 1958 2981 tempus
2003 2912 2108 2967 dif-

537 3003 793 3066 fundens,
826 3001 1136 3070 Accipietis,
1160 3001 1354 3070 inquit,
1383 3001 1525 3055 vobis
1548 3018 1739 3071 agnum
1779 3003 2105 3068 anniculam,

537 3094 959 3159 immaculatum,
987 3093 1291 3161 perfectum,
1315 3110 1347 3145 a
1373 3092 1572 3146 decima
1596 3094 1680 3147 die
1704 3098 1894 3148 mensis
1916 3111 1933 3158 ;
1957 3111 2106 3165 quem

538 3200 624 3238 vos
649 3181 922 3237 servabitis
953 3197 1114 3252 usque
1142 3181 1210 3234 ad
1244 3183 1497 3235 decimam
1525 3192 1790 3251 quartam.
1823 3183 1890 3236 Et
1921 3187 2107 3239 immo-

540 3272 715 3326 labitis
761 3271 913 3324 illum
943 3271 1012 3323 ad
1055 3286 1318 3338 uesperam
1375 3271 1578 3324 decima
1616 3284 1807 3340 quarta
1853 3273 1937 3328 die
1968 3291 2109 3328 men-

539 3365 612 3417 sis
632 3365 673 3426 ¹.
701 3363 803 3417 hoc
832 3373 911 3417 est
938 3363 1100 3416 lunae.
1134 3361 1372 3418 Proinde
1401 3362 1453 3416 id
1489 3363 1742 3418 Ecclesia:
1771 3365 2106 3420 consuetudo

2210 2177 2387 2239 καλῶς
2427 2178 2748 2244 ποιήσαντες
2793 2177 2842 2228 οἱ
2887 2177 3140 2246 πατέρες,
3181 2175 3381 2246 μᾶλλον
3409 2175 3466 2228 δὲ
3514 2176 3580 2229 δι’
3604 2177 3784 2230 αὐτῶν

2207 2270 2236 2320 6
2269 2268 2400 2330 Θεὸς
2438 2267 2765 2338 κατώρθωσε
2793 2271 2858 2338 τῇ
2898 2267 3192 2339 Ἐκκλησία
3223 2267 3284 2321 τὸ
3315 2270 3424 2322 πᾶν
3461 2269 3782 2341 ἀκρίϐασμα

2208 2358 2306 2428 τῆς
2347 2357 2604 2428 ἀληθείας
2649 2357 2746 2428 τῆς
2796 2357 3180 2426 πανσεϐάσμου
3223 2359 3426 2431 ταύτης
3458 2361 3651 2433 ἑορτῆς
3691 2363 3783 2417 καὶ

2209 2450 2513 2517 παναγίας,
2561 2448 2698 2518 μετὰ
2744 2449 3032 2520 ἰσημερίαν
3072 2451 3169 2521 μὲν
3215 2451 3505 2518 ποιεῖσθαι,
3537 2454 3626 2506 ὅτε
3658 2455 3784 2506 ὑπο.

2210 2542 2396 2594 πίπτει
2455 2542 2487 2610 ή
2533 2539 2631 2610 τῆς
2677 2541 3271 2613 τεσσαρεσκαιδεκάτης
3321 2543 3461 2597 κατὰ
3522 2544 3623 2614 τῆς
3689 2563 3781 2597 σευ

2207 2629 2374 2700 λήνης
2411 2629 2624 2703 ἡμέρας
2667 2629 2873 2699 ψῆφος·
2917 2633 3016 2702 οὐχ
3056 2633 3144 2685 ἵνα
3189 2633 3247 2685 ὲν
3287 2635 3424 2704 αὐτῇ
3473 2637 3538 2705 τῇ
3583 2652 3782 2688 τεσσα-

2213 2720 2608 2793 ρεσκαιδεκάτῃ
2652 2720 3072 2792 ἐπιτελέσωμεν.
3114 2723 3227 2776 Μία
3273 2723 3382 2794 γὰρ
3416 2726 3604 2795 ἡμέρα
3649 2726 3781 2798 παρ’

2207 2813 2433 2876 ἐκείνοις
2478 2813 2756 2885 ζητεῖται”
2797 2814 2926 2884 παρ’
2955 2816 3084 2885 ἡμῖν
3124 2815 3179 2868 δὲ
3209 2816 3269 2868 ού
3319 2815 3417 2886 μία
3459 2817 3607 2888 (l9),
3647 2819 3785 2872 ἀλλὰ

2207 2904 2268 2970 ἒξ
2311 2903 2544 2974 ἑϐδομὰς
2592 2905 2962 2976 πληρεστάτη.
2999 2907 3088 2958 Διὸ
3122 2907 3216 2959 καὶ
3256 2907 3416 2970 αὐτὸς
3460 2907 3608 2976 λέγει
3658 2910 3781 2962 ἑπι-

2208 2998 2488 3052 πλατύνων
2525 2998 2606 3064 τὸ,
2643 2999 2926 3066 Λήψεσθε
2975 2998 3209 3066 ἑαυτοῖς
3247 3002 3544 3068 πρόϐατον
3584 3003 3783 3054 ἐνιαύ-

2207 3105 2365 3155 σιον,
2403 3089 2661 3158 ἄμωμον,
2687 3088 2940 3152 τέλειον,
2972 3090 3090 3144 ἀπὸ
3131 3090 3384 3145 δεκάτου
3411 3092 3518 3146 τοῦ
3559 3095 3777 3158 μηνός*

2208 3179 2304 3232 καί
2326 3179 2494 3234 ἔσται
2516 3180 2655 3250 ὑμῖν
2673 3180 3170 3250 διατετηρημένον
3185 3183 3318 3252 ἄχρι
3342 3182 3448 3251 τῆς
3461 3200 3783 3252 τεσσαρεσς

2208 3269 2576 3337 καιδεκάτης.
2625 3271 2736 3324 Kal
2801 3273 3060 3325 θύσεσθε
3117 3272 3264 3326 αὐτὸ
3315 3276 3465 3340 πρὸς
3514 3274 3784 3341 ἑσπέραν

2209 3358 2282 3426 τῇ
2312 3360 2929 3428 τεσσαρεσκαιδεκάτῃ
2984 3363 3171 3431 ἡμέρῃ
3225 3363 3328 3417 τοῦ
3371 3365 3585 3432 μηνὸς,
3628 3381 3783 3417 τουτ-

539 3453 757 3516 retinet,
787 3459 840 3506 ut
873 3451 1158 3508 Paschatis
1192 3453 1410 3518 festum,
1443 3454 1546 3508 hoc
1587 3463 1671 3509 est
1713 3455 2102 3512 hebdomadem

2209 3453 2323 3504 ἐστι
2350 3453 2446 3522 τῆς
2473 3452 2701 3522 σελήνης
2729 3453 2862 3524 (20).
2892 3456 3294 3525 Παρατηρεῖται
3323 3455 3376 3508 δὲ
3407 3459 3440 3527 ὴ
3484 3456 3781 3524 Ἐκκλησία
3858 3501 3862 3504 .

539 3549 608 3599 ab
649 3546 909 3614 apostolis
949 3545 1001 3597 in
1051 3545 1140 3596 illa
1187 3545 1578 3599 constitutione
1607 3547 1900 3614 praelixam,
1947 3563 1976 3601 a
2029 3564 2109 3603 se-

534 3637 718 3690 cunda
775 3635 1136 3689 Subbatorum
1189 3636 1467 3689 celebrare
1512 3637 1771 3705 incipiat;
1820 3654 1940 3705 qua:
1991 3639 2108 3694 dies

533 3729 664 3791 agni
725 3736 808 3783 est
864 3727 1120 3796 emptioni
1157 3726 1320 3779 dicta.
1379 3725 1532 3791 Quod
1583 3728 1626 3782 si
1661 3743 1748 3780 xtv
1799 3729 1938 3783 luna:
1992 3729 2108 3785 dies

537 3815 596 3866 in
631 3828 664 3866 ιι
695 3809 1057 3864 Sabbutorum
1104 3810 1328 3871 incidat,
1375 3810 1611 3864 indidem
1641 3811 1760 3880 agni
1793 3811 2108 3866 immolandi

535 3916 756 3974 tempus
789 3903 1008 3971 incipit;
1043 3902 1158 3956 sive
1191 3903 1245 3956 in
1285 3917 1342 3955 ιιι
1377 3903 1761 3966 Sabbatorum,
1799 3905 1914 3958 sive
1945 3904 1997 3958 in
2029 3921 2101 3971 tv,

540 3997 655 4050 sive
697 3994 751 4047 in
786 4010 836 4057 v,
880 3996 994 4047 sive
1043 3993 1096 4045 in
1149 3991 1504 4057 Parasceven,
1542 3995 1657 4049 sive
1705 3996 1758 4048 in
1809 3993 2103 4051 Sabbatum

541 4087 741 4156 ipsum,
786 4083 1224 4155 quandoquidem
1269 4099 1320 4137 vt
1366 4084 1590 4140 omnino
1631 4084 1747 4141 dies
1791 4086 1841 4141 ei
1891 4087 2106 4158 negotio

615 4241 630 4271 ¹
660 4239 832 4295 Exod.
859 4255 956 4301 xtl,
987 4239 1038 4295 5.

610 4353 724 4424 (l9)
768 4352 907 4423 Πίῳ*
931 4351 1074 4421 ἡμῖν
1096 4351 1164 4405 δὲ
1188 4350 1409 4424 οὐῌμίαἶ
1447 4349 1552 4424 sex
1574 4352 1692 4407 dies
1719 4353 2112 4424 hebdomadem

1152 4241 1172 4270 ³
1196 4237 1492 4293 tiornarius
1515 4237 1645 4309 legit
1678 4240 1757 4302 είς
1793 4239 1972 4309 μέσον.

2203 3542 2354 3610 ἄγειν
2398 3543 2496 3613 τὴν
2544 3544 2735 3614 ἑορτὴν
2785 3544 2877 3597 τοῦ
2931 3546 3148 3614 Πάσχα,
3201 3547 3446 3600 τουτέστι
3483 3548 3582 3618 τὴν
3626 3548 3778 3601 ἑϐδο-

2207 3636 2348 3706 μάδα
2378 3637 2475 3704 τὴν
2506 3635 2820 3707 ὡρισμένην
2867 3637 2961 3690 καὶ
2999 3638 3094 3690 ἀπ’
3117 3639 3298 3691 αὐτῶν
3327 3639 3434 3692 τῶν
3464 3641 3780 3692 ἀποστόλων

2203 3728 2260 3781 ἑν
2293 3729 2358 3797 τῇ
2389 3726 2648 3793 διατάξει,
2677 3727 2784 3780 ἀπὸ
2825 3726 3079 3799 δευτέρας
3111 3728 3396 3782 σαϐϐάτων
3418 3745 3430 3756 ·
3463 3729 3597 3800 ὅπερ
3631 3730 3780 3781 ἐστὶν

2205 3817 2514 3887 άγορασμὸς
2565 3816 2660 3871 τοῦ
2703 3817 2994 3889 προϐάτου.
3028 3819 3136 3873 Καὶ
3184 3819 3278 3872 ἑὰν
3327 3820 3425 3890 μὲν
3472 3816 3540 3891 ἦν
3582 3837 3780 3873 τεσσα-

2206 3908 2595 3979 ρεσκαιδεκάτη
2624 3909 2735 3976 (ει)
2762 3909 2862 3979 τῆς
2892 3911 3117 3980 σελήνης
3150 3913 3214 3981 τῇ
3248 3910 3477 3983 δευτέρα
3515 3911 3626 3963 τῶν
3656 3910 3784 3962 σαϐ-

2201 3999 2402 4063 ϐάτων,
2435 3999 2596 4070 μέσον
2625 3993 2646 4032 ί
2679 4000 2871 4068 ἄγεται
2901 3999 2963 4052 τὸ
3008 3999 3154 4070 θῦμα
3185 3999 3278 4053 τοῦ
3331 4000 3603 4070 προϐάτου
3625 4017 3639 4031 θ
3686 4001 3780 4053 ἑάν

2202 4105 2261 4141 τε
2283 4087 2439 4160 τρίτῃ
2469 4087 2776 4142 σαϐϐάτων.
2798 4088 2892 4141 ἑὰν
2922 4089 2979 4141 δὲ
3007 4089 3236 4160 τετάρτῃ
3261 4089 3565 4154 σαϐϐάτων,
3599 4089 3695 4142 ἑάν
3718 4104 3783 4143 τι

2221 4372 2341 4411 rum
2399 4355 2711 4417 Dominicaz,
2772 4358 2887 4412 sive
2937 4356 3084 4410 ferire
3118 4356 3305 4426 prima:
3352 4358 3457 4411 hoc
3506 4359 3627 4412 loco
3670 4374 3784 4416 non

552 4420 784 4508 iaciunt,
831 4420 1210 4508 latittttmerata
1257 4420 1543 4478 Paschatis
1600 4423 1944 4488 celebritate,
1992 4439 2115 4494 qua:
2219 4426 2486 4508 meminit,
2526 4426 2765 4506 quodab
2784 4442 2845 4481 ea
2886 4420 3161 4508 nmiqitafn
3193 4426 3547 4508 Xe_r0pl.iu.giae
3580 4429 3784 4484 hebdo-

543 4492 932 4549 hebdomadem
961 4493 1237 4545 terminat.

613 4564 726 4633 (‘20)
771 4560 1046 4615 Τουτέστι
1097 4560 1207 4633 τῆς
1249 4559 1542 4633 σελήνης.
1583 4559 1711 4633 limo
1767 4569 1850 4614 est
1903 4562 2106 4632 glossa,
2143 4551 2188 4606 Ι)

542 4631 705 4702 quam
736 4647 798 4686 ex
835 4631 1107 4702 communi
1130 4700 1137 4702 _
1164 4633 1444 4702 sententia,
1481 4631 1548 4686 ad
1599 4631 1895 4702 Scripturae
1911 4631 2103 4687 locum

545 4700 809 4772 :idtexuit.
838 4700 1023 4770 Neque
1055 4700 1197 4772 enim
1236 4700 1379 4754 lunae
1412 4700 1693 4770 Scriptura
1724 4701 1828 4755 hoc
1862 4703 1914 4754 in
1947 4717 2106 4772 uego-

551 4773 628 4824 tio
654 4771 917 4833 meminit,
971 4771 1067 4824 sed
1106 4785 1348 4825 mensem
1383 4772 1650 4825 duntaxat
1685 4773 1948 4825 nominat.
1991 4771 2101 4826 Nos

533 4845 610 4895 de
638 4839 948 4894 Judaeorum
979 4855 1124 4893 anno
1146 4855 1310 4908 supra
1341 4840 1720 4895 disseruimus.

615 4910 727 4980 (21)
761 4910 866 4980 Kal
882 4909 1003 4980 ἐὰν
1023 4909 1140 4978 μὲν
1190 4907 1269 4980 ἦν
1300 4910 1940 4978 τεσσαρεσκαιδεκάτη.
1984 4911 2101 4963 Νοιι

543 4977 708 5034 unius
731 4979 835 5033 diei
881 4977 1183 5038 Paschalis,
1215 4977 1315 5033 scd
1347 4977 1514 5033 totius
1560 4980 1911 5033 hebdomadis
1936 4982 2104 5033 ratio-

545 5065 667 5104 nem
680 5051 842 5118 habet
863 5047 1127 5112 Ecclesia,
1150 5064 1310 5116 quam
1332 5048 1699 5118 Xerophagiaz,
1721 5059 1812 5102 aut
1827 5050 2100 5112 Sanctam,

542 5129 638 5173 aut
671 5117 878 5188 Pascha
909 5121 1073 5171 etiam
1115 5117 1478 5188 appellarunt,
1526 5117 1591 5172 uti
1620 5121 1684 5172 ad
1746 5121 1904 5173 linem
1943 5121 2105 5187 hujus

543 5187 726 5257 operis
757 5187 1095 5257 adnommus.
1132 5187 1197 5240 Si
1218 5189 1380 5257 igitur
1416 5205 1503 5242 xiv
1535 5190 1661 5242 luna
1693 5190 1745 5242 in
1791 5189 1980 5243 feriam
2019 5206 2106 5244 se-

543 5256 779 5326 cundam
811 5256 1084 5320 inciderit,
1128 5267 1221 5311 aut
1249 5256 1302 5310 in
1341 5259 1577 5326 reliquos
1613 5259 1960 5312 hebdomadas
1986 5258 2104 5313 dies

543 5327 611 5398 ad
652 5325 946 5382 Sabbatum
972 5341 1173 5398 usque,
1215 5325 1506 5398 hebdomas
1553 5327 1908 5398 XerOphagia:
1961 5329 2103 5383 cele-

544 5397 754 5464 bratur,
802 5403 857 5449 et
890 5412 920 5448 a
967 5394 1098 5448 feria
1145 5397 1384 5449 secunda
1430 5397 1548 5464 ejus
1596 5394 1835 5450 initi‘um'
1862 5398 2099 5450 ducitur.

543 5463 737 5518 Totam
790 5464 928 5518 hanc
963 5465 1347 5519 hebdomadem
1381 5463 1526 5536 θῦμα
1570 5465 1862 5536 προϐάτου,
1900 5479 2101 5520 macta-

547 5537 738 5586 tionem
758 5536 878 5602 agni
899 5542 1195 5603 nuncupat,
1237 5537 1365 5604 quia
1396 5537 1449 5588 in
1487 5545 1749 5604 apparatu
1771 5537 2104 5591 celebritatis

545 5612 603 5674 et
636 5605 1020 5674 immolationis
1047 5604 1164 5658 dies
1197 5607 1402 5672 aliquot
1437 5620 1465 5657 a
1507 5604 1709 5660 Juilaeis
1742 5607 1868 5660 olim
1915 5609 2100 5674 positi.

549 5669 682 5724 Nam
716 5673 876 5740 μέσον
903 5672 1111 5741 ἄγεται,
1144 5683 1205 5726 ut
1235 5669 1398 5742 supra
1433 5675 1739 5737 docuimus,
1788 5669 1929 5728 nihil
1955 5677 2102 5729 aliud

547 5750 804 5826 quam
828 5742 1140 5826 celebratur,
1162 5744 1450 5826 peragitur.
1477 5742 1568 5796 Sic
1598 5745 1731 5826 illud
1752 5743 1908 5798 Joan.
1929 5761 2026 5826 v‘n,
2045 5749 2099 5810 7,

550 5807 690 5879 Ἵίδή
724 5810 777 5862 δὲ
803 5811 900 5881 τῆς
939 5812 1130 5882 ἑορτῆς
1162 5807 1472 5882 μεσούσης,
1511 5815 1679 5882 accipi
1708 5823 1905 5883 potest.
1932 5807 2104 5870 (Ia-te;

2220 4510 2338 4568 mas
2386 4497 2523 4568 inire
2556 4495 2746 4564 possit,
2778 4512 2899 4568 cum
2939 4496 3212 4568 Dominica
3249 4495 3352 4552 die'
3379 4495 3629 4568 jcjunare
3670 4516 3781 4554 non

2218 4564 2393 4618 liceat.
2424 4565 2705 4636 Et__tamen
2749 4567 2793 4618 si
2825 4567 2877 4618 in
2907 4581 3024 4618 eam
3066 4582 3152 4618 xiv
3188 4567 3328 4620 luna:
3361 4564 3479 4622 dies
3503 4568 3779 4636 inciderit,

2207 4635 2468 4703 postridie
2500 4633 2898 4704 Xeropltagiam
2926 4637 3280 4692 inchoabant.
3327 4637 3381 4690 In
3409 4633 3784 4692 Tessarescazl

2205 4705 2561 4775 decatitarum
2592 4705 2802 4766 haeres“
2826 4721 2944 4772 qua:
2960 4706 3529 4775 estquinquagesima,
3550 4724 3700 4762 num.
3722 4709 3781 4774 2,

2204 4774 2273 4844 de
2298 4774 2492 4828 diebus
2542 4776 2847 4844 agitLquos
2899 4781 3026 4828 ante
3081 4774 3332 4828 l’asChati
3379 4779 3623 4831 snlemne
3670 4790 3782 4832 tam

2204 4841 2399 4916 Judaei,
2434 4841 2600 4916 quani
2648 4841 2942 4916 Christiani
3003 4845 3374 4916 celebrabant.
3413 4846 3785 4916 llepreheudit

2205 4914 2347 4984 enim
2381 4912 2683 4984 hmreticos.
2724 4914 2815 4982 qui
2867 4914 2932 4966 ad
2964 4928 3130 4966 unum
3165 4915 3306 4968 diem
3336 4912 3646 4984 respectum
3680 4919 3782 4970 ha-

2206 4981 2416 5043 herent,
2448 4997 2572 5035 cum
2595 4997 2623 5033 a
2655 4982 2864 5054 decima
2898 4984 2986 5036 die
3040 4999 3237 5051 agnum
3279 4981 3444 5054 deligi
3473 4987 3783 5040 asservari-

2206 5067 2312 5118 que
2334 5054 2414 5105 lex
2435 5052 2768 5120 praeceperit.
2804 5051 2955 5105 Unde
2979 5058 3216 5120 quinque
3236 5054 3303 5107 ab
3325 5051 3432 5108 illis
3457 5057 3575 5108 dies
3602 5057 3788 5111 obser-

2207 5122 2320 5173 vari
2349 5123 2670 5175 debuerant.
2707 5121 2778 5176 De
2819 5121 3021 5176 Judzeis
3056 5125 3201 5175 enim
3261 5139 3325 5176 ac
3363 5123 3786 5182 Judaizantibus

2206 5189 2710 5260 Quartadecintanis
2744 5192 3000 5260 loquitur.
3027 5193 3198 5246 Porro
3226 5192 3397 5247 Judzm
3420 5209 3543 5247 cum
3573 5195 3783 5249 decima

2207 5271 2398 5328 quarta
2423 5261 2509 5314 dte
2527 5261 2589 5312 ad
2615 5276 2892 5328 vesperam
2909 5260 3116 5315 Pascha
3142 5274 3479 5331 peragerent,
3501 5272 3552 5316 et
3569 5265 3783 5318 decima

2205 5333 2292 5383 die
2321 5345 2518 5398 agnum
2537 5340 2810 5402 caperent,
2837 5347 2866 5380 v
2901 5333 3104 5384 solidos
3137 5333 3253 5386 dies
3280 5334 3527 5402 religioni
3552 5335 3786 5388 Pascha-

2208 5403 2278 5453 tis
2308 5399 2696 5472 attribuebant.
2729 5400 2840 5452 [tuo
2867 5415 2994 5454 vero
3024 5416 3148 5453 cum
3195 5399 3429 5472 exeunte
3457 5419 3548 5456 xlv
3581 5419 3786 5472 agnum

2209 5470 2570 5530 immolarent,
2623 5471 2844 5523 ineunte
2875 5486 3097 5538 vespera
3129 5487 3195 5523 xv
3227 5471 3410 5538 hujus.
3459 5474 3562 5527 hoc
3599 5470 3686 5527 est
3717 5487 3788 5525 xv

2209 5549 2415 5607 partem
2454 5538 2716 5600 libabant,
2753 5535 2998 5608 adeoque
3027 5556 3078 5592 vt
3111 5542 3228 5594 dies
3255 5535 3647 5599 obs‘ervabaut.
3672 5559 3785 5596 non

2207 5624 2368 5682 uuam
2388 5609 2681 5682 duntaxat.
2701 5608 2887 5682 Quare
2910 5624 3008 5682 nos
3034 5625 3105 5682 eo
3137 5611 3279 5682 loco,
3314 5611 3366 5663 id
3399 5622 3481 5665 est
3508 5629 3629 5682 pug.
3653 5613 3781 5676 421,

2206 5695 2258 5730 v.
2285 5679 2341 5740 2,
2371 5681 2404 5746 ἡ
2439 5677 3063 5751 αύτὴ-πεντεκαιδεκάτη
3091 5679 3481 5746 ἑπιφώσκουσα
3508 5677 3625 5751 pro
3652 5697 3782 5733 τεσ-

2208 5748 2670 5816 σαρεσκαιδεκάτη
2685 5748 3092 5802 rescribendum
3108 5757 3384 5815 putamus.
3405 5748 3580 5815 Quam
3601 5765 3787 5806 emen-

2205 5817 2478 5870 dationem
2514 5819 2777 5872 sententia
2810 5818 2924 5886 ipsa
2953 5820 3209 5887 postulat.
