  <div class='ocr_page' id='page_1' title='image "/cluster/home/n/w/nwhite01/storage/ocr_20150623/42/nnc1.0046978682/208.png"; bbox 0 0 4138 6396; ppageno 0'>
   <div class='ocr_carea' id='block_1_1' title="bbox 291 449 399 505">
    <p class='ocr_par' dir='ltr' id='par_1_1' title="bbox 291 449 399 505">
     <span class='ocr_line' id='line_1_1' title="bbox 291 449 399 505; baseline 0.009 -2"><span class='ocrx_word' id='word_1_1' title='bbox 291 449 399 505; x_wconf 77' lang='lat'><strong>565</strong></span> 
     </span>
    </p>
   </div>
   <div class='ocr_carea' id='block_1_2' title="bbox 929 445 1881 506">
    <p class='ocr_par' dir='ltr' id='par_1_2' title="bbox 929 445 1845 505">
     <span class='ocr_line' id='line_1_2' title="bbox 929 445 1845 505; baseline 0.004 -5"><span class='ocrx_word' id='word_1_2' title='bbox 929 445 1300 505; x_wconf 74' lang='lat' dir='ltr'><strong>ADVERSUS</strong></span> <span class='ocrx_word' id='word_1_3' title='bbox 1339 446 1680 504; x_wconf 67' lang='lat' dir='ltr'><strong>HERESES</strong></span> <span class='ocrx_word' id='word_1_4' title='bbox 1718 447 1845 505; x_wconf 84' lang='lat' dir='ltr'><strong>LIB.</strong></span> 
     </span>
    </p>
   </div>
   <div class='ocr_carea' id='block_1_3' title="bbox 1981 445 2876 506">
    <p class='ocr_par' dir='ltr' id='par_1_3' title="bbox 2016 449 2876 506">
     <span class='ocr_line' id='line_1_3' title="bbox 2016 449 2876 506; baseline 0 -2"><span class='ocrx_word' id='word_1_5' title='bbox 2016 449 2178 504; x_wconf 81' lang='grc' dir='ltr'><strong>ΤΟΜ.</strong></span> <span class='ocrx_word' id='word_1_6' title='bbox 2216 449 2257 504; x_wconf 85' lang='grc'><strong>1.</strong></span> <span class='ocrx_word' id='word_1_7' title='bbox 2289 480 2360 491; x_wconf 93' lang='grc'><strong><em>-</em></strong></span> <span class='ocrx_word' id='word_1_8' title='bbox 2397 449 2669 505; x_wconf 72' lang='grc' dir='ltr'><strong>ΗΑΞΒΕΞ,</strong></span> <span class='ocrx_word' id='word_1_9' title='bbox 2711 450 2876 506; x_wconf 80' lang='lat' dir='ltr'><strong>LXX.</strong></span> 
     </span>
    </p>
   </div>
   <div class='ocr_carea' id='block_1_4' title="bbox 3448 448 3554 503">
    <p class='ocr_par' dir='ltr' id='par_1_4' title="bbox 3448 448 3554 503">
     <span class='ocr_line' id='line_1_4' title="bbox 3448 448 3554 503; baseline -0.009 0"><span class='ocrx_word' id='word_1_10' title='bbox 3448 448 3554 503; x_wconf 69' lang='lat'><strong>366</strong></span> 
     </span>
    </p>
   </div>
   <div class='ocr_carea' id='block_1_5' title="bbox 292 560 1881 637">
    <p class='ocr_par' dir='ltr' id='par_1_5' title="bbox 292 560 1867 637">
     <span class='ocr_line' id='line_1_5' title="bbox 292 560 1867 637; baseline -0.001 -19"><span class='ocrx_word' id='word_1_11' title='bbox 292 567 525 637; x_wconf 79' lang='grc' dir='ltr'><strong>πέμπτῃ</strong></span> <span class='ocrx_word' id='word_1_12' title='bbox 557 560 860 624; x_wconf 69' lang='grc' dir='ltr'><strong>σαϐϐάτων,</strong></span> <span class='ocrx_word' id='word_1_13' title='bbox 901 560 995 614; x_wconf 78' lang='grc' dir='ltr'><strong>ἐάν</strong></span> <span class='ocrx_word' id='word_1_14' title='bbox 1024 579 1082 614; x_wconf 91' lang='grc' dir='ltr'><strong>τε</strong></span> <span class='ocrx_word' id='word_1_15' title='bbox 1111 562 1499 633; x_wconf 77' lang='grc' dir='ltr'><strong>προσαόϐάτῳ,</strong></span> <span class='ocrx_word' id='word_1_16' title='bbox 1530 563 1622 617; x_wconf 83' lang='grc' dir='ltr'><strong>ἑάν</strong></span> <span class='ocrx_word' id='word_1_17' title='bbox 1651 582 1710 616; x_wconf 87' lang='grc' dir='ltr'><strong>τε</strong></span> <span class='ocrx_word' id='word_1_18' title='bbox 1739 565 1867 617; x_wconf 76' lang='grc' dir='ltr'><strong>σαϐ-</strong></span> 
     </span>
    </p>
   </div>
   <div class='ocr_carea' id='block_1_6' title="bbox 1981 560 3552 637">
    <p class='ocr_par' dir='ltr' id='par_1_6' title="bbox 1981 563 3552 635">
     <span class='ocr_line' id='line_1_6' title="bbox 1981 563 3552 635; baseline -0.001 -15"><span class='ocrx_word' id='word_1_19' title='bbox 1981 565 2332 620; x_wconf 81' lang='lat' dir='ltr'><strong>lestinantur.</strong></span> <span class='ocrx_word' id='word_1_20' title='bbox 2385 564 2517 618; x_wconf 83' lang='lat' dir='ltr'><strong>Nam</strong></span> <span class='ocrx_word' id='word_1_21' title='bbox 2567 581 2741 634; x_wconf 89' lang='lat' dir='ltr'><strong>neque</strong></span> <span class='ocrx_word' id='word_1_22' title='bbox 2803 579 2834 617; x_wconf 89' lang='lat' dir='ltr'><strong>a</strong></span> <span class='ocrx_word' id='word_1_23' title='bbox 2874 579 2958 618; x_wconf 81' lang='lat' dir='ltr'><strong>xvi</strong></span> <span class='ocrx_word' id='word_1_24' title='bbox 3010 565 3152 618; x_wconf 62' lang='lat' dir='ltr'><strong>lunae</strong></span> <span class='ocrx_word' id='word_1_25' title='bbox 3199 563 3321 626; x_wconf 87' lang='lat' dir='ltr'><strong>die,</strong></span> <span class='ocrx_word' id='word_1_26' title='bbox 3376 579 3552 635; x_wconf 88' lang='lat' dir='ltr'><strong>neque</strong></span> 
     </span>
    </p>
   </div>
   <div class='ocr_carea' id='block_1_7' title="bbox 291 649 1881 729">
    <p class='ocr_par' dir='ltr' id='par_1_7' title="bbox 291 649 1881 729">
     <span class='ocr_line' id='line_1_7' title="bbox 291 649 1881 729; baseline -0.001 -23"><span class='ocrx_word' id='word_1_27' title='bbox 291 655 463 729; x_wconf 70' lang='grc' dir='ltr'><strong>ϐάτῳ,</strong></span> <span class='ocrx_word' id='word_1_28' title='bbox 483 651 591 704; x_wconf 85' lang='grc' dir='ltr'><strong>τῶν</strong></span> <span class='ocrx_word' id='word_1_29' title='bbox 608 649 668 714; x_wconf 81' lang='grc' dir='ltr'><strong>ἓξ</strong></span> <span class='ocrx_word' id='word_1_30' title='bbox 689 649 909 721; x_wconf 78' lang='grc' dir='ltr'><strong>ἡμερῶν</strong></span> <span class='ocrx_word' id='word_1_31' title='bbox 926 649 1062 719; x_wconf 84' lang='grc' dir='ltr'><strong>πρὸς</strong></span> <span class='ocrx_word' id='word_1_32' title='bbox 1078 649 1176 720; x_wconf 86' lang='grc' dir='ltr'><strong>τὴν</strong></span> <span class='ocrx_word' id='word_1_33' title='bbox 1186 649 1440 721; x_wconf 82' lang='grc' dir='ltr'><strong>τοιαύτην</strong></span> <span class='ocrx_word' id='word_1_34' title='bbox 1457 650 1710 704; x_wconf 86' lang='grc' dir='ltr'><strong>ὑπόθεσιν</strong></span> <span class='ocrx_word' id='word_1_35' title='bbox 1726 654 1881 721; x_wconf 70' lang='grc' dir='ltr'><strong>ἐχου-</strong></span> 
     </span>
    </p>
   </div>
   <div class='ocr_carea' id='block_1_8' title="bbox 294 739 1880 817">
    <p class='ocr_par' dir='ltr' id='par_1_8' title="bbox 294 739 1880 817">
     <span class='ocr_line' id='line_1_8' title="bbox 294 739 1880 817; baseline 0 -18"><span class='ocrx_word' id='word_1_36' title='bbox 294 745 405 799; x_wconf 85' lang='grc' dir='ltr'><strong>σῶν</strong></span> <span class='ocrx_word' id='word_1_37' title='bbox 449 743 548 816; x_wconf 86' lang='grc' dir='ltr'><strong>τὴν</strong></span> <span class='ocrx_word' id='word_1_38' title='bbox 582 743 865 813; x_wconf 85' lang='grc' dir='ltr'><strong>διοίκησιν.</strong></span> <span class='ocrx_word' id='word_1_39' title='bbox 899 739 1037 794; x_wconf 77' lang='grc' dir='ltr'><strong>οὔτε</strong></span> <span class='ocrx_word' id='word_1_40' title='bbox 1086 741 1196 814; x_wconf 79' lang='grc' dir='ltr'><strong>γὰρ</strong></span> <span class='ocrx_word' id='word_1_41' title='bbox 1234 742 1292 806; x_wconf 80' lang='grc' dir='ltr'><strong>ἑξ</strong></span> <span class='ocrx_word' id='word_1_42' title='bbox 1325 743 1720 814; x_wconf 72' lang='grc' dir='ltr'><strong>ἑκκαιδεκάτης</strong></span> <span class='ocrx_word' id='word_1_43' title='bbox 1767 746 1880 817; x_wconf 69' lang='lat'><strong>(29.)</strong></span> 
     </span>
    </p>
   </div>
   <div class='ocr_carea' id='block_1_9' title="bbox 290 831 1881 906">
    <p class='ocr_par' dir='ltr' id='par_1_9' title="bbox 290 831 1881 906">
     <span class='ocr_line' id='line_1_9' title="bbox 290 831 1881 906; baseline 0.003 -20"><span class='ocrx_word' id='word_1_44' title='bbox 290 834 588 905; x_wconf 83' lang='grc' dir='ltr'><strong>δυνάμεθα,</strong></span> <span class='ocrx_word' id='word_1_45' title='bbox 604 833 728 888; x_wconf 77' lang='grc' dir='ltr'><strong>οὔτε</strong></span> <span class='ocrx_word' id='word_1_46' title='bbox 744 831 852 886; x_wconf 76' lang='grc' dir='ltr'><strong>ἀπὸ</strong></span> <span class='ocrx_word' id='word_1_47' title='bbox 867 832 1060 900; x_wconf 79' lang='grc' dir='ltr'><strong>ἐνάτης</strong></span> <span class='ocrx_word' id='word_1_48' title='bbox 1075 833 1304 903; x_wconf 82' lang='grc' dir='ltr'><strong>σελήνης</strong></span> <span class='ocrx_word' id='word_1_49' title='bbox 1319 833 1592 904; x_wconf 84' lang='grc' dir='ltr'><strong>δυνάμεθα</strong></span> <span class='ocrx_word' id='word_1_50' title='bbox 1614 833 1881 906; x_wconf 81' lang='grc' dir='ltr'>ἄρξασθαι</span> 
     </span>
    </p>
   </div>
   <div class='ocr_carea' id='block_1_10' title="bbox 291 922 1882 999">
    <p class='ocr_par' dir='ltr' id='par_1_10' title="bbox 291 922 1882 999">
     <span class='ocr_line' id='line_1_10' title="bbox 291 922 1882 999; baseline 0.001 -21"><span class='ocrx_word' id='word_1_51' title='bbox 291 927 390 997; x_wconf 85' lang='grc' dir='ltr'><strong>τῆς</strong></span> <span class='ocrx_word' id='word_1_52' title='bbox 403 925 694 994; x_wconf 76' lang='grc' dir='ltr'><strong>ἑϐδομάδος</strong></span> <span class='ocrx_word' id='word_1_53' title='bbox 717 924 816 994; x_wconf 80' lang='grc' dir='ltr'><strong>τῆς</strong></span> <span class='ocrx_word' id='word_1_54' title='bbox 834 922 1202 994; x_wconf 82' lang='grc' dir='ltr'><strong>Ξηροφαγίας,</strong></span> <span class='ocrx_word' id='word_1_55' title='bbox 1227 926 1320 977; x_wconf 80' lang='grc' dir='ltr'>καὶ</span> <span class='ocrx_word' id='word_1_56' title='bbox 1336 925 1526 998; x_wconf 79' lang='grc' dir='ltr'>Πάσχα</span> <span class='ocrx_word' id='word_1_57' title='bbox 1541 930 1708 983; x_wconf 86' lang='grc' dir='ltr'>καλου</span> <span class='ocrx_word' id='word_1_58' title='bbox 1717 928 1882 999; x_wconf 82' lang='grc' dir='ltr'><strong>μένης</strong></span> 
     </span>
    </p>
   </div>
   <div class='ocr_carea' id='block_1_11' title="bbox 292 1012 1881 1088">
    <p class='ocr_par' dir='ltr' id='par_1_11' title="bbox 292 1012 1881 1088">
     <span class='ocr_line' id='line_1_11' title="bbox 292 1012 1881 1088; baseline -0.001 -20"><span class='ocrx_word' id='word_1_59' title='bbox 292 1016 492 1085; x_wconf 77' lang='grc' dir='ltr'><strong>ἁγίας,</strong></span> <span class='ocrx_word' id='word_1_60' title='bbox 536 1013 674 1069; x_wconf 79' lang='grc' dir='ltr'>ἀλλὰ</span> <span class='ocrx_word' id='word_1_61' title='bbox 712 1013 821 1067; x_wconf 80' lang='grc' dir='ltr'><strong>ἀπὸ</strong></span> <span class='ocrx_word' id='word_1_62' title='bbox 857 1013 1091 1084; x_wconf 82' lang='grc' dir='ltr'><strong>δεκάτης</strong></span> <span class='ocrx_word' id='word_1_63' title='bbox 1142 1012 1246 1078; x_wconf 77' lang='grc' dir='ltr'><strong>ἕως</strong></span> <span class='ocrx_word' id='word_1_64' title='bbox 1293 1015 1712 1088; x_wconf 79' lang='grc' dir='ltr'><strong>ἑπιφωσκούσης</strong></span> <span class='ocrx_word' id='word_1_65' title='bbox 1750 1034 1881 1073; x_wconf 85' lang='grc' dir='ltr'><strong>πεν-</strong></span> 
     </span>
    </p>
   </div>
   <div class='ocr_carea' id='block_1_12' title="bbox 291 1103 1878 1180">
    <p class='ocr_par' dir='ltr' id='par_1_12' title="bbox 291 1103 1878 1180">
     <span class='ocr_line' id='line_1_12' title="bbox 291 1103 1878 1180; baseline -0.003 -22"><span class='ocrx_word' id='word_1_66' title='bbox 291 1105 728 1176; x_wconf 84' lang='grc' dir='ltr'><strong>τεκαιδεκάτης,</strong></span> <span class='ocrx_word' id='word_1_67' title='bbox 790 1103 1133 1175; x_wconf 81' lang='grc' dir='ltr'><strong>μεσαζούσης</strong></span> <span class='ocrx_word' id='word_1_68' title='bbox 1175 1103 1285 1156; x_wconf 84' lang='grc' dir='ltr'>τῶν</span> <span class='ocrx_word' id='word_1_69' title='bbox 1329 1104 1424 1157; x_wconf 86' lang='grc' dir='ltr'><strong>δύο</strong></span> <span class='ocrx_word' id='word_1_70' title='bbox 1479 1107 1694 1180; x_wconf 80' lang='grc' dir='ltr'><strong>δρόμων</strong></span> <span class='ocrx_word' id='word_1_71' title='bbox 1743 1108 1878 1178; x_wconf 63' lang='grc'><strong>(25),</strong></span> 
     </span>
    </p>
   </div>
   <div class='ocr_carea' id='block_1_13' title="bbox 293 1196 1877 1271">
    <p class='ocr_par' dir='ltr' id='par_1_13' title="bbox 293 1196 1877 1271">
     <span class='ocr_line' id='line_1_13' title="bbox 293 1196 1877 1271; baseline -0.001 -17"><span class='ocrx_word' id='word_1_72' title='bbox 293 1199 489 1262; x_wconf 88' lang='grc' dir='ltr'><strong>νυκτός</strong></span> <span class='ocrx_word' id='word_1_73' title='bbox 521 1215 578 1250; x_wconf 85' lang='grc' dir='ltr'><strong>τε</strong></span> <span class='ocrx_word' id='word_1_74' title='bbox 607 1197 702 1250; x_wconf 70' lang='grc' dir='ltr'>καὶ</span> <span class='ocrx_word' id='word_1_75' title='bbox 732 1196 946 1267; x_wconf 81' lang='grc' dir='ltr'><strong>ἡμέρας</strong></span> <span class='ocrx_word' id='word_1_76' title='bbox 965 1212 978 1226; x_wconf 81' lang='grc'><em>’</em></span> <span class='ocrx_word' id='word_1_77' title='bbox 1019 1197 1111 1249; x_wconf 77' lang='grc' dir='ltr'><strong>καὶ</strong></span> <span class='ocrx_word' id='word_1_78' title='bbox 1142 1198 1757 1271; x_wconf 77' lang='grc' dir='ltr'><strong>συναναλαμϐάνομένου</strong></span> <span class='ocrx_word' id='word_1_79' title='bbox 1785 1199 1877 1253; x_wconf 82' lang='grc' dir='ltr'><strong>τοῦ</strong></span> 
     </span>
    </p>
   </div>
   <div class='ocr_carea' id='block_1_14' title="bbox 291 1286 1879 1364">
    <p class='ocr_par' dir='ltr' id='par_1_14' title="bbox 291 1286 1879 1364">
     <span class='ocr_line' id='line_1_14' title="bbox 291 1286 1879 1364; baseline 0.003 -23"><span class='ocrx_word' id='word_1_80' title='bbox 291 1289 472 1344; x_wconf 78' lang='grc' dir='ltr'>αὐτῶν</span> <span class='ocrx_word' id='word_1_81' title='bbox 503 1288 616 1358; x_wconf 66' lang='grc'><strong>(9.4)</strong></span> <span class='ocrx_word' id='word_1_82' title='bbox 648 1286 880 1360; x_wconf 80' lang='grc' dir='ltr'><strong>ἀριθμοῦ</strong></span> <span class='ocrx_word' id='word_1_83' title='bbox 915 1287 1025 1340; x_wconf 83' lang='grc' dir='ltr'><strong>τῶν</strong></span> <span class='ocrx_word' id='word_1_84' title='bbox 1059 1287 1472 1360; x_wconf 81' lang='grc' dir='ltr'><strong>δεκατεσσάρων</strong></span> <span class='ocrx_word' id='word_1_85' title='bbox 1519 1292 1741 1364; x_wconf 75' lang='grc' dir='ltr'><strong>ἡμερῶν</strong></span> <span class='ocrx_word' id='word_1_86' title='bbox 1780 1291 1879 1361; x_wconf 81' lang='grc' dir='ltr'><strong>τῆς</strong></span> 
     </span>
    </p>
   </div>
   <div class='ocr_carea' id='block_1_15' title="bbox 295 1379 1880 1455">
    <p class='ocr_par' dir='ltr' id='par_1_15' title="bbox 295 1379 1880 1455">
     <span class='ocr_line' id='line_1_15' title="bbox 295 1379 1880 1455; baseline 0.001 -20"><span class='ocrx_word' id='word_1_87' title='bbox 295 1383 548 1453; x_wconf 81' lang='grc' dir='ltr'><strong>σελήνης,</strong></span> <span class='ocrx_word' id='word_1_88' title='bbox 579 1379 681 1434; x_wconf 74' lang='grc' dir='ltr'><strong>κάν</strong></span> <span class='ocrx_word' id='word_1_89' title='bbox 707 1397 764 1433; x_wconf 86' lang='grc' dir='ltr'><strong>τε</strong></span> <span class='ocrx_word' id='word_1_90' title='bbox 796 1379 1148 1451; x_wconf 84' lang='grc' dir='ltr'><strong>παράπτηται</strong></span> <span class='ocrx_word' id='word_1_91' title='bbox 1183 1384 1262 1443; x_wconf 83' lang='grc' dir='ltr'><strong>εἰς</strong></span> <span class='ocrx_word' id='word_1_92' title='bbox 1305 1383 1602 1451; x_wconf 76' lang='grc' dir='ltr'><strong>ἑπίφαυσιν</strong></span> <span class='ocrx_word' id='word_1_93' title='bbox 1631 1385 1729 1455; x_wconf 89' lang='grc' dir='ltr'><strong>τῆς</strong></span> <span class='ocrx_word' id='word_1_94' title='bbox 1758 1401 1880 1438; x_wconf 92' lang='grc' dir='ltr'><strong>πεν-</strong></span> 
     </span>
    </p>
   </div>
   <div class='ocr_carea' id='block_1_16' title="bbox 292 1471 1877 1547">
    <p class='ocr_par' dir='ltr' id='par_1_16' title="bbox 292 1471 1877 1547">
     <span class='ocr_line' id='line_1_16' title="bbox 292 1471 1877 1547; baseline 0.001 -19"><span class='ocrx_word' id='word_1_95' title='bbox 292 1475 702 1544; x_wconf 81' lang='grc' dir='ltr'><strong>τεκαιδεκάτης,</strong></span> <span class='ocrx_word' id='word_1_96' title='bbox 739 1471 826 1525; x_wconf 81' lang='grc' dir='ltr'><strong>διὰ</strong></span> <span class='ocrx_word' id='word_1_97' title='bbox 873 1472 970 1542; x_wconf 81' lang='grc' dir='ltr'><strong>τὴν</strong></span> <span class='ocrx_word' id='word_1_98' title='bbox 1003 1473 1061 1539; x_wconf 80' lang='grc' dir='ltr'>ἐξ</span> <span class='ocrx_word' id='word_1_99' title='bbox 1106 1474 1350 1546; x_wconf 84' lang='grc' dir='ltr'><strong>ἀνάγκης</strong></span> <span class='ocrx_word' id='word_1_100' title='bbox 1378 1476 1661 1547; x_wconf 78' lang='grc' dir='ltr'><strong>ἀκρίϐειαν</strong></span> <span class='ocrx_word' id='word_1_101' title='bbox 1689 1476 1781 1530; x_wconf 79' lang='grc' dir='ltr'><strong>τοῦ</strong></span> <span class='ocrx_word' id='word_1_102' title='bbox 1819 1494 1877 1530; x_wconf 91' lang='grc' dir='ltr'><strong>τε</strong></span> 
     </span>
    </p>
   </div>
   <div class='ocr_carea' id='block_1_17' title="bbox 294 1565 1878 1641">
    <p class='ocr_par' dir='ltr' id='par_1_17' title="bbox 294 1565 1878 1641">
     <span class='ocr_line' id='line_1_17' title="bbox 294 1565 1878 1641; baseline 0.001 -20"><span class='ocrx_word' id='word_1_103' title='bbox 294 1567 522 1639; x_wconf 76' lang='grc' dir='ltr'><strong>ἡλιακοῦ</strong></span> <span class='ocrx_word' id='word_1_104' title='bbox 551 1567 750 1638; x_wconf 83' lang='grc' dir='ltr'>δρόμου</span> <span class='ocrx_word' id='word_1_105' title='bbox 800 1565 938 1636; x_wconf 83' lang='grc' dir='ltr'><strong>μετὰ</strong></span> <span class='ocrx_word' id='word_1_106' title='bbox 973 1565 1070 1636; x_wconf 80' lang='grc' dir='ltr'><strong>τὴν</strong></span> <span class='ocrx_word' id='word_1_107' title='bbox 1103 1567 1416 1638; x_wconf 70' lang='grc' dir='ltr'><strong>ἰσημερίαν,</strong></span> <span class='ocrx_word' id='word_1_108' title='bbox 1451 1570 1545 1622; x_wconf 68' lang='grc' dir='ltr'>καὶ</span> <span class='ocrx_word' id='word_1_109' title='bbox 1583 1568 1676 1622; x_wconf 79' lang='grc' dir='ltr'><strong>τοῦ</strong></span> <span class='ocrx_word' id='word_1_110' title='bbox 1724 1570 1878 1641; x_wconf 89' lang='grc' dir='ltr'><strong>σελη-</strong></span> 
     </span>
    </p>
   </div>
   <div class='ocr_carea' id='block_1_18' title="bbox 295 1652 1876 1729">
    <p class='ocr_par' dir='ltr' id='par_1_18' title="bbox 295 1652 1876 1729">
     <span class='ocr_line' id='line_1_18' title="bbox 295 1652 1876 1729; baseline 0.004 -23"><span class='ocrx_word' id='word_1_111' title='bbox 295 1654 485 1707; x_wconf 82' lang='grc' dir='ltr'><strong>νιακοῦ</strong></span> <span class='ocrx_word' id='word_1_112' title='bbox 550 1653 751 1724; x_wconf 84' lang='grc' dir='ltr'><strong>δρόμου</strong></span> <span class='ocrx_word' id='word_1_113' title='bbox 807 1652 896 1706; x_wconf 80' lang='grc' dir='ltr'><strong>διὰ</strong></span> <span class='ocrx_word' id='word_1_114' title='bbox 954 1653 1050 1724; x_wconf 81' lang='grc' dir='ltr'><strong>τὴν</strong></span> <span class='ocrx_word' id='word_1_115' title='bbox 1104 1657 1724 1729; x_wconf 76' lang='grc' dir='ltr'>τεσσαρεσκαιδεκάτην,</span> <span class='ocrx_word' id='word_1_116' title='bbox 1781 1660 1876 1712; x_wconf 70' lang='grc' dir='ltr'><strong>καὶ</strong></span> 
     </span>
    </p>
   </div>
   <div class='ocr_carea' id='block_1_19' title="bbox 292 1744 1875 1820">
    <p class='ocr_par' dir='ltr' id='par_1_19' title="bbox 292 1744 1875 1820">
     <span class='ocr_line' id='line_1_19' title="bbox 292 1744 1875 1820; baseline 0.003 -22"><span class='ocrx_word' id='word_1_117' title='bbox 292 1747 394 1817; x_wconf 70' lang='grc' dir='ltr'><strong>τῆς</strong></span> <span class='ocrx_word' id='word_1_118' title='bbox 444 1745 737 1816; x_wconf 76' lang='grc' dir='ltr'><strong>ἑϐδομάδος</strong></span> <span class='ocrx_word' id='word_1_119' title='bbox 788 1744 1027 1816; x_wconf 80' lang='grc' dir='ltr'><strong>πλήρους</strong></span> <span class='ocrx_word' id='word_1_120' title='bbox 1061 1745 1148 1799; x_wconf 82' lang='grc' dir='ltr'><strong>διὰ</strong></span> <span class='ocrx_word' id='word_1_121' title='bbox 1180 1747 1278 1818; x_wconf 86' lang='grc' dir='ltr'><strong>τὴν</strong></span> <span class='ocrx_word' id='word_1_122' title='bbox 1323 1748 1624 1820; x_wconf 83' lang='grc' dir='ltr'><strong>Κυριακὴν,</strong></span> <span class='ocrx_word' id='word_1_123' title='bbox 1661 1751 1752 1802; x_wconf 83' lang='grc' dir='ltr'>καὶ</span> <span class='ocrx_word' id='word_1_124' title='bbox 1786 1751 1875 1804; x_wconf 78' lang='grc' dir='ltr'><strong>τὸν</strong></span> 
     </span>
    </p>
   </div>
   <div class='ocr_carea' id='block_1_20' title="bbox 295 1837 1872 1911">
    <p class='ocr_par' dir='ltr' id='par_1_20' title="bbox 295 1837 1872 1911">
     <span class='ocr_line' id='line_1_20' title="bbox 295 1837 1872 1911; baseline 0.001 -20"><span class='ocrx_word' id='word_1_125' title='bbox 295 1838 405 1891; x_wconf 82' lang='grc' dir='ltr'><strong>ἀπὸ</strong></span> <span class='ocrx_word' id='word_1_126' title='bbox 450 1837 682 1908; x_wconf 90' lang='grc' dir='ltr'><strong>δεκάτης</strong></span> <span class='ocrx_word' id='word_1_127' title='bbox 740 1837 954 1907; x_wconf 77' lang='grc' dir='ltr'><strong>ἡμέρας</strong></span> <span class='ocrx_word' id='word_1_128' title='bbox 1001 1837 1230 1909; x_wconf 76' lang='grc' dir='ltr'><strong>σελήνης</strong></span> <span class='ocrx_word' id='word_1_129' title='bbox 1285 1839 1539 1910; x_wconf 85' lang='grc' dir='ltr'><strong>ἀριθμὸν,</strong></span> <span class='ocrx_word' id='word_1_130' title='bbox 1587 1841 1709 1911; x_wconf 82' lang='grc' dir='ltr'><strong>ῆτις</strong></span> <span class='ocrx_word' id='word_1_131' title='bbox 1755 1841 1872 1894; x_wconf 76' lang='grc' dir='ltr'><strong>ἐστὶ</strong></span> 
     </span>
    </p>
   </div>
   <div class='ocr_carea' id='block_1_21' title="bbox 297 1914 1952 2002">
    <p class='ocr_par' dir='ltr' id='par_1_21' title="bbox 297 1914 1952 2002">
     <span class='ocr_line' id='line_1_21' title="bbox 297 1914 1952 2002; baseline 0 -18"><span class='ocrx_word' id='word_1_132' title='bbox 297 1931 562 2001; x_wconf 80' lang='grc' dir='ltr'>σύλληψις</span> <span class='ocrx_word' id='word_1_133' title='bbox 611 1929 705 1983; x_wconf 84' lang='grc' dir='ltr'><strong>τοῦ</strong></span> <span class='ocrx_word' id='word_1_134' title='bbox 759 1931 1036 2002; x_wconf 81' lang='grc' dir='ltr'><strong>προὸάτου</strong></span> <span class='ocrx_word' id='word_1_135' title='bbox 1057 1969 1071 1993; x_wconf 85' lang='grc'><em>,</em></span> <span class='ocrx_word' id='word_1_136' title='bbox 1118 1931 1213 1983; x_wconf 76' lang='grc' dir='ltr'><strong>καὶ</strong></span> <span class='ocrx_word' id='word_1_137' title='bbox 1257 1932 1570 2002; x_wconf 75' lang='grc' dir='ltr'><strong>ἀκροστιχὶς</strong></span> <span class='ocrx_word' id='word_1_138' title='bbox 1615 1931 1709 1985; x_wconf 81' lang='grc' dir='ltr'><strong>τοῦ</strong></span> <span class='ocrx_word' id='word_1_139' title='bbox 1766 1933 1879 1985; x_wconf 69' lang='grc' dir='ltr'><strong>όνόο</strong></span> <span class='ocrx_word' id='word_1_140' title='bbox 1910 1914 1952 1967; x_wconf 73' lang='grc' dir='ltr'><strong>Β</strong></span> 
     </span>
    </p>
   </div>
   <div class='ocr_carea' id='block_1_22' title="bbox 301 2021 1882 2095">
    <p class='ocr_par' dir='ltr' id='par_1_22' title="bbox 301 2021 1882 2095">
     <span class='ocr_line' id='line_1_22' title="bbox 301 2021 1882 2095; baseline -0.001 -17"><span class='ocrx_word' id='word_1_141' title='bbox 301 2041 469 2094; x_wconf 81' lang='grc' dir='ltr'><strong>ματος</strong></span> <span class='ocrx_word' id='word_1_142' title='bbox 523 2021 617 2075; x_wconf 83' lang='grc' dir='ltr'><strong>τοῦ</strong></span> <span class='ocrx_word' id='word_1_143' title='bbox 668 2022 873 2093; x_wconf 82' lang='grc' dir='ltr'><strong>Ἰησοῦ·</strong></span> <span class='ocrx_word' id='word_1_144' title='bbox 909 2022 1095 2093; x_wconf 75' lang='grc' dir='ltr'><strong>ἐπειδὴ</strong></span> <span class='ocrx_word' id='word_1_145' title='bbox 1145 2023 1223 2092; x_wconf 82' lang='grc' dir='ltr'><strong>τῷ</strong></span> <span class='ocrx_word' id='word_1_146' title='bbox 1283 2024 1505 2095; x_wconf 84' lang='grc' dir='ltr'><strong>ὀνόματι</strong></span> <span class='ocrx_word' id='word_1_147' title='bbox 1569 2024 1734 2079; x_wconf 78' lang='grc' dir='ltr'><strong>αὐτοῦ</strong></span> <span class='ocrx_word' id='word_1_148' title='bbox 1797 2026 1882 2078; x_wconf 83' lang='grc' dir='ltr'><strong>άν-</strong></span> 
     </span>
    </p>
   </div>
   <div class='ocr_carea' id='block_1_23' title="bbox 297 2114 1880 2189">
    <p class='ocr_par' dir='ltr' id='par_1_23' title="bbox 297 2114 1880 2189">
     <span class='ocr_line' id='line_1_23' title="bbox 297 2114 1880 2189; baseline 0.001 -19"><span class='ocrx_word' id='word_1_149' title='bbox 297 2117 524 2170; x_wconf 78' lang='grc' dir='ltr'><strong>τῖτυπον</strong></span> <span class='ocrx_word' id='word_1_150' title='bbox 561 2114 726 2169; x_wconf 85' lang='grc' dir='ltr'>αὐτοῦ</span> <span class='ocrx_word' id='word_1_151' title='bbox 771 2115 1043 2186; x_wconf 76' lang='grc' dir='ltr'><strong>πρόϐατον</strong></span> <span class='ocrx_word' id='word_1_152' title='bbox 1079 2115 1443 2186; x_wconf 81' lang='grc' dir='ltr'><strong>ἐλαμϐάνετο,</strong></span> <span class='ocrx_word' id='word_1_153' title='bbox 1490 2117 1601 2170; x_wconf 74' lang='grc' dir='ltr'><strong>ἀπὸ</strong></span> <span class='ocrx_word' id='word_1_154' title='bbox 1646 2117 1880 2189; x_wconf 84' lang='grc' dir='ltr'><strong>δεκάτης</strong></span> 
     </span>
    </p>
   </div>
   <div class='ocr_carea' id='block_1_24' title="bbox 298 2207 1883 2280">
    <p class='ocr_par' dir='ltr' id='par_1_24' title="bbox 298 2207 1883 2280">
     <span class='ocr_line' id='line_1_24' title="bbox 298 2207 1883 2280; baseline 0.001 -18"><span class='ocrx_word' id='word_1_155' title='bbox 298 2209 475 2274; x_wconf 70' lang='grc' dir='ltr'><strong>οὕτως</strong></span> <span class='ocrx_word' id='word_1_156' title='bbox 516 2209 832 2280; x_wconf 81' lang='grc' dir='ltr'><strong>ὁριζόμενον</strong></span> <span class='ocrx_word' id='word_1_157' title='bbox 855 2225 869 2237; x_wconf 89' lang='grc'><strong>·</strong></span> <span class='ocrx_word' id='word_1_158' title='bbox 908 2207 1092 2260; x_wconf 79' lang='grc' dir='ltr'><strong>οὐκέτι</strong></span> <span class='ocrx_word' id='word_1_159' title='bbox 1130 2207 1187 2260; x_wconf 81' lang='grc' dir='ltr'><strong>δὲ</strong></span> <span class='ocrx_word' id='word_1_160' title='bbox 1231 2209 1655 2280; x_wconf 73' lang='grc' dir='ltr'><strong>ἑπιφωσκούσης</strong></span> <span class='ocrx_word' id='word_1_161' title='bbox 1701 2211 1883 2263; x_wconf 82' lang='grc' dir='ltr'><strong>ἑκκαι-</strong></span> 
     </span>
    </p>
   </div>
   <div class='ocr_carea' id='block_1_25' title="bbox 295 2299 1880 2373">
    <p class='ocr_par' dir='ltr' id='par_1_25' title="bbox 295 2299 1880 2373">
     <span class='ocr_line' id='line_1_25' title="bbox 295 2299 1880 2373; baseline 0 -19"><span class='ocrx_word' id='word_1_162' title='bbox 295 2301 557 2372; x_wconf 87' lang='grc' dir='ltr'><strong>δεκάτης.</strong></span> <span class='ocrx_word' id='word_1_163' title='bbox 609 2299 732 2354; x_wconf 75' lang='grc' dir='ltr'><strong>οὔτε</strong></span> <span class='ocrx_word' id='word_1_164' title='bbox 766 2300 873 2352; x_wconf 83' lang='grc' dir='ltr'><strong>ἀπὸ</strong></span> <span class='ocrx_word' id='word_1_165' title='bbox 924 2301 1145 2354; x_wconf 85' lang='grc' dir='ltr'><strong>ἑννάτου</strong></span> <span class='ocrx_word' id='word_1_166' title='bbox 1194 2300 1421 2372; x_wconf 83' lang='grc' dir='ltr'><strong>σελήνης</strong></span> <span class='ocrx_word' id='word_1_167' title='bbox 1471 2301 1746 2371; x_wconf 82' lang='grc' dir='ltr'><strong>δυνάμεθα</strong></span> <span class='ocrx_word' id='word_1_168' title='bbox 1781 2303 1880 2373; x_wconf 84' lang='grc' dir='ltr'><strong>τὴν</strong></span> 
     </span>
    </p>
   </div>
   <div class='ocr_carea' id='block_1_26' title="bbox 297 2390 1880 2465">
    <p class='ocr_par' dir='ltr' id='par_1_26' title="bbox 297 2390 1880 2465">
     <span class='ocr_line' id='line_1_26' title="bbox 297 2390 1880 2465; baseline -0.014 2"><span class='ocrx_word' id='word_1_169' title='bbox 297 2391 478 2463; x_wconf 64' lang='grc' dir='ltr'><strong>ἀρχὴν</strong></span> <span class='ocrx_word' id='word_1_170' title='bbox 521 2390 687 2460; x_wconf 62' lang='grc' dir='ltr'><strong>ἔχειν,</strong></span> <span class='ocrx_word' id='word_1_171' title='bbox 725 2390 759 2460; x_wconf 73' lang='grc' dir='ltr'>ἢ</span> <span class='ocrx_word' id='word_1_172' title='bbox 803 2390 863 2442; x_wconf 78' lang='grc' dir='ltr'><strong>τδ</strong></span> <span class='ocrx_word' id='word_1_173' title='bbox 893 2390 1065 2453; x_wconf 75' lang='grc' dir='ltr'><strong>τέλος.</strong></span> <span class='ocrx_word' id='word_1_174' title='bbox 1097 2392 1160 2444; x_wconf 74' lang='grc' dir='ltr'><strong>Οἱ</strong></span> <span class='ocrx_word' id='word_1_175' title='bbox 1188 2391 1294 2462; x_wconf 83' lang='grc' dir='ltr'><strong>γὰρ</strong></span> <span class='ocrx_word' id='word_1_176' title='bbox 1326 2392 1582 2455; x_wconf 71' lang='grc' dir='ltr'><strong>ἐνιαυτοὶ,</strong></span> <span class='ocrx_word' id='word_1_177' title='bbox 1613 2392 1880 2465; x_wconf 83' lang='grc' dir='ltr'><strong>ἀνθυπερ-</strong></span> 
     </span>
    </p>
   </div>
   <div class='ocr_carea' id='block_1_27' title="bbox 372 2520 1878 2593">
    <p class='ocr_par' dir='ltr' id='par_1_27' title="bbox 372 2520 1878 2593">
     <span class='ocr_line' id='line_1_27' title="bbox 372 2520 1878 2593; baseline 0.003 -20"><span class='ocrx_word' id='word_1_178' title='bbox 372 2521 486 2591; x_wconf 71' lang='lat'><strong>(‘22)</strong></span> <span class='ocrx_word' id='word_1_179' title='bbox 524 2521 673 2593; x_wconf 76' lang='grc' dir='ltr'><strong>Οὔτε</strong></span> <span class='ocrx_word' id='word_1_180' title='bbox 703 2525 810 2590; x_wconf 78' lang='grc' dir='ltr'><strong>γὰρ</strong></span> <span class='ocrx_word' id='word_1_181' title='bbox 837 2520 1384 2593; x_wconf 17' lang='grc' dir='ltr'><strong>ἐξᾼὲλικαιδεκάτης.</strong></span> <span class='ocrx_word' id='word_1_182' title='bbox 1429 2521 1657 2578; x_wconf 83' lang='grc' dir='ltr'><strong>ΜυΙιιιω</strong></span> <span class='ocrx_word' id='word_1_183' title='bbox 1704 2525 1878 2593; x_wconf 87' lang='lat' dir='ltr'><strong>impli-</strong></span> 
     </span>
    </p>
   </div>
   <div class='ocr_carea' id='block_1_28' title="bbox 295 2591 1875 2662">
    <p class='ocr_par' dir='ltr' id='par_1_28' title="bbox 295 2591 1875 2662">
     <span class='ocr_line' id='line_1_28' title="bbox 295 2591 1875 2662; baseline 0.003 -18"><span class='ocrx_word' id='word_1_184' title='bbox 295 2600 459 2662; x_wconf 81' lang='lat' dir='ltr'><strong>catus</strong></span> <span class='ocrx_word' id='word_1_185' title='bbox 481 2607 543 2662; x_wconf 90' lang='lat' dir='ltr'><strong>a_c</strong></span> <span class='ocrx_word' id='word_1_186' title='bbox 566 2592 879 2645; x_wconf 88' lang='lat' dir='ltr'><strong>salebrosus</strong></span> <span class='ocrx_word' id='word_1_187' title='bbox 913 2591 1002 2644; x_wconf 89' lang='lat' dir='ltr'><strong>hic</strong></span> <span class='ocrx_word' id='word_1_188' title='bbox 1028 2591 1181 2646; x_wconf 91' lang='lat' dir='ltr'><strong>locus</strong></span> <span class='ocrx_word' id='word_1_189' title='bbox 1216 2599 1329 2658; x_wconf 87' lang='lat' dir='ltr'><strong>est;</strong></span> <span class='ocrx_word' id='word_1_190' title='bbox 1373 2593 1672 2662; x_wconf 77' lang='lat' dir='ltr'><strong>quinetiam</strong></span> <span class='ocrx_word' id='word_1_191' title='bbox 1711 2591 1875 2662; x_wconf 78' lang='lat' dir='ltr'><strong>supe-</strong></span> 
     </span>
    </p>
   </div>
   <div class='ocr_carea' id='block_1_29' title="bbox 299 2660 1880 2732">
    <p class='ocr_par' dir='ltr' id='par_1_29' title="bbox 299 2660 1880 2732">
     <span class='ocr_line' id='line_1_29' title="bbox 299 2660 1880 2732; baseline 0.001 -15"><span class='ocrx_word' id='word_1_192' title='bbox 299 2661 436 2717; x_wconf 82' lang='lat' dir='ltr'><strong>riori</strong></span> <span class='ocrx_word' id='word_1_193' title='bbox 487 2660 1231 2732; x_wconf 12' lang='lat' dir='ltr'><strong>doctrina:Hconsentaneusi</strong></span> <span class='ocrx_word' id='word_1_194' title='bbox 1251 2660 1463 2732; x_wconf 72' lang='lat' dir='ltr'><strong>videtur</strong></span> <span class='ocrx_word' id='word_1_195' title='bbox 1498 2680 1510 2715; x_wconf 90' lang='lat'><strong>:</strong></span> <span class='ocrx_word' id='word_1_196' title='bbox 1544 2678 1650 2732; x_wconf 90' lang='lat' dir='ltr'><strong>qua</strong></span> <span class='ocrx_word' id='word_1_197' title='bbox 1689 2660 1880 2718; x_wconf 83' lang='lat' dir='ltr'><strong>delini-</strong></span> 
     </span>
    </p>
   </div>
   <div class='ocr_carea' id='block_1_30' title="bbox 297 2730 1877 2800">
    <p class='ocr_par' dir='ltr' id='par_1_30' title="bbox 297 2730 1877 2800">
     <span class='ocr_line' id='line_1_30' title="bbox 297 2730 1877 2800; baseline 0.001 -14"><span class='ocrx_word' id='word_1_198' title='bbox 297 2741 417 2786; x_wconf 83' lang='lat' dir='ltr'><strong>tum</strong></span> <span class='ocrx_word' id='word_1_199' title='bbox 444 2740 549 2797; x_wconf 90' lang='lat' dir='ltr'><strong>est,</strong></span> <span class='ocrx_word' id='word_1_200' title='bbox 575 2733 621 2786; x_wconf 91' lang='lat' dir='ltr'><strong>si</strong></span> <span class='ocrx_word' id='word_1_201' title='bbox 646 2733 701 2785; x_wconf 88' lang='lat' dir='ltr'><strong>in</strong></span> <span class='ocrx_word' id='word_1_202' title='bbox 735 2731 974 2800; x_wconf 83' lang='lat' dir='ltr'><strong>aliquam</strong></span> <span class='ocrx_word' id='word_1_203' title='bbox 1021 2747 1052 2785; x_wconf 93' lang='lat' dir='ltr'><strong>e</strong></span> <span class='ocrx_word' id='word_1_204' title='bbox 1097 2747 1194 2786; x_wconf 86' lang='lat' dir='ltr'><strong>sex</strong></span> <span class='ocrx_word' id='word_1_205' title='bbox 1223 2730 1576 2800; x_wconf 55' lang='lat' dir='ltr'><strong>hebdomadas</strong></span> <span class='ocrx_word' id='word_1_206' title='bbox 1604 2732 1753 2787; x_wconf 89' lang='lat' dir='ltr'><strong>feriis</strong></span> <span class='ocrx_word' id='word_1_207' title='bbox 1784 2750 1877 2789; x_wconf 83' lang='lat' dir='ltr'><strong>xiv</strong></span> 
     </span>
    </p>
   </div>
   <div class='ocr_carea' id='block_1_31' title="bbox 300 2799 1878 2872">
    <p class='ocr_par' dir='ltr' id='par_1_31' title="bbox 300 2799 1878 2872">
     <span class='ocr_line' id='line_1_31' title="bbox 300 2799 1878 2872; baseline 0.001 -15"><span class='ocrx_word' id='word_1_208' title='bbox 300 2803 432 2857; x_wconf 91' lang='lat' dir='ltr'><strong>luna</strong></span> <span class='ocrx_word' id='word_1_209' title='bbox 457 2802 736 2872; x_wconf 82' lang='lat' dir='ltr'><strong>ceciderit,</strong></span> <span class='ocrx_word' id='word_1_210' title='bbox 768 2799 1186 2872; x_wconf 84' lang='lat' dir='ltr'><strong>_hebdomadem</strong></span> <span class='ocrx_word' id='word_1_211' title='bbox 1232 2799 1591 2872; x_wconf 75' lang='lat' dir='ltr'><strong>Xerophagia:</strong></span> <span class='ocrx_word' id='word_1_212' title='bbox 1624 2803 1765 2872; x_wconf 84' lang='lat' dir='ltr'><strong>inire</strong></span> <span class='ocrx_word' id='word_1_213' title='bbox 1810 2805 1878 2859; x_wconf 93' lang='lat' dir='ltr'><strong>ab</strong></span> 
     </span>
    </p>
   </div>
   <div class='ocr_carea' id='block_1_32' title="bbox 301 2869 1876 2940">
    <p class='ocr_par' dir='ltr' id='par_1_32' title="bbox 301 2869 1876 2940">
     <span class='ocr_line' id='line_1_32' title="bbox 301 2869 1876 2940; baseline -0.001 -13"><span class='ocrx_word' id='word_1_214' title='bbox 301 2871 544 2927; x_wconf 75' lang='lat' dir='ltr'><strong>secunda</strong></span> <span class='ocrx_word' id='word_1_215' title='bbox 581 2871 733 2926; x_wconf 86' lang='lat' dir='ltr'><strong>feria.</strong></span> <span class='ocrx_word' id='word_1_216' title='bbox 767 2869 1060 2940; x_wconf 79' lang='lat' dir='ltr'><strong>Fingamus</strong></span> <span class='ocrx_word' id='word_1_217' title='bbox 1095 2873 1279 2939; x_wconf 89' lang='lat' dir='ltr'><strong>itaque</strong></span> <span class='ocrx_word' id='word_1_218' title='bbox 1313 2869 1617 2926; x_wconf 41' lang='lat' dir='ltr'><strong>lunam&#39;xw</strong></span> <span class='ocrx_word' id='word_1_219' title='bbox 1647 2873 1701 2926; x_wconf 89' lang='lat' dir='ltr'><strong>in</strong></span> <span class='ocrx_word' id='word_1_220' title='bbox 1734 2870 1876 2926; x_wconf 88' lang='lat' dir='ltr'><strong>Sab-</strong></span> 
     </span>
    </p>
   </div>
   <div class='ocr_carea' id='block_1_33' title="bbox 300 2939 1880 3012">
    <p class='ocr_par' dir='ltr' id='par_1_33' title="bbox 300 2939 1880 3012">
     <span class='ocr_line' id='line_1_33' title="bbox 300 2939 1880 3012; baseline 0 -16"><span class='ocrx_word' id='word_1_221' title='bbox 300 2942 492 3012; x_wconf 82' lang='lat' dir='ltr'><strong>batum</strong></span> <span class='ocrx_word' id='word_1_222' title='bbox 517 2942 797 3012; x_wconf 83' lang='lat' dir='ltr'><strong>incurrere</strong></span> <span class='ocrx_word' id='word_1_223' title='bbox 824 2959 836 2993; x_wconf 93' lang='lat'>:</span> <span class='ocrx_word' id='word_1_224' title='bbox 867 2942 1088 3009; x_wconf 90' lang='lat' dir='ltr'><strong>incipiet</strong></span> <span class='ocrx_word' id='word_1_225' title='bbox 1109 2939 1484 3012; x_wconf 73' lang='lat' dir='ltr'><strong>xerophagia-,</strong></span> <span class='ocrx_word' id='word_1_226' title='bbox 1511 2943 1625 2997; x_wconf 86' lang='lat' dir='ltr'><strong>sive</strong></span> <span class='ocrx_word' id='word_1_227' title='bbox 1648 2941 1880 2996; x_wconf 82' lang='lat' dir='ltr'><strong>Pascha-</strong></span> 
     </span>
    </p>
   </div>
   <div class='ocr_carea' id='block_1_34' title="bbox 301 3009 1874 3074">
    <p class='ocr_par' dir='ltr' id='par_1_34' title="bbox 301 3009 1874 3074">
     <span class='ocr_line' id='line_1_34' title="bbox 301 3009 1874 3074; baseline 0.003 -10"><span class='ocrx_word' id='word_1_228' title='bbox 301 3013 375 3066; x_wconf 89' lang='lat' dir='ltr'><strong>tis</strong></span> <span class='ocrx_word' id='word_1_229' title='bbox 415 3010 712 3066; x_wconf 89' lang='lat' dir='ltr'><strong>hebdomas</strong></span> <span class='ocrx_word' id='word_1_230' title='bbox 745 3011 814 3065; x_wconf 91' lang='lat' dir='ltr'><strong>ab</strong></span> <span class='ocrx_word' id='word_1_231' title='bbox 844 3012 1120 3065; x_wconf 79' lang='lat' dir='ltr'><strong>anteriore</strong></span> <span class='ocrx_word' id='word_1_232' title='bbox 1150 3009 1282 3064; x_wconf 83' lang='lat' dir='ltr'><strong>feria</strong></span> <span class='ocrx_word' id='word_1_233' title='bbox 1334 3009 1394 3074; x_wconf 70' lang='grc' dir='ltr'><strong>η’,</strong></span> <span class='ocrx_word' id='word_1_234' title='bbox 1428 3019 1488 3064; x_wconf 93' lang='grc' dir='ltr'><strong>ιιι</strong></span> <span class='ocrx_word' id='word_1_235' title='bbox 1518 3012 1725 3065; x_wconf 84' lang='lat' dir='ltr'><strong>dictum</strong></span> <span class='ocrx_word' id='word_1_236' title='bbox 1768 3021 1874 3068; x_wconf 90' lang='lat' dir='ltr'><strong>est.</strong></span> 
     </span>
    </p>
   </div>
   <div class='ocr_carea' id='block_1_35' title="bbox 301 3079 1874 3150">
    <p class='ocr_par' dir='ltr' id='par_1_35' title="bbox 301 3079 1874 3150">
     <span class='ocr_line' id='line_1_35' title="bbox 301 3079 1874 3150; baseline 0.001 -15"><span class='ocrx_word' id='word_1_237' title='bbox 301 3081 471 3150; x_wconf 79' lang='lat' dir='ltr'><strong>Atqui</strong></span> <span class='ocrx_word' id='word_1_238' title='bbox 500 3081 613 3135; x_wconf 66' lang='lat' dir='ltr'><strong>haec</strong></span> <span class='ocrx_word' id='word_1_239' title='bbox 643 3082 758 3150; x_wconf 84' lang='lat' dir='ltr'><strong>ipsa</strong></span> <span class='ocrx_word' id='word_1_240' title='bbox 785 3097 839 3135; x_wconf 78' lang='lat' dir='ltr'><strong>ix</strong></span> <span class='ocrx_word' id='word_1_241' title='bbox 870 3087 956 3135; x_wconf 89' lang='lat' dir='ltr'><strong>est</strong></span> <span class='ocrx_word' id='word_1_242' title='bbox 988 3082 1132 3142; x_wconf 90' lang='lat' dir='ltr'><strong>luna,</strong></span> <span class='ocrx_word' id='word_1_243' title='bbox 1166 3097 1275 3134; x_wconf 85' lang='lat' dir='ltr'><strong>non</strong></span> <span class='ocrx_word' id='word_1_244' title='bbox 1306 3098 1360 3135; x_wconf 87' lang='lat' dir='ltr'><strong>x.</strong></span> <span class='ocrx_word' id='word_1_245' title='bbox 1392 3079 1600 3148; x_wconf 87' lang='lat' dir='ltr'><strong>Quodsi</strong></span> <span class='ocrx_word' id='word_1_246' title='bbox 1647 3091 1706 3136; x_wconf 89' lang='lat' dir='ltr'><strong>ut</strong></span> <span class='ocrx_word' id='word_1_247' title='bbox 1737 3081 1874 3137; x_wconf 84' lang='lat' dir='ltr'><strong>Sca-</strong></span> 
     </span>
    </p>
   </div>
   <div class='ocr_carea' id='block_1_36' title="bbox 303 3151 1873 3220">
    <p class='ocr_par' dir='ltr' id='par_1_36' title="bbox 303 3151 1873 3220">
     <span class='ocr_line' id='line_1_36' title="bbox 303 3151 1873 3220; baseline 0.001 -16"><span class='ocrx_word' id='word_1_248' title='bbox 303 3151 500 3220; x_wconf 75' lang='lat' dir='ltr'><strong>ligero,</strong></span> <span class='ocrx_word' id='word_1_249' title='bbox 533 3151 795 3214; x_wconf 82' lang='lat' dir='ltr'><strong>Calvisio,</strong></span> <span class='ocrx_word' id='word_1_250' title='bbox 828 3151 1058 3220; x_wconf 87' lang='lat' dir='ltr'><strong>aliisque</strong></span> <span class='ocrx_word' id='word_1_251' title='bbox 1093 3151 1268 3204; x_wconf 89' lang='lat' dir='ltr'><strong>visum</strong></span> <span class='ocrx_word' id='word_1_252' title='bbox 1307 3159 1414 3211; x_wconf 87' lang='lat' dir='ltr'><strong>est,</strong></span> <span class='ocrx_word' id='word_1_253' title='bbox 1461 3152 1873 3206; x_wconf 86' lang='lat' dir='ltr'><strong>dill&#39;undendum</strong></span> 
     </span>
    </p>
   </div>
   <div class='ocr_carea' id='block_1_37' title="bbox 304 3219 1948 3306">
    <p class='ocr_par' dir='ltr' id='par_1_37' title="bbox 304 3219 1948 3306">
     <span class='ocr_line' id='line_1_37' title="bbox 304 3219 1948 3306; baseline 0.001 -30"><span class='ocrx_word' id='word_1_254' title='bbox 304 3219 382 3276; x_wconf 83' lang='lat' dir='ltr'><strong>sit</strong></span> <span class='ocrx_word' id='word_1_255' title='bbox 416 3219 775 3306; x_wconf 38' lang='lat' dir='ltr'><strong>xeropliagize</strong></span> <span class='ocrx_word' id='word_1_256' title='bbox 806 3219 1111 3306; x_wconf 46' lang='lat' dir='ltr'><strong>initium‘in</strong></span> <span class='ocrx_word' id='word_1_257' title='bbox 1143 3220 1329 3306; x_wconf 66' lang='lat' dir='ltr'><strong>feriam</strong></span> <span class='ocrx_word' id='word_1_258' title='bbox 1366 3237 1402 3275; x_wconf 87' lang='grc' dir='ltr'><strong>ιι</strong></span> <span class='ocrx_word' id='word_1_259' title='bbox 1431 3223 1655 3302; x_wconf 75' lang='lat' dir='ltr'><strong>alterius</strong></span> <span class='ocrx_word' id='word_1_260' title='bbox 1678 3222 1878 3306; x_wconf 80' lang='lat' dir='ltr'><strong>hebdo-</strong></span> <span class='ocrx_word' id='word_1_261' title='bbox 1904 3248 1948 3306; x_wconf 65' lang='grc' dir='ltr'>α</span> 
     </span>
    </p>
   </div>
   <div class='ocr_carea' id='block_1_38' title="bbox 305 3289 1878 3360">
    <p class='ocr_par' dir='ltr' id='par_1_38' title="bbox 305 3289 1878 3360">
     <span class='ocr_line' id='line_1_38' title="bbox 305 3289 1878 3360; baseline 0.002 -16"><span class='ocrx_word' id='word_1_262' title='bbox 305 3292 510 3354; x_wconf 75' lang='lat' dir='ltr'><strong>madis,</strong></span> <span class='ocrx_word' id='word_1_263' title='bbox 554 3289 850 3360; x_wconf 70' lang='lat' dir='ltr'><strong>itidemque</strong></span> <span class='ocrx_word' id='word_1_264' title='bbox 885 3289 1096 3345; x_wconf 83' lang='lat' dir='ltr'><strong>Pascha</strong></span> <span class='ocrx_word' id='word_1_265' title='bbox 1123 3304 1152 3342; x_wconf 94' lang='lat' dir='ltr'><strong>a</strong></span> <span class='ocrx_word' id='word_1_266' title='bbox 1183 3291 1308 3344; x_wconf 90' lang='lat' dir='ltr'><strong>luna</strong></span> <span class='ocrx_word' id='word_1_267' title='bbox 1353 3307 1421 3344; x_wconf 84' lang='lat' dir='ltr'><strong>xv</strong></span> <span class='ocrx_word' id='word_1_268' title='bbox 1455 3292 1508 3344; x_wconf 90' lang='lat' dir='ltr'><strong>in</strong></span> <span class='ocrx_word' id='word_1_269' title='bbox 1544 3308 1654 3346; x_wconf 78' lang='lat' dir='ltr'><strong>xxii</strong></span> <span class='ocrx_word' id='word_1_270' title='bbox 1693 3298 1878 3348; x_wconf 89' lang='lat' dir='ltr'><strong>trans-</strong></span> 
     </span>
    </p>
   </div>
   <div class='ocr_carea' id='block_1_39' title="bbox 304 3358 1874 3431">
    <p class='ocr_par' dir='ltr' id='par_1_39' title="bbox 304 3358 1874 3431">
     <span class='ocr_line' id='line_1_39' title="bbox 304 3358 1874 3431; baseline 0.001 -18"><span class='ocrx_word' id='word_1_271' title='bbox 304 3361 615 3420; x_wconf 85' lang='lat' dir='ltr'><strong>ferendum.</strong></span> <span class='ocrx_word' id='word_1_272' title='bbox 646 3358 992 3431; x_wconf 78' lang='lat' dir='ltr'><strong>Xeropliagia</strong></span> <span class='ocrx_word' id='word_1_273' title='bbox 1015 3375 1046 3413; x_wconf 91' lang='lat' dir='ltr'><strong>a</strong></span> <span class='ocrx_word' id='word_1_274' title='bbox 1066 3374 1156 3414; x_wconf 71' lang='lat' dir='ltr'><strong>xvn</strong></span> <span class='ocrx_word' id='word_1_275' title='bbox 1188 3361 1318 3431; x_wconf 59' lang='lat' dir='ltr'><strong>[una</strong></span> <span class='ocrx_word' id='word_1_276' title='bbox 1349 3361 1657 3416; x_wconf 87' lang='lat' dir='ltr'><strong>inchoanda</strong></span> <span class='ocrx_word' id='word_1_277' title='bbox 1691 3361 1874 3425; x_wconf 90' lang='lat' dir='ltr'><strong>fuerit,</strong></span> 
     </span>
    </p>
   </div>
   <div class='ocr_carea' id='block_1_40' title="bbox 304 3429 1876 3501">
    <p class='ocr_par' dir='ltr' id='par_1_40' title="bbox 304 3429 1876 3501">
     <span class='ocr_line' id='line_1_40' title="bbox 304 3429 1876 3501; baseline 0.002 -18"><span class='ocrx_word' id='word_1_278' title='bbox 304 3431 455 3500; x_wconf 85' lang='lat' dir='ltr'><strong>quod</strong></span> <span class='ocrx_word' id='word_1_279' title='bbox 509 3429 811 3501; x_wconf 81' lang='lat' dir='ltr'><strong>legitimum</strong></span> <span class='ocrx_word' id='word_1_280' title='bbox 852 3429 974 3486; x_wconf 77' lang='lat' dir='ltr'><strong>esse</strong></span> <span class='ocrx_word' id='word_1_281' title='bbox 1003 3437 1166 3501; x_wconf 81' lang='lat' dir='ltr'><strong>negat</strong></span> <span class='ocrx_word' id='word_1_282' title='bbox 1195 3429 1550 3500; x_wconf 86' lang='lat' dir='ltr'><strong>Epiphanius.</strong></span> <span class='ocrx_word' id='word_1_283' title='bbox 1580 3431 1761 3498; x_wconf 83' lang='lat' dir='ltr'><strong>Quare</strong></span> <span class='ocrx_word' id='word_1_284' title='bbox 1787 3433 1876 3486; x_wconf 92' lang='lat' dir='ltr'><strong>vix</strong></span> 
     </span>
    </p>
   </div>
   <div class='ocr_carea' id='block_1_41' title="bbox 303 3500 1877 3571">
    <p class='ocr_par' dir='ltr' id='par_1_41' title="bbox 303 3500 1877 3571">
     <span class='ocr_line' id='line_1_41' title="bbox 303 3500 1877 3571; baseline 0.001 -16"><span class='ocrx_word' id='word_1_285' title='bbox 303 3509 392 3555; x_wconf 87' lang='lat' dir='ltr'><strong>est</strong></span> <span class='ocrx_word' id='word_1_286' title='bbox 423 3500 772 3571; x_wconf 12' lang='lat' dir='ltr'><strong>utiexpedire</strong></span> <span class='ocrx_word' id='word_1_287' title='bbox 805 3516 904 3555; x_wconf 91' lang='lat' dir='ltr'><strong>nos</strong></span> <span class='ocrx_word' id='word_1_288' title='bbox 934 3516 1000 3554; x_wconf 89' lang='lat' dir='ltr'><strong>ex</strong></span> <span class='ocrx_word' id='word_1_289' title='bbox 1052 3500 1136 3571; x_wconf 88' lang='lat' dir='ltr'><strong>his</strong></span> <span class='ocrx_word' id='word_1_290' title='bbox 1170 3501 1378 3570; x_wconf 82' lang='lat' dir='ltr'><strong>laqueis</strong></span> <span class='ocrx_word' id='word_1_291' title='bbox 1423 3503 1716 3571; x_wconf 87' lang='lat' dir='ltr'><strong>possimus.</strong></span> <span class='ocrx_word' id='word_1_292' title='bbox 1750 3501 1877 3556; x_wconf 85' lang='lat' dir='ltr'><strong>Sive</strong></span> 
     </span>
    </p>
   </div>
   <div class='ocr_carea' id='block_1_42' title="bbox 301 3569 1874 3643">
    <p class='ocr_par' dir='ltr' id='par_1_42' title="bbox 301 3569 1874 3643">
     <span class='ocr_line' id='line_1_42' title="bbox 301 3569 1874 3643; baseline 0.001 -19"><span class='ocrx_word' id='word_1_293' title='bbox 301 3571 454 3643; x_wconf 83' lang='lat' dir='ltr'><strong>enim</strong></span> <span class='ocrx_word' id='word_1_294' title='bbox 485 3569 839 3643; x_wconf 74' lang='lat' dir='ltr'><strong>Xerophagiae</strong></span> <span class='ocrx_word' id='word_1_295' title='bbox 883 3572 1054 3643; x_wconf 78' lang='lat' dir='ltr'><strong>prima</strong></span> <span class='ocrx_word' id='word_1_296' title='bbox 1103 3569 1221 3643; x_wconf 83' lang='lat' dir='ltr'><strong>dies</strong></span> <span class='ocrx_word' id='word_1_297' title='bbox 1244 3569 1317 3643; x_wconf 80' lang='lat' dir='ltr'><strong>in</strong></span> <span class='ocrx_word' id='word_1_298' title='bbox 1351 3569 1439 3624; x_wconf 85' lang='lat' dir='ltr'><strong>illa</strong></span> <span class='ocrx_word' id='word_1_299' title='bbox 1475 3573 1771 3643; x_wconf 82' lang='lat' dir='ltr'><strong>hypothesi</strong></span> <span class='ocrx_word' id='word_1_300' title='bbox 1807 3573 1874 3626; x_wconf 92' lang='lat' dir='ltr'><strong>sit</strong></span> 
     </span>
    </p>
   </div>
   <div class='ocr_carea' id='block_1_43' title="bbox 305 3641 1874 3704">
    <p class='ocr_par' dir='ltr' id='par_1_43' title="bbox 305 3641 1874 3704">
     <span class='ocr_line' id='line_1_43' title="bbox 305 3641 1874 3704; baseline 0.001 -10"><span class='ocrx_word' id='word_1_301' title='bbox 305 3642 444 3696; x_wconf 89' lang='lat' dir='ltr'><strong>feria</strong></span> <span class='ocrx_word' id='word_1_302' title='bbox 489 3642 752 3704; x_wconf 89' lang='lat' dir='ltr'><strong>secunda,</strong></span> <span class='ocrx_word' id='word_1_303' title='bbox 811 3643 878 3695; x_wconf 89' lang='lat' dir='ltr'><strong>ab</strong></span> <span class='ocrx_word' id='word_1_304' title='bbox 931 3642 1058 3694; x_wconf 88' lang='lat' dir='ltr'><strong>luna</strong></span> <span class='ocrx_word' id='word_1_305' title='bbox 1097 3656 1151 3695; x_wconf 81' lang='lat' dir='ltr'><strong>ix</strong></span> <span class='ocrx_word' id='word_1_306' title='bbox 1183 3641 1574 3697; x_wconf 87' lang='lat' dir='ltr'><strong>hebdomadem</strong></span> <span class='ocrx_word' id='word_1_307' title='bbox 1629 3651 1874 3696; x_wconf 89' lang='lat' dir='ltr'><strong>sanctam</strong></span> 
     </span>
    </p>
   </div>
   <div class='ocr_carea' id='block_1_44' title="bbox 304 3711 1876 3780">
    <p class='ocr_par' dir='ltr' id='par_1_44' title="bbox 304 3711 1876 3780">
     <span class='ocr_line' id='line_1_44' title="bbox 304 3711 1876 3780; baseline 0 -17"><span class='ocrx_word' id='word_1_308' title='bbox 304 3711 746 3780; x_wconf 84' lang='lat' dir='ltr'><strong>auspicabimur;</strong></span> <span class='ocrx_word' id='word_1_309' title='bbox 776 3714 888 3765; x_wconf 75' lang='lat' dir='ltr'><strong>sive</strong></span> <span class='ocrx_word' id='word_1_310' title='bbox 924 3711 976 3764; x_wconf 90' lang='lat' dir='ltr'><strong>in</strong></span> <span class='ocrx_word' id='word_1_311' title='bbox 1006 3719 1319 3778; x_wconf 86' lang='lat' dir='ltr'><strong>sequentem</strong></span> <span class='ocrx_word' id='word_1_312' title='bbox 1358 3711 1546 3764; x_wconf 91' lang='lat' dir='ltr'><strong>feriam</strong></span> <span class='ocrx_word' id='word_1_313' title='bbox 1581 3711 1876 3766; x_wconf 89' lang='lat' dir='ltr'><strong>secundam</strong></span> 
     </span>
    </p>
   </div>
   <div class='ocr_carea' id='block_1_45' title="bbox 304 3780 1879 3843">
    <p class='ocr_par' dir='ltr' id='par_1_45' title="bbox 304 3780 1879 3843">
     <span class='ocr_line' id='line_1_45' title="bbox 304 3780 1879 3843; baseline -0.001 -7"><span class='ocrx_word' id='word_1_314' title='bbox 304 3781 592 3836; x_wconf 78' lang='lat' dir='ltr'><strong>diﬂ’eratur</strong></span> <span class='ocrx_word' id='word_1_315' title='bbox 622 3781 768 3836; x_wconf 89' lang='lat' dir='ltr'><strong>illius</strong></span> <span class='ocrx_word' id='word_1_316' title='bbox 796 3781 1031 3843; x_wconf 87' lang='lat' dir='ltr'><strong>initium,</strong></span> <span class='ocrx_word' id='word_1_317' title='bbox 1069 3785 1123 3834; x_wconf 89' lang='lat' dir='ltr'><strong>in</strong></span> <span class='ocrx_word' id='word_1_318' title='bbox 1161 3783 1340 3834; x_wconf 91' lang='lat' dir='ltr'><strong>lunam</strong></span> <span class='ocrx_word' id='word_1_319' title='bbox 1378 3797 1466 3835; x_wconf 74' lang='lat' dir='ltr'><strong>xv:</strong></span> <span class='ocrx_word' id='word_1_320' title='bbox 1509 3781 1730 3837; x_wconf 89' lang='lat' dir='ltr'><strong>incidet.</strong></span> <span class='ocrx_word' id='word_1_321' title='bbox 1765 3780 1879 3834; x_wconf 67' lang='lat' dir='ltr'><strong>llae-</strong></span> 
     </span>
    </p>
   </div>
   <div class='ocr_carea' id='block_1_46' title="bbox 304 3851 1875 3920">
    <p class='ocr_par' dir='ltr' id='par_1_46' title="bbox 304 3851 1875 3920">
     <span class='ocr_line' id='line_1_46' title="bbox 304 3851 1875 3920; baseline -0.002 -14"><span class='ocrx_word' id='word_1_322' title='bbox 304 3853 484 3907; x_wconf 86' lang='lat' dir='ltr'><strong>simus</strong></span> <span class='ocrx_word' id='word_1_323' title='bbox 515 3851 603 3905; x_wconf 89' lang='lat' dir='ltr'><strong>hic</strong></span> <span class='ocrx_word' id='word_1_324' title='bbox 633 3851 972 3920; x_wconf 88' lang='lat' dir='ltr'><strong>aliquandiu,</strong></span> <span class='ocrx_word' id='word_1_325' title='bbox 1005 3851 1180 3904; x_wconf 89' lang='lat' dir='ltr'><strong>donec</strong></span> <span class='ocrx_word' id='word_1_326' title='bbox 1211 3859 1414 3904; x_wconf 88' lang='lat' dir='ltr'><strong>certam</strong></span> <span class='ocrx_word' id='word_1_327' title='bbox 1438 3851 1581 3904; x_wconf 91' lang='lat' dir='ltr'><strong>viam</strong></span> <span class='ocrx_word' id='word_1_328' title='bbox 1610 3865 1674 3905; x_wconf 77' lang='lat' dir='ltr'><strong>ac</strong></span> <span class='ocrx_word' id='word_1_329' title='bbox 1706 3852 1875 3904; x_wconf 81' lang='lat' dir='ltr'><strong>ratio-</strong></span> 
     </span>
    </p>
   </div>
   <div class='ocr_carea' id='block_1_47' title="bbox 306 3920 1880 3990">
    <p class='ocr_par' dir='ltr' id='par_1_47' title="bbox 306 3920 1880 3990">
     <span class='ocr_line' id='line_1_47' title="bbox 306 3920 1880 3990; baseline -0.001 -15"><span class='ocrx_word' id='word_1_330' title='bbox 306 3937 433 3976; x_wconf 86' lang='lat' dir='ltr'><strong>nem</strong></span> <span class='ocrx_word' id='word_1_331' title='bbox 474 3921 804 3987; x_wconf 86' lang='lat' dir='ltr'><strong>invenimus,</strong></span> <span class='ocrx_word' id='word_1_332' title='bbox 837 3935 948 3990; x_wconf 86' lang='lat' dir='ltr'><strong>qua</strong></span> <span class='ocrx_word' id='word_1_333' title='bbox 979 3920 1262 3974; x_wconf 84' lang='lat' dir='ltr'><strong>conciliari</strong></span> <span class='ocrx_word' id='word_1_334' title='bbox 1289 3921 1403 3974; x_wconf 65' lang='lat' dir='ltr'><strong>haec</strong></span> <span class='ocrx_word' id='word_1_335' title='bbox 1431 3922 1572 3974; x_wconf 89' lang='lat' dir='ltr'><strong>inter</strong></span> <span class='ocrx_word' id='word_1_336' title='bbox 1605 3936 1666 3975; x_wconf 92' lang='lat' dir='ltr'><strong>se</strong></span> <span class='ocrx_word' id='word_1_337' title='bbox 1706 3922 1880 3990; x_wconf 82' lang='lat' dir='ltr'><strong>expli-</strong></span> 
     </span>
    </p>
   </div>
   <div class='ocr_carea' id='block_1_48' title="bbox 303 3990 1880 4062">
    <p class='ocr_par' dir='ltr' id='par_1_48' title="bbox 303 3990 1880 4062">
     <span class='ocr_line' id='line_1_48' title="bbox 303 3990 1880 4062; baseline -0.002 -17"><span class='ocrx_word' id='word_1_338' title='bbox 303 3992 532 4062; x_wconf 87' lang='lat' dir='ltr'><strong>carique</strong></span> <span class='ocrx_word' id='word_1_339' title='bbox 557 4000 803 4062; x_wconf 87' lang='lat' dir='ltr'><strong>possent.</strong></span> <span class='ocrx_word' id='word_1_340' title='bbox 830 3990 944 4062; x_wconf 77' lang='lat' dir='ltr'><strong>Hoc</strong></span> <span class='ocrx_word' id='word_1_341' title='bbox 970 3990 1236 4062; x_wconf 82' lang='lat' dir='ltr'><strong>igiturad</strong></span> <span class='ocrx_word' id='word_1_342' title='bbox 1281 4007 1404 4044; x_wconf 92' lang='lat' dir='ltr'><strong>eum</strong></span> <span class='ocrx_word' id='word_1_343' title='bbox 1445 3990 1647 4046; x_wconf 88' lang='lat' dir='ltr'><strong>nodum</strong></span> <span class='ocrx_word' id='word_1_344' title='bbox 1675 3991 1880 4062; x_wconf 79' lang='lat' dir='ltr'><strong>dissol-</strong></span> 
     </span>
    </p>
   </div>
   <div class='ocr_carea' id='block_1_49' title="bbox 304 4059 1876 4130">
    <p class='ocr_par' dir='ltr' id='par_1_49' title="bbox 304 4059 1876 4130">
     <span class='ocr_line' id='line_1_49' title="bbox 304 4059 1876 4130; baseline -0.003 -14"><span class='ocrx_word' id='word_1_345' title='bbox 304 4059 822 4116; x_wconf 45' lang='lat' dir='ltr'><strong>vend&#39;um—occurrit</strong></span> <span class='ocrx_word' id='word_1_346' title='bbox 850 4079 863 4115; x_wconf 90' lang='lat'><strong>:</strong></span> <span class='ocrx_word' id='word_1_347' title='bbox 891 4059 1226 4130; x_wconf 81' lang='lat' dir='ltr'><strong>Epiphanius</strong></span> <span class='ocrx_word' id='word_1_348' title='bbox 1255 4062 1436 4114; x_wconf 90' lang='lat' dir='ltr'><strong>lunam</strong></span> <span class='ocrx_word' id='word_1_349' title='bbox 1466 4060 1733 4130; x_wconf 81' lang='grc' dir='ltr'><strong>ἡμερινῆν</strong></span> <span class='ocrx_word' id='word_1_350' title='bbox 1767 4059 1876 4112; x_wconf 85' lang='grc' dir='ltr'><strong>ἀπὺ</strong></span> 
     </span>
    </p>
   </div>
   <div class='ocr_carea' id='block_1_50' title="bbox 306 4077 1876 4201">
    <p class='ocr_par' dir='ltr' id='par_1_50' title="bbox 306 4077 1876 4201">
     <span class='ocr_line' id='line_1_50' title="bbox 306 4077 1876 4130; baseline -0.003 -14"><span class='ocrx_word' id='word_1_351' title='bbox 306 4077 546 4116; x_wconf 82' lang='lat' dir='ltr'><strong>venuum</strong></span> <span class='ocrx_word' id='word_1_352' title='bbox 583 4077 822 4116; x_wconf 82' lang='lat' dir='ltr'><strong>occurrit</strong></span> <span class='ocrx_word' id='word_1_353' title='bbox 850 4079 863 4115; x_wconf 89' lang='lat'><strong>:</strong></span> <span class='ocrx_word' id='word_1_354' title='bbox 891 4077 1226 4130; x_wconf 72' lang='lat' dir='ltr'><strong>npipuanius</strong></span> <span class='ocrx_word' id='word_1_355' title='bbox 1255 4077 1436 4114; x_wconf 83' lang='lat' dir='ltr'><strong>tunam</strong></span> <span class='ocrx_word' id='word_1_356' title='bbox 1466 4077 1576 4130; x_wconf 86' lang='grc' dir='ltr'><strong>ημε</strong></span> <span class='ocrx_word' id='word_1_357' title='bbox 1619 4077 1733 4130; x_wconf 90' lang='grc' dir='ltr'><strong>ινην</strong></span> <span class='ocrx_word' id='word_1_358' title='bbox 1767 4077 1876 4112; x_wconf 88' lang='grc' dir='ltr'><strong>απο</strong></span> 
     </span>
     <span class='ocr_line' id='line_1_51' title="bbox 306 4077 1876 4201; baseline -0.001 -16"><span class='ocrx_word' id='word_1_359' title='bbox 306 4131 628 4201; x_wconf 77' lang='grc' dir='ltr'><strong>νυκτερινῆς</strong></span> <span class='ocrx_word' id='word_1_360' title='bbox 653 4131 965 4187; x_wconf 88' lang='lat' dir='ltr'><strong>discernere</strong></span> <span class='ocrx_word' id='word_1_361' title='bbox 1011 4132 1168 4193; x_wconf 88' lang='lat' dir='ltr'><strong>solet,</strong></span> <span class='ocrx_word' id='word_1_362' title='bbox 1225 4139 1283 4183; x_wconf 89' lang='lat' dir='ltr'><strong>ut</strong></span> <span class='ocrx_word' id='word_1_363' title='bbox 1327 4133 1381 4184; x_wconf 89' lang='lat' dir='ltr'><strong>in</strong></span> <span class='ocrx_word' id='word_1_364' title='bbox 1412 4131 1542 4186; x_wconf 65' lang='lat' dir='ltr'><strong>liter.</strong></span> <span class='ocrx_word' id='word_1_365' title='bbox 1578 4077 1755 4201; x_wconf 56' lang='lat' dir='ltr'><strong>Eho.</strong></span> <span class='ocrx_word' id='word_1_366' title='bbox 1786 4130 1876 4201; x_wconf 70' lang='lat'><strong>26.</strong></span> 
     </span>
    </p>
   </div>
   <div class='ocr_carea' id='block_1_51' title="bbox 304 4199 1877 4272">
    <p class='ocr_par' dir='ltr' id='par_1_51' title="bbox 304 4199 1877 4272">
     <span class='ocr_line' id='line_1_52' title="bbox 304 4199 1877 4272; baseline -0.001 -18"><span class='ocrx_word' id='word_1_367' title='bbox 304 4200 446 4255; x_wconf 83' lang='lat' dir='ltr'><strong>Nam</strong></span> <span class='ocrx_word' id='word_1_368' title='bbox 472 4199 737 4271; x_wconf 38' lang='lat' dir='ltr'><strong>illic—qua:</strong></span> <span class='ocrx_word' id='word_1_369' title='bbox 777 4201 1085 4271; x_wconf 82' lang='grc' dir='ltr'><strong>νυκτερινὴ,</strong></span> <span class='ocrx_word' id='word_1_370' title='bbox 1121 4202 1353 4272; x_wconf 72' lang='lat' dir='ltr'><strong>exempli</strong></span> <span class='ocrx_word' id='word_1_371' title='bbox 1405 4215 1575 4272; x_wconf 85' lang='lat' dir='ltr'><strong>causa</strong></span> <span class='ocrx_word' id='word_1_372' title='bbox 1618 4199 1877 4272; x_wconf 78' lang='grc' dir='ltr'><strong>ἑνδεκάτη</strong></span> 
     </span>
    </p>
   </div>
   <div class='ocr_carea' id='block_1_52' title="bbox 308 4269 1879 4344">
    <p class='ocr_par' dir='ltr' id='par_1_52' title="bbox 308 4269 1879 4344">
     <span class='ocr_line' id='line_1_53' title="bbox 308 4269 1879 4344; baseline 0 -20"><span class='ocrx_word' id='word_1_373' title='bbox 308 4272 509 4344; x_wconf 81' lang='lat' dir='ltr'><strong>fuerat,</strong></span> <span class='ocrx_word' id='word_1_374' title='bbox 541 4269 953 4344; x_wconf 36' lang='lat' dir='ltr'><strong>seq—uentiluce</strong></span> <span class='ocrx_word' id='word_1_375' title='bbox 978 4269 1210 4344; x_wconf 75' lang='grc' dir='ltr'><strong>ἡμερινὴ</strong></span> <span class='ocrx_word' id='word_1_376' title='bbox 1237 4270 1511 4340; x_wconf 87' lang='grc' dir='ltr'><strong>δωδεκάτη</strong></span> <span class='ocrx_word' id='word_1_377' title='bbox 1547 4271 1751 4323; x_wconf 87' lang='lat' dir='ltr'><strong>dicitur</strong></span> <span class='ocrx_word' id='word_1_378' title='bbox 1785 4288 1797 4322; x_wconf 92' lang='lat'><strong>:</strong></span> <span class='ocrx_word' id='word_1_379' title='bbox 1825 4269 1879 4324; x_wconf 80' lang='lat' dir='ltr'><strong>et</strong></span> 
     </span>
    </p>
   </div>
   <div class='ocr_carea' id='block_1_53' title="bbox 266 4341 1880 4427">
    <p class='ocr_par' dir='ltr' id='par_1_53' title="bbox 266 4341 1880 4427">
     <span class='ocr_line' id='line_1_54' title="bbox 266 4341 1880 4427; baseline -0.002 -32"><span class='ocrx_word' id='word_1_380' title='bbox 266 4347 275 4356; x_wconf 89' lang='lat'>&#39;</span> <span class='ocrx_word' id='word_1_381' title='bbox 304 4357 432 4427; x_wconf 68' lang='lat' dir='ltr'><strong>quae</strong></span> <span class='ocrx_word' id='word_1_382' title='bbox 463 4341 1226 4427; x_wconf 58' lang='lat' dir='ltr'><strong>ﬂpeptvildw§exd1ndidillll:,</strong></span> <span class='ocrx_word' id='word_1_383' title='bbox 1246 4349 1880 4427; x_wconf 29' lang='lat' dir='ltr'><strong>post‘vesjperamvuxrsf</strong></span> 
     </span>
    </p>
   </div>
   <div class='ocr_carea' id='block_1_54' title="bbox 309 4410 1880 4483">
    <p class='ocr_par' dir='ltr' id='par_1_54' title="bbox 309 4410 1880 4483">
     <span class='ocr_line' id='line_1_55' title="bbox 309 4410 1880 4483; baseline -0.001 -19"><span class='ocrx_word' id='word_1_384' title='bbox 309 4410 434 4483; x_wconf 76' lang='grc' dir='ltr'><strong>ρινῆ</strong></span> <span class='ocrx_word' id='word_1_385' title='bbox 458 4410 880 4483; x_wconf 74' lang='grc' dir='ltr'>τρισκαιδεκάτῃ</span> <span class='ocrx_word' id='word_1_386' title='bbox 899 4410 1172 4483; x_wconf 81' lang='lat' dir='ltr'><strong>nominari</strong></span> <span class='ocrx_word' id='word_1_387' title='bbox 1199 4411 1410 4483; x_wconf 82' lang='lat' dir='ltr'><strong>incipit.</strong></span> <span class='ocrx_word' id='word_1_388' title='bbox 1441 4410 1575 4463; x_wconf 88' lang='lat' dir='ltr'><strong>Nam</strong></span> <span class='ocrx_word' id='word_1_389' title='bbox 1595 4425 1624 4463; x_wconf 92' lang='lat' dir='ltr'><strong>a</strong></span> <span class='ocrx_word' id='word_1_390' title='bbox 1654 4425 1880 4479; x_wconf 90' lang='lat' dir='ltr'><strong>vespera</strong></span> 
     </span>
    </p>
   </div>
   <div class='ocr_carea' id='block_1_55' title="bbox 304 4430 1878 4548">
    <p class='ocr_par' dir='ltr' id='par_1_55' title="bbox 304 4430 1878 4548">
     <span class='ocr_line' id='line_1_56' title="bbox 309 4430 1878 4483; baseline -0.001 -19"><span class='ocrx_word' id='word_1_391' title='bbox 309 4430 434 4483; x_wconf 86' lang='grc' dir='ltr'><strong>ρινη</strong></span> <span class='ocrx_word' id='word_1_392' title='bbox 458 4430 844 4482; x_wconf 85' lang='grc' dir='ltr'><strong>τρισκαιοεκατ</strong></span> <span class='ocrx_word' id='word_1_393' title='bbox 899 4430 1172 4464; x_wconf 66' lang='grc' dir='ltr'>ιιοιιιιιιξιτι</span> <span class='ocrx_word' id='word_1_394' title='bbox 1199 4430 1410 4480; x_wconf 74' lang='grc' dir='ltr'>ιιιυψιι.</span> <span class='ocrx_word' id='word_1_395' title='bbox 1441 4430 1575 4463; x_wconf 59' lang='grc' dir='ltr'>ινδιιι</span> <span class='ocrx_word' id='word_1_396' title='bbox 1595 4430 1624 4463; x_wconf 85' lang='lat' dir='ltr'><strong>a</strong></span> <span class='ocrx_word' id='word_1_397' title='bbox 1654 4430 1878 4479; x_wconf 83' lang='lat' dir='ltr'><strong>vespera</strong></span> 
     </span>
     <span class='ocr_line' id='line_1_57' title="bbox 304 4430 1878 4548; baseline -0.001 -14"><span class='ocrx_word' id='word_1_398' title='bbox 304 4481 456 4534; x_wconf 89' lang='lat' dir='ltr'><strong>diem</strong></span> <span class='ocrx_word' id='word_1_399' title='bbox 474 4482 656 4536; x_wconf 79' lang='lat' dir='ltr'><strong>exorsi</strong></span> <span class='ocrx_word' id='word_1_400' title='bbox 692 4489 821 4536; x_wconf 90' lang='lat' dir='ltr'><strong>sunt</strong></span> <span class='ocrx_word' id='word_1_401' title='bbox 845 4430 1017 4535; x_wconf 55' lang='lat' dir='ltr'><strong>Pudaai</strong></span> <span class='ocrx_word' id='word_1_402' title='bbox 1037 4499 1049 4534; x_wconf 91' lang='lat'><strong>:</strong></span> <span class='ocrx_word' id='word_1_403' title='bbox 1072 4479 1194 4534; x_wconf 89' lang='lat' dir='ltr'><strong>ideo</strong></span> <span class='ocrx_word' id='word_1_404' title='bbox 1225 4480 1379 4548; x_wconf 88' lang='lat' dir='ltr'><strong>prius</strong></span> <span class='ocrx_word' id='word_1_405' title='bbox 1414 4488 1878 4548; x_wconf 77' lang='lat' dir='ltr'><strong>nocturna,quam</strong></span> 
     </span>
    </p>
   </div>
   <div class='ocr_carea' id='block_1_56' title="bbox 305 4549 1881 4621">
    <p class='ocr_par' dir='ltr' id='par_1_56' title="bbox 305 4549 1881 4621">
     <span class='ocr_line' id='line_1_58' title="bbox 305 4549 1881 4621; baseline -0.002 -18"><span class='ocrx_word' id='word_1_406' title='bbox 305 4553 508 4605; x_wconf 88' lang='lat' dir='ltr'><strong>diurna</strong></span> <span class='ocrx_word' id='word_1_407' title='bbox 563 4553 688 4606; x_wconf 91' lang='lat' dir='ltr'><strong>luna</strong></span> <span class='ocrx_word' id='word_1_408' title='bbox 739 4559 1012 4606; x_wconf 88' lang='lat' dir='ltr'><strong>censetur.</strong></span> <span class='ocrx_word' id='word_1_409' title='bbox 1036 4549 1402 4616; x_wconf 86' lang='lat' dir='ltr'><strong>Quamobrem</strong></span> <span class='ocrx_word' id='word_1_410' title='bbox 1429 4551 1532 4605; x_wconf 90' lang='lat' dir='ltr'><strong>etsi</strong></span> <span class='ocrx_word' id='word_1_411' title='bbox 1565 4550 1881 4621; x_wconf 82' lang='grc' dir='ltr'><strong>νυκτερινῆς</strong></span> 
     </span>
    </p>
   </div>
   <div class='ocr_carea' id='block_1_57' title="bbox 306 4620 1882 4694">
    <p class='ocr_par' dir='ltr' id='par_1_57' title="bbox 306 4620 1882 4694">
     <span class='ocr_line' id='line_1_59' title="bbox 306 4620 1882 4694; baseline -0.003 -19"><span class='ocrx_word' id='word_1_412' title='bbox 306 4629 478 4690; x_wconf 83' lang='lat' dir='ltr'><strong>atque</strong></span> <span class='ocrx_word' id='word_1_413' title='bbox 502 4622 767 4694; x_wconf 78' lang='grc' dir='ltr'><strong>ἡμερινῆς</strong></span> <span class='ocrx_word' id='word_1_414' title='bbox 786 4621 1046 4694; x_wconf 82' lang='lat' dir='ltr'><strong>vocabula</strong></span> <span class='ocrx_word' id='word_1_415' title='bbox 1070 4635 1176 4694; x_wconf 89' lang='lat' dir='ltr'><strong>non</strong></span> <span class='ocrx_word' id='word_1_416' title='bbox 1202 4621 1554 4694; x_wconf 73' lang='lat' dir='ltr'><strong>expresserit,</strong></span> <span class='ocrx_word' id='word_1_417' title='bbox 1577 4620 1882 4690; x_wconf 76' lang='grc' dir='ltr'><strong>ὁμωνύμως</strong></span> 
     </span>
    </p>
   </div>
   <div class='ocr_carea' id='block_1_58' title="bbox 310 4688 1886 4761">
    <p class='ocr_par' dir='ltr' id='par_1_58' title="bbox 310 4688 1886 4761">
     <span class='ocr_line' id='line_1_60' title="bbox 310 4688 1886 4761; baseline -0.003 -15"><span class='ocrx_word' id='word_1_418' title='bbox 310 4688 450 4746; x_wconf 75' lang='lat' dir='ltr'><strong>usus</strong></span> <span class='ocrx_word' id='word_1_419' title='bbox 490 4688 962 4761; x_wconf 58' lang='lat' dir='ltr'><strong>videtur&#39;eelﬁv&#39;q;</strong></span> <span class='ocrx_word' id='word_1_420' title='bbox 996 4688 1286 4761; x_wconf 53' lang='lat' dir='ltr'><strong>vocabulo.</strong></span> <span class='ocrx_word' id='word_1_421' title='bbox 1309 4688 1448 4761; x_wconf 69' lang='lat' dir='ltr'><strong>Nam</strong></span> <span class='ocrx_word' id='word_1_422' title='bbox 1501 4688 1626 4743; x_wconf 85' lang='lat' dir='ltr'><strong>cum</strong></span> <span class='ocrx_word' id='word_1_423' title='bbox 1667 4688 1826 4761; x_wconf 81' lang='lat' dir='ltr'><strong>negat</strong></span> <span class='ocrx_word' id='word_1_424' title='bbox 1855 4705 1886 4742; x_wconf 89' lang='lat' dir='ltr'><strong>a</strong></span> 
     </span>
    </p>
   </div>
   <div class='ocr_carea' id='block_1_59' title="bbox 309 4759 1883 4832">
    <p class='ocr_par' dir='ltr' id='par_1_59' title="bbox 309 4759 1883 4832">
     <span class='ocr_line' id='line_1_61' title="bbox 309 4759 1883 4832; baseline -0.003 -16"><span class='ocrx_word' id='word_1_425' title='bbox 309 4777 372 4816; x_wconf 78' lang='grc' dir='ltr'><strong>ιι</strong></span> <span class='ocrx_word' id='word_1_426' title='bbox 389 4763 517 4815; x_wconf 90' lang='lat' dir='ltr'><strong>luna</strong></span> <span class='ocrx_word' id='word_1_427' title='bbox 530 4759 884 4832; x_wconf 66' lang='lat' dir='ltr'><strong>Xerophagiae</strong></span> <span class='ocrx_word' id='word_1_428' title='bbox 900 4759 1462 4832; x_wconf 81' lang='lat' dir='ltr'><strong>principiumdeduci,</strong></span> <span class='ocrx_word' id='word_1_429' title='bbox 1487 4761 1580 4832; x_wconf 88' lang='lat' dir='ltr'><strong>sed</strong></span> <span class='ocrx_word' id='word_1_430' title='bbox 1605 4775 1634 4832; x_wconf 83' lang='lat' dir='ltr'><strong>a</strong></span> <span class='ocrx_word' id='word_1_431' title='bbox 1653 4759 1883 4822; x_wconf 89' lang='lat' dir='ltr'><strong>decima,</strong></span> 
     </span>
    </p>
   </div>
   <div class='ocr_carea' id='block_1_60' title="bbox 311 4830 1882 4900">
    <p class='ocr_par' dir='ltr' id='par_1_60' title="bbox 311 4830 1882 4900">
     <span class='ocr_line' id='line_1_62' title="bbox 311 4830 1882 4900; baseline -0.003 -14"><span class='ocrx_word' id='word_1_432' title='bbox 311 4847 385 4886; x_wconf 89' lang='lat' dir='ltr'><strong>ne</strong></span> <span class='ocrx_word' id='word_1_433' title='bbox 431 4833 538 4886; x_wconf 88' lang='lat' dir='ltr'><strong>sibi</strong></span> <span class='ocrx_word' id='word_1_434' title='bbox 587 4830 898 4887; x_wconf 76' lang='lat' dir='ltr'><strong>contrarius</strong></span> <span class='ocrx_word' id='word_1_435' title='bbox 930 4833 1046 4900; x_wconf 88' lang='lat' dir='ltr'><strong>ipse</strong></span> <span class='ocrx_word' id='word_1_436' title='bbox 1079 4830 1174 4892; x_wconf 25' lang='lat' dir='ltr'><strong>’sit,</strong></span> <span class='ocrx_word' id='word_1_437' title='bbox 1202 4830 1272 4900; x_wconf 76' lang='lat' dir='ltr'><strong>de</strong></span> <span class='ocrx_word' id='word_1_438' title='bbox 1301 4831 1587 4900; x_wconf 83' lang='grc' dir='ltr'><strong>νυκτερινῇ</strong></span> <span class='ocrx_word' id='word_1_439' title='bbox 1616 4830 1882 4900; x_wconf 82' lang='lat' dir='ltr'><strong>interpre-</strong></span> 
     </span>
    </p>
   </div>
   <div class='ocr_carea' id='block_1_61' title="bbox 308 4899 1884 4971">
    <p class='ocr_par' dir='ltr' id='par_1_61' title="bbox 308 4899 1884 4971">
     <span class='ocr_line' id='line_1_63' title="bbox 308 4899 1884 4971; baseline -0.004 -15"><span class='ocrx_word' id='word_1_440' title='bbox 308 4901 514 4957; x_wconf 87' lang='lat' dir='ltr'><strong>tandus</strong></span> <span class='ocrx_word' id='word_1_441' title='bbox 550 4913 653 4957; x_wconf 85' lang='lat' dir='ltr'><strong>est.</strong></span> <span class='ocrx_word' id='word_1_442' title='bbox 684 4899 967 4971; x_wconf 86' lang='lat' dir='ltr'><strong>Nunquam</strong></span> <span class='ocrx_word' id='word_1_443' title='bbox 1025 4903 1169 4954; x_wconf 90' lang='lat' dir='ltr'><strong>enim</strong></span> <span class='ocrx_word' id='word_1_444' title='bbox 1200 4899 1478 4958; x_wconf 85' lang='lat' dir='ltr'><strong>Paschalis</strong></span> <span class='ocrx_word' id='word_1_445' title='bbox 1526 4899 1824 4971; x_wconf 86' lang='lat' dir='ltr'><strong>hebdomas</strong></span> <span class='ocrx_word' id='word_1_446' title='bbox 1856 4914 1884 4950; x_wconf 92' lang='lat' dir='ltr'><strong>a</strong></span> 
     </span>
    </p>
   </div>
   <div class='ocr_carea' id='block_1_62' title="bbox 311 4969 1886 5040">
    <p class='ocr_par' dir='ltr' id='par_1_62' title="bbox 311 4969 1886 5040">
     <span class='ocr_line' id='line_1_64' title="bbox 311 4969 1886 5040; baseline -0.004 -14"><span class='ocrx_word' id='word_1_447' title='bbox 311 4974 454 5026; x_wconf 85' lang='lat' dir='ltr'><strong>feria</strong></span> <span class='ocrx_word' id='word_1_448' title='bbox 483 4973 721 5028; x_wconf 84' lang='lat' dir='ltr'><strong>secunda</strong></span> <span class='ocrx_word' id='word_1_449' title='bbox 747 4969 992 5026; x_wconf 74' lang='lat' dir='ltr'><strong>inchoari</strong></span> <span class='ocrx_word' id='word_1_450' title='bbox 1020 4977 1220 5040; x_wconf 84' lang='lat' dir='ltr'><strong>potest,</strong></span> <span class='ocrx_word' id='word_1_451' title='bbox 1255 4985 1374 5039; x_wconf 66' lang='lat' dir='ltr'><strong>quae</strong></span> <span class='ocrx_word' id='word_1_452' title='bbox 1405 4971 1476 5024; x_wconf 87' lang='lat' dir='ltr'><strong>sit</strong></span> <span class='ocrx_word' id='word_1_453' title='bbox 1505 4969 1666 5040; x_wconf 86' lang='grc' dir='ltr'><strong>ἑνάτη</strong></span> <span class='ocrx_word' id='word_1_454' title='bbox 1700 4985 1886 5021; x_wconf 88' lang='grc' dir='ltr'><strong>νυκτε-</strong></span> 
     </span>
    </p>
   </div>
   <div class='ocr_carea' id='block_1_63' title="bbox 313 5041 1883 5166">
    <p class='ocr_par' dir='ltr' id='par_1_63' title="bbox 313 5041 1883 5166">
     <span class='ocr_line' id='line_1_65' title="bbox 313 5041 1883 5166; baseline -0.003 -72"><span class='ocrx_word' id='word_1_455' title='bbox 313 5043 438 5116; x_wconf 83' lang='grc' dir='ltr'><strong>ρινή</strong></span> <span class='ocrx_word' id='word_1_456' title='bbox 490 5053 546 5098; x_wconf 89' lang='grc' dir='ltr'><strong>ει</strong></span> <span class='ocrx_word' id='word_1_457' title='bbox 595 5043 829 5166; x_wconf 64' lang='grc' dir='ltr'><strong>ἡμερινῆ</strong></span> <span class='ocrx_word' id='word_1_458' title='bbox 881 5041 1061 5111; x_wconf 81' lang='grc' dir='ltr'><strong>ὀγδόη.</strong></span> <span class='ocrx_word' id='word_1_459' title='bbox 1092 5041 1295 5094; x_wconf 85' lang='lat' dir='ltr'><strong>Contra</strong></span> <span class='ocrx_word' id='word_1_460' title='bbox 1345 5055 1472 5095; x_wconf 88' lang='lat' dir='ltr'><strong>vero</strong></span> <span class='ocrx_word' id='word_1_461' title='bbox 1528 5055 1647 5092; x_wconf 79' lang='lat' dir='ltr'><strong>cum</strong></span> <span class='ocrx_word' id='word_1_462' title='bbox 1703 5055 1737 5093; x_wconf 86' lang='lat' dir='ltr'><strong>a</strong></span> <span class='ocrx_word' id='word_1_463' title='bbox 1796 5054 1883 5090; x_wconf 79' lang='lat' dir='ltr'><strong>xvt</strong></span> 
     </span>
     <span class='ocr_line' id='line_1_66' title="bbox 313 5109 1883 5166; baseline -0.004 0"><span class='ocrx_word' id='word_1_464' title='bbox 313 5117 446 5166; x_wconf 90' lang='lat' dir='ltr'><strong>luna</strong></span> <span class='ocrx_word' id='word_1_465' title='bbox 509 5114 754 5166; x_wconf 83' lang='lat' dir='ltr'><strong>eiusdem</strong></span> <span class='ocrx_word' id='word_1_466' title='bbox 829 5111 1162 5166; x_wconf 84' lang='lat' dir='ltr'><strong>iebdomadis</strong></span> <span class='ocrx_word' id='word_1_467' title='bbox 1219 5109 1432 5166; x_wconf 88' lang='lat' dir='ltr'><strong>initium</strong></span> <span class='ocrx_word' id='word_1_468' title='bbox 1489 5109 1661 5166; x_wconf 79' lang='lat' dir='ltr'><strong>repeti</strong></span> <span class='ocrx_word' id='word_1_469' title='bbox 1726 5117 1883 5166; x_wconf 68' lang='lat' dir='ltr'><strong>negat</strong></span> 
     </span>
    </p>
   </div>
   <div class='ocr_carea' id='block_1_64' title="bbox 313 5109 1885 5182">
    <p class='ocr_par' dir='ltr' id='par_1_64' title="bbox 313 5109 1885 5182">
     <span class='ocr_line' id='line_1_67' title="bbox 313 5109 1885 5182; baseline -0.003 -17"><span class='ocrx_word' id='word_1_470' title='bbox 313 5109 446 5166; x_wconf 79' lang='lat' dir='ltr'><strong>iuna</strong></span> <span class='ocrx_word' id='word_1_471' title='bbox 509 5109 754 5182; x_wconf 79' lang='lat' dir='ltr'><strong>ejusdem</strong></span> <span class='ocrx_word' id='word_1_472' title='bbox 810 5109 1432 5182; x_wconf 26' lang='lat' dir='ltr'><strong>fiebdoniadishinitium</strong></span> <span class='ocrx_word' id='word_1_473' title='bbox 1489 5109 1661 5182; x_wconf 79' lang='lat' dir='ltr'><strong>repeti</strong></span> <span class='ocrx_word' id='word_1_474' title='bbox 1726 5117 1885 5182; x_wconf 81' lang='lat' dir='ltr'><strong>negat</strong></span> 
     </span>
    </p>
   </div>
   <div class='ocr_carea' id='block_1_65' title="bbox 310 5178 1882 5254">
    <p class='ocr_par' dir='ltr' id='par_1_65' title="bbox 310 5178 1882 5254">
     <span class='ocr_line' id='line_1_68' title="bbox 310 5178 1882 5254; baseline -0.004 -18"><span class='ocrx_word' id='word_1_475' title='bbox 310 5197 497 5253; x_wconf 88' lang='lat' dir='ltr'><strong>posse,</strong></span> <span class='ocrx_word' id='word_1_476' title='bbox 532 5178 715 5237; x_wconf 73' lang='lat' dir='ltr'><strong>[uitam</strong></span> <span class='ocrx_word' id='word_1_477' title='bbox 746 5183 1012 5254; x_wconf 76' lang='grc' dir='ltr'><strong>ἡμερινήν</strong></span> <span class='ocrx_word' id='word_1_478' title='bbox 1039 5180 1307 5254; x_wconf 80' lang='lat' dir='ltr'><strong>intelligit,</strong></span> <span class='ocrx_word' id='word_1_479' title='bbox 1328 5195 1463 5254; x_wconf 65' lang='lat' dir='ltr'><strong>qua:</strong></span> <span class='ocrx_word' id='word_1_480' title='bbox 1494 5178 1564 5254; x_wconf 87' lang='lat' dir='ltr'><strong>sit</strong></span> <span class='ocrx_word' id='word_1_481' title='bbox 1598 5179 1882 5254; x_wconf 77' lang='grc' dir='ltr'><strong>νυκτερινὴ</strong></span> 
     </span>
    </p>
   </div>
   <div class='ocr_carea' id='block_1_66' title="bbox 250 5250 1884 5322">
    <p class='ocr_par' dir='ltr' id='par_1_66' title="bbox 250 5250 1884 5322">
     <span class='ocr_line' id='line_1_69' title="bbox 250 5250 1884 5322; baseline -0.004 -16"><span class='ocrx_word' id='word_1_482' title='bbox 250 5252 254 5255; x_wconf 83' lang='grc'><em>’</em></span> <span class='ocrx_word' id='word_1_483' title='bbox 310 5250 448 5306; x_wconf 72' lang='grc' dir='ltr'>Ξινιι.</span> <span class='ocrx_word' id='word_1_484' title='bbox 475 5253 606 5308; x_wconf 84' lang='lat' dir='ltr'><strong>Nam</strong></span> <span class='ocrx_word' id='word_1_485' title='bbox 641 5254 697 5307; x_wconf 93' lang='lat' dir='ltr'><strong>in</strong></span> <span class='ocrx_word' id='word_1_486' title='bbox 731 5250 1014 5322; x_wconf 80' lang='lat' dir='ltr'><strong>superiore</strong></span> <span class='ocrx_word' id='word_1_487' title='bbox 1039 5252 1129 5322; x_wconf 88' lang='lat' dir='ltr'><strong>illa</strong></span> <span class='ocrx_word' id='word_1_488' title='bbox 1157 5251 1462 5322; x_wconf 10' lang='lat' dir='ltr'><strong>hypotheﬁsi,</strong></span> <span class='ocrx_word' id='word_1_489' title='bbox 1497 5250 1556 5322; x_wconf 82' lang='lat' dir='ltr'><strong>in</strong></span> <span class='ocrx_word' id='word_1_490' title='bbox 1589 5263 1725 5322; x_wconf 67' lang='lat' dir='ltr'><strong>qua</strong></span> <span class='ocrx_word' id='word_1_491' title='bbox 1753 5250 1884 5301; x_wconf 88' lang='lat' dir='ltr'><strong>luna</strong></span> 
     </span>
    </p>
   </div>
   <div class='ocr_carea' id='block_1_67' title="bbox 312 5318 1884 5390">
    <p class='ocr_par' dir='ltr' id='par_1_67' title="bbox 312 5318 1884 5390">
     <span class='ocr_line' id='line_1_70' title="bbox 312 5318 1884 5390; baseline -0.004 -14"><span class='ocrx_word' id='word_1_492' title='bbox 312 5337 408 5376; x_wconf 80' lang='lat' dir='ltr'><strong>xw</strong></span> <span class='ocrx_word' id='word_1_493' title='bbox 456 5325 510 5378; x_wconf 92' lang='lat' dir='ltr'><strong>in</strong></span> <span class='ocrx_word' id='word_1_494' title='bbox 555 5318 852 5378; x_wconf 77' lang='lat' dir='ltr'><strong>Sabbatuin</strong></span> <span class='ocrx_word' id='word_1_495' title='bbox 893 5321 1164 5385; x_wconf 84' lang='lat' dir='ltr'><strong>convenit,</strong></span> <span class='ocrx_word' id='word_1_496' title='bbox 1199 5318 1556 5390; x_wconf 80' lang='lat' dir='ltr'><strong>XerOpliagiae</strong></span> <span class='ocrx_word' id='word_1_497' title='bbox 1589 5318 1884 5390; x_wconf 89' lang='lat' dir='ltr'><strong>hebdomas</strong></span> 
     </span>
    </p>
   </div>
   <div class='ocr_carea' id='block_1_68' title="bbox 314 5389 1878 5461">
    <p class='ocr_par' dir='ltr' id='par_1_68' title="bbox 314 5389 1878 5461">
     <span class='ocr_line' id='line_1_71' title="bbox 314 5389 1878 5461; baseline -0.003 -17"><span class='ocrx_word' id='word_1_498' title='bbox 314 5394 419 5445; x_wconf 89' lang='lat' dir='ltr'><strong>init</strong></span> <span class='ocrx_word' id='word_1_499' title='bbox 471 5409 501 5447; x_wconf 92' lang='lat' dir='ltr'><strong>a</strong></span> <span class='ocrx_word' id='word_1_500' title='bbox 547 5394 681 5448; x_wconf 91' lang='lat' dir='ltr'><strong>feria</strong></span> <span class='ocrx_word' id='word_1_501' title='bbox 725 5409 760 5446; x_wconf 91' lang='grc' dir='ltr'><strong>ιι</strong></span> <span class='ocrx_word' id='word_1_502' title='bbox 806 5390 1099 5461; x_wconf 73' lang='lat' dir='ltr'><strong>anteriore,</strong></span> <span class='ocrx_word' id='word_1_503' title='bbox 1141 5407 1260 5458; x_wconf 72' lang='lat' dir='ltr'><strong>quae</strong></span> <span class='ocrx_word' id='word_1_504' title='bbox 1307 5389 1393 5444; x_wconf 88' lang='lat' dir='ltr'><strong>est</strong></span> <span class='ocrx_word' id='word_1_505' title='bbox 1431 5389 1662 5461; x_wconf 69' lang='grc' dir='ltr'><strong>ἡμερινή</strong></span> <span class='ocrx_word' id='word_1_506' title='bbox 1695 5389 1878 5458; x_wconf 76' lang='grc' dir='ltr'><strong>ἐνάτη,</strong></span> 
     </span>
    </p>
   </div>
   <div class='ocr_carea' id='block_1_69' title="bbox 312 5459 1884 5534">
    <p class='ocr_par' dir='ltr' id='par_1_69' title="bbox 312 5459 1884 5534">
     <span class='ocr_line' id='line_1_72' title="bbox 312 5459 1884 5534; baseline -0.003 -19"><span class='ocrx_word' id='word_1_507' title='bbox 312 5464 605 5534; x_wconf 82' lang='grc' dir='ltr'><strong>νυκτερινὴ</strong></span> <span class='ocrx_word' id='word_1_508' title='bbox 663 5459 1223 5534; x_wconf 28' lang='grc' dir='ltr'><strong>δωδεκάτητ-ριιοᾱεί</strong></span> <span class='ocrx_word' id='word_1_509' title='bbox 1277 5476 1367 5534; x_wconf 73' lang='lat' dir='ltr'><strong>Xiv</strong></span> <span class='ocrx_word' id='word_1_510' title='bbox 1420 5459 1551 5512; x_wconf 87' lang='lat' dir='ltr'><strong>luna</strong></span> <span class='ocrx_word' id='word_1_511' title='bbox 1593 5460 1884 5534; x_wconf 66' lang='lat' dir='ltr'><strong>Dominica:</strong></span> 
     </span>
    </p>
   </div>
   <div class='ocr_carea' id='block_1_70' title="bbox 313 5530 1879 5602">
    <p class='ocr_par' dir='ltr' id='par_1_70' title="bbox 313 5530 1879 5602">
     <span class='ocr_line' id='line_1_73' title="bbox 313 5530 1879 5602; baseline -0.005 -16"><span class='ocrx_word' id='word_1_512' title='bbox 313 5530 625 5596; x_wconf 76' lang='lat' dir='ltr'><strong>coiiveiiiat,</strong></span> <span class='ocrx_word' id='word_1_513' title='bbox 655 5533 905 5602; x_wconf 90' lang='lat' dir='ltr'><strong>sequenti</strong></span> <span class='ocrx_word' id='word_1_514' title='bbox 925 5530 1046 5602; x_wconf 28' lang='lat' dir='ltr'><strong>idie,</strong></span> <span class='ocrx_word' id='word_1_515' title='bbox 1083 5546 1204 5602; x_wconf 59' lang='lat' dir='ltr'><strong>quae</strong></span> <span class='ocrx_word' id='word_1_516' title='bbox 1234 5537 1329 5602; x_wconf 82' lang='lat' dir='ltr'><strong>est</strong></span> <span class='ocrx_word' id='word_1_517' title='bbox 1351 5532 1477 5602; x_wconf 87' lang='lat' dir='ltr'><strong>luna</strong></span> <span class='ocrx_word' id='word_1_518' title='bbox 1519 5546 1584 5602; x_wconf 81' lang='lat' dir='ltr'><strong>xv</strong></span> <span class='ocrx_word' id='word_1_519' title='bbox 1622 5530 1879 5600; x_wconf 84' lang='grc' dir='ltr'><strong>ἡμερινή,</strong></span> 
     </span>
    </p>
   </div>
   <div class='ocr_carea' id='block_1_71' title="bbox 310 5599 1876 5684">
    <p class='ocr_par' dir='ltr' id='par_1_71' title="bbox 310 5599 1876 5684">
     <span class='ocr_line' id='line_1_74' title="bbox 310 5599 1876 5684; baseline -0.003 -29"><span class='ocrx_word' id='word_1_520' title='bbox 310 5612 379 5684; x_wconf 45' lang='lat' dir='ltr'><strong>et.</strong></span> <span class='ocrx_word' id='word_1_521' title='bbox 400 5605 688 5684; x_wconf 72' lang='grc' dir='ltr'><strong>νυκτερινὴ</strong></span> <span class='ocrx_word' id='word_1_522' title='bbox 721 5599 834 5666; x_wconf 75' lang='lat' dir='ltr'><strong>xw,</strong></span> <span class='ocrx_word' id='word_1_523' title='bbox 869 5600 1080 5682; x_wconf 74' lang='lat' dir='ltr'><strong>initium</strong></span> <span class='ocrx_word' id='word_1_524' title='bbox 1112 5601 1217 5684; x_wconf 80' lang='lat' dir='ltr'><strong>erit</strong></span> <span class='ocrx_word' id='word_1_525' title='bbox 1249 5599 1608 5654; x_wconf 83' lang='lat' dir='ltr'><strong>hebdomadis</strong></span> <span class='ocrx_word' id='word_1_526' title='bbox 1657 5599 1876 5684; x_wconf 60' lang='lat' dir='ltr'><strong>sanctae.</strong></span> 
     </span>
    </p>
   </div>
   <div class='ocr_carea' id='block_1_72' title="bbox 315 5669 1880 5743">
    <p class='ocr_par' dir='ltr' id='par_1_72' title="bbox 315 5669 1880 5743">
     <span class='ocr_line' id='line_1_75' title="bbox 315 5669 1880 5743; baseline -0.004 -16"><span class='ocrx_word' id='word_1_527' title='bbox 315 5671 484 5730; x_wconf 79' lang='lat' dir='ltr'><strong>Vides</strong></span> <span class='ocrx_word' id='word_1_528' title='bbox 514 5669 687 5743; x_wconf 74' lang='lat' dir='ltr'><strong>igitur</strong></span> <span class='ocrx_word' id='word_1_529' title='bbox 704 5670 1121 5743; x_wconf 86' lang='lat' dir='ltr'><strong>necessario_in</strong></span> <span class='ocrx_word' id='word_1_530' title='bbox 1177 5673 1302 5724; x_wconf 91' lang='lat' dir='ltr'><strong>luna</strong></span> <span class='ocrx_word' id='word_1_531' title='bbox 1350 5685 1405 5743; x_wconf 72' lang='lat' dir='ltr'><strong>ix</strong></span> <span class='ocrx_word' id='word_1_532' title='bbox 1450 5669 1788 5743; x_wconf 74' lang='grc' dir='ltr'><strong>νυκτερινήν,</strong></span> <span class='ocrx_word' id='word_1_533' title='bbox 1826 5669 1880 5743; x_wconf 82' lang='lat' dir='ltr'><strong>in</strong></span> 
     </span>
    </p>
   </div>
   <div class='ocr_carea' id='block_1_73' title="bbox 313 5739 1883 5816">
    <p class='ocr_par' dir='ltr' id='par_1_73' title="bbox 313 5739 1883 5816">
     <span class='ocr_line' id='line_1_76' title="bbox 313 5739 1883 5816; baseline -0.006 -18"><span class='ocrx_word' id='word_1_534' title='bbox 313 5759 408 5798; x_wconf 75' lang='lat' dir='ltr'><strong>xvr</strong></span> <span class='ocrx_word' id='word_1_535' title='bbox 465 5739 732 5816; x_wconf 65' lang='grc' dir='ltr'><strong>ἡμερινήν</strong></span> <span class='ocrx_word' id='word_1_536' title='bbox 771 5739 1141 5816; x_wconf 79' lang='lat' dir='ltr'><strong>accipiendam</strong></span> <span class='ocrx_word' id='word_1_537' title='bbox 1178 5740 1550 5816; x_wconf 84' lang='lat' dir='ltr'><strong>esse._l_n_quo</strong></span> <span class='ocrx_word' id='word_1_538' title='bbox 1583 5739 1731 5792; x_wconf 88' lang='lat' dir='ltr'><strong>illud</strong></span> <span class='ocrx_word' id='word_1_539' title='bbox 1765 5739 1883 5816; x_wconf 58' lang='lat' dir='ltr'><strong>arii-</strong></span> 
     </span>
    </p>
   </div>
   <div class='ocr_carea' id='block_1_74' title="bbox 315 5809 1880 5878">
    <p class='ocr_par' dir='ltr' id='par_1_74' title="bbox 315 5809 1880 5878">
     <span class='ocr_line' id='line_1_77' title="bbox 315 5809 1880 5878; baseline -0.004 -13"><span class='ocrx_word' id='word_1_540' title='bbox 315 5809 800 5870; x_wconf 73' lang='lat' dir='ltr'><strong>Iiiadvei&#39;téndum:</strong></span> <span class='ocrx_word' id='word_1_541' title='bbox 834 5809 959 5866; x_wconf 73' lang='lat' dir='ltr'><strong>licet</strong></span> <span class='ocrx_word' id='word_1_542' title='bbox 1004 5811 1058 5864; x_wconf 87' lang='lat' dir='ltr'><strong>in</strong></span> <span class='ocrx_word' id='word_1_543' title='bbox 1109 5810 1298 5864; x_wconf 62' lang='lat' dir='ltr'><strong>haeresi</strong></span> <span class='ocrx_word' id='word_1_544' title='bbox 1331 5810 1392 5863; x_wconf 81' lang='lat'><strong>51</strong></span> <span class='ocrx_word' id='word_1_545' title='bbox 1432 5811 1505 5862; x_wconf 87' lang='lat' dir='ltr'><strong>ita</strong></span> <span class='ocrx_word' id='word_1_546' title='bbox 1569 5809 1880 5878; x_wconf 76' lang='grc' dir='ltr'><strong>νυκτερινῆς</strong></span> 
     </span>
    </p>
   </div>
   <div class='ocr_carea' id='block_1_75' title="bbox 309 5882 1876 5958">
    <p class='ocr_par' dir='ltr' id='par_1_75' title="bbox 309 5882 1876 5958">
     <span class='ocr_line' id='line_1_78' title="bbox 309 5882 1876 5958; baseline -0.006 -18"><span class='ocrx_word' id='word_1_547' title='bbox 309 5893 371 5940; x_wconf 78' lang='lat' dir='ltr'><strong>et</strong></span> <span class='ocrx_word' id='word_1_548' title='bbox 412 5885 681 5958; x_wconf 74' lang='grc' dir='ltr'><strong>ἡμερινῆς</strong></span> <span class='ocrx_word' id='word_1_549' title='bbox 731 5882 995 5939; x_wconf 82' lang='lat' dir='ltr'><strong>vocabula</strong></span> <span class='ocrx_word' id='word_1_550' title='bbox 1034 5883 1350 5951; x_wconf 87' lang='lat' dir='ltr'><strong>sumpserit,</strong></span> <span class='ocrx_word' id='word_1_551' title='bbox 1403 5888 1462 5932; x_wconf 87' lang='lat' dir='ltr'><strong>ut</strong></span> <span class='ocrx_word' id='word_1_552' title='bbox 1514 5895 1543 5932; x_wconf 88' lang='lat' dir='ltr'><strong>a</strong></span> <span class='ocrx_word' id='word_1_553' title='bbox 1591 5882 1876 5952; x_wconf 81' lang='grc' dir='ltr'><strong>νυκτερινῇ</strong></span> 
     </span>
    </p>
   </div>
   <div class='ocr_carea' id='block_1_76' title="bbox 1913 4593 1960 4651">
    <p class='ocr_par' dir='ltr' id='par_1_76' title="bbox 1913 4593 1960 4651">
     <span class='ocr_line' id='line_1_79' title="bbox 1913 4593 1960 4651; baseline 0 0"><span class='ocrx_word' id='word_1_554' title='bbox 1913 4593 1960 4651; x_wconf 90' lang='lat' dir='ltr'><strong>D</strong></span> 
     </span>
    </p>
   </div>
   <div class='ocr_carea' id='block_1_77' title="bbox 1982 653 3556 726">
    <p class='ocr_par' dir='ltr' id='par_1_77' title="bbox 1982 653 3556 726">
     <span class='ocr_line' id='line_1_80' title="bbox 1982 653 3556 726; baseline 0 -16"><span class='ocrx_word' id='word_1_555' title='bbox 1982 671 2096 710; x_wconf 79' lang='lat' dir='ltr'><strong>arx</strong></span> <span class='ocrx_word' id='word_1_556' title='bbox 2145 656 2485 726; x_wconf 73' lang='lat' dir='ltr'><strong>xemphagize</strong></span> <span class='ocrx_word' id='word_1_557' title='bbox 2517 670 2579 710; x_wconf 91' lang='lat' dir='ltr'><strong>ac</strong></span> <span class='ocrx_word' id='word_1_558' title='bbox 2624 654 2925 720; x_wconf 88' lang='lat' dir='ltr'><strong>Paschatis,</strong></span> <span class='ocrx_word' id='word_1_559' title='bbox 2973 653 3386 717; x_wconf 85' lang='lat' dir='ltr'><strong>hebdomadem,</strong></span> <span class='ocrx_word' id='word_1_560' title='bbox 3434 671 3556 725; x_wconf 69' lang='lat' dir='ltr'><strong>qua:</strong></span> 
     </span>
    </p>
   </div>
   <div class='ocr_carea' id='block_1_78' title="bbox 1981 744 3553 816">
    <p class='ocr_par' dir='ltr' id='par_1_78' title="bbox 1981 744 3553 816">
     <span class='ocr_line' id='line_1_81' title="bbox 1981 744 3553 816; baseline -0.002 -13"><span class='ocrx_word' id='word_1_561' title='bbox 1981 756 2170 803; x_wconf 87' lang='lat' dir='ltr'><strong>sancta</strong></span> <span class='ocrx_word' id='word_1_562' title='bbox 2201 747 2423 811; x_wconf 89' lang='lat' dir='ltr'><strong>dicitur,</strong></span> <span class='ocrx_word' id='word_1_563' title='bbox 2475 747 2734 802; x_wconf 90' lang='lat' dir='ltr'><strong>inchoare</strong></span> <span class='ocrx_word' id='word_1_564' title='bbox 2767 761 3098 816; x_wconf 86' lang='lat' dir='ltr'><strong>possumus;</strong></span> <span class='ocrx_word' id='word_1_565' title='bbox 3125 744 3216 800; x_wconf 92' lang='lat' dir='ltr'><strong>sed</strong></span> <span class='ocrx_word' id='word_1_566' title='bbox 3251 759 3282 798; x_wconf 88' lang='lat' dir='ltr'><strong>a</strong></span> <span class='ocrx_word' id='word_1_567' title='bbox 3321 761 3353 798; x_wconf 86' lang='lat' dir='ltr'><strong>x</strong></span> <span class='ocrx_word' id='word_1_568' title='bbox 3385 747 3447 800; x_wconf 92' lang='lat' dir='ltr'><strong>ad</strong></span> <span class='ocrx_word' id='word_1_569' title='bbox 3487 747 3553 800; x_wconf 91' lang='lat' dir='ltr'><strong>il-</strong></span> 
     </span>
    </p>
   </div>
   <div class='ocr_carea' id='block_1_79' title="bbox 1983 837 3553 909">
    <p class='ocr_par' dir='ltr' id='par_1_79' title="bbox 1983 837 3553 909">
     <span class='ocr_line' id='line_1_82' title="bbox 1983 837 3553 909; baseline -0.001 -15"><span class='ocrx_word' id='word_1_570' title='bbox 1983 841 2351 895; x_wconf 88' lang='lat' dir='ltr'><strong>lucescentem</strong></span> <span class='ocrx_word' id='word_1_571' title='bbox 2387 855 2560 909; x_wconf 89' lang='lat' dir='ltr'><strong>usque</strong></span> <span class='ocrx_word' id='word_1_572' title='bbox 2590 856 2680 902; x_wconf 91' lang='lat' dir='ltr'><strong>xv,</strong></span> <span class='ocrx_word' id='word_1_573' title='bbox 2720 855 2841 909; x_wconf 72' lang='lat' dir='ltr'><strong>qua:</strong></span> <span class='ocrx_word' id='word_1_574' title='bbox 2886 846 2970 893; x_wconf 89' lang='lat' dir='ltr'><strong>est</strong></span> <span class='ocrx_word' id='word_1_575' title='bbox 3012 837 3151 894; x_wconf 86' lang='lat' dir='ltr'><strong>duos</strong></span> <span class='ocrx_word' id='word_1_576' title='bbox 3181 838 3324 892; x_wconf 89' lang='lat' dir='ltr'><strong>inter</strong></span> <span class='ocrx_word' id='word_1_577' title='bbox 3357 854 3553 894; x_wconf 89' lang='lat' dir='ltr'><strong>cursus</strong></span> 
     </span>
    </p>
   </div>
   <div class='ocr_carea' id='block_1_80' title="bbox 1981 929 3554 1001">
    <p class='ocr_par' dir='ltr' id='par_1_80' title="bbox 1981 929 3554 1001">
     <span class='ocr_line' id='line_1_83' title="bbox 1981 929 3554 1001; baseline -0.002 -15"><span class='ocrx_word' id='word_1_578' title='bbox 1981 931 2122 987; x_wconf 91' lang='lat' dir='ltr'><strong>lucis</strong></span> <span class='ocrx_word' id='word_1_579' title='bbox 2163 947 2228 986; x_wconf 92' lang='lat' dir='ltr'><strong>ac</strong></span> <span class='ocrx_word' id='word_1_580' title='bbox 2271 931 2451 987; x_wconf 88' lang='lat' dir='ltr'><strong>noctis</strong></span> <span class='ocrx_word' id='word_1_581' title='bbox 2498 931 2806 1001; x_wconf 76' lang='lat' dir='ltr'><strong>interiecta.</strong></span> <span class='ocrx_word' id='word_1_582' title='bbox 2833 929 2998 1001; x_wconf 78' lang='lat'><strong>825</strong></span> <span class='ocrx_word' id='word_1_583' title='bbox 3029 930 3104 983; x_wconf 90' lang='lat' dir='ltr'><strong>Ita</strong></span> <span class='ocrx_word' id='word_1_584' title='bbox 3133 945 3224 984; x_wconf 76' lang='lat' dir='ltr'><strong>xtv</strong></span> <span class='ocrx_word' id='word_1_585' title='bbox 3256 931 3399 985; x_wconf 63' lang='lat' dir='ltr'><strong>lunae</strong></span> <span class='ocrx_word' id='word_1_586' title='bbox 3437 931 3554 984; x_wconf 91' lang='lat' dir='ltr'><strong>die-</strong></span> 
     </span>
    </p>
   </div>
   <div class='ocr_carea' id='block_1_81' title="bbox 1980 1021 3554 1090">
    <p class='ocr_par' dir='ltr' id='par_1_81' title="bbox 1980 1021 3554 1090">
     <span class='ocr_line' id='line_1_84' title="bbox 1980 1021 3554 1090; baseline 0.001 -16"><span class='ocrx_word' id='word_1_587' title='bbox 1980 1035 2103 1074; x_wconf 88' lang='lat' dir='ltr'><strong>rum</strong></span> <span class='ocrx_word' id='word_1_588' title='bbox 2153 1021 2243 1076; x_wconf 91' lang='lat' dir='ltr'><strong>ille</strong></span> <span class='ocrx_word' id='word_1_589' title='bbox 2290 1021 2406 1090; x_wconf 89' lang='lat' dir='ltr'><strong>ipse</strong></span> <span class='ocrx_word' id='word_1_590' title='bbox 2447 1036 2712 1075; x_wconf 91' lang='lat' dir='ltr'><strong>numerus</strong></span> <span class='ocrx_word' id='word_1_591' title='bbox 2759 1021 3114 1088; x_wconf 88' lang='lat' dir='ltr'><strong>observatur;</strong></span> <span class='ocrx_word' id='word_1_592' title='bbox 3173 1022 3387 1076; x_wconf 85' lang='lat' dir='ltr'><strong>tametsi</strong></span> <span class='ocrx_word' id='word_1_593' title='bbox 3428 1022 3554 1075; x_wconf 86' lang='lat' dir='ltr'><strong>illu-</strong></span> 
     </span>
    </p>
   </div>
   <div class='ocr_carea' id='block_1_82' title="bbox 1981 1113 3554 1183">
    <p class='ocr_par' dir='ltr' id='par_1_82' title="bbox 1981 1113 3554 1183">
     <span class='ocr_line' id='line_1_85' title="bbox 1981 1113 3554 1183; baseline -0.001 -16"><span class='ocrx_word' id='word_1_594' title='bbox 1981 1123 2288 1169; x_wconf 90' lang='lat' dir='ltr'><strong>cescentem</strong></span> <span class='ocrx_word' id='word_1_595' title='bbox 2334 1127 2552 1183; x_wconf 89' lang='lat' dir='ltr'><strong>quoque</strong></span> <span class='ocrx_word' id='word_1_596' title='bbox 2582 1130 2651 1167; x_wconf 83' lang='lat' dir='ltr'><strong>xv</strong></span> <span class='ocrx_word' id='word_1_597' title='bbox 2686 1128 2795 1168; x_wconf 84' lang='lat' dir='ltr'><strong>una</strong></span> <span class='ocrx_word' id='word_1_598' title='bbox 2835 1113 3260 1183; x_wconf 89' lang='lat' dir='ltr'><strong>comprehendat</strong></span> <span class='ocrx_word' id='word_1_599' title='bbox 3294 1132 3306 1166; x_wconf 94' lang='lat'>:</span> <span class='ocrx_word' id='word_1_600' title='bbox 3337 1121 3554 1183; x_wconf 88' lang='lat' dir='ltr'><strong>propter</strong></span> 
     </span>
    </p>
   </div>
   <div class='ocr_carea' id='block_1_83' title="bbox 1996 1204 3556 1275">
    <p class='ocr_par' dir='ltr' id='par_1_83' title="bbox 1996 1204 3556 1275">
     <span class='ocr_line' id='line_1_86' title="bbox 1996 1204 3556 1275; baseline -0.001 -15"><span class='ocrx_word' id='word_1_601' title='bbox 1996 1216 2050 1260; x_wconf 91' lang='lat' dir='ltr'><strong>et</strong></span> <span class='ocrx_word' id='word_1_602' title='bbox 2080 1213 2328 1261; x_wconf 69' lang='lat' dir='ltr'><strong>exactam</strong></span> <span class='ocrx_word' id='word_1_603' title='bbox 2361 1205 2555 1260; x_wconf 90' lang='lat' dir='ltr'><strong>solaris</strong></span> <span class='ocrx_word' id='word_1_604' title='bbox 2580 1219 2776 1260; x_wconf 84' lang='lat' dir='ltr'><strong>cursus</strong></span> <span class='ocrx_word' id='word_1_605' title='bbox 2806 1205 2875 1260; x_wconf 91' lang='lat' dir='ltr'><strong>ab</strong></span> <span class='ocrx_word' id='word_1_606' title='bbox 2909 1204 3236 1275; x_wconf 71' lang='lat' dir='ltr'><strong>aequinoctio</strong></span> <span class='ocrx_word' id='word_1_607' title='bbox 3261 1205 3556 1273; x_wconf 91' lang='lat' dir='ltr'><strong>rationem,</strong></span> 
     </span>
    </p>
   </div>
   <div class='ocr_carea' id='block_1_84' title="bbox 1992 1295 3556 1366">
    <p class='ocr_par' dir='ltr' id='par_1_84' title="bbox 1992 1295 3556 1366">
     <span class='ocr_line' id='line_1_87' title="bbox 1992 1295 3556 1366; baseline -0.001 -14"><span class='ocrx_word' id='word_1_608' title='bbox 1992 1305 2045 1352; x_wconf 90' lang='lat' dir='ltr'><strong>et</strong></span> <span class='ocrx_word' id='word_1_609' title='bbox 2074 1297 2284 1351; x_wconf 91' lang='lat' dir='ltr'><strong>lunaris</strong></span> <span class='ocrx_word' id='word_1_610' title='bbox 2324 1297 2546 1366; x_wconf 87' lang='lat' dir='ltr'><strong>perinde</strong></span> <span class='ocrx_word' id='word_1_611' title='bbox 2588 1311 2804 1361; x_wconf 89' lang='lat' dir='ltr'><strong>cursus,</strong></span> <span class='ocrx_word' id='word_1_612' title='bbox 2854 1297 2924 1350; x_wconf 94' lang='lat' dir='ltr'><strong>ob</strong></span> <span class='ocrx_word' id='word_1_613' title='bbox 2965 1297 3085 1366; x_wconf 81' lang='lat' dir='ltr'><strong>ejus</strong></span> <span class='ocrx_word' id='word_1_614' title='bbox 3121 1312 3232 1360; x_wconf 78' lang='lat' dir='ltr'><strong>xw,</strong></span> <span class='ocrx_word' id='word_1_615' title='bbox 3281 1310 3345 1349; x_wconf 89' lang='lat' dir='ltr'><strong>ac</strong></span> <span class='ocrx_word' id='word_1_616' title='bbox 3384 1295 3556 1365; x_wconf 75' lang='lat' dir='ltr'><strong>plena:</strong></span> 
     </span>
    </p>
   </div>
   <div class='ocr_carea' id='block_1_85' title="bbox 1980 1388 3554 1460">
    <p class='ocr_par' dir='ltr' id='par_1_85' title="bbox 1980 1388 3554 1460">
     <span class='ocr_line' id='line_1_88' title="bbox 1980 1388 3554 1460; baseline 0 -18"><span class='ocrx_word' id='word_1_617' title='bbox 1980 1388 2202 1459; x_wconf 87' lang='lat' dir='ltr'><strong>insuper</strong></span> <span class='ocrx_word' id='word_1_618' title='bbox 2257 1389 2643 1455; x_wconf 89' lang='lat' dir='ltr'><strong>hebdomadis,</strong></span> <span class='ocrx_word' id='word_1_619' title='bbox 2689 1388 2983 1444; x_wconf 68' lang='lat' dir='ltr'><strong>Dominicae</strong></span> <span class='ocrx_word' id='word_1_620' title='bbox 3023 1389 3131 1445; x_wconf 88' lang='lat' dir='ltr'><strong>diei</strong></span> <span class='ocrx_word' id='word_1_621' title='bbox 3180 1389 3352 1460; x_wconf 77' lang='lat' dir='ltr'><strong>gratia</strong></span> <span class='ocrx_word' id='word_1_622' title='bbox 3395 1400 3554 1443; x_wconf 89' lang='lat' dir='ltr'><strong>:tum</strong></span> 
     </span>
    </p>
   </div>
   <div class='ocr_carea' id='block_1_86' title="bbox 1976 1468 3552 1543">
    <p class='ocr_par' dir='ltr' id='par_1_86' title="bbox 1976 1468 3552 1543">
     <span class='ocr_line' id='line_1_89' title="bbox 1976 1468 3552 1543; baseline -0.002 -9"><span class='ocrx_word' id='word_1_623' title='bbox 1976 1498 2108 1537; x_wconf 87' lang='lat' dir='ltr'><strong>vero</strong></span> <span class='ocrx_word' id='word_1_624' title='bbox 2145 1491 2201 1536; x_wconf 91' lang='lat' dir='ltr'><strong>ut</strong></span> <span class='ocrx_word' id='word_1_625' title='bbox 2233 1497 2262 1536; x_wconf 92' lang='lat' dir='ltr'><strong>a</strong></span> <span class='ocrx_word' id='word_1_626' title='bbox 2296 1499 2329 1536; x_wconf 91' lang='lat' dir='ltr'><strong>x</strong></span> <span class='ocrx_word' id='word_1_627' title='bbox 2359 1481 2503 1535; x_wconf 73' lang='lat' dir='ltr'><strong>luna:</strong></span> <span class='ocrx_word' id='word_1_628' title='bbox 2529 1482 2617 1536; x_wconf 91' lang='lat' dir='ltr'><strong>die</strong></span> <span class='ocrx_word' id='word_1_629' title='bbox 2647 1480 2972 1536; x_wconf 90' lang='lat' dir='ltr'><strong>numerandi</strong></span> <span class='ocrx_word' id='word_1_630' title='bbox 3005 1481 3272 1536; x_wconf 88' lang='lat' dir='ltr'><strong>ducamus</strong></span> <span class='ocrx_word' id='word_1_631' title='bbox 3303 1468 3552 1543; x_wconf 86' lang='lat' dir='ltr'><strong>initium,</strong></span> 
     </span>
    </p>
   </div>
   <div class='ocr_carea' id='block_1_87' title="bbox 1977 1569 3552 1642">
    <p class='ocr_par' dir='ltr' id='par_1_87' title="bbox 1977 1569 3552 1642">
     <span class='ocr_line' id='line_1_90' title="bbox 1977 1569 3552 1642; baseline -0.003 -15"><span class='ocrx_word' id='word_1_632' title='bbox 1977 1588 2098 1642; x_wconf 66' lang='lat' dir='ltr'><strong>quae</strong></span> <span class='ocrx_word' id='word_1_633' title='bbox 2119 1580 2203 1627; x_wconf 91' lang='lat' dir='ltr'><strong>est</strong></span> <span class='ocrx_word' id='word_1_634' title='bbox 2233 1572 2356 1642; x_wconf 85' lang='lat' dir='ltr'><strong>agni</strong></span> <span class='ocrx_word' id='word_1_635' title='bbox 2384 1571 2652 1638; x_wconf 86' lang='lat' dir='ltr'><strong>delectus,</strong></span> <span class='ocrx_word' id='word_1_636' title='bbox 2684 1581 2737 1626; x_wconf 87' lang='lat' dir='ltr'><strong>et</strong></span> <span class='ocrx_word' id='word_1_637' title='bbox 2761 1571 3000 1625; x_wconf 82' lang='lat' dir='ltr'><strong>nominis</strong></span> <span class='ocrx_word' id='word_1_638' title='bbox 3024 1569 3153 1625; x_wconf 79' lang='lat' dir='ltr'><strong>Jesu</strong></span> <span class='ocrx_word' id='word_1_639' title='bbox 3180 1571 3358 1626; x_wconf 87' lang='lat' dir='ltr'><strong>littera</strong></span> <span class='ocrx_word' id='word_1_640' title='bbox 3381 1569 3552 1640; x_wconf 86' lang='lat' dir='ltr'><strong>prior,</strong></span> 
     </span>
    </p>
   </div>
   <div class='ocr_carea' id='block_1_88' title="bbox 1977 1660 3554 1735">
    <p class='ocr_par' dir='ltr' id='par_1_88' title="bbox 1977 1660 3554 1735">
     <span class='ocr_line' id='line_1_91' title="bbox 1977 1660 3554 1735; baseline -0.003 -17"><span class='ocrx_word' id='word_1_641' title='bbox 1977 1665 2237 1735; x_wconf 88' lang='lat' dir='ltr'><strong>quoniam</strong></span> <span class='ocrx_word' id='word_1_642' title='bbox 2266 1662 2486 1734; x_wconf 89' lang='lat' dir='ltr'><strong>quidem</strong></span> <span class='ocrx_word' id='word_1_643' title='bbox 2518 1663 2693 1733; x_wconf 91' lang='lat' dir='ltr'><strong>ipsius</strong></span> <span class='ocrx_word' id='word_1_644' title='bbox 2732 1662 2977 1727; x_wconf 90' lang='lat' dir='ltr'><strong>nomine,</strong></span> <span class='ocrx_word' id='word_1_645' title='bbox 3018 1663 3110 1732; x_wconf 90' lang='lat' dir='ltr'><strong>qui</strong></span> <span class='ocrx_word' id='word_1_646' title='bbox 3142 1661 3262 1732; x_wconf 83' lang='lat' dir='ltr'><strong>ejus</strong></span> <span class='ocrx_word' id='word_1_647' title='bbox 3298 1660 3554 1717; x_wconf 89' lang='lat' dir='ltr'><strong>similitu-</strong></span> 
     </span>
    </p>
   </div>
   <div class='ocr_carea' id='block_1_89' title="bbox 1977 1752 3556 1826">
    <p class='ocr_par' dir='ltr' id='par_1_89' title="bbox 1977 1752 3556 1826">
     <span class='ocr_line' id='line_1_92' title="bbox 1977 1752 3556 1826; baseline -0.004 -13"><span class='ocrx_word' id='word_1_648' title='bbox 1977 1759 2158 1813; x_wconf 88' lang='lat' dir='ltr'><strong>dinem</strong></span> <span class='ocrx_word' id='word_1_649' title='bbox 2202 1755 2431 1811; x_wconf 81' lang='lat' dir='ltr'><strong>referret</strong></span> <span class='ocrx_word' id='word_1_650' title='bbox 2464 1771 2658 1826; x_wconf 83' lang='lat' dir='ltr'><strong>agnus,</strong></span> <span class='ocrx_word' id='word_1_651' title='bbox 2702 1755 2823 1825; x_wconf 89' lang='lat' dir='ltr'><strong>capi</strong></span> <span class='ocrx_word' id='word_1_652' title='bbox 2873 1755 3105 1819; x_wconf 89' lang='lat' dir='ltr'><strong>solebat,</strong></span> <span class='ocrx_word' id='word_1_653' title='bbox 3159 1769 3189 1808; x_wconf 91' lang='lat' dir='ltr'><strong>a</strong></span> <span class='ocrx_word' id='word_1_654' title='bbox 3239 1771 3269 1808; x_wconf 83' lang='lat' dir='ltr'><strong>x</strong></span> <span class='ocrx_word' id='word_1_655' title='bbox 3304 1753 3445 1808; x_wconf 67' lang='lat' dir='ltr'><strong>lunae</strong></span> <span class='ocrx_word' id='word_1_656' title='bbox 3468 1752 3556 1808; x_wconf 91' lang='lat' dir='ltr'><strong>die</strong></span> 
     </span>
    </p>
   </div>
   <div class='ocr_carea' id='block_1_90' title="bbox 1978 1843 3551 1914">
    <p class='ocr_par' dir='ltr' id='par_1_90' title="bbox 1978 1843 3551 1914">
     <span class='ocr_line' id='line_1_93' title="bbox 1978 1843 3551 1914; baseline -0.003 -14"><span class='ocrx_word' id='word_1_657' title='bbox 1978 1846 2081 1902; x_wconf 86' lang='lat' dir='ltr'><strong>hoc</strong></span> <span class='ocrx_word' id='word_1_658' title='bbox 2106 1845 2265 1900; x_wconf 92' lang='lat' dir='ltr'><strong>modo</strong></span> <span class='ocrx_word' id='word_1_659' title='bbox 2286 1844 2654 1914; x_wconf 65' lang='lat' dir='ltr'><strong>praescriptus.</strong></span> <span class='ocrx_word' id='word_1_660' title='bbox 2673 1843 2740 1896; x_wconf 87' lang='lat' dir='ltr'><strong>At</strong></span> <span class='ocrx_word' id='word_1_661' title='bbox 2757 1859 2930 1914; x_wconf 90' lang='lat' dir='ltr'><strong>neque</strong></span> <span class='ocrx_word' id='word_1_662' title='bbox 2948 1844 3301 1898; x_wconf 86' lang='lat' dir='ltr'><strong>illucescente</strong></span> <span class='ocrx_word' id='word_1_663' title='bbox 3320 1857 3431 1909; x_wconf 75' lang='lat' dir='ltr'><strong>xvr,</strong></span> <span class='ocrx_word' id='word_1_664' title='bbox 3455 1857 3551 1896; x_wconf 88' lang='lat' dir='ltr'><strong>ne-</strong></span> 
     </span>
    </p>
   </div>
   <div class='ocr_carea' id='block_1_91' title="bbox 1981 1932 3550 2006">
    <p class='ocr_par' dir='ltr' id='par_1_91' title="bbox 1981 1932 3550 2006">
     <span class='ocr_line' id='line_1_94' title="bbox 1981 1932 3550 2006; baseline -0.004 -16"><span class='ocrx_word' id='word_1_665' title='bbox 1981 1951 2087 2006; x_wconf 92' lang='lat' dir='ltr'><strong>que</strong></span> <span class='ocrx_word' id='word_1_666' title='bbox 2115 1936 2182 1989; x_wconf 92' lang='lat' dir='ltr'><strong>ab</strong></span> <span class='ocrx_word' id='word_1_667' title='bbox 2216 1951 2268 1989; x_wconf 76' lang='grc' dir='ltr'>ιχ</span> <span class='ocrx_word' id='word_1_668' title='bbox 2298 1936 2440 1988; x_wconf 70' lang='lat' dir='ltr'><strong>lunae</strong></span> <span class='ocrx_word' id='word_1_669' title='bbox 2469 1933 2578 1999; x_wconf 87' lang='lat' dir='ltr'><strong>die,</strong></span> <span class='ocrx_word' id='word_1_670' title='bbox 2607 1941 2700 1986; x_wconf 91' lang='lat' dir='ltr'><strong>aut</strong></span> <span class='ocrx_word' id='word_1_671' title='bbox 2723 1932 2936 1986; x_wconf 90' lang='lat' dir='ltr'><strong>initium</strong></span> <span class='ocrx_word' id='word_1_672' title='bbox 2962 1939 3206 2001; x_wconf 83' lang='lat' dir='ltr'><strong>repetere</strong></span> <span class='ocrx_word' id='word_1_673' title='bbox 3237 1946 3550 2002; x_wconf 86' lang='lat' dir='ltr'><strong>possumus,</strong></span> 
     </span>
    </p>
   </div>
   <div class='ocr_carea' id='block_1_92' title="bbox 1982 2022 3549 2084">
    <p class='ocr_par' dir='ltr' id='par_1_92' title="bbox 1982 2022 3549 2084">
     <span class='ocr_line' id='line_1_95' title="bbox 1982 2022 3549 2084; baseline -0.001 -4"><span class='ocrx_word' id='word_1_674' title='bbox 1982 2033 2076 2080; x_wconf 92' lang='lat' dir='ltr'><strong>aut</strong></span> <span class='ocrx_word' id='word_1_675' title='bbox 2121 2025 2280 2080; x_wconf 88' lang='lat' dir='ltr'><strong>finem</strong></span> <span class='ocrx_word' id='word_1_676' title='bbox 2321 2032 2582 2080; x_wconf 89' lang='lat' dir='ltr'><strong>statuere.</strong></span> <span class='ocrx_word' id='word_1_677' title='bbox 2620 2023 2831 2078; x_wconf 85' lang='lat' dir='ltr'><strong>Etenim</strong></span> <span class='ocrx_word' id='word_1_678' title='bbox 2889 2024 3015 2076; x_wconf 88' lang='lat' dir='ltr'><strong>anni</strong></span> <span class='ocrx_word' id='word_1_679' title='bbox 3078 2023 3232 2084; x_wconf 90' lang='lat' dir='ltr'><strong>solis,</strong></span> <span class='ocrx_word' id='word_1_680' title='bbox 3279 2037 3344 2077; x_wconf 87' lang='lat' dir='ltr'><strong>ac</strong></span> <span class='ocrx_word' id='word_1_681' title='bbox 3387 2022 3549 2084; x_wconf 63' lang='lat' dir='ltr'><strong>lunt.</strong></span> 
     </span>
    </p>
   </div>
   <div class='ocr_carea' id='block_1_93' title="bbox 1981 2113 3552 2184">
    <p class='ocr_par' dir='ltr' id='par_1_93' title="bbox 1981 2113 3552 2184">
     <span class='ocr_line' id='line_1_96' title="bbox 1981 2113 3552 2184; baseline -0.003 -12"><span class='ocrx_word' id='word_1_682' title='bbox 1981 2133 2105 2172; x_wconf 82' lang='lat' dir='ltr'><strong>cum</strong></span> <span class='ocrx_word' id='word_1_683' title='bbox 2137 2119 2207 2172; x_wconf 91' lang='lat' dir='ltr'><strong>ob</strong></span> <span class='ocrx_word' id='word_1_684' title='bbox 2236 2116 2568 2172; x_wconf 87' lang='lat' dir='ltr'><strong>dissidentes</strong></span> <span class='ocrx_word' id='word_1_685' title='bbox 2597 2123 2788 2170; x_wconf 84' lang='lat' dir='ltr'><strong>mutuo</strong></span> <span class='ocrx_word' id='word_1_686' title='bbox 2812 2130 3006 2170; x_wconf 84' lang='lat' dir='ltr'><strong>cursus</strong></span> <span class='ocrx_word' id='word_1_687' title='bbox 3031 2113 3272 2184; x_wconf 85' lang='lat' dir='ltr'><strong>vicissim</strong></span> <span class='ocrx_word' id='word_1_688' title='bbox 3307 2129 3427 2170; x_wconf 88' lang='lat' dir='ltr'><strong>sese</strong></span> <span class='ocrx_word' id='word_1_689' title='bbox 3455 2129 3552 2169; x_wconf 85' lang='lat' dir='ltr'><strong>su-</strong></span> 
     </span>
    </p>
   </div>
   <div class='ocr_carea' id='block_1_94' title="bbox 1980 2201 3551 2276">
    <p class='ocr_par' dir='ltr' id='par_1_94' title="bbox 1980 2201 3551 2276">
     <span class='ocr_line' id='line_1_97' title="bbox 1980 2201 3551 2276; baseline -0.003 -14"><span class='ocrx_word' id='word_1_690' title='bbox 1980 2214 2190 2276; x_wconf 89' lang='lat' dir='ltr'><strong>perent,</strong></span> <span class='ocrx_word' id='word_1_691' title='bbox 2250 2204 2682 2275; x_wconf 62' lang='lat' dir='ltr'><strong>inaequalitatem</strong></span> <span class='ocrx_word' id='word_1_692' title='bbox 2733 2203 2881 2257; x_wconf 90' lang='lat' dir='ltr'><strong>illam</strong></span> <span class='ocrx_word' id='word_1_693' title='bbox 2929 2202 3161 2258; x_wconf 77' lang='lat' dir='ltr'><strong>aﬂerunt</strong></span> <span class='ocrx_word' id='word_1_694' title='bbox 3193 2221 3206 2256; x_wconf 90' lang='lat'>:</span> <span class='ocrx_word' id='word_1_695' title='bbox 3241 2217 3350 2256; x_wconf 91' lang='lat' dir='ltr'><strong>non</strong></span> <span class='ocrx_word' id='word_1_696' title='bbox 3405 2201 3551 2272; x_wconf 85' lang='lat' dir='ltr'><strong>quod</strong></span> 
     </span>
    </p>
   </div>
   <div class='ocr_carea' id='block_1_95' title="bbox 1981 2296 3553 2370">
    <p class='ocr_par' dir='ltr' id='par_1_95' title="bbox 1981 2296 3553 2370">
     <span class='ocr_line' id='line_1_98' title="bbox 1981 2296 3553 2370; baseline -0.001 -16"><span class='ocrx_word' id='word_1_697' title='bbox 1981 2299 2184 2370; x_wconf 90' lang='lat' dir='ltr'><strong>aliquid</strong></span> <span class='ocrx_word' id='word_1_698' title='bbox 2219 2314 2250 2353; x_wconf 90' lang='lat' dir='ltr'><strong>a</strong></span> <span class='ocrx_word' id='word_1_699' title='bbox 2278 2297 2410 2366; x_wconf 89' lang='lat' dir='ltr'><strong>Deo,</strong></span> <span class='ocrx_word' id='word_1_700' title='bbox 2442 2296 2586 2368; x_wconf 88' lang='lat' dir='ltr'><strong>quod</strong></span> <span class='ocrx_word' id='word_1_701' title='bbox 2632 2296 2987 2353; x_wconf 69' lang='lat' dir='ltr'><strong>offensionem</strong></span> <span class='ocrx_word' id='word_1_702' title='bbox 3031 2297 3247 2362; x_wconf 84' lang='lat' dir='ltr'><strong>habeat,</strong></span> <span class='ocrx_word' id='word_1_703' title='bbox 3284 2298 3553 2352; x_wconf 78' lang='lat' dir='ltr'><strong>constitu-</strong></span> 
     </span>
    </p>
   </div>
   <div class='ocr_carea' id='block_1_96' title="bbox 1980 2387 3550 2458">
    <p class='ocr_par' dir='ltr' id='par_1_96' title="bbox 1980 2387 3550 2458">
     <span class='ocr_line' id='line_1_99' title="bbox 1980 2387 3550 2458; baseline -0.001 -14"><span class='ocrx_word' id='word_1_704' title='bbox 1980 2398 2095 2444; x_wconf 89' lang='lat' dir='ltr'><strong>tum</strong></span> <span class='ocrx_word' id='word_1_705' title='bbox 2130 2389 2314 2456; x_wconf 87' lang='lat' dir='ltr'><strong>fuerit,</strong></span> <span class='ocrx_word' id='word_1_706' title='bbox 2347 2388 2444 2444; x_wconf 89' lang='lat' dir='ltr'><strong>sed</strong></span> <span class='ocrx_word' id='word_1_707' title='bbox 2473 2388 2618 2458; x_wconf 88' lang='lat' dir='ltr'><strong>quod</strong></span> <span class='ocrx_word' id='word_1_708' title='bbox 2647 2389 2715 2442; x_wconf 92' lang='lat' dir='ltr'><strong>ab</strong></span> <span class='ocrx_word' id='word_1_709' title='bbox 2739 2403 2805 2442; x_wconf 92' lang='lat' dir='ltr'><strong>eo</strong></span> <span class='ocrx_word' id='word_1_710' title='bbox 2845 2387 3024 2458; x_wconf 85' lang='lat' dir='ltr'><strong>potius</strong></span> <span class='ocrx_word' id='word_1_711' title='bbox 3049 2395 3309 2442; x_wconf 89' lang='lat' dir='ltr'><strong>accurata</strong></span> <span class='ocrx_word' id='word_1_712' title='bbox 3335 2388 3441 2443; x_wconf 83' lang='lat' dir='ltr'><strong>ista</strong></span> <span class='ocrx_word' id='word_1_713' title='bbox 3473 2403 3550 2443; x_wconf 54' lang='lat' dir='ltr'><strong>ra.</strong></span> 
     </span>
    </p>
   </div>
   <div class='ocr_carea' id='block_1_97' title="bbox 1981 2521 3552 2595">
    <p class='ocr_par' dir='ltr' id='par_1_97' title="bbox 1981 2521 3552 2595">
     <span class='ocr_line' id='line_1_100' title="bbox 1981 2521 3552 2595; baseline -0.001 -15"><span class='ocrx_word' id='word_1_714' title='bbox 1981 2540 2195 2595; x_wconf 89' lang='lat' dir='ltr'><strong>semper</strong></span> <span class='ocrx_word' id='word_1_715' title='bbox 2217 2524 2492 2590; x_wconf 89' lang='lat' dir='ltr'><strong>ordiatur;</strong></span> <span class='ocrx_word' id='word_1_716' title='bbox 2515 2521 2960 2595; x_wconf 69' lang='lat' dir='ltr'><strong>actametsiluna</strong></span> <span class='ocrx_word' id='word_1_717' title='bbox 2977 2523 3212 2595; x_wconf 73' lang='grc' dir='ltr'><strong>ἡμερινή</strong></span> <span class='ocrx_word' id='word_1_718' title='bbox 3227 2536 3266 2595; x_wconf 89' lang='lat' dir='ltr'><strong>_a</strong></span> <span class='ocrx_word' id='word_1_719' title='bbox 3292 2534 3552 2590; x_wconf 85' lang='lat' dir='ltr'><strong>sequente</strong></span> 
     </span>
    </p>
   </div>
   <div class='ocr_carea' id='block_1_98' title="bbox 1984 2593 3548 2665">
    <p class='ocr_par' dir='ltr' id='par_1_98' title="bbox 1984 2593 3548 2665">
     <span class='ocr_line' id='line_1_101' title="bbox 1984 2593 3548 2665; baseline 0.001 -20"><span class='ocrx_word' id='word_1_720' title='bbox 1984 2593 2272 2665; x_wconf 72' lang='grc' dir='ltr'><strong>νυκτερινῇ</strong></span> <span class='ocrx_word' id='word_1_721' title='bbox 2323 2608 2601 2665; x_wconf 87' lang='lat' dir='ltr'><strong>nunquam</strong></span> <span class='ocrx_word' id='word_1_722' title='bbox 2654 2593 2972 2665; x_wconf 78' lang='lat' dir='ltr'><strong>appelletur,</strong></span> <span class='ocrx_word' id='word_1_723' title='bbox 3005 2593 3192 2665; x_wconf 7' lang='lat' dir='ltr'><strong>hpocfin</strong></span> <span class='ocrx_word' id='word_1_724' title='bbox 3223 2593 3343 2665; x_wconf 87' lang='lat' dir='ltr'><strong>loco</strong></span> <span class='ocrx_word' id='word_1_725' title='bbox 3361 2600 3548 2665; x_wconf 89' lang='lat' dir='ltr'><strong>tamen</strong></span> 
     </span>
    </p>
   </div>
   <div class='ocr_carea' id='block_1_99' title="bbox 1980 2661 3550 2734">
    <p class='ocr_par' dir='ltr' id='par_1_99' title="bbox 1980 2661 3550 2734">
     <span class='ocr_line' id='line_1_102' title="bbox 1980 2661 3550 2734; baseline -0.001 -17"><span class='ocrx_word' id='word_1_726' title='bbox 1980 2661 2342 2734; x_wconf 71' lang='lat' dir='ltr'><strong>Epiplianiimi</strong></span> <span class='ocrx_word' id='word_1_727' title='bbox 2383 2661 2498 2719; x_wconf 72' lang='lat' dir='ltr'><strong>sive</strong></span> <span class='ocrx_word' id='word_1_728' title='bbox 2526 2678 2732 2725; x_wconf 84' lang='lat' dir='ltr'><strong>errore,</strong></span> <span class='ocrx_word' id='word_1_729' title='bbox 2774 2663 2900 2734; x_wconf 86' lang='lat' dir='ltr'><strong>sive</strong></span> <span class='ocrx_word' id='word_1_730' title='bbox 2922 2661 2989 2717; x_wconf 91' lang='lat' dir='ltr'><strong>de</strong></span> <span class='ocrx_word' id='word_1_731' title='bbox 3033 2662 3301 2734; x_wconf 86' lang='lat' dir='ltr'><strong>industria</strong></span> <span class='ocrx_word' id='word_1_732' title='bbox 3355 2664 3550 2734; x_wconf 78' lang='grc' dir='ltr'><strong>ἐνάτην</strong></span> 
     </span>
    </p>
   </div>
   <div class='ocr_carea' id='block_1_100' title="bbox 1984 2733 3551 2804">
    <p class='ocr_par' dir='ltr' id='par_1_100' title="bbox 1984 2733 3551 2804">
     <span class='ocr_line' id='line_1_103' title="bbox 1984 2733 3551 2804; baseline -0.001 -16"><span class='ocrx_word' id='word_1_733' title='bbox 1984 2733 2133 2789; x_wconf 89' lang='lat' dir='ltr'><strong>illam</strong></span> <span class='ocrx_word' id='word_1_734' title='bbox 2170 2750 2386 2798; x_wconf 86' lang='lat' dir='ltr'><strong>vocare,</strong></span> <span class='ocrx_word' id='word_1_735' title='bbox 2417 2747 2538 2802; x_wconf 64' lang='lat' dir='ltr'><strong>qua:</strong></span> <span class='ocrx_word' id='word_1_736' title='bbox 2563 2734 2641 2804; x_wconf 17' lang='lat' dir='ltr'><strong>sit,</strong></span> <span class='ocrx_word' id='word_1_737' title='bbox 2656 2741 2846 2786; x_wconf 88' lang='lat' dir='ltr'><strong>octava</strong></span> <span class='ocrx_word' id='word_1_738' title='bbox 2880 2733 3136 2804; x_wconf 81' lang='grc' dir='ltr'><strong>ἡμερινή,</strong></span> <span class='ocrx_word' id='word_1_739' title='bbox 3168 2742 3223 2786; x_wconf 88' lang='lat' dir='ltr'><strong>et</strong></span> <span class='ocrx_word' id='word_1_740' title='bbox 3260 2733 3331 2804; x_wconf 90' lang='lat' dir='ltr'><strong>_in</strong></span> <span class='ocrx_word' id='word_1_741' title='bbox 3356 2733 3551 2804; x_wconf 78' lang='grc' dir='ltr'><strong>ἐνάτην</strong></span> 
     </span>
    </p>
   </div>
   <div class='ocr_carea' id='block_1_101' title="bbox 1980 2802 3552 2875">
    <p class='ocr_par' dir='ltr' id='par_1_101' title="bbox 1980 2802 3552 2875">
     <span class='ocr_line' id='line_1_104' title="bbox 1980 2802 3552 2875; baseline 0 -17"><span class='ocrx_word' id='word_1_742' title='bbox 1980 2805 2300 2875; x_wconf 82' lang='grc' dir='ltr'><strong>νυκτερινήν</strong></span> <span class='ocrx_word' id='word_1_743' title='bbox 2318 2804 2549 2860; x_wconf 87' lang='lat' dir='ltr'><strong>desinat.</strong></span> <span class='ocrx_word' id='word_1_744' title='bbox 2566 2803 2646 2856; x_wconf 83' lang='lat' dir='ltr'><strong>Ad</strong></span> <span class='ocrx_word' id='word_1_745' title='bbox 2663 2802 2951 2875; x_wconf 82' lang='lat' dir='ltr'><strong>summam,</strong></span> <span class='ocrx_word' id='word_1_746' title='bbox 2972 2802 3325 2875; x_wconf 76' lang='lat' dir='ltr'><strong>hebdomadis</strong></span> <span class='ocrx_word' id='word_1_747' title='bbox 3349 2802 3552 2875; x_wconf 73' lang='lat' dir='ltr'><strong>sancta:</strong></span> 
     </span>
    </p>
   </div>
   <div class='ocr_carea' id='block_1_102' title="bbox 1980 2872 3552 2945">
    <p class='ocr_par' dir='ltr' id='par_1_102' title="bbox 1980 2872 3552 2945">
     <span class='ocr_line' id='line_1_105' title="bbox 1980 2872 3552 2945; baseline 0 -18"><span class='ocrx_word' id='word_1_748' title='bbox 1980 2872 2160 2945; x_wconf 82' lang='lat' dir='ltr'><strong>prima</strong></span> <span class='ocrx_word' id='word_1_749' title='bbox 2190 2872 2306 2929; x_wconf 80' lang='lat' dir='ltr'><strong>dies</strong></span> <span class='ocrx_word' id='word_1_750' title='bbox 2334 2890 2365 2927; x_wconf 93' lang='lat' dir='ltr'><strong>a</strong></span> <span class='ocrx_word' id='word_1_751' title='bbox 2405 2875 2533 2928; x_wconf 91' lang='lat' dir='ltr'><strong>luna</strong></span> <span class='ocrx_word' id='word_1_752' title='bbox 2579 2887 2634 2926; x_wconf 84' lang='lat' dir='ltr'><strong>Ix</strong></span> <span class='ocrx_word' id='word_1_753' title='bbox 2688 2872 2910 2945; x_wconf 74' lang='lat' dir='ltr'><strong>diurna,</strong></span> <span class='ocrx_word' id='word_1_754' title='bbox 2953 2872 3022 2926; x_wconf 89' lang='lat' dir='ltr'><strong>ad</strong></span> <span class='ocrx_word' id='word_1_755' title='bbox 3049 2889 3138 2945; x_wconf 84' lang='lat' dir='ltr'><strong>_xv</strong></span> <span class='ocrx_word' id='word_1_756' title='bbox 3183 2872 3432 2926; x_wconf 86' lang='lat' dir='ltr'><strong>diurnam</strong></span> <span class='ocrx_word' id='word_1_757' title='bbox 3467 2874 3552 2927; x_wconf 88' lang='lat' dir='ltr'><strong>in-</strong></span> 
     </span>
    </p>
   </div>
   <div class='ocr_carea' id='block_1_103' title="bbox 1978 2942 3548 3014">
    <p class='ocr_par' dir='ltr' id='par_1_103' title="bbox 1978 2942 3548 3014">
     <span class='ocr_line' id='line_1_106' title="bbox 1978 2942 3548 3014; baseline -0.001 -16"><span class='ocrx_word' id='word_1_758' title='bbox 1978 2942 2164 2998; x_wconf 75' lang='lat' dir='ltr'><strong>choari</strong></span> <span class='ocrx_word' id='word_1_759' title='bbox 2197 2953 2408 3014; x_wconf 88' lang='lat' dir='ltr'><strong>potest;</strong></span> <span class='ocrx_word' id='word_1_760' title='bbox 2429 2951 2542 3009; x_wconf 90' lang='lat' dir='ltr'><strong>aut,</strong></span> <span class='ocrx_word' id='word_1_761' title='bbox 2561 2942 2706 3014; x_wconf 79' lang='lat' dir='ltr'><strong>quod</strong></span> <span class='ocrx_word' id='word_1_762' title='bbox 2727 2942 2866 2997; x_wconf 91' lang='lat' dir='ltr'><strong>idem</strong></span> <span class='ocrx_word' id='word_1_763' title='bbox 2881 2952 2983 3014; x_wconf 84' lang='lat' dir='ltr'><strong>est,</strong></span> <span class='ocrx_word' id='word_1_764' title='bbox 2999 2957 3029 2995; x_wconf 93' lang='lat' dir='ltr'><strong>a</strong></span> <span class='ocrx_word' id='word_1_765' title='bbox 3048 2943 3174 2997; x_wconf 86' lang='lat' dir='ltr'><strong>luna</strong></span> <span class='ocrx_word' id='word_1_766' title='bbox 3203 2959 3232 3014; x_wconf 58' lang='grc' dir='ltr'>ξι</span> <span class='ocrx_word' id='word_1_767' title='bbox 3259 2951 3548 3014; x_wconf 81' lang='lat' dir='ltr'><strong>nocturna,</strong></span> 
     </span>
    </p>
   </div>
   <div class='ocr_carea' id='block_1_104' title="bbox 1980 3011 3550 3077">
    <p class='ocr_par' dir='ltr' id='par_1_104' title="bbox 1980 3011 3550 3077">
     <span class='ocr_line' id='line_1_107' title="bbox 1980 3011 3550 3077; baseline 0 -9"><span class='ocrx_word' id='word_1_768' title='bbox 1980 3015 2047 3068; x_wconf 90' lang='lat' dir='ltr'><strong>ad</strong></span> <span class='ocrx_word' id='word_1_769' title='bbox 2081 3011 2406 3068; x_wconf 73' lang='lat' dir='ltr'><strong>nocturnam</strong></span> <span class='ocrx_word' id='word_1_770' title='bbox 2440 3030 2546 3067; x_wconf 84' lang='lat' dir='ltr'><strong>xvi.</strong></span> <span class='ocrx_word' id='word_1_771' title='bbox 2581 3012 2712 3077; x_wconf 83' lang='lat' dir='ltr'><strong>Quae</strong></span> <span class='ocrx_word' id='word_1_772' title='bbox 2740 3026 2906 3067; x_wconf 89' lang='lat' dir='ltr'><strong>causa</strong></span> <span class='ocrx_word' id='word_1_773' title='bbox 2928 3012 3158 3068; x_wconf 91' lang='lat' dir='ltr'><strong>fortasse</strong></span> <span class='ocrx_word' id='word_1_774' title='bbox 3181 3011 3320 3075; x_wconf 85' lang='lat' dir='ltr'><strong>fuit,</strong></span> <span class='ocrx_word' id='word_1_775' title='bbox 3349 3028 3450 3066; x_wconf 89' lang='lat' dir='ltr'><strong>cur</strong></span> <span class='ocrx_word' id='word_1_776' title='bbox 3475 3015 3550 3068; x_wconf 88' lang='lat' dir='ltr'><strong>ita</strong></span> 
     </span>
    </p>
   </div>
   <div class='ocr_carea' id='block_1_105' title="bbox 1979 3081 3554 3154">
    <p class='ocr_par' dir='ltr' id='par_1_105' title="bbox 1979 3081 3554 3154">
     <span class='ocr_line' id='line_1_108' title="bbox 1979 3081 3554 3154; baseline -0.002 -16"><span class='ocrx_word' id='word_1_777' title='bbox 1979 3085 2308 3154; x_wconf 86' lang='lat' dir='ltr'><strong>conciperet,</strong></span> <span class='ocrx_word' id='word_1_778' title='bbox 2357 3084 2465 3154; x_wconf 53' lang='lat' dir='ltr'><strong>(iure</strong></span> <span class='ocrx_word' id='word_1_779' title='bbox 2492 3082 2741 3154; x_wconf 80' lang='grc' dir='ltr'><strong>δεκάτης,</strong></span> <span class='ocrx_word' id='word_1_780' title='bbox 2775 3081 2880 3145; x_wconf 74' lang='grc' dir='ltr'><strong>ἓως</strong></span> <span class='ocrx_word' id='word_1_781' title='bbox 2912 3082 3331 3154; x_wconf 14' lang='grc' dir='ltr'><strong>ἐπιφωᾼτκούσης</strong></span> <span class='ocrx_word' id='word_1_782' title='bbox 3367 3100 3554 3154; x_wconf 77' lang='grc' dir='ltr'><strong>πεντε-</strong></span> 
     </span>
    </p>
   </div>
   <div class='ocr_carea' id='block_1_106' title="bbox 1981 3151 3553 3226">
    <p class='ocr_par' dir='ltr' id='par_1_106' title="bbox 1981 3151 3553 3226">
     <span class='ocr_line' id='line_1_109' title="bbox 1981 3151 3553 3226; baseline -0.001 -18"><span class='ocrx_word' id='word_1_783' title='bbox 1981 3151 2324 3226; x_wconf 82' lang='grc' dir='ltr'><strong>καιδεκάτης.</strong></span> <span class='ocrx_word' id='word_1_784' title='bbox 2356 3151 2461 3226; x_wconf 15' lang='grc' dir='ltr'><strong>Ϋυὺί</strong></span> <span class='ocrx_word' id='word_1_785' title='bbox 2489 3151 2904 3221; x_wconf 85' lang='grc' dir='ltr'><strong>ἑπιφώσκουσαν</strong></span> <span class='ocrx_word' id='word_1_786' title='bbox 2938 3151 3046 3205; x_wconf 82' lang='lat' dir='ltr'><strong>non</strong></span> <span class='ocrx_word' id='word_1_787' title='bbox 3085 3152 3205 3226; x_wconf 78' lang='lat' dir='ltr'><strong>jam</strong></span> <span class='ocrx_word' id='word_1_788' title='bbox 3234 3151 3553 3226; x_wconf 82' lang='lat' dir='ltr'><strong>simpliciter</strong></span> 
     </span>
    </p>
   </div>
   <div class='ocr_carea' id='block_1_107' title="bbox 1980 3222 3549 3295">
    <p class='ocr_par' dir='ltr' id='par_1_107' title="bbox 1980 3222 3549 3295">
     <span class='ocr_line' id='line_1_110' title="bbox 1980 3222 3549 3295; baseline -0.002 -17"><span class='ocrx_word' id='word_1_789' title='bbox 1980 3226 2207 3295; x_wconf 88' lang='lat' dir='ltr'><strong>accipio,</strong></span> <span class='ocrx_word' id='word_1_790' title='bbox 2228 3222 2328 3293; x_wconf 79' lang='lat' dir='ltr'><strong>pro</strong></span> <span class='ocrx_word' id='word_1_791' title='bbox 2348 3225 2574 3283; x_wconf 79' lang='lat' dir='ltr'><strong>ineunte,</strong></span> <span class='ocrx_word' id='word_1_792' title='bbox 2603 3231 2890 3291; x_wconf 80' lang='lat' dir='ltr'><strong>appetente,</strong></span> <span class='ocrx_word' id='word_1_793' title='bbox 2907 3229 3000 3295; x_wconf 85' lang='lat' dir='ltr'><strong>a&#39;ut</strong></span> <span class='ocrx_word' id='word_1_794' title='bbox 3021 3231 3078 3274; x_wconf 93' lang='lat' dir='ltr'><strong>ut</strong></span> <span class='ocrx_word' id='word_1_795' title='bbox 3105 3222 3171 3275; x_wconf 91' lang='lat' dir='ltr'><strong>ad</strong></span> <span class='ocrx_word' id='word_1_796' title='bbox 3196 3223 3335 3295; x_wconf 75' lang='lat' dir='ltr'><strong>lunae</strong></span> <span class='ocrx_word' id='word_1_797' title='bbox 3353 3225 3549 3295; x_wconf 84' lang='lat' dir='ltr'><strong>lucem,</strong></span> 
     </span>
    </p>
   </div>
   <div class='ocr_carea' id='block_1_108' title="bbox 1979 3292 3550 3365">
    <p class='ocr_par' dir='ltr' id='par_1_108' title="bbox 1979 3292 3550 3365">
     <span class='ocr_line' id='line_1_111' title="bbox 1979 3292 3550 3365; baseline -0.003 -17"><span class='ocrx_word' id='word_1_798' title='bbox 1979 3292 2241 3365; x_wconf 42' lang='lat' dir='ltr'><strong>quae—sub</strong></span> <span class='ocrx_word' id='word_1_799' title='bbox 2283 3307 2563 3365; x_wconf 79' lang='lat' dir='ltr'><strong>vesperam</strong></span> <span class='ocrx_word' id='word_1_800' title='bbox 2584 3295 2810 3365; x_wconf 47' lang='lat' dir='ltr'><strong>oritur,</strong></span> <span class='ocrx_word' id='word_1_801' title='bbox 2831 3292 3119 3365; x_wconf 82' lang='lat' dir='ltr'><strong>pertineat,</strong></span> <span class='ocrx_word' id='word_1_802' title='bbox 3153 3293 3246 3365; x_wconf 85' lang='lat' dir='ltr'><strong>sed</strong></span> <span class='ocrx_word' id='word_1_803' title='bbox 3284 3307 3381 3360; x_wconf 91' lang='lat' dir='ltr'><strong>pro</strong></span> <span class='ocrx_word' id='word_1_804' title='bbox 3410 3293 3550 3362; x_wconf 74' lang='grc' dir='ltr'><strong>ήμε⁴</strong></span> 
     </span>
    </p>
   </div>
   <div class='ocr_carea' id='block_1_109' title="bbox 1981 3360 3551 3435">
    <p class='ocr_par' dir='ltr' id='par_1_109' title="bbox 1981 3360 3551 3435">
     <span class='ocr_line' id='line_1_112' title="bbox 1981 3360 3551 3435; baseline -0.002 -18"><span class='ocrx_word' id='word_1_805' title='bbox 1981 3360 2125 3435; x_wconf 77' lang='grc' dir='ltr'><strong>ῥινῇ.</strong></span> <span class='ocrx_word' id='word_1_806' title='bbox 2173 3362 2306 3435; x_wconf 64' lang='lat' dir='ltr'><strong>Nam</strong></span> <span class='ocrx_word' id='word_1_807' title='bbox 2339 3360 2464 3435; x_wconf 80' lang='lat' dir='ltr'><strong>cum</strong></span> <span class='ocrx_word' id='word_1_808' title='bbox 2491 3362 2625 3435; x_wconf 80' lang='lat' dir='ltr'><strong>dicit</strong></span> <span class='ocrx_word' id='word_1_809' title='bbox 2655 3361 2761 3414; x_wconf 83' lang='grc' dir='ltr'><strong>ἀπὸ</strong></span> <span class='ocrx_word' id='word_1_810' title='bbox 2788 3360 3040 3435; x_wconf 70' lang='grc' dir='ltr'><strong>δεκάτης,</strong></span> <span class='ocrx_word' id='word_1_811' title='bbox 3074 3376 3174 3435; x_wconf 80' lang='lat' dir='ltr'><strong>nec</strong></span> <span class='ocrx_word' id='word_1_812' title='bbox 3205 3360 3551 3435; x_wconf 64' lang='grc' dir='ltr'><strong>ἐπιφωσκούτ</strong></span> 
     </span>
    </p>
   </div>
   <div class='ocr_carea' id='block_1_110' title="bbox 1979 3431 3549 3512">
    <p class='ocr_par' dir='ltr' id='par_1_110' title="bbox 1979 3431 3549 3512">
     <span class='ocr_line' id='line_1_113' title="bbox 1979 3431 3549 3512; baseline 0 -26"><span class='ocrx_word' id='word_1_813' title='bbox 1979 3431 2102 3506; x_wconf 59' lang='lat' dir='ltr'><strong>ene&quot;</strong></span> <span class='ocrx_word' id='word_1_814' title='bbox 2137 3433 2354 3512; x_wconf 76' lang='lat' dir='ltr'><strong>adjecit,</strong></span> <span class='ocrx_word' id='word_1_815' title='bbox 2390 3431 2695 3512; x_wconf 65' lang='lat' dir='ltr'><strong>signiﬁcat</strong></span> <span class='ocrx_word' id='word_1_816' title='bbox 2751 3447 2860 3512; x_wconf 73' lang='lat' dir='ltr'><strong>non</strong></span> <span class='ocrx_word' id='word_1_817' title='bbox 2923 3432 3070 3512; x_wconf 83' lang='lat' dir='ltr'><strong>illam</strong></span> <span class='ocrx_word' id='word_1_818' title='bbox 3122 3432 3415 3512; x_wconf 29' lang='lat' dir='ltr'><strong>diurnam‘</strong></span> <span class='ocrx_word' id='word_1_819' title='bbox 3455 3432 3549 3512; x_wconf 80' lang='lat' dir='ltr'><strong>sed</strong></span> 
     </span>
    </p>
   </div>
   <div class='ocr_carea' id='block_1_111' title="bbox 1977 3500 3551 3572">
    <p class='ocr_par' dir='ltr' id='par_1_111' title="bbox 1977 3500 3551 3572">
     <span class='ocr_line' id='line_1_114' title="bbox 1977 3500 3551 3572; baseline -0.002 -14"><span class='ocrx_word' id='word_1_820' title='bbox 1977 3500 2300 3558; x_wconf 38' lang='lat' dir='ltr'><strong>nocturn—am</strong></span> <span class='ocrx_word' id='word_1_821' title='bbox 2326 3500 2750 3572; x_wconf 78' lang='lat' dir='ltr'><strong>intelligendam.</strong></span> <span class='ocrx_word' id='word_1_822' title='bbox 2771 3500 2850 3572; x_wconf 73' lang='lat' dir='ltr'><strong>Ac</strong></span> <span class='ocrx_word' id='word_1_823' title='bbox 2871 3501 3300 3572; x_wconf 12' lang='lat' dir='ltr'><strong>meritorvidetur</strong></span> <span class='ocrx_word' id='word_1_824' title='bbox 3322 3500 3551 3572; x_wconf 86' lang='lat' dir='ltr'><strong>Epipha-</strong></span> 
     </span>
    </p>
   </div>
   <div class='ocr_carea' id='block_1_112' title="bbox 1979 3569 3551 3651">
    <p class='ocr_par' dir='ltr' id='par_1_112' title="bbox 1979 3569 3551 3651">
     <span class='ocr_line' id='line_1_115' title="bbox 1979 3569 3551 3651; baseline -0.003 -22"><span class='ocrx_word' id='word_1_825' title='bbox 1979 3575 2104 3651; x_wconf 75' lang='lat' dir='ltr'><strong>nius</strong></span> <span class='ocrx_word' id='word_1_826' title='bbox 2135 3575 2380 3651; x_wconf 72' lang='lat' dir='ltr'><strong>primam</strong></span> <span class='ocrx_word' id='word_1_827' title='bbox 2398 3569 2753 3651; x_wconf 40' lang='lat' dir='ltr'><strong>xeropliagiae</strong></span> <span class='ocrx_word' id='word_1_828' title='bbox 2779 3569 2921 3651; x_wconf 54' lang='lat' dir='ltr'><strong>diem</strong></span> <span class='ocrx_word' id='word_1_829' title='bbox 2949 3570 3184 3651; x_wconf 75' lang='grc' dir='ltr'><strong>δεκάτην</strong></span> <span class='ocrx_word' id='word_1_830' title='bbox 3229 3569 3551 3651; x_wconf 69' lang='grc' dir='ltr'><strong>νυκτερινήν</strong></span> 
     </span>
    </p>
   </div>
   <div class='ocr_carea' id='block_1_113' title="bbox 1977 3639 3551 3713">
    <p class='ocr_par' dir='ltr' id='par_1_113' title="bbox 1977 3639 3551 3713">
     <span class='ocr_line' id='line_1_116' title="bbox 1977 3639 3551 3713; baseline -0.001 -15"><span class='ocrx_word' id='word_1_831' title='bbox 1977 3639 2203 3709; x_wconf 75' lang='lat' dir='ltr'><strong>fecisse;</strong></span> <span class='ocrx_word' id='word_1_832' title='bbox 2239 3643 2384 3713; x_wconf 92' lang='lat' dir='ltr'><strong>quod</strong></span> <span class='ocrx_word' id='word_1_833' title='bbox 2420 3639 2625 3695; x_wconf 85' lang='lat' dir='ltr'><strong>functio</strong></span> <span class='ocrx_word' id='word_1_834' title='bbox 2651 3639 2769 3713; x_wconf 85' lang='lat' dir='ltr'><strong>ipsa</strong></span> <span class='ocrx_word' id='word_1_835' title='bbox 2803 3639 3194 3713; x_wconf 67' lang='lat' dir='ltr'><strong>Xeropliagire,</strong></span> <span class='ocrx_word' id='word_1_836' title='bbox 3234 3641 3287 3694; x_wconf 90' lang='lat' dir='ltr'><strong>id</strong></span> <span class='ocrx_word' id='word_1_837' title='bbox 3315 3639 3410 3696; x_wconf 44' lang='lat' dir='ltr'><strong>est’</strong></span> <span class='ocrx_word' id='word_1_838' title='bbox 3440 3639 3551 3696; x_wconf 78' lang='lat' dir='ltr'><strong>ari-</strong></span> 
     </span>
    </p>
   </div>
   <div class='ocr_carea' id='block_1_114' title="bbox 1977 3708 3550 3780">
    <p class='ocr_par' dir='ltr' id='par_1_114' title="bbox 1977 3708 3550 3780">
     <span class='ocr_line' id='line_1_117' title="bbox 1977 3708 3550 3780; baseline -0.003 -12"><span class='ocrx_word' id='word_1_839' title='bbox 1977 3714 2167 3768; x_wconf 86' lang='lat' dir='ltr'><strong>dorum</strong></span> <span class='ocrx_word' id='word_1_840' title='bbox 2192 3708 2362 3777; x_wconf 15' lang='lat' dir='ltr'><strong>Ves&#39;us,</strong></span> <span class='ocrx_word' id='word_1_841' title='bbox 2416 3718 2647 3766; x_wconf 83' lang='lat' dir='ltr'><strong>exeunte</strong></span> <span class='ocrx_word' id='word_1_842' title='bbox 2672 3708 2806 3780; x_wconf 45' lang='lat' dir='ltr'><strong>_jam</strong></span> <span class='ocrx_word' id='word_1_843' title='bbox 2865 3708 2970 3764; x_wconf 56' lang='lat' dir='ltr'><strong>die&#39;</strong></span> <span class='ocrx_word' id='word_1_844' title='bbox 3003 3708 3085 3763; x_wconf 57' lang='lat' dir='ltr'><strong>ac&#39;</strong></span> <span class='ocrx_word' id='word_1_845' title='bbox 3115 3711 3218 3767; x_wconf 83' lang='lat' dir='ltr'><strong>sub</strong></span> <span class='ocrx_word' id='word_1_846' title='bbox 3267 3726 3550 3780; x_wconf 88' lang='lat' dir='ltr'><strong>vesperam</strong></span> 
     </span>
    </p>
   </div>
   <div class='ocr_carea' id='block_1_115' title="bbox 1981 3780 3384 3854">
    <p class='ocr_par' dir='ltr' id='par_1_115' title="bbox 1981 3780 3384 3854">
     <span class='ocr_line' id='line_1_118' title="bbox 1981 3780 3384 3854; baseline -0.004 -16"><span class='ocrx_word' id='word_1_847' title='bbox 1981 3791 2360 3854; x_wconf 76' lang='lat' dir='ltr'><strong>usurparetur,</strong></span> <span class='ocrx_word' id='word_1_848' title='bbox 2387 3780 2743 3854; x_wconf 66' lang='lat' dir='ltr'><strong>commodum</strong></span> <span class='ocrx_word' id='word_1_849' title='bbox 2776 3780 3138 3854; x_wconf 73' lang='lat' dir='ltr'><strong>illucescente</strong></span> <span class='ocrx_word' id='word_1_850' title='bbox 3170 3781 3384 3854; x_wconf 85' lang='lat' dir='ltr'><strong>x__luna.</strong></span> 
     </span>
    </p>
   </div>
   <div class='ocr_carea' id='block_1_116' title="bbox 2052 3849 3551 3925">
    <p class='ocr_par' dir='ltr' id='par_1_116' title="bbox 2052 3849 3551 3925">
     <span class='ocr_line' id='line_1_119' title="bbox 2052 3849 3551 3925; baseline -0.003 -17"><span class='ocrx_word' id='word_1_851' title='bbox 2052 3849 2162 3925; x_wconf 72' lang='lat'><strong>(23)</strong></span> <span class='ocrx_word' id='word_1_852' title='bbox 2203 3850 2595 3925; x_wconf 72' lang='grc' dir='ltr'><strong>Μεσαζούσης</strong></span> <span class='ocrx_word' id='word_1_853' title='bbox 2621 3849 2740 3925; x_wconf 72' lang='grc' dir='ltr'><strong>τῷν·</strong></span> <span class='ocrx_word' id='word_1_854' title='bbox 2765 3849 2884 3925; x_wconf 39' lang='grc' dir='ltr'><strong>δύο.</strong></span> <span class='ocrx_word' id='word_1_855' title='bbox 2901 3849 3151 3925; x_wconf 72' lang='grc' dir='ltr'><strong>δρόμων.</strong></span> <span class='ocrx_word' id='word_1_856' title='bbox 3189 3849 3319 3925; x_wconf 78' lang='lat' dir='ltr'><strong>Mira</strong></span> <span class='ocrx_word' id='word_1_857' title='bbox 3346 3860 3431 3904; x_wconf 90' lang='lat' dir='ltr'><strong>est</strong></span> <span class='ocrx_word' id='word_1_858' title='bbox 3453 3849 3551 3925; x_wconf 79' lang='lat' dir='ltr'><strong>lto-</strong></span> 
     </span>
    </p>
   </div>
   <div class='ocr_carea' id='block_1_117' title="bbox 1980 3918 3551 3989">
    <p class='ocr_par' dir='ltr' id='par_1_117' title="bbox 1980 3918 3551 3989">
     <span class='ocr_line' id='line_1_120' title="bbox 1980 3918 3551 3989; baseline -0.003 -11"><span class='ocrx_word' id='word_1_859' title='bbox 1980 3918 2102 3978; x_wconf 83' lang='lat' dir='ltr'><strong>rum</strong></span> <span class='ocrx_word' id='word_1_860' title='bbox 2139 3918 2426 3978; x_wconf 79' lang='lat' dir='ltr'><strong>verborum</strong></span> <span class='ocrx_word' id='word_1_861' title='bbox 2465 3920 2795 3975; x_wconf 87' lang='lat' dir='ltr'><strong>obscuritas.</strong></span> <span class='ocrx_word' id='word_1_862' title='bbox 2842 3918 2975 3973; x_wconf 79' lang='lat' dir='ltr'><strong>Nam</strong></span> <span class='ocrx_word' id='word_1_863' title='bbox 3020 3921 3121 3974; x_wconf 90' lang='lat' dir='ltr'><strong>hoc</strong></span> <span class='ocrx_word' id='word_1_864' title='bbox 3164 3922 3336 3989; x_wconf 89' lang='lat' dir='ltr'><strong>prima</strong></span> <span class='ocrx_word' id='word_1_865' title='bbox 3369 3920 3551 3988; x_wconf 85' lang='lat' dir='ltr'><strong>specie</strong></span> 
     </span>
    </p>
   </div>
   <div class='ocr_carea' id='block_1_118' title="bbox 1979 3990 3549 4062">
    <p class='ocr_par' dir='ltr' id='par_1_118' title="bbox 1979 3990 3549 4062">
     <span class='ocr_line' id='line_1_121' title="bbox 1979 3990 3549 4062; baseline -0.004 -15"><span class='ocrx_word' id='word_1_866' title='bbox 1979 4003 2200 4058; x_wconf 89' lang='lat' dir='ltr'><strong>sonant,</strong></span> <span class='ocrx_word' id='word_1_867' title='bbox 2233 3992 2378 4062; x_wconf 92' lang='lat' dir='ltr'><strong>quod</strong></span> <span class='ocrx_word' id='word_1_868' title='bbox 2409 4008 2476 4045; x_wconf 83' lang='lat' dir='ltr'><strong>ne.</strong></span> <span class='ocrx_word' id='word_1_869' title='bbox 2499 3990 2727 4062; x_wconf 81' lang='lat' dir='ltr'><strong>intelligi</strong></span> <span class='ocrx_word' id='word_1_870' title='bbox 2761 3991 2980 4062; x_wconf 81' lang='lat' dir='ltr'><strong>quidem</strong></span> <span class='ocrx_word' id='word_1_871' title='bbox 3010 3998 3184 4062; x_wconf 81' lang='lat' dir='ltr'><strong>potest</strong></span> <span class='ocrx_word' id='word_1_872' title='bbox 3209 4009 3222 4044; x_wconf 88' lang='lat'><strong>:</strong></span> <span class='ocrx_word' id='word_1_873' title='bbox 3249 3991 3549 4062; x_wconf 82' lang='lat' dir='ltr'><strong>xvlunam,</strong></span> 
     </span>
    </p>
   </div>
   <div class='ocr_carea' id='block_1_119' title="bbox 1980 4058 3549 4122">
    <p class='ocr_par' dir='ltr' id='par_1_119' title="bbox 1980 4058 3549 4122">
     <span class='ocr_line' id='line_1_122' title="bbox 1980 4058 3549 4122; baseline -0.004 -4"><span class='ocrx_word' id='word_1_874' title='bbox 1980 4065 2062 4118; x_wconf 90' lang='lat' dir='ltr'><strong>vel</strong></span> <span class='ocrx_word' id='word_1_875' title='bbox 2090 4079 2212 4116; x_wconf 87' lang='lat' dir='ltr'><strong>cum</strong></span> <span class='ocrx_word' id='word_1_876' title='bbox 2241 4058 2304 4117; x_wconf 78' lang='lat' dir='ltr'><strong>ea</strong></span> <span class='ocrx_word' id='word_1_877' title='bbox 2339 4063 2624 4122; x_wconf 89' lang='lat' dir='ltr'><strong>decimam,</strong></span> <span class='ocrx_word' id='word_1_878' title='bbox 2652 4058 2794 4114; x_wconf 82' lang='lat' dir='ltr'><strong>inter</strong></span> <span class='ocrx_word' id='word_1_879' title='bbox 2819 4060 2926 4114; x_wconf 88' lang='lat' dir='ltr'><strong>duo</strong></span> <span class='ocrx_word' id='word_1_880' title='bbox 2960 4058 3135 4113; x_wconf 86' lang='lat' dir='ltr'><strong>noctis</strong></span> <span class='ocrx_word' id='word_1_881' title='bbox 3189 4075 3252 4113; x_wconf 87' lang='lat' dir='ltr'><strong>ac</strong></span> <span class='ocrx_word' id='word_1_882' title='bbox 3285 4059 3389 4112; x_wconf 91' lang='lat' dir='ltr'><strong>diei</strong></span> <span class='ocrx_word' id='word_1_883' title='bbox 3421 4075 3549 4113; x_wconf 81' lang='lat' dir='ltr'><strong>cur-</strong></span> 
     </span>
    </p>
   </div>
   <div class='ocr_carea' id='block_1_120' title="bbox 1980 4128 3549 4201">
    <p class='ocr_par' dir='ltr' id='par_1_120' title="bbox 1980 4128 3549 4201">
     <span class='ocr_line' id='line_1_123' title="bbox 1980 4128 3549 4201; baseline -0.004 -13"><span class='ocrx_word' id='word_1_884' title='bbox 1980 4134 2151 4188; x_wconf 86' lang='lat' dir='ltr'><strong>ricula</strong></span> <span class='ocrx_word' id='word_1_885' title='bbox 2200 4133 2752 4201; x_wconf 15' lang='lat' dir='ltr'><strong>interceptamiesse;</strong></span> <span class='ocrx_word' id='word_1_886' title='bbox 2795 4139 2888 4201; x_wconf 88' lang='lat' dir='ltr'><strong>aut</strong></span> <span class='ocrx_word' id='word_1_887' title='bbox 2932 4137 3083 4184; x_wconf 88' lang='lat' dir='ltr'><strong>certe</strong></span> <span class='ocrx_word' id='word_1_888' title='bbox 3119 4128 3176 4182; x_wconf 83' lang='grc' dir='ltr'>τὸ</span> <span class='ocrx_word' id='word_1_889' title='bbox 3213 4130 3549 4201; x_wconf 81' lang='grc' dir='ltr'><strong>νυχθήμερον</strong></span> 
     </span>
    </p>
   </div>
   <div class='ocr_carea' id='block_1_121' title="bbox 1980 4198 3546 4268">
    <p class='ocr_par' dir='ltr' id='par_1_121' title="bbox 1980 4198 3546 4268">
     <span class='ocr_line' id='line_1_124' title="bbox 1980 4198 3546 4268; baseline -0.004 -11"><span class='ocrx_word' id='word_1_890' title='bbox 1980 4205 2123 4258; x_wconf 86' lang='lat' dir='ltr'><strong>inter</strong></span> <span class='ocrx_word' id='word_1_891' title='bbox 2144 4202 2303 4266; x_wconf 89' lang='lat' dir='ltr'><strong>duos,</strong></span> <span class='ocrx_word' id='word_1_892' title='bbox 2333 4198 2465 4258; x_wconf 81' lang='lat' dir='ltr'><strong>solis</strong></span> <span class='ocrx_word' id='word_1_893' title='bbox 2495 4200 2747 4255; x_wconf 88' lang='lat' dir='ltr'><strong>videlicet</strong></span> <span class='ocrx_word' id='word_1_894' title='bbox 2776 4215 2840 4253; x_wconf 90' lang='lat' dir='ltr'><strong>ac</strong></span> <span class='ocrx_word' id='word_1_895' title='bbox 2869 4200 3029 4263; x_wconf 71' lang='lat' dir='ltr'><strong>lunae,</strong></span> <span class='ocrx_word' id='word_1_896' title='bbox 3061 4215 3256 4254; x_wconf 89' lang='lat' dir='ltr'><strong>cursus</strong></span> <span class='ocrx_word' id='word_1_897' title='bbox 3287 4198 3546 4268; x_wconf 86' lang='lat' dir='ltr'><strong>interjici.</strong></span> 
     </span>
    </p>
   </div>
   <div class='ocr_carea' id='block_1_122' title="bbox 1981 4269 3548 4339">
    <p class='ocr_par' dir='ltr' id='par_1_122' title="bbox 1981 4269 3548 4339">
     <span class='ocr_line' id='line_1_125' title="bbox 1981 4269 3548 4339; baseline -0.003 -13"><span class='ocrx_word' id='word_1_898' title='bbox 1981 4274 2111 4339; x_wconf 56' lang='lat' dir='ltr'><strong>Quae</strong></span> <span class='ocrx_word' id='word_1_899' title='bbox 2137 4275 2321 4327; x_wconf 93' lang='lat' dir='ltr'><strong>nullus</strong></span> <span class='ocrx_word' id='word_1_900' title='bbox 2352 4271 2593 4339; x_wconf 85' lang='lat' dir='ltr'><strong>OEdipus</strong></span> <span class='ocrx_word' id='word_1_901' title='bbox 2630 4270 2877 4324; x_wconf 87' lang='lat' dir='ltr'><strong>divinare</strong></span> <span class='ocrx_word' id='word_1_902' title='bbox 2910 4270 3102 4339; x_wconf 87' lang='lat' dir='ltr'><strong>possit.</strong></span> <span class='ocrx_word' id='word_1_903' title='bbox 3133 4269 3243 4323; x_wconf 86' lang='lat' dir='ltr'><strong>Nos</strong></span> <span class='ocrx_word' id='word_1_904' title='bbox 3269 4283 3366 4338; x_wconf 90' lang='lat' dir='ltr'><strong>pro</strong></span> <span class='ocrx_word' id='word_1_905' title='bbox 3393 4284 3458 4322; x_wconf 90' lang='lat' dir='ltr'><strong>eo</strong></span> <span class='ocrx_word' id='word_1_906' title='bbox 3485 4285 3548 4321; x_wconf 88' lang='lat' dir='ltr'><strong>ac</strong></span> 
     </span>
    </p>
   </div>
   <div class='ocr_carea' id='block_1_123' title="bbox 1981 4339 3550 4412">
    <p class='ocr_par' dir='ltr' id='par_1_123' title="bbox 1981 4339 3550 4412">
     <span class='ocr_line' id='line_1_126' title="bbox 1981 4339 3550 4412; baseline -0.004 -14"><span class='ocrx_word' id='word_1_907' title='bbox 1981 4345 2264 4412; x_wconf 87' lang='lat' dir='ltr'><strong>superiora</strong></span> <span class='ocrx_word' id='word_1_908' title='bbox 2292 4340 2897 4412; x_wconf 66' lang='lat' dir='ltr'><strong>interpretatisumus,</strong></span> <span class='ocrx_word' id='word_1_909' title='bbox 2920 4339 3262 4412; x_wconf 78' lang='grc' dir='ltr'><strong>μεσαζούσης</strong></span> <span class='ocrx_word' id='word_1_910' title='bbox 3299 4339 3400 4392; x_wconf 87' lang='lat' dir='ltr'><strong>hoc</strong></span> <span class='ocrx_word' id='word_1_911' title='bbox 3430 4340 3550 4392; x_wconf 92' lang='lat' dir='ltr'><strong>loco</strong></span> 
     </span>
    </p>
   </div>
   <div class='ocr_carea' id='block_1_124' title="bbox 1980 4409 3551 4482">
    <p class='ocr_par' dir='ltr' id='par_1_124' title="bbox 1980 4409 3551 4482">
     <span class='ocr_line' id='line_1_127' title="bbox 1980 4409 3551 4482; baseline -0.005 -14"><span class='ocrx_word' id='word_1_912' title='bbox 1980 4409 2092 4468; x_wconf 78' lang='lat' dir='ltr'><strong>non</strong></span> <span class='ocrx_word' id='word_1_913' title='bbox 2123 4409 2468 4482; x_wconf 86' lang='lat' dir='ltr'><strong>interjectum</strong></span> <span class='ocrx_word' id='word_1_914' title='bbox 2497 4409 2778 4482; x_wconf 79' lang='lat' dir='ltr'><strong>quiddam,</strong></span> <span class='ocrx_word' id='word_1_915' title='bbox 2809 4411 2904 4464; x_wconf 90' lang='lat' dir='ltr'><strong>sed</strong></span> <span class='ocrx_word' id='word_1_916' title='bbox 2936 4409 3448 4482; x_wconf 40' lang='lat' dir='ltr'><strong>labentem’ngctem</strong></span> <span class='ocrx_word' id='word_1_917' title='bbox 3485 4423 3551 4482; x_wconf 74' lang='lat' dir='ltr'><strong>ac</strong></span> 
     </span>
    </p>
   </div>
   <div class='ocr_carea' id='block_1_125' title="bbox 1982 4477 3550 4554">
    <p class='ocr_par' dir='ltr' id='par_1_125' title="bbox 1982 4477 3550 4554">
     <span class='ocr_line' id='line_1_128' title="bbox 1982 4477 3550 4554; baseline -0.003 -17"><span class='ocrx_word' id='word_1_918' title='bbox 1982 4485 2124 4538; x_wconf 85' lang='lat' dir='ltr'><strong>diem</strong></span> <span class='ocrx_word' id='word_1_919' title='bbox 2150 4477 2469 4554; x_wconf 80' lang='lat' dir='ltr'><strong>accipimus.</strong></span> <span class='ocrx_word' id='word_1_920' title='bbox 2493 4477 2864 4554; x_wconf 71' lang='lat' dir='ltr'><strong>Constitutum</strong></span> <span class='ocrx_word' id='word_1_921' title='bbox 2893 4481 3037 4554; x_wconf 83' lang='lat' dir='ltr'><strong>enim</strong></span> <span class='ocrx_word' id='word_1_922' title='bbox 3061 4490 3146 4534; x_wconf 91' lang='lat' dir='ltr'><strong>est</strong></span> <span class='ocrx_word' id='word_1_923' title='bbox 3159 4494 3236 4554; x_wconf 79' lang='lat' dir='ltr'><strong>ex</strong></span> <span class='ocrx_word' id='word_1_924' title='bbox 3260 4477 3550 4548; x_wconf 87' lang='lat' dir='ltr'><strong>Epiphanii</strong></span> 
     </span>
    </p>
   </div>
   <div class='ocr_carea' id='block_1_126' title="bbox 1985 4547 3552 4619">
    <p class='ocr_par' dir='ltr' id='par_1_126' title="bbox 1985 4547 3552 4619">
     <span class='ocr_line' id='line_1_129' title="bbox 1985 4547 3552 4619; baseline -0.006 -10"><span class='ocrx_word' id='word_1_925' title='bbox 1985 4547 2288 4614; x_wconf 52' lang='lat' dir='ltr'><strong>sententia;</strong></span> <span class='ocrx_word' id='word_1_926' title='bbox 2306 4550 2694 4606; x_wconf 89' lang='lat' dir='ltr'><strong>hebdomadem</strong></span> <span class='ocrx_word' id='word_1_927' title='bbox 2724 4547 3082 4619; x_wconf 66' lang='lat' dir='ltr'><strong>Xerophagiae</strong></span> <span class='ocrx_word' id='word_1_928' title='bbox 3105 4565 3134 4603; x_wconf 95' lang='lat' dir='ltr'><strong>a</strong></span> <span class='ocrx_word' id='word_1_929' title='bbox 3158 4549 3285 4602; x_wconf 90' lang='lat' dir='ltr'><strong>luna</strong></span> <span class='ocrx_word' id='word_1_930' title='bbox 3309 4564 3340 4601; x_wconf 77' lang='grc' dir='ltr'>ιι</span> <span class='ocrx_word' id='word_1_931' title='bbox 3367 4547 3552 4601; x_wconf 80' lang='grc' dir='ltr'><strong>νυκτε-</strong></span> 
     </span>
    </p>
   </div>
   <div class='ocr_carea' id='block_1_127' title="bbox 1991 4619 3549 4695">
    <p class='ocr_par' dir='ltr' id='par_1_127' title="bbox 1991 4619 3549 4695">
     <span class='ocr_line' id='line_1_130' title="bbox 1991 4619 3549 4695; baseline -0.002 -20"><span class='ocrx_word' id='word_1_932' title='bbox 1991 4623 2459 4695; x_wconf 51' lang='lat' dir='ltr'><strong>ptvﬁordiendam</strong></span> <span class='ocrx_word' id='word_1_933' title='bbox 2490 4635 2636 4695; x_wconf 87' lang='lat' dir='ltr'><strong>esse,</strong></span> <span class='ocrx_word' id='word_1_934' title='bbox 2677 4619 2752 4673; x_wconf 90' lang='lat' dir='ltr'><strong>ita</strong></span> <span class='ocrx_word' id='word_1_935' title='bbox 2793 4629 2852 4672; x_wconf 93' lang='lat' dir='ltr'><strong>ut</strong></span> <span class='ocrx_word' id='word_1_936' title='bbox 2884 4619 3106 4695; x_wconf 78' lang='lat' dir='ltr'><strong>citimus</strong></span> <span class='ocrx_word' id='word_1_937' title='bbox 3136 4619 3261 4695; x_wconf 5' lang='lat' dir='ltr'><strong>pejus</strong></span> <span class='ocrx_word' id='word_1_938' title='bbox 3285 4619 3549 4695; x_wconf 81' lang='lat' dir='ltr'><strong>terminus</strong></span> 
     </span>
    </p>
   </div>
   <div class='ocr_carea' id='block_1_128' title="bbox 1987 4689 3544 4759">
    <p class='ocr_par' dir='ltr' id='par_1_128' title="bbox 1987 4689 3544 4759">
     <span class='ocr_line' id='line_1_131' title="bbox 1987 4689 3544 4759; baseline -0.004 -11"><span class='ocrx_word' id='word_1_939' title='bbox 1987 4689 2056 4748; x_wconf 62' lang='lat' dir='ltr'><strong>Sit</strong></span> <span class='ocrx_word' id='word_1_940' title='bbox 2082 4689 2200 4747; x_wconf 79' lang='lat' dir='ltr'><strong>dies</strong></span> <span class='ocrx_word' id='word_1_941' title='bbox 2229 4695 2342 4757; x_wconf 89' lang='lat' dir='ltr'><strong>illa,</strong></span> <span class='ocrx_word' id='word_1_942' title='bbox 2373 4692 2531 4759; x_wconf 86' lang='lat' dir='ltr'><strong>cujus</strong></span> <span class='ocrx_word' id='word_1_943' title='bbox 2557 4691 2612 4743; x_wconf 92' lang='lat' dir='ltr'><strong>in</strong></span> <span class='ocrx_word' id='word_1_944' title='bbox 2650 4697 2811 4744; x_wconf 86' lang='lat' dir='ltr'><strong>nocte.</strong></span> <span class='ocrx_word' id='word_1_945' title='bbox 2840 4704 2870 4742; x_wconf 88' lang='lat' dir='ltr'><strong>x</strong></span> <span class='ocrx_word' id='word_1_946' title='bbox 2897 4689 3040 4743; x_wconf 67' lang='lat' dir='ltr'><strong>luna:</strong></span> <span class='ocrx_word' id='word_1_947' title='bbox 3065 4689 3392 4759; x_wconf 89' lang='lat' dir='ltr'><strong>principium</strong></span> <span class='ocrx_word' id='word_1_948' title='bbox 3417 4695 3500 4742; x_wconf 91' lang='lat' dir='ltr'><strong>est</strong></span> <span class='ocrx_word' id='word_1_949' title='bbox 3531 4707 3544 4742; x_wconf 94' lang='lat'>:</span> 
     </span>
    </p>
   </div>
   <div class='ocr_carea' id='block_1_129' title="bbox 1986 4758 3546 4828">
    <p class='ocr_par' dir='ltr' id='par_1_129' title="bbox 1986 4758 3546 4828">
     <span class='ocr_line' id='line_1_132' title="bbox 1986 4758 3546 4828; baseline -0.002 -12"><span class='ocrx_word' id='word_1_950' title='bbox 1986 4765 2388 4819; x_wconf 87' lang='lat' dir='ltr'><strong>remotissimus</strong></span> <span class='ocrx_word' id='word_1_951' title='bbox 2421 4758 2549 4816; x_wconf 80' lang='lat' dir='ltr'><strong>vero</strong></span> <span class='ocrx_word' id='word_1_952' title='bbox 2600 4759 2868 4814; x_wconf 90' lang='lat' dir='ltr'><strong>terminus</strong></span> <span class='ocrx_word' id='word_1_953' title='bbox 2909 4760 2980 4815; x_wconf 92' lang='lat' dir='ltr'><strong>sit</strong></span> <span class='ocrx_word' id='word_1_954' title='bbox 3019 4758 3147 4813; x_wconf 84' lang='lat' dir='ltr'><strong>luna</strong></span> <span class='ocrx_word' id='word_1_955' title='bbox 3190 4776 3256 4812; x_wconf 81' lang='lat' dir='ltr'><strong>xv</strong></span> <span class='ocrx_word' id='word_1_956' title='bbox 3290 4758 3546 4828; x_wconf 83' lang='grc' dir='ltr'><strong>ἡμερινή.</strong></span> 
     </span>
    </p>
   </div>
   <div class='ocr_carea' id='block_1_130' title="bbox 1989 4829 3548 4904">
    <p class='ocr_par' dir='ltr' id='par_1_130' title="bbox 1989 4829 3548 4904">
     <span class='ocr_line' id='line_1_133' title="bbox 1989 4829 3548 4904; baseline -0.003 -19"><span class='ocrx_word' id='word_1_957' title='bbox 1989 4835 2173 4904; x_wconf 86' lang='lat' dir='ltr'><strong>Itaque</strong></span> <span class='ocrx_word' id='word_1_958' title='bbox 2199 4833 2437 4904; x_wconf 88' lang='lat' dir='ltr'><strong>spatium</strong></span> <span class='ocrx_word' id='word_1_959' title='bbox 2462 4829 2623 4904; x_wconf 78' lang='lat' dir='ltr'><strong>illud,</strong></span> <span class='ocrx_word' id='word_1_960' title='bbox 2661 4830 2807 4904; x_wconf 85' lang='lat' dir='ltr'><strong>quod</strong></span> <span class='ocrx_word' id='word_1_961' title='bbox 2847 4829 3203 4904; x_wconf 79' lang='lat' dir='ltr'><strong>hebdomadis</strong></span> <span class='ocrx_word' id='word_1_962' title='bbox 3234 4837 3397 4897; x_wconf 84' lang='lat' dir='ltr'><strong>caput</strong></span> <span class='ocrx_word' id='word_1_963' title='bbox 3425 4842 3548 4896; x_wconf 91' lang='lat' dir='ltr'><strong>per-</strong></span> 
     </span>
    </p>
   </div>
   <div class='ocr_carea' id='block_1_131' title="bbox 1985 4901 3546 4970">
    <p class='ocr_par' dir='ltr' id='par_1_131' title="bbox 1985 4901 3546 4970">
     <span class='ocr_line' id='line_1_134' title="bbox 1985 4901 3546 4970; baseline -0.004 -14"><span class='ocrx_word' id='word_1_964' title='bbox 1985 4901 2180 4966; x_wconf 73' lang='lat' dir='ltr'><strong>currit,</strong></span> <span class='ocrx_word' id='word_1_965' title='bbox 2206 4901 2248 4956; x_wconf 45' lang='lat' dir='ltr'><strong>a&#39;</strong></span> <span class='ocrx_word' id='word_1_966' title='bbox 2269 4909 2432 4957; x_wconf 81' lang='lat' dir='ltr'><strong>nocte</strong></span> <span class='ocrx_word' id='word_1_967' title='bbox 2461 4901 2672 4970; x_wconf 84' lang='lat' dir='ltr'><strong>incipit,</strong></span> <span class='ocrx_word' id='word_1_968' title='bbox 2711 4901 2813 4970; x_wconf 84' lang='lat' dir='ltr'><strong>hoc</strong></span> <span class='ocrx_word' id='word_1_969' title='bbox 2845 4907 2929 4954; x_wconf 80' lang='lat' dir='ltr'><strong>est</strong></span> <span class='ocrx_word' id='word_1_970' title='bbox 2967 4914 2996 4952; x_wconf 86' lang='lat' dir='ltr'><strong>a</strong></span> <span class='ocrx_word' id='word_1_971' title='bbox 3033 4901 3160 4953; x_wconf 91' lang='lat' dir='ltr'><strong>luna</strong></span> <span class='ocrx_word' id='word_1_972' title='bbox 3194 4916 3225 4952; x_wconf 83' lang='lat' dir='ltr'><strong>x</strong></span> <span class='ocrx_word' id='word_1_973' title='bbox 3257 4907 3546 4970; x_wconf 74' lang='lat' dir='ltr'><strong>nocturna,</strong></span> 
     </span>
    </p>
   </div>
   <div class='ocr_carea' id='block_1_132' title="bbox 1984 4966 3549 5039">
    <p class='ocr_par' dir='ltr' id='par_1_132' title="bbox 1984 4966 3549 5039">
     <span class='ocr_line' id='line_1_135' title="bbox 1984 4966 3549 5039; baseline -0.004 -11"><span class='ocrx_word' id='word_1_974' title='bbox 1984 4983 2038 5028; x_wconf 89' lang='lat' dir='ltr'><strong>et</strong></span> <span class='ocrx_word' id='word_1_975' title='bbox 2065 4973 2152 5028; x_wconf 91' lang='lat' dir='ltr'><strong>die</strong></span> <span class='ocrx_word' id='word_1_976' title='bbox 2178 4973 2522 5032; x_wconf 89' lang='lat' dir='ltr'><strong>terminatur,</strong></span> <span class='ocrx_word' id='word_1_977' title='bbox 2573 4966 2765 5039; x_wconf 75' lang='lat' dir='ltr'><strong>nempe</strong></span> <span class='ocrx_word' id='word_1_978' title='bbox 2802 4969 2929 5023; x_wconf 88' lang='lat' dir='ltr'><strong>luna</strong></span> <span class='ocrx_word' id='word_1_979' title='bbox 2967 4970 3163 5023; x_wconf 91' lang='lat' dir='ltr'><strong>diurna</strong></span> <span class='ocrx_word' id='word_1_980' title='bbox 3189 4984 3279 5022; x_wconf 81' lang='lat' dir='ltr'><strong>xv.</strong></span> <span class='ocrx_word' id='word_1_981' title='bbox 3317 4966 3549 5039; x_wconf 81' lang='lat' dir='ltr'><strong>Proinde</strong></span> 
     </span>
    </p>
   </div>
   <div class='ocr_carea' id='block_1_133' title="bbox 1987 5037 3548 5110">
    <p class='ocr_par' dir='ltr' id='par_1_133' title="bbox 1987 5037 3548 5110">
     <span class='ocr_line' id='line_1_136' title="bbox 1987 5037 3548 5110; baseline -0.005 -14"><span class='ocrx_word' id='word_1_982' title='bbox 1987 5059 2093 5098; x_wconf 87' lang='lat' dir='ltr'><strong>nox</strong></span> <span class='ocrx_word' id='word_1_983' title='bbox 2121 5051 2174 5098; x_wconf 89' lang='lat' dir='ltr'><strong>et</strong></span> <span class='ocrx_word' id='word_1_984' title='bbox 2204 5041 2322 5096; x_wconf 90' lang='lat' dir='ltr'><strong>dies</strong></span> <span class='ocrx_word' id='word_1_985' title='bbox 2345 5037 2749 5110; x_wconf 83' lang='lat' dir='ltr'><strong>impenduntur,</strong></span> <span class='ocrx_word' id='word_1_986' title='bbox 2768 5047 2820 5093; x_wconf 90' lang='lat' dir='ltr'><strong>et</strong></span> <span class='ocrx_word' id='word_1_987' title='bbox 2840 5039 3133 5110; x_wconf 66' lang='grc' dir='ltr'><strong>μεσάζουσι</strong></span> <span class='ocrx_word' id='word_1_988' title='bbox 3149 5055 3162 5068; x_wconf 91' lang='grc'><strong>·</strong></span> <span class='ocrx_word' id='word_1_989' title='bbox 3188 5054 3307 5106; x_wconf 60' lang='lat' dir='ltr'><strong>qua}</strong></span> <span class='ocrx_word' id='word_1_990' title='bbox 3331 5037 3548 5110; x_wconf 86' lang='lat' dir='ltr'><strong>quidem</strong></span> 
     </span>
    </p>
   </div>
   <div class='ocr_carea' id='block_1_134' title="bbox 1988 5107 3545 5182">
    <p class='ocr_par' dir='ltr' id='par_1_134' title="bbox 1988 5107 3545 5182">
     <span class='ocr_line' id='line_1_137' title="bbox 1988 5107 3545 5182; baseline -0.003 -18"><span class='ocrx_word' id='word_1_991' title='bbox 1988 5114 2273 5182; x_wconf 88' lang='lat' dir='ltr'><strong>utriusque</strong></span> <span class='ocrx_word' id='word_1_992' title='bbox 2309 5107 2511 5182; x_wconf 67' lang='lat' dir='ltr'><strong>sideris</strong></span> <span class='ocrx_word' id='word_1_993' title='bbox 2538 5110 2754 5182; x_wconf 81' lang='lat' dir='ltr'><strong>propria</strong></span> <span class='ocrx_word' id='word_1_994' title='bbox 2793 5107 2942 5182; x_wconf 82' lang='lat' dir='ltr'><strong>sunt.</strong></span> <span class='ocrx_word' id='word_1_995' title='bbox 2975 5108 3090 5163; x_wconf 72' lang='lat' dir='ltr'><strong>Nox</strong></span> <span class='ocrx_word' id='word_1_996' title='bbox 3117 5111 3261 5162; x_wconf 91' lang='lat' dir='ltr'><strong>enim</strong></span> <span class='ocrx_word' id='word_1_997' title='bbox 3293 5107 3545 5178; x_wconf 84' lang='grc' dir='ltr'>σεληνια-</span> 
     </span>
    </p>
   </div>
   <div class='ocr_carea' id='block_1_135' title="bbox 1985 5179 2984 5254">
    <p class='ocr_par' dir='ltr' id='par_1_135' title="bbox 1985 5179 2984 5254">
     <span class='ocr_line' id='line_1_138' title="bbox 1985 5179 2984 5254; baseline -0.004 -18"><span class='ocrx_word' id='word_1_998' title='bbox 1985 5183 2100 5254; x_wconf 47' lang='lat' dir='ltr'><strong>uti),</strong></span> <span class='ocrx_word' id='word_1_999' title='bbox 2122 5179 2238 5254; x_wconf 77' lang='lat' dir='ltr'><strong>dies</strong></span> <span class='ocrx_word' id='word_1_1000' title='bbox 2267 5179 2476 5254; x_wconf 80' lang='grc' dir='ltr'>ἡλιακῷ</span> <span class='ocrx_word' id='word_1_1001' title='bbox 2495 5180 2679 5254; x_wconf 84' lang='grc' dir='ltr'><strong>δρόμῳ</strong></span> <span class='ocrx_word' id='word_1_1002' title='bbox 2710 5180 2984 5254; x_wconf 62' lang='lat' dir='ltr'><strong>tribuitur.</strong></span> 
     </span>
    </p>
   </div>
   <div class='ocr_carea' id='block_1_136' title="bbox 2056 5245 3550 5324">
    <p class='ocr_par' dir='ltr' id='par_1_136' title="bbox 2056 5245 3550 5324">
     <span class='ocr_line' id='line_1_139' title="bbox 2056 5245 3550 5324; baseline -0.003 -19"><span class='ocrx_word' id='word_1_1003' title='bbox 2056 5252 2167 5324; x_wconf 69' lang='lat'><strong>(24)</strong></span> <span class='ocrx_word' id='word_1_1004' title='bbox 2201 5245 2312 5305; x_wconf 77' lang='grc' dir='ltr'><strong>Καὶ</strong></span> <span class='ocrx_word' id='word_1_1005' title='bbox 2341 5245 3032 5324; x_wconf 61' lang='grc' dir='ltr'><strong>συῇακαλάμϐαγομένου</strong></span> <span class='ocrx_word' id='word_1_1006' title='bbox 3055 5247 3162 5324; x_wconf 33' lang='grc' dir='ltr'><strong>τολῦ</strong></span> <span class='ocrx_word' id='word_1_1007' title='bbox 3186 5245 3402 5324; x_wconf 61' lang='grc' dir='ltr'><strong>αρτῶν.</strong></span> <span class='ocrx_word' id='word_1_1008' title='bbox 3425 5245 3550 5301; x_wconf 74' lang='lat' dir='ltr'><strong>Coi-</strong></span> 
     </span>
    </p>
   </div>
   <div class='ocr_carea' id='block_1_137' title="bbox 1987 5318 3546 5392">
    <p class='ocr_par' dir='ltr' id='par_1_137' title="bbox 1987 5318 3546 5392">
     <span class='ocr_line' id='line_1_140' title="bbox 1987 5318 3546 5392; baseline -0.003 -15"><span class='ocrx_word' id='word_1_1009' title='bbox 1987 5318 2158 5392; x_wconf 72' lang='grc' dir='ltr'><strong>ιεειίε</strong></span> <span class='ocrx_word' id='word_1_1010' title='bbox 2174 5321 2551 5392; x_wconf 82' lang='lat' dir='ltr'><strong>superioribus</strong></span> <span class='ocrx_word' id='word_1_1011' title='bbox 2580 5319 2821 5373; x_wconf 91' lang='lat' dir='ltr'><strong>numeris</strong></span> <span class='ocrx_word' id='word_1_1012' title='bbox 2850 5333 3062 5392; x_wconf 79' lang='lat' dir='ltr'><strong>summa</strong></span> <span class='ocrx_word' id='word_1_1013' title='bbox 3106 5319 3164 5372; x_wconf 88' lang='lat' dir='ltr'><strong>fit</strong></span> <span class='ocrx_word' id='word_1_1014' title='bbox 3192 5318 3402 5372; x_wconf 90' lang='lat' dir='ltr'><strong>dierum</strong></span> <span class='ocrx_word' id='word_1_1015' title='bbox 3434 5332 3546 5372; x_wconf 83' lang='lat' dir='ltr'><strong>xiv.</strong></span> 
     </span>
    </p>
   </div>
   <div class='ocr_carea' id='block_1_138' title="bbox 1986 5389 3549 5452">
    <p class='ocr_par' dir='ltr' id='par_1_138' title="bbox 1986 5389 3549 5452">
     <span class='ocr_line' id='line_1_141' title="bbox 1986 5389 3549 5452; baseline -0.004 -6"><span class='ocrx_word' id='word_1_1016' title='bbox 1986 5391 2093 5447; x_wconf 81' lang='lat' dir='ltr'><strong>Sed</strong></span> <span class='ocrx_word' id='word_1_1017' title='bbox 2123 5392 2189 5446; x_wconf 88' lang='lat' dir='ltr'><strong>ad</strong></span> <span class='ocrx_word' id='word_1_1018' title='bbox 2216 5389 2336 5447; x_wconf 82' lang='lat' dir='ltr'><strong>eam</strong></span> <span class='ocrx_word' id='word_1_1019' title='bbox 2370 5406 2439 5444; x_wconf 88' lang='lat' dir='ltr'><strong>xv</strong></span> <span class='ocrx_word' id='word_1_1020' title='bbox 2464 5389 2582 5445; x_wconf 85' lang='lat' dir='ltr'><strong>dies</strong></span> <span class='ocrx_word' id='word_1_1021' title='bbox 2615 5397 2959 5452; x_wconf 86' lang='lat' dir='ltr'><strong>accensetur,</strong></span> <span class='ocrx_word' id='word_1_1022' title='bbox 2991 5389 3063 5443; x_wconf 92' lang='lat' dir='ltr'><strong>ob</strong></span> <span class='ocrx_word' id='word_1_1023' title='bbox 3096 5403 3386 5442; x_wconf 88' lang='lat' dir='ltr'><strong>causarum</strong></span> <span class='ocrx_word' id='word_1_1024' title='bbox 3412 5402 3549 5440; x_wconf 59' lang='lat' dir='ltr'><strong>cona</strong></span> 
     </span>
    </p>
   </div>
   <div class='ocr_carea' id='block_1_139' title="bbox 1983 5456 3545 5531">
    <p class='ocr_par' dir='ltr' id='par_1_139' title="bbox 1983 5456 3545 5531">
     <span class='ocr_line' id='line_1_142' title="bbox 1983 5456 3545 5531; baseline -0.005 -15"><span class='ocrx_word' id='word_1_1025' title='bbox 1983 5478 2228 5526; x_wconf 85' lang='lat' dir='ltr'><strong>cursum,</strong></span> <span class='ocrx_word' id='word_1_1026' title='bbox 2279 5475 2400 5531; x_wconf 68' lang='lat' dir='ltr'><strong>quae</strong></span> <span class='ocrx_word' id='word_1_1027' title='bbox 2445 5460 2964 5531; x_wconf 73' lang='lat' dir='ltr'><strong>suntsolemnitatis</strong></span> <span class='ocrx_word' id='word_1_1028' title='bbox 3002 5460 3149 5513; x_wconf 87' lang='lat' dir='ltr'><strong>illius</strong></span> <span class='ocrx_word' id='word_1_1029' title='bbox 3186 5456 3545 5531; x_wconf 34' lang='grc' dir='ltr'>*συστατικαὴ</span> 
     </span>
    </p>
   </div>
   <div class='ocr_carea' id='block_1_140' title="bbox 2024 5527 3545 5599">
    <p class='ocr_par' dir='ltr' id='par_1_140' title="bbox 2024 5527 3545 5599">
     <span class='ocr_line' id='line_1_143' title="bbox 2024 5527 3545 5599; baseline -0.005 -13"><span class='ocrx_word' id='word_1_1030' title='bbox 2024 5527 2404 5588; x_wconf 64' lang='grc' dir='ltr'>ιτεεετιιιῐιόι)</span> <span class='ocrx_word' id='word_1_1031' title='bbox 2448 5529 2785 5583; x_wconf 89' lang='lat' dir='ltr'><strong>Dominicam</strong></span> <span class='ocrx_word' id='word_1_1032' title='bbox 2827 5530 2993 5595; x_wconf 92' lang='lat' dir='ltr'><strong>diem,</strong></span> <span class='ocrx_word' id='word_1_1033' title='bbox 3039 5544 3144 5599; x_wconf 91' lang='lat' dir='ltr'><strong>qua</strong></span> <span class='ocrx_word' id='word_1_1034' title='bbox 3175 5527 3545 5599; x_wconf 80' lang='lat' dir='ltr'><strong>Christianum</strong></span> 
     </span>
    </p>
   </div>
   <div class='ocr_carea' id='block_1_141' title="bbox 1983 5549 3548 5669">
    <p class='ocr_par' dir='ltr' id='par_1_141' title="bbox 1983 5549 3548 5669">
     <span class='ocr_line' id='line_1_144' title="bbox 2024 5549 3545 5599; baseline -0.005 -13"><span class='ocrx_word' id='word_1_1035' title='bbox 2024 5549 2286 5588; x_wconf 67' lang='lat' dir='ltr'><strong>mserum</strong></span> <span class='ocrx_word' id='word_1_1036' title='bbox 2332 5549 2404 5584; x_wconf 83' lang='grc' dir='ltr'><strong>οι)</strong></span> <span class='ocrx_word' id='word_1_1037' title='bbox 2448 5549 2785 5583; x_wconf 84' lang='lat' dir='ltr'><strong>uomuncam</strong></span> <span class='ocrx_word' id='word_1_1038' title='bbox 2827 5549 2993 5595; x_wconf 79' lang='lat' dir='ltr'><strong>diem,</strong></span> <span class='ocrx_word' id='word_1_1039' title='bbox 3039 5549 3144 5599; x_wconf 90' lang='lat' dir='ltr'><strong>qua</strong></span> <span class='ocrx_word' id='word_1_1040' title='bbox 3175 5549 3545 5582; x_wconf 73' lang='lat' dir='ltr'><strong>uirisuanuiu</strong></span> 
     </span>
     <span class='ocr_line' id='line_1_145' title="bbox 1983 5549 3548 5669; baseline -0.006 -14"><span class='ocrx_word' id='word_1_1041' title='bbox 1983 5549 2193 5657; x_wconf 63' lang='lat' dir='ltr'><strong>Bascha</strong></span> <span class='ocrx_word' id='word_1_1042' title='bbox 2221 5602 2546 5656; x_wconf 83' lang='lat' dir='ltr'><strong>celebratur.</strong></span> <span class='ocrx_word' id='word_1_1043' title='bbox 2594 5599 2691 5652; x_wconf 90' lang='lat' dir='ltr'><strong>Hic</strong></span> <span class='ocrx_word' id='word_1_1044' title='bbox 2731 5601 3022 5669; x_wconf 85' lang='grc' dir='ltr'><strong>ἑπίφαυσις</strong></span> <span class='ocrx_word' id='word_1_1045' title='bbox 3060 5594 3548 5669; x_wconf 79' lang='grc' dir='ltr'><strong>πεντεκαιδεκάτης</strong></span> 
     </span>
    </p>
   </div>
   <div class='ocr_carea' id='block_1_142' title="bbox 1981 5666 3544 5738">
    <p class='ocr_par' dir='ltr' id='par_1_142' title="bbox 1981 5666 3544 5738">
     <span class='ocr_line' id='line_1_146' title="bbox 1981 5666 3544 5738; baseline -0.005 -12"><span class='ocrx_word' id='word_1_1046' title='bbox 1981 5683 2066 5726; x_wconf 84' lang='grc' dir='ltr'><strong>εει</strong></span> <span class='ocrx_word' id='word_1_1047' title='bbox 2096 5689 2162 5726; x_wconf 88' lang='lat' dir='ltr'><strong>xv</strong></span> <span class='ocrx_word' id='word_1_1048' title='bbox 2195 5671 2332 5730; x_wconf 90' lang='lat' dir='ltr'><strong>dies.</strong></span> <span class='ocrx_word' id='word_1_1049' title='bbox 2380 5670 2495 5724; x_wconf 84' lang='lat' dir='ltr'><strong>sive</strong></span> <span class='ocrx_word' id='word_1_1050' title='bbox 2539 5669 2736 5723; x_wconf 89' lang='lat' dir='ltr'><strong>diurna</strong></span> <span class='ocrx_word' id='word_1_1051' title='bbox 2791 5666 2918 5723; x_wconf 83' lang='lat' dir='ltr'><strong>luna</strong></span> <span class='ocrx_word' id='word_1_1052' title='bbox 2970 5687 3057 5728; x_wconf 82' lang='lat' dir='ltr'><strong>xv.</strong></span> <span class='ocrx_word' id='word_1_1053' title='bbox 3092 5666 3544 5738; x_wconf 83' lang='lat' dir='ltr'><strong>quemadmodum</strong></span> 
     </span>
    </p>
   </div>
   <div class='ocr_carea' id='block_1_143' title="bbox 1981 5736 3546 5813">
    <p class='ocr_par' dir='ltr' id='par_1_143' title="bbox 1981 5736 3546 5813">
     <span class='ocr_line' id='line_1_147' title="bbox 1981 5736 3546 5813; baseline -0.001 -19"><span class='ocrx_word' id='word_1_1054' title='bbox 1981 5743 2143 5812; x_wconf 85' lang='lat' dir='ltr'><strong>paulo</strong></span> <span class='ocrx_word' id='word_1_1055' title='bbox 2191 5749 2312 5813; x_wconf 89' lang='lat' dir='ltr'><strong>post</strong></span> <span class='ocrx_word' id='word_1_1056' title='bbox 2359 5740 2744 5809; x_wconf 80' lang='grc' dir='ltr'><strong>ἑπιφώσκουσα</strong></span> <span class='ocrx_word' id='word_1_1057' title='bbox 2789 5736 3161 5813; x_wconf 68' lang='grc' dir='ltr'><strong>ἑκκαιδεκάτη</strong></span> <span class='ocrx_word' id='word_1_1058' title='bbox 3191 5738 3318 5813; x_wconf 80' lang='lat' dir='ltr'><strong>luna</strong></span> <span class='ocrx_word' id='word_1_1059' title='bbox 3349 5736 3546 5792; x_wconf 76' lang='lat' dir='ltr'><strong>diurna</strong></span> 
     </span>
    </p>
   </div>
   <div class='ocr_carea' id='block_1_144' title="bbox 1982 5809 3334 5881">
    <p class='ocr_par' dir='ltr' id='par_1_144' title="bbox 1982 5809 3334 5881">
     <span class='ocr_line' id='line_1_148' title="bbox 1982 5809 3334 5881; baseline -0.001 -14"><span class='ocrx_word' id='word_1_1060' title='bbox 1982 5809 2093 5877; x_wconf 72' lang='lat' dir='ltr'><strong>im,</strong></span> <span class='ocrx_word' id='word_1_1061' title='bbox 2123 5809 2277 5868; x_wconf 50' lang='lat' dir='ltr'><strong>ut—ex</strong></span> <span class='ocrx_word' id='word_1_1062' title='bbox 2307 5813 2685 5881; x_wconf 81' lang='lat' dir='ltr'><strong>superioribus</strong></span> <span class='ocrx_word' id='word_1_1063' title='bbox 2715 5814 3023 5866; x_wconf 87' lang='lat' dir='ltr'><strong>necessario</strong></span> <span class='ocrx_word' id='word_1_1064' title='bbox 3045 5809 3334 5880; x_wconf 77' lang='lat' dir='ltr'><strong>colligitur.</strong></span> 
     </span>
    </p>
   </div>
  </div>
