4134 6386
342 286 454 343 369

1015 285 1382 344 ADVERSUS
1420 286 1759 346 HERESES
1798 292 1924 348 LIB.

2024 296 2053 349 ι.
2082 295 2244 352 'I‘OM.
2285 295 2325 350 Ι.
2351 326 2419 336 -
2457 294 2724 352 ΗΕΒΕὸ.
2765 294 2929 351 LXX.

3497 296 3602 351 570

347 411 433 465 σὶν
459 404 604 457 ἐτεσι
637 403 745 475 μὴν
774 402 980 473 ἕτερος.
1012 403 1123 456 Καὶ
1152 404 1525 476 περιλείπεται
1552 407 1662 460 ἀπὸ
1684 407 1794 463 τῶν
1826 411 1924 462 ὲπ-

2030 421 2234 481 epactae
2282 428 2437 477 xvut,
2470 413 2616 468 hom
2648 428 2762 466 xxv.
2803 410 2943 467 Tum
2986 426 3084 466 vut
3119 426 3263 467 anno
3306 429 3359 467 xt
3408 430 3601 473 rursus

350 495 528 554 ακτῶν
577 495 780 565 ἡμέραι
823 490 902 559 ἓξ,
940 495 1034 546 καὶ
1070 489 1211 565 ὧραι
1237 502 1326 566 ιη’.
1370 497 1815 569 Προστιθεμένων
1869 501 1923 555 δὲ

344 586 549 646 τούτων
577 584 655 659 τῷ
690 584 901 656 ἑϐδόμῳ
926 583 1035 637 ἔτει
1060 588 1180 649 ταῖς
1213 592 1302 649 ια’,
1334 590 1452 650 ταῖς
1489 588 1598 641 ἀπὸ
1628 589 1721 642 τοῦ
1749 590 1921 656 ἔτους,

344 677 442 733 καὶ
475 677 645 748 ὥραις
671 677 841 748 τρισὶ,
872 676 1113 744 γίνονται
1146 679 1382 731 ὲπακταῖ
1419 677 1505 744 ιζ’,
1529 673 1667 754 ὧραι
1695 688 1800 739 κα’.
1833 682 1922 753 Τῷ

343 768 403 822 δὲ
441 768 609 840 ὀγδόῳ
640 767 753 821 ἔτει
780 767 1217 840 προστιθεμένων
1250 770 1411 825 πάλιν
1441 771 1549 827 τῶν
1585 780 1651 826 ια’
1674 774 1915 849 ἡμερῶν,

345 861 439 915 καὶ
463 860 620 931 ὡρῶν
648 866 717 929 γ’,
748 860 984 929 γίνονται
1016 863 1217 932 ἡμέραι
1247 869 1331 932 κη’
1368 864 1604 918 ὲπακταὶ
1648 866 1744 920 καὶ
1776 860 1916 938 ὧραι

349 951 446 1014 κδ’,
488 950 543 1004 αἳ
578 950 823 1006 ποιοῦσιν
870 952 1080 1023 ἡμέρας
1126 951 1189 1021 β’.
1245 953 1338 1007 Ἐκ
1381 952 1584 1009 τούτων
1627 955 1734 1009 τῶν
1760 956 1918 1028 ὡρῶν

347 1038 787 1109 προστιθεμένων
835 1041 956 1101 ταῖς
996 1039 1083 1110 κη’
1118 1041 1350 1113 ἡμέραις
1399 1042 1641 1111 γίνονται
1683 1046 1817 1117 ὁμοῦ
1851 1047 1915 1101 λ’.

347 1129 457 1188 Καὶ
489 1128 776 1200 συμϐαίνει
816 1129 958 1183 κατά
1000 1130 1091 1183 τὸν
1116 1130 1432 1204 δγδοονθθ)
1472 1135 1717 1189 ἐνιαυτὸν
1759 1138 1921 1207 ἐμϐο-

344 1218 660 1290 λιμεύεσθαι
691 1218 792 1283 τὰς
817 1218 862 1273 λ’
900 1218 1134 1292 ἡμέρας,
1180 1220 1274 1274 τὸν
1319 1221 1414 1275 ἕνα
1441 1224 1583 1295 μῆνα
1619 1228 1697 1290 εἰς
1734 1227 1800 1280 τὰ
1829 1226 1923 1279 δύο

345 1312 463 1383 ἐτη·
500 1310 595 1365 καὶ
630 1309 804 1376 οὕτως
851 1311 993 1364 κατά
1034 1311 1282 1380 περίοδον
1319 1313 1699 1387 ὀκταετηρίδος
1749 1317 1929 1387 ἐνενή-

345 1418 509 1456 κοντα
530 1401 752 1473 ἡμέραι,
779 1402 980 1465 αἵτινές
1000 1403 1104 1455 εἱσι
1128 1402 1489 1474 πληρέστατοι
1512 1405 1793 1476 ἐμϐόλιμοι
1826 1407 1931 1477 μῆ-

345 1511 437 1558 νες
482 1496 652 1571 τρεῖς,
707 1494 758 1546 οἳ
814 1493 1056 1563 γίνονται
1122 1494 1261 1547 κατά
1318 1495 1443 1568 τρία
1505 1495 1599 1568 ἐτη
1664 1496 1769 1567 μὴν
1825 1494 1927 1561 εἷς,

345 1586 442 1638 καὶ
488 1585 628 1638 κατά
686 1584 781 1638 δύο
834 1584 905 1638 τά
935 1584 1136 1657 ὕστερα
1173 1584 1271 1659 ἐτη
1309 1585 1416 1656 μὴν
1453 1582 1554 1650 εἷς.
1601 1588 1690 1640 Ἐν
1719 1587 1931 1652 τούτοις

2023 501 2241 570 diebus,
2289 503 2549 575 horisque
2592 502 2772 559 tribus
2803 501 3102 570 adjunctis,
3127 519 3227 560 vut
3280 511 3335 559 et
3381 521 3451 559 xx
3486 505 3601 562 die-

2019 608 2164 657 rum,
2196 603 2358 664 atque
2385 593 2643 648 horarum
2679 608 2805 648 xxxv
2835 603 3037 664 epacte
3058 595 3422 665 colliguntur;
3454 597 3601 653 hom

2017 684 2135 740 dies
2153 683 2451 740 coniiciunt
2468 684 2625 743 duos.
2650 684 2743 755 qui
2768 700 2937 738 xxvm
2969 686 3078 741 illis
3107 687 3470 751 annumerati,
3494 703 3598 742 xxx

2016 774 2133 829 dies
2164 774 2369 829 solidos
2398 775 2687 843 complent.
2722 774 2902 842 Quare
2934 793 3024 830 vm
3063 792 3207 832 anno
3241 793 3346 831 xxx
3373 777 3492 833 dies
3517 778 3599 832 in-

2014 865 2374 931 tercalantur;
2398 874 2452 920 et
2469 867 2741 921 biennium
2765 868 2907 925 istud
2934 883 3174 923 mensem
3202 869 3362 924 habet
3382 885 3552 924 unum
3581 885 3595 921 :

2015 956 2256 1027 adeoque
2318 965 2429 1010 tota
2485 957 2574 1010 illa
2628 958 2881 1028 periodus
2938 961 3262 1014 octaeterica
3327 960 3444 1015 dies
3492 959 3597 1015 sibi

2017 1047 2257 1102 vindicat
2286 1062 2375 1113 xc,
2418 1050 2511 1119 qui
2554 1064 2774 1109 menses
2820 1051 3024 1105 solidos
3058 1049 3296 1107 efﬁciunt
3328 1068 3408 1115 ιιι,
3439 1051 3599 1106 nimi-

2018 1155 2137 1193 rum
2151 1140 2342 1210 primis
2367 1140 2579 1195 duobus
2604 1141 2854 1197 trienniis
2869 1141 3098 1212 singulis
3128 1157 3368 1197 mensem
3401 1157 3592 1208 unum,

2021 1231 2240 1286 biennio
2288 1230 2473 1286 itidem
2548 1242 2811 1300 sequente
2859 1248 3098 1289 mensem
3156 1249 3348 1287 unum.
3394 1231 3455 1287 In
3502 1232 3590 1289 his

2023 1321 2202 1377 tribus
2246 1321 2662 1377 intercalaribus
2710 1323 3031 1388 mensibus,
3088 1324 3180 1393 qui
3229 1324 3433 1393 triplici
3492 1323 3588 1379 illa

2021 1411 2228 1466 dierum
2263 1413 2584 1469 collectione
2636 1422 2924 1481 constant,
2977 1413 3289 1470 Iudaeorum
3343 1413 3591 1479 Pascha,

2026 1520 2054 1556 a
2105 1504 2543 1560 Christianorum
2616 1516 3050 1577 ca‘lerorumque
3099 1505 3368 1564 Paschate
3410 1506 3595 1561 diver-

2028 1612 2147 1650 sum
2191 1605 2294 1653 est.

348 1622 442 1638 ......
491 1622 628 1638 πα...
686 1622 781 1638 νυν
844 1622 905 1638 ..ι
937 1622 1136 1657 ..ν-ειη.
1173 1622 1252 1638 ς...
1309 1622 1414 1656 μιν
1453 1622 1554 1650 εις.
1618 1622 1689 1640 ω
1729 1622 1928 1652 uno“,
2028 1622 2147 1650 sum
2191 1622 2294 1653 εει,
3550 1644 3555 1649 .

343 1679 457 1740 τοῖς
491 1675 665 1747 τρισὶν
701 1675 1015 1747 ὲμϐολίμοις
1066 1677 1179 1749 (27)
1236 1622 1345 1731 Ιἐῶν
1390 1677 1556 1750 τριῶν
1609 1680 1920 1735 συστάσεων
1957 1683 2215 1759 διαφωνεῖ
2247 1693 2307 1747 τὸ
2362 1694 2554 1765 Πάσχα
2599 1690 2747 1761 ποιρά
2784 1622 3157 1755 ἸουδαίοιςἏ
3211 1690 3306 1744 καὶ
3339 1692 3598 1761 Χριστια..

344 1771 477 1832 νοῖς,
502 1768 597 1822 κα)⁵
623 1770 736 1830 τοῖς
761 1765 961 1831 ἀλλοις.

416 1861 534 1919 ιΔ’.
571 1858 660 1910 Ἐν
681 1858 891 1922 τούτοις
918 1857 1232 1931 ήδιαλλαγὴ
1261 1860 1414 1930 παρά
1452 1863 1565 1924 τοῖς
1594 1863 1924 1935 προειρημέ-

2099 1866 2241 1923 XIV.
2262 1868 2386 1924 Haec
2406 1879 2534 1925 sunt
2563 1869 2833 1943 inquibus
2853 1867 3088 1923 Audiani
3115 1869 3185 1923 ab
3215 1867 3457 1925 Ecclesia
3486 1870 3600 1927 dis-

345 1964 459 2011 νοις
500 1947 779 2012 Αύδιανοῖς
835 1947 1097 2017 γίγνεται·
1131 1949 1224 2002 καὶ
1280 1948 1553 2002 πλανῶσιν
1597 1950 1797 2022 ἄνδρας
1830 1952 1925 2006 καὶ

324 2041 631 2107 γυναῖκας,
667 2040 725 2091 ὲν
744 2038 918 2109 τούτῳ
950 2038 1028 2111 τῷ
1059 2039 1217 2112 μέρει
1246 2041 1635 2112 σεμνυνόμενοι
1656 2043 1797 2098 κατὰ
1828 2045 1926 2115 τὴν

347 2130 646 2201 παράδοσιν
668 2130 769 2200 τῆς
800 2132 1051 2201 ἀπαρχῆς
1080 2132 1523 2205 ἐπιτελουμένην,
1551 2134 1644 2187 καὶ
1672 2135 1812 2189 κατὰ
1830 2135 1927 2207 τὴν

343 2222 584 2290 διάταξιν
603 2223 712 2277 τῶν
736 2224 1067 2289 ἀποστόλων,
1096 2223 1363 2296 μηδεμιᾶς
1393 2226 1678 2299 ἀκριϐείας
1705 2228 1724 2258 ⁸
1756 2244 1926 2300 προσ-

347 2314 582 2384 έχοντες,
614 2314 748 2385 μηδὲ
786 2315 1137 2386 ἐπιστάμενοι
1177 2317 1238 2371 τὸ
1274 2319 1443 2388 σαφὲς
1470 2320 1568 2391 τῆς
1610 2320 1668 2373 ὲν
1688 2320 1927 2385 διατάξει

345 2408 456 2460 τῶν
482 2408 792 2461 ἀποστόλων
823 2409 1159 2479 ἐπιμελείας,
1193 2406 1262 2483 ἦς
1295 2413 1638 2483 ἐποιήσαντο,
1664 2413 1724 2466 ού
1754 2412 1841 2466 διὰ
1866 2414 1927 2467 τὸ

346 2499 562 2563 πάντως
596 2498 750 2568 ἄγειν
781 2500 906 2563 τοὺς
952 2501 1236 2566 Ἰουδαίους
1281 2504 1420 2574 μετά
1450 2504 1758 2575 ἀκριϐείας,
1793 2505 1927 2560 ἀλλά

342 2589 432 2643 διὰ
482 2589 542 2643 τὸ
587 2591 837 2662 ἐκτεμεῖν
883 2590 980 2663 τὴν
1037 2593 1369 2661 φιλονεικίαν
1422 2594 1531 2647 τῶν
1589 2594 1926 2667 βουλομένων

345 2681 468 2735 καθ’
507 2684 734 2744 ἑαυτοὺς
770 2682 997 2737 ἕκαστον
1036 2685 1322 2749 ἐπιτελεῖν,
1360 2688 1454 2741 καὶ
1482 2688 1557 2761 μὴ
1591 2689 1648 2741 ὲν
1681 2690 1920 2759 ὁμονοία.

347 2774 446 2825 Ἒν
481 2772 589 2844 γὰρ
621 2773 810 2843 Πάσχα
832 2774 1068 2846 Χριστὸς
1114 2776 1381 2847 βούλεται,
1414 2778 1691 2833 καὶτοῦτο
1716 2780 1925 2848 λογίζε-

341 2881 452 2930 ται,
484 2865 580 2918 κα)⁵
625 2865 978 2937 προσδέχεται
1018 2868 1108 2922 τὸν
1154 2869 1511 2939 ἀφιλονείκως
1549 2870 1923 2938 ἐπιτελοῦντα,

348 2956 530 3029 μέντοι
557 2973 623 3025 γε
658 2956 797 3028 μετά
858 2956 966 3011 τῶν
998 2958 1137 3029 μετά
1169 2960 1454 3031 ἀκριϐείας
1486 2962 1798 3029 ποιούντων,
1830 2981 1925 3034 με·

342 3048 414 3102 τὰ
460 3048 639 3118 πάσης
681 3047 782 3118 τῆς
824 3048 984 3121 ἁγίας
1035 3049 1379 3121 Ἐκκλησίας,
1403 3053 1500 3124 τῆς
1530 3054 1671 3107 κατά
1701 3055 1925 3119 πολλοὺς

343 3140 581 3211 τρόπους
611 3138 709 3211 τὴν
751 3141 945 3211 ἑορτὴν
971 3140 1232 3213 ἀγούσης.
1262 3143 1374 3196 Καὶ
1410 3147 1457 3196 εί
1500 3145 1601 3214 μὲν
1631 3145 1739 3199 ἀπὸ
1772 3147 1925 3200 Κων-

2027 1961 2307 2023 sentiunt;
2352 1977 2511 2031 quem
2558 1961 2612 2015 in
2642 1976 2884 2016 errorem
2916 1961 3064 2015 viros
3093 1960 3320 2030 perinde
3374 1975 3441 2016 ac
3480 1978 3598 2016 mu-

2027 2049 2190 2105 lieres
2217 2052 2504 2115 inducunt,
2538 2053 2665 2106 dum
2704 2051 2805 2107 hac
2834 2052 2887 2105 in
2923 2058 3078 2121 parte
3102 2051 3407 2120 gloriantur
3430 2056 3597 2108 veteri

2026 2155 2087 2196 se
2112 2141 2390 2197 traditioni
2427 2153 2480 2197 et
2502 2144 2874 2213 apostolorum
2892 2141 3133 2198 decretis
3164 2143 3597 2210 iusistere;cum

2026 2232 2243 2288 interim
2276 2234 2411 2291 nihil
2441 2235 2543 2290 hoc
2566 2234 2622 2289 in
2655 2234 2873 2304 negotio
2905 2233 3228 2303 castigatum
3252 2244 3596 2291 accuratum-

2026 2342 2132 2398 que
2153 2334 2394 2391 teneant,
2427 2342 2528 2381 nec
2555 2327 2799 2382 sedulam
2825 2328 2972 2382 illam
3012 2329 3383 2400 apostolorum
3407 2330 3463 2384 in
3498 2330 3600 2388 hac

2026 2419 2419 2475 constitutione
2451 2420 2786 2491 diligentiam
2828 2420 3151 2491 intelligant,
3188 2436 3352 2491 quam
3377 2438 3442 2477 eo
3468 2439 3596 2478 con-

2026 2511 2146 2566 silio
2198 2511 2556 2566 adhibendam
2600 2511 2677 2564 illi
2737 2518 3018 2580 putarunt,
3067 2528 3177 2566 non
3224 2514 3368 2584 quod
3423 2513 3599 2570 Judaei

2027 2599 2227 2667 optime
2258 2613 2322 2653 ac
2358 2598 2477 2654 sine
2510 2614 2697 2654 errore
2729 2600 2783 2654 in
2830 2601 2921 2655 illa
2974 2601 3292 2658 celebritate
3312 2619 3598 2660 versaren-

2025 2697 2148 2755 tur;
2195 2689 2290 2744 scd
2349 2698 2410 2744 ut
2460 2682 2649 2745 eorum
2688 2692 3042 2761 pertinaciam
3076 2695 3449 2761 excluderent,
3481 2698 3596 2768 qui,

2025 2779 2301 2834 comnmni
2320 2780 2687 2834 consensione
2716 2789 2919 2850 spreta,
2950 2796 3062 2835 suae
3079 2783 3312 2852 quisque
3335 2782 3599 2836 voluntati

2025 2882 2088 2920 ac
2137 2868 2519 2923 consuetudini
2561 2869 2766 2924 servire
2827 2870 3069 2925 mallent.
3091 2869 3297 2925 Etenim
3346 2871 3599 2931 Christus

2024 2950 2192 3015 unum
2223 2960 2428 3041 Pascha
2455 2962 2524 3017 ab
2558 2961 2816 3019 omnibus
2846 2962 3127 3018 observari
3161 2966 3407 3035 cupiens,
3435 2966 3600 3036 hujus

2025 3052 2188 3107 unius
2206 3052 2473 3107 rationem
2499 3053 2651 3107 ducit
2688 3073 2700 3108 :
2759 3064 2815 3110 et
2843 3069 2963 3108 eum
2989 3054 3274 3127 approbat,
3301 3057 3416 3125 qui,
3449 3059 3598 3111 omni

2026 3143 2375 3197 contentione
2406 3143 2603 3212 posita,
2651 3158 2774 3197 cum
2828 3144 2896 3199 iis
2928 3144 3188 3208 celebrat,
3221 3147 3312 3215 qui
3362 3146 3598 3200 certissi-

346 3230 624 3284 παντίνου
651 3228 873 3301 ἐσχίσθη
916 3230 977 3282 τὸ
1015 3231 1229 3303 Πάσχα,
1263 3234 1490 3286 πιθανὸν
1523 3229 1592 3306 ἦν
1633 3237 1745 3299 τοῖς
1772 3234 1924 3289 τοῦτο

2028 3248 2170 3289 mam
2200 3236 2347 3290 illius
2373 3236 2639 3293 rationem
2674 3237 2880 3305 ineunt,
2910 3237 3013 3292 hoc
3046 3249 3130 3292 est
3172 3253 3295 3291 cum
3350 3237 3596 3294 Ecclesia

346 3320 787 3390 συκοφαντοῦσιν·
817 3321 1086 3393 ἐπειδὴδὲ
1125 3324 1233 3395 πρὸ
1278 3324 1373 3377 τοῦ
1406 3326 1815 3380 Κωνσταντίνου
1857 3327 1924 3381 τά

346 3413 619 3486 σχίσματα
645 3408 737 3484 ἦν,
766 3413 861 3466 καὶ
878 3408 947 3484 ἦν
972 3414 1160 3485 χλεύη,
1195 3416 1460 3487 Ἑλλήνων
1500 3416 1786 3486 λεγόντων,
1827 3419 1922 3472 καὶ

419 3573 436 3604 ¹
458 3571 585 3627 Cor.
625 3573 865 3645 μηδεμιᾷ
894 3572 1167 3646 ἀκριϐείᾳ.

419 3689 528 3758 (‘26)
566 3688 677 3742 Καὶ
735 3689 1049 3757 συμϐαίνει
1099 3685 1251 3758 κατὰ
1306 3685 1416 3742 τόν
1465 3684 1697 3757 ὄγδοον.
1756 3685 1919 3758 Deest

342 3756 666 3818 octaeteridi
710 3756 1011 3812 secundum
1070 3756 1278 3812 medios
1327 3756 1515 3811 motus
1560 3758 1625 3811 ad
1682 3757 1917 3818 solidum

345 3844 590 3884 mensem
639 3827 1015 3896 romplcndum
1075 3826 1301 3882 biduum
1352 3824 1487 3880 fere.
1529 3825 1661 3881 Nam
1716 3836 1921 3896 epactae

346 3900 475 3954 anni
508 3898 686 3952 octavi
710 3906 840 3952 sunt
858 3912 1050 3957 xxvru,
1097 3896 1395 3951 octaeteris
1427 3896 1635 3951 lunaris
1666 3904 1919 3951 accurata

346 3968 562 4023 dierum
597 3977 679 4022 est
702 3966 866 4031 2925,
899 3968 988 4030 Η,
1024 3968 1126 4029 δι’,
1157 3968 1259 4021 hoc
1287 3974 1370 4021 est
1398 3966 1653 4019 horarum
1685 3966 1796 4020 fere
1819 3982 1918 4031 xu,

344 4046 410 4093 ut
436 4040 512 4091 ait
533 4037 815 4092 Geminus.
842 4035 1027 4107 Itaque
1048 4038 1228 4091 minor
1250 4046 1351 4107 est
1364 4037 1669 4107 octaeteris
1693 4035 1922 4107 Epipha-

345 4109 424 4163 nii
459 4108 633 4167 lunari
676 4104 1010 4169 octaeteride
1038 4106 1335 4175 sesquidie.
1363 4104 1431 4157 Et
1457 4104 1919 4175 tamenpraacipi-

347 4187 498 4232 tatur
522 4177 903 4249 embolismus,
936 4177 1081 4249 quod
1110 4174 1395 4249 minimum
1431 4176 1580 4249 absit
1608 4174 1676 4229 ab
1712 4174 1922 4249 integra

349 4248 590 4319 syzygia.
621 4246 778 4319 Quod
808 4246 968 4301 etiam
1002 4248 1056 4319 in
1104 4246 1619 4319 enneadecaeteride
1650 4246 1919 4319 servatur.

399 4313 876 4371 am'embolismus
916 4316 1109 4372 tertius
1143 4317 1213 4370 ab
1249 4313 1635 4375 Alexandrinis
1681 4322 1733 4370 et
1768 4313 1920 4368 Lati-

347 4389 439 4456 nis
464 4395 520 4442 et
549 4388 603 4440 in
629 4386 777 4440 omni
808 4387 945 4442 adeo
972 4386 1148 4456 cyclo,
1186 4392 1552 4456 octavoanno
1595 4384 1918 4456 collocatur.

348 4436 1032 4526 6.7.5.01"sanam;
1048 4436 1216 4511 ἱὸίιό
1233 4436 1765 4510 ἷὲιέὶίὲὄὶιὶνᾶἑῖιιὶιὶ
1779 4436 1917 4526 ἧῐιὶς
1954 4436 1995 4490 D

349 4526 630 4580 thematici
654 4524 874 4595 quidam
904 4524 1259 4581 eruditissimi
1290 4539 1355 4577 ac
1379 4532 1759 4594 computorum
1786 4525 1925 4578 scri-

907 4594 1064 4661 Quod
1097 4596 1361 4651 adversus
1394 4596 1517 4651 illos
1553 4595 1790 4649 breviter
1822 4595 1926 4651 hoc

1174 4662 1333 4733 (Vide
1368 4664 1819 4721 Dissertationem
1849 4662 1927 4718 De

348 4735 551 4803 duplici
588 4736 815 4806 cycloiet
850 4734 1544 4806 embolismorum_ratione,
1584 4734 1747 4803 hujus
1801 4736 1927 4806 edi-

347 4802 527 4886 tionis
554 4802 686 4886 tofo.
729 4805 816 4886 ιιι,
849 4805 904 4858 in
940 4805 1256 4886 Appendice
1285 4802 1762 4886 Dissertationum:
1801 4802 1926 4886 En.)

420 4874 535 4956 (2])
570 4875 667 4927 Ἐν
690 4877 922 4956 τούτοις
950 4873 1076 4956 τοῖς
1106 4874 1304 4943 τρισίν
1332 4875 1690 4956 ὲμξοᾷίμοις.
1715 4873 1797 4956 Ιξζθ
1820 4873 1924 4927 hoc

345 4942 571 5017 quidem
598 4960 806 5005 verum,
829 4953 923 5000 aut
944 4942 1371 5017 satisa’ccurate
1392 4942 1601 5017 dictum
1630 4961 1640 4997 :
1671 4962 1689 4995 ι
1711 4942 1926 5017 dissen-

348 5011 564 5071 sionem
610 5028 849 5078 omnem,
887 5030 1012 5084 qua:
1041 5014 1384 5071 Christianos
1434 5014 1575 5067 inter
1607 5027 1674 5068 ac
1706 5011 1925 5084 lydams

349 5093 405 5139 et
437 5092 662 5139 caeteros
703 5082 1109 5150 intercesserat,
1145 5085 1247 5137 hoc
1285 5093 1370 5138 est
1409 5083 1697 5138 haereticos
1725 5082 1926 5138 Tessa-

350 5153 810 5215 rescacdecatitas,
858 5165 951 5209 aut
999 5154 1091 5223 qui
1133 5155 1187 5207 in
1224 5153 1385 5223 primi
1418 5152 1624 5223 mensis
1650 5155 1858 5223 epocha
1893 5168 1924 5207 a

348 5224 572 5279 Nicano
614 5238 825 5278 canone
871 5221 1247 5284 discedebant,
1276 5224 1465 5293 qualos
1492 5221 1670 5277 Latini
1691 5231 1745 5278 et
1766 5221 1925 5293 Occi-

349 5295 601 5367 dentales
630 5294 1080 5367 pleriqueatque
1100 5290 1366 5367 inprimis
1392 5290 1540 5367 Sc_oti
1576 5293 1815 5367 fueru_ut,
1838 5360 1850 5367 _
1868 5292 1924 5346 in

352 5364 530 5418 tribus
579 5360 930 5419 octaetc'ridis
977 5360 1285 5421 etiibolimis
1314 5363 1635 5417 consistere.
1667 5380 1683 5411 ι
1717 5360 1923 5430 Duplex

350 5433 497 5501 apud
527 5432 872 5501 Christianos
900 5432 1184 5488 Paschatis
1224 5433 1539 5501 depravatio
1573 5431 1674 5484 l'uit
1704 5450 1718 5485 :
1755 5434 1924 5485 altera

352 5499 517 5571 plane
556 5499 785 5557 Judaica
842 5511 897 5557 et
944 5499 1311 5558 Asiaticorum
1361 5503 1490 5555 olim
1533 5501 1777 5571 propria,
1829 5502 1922 5571 qui

354 5586 449 5644 xiv
471 5573 619 5644 luna,
642 5587 1025 5644 quamcunque
1055 5573 1109 5626 in
1137 5572 1341 5644 feriam
1359 5572 1685 5644 incurreret,
1714 5572 1924 5626 Pascha

352 5641 739 5712 celebrabant;
773 5641 973 5706 altera,
1009 5658 1132 5712 qua:
1170 5642 1224 5696 in
1263 5641 1663 5712 primi‘mensis
1701 5655 1925 5712 neome-

354 5711 447 5765 nia
480 5718 670 5766 contra
699 5725 964 5769 canoucm
995 5709 1383 5778 committeret,
1414 5709 1545 5765 dum
1581 5712 1726 5764 illam
1758 5711 1921 5766 citius

391 4605 538 4650 tores
589 4604 865 4649 asserunt.

370 4681 476 4720 oco
505 4665 990 4721 demonstrandum
1022 4672 1128 4719 est.

2034 3327 2324 3392 catholica,
2352 3341 2473 3398 qua:
2491 3327 2656 3382 variis
2683 3326 2859 3381 modis
2890 3326 3086 3383 festum
3105 3327 3236 3381 illud
3255 3325 3594 3383 indicitJam

2027 3434 2157 3474 vero
2211 3419 2257 3474 si
2314 3434 2346 3473 a
2375 3418 2718 3475 Constantini
2767 3419 3102 3488 temporibus
3144 3421 3317 3490 prima
3355 3421 3595 3474 omnium

2024 3683 2397 3755 anteverlehat
2428 3702 2440 3738 :
2467 3683 2605 3755 adeo
2634 3691 2693 3737 ut
2726 3699 2817 3755 xlv
2857 3685 2984 3738 luna
3022 3686 3408 3755 aequinoctium
3455 3701 3595 3754 prae-

2023 3757 2260 3810 cederet.
2287 3754 2990 3825 ριιοιιιδιαστροφήνᾷιιοιό
3013 3754 3201 3811 errore
3222 3755 3595 3814 cumulabaut.

2026 3834 2086 3880 ut
2121 3826 2175 3879 in
2209 3823 2442 3896 termino
2470 3822 2613 3896 ipso,
2649 3822 2696 3889 si
2720 3822 2790 3896 _in
2823 3823 3159 3896 Dominicam
3200 3826 3485 3896 incideret.
3509 3842 3597 3880 ce-

2027 3896 2277 3950 lebritate
2306 3891 2683 3963 fungerentur.
2719 3892 3058 3951 Posteriores
3090 3897 3342 3963 isti,cum
3375 3895 3595 3949 decem-

2026 3964 2317 4019 novennali
2356 3962 2533 4033 cyclo.
2582 3962 2913 4033 Iudaeorum
2948 3963 3143 4028 instar,
3188 3962 3498 4029 uterentur,
3541 3966 3595 4019 in

2025 4034 2238 4090 duobus
2271 4032 2536 4087 duntaxat
2582 4034 2740 4088 annis
2793 4034 2863 4088 ab
2891 4032 3276 4092 Alexandrinis
3302 4043 3357 4089 et
3380 4034 3595 4090 Nicaum

2028 4104 2312 4165 sanctione
2345 4103 2707 4175 dissidebant,
2740 4104 2894 4175 cyelo
2922 4105 3182 4175 nimirum
3224 4119 3316 4159 vm
3361 4119 3423 4159 ac
3465 4121 3592 4170 xix;

2028 4192 2153 4229 nam
2185 4173 2363 4243 lunari
2402 4174 2578 4243 cyclo,
2627 4189 2738 4228 non
2768 4173 2964 4243 aureis
3003 4175 3240 4230 numeris
3279 4175 3591 4229 utebantur.

2027 4244 2217 4314 Itaque
2249 4242 2623 4314 tribus’cyclis
2650 4244 2720 4314 ab
2749 4242 3133 4314 Alexandrinis
3165 4245 3545 4313 discrepabant
3574 4264 3588 4299 :

2027 4322 2107 4377 ut,
2129 4312 2365 4382 exempli
2390 4312 2580 4372 causa.
2598 4312 2967 4383 Alexandrino
2992 4329 3220 4370 numero
3242 4330 3282 4374 ι.
3297 4312 3595 4383 responde-

2026 4384 2119 4438 bat
2160 4384 2388 4443 aliorum
2433 4398 2562 4441 xvn.
2595 4382 2725 4439 Item
2768 4382 3260 4443 Alexandrinorum
3306 4382 3419 4449 vui,
3457 4384 3593 4439 isto-

2024 4469 2144 4507 rqu
2175 4469 2229 4519 ν,
2254 4453 2466 4507 decimo
2488 4468 2634 4507 nouo
2664 4452 3451 4519 Alexandrinorum,Iudaicus
3480 4470 3589 4509 xvi.

2027 4523 2264 4593 Indeque
2292 4537 2415 4576 cum
2457 4523 2808 4577 Alexandrini
2849 4539 2993 4578 anno
3024 4525 3161 4594 eycli
3191 4524 3589 4578 decemnoven-

2026 4594 2169 4648 nalis
2217 4600 2435 4657 octavo,
2482 4593 2570 4646 cui
2617 4607 2879 4648 numerus
2916 4593 3116 4650 aureus
3145 4609 3220 4649 vn
3252 4595 3320 4649 ad
3349 4593 3589 4663 Aprilem

2027 4678 2203 4733 usque
2230 4664 2507 4733 convenit,
2544 4677 2784 4725 mensem
2838 4664 3217 4727 intercalarem
3271 4671 3591 4728 attexerent,

2026 4729 2259 4803 qui'arvr
2307 4729 2483 4803 Martii
2513 4746 2744 4803 exorsus
2784 4733 2841 4795 in
2880 4733 3082 4803 Aprilis
3122 4751 3175 4788 tv
3203 4734 3498 4798 desineret,
3529 4750 3592 4786 ac

2026 4801 2311 4873 postridie,
2331 4802 2434 4873 hoc
2461 4809 2547 4873 est
2579 4801 2782 4872 Aprilis
2810 4820 2863 4865 v,
2896 4801 3097 4858 aimum
3132 4818 3339 4859 nonum
3372 4803 3592 4856 inchoa-

2027 4869 2169 4934 rent,
2199 4869 2603 4925 Juulaizantium
2628 4869 2803 4927 Tactio
2845 4888 2945 4942 pro
2976 4873 3316 4929 embolimaso
3341 4887 3590 4929 commu-

2028 4958 2149 4997 nem
2180 4957 2452 5012 usurpans
2490 4956 2722 5012 annum1
2750 4943 2982 5009 primum
3023 4958 3263 5012 mensem
3303 4942 3591 5001 inchoabat

2028 5013 2205 5071 Martii
2236 5028 2287 5066 γι
2306 5009 2335 5076 ξ
2361 5013 2520 5080 cujus
2551 5026 2663 5073 xlv,
2694 5009 2974 5072 Paschalis
2994 5010 3173 5071 Martii
3203 5028 3290 5067 χιχ
3320 5019 3593 5081 compete-

2026 5083 2141 5152 bat.
2178 5080 2320 5152 Idem
2352 5096 2498 5136 anno
2529 5096 2622 5152 xix
2650 5082 3018 5152 contingebat.
3044 5098 3207 5152 quem
3237 5080 3588 5152 Alexandrini

2027 5151 2202 5221 pridie
2228 5150 2368 5205 Non.
2396 5152 2528 5221 Apr.
2555 5149 2883 5205 inchoabant
2906 5169 2922 5215 ;
2946 5152 3041 5206 alii
3062 5149 3133 5206 ιιι
3167 5150 3302 5205 Non.
3334 5149 3586 5212 Martias;

2026 5220 2153 5275 nam
2186 5220 2541 5279 Alexandrini
2583 5236 2674 5277 xix
2715 5236 2939 5286 ammm,
2975 5222 3065 5276 cui
3099 5236 3360 5280 numerus
3390 5235 3591 5279 aureus

2026 5306 2159 5345 xvtu
2204 5291 2515 5359 respondet,
2546 5290 2944 5348 embolum-aaqu
2977 5292 3400 5350 constituebant,
3430 5291 3592 5358 eique

2027 5376 2266 5415 luensem
2291 5363 2441 5414 illum
2463 5359 2811 5428 arrogahant,
2828 5376 2858 5415 a
2881 5376 2988 5430 quo
3012 5360 3181 5415 Judasi
3202 5374 3409 5430 annum
3426 5375 3586 5421 suum

2025 5445 2091 5483 ac
2134 5432 2366 5498 primum
2417 5445 2655 5484 mensem
2701 5429 3143 5499 auspicabantur.
3197 5429 3272 5485 De
3306 5444 3413 5498 qua
3445 5444 3505 5499 re
3535 5437 3589 5481 et

2024 5513 2182 5575 amca
2213 5500 2573 5575 disseruimus
2621 5507 2673 5553 ct
2717 5498 3065 5575 age’turalibi
3105 5499 3399 5575 copiosius.
3436 5498 3584 5575 Quo-

2025 5572 2170 5622 circa
2199 5586 2307 5623 uon
2336 5570 2390 5623 in
2433 5570 2606 5624 tribus
2645 5568 2992 5625 octa’etcridis
3029 5568 3378 5624 embolimzcis
3403 5568 3581 5627 au'uis,

2026 5641 2120 5693 sed
2152 5642 2205 5693 iu
2242 5654 2352 5694 uno
2390 5640 2564 5693 solum
2607 5636 2777 5694 Judaei
2825 5646 2879 5693 et
2925 5639 3168 5696 haeretici
3212 5654 3240 5694 a
3283 5638 3591 5695 Catholici:

2026 5711 2423 5780 discrcpabaut,
2454 5710 2555 5765 hoc
2578 5717 2660 5764 est
2692 5708 2745 5763 in
2780 5718 2994 5767 octavo.
