4134 6386
505 271 600 329 571

1910 273 1968 330 S.
2013 273 2357 331 EPlPllANll

3679 255 3786 314 372

505 392 573 445 de
639 387 942 444 istiusmodi
988 387 1302 443 celebritate
1347 387 1574 444 conllata
1616 390 1795 446 forent
1829 392 2082 459 dissidia,

2211 393 2571 466 χλευαζόντων
2629 387 2726 461 τὴν
2773 389 2830 440 ὲν
2881 387 2948 456 τῇ
2993 376 3287 460 Ἐκκλησία
3324 375 3644 446 διαφωνίαν.
3694 376 3784 429 ἐπὶ

510 483 808 538 nonnullus
858 483 1089 537 istorum
1137 482 1422 537 calumniae
1461 482 1616 539 locus
1645 500 1769 540 esse
1793 485 2094 544 videretur.

511 575 618 631 Sed
672 592 796 632 cum
859 583 984 629 ante
1025 575 1442 629 Constantinum
1491 577 1678 631 eadem
1724 578 1814 632 illa
1865 579 2097 632 divortia

510 667 778 739 vigerent,
832 673 886 720 et
932 663 1161 737 gentiles
1202 672 1405 720 tantam
1462 667 1719 724 Ecclesia:
1765 671 2096 725 discordiam

514 777 622 815 non
689 762 806 817 sine
865 761 1103 815 ludibrio
1160 761 1320 815 nobis
1371 761 1810 830 exprobrarent;
1875 765 2093 817 tandem

512 867 644 907 vero
693 852 796 907 sub
858 852 1186 920 imperatore
1238 849 1600 907 Constantino
1647 850 2094 923 conSpirantibus

515 945 785 1014 episcopis
840 943 1131 998 dissidium
1188 942 1318 996 illud
1372 944 1714 1014 pacilicatum
1769 952 1822 999 et
1852 942 1920 997 ad
1965 958 2097 998 con-

519 1035 760 1090 cordiam
799 1035 1078 1091 redactum
1112 1033 1313 1090 fuerit:
1347 1035 1476 1106 quid
1512 1036 1728 1091 tandem
1765 1036 1977 1098 utilius,
2004 1041 2098 1088 aut

515 1128 814 1198 jucundius
877 1136 982 1192 est,
1033 1141 1195 1197 quam
1261 1127 1330 1181 ab
1385 1127 1645 1182 extremis
1695 1134 1854 1182 terrae
1897 1126 2098 1180 ﬁnibus

517 1220 860 1274 Christianos
884 1234 1076 1272 oumes
1102 1216 1332 1287 populos
1383 1217 1436 1270 in
1491 1216 1753 1270 honorem
1824 1214 1916 1269 Dei
1975 1213 2099 1268 festi

519 1311 667 1366 illius
693 1311 1010 1365 celebritate
1041 1309 1286 1380 defungi,
1321 1323 1384 1362 ac
1419 1308 1696 1362 communi
1732 1307 2099 1362 consensione

518 1401 736 1472 vigilias
776 1399 974 1454 obire?
1010 1399 1268 1461 Eosdem,
1314 1399 1558 1469 inquam,
1605 1408 1658 1452 et
1710 1401 1950 1468 atquales
1981 1397 2101 1451 dies

2197 484 2611 541 Κωνσταντίνου
2659 481 2715 533 δὲ
2752 478 2840 532 διὰ
2885 478 2984 546 τῆς
3027 475 3138 527 τῶν
3198 470 3512 525 ἐπισκόπων
3551 467 3785 538 σπουδῆς

2202 576 2486 650 συνηνὼθη
2536 573 2734 646 μᾶλλον
2787 571 2848 623 τὸ
2897 569 3101 640 σχίσμα
3142 567 3220 628 εἰς
3264 564 3392 635 μίαν
3428 562 3698 632 ὁμόνοιανο
3731 558 3784 612 τί

2197 668 2290 726 οὖν
2315 670 2503 724 τούτου
2522 667 2638 722 ἐστὶ
2656 662 3109 737 προυργιαίτερον
3126 659 3218 712 καὶ
3236 654 3591 727 χαριέστατον
3608 653 3620 682 ¹
3635 693 3647 709 ,
3679 651 3787 704 ἀπὸ

2198 766 2302 835 γῆς
2343 761 2592 834 περάτων
2630 760 2686 810 ἐν
2728 756 2831 828 μιᾷ
2861 753 3044 824 ἡμέρᾳ
3087 747 3452 803 ἀπαλλάττειν
3493 741 3619 796 λαὸν
3645 739 3784 810 Θεῷ,

2203 833 2513 926 συμφωνεῖν
2539 868 2597 904 τε
2637 849 2733 903 καὶ
2760 847 3080 918 ἀγρυπνεῖν,
3112 842 3207 895 καὶ
3235 840 3333 902 τὰς
3363 835 3534 899 αὐτὰς
3573 833 3788 926 ἡμέρας

2203 922 2325 1005 ῐσας
2383 941 2567 1011 φέρειν
2621 936 2678 990 ἐν
2743 953 2803 989 τε
2853 931 3182 1006 ἀγρυπνίαις
3245 930 3338 982 καὶ
3393 926 3629 996 δεήσεσι,
3694 922 3789 976 καί⁸

2202 1033 2424 1104 ὁμονοίᾳ⁸
2461 1030 2553 1084 καὶ
2591 1028 2838 1100 λατρεία,
2870 1024 3091 1096 νηστείᾳ
3133 1039 3191 1075 τε
3235 1021 3330 1074 καὶ
3363 1015 3668 1090 ξηροφαγίᾳ
3697 1014 3790 1069 καὶ

2206 1125 2421 1196 ἁγνείᾳ,
2451 1124 2544 1177 καὶ
2575 1122 2692 1184 ταῖς
2722 1119 2910 1182 ἄλλαις
2936 1119 3056 1180 ταῖς
3088 1114 3231 1169 κατὰ
3257 1112 3354 1184 τὴν
3385 1108 3792 1196 πανσεϐάσμιον

2207 1194 2412 1284 ταύτην
2433 1212 2648 1283 ἡμέραν
2670 1209 2900 1279 ἀγαθαῖς
2926 1205 3045 1277 Θεῷ
3065 1205 3398 1276 εὐαρεστήσε
3408 1218 3488 1252 σιν
3514 1217 3528 1263 ;
3573 1194 3792 1259 ἰκανῶς

2208 1307 2265 1360 δὲ
2299 1306 2441 1376 ἔχειν
2468 1303 2676 1374 νομίζω
2716 1303 2816 1373 τῆς
2858 1299 3000 1353 κατά
3037 1297 3199 1351 ,τοῦτο
3243 1295 3305 1348 τὸ
3333 1293 3518 1363 τάγμα
3548 1289 3656 1343 τῶν
3687 1287 3793 1342 Αὐ-

2209 1393 2404 1448 διανῶν
2437 1391 2754 1462 διαφωνίας.

521 1467 894 1563 pe'rnoctando
954 1493 1334 1563 precandoque
1389 1467 1674 1546 traducere
1714 1467 1928 1546 summa
1989 1487 2285 1543 concordia
2347 1487 2511 1558 827
2579 1501 2642 1540 ac
2679 1483 2849 1538 divini
2898 1479 3153 1536 Numinis
3199 1474 3488 1545 obsequio,
3547 1467 3793 1542 ieiuniis,

521 1559 797 1642 aridorum
836 1559 969 1648 usu,
985 1559 1340 1735 ftimonia.
1372 1586 1602 1656 aliisque
1631 1584 1848 1656 pietatis
1915 1583 2128 1645 oliiciis,
2170 1581 2372 1652 quibus
2411 1577 2888 1651 religiosissimum
2938 1575 3089 1628 illum
3132 1571 3278 1627 diem
3314 1569 3661 1638 frequentare
3729 1581 3794 1622 ac

524 1683 768 1735 venerari
799 1683 978 1735 solent
1040 1679 1145 1735 Sed
1181 1681 1294 1735 lucc
1315 1681 1450 1735 satis
1473 1696 1595 1735 esse
1621 1681 1858 1735 arbitror
1881 1677 1950 1733 de
1976 1677 2357 1732 Audianorum
2387 1674 2618 1730 dissidio
2649 1674 2920 1728 hactenus
2943 1670 3241 1735 disputata.

524 1683 768 1738 venerari
799 1683 978 1738 solent

590 1775 857 1829 Caeterum
889 1774 1032 1828 idem
1060 1774 1148 1829 ille
1177 1789 1343 1828 senex
1391 1773 1600 1829 Audius
1639 1773 1692 1826 in
1729 1772 2006 1844 Scythiam
2037 1773 2105 1826 ab
2135 1780 2177 1834 Β

1040 1679 1145 1736 Sed
1181 1681 1294 1736 lucc
1315 1681 1450 1737 satis
1473 1696 1595 1736 esse
1621 1681 1858 1735 arbitror
1881 1677 1950 1733 de
1976 1677 2357 1732 Audianorum
2387 1674 2618 1730 dissidio
2649 1674 2920 1728 hactenus
2943 1670 3241 1740 disputata.

2287 1771 2528 1840 ’Υπέστη
2563 1768 2620 1822 δὲ
2649 1767 2745 1821 καὶ
2779 1765 2993 1838 ὲξορίαν
3021 1763 3184 1827 αὐτὸς
3218 1763 3247 1816 ό
3277 1761 3455 1834 γέρων
3472 1759 3683 1824 Αὐδιος,
3716 1760 3798 1823 είς

445 1935 448 1938 γ
522 1867 849 1937 imperatore
878 1867 1152 1936 relegatus
1190 1874 1310 1930 est;
1347 1864 1495 1936 quod
1537 1866 1769 1936 populos
1794 1864 1998 1935 passim
2032 1863 2102 1918 ab

2211 1863 2265 1917 τὰ
2308 1863 2449 1934 μέρη
2484 1862 2582 1933 τῆς
2613 1859 2853 1923 Σκυθίας
2889 1857 2995 1912 ὑπὸ
3031 1856 3126 1910 τοῦ
3164 1855 3427 1927 βασιλέως
3475 1852 3793 1926 ὲξορισθεὶς,

521 1956 782 2012 Ecclesiae
847 1957 1114 2026 obsequio
1147 1955 1475 2021 retraheret,
1509 1970 1633 2010 cum
1679 1968 1743 2009 eo
1780 1952 2000 2007 nomine
2035 1952 2104 2006 ab

519 2048 798 2120 episcopis
852 2055 1000 2102 esset
1050 2047 1116 2101 ad
1167 2047 1554 2117 imperatorem
1593 2046 1823 2102 delatus.
1857 2045 2107 2114 Cumque

521 2139 578 2194 in
609 2155 672 2194 ea
704 2138 932 2210 regione
957 2145 1269 2192 versaretur
1313 2136 1469 2208 (quot
1499 2147 1678 2191 autem
1715 2136 1876 2190 annis
1906 2134 2105 2189 ibidem

522 2231 743 2293 vixerit,
759 2240 910 2284 certo
932 2243 1252 2283 asseverare
1269 2242 1376 2282 non
1393 2227 1735 2298 possumus),
1760 2228 1812 2281 in
1846 2227 2106 2281 interiora

523 2321 794 2377 Gotthica:
839 2328 1169 2391 penetrans,
1214 2320 1479 2376 barbaros
1535 2321 1739 2375 multos
1783 2319 2111 2374 Christiana:

520 2411 803 2482 religionis
847 2411 1170 2464 rudimentis
1199 2409 1439 2464 instituit
1467 2428 1480 2463 :
1509 2425 1574 2464 ex
1609 2425 1719 2480 quo
1773 2409 2110 2463 monasteria

522 2506 578 2558 in
607 2502 823 2556 Gotthia
856 2502 1116 2556 nonnulla
1155 2508 1452 2572 propagata
1482 2510 1632 2564 sunt,
1668 2501 1721 2555 in
1749 2501 1949 2571 quibus
1986 2501 2111 2554 reli-

522 2599 678 2668 giosa
727 2596 940 2651 vivendi
985 2598 1128 2651 ratio
1157 2604 1210 2652 et
1247 2595 1530 2666 virginitas
1567 2595 1986 2665 arctissimaque
2029 2594 2113 2649 di-

521 2690 755 2760 sciplina
786 2688 991 2743 ﬂoruit.
1026 2687 1124 2742 Est
1146 2687 1291 2741 enim
1323 2685 1604 2740 hominum
1635 2686 1734 2740 iste
1769 2693 1946 2740 coetus
1983 2685 2109 2737 vitae

519 2783 735 2836 ratione
763 2789 818 2836 et
868 2781 1120 2835 instituto
1159 2795 1284 2834 cum
1314 2778 1507 2848 primis
1535 2776 1907 2843 admirabilis;
1948 2784 2111 2846 atque

519 2873 578 2926 in
608 2873 823 2926 illorum
858 2870 1211 2926 monasteriis
1260 2869 1394 2923 nihil
1417 2883 1524 2922 non
1558 2869 1878 2938 praeclarum
1909 2875 1964 2923 et
1996 2869 2112 2922 exi-

520 2963 691 3015 mium
721 2972 807 3017 est
833 2979 848 3029 ;
873 2963 918 3016 si
951 2960 1295 3032 praefractam
1338 2960 1484 3014 illam
1535 2961 1934 3014 contumaciam
1960 2961 2112 3015 exei-

2201 1956 2290 2009 διὰ
2314 1955 2373 2008 τὸ
2402 1954 2723 2025 ἀφηνιάζειν
2750 1953 2936 2016 λαοὺς,
2978 1951 3071 2004 καὶ
3105 1948 3210 2002 ὐπὸ
3238 1947 3347 2002 τῶν
3371 1947 3685 2001 ἐπισκόπων
3717 1946 3797 2017 τῷ

2212 2047 2423 2120 βασιλεῖ
2452 2046 2746 2117 ἀνηνέχθη.
2789 2045 2937 2098 Ἐκεῖ
2977 2043 3032 2096 δὲ
3074 2041 3312 2112 μάλιστα
3343 2039 3636 2110 διατρίϐων
3667 2037 3796 2108 χρόα

2205 2158 2294 2193 νον
2325 2139 2486 2201 ὲτῶν,
2517 2139 2618 2192 οὐκ
2647 2138 2756 2209 ἔχω
2787 2135 2989 2204 λέγειν,
3017 2135 3110 2188 καὶ⁵
3151 2135 3230 2197 είς
3255 2133 3323 2186 τὰ
3359 2133 3545 2205 πρόσω
3577 2131 3795 2202 βαίνων,

2207 2232 2300 2284 καὶ
2324 2232 2404 2294 είς
2431 2229 2498 2282 τὰ
2523 2229 2769 2283 ὲσώτατα
2795 2229 2895 2298 τῆς
2918 2225 3165 2291 Γοτθίας,
3191 2226 3421 2290 πολλοὺς
3448 2225 3558 2278 τῶν
3585 2222 3798 2278 Γότθων

2206 2323 2535 2394 κατήχησεν·
2592 2321 2684 2391 ἀφ’
2732 2314 2904 2392 οῦπερ
2947 2320 3042 2372 καὶ
3086 2319 3425 2390 μοναστήρια
3461 2317 3520 2369 ὲν
3547 2318 3613 2386 τῇ
3647 2313 3784 2386 αὐτῇ

2208 2415 2402 2486 Γοτθίᾳ
2450 2415 2687 2484 ἐγένετο,
2731 2415 2824 2468 καὶ⁵
2870 2411 3118 2466 πολιτεία
3157 2412 3252 2465 καὶ
3289 2408 3559 2481 παρθενία
3605 2425 3666 2460 τε
3700 2407 3797 2461 καὶ

2209 2509 2443 2578 ἄσκησις
2481 2508 2580 2578 οὐχ
2615 2509 2648 2578 ἡ
2684 2505 2938 2578 τυχοῦσα.
2973 2504 3130 2558 Ἐστι
3156 2503 3265 2575 γάρ
3289 2501 3368 2573 τῷ
3393 2501 3509 2555 δντι
3539 2499 3649 2571 (‘28)
3677 2498 3803 2554 τοῦ⁹

2211 2620 2272 2655 το
2312 2602 2373 2654 τὸ
2417 2602 2604 2672 τάγμα
2639 2600 2782 2654 πάνυ
2825 2600 2882 2652 ὲν
2918 2601 3232 2669 ἀναστροφῇ
3264 2595 3572 2667 θαυμαστῇ·
3610 2592 3704 2646 καί⁵
3731 2590 3802 2645 τὰ

2213 2693 2392 2746 πάντα
2420 2693 2600 2745 αὐτῶν
2643 2693 2700 2744 ἐν
2733 2694 2845 2753 τοῖς
2875 2691 3052 2745 αὐτῶν
3082 2688 3462 2760 μοναστηρὶοις
3490 2685 3670 2748 καλῶς
3705 2683 3801 2754 φέ-

2216 2800 2390 2854 ρεται,
2424 2783 2564 2853 πλὴν
2602 2783 2710 2836 τῶν
2739 2781 3081 2850 φιλονεικιῶν
3105 2779 3332 2843 τούτων,
3367 2779 3468 2850 τῆς
3496 2795 3558 2831 τε
3590 2775 3802 2848 παραλ-

2213 2875 2386 2945 λαγῆς
2415 2875 2514 2928 τοῦ
2545 2875 2758 2945 Πάσχα,
2787 2874 2885 2944 τῆς
2912 2891 2969 2926 τε
3009 2871 3152 2926 κατὰ
3170 2871 3231 2924 τὸ
3260 2870 3525 2925 ἰδιωτικὸν
3547 2865 3804 2937 ἐγκειμέ-

2216 2983 2314 3035 νης
2340 2965 2432 3019 τοῦ
2460 2967 2578 3018 κατ’
2606 2965 2794 3018 εἰκόνα
2828 2963 3140 3034 ὁμολογίας.

519 3056 659 3126 pias,
708 3071 816 3127 qua
865 3063 919 3110 et
965 3056 1021 3110 in
1070 3053 1338 3109 Pascbate
1385 3053 1733 3118 celebrando,
1804 3070 1832 3108 a
1893 3057 2171 3110 communi
2208 3061 2608 3116 consuetudine
2657 3058 2982 3118 discedunt.
3027 3067 3082 3112 et
3140 3055 3272 3111 illud
3318 3055 3386 3110 de
3431 3052 3524 3108 Dei
3565 3048 3804 3120 imagine

518 3149 756 3218 simplici
785 3146 1020 3217 quadam
1050 3147 1262 3201 ratione
1292 3145 1757 3215 interpretandum
1781 3153 1996 3216 putant.

589 3239 707 3294 XV.
747 3239 856 3296 Sed
895 3238 1030 3294 illud
1079 3239 1308 3310 reliquis
1330 3237 1590 3292 omnibus
1617 3237 1685 3292 ad
1730 3237 2018 3290 horrorem
2053 3246 2107 3291 et

2281 3234 2382 3286 IE'.
2429 3233 2502 3286 Τὸ
2545 3232 2602 3286 δὲ
2657 3233 2956 3304 δεινότερον
3005 3232 3222 3286 πάντων
3270 3230 3362 3284 καὶ
3404 3229 3800 3306 φοϐερώτερον.

520 3333 864 3388 atrocitatem
889 3331 1070 3401 majus
1094 3338 1197 3396 est,
1231 3327 1377 3399 quod
1405 3344 1528 3382 cum
1555 3328 1773 3382 nemine
1793 3337 2109 3397 precantur,

519 3425 736 3480 tametsi
766 3423 1011 3478 honestis
1029 3430 1193 3492 atque
1221 3420 1448 3490 integris
1475 3419 1720 3474 moribus
1751 3434 1872 3474 esse
1888 3419 2106 3473 videan-

519 3526 630 3581 tur,
661 3531 837 3587 neque
865 3515 1166 3586 quidquam
1210 3515 1448 3569 habeant
1477 3513 1622 3583 quod
1671 3512 1780 3567 illis
1811 3511 2109 3582 obiiciant;

519 3625 629 3666 non
651 3609 850 3678 stupri,
886 3623 994 3660 non
1026 3606 1298 3670 adulterii,
1340 3619 1448 3659 non
1485 3603 1749 3669 avaritia:
1789 3602 1995 3658 crimen
2025 3603 2111 3656 ul-

520 3701 659 3764 lum,
685 3699 790 3754 nisi
815 3699 922 3753 hoc
951 3697 1239 3759 duntaxat,
1270 3694 1414 3766 quod
1446 3692 1705 3748 Ecclesia:
1727 3693 2114 3756 communione

520 3795 861 3849 continetur.
895 3791 988 3845 Est
1009 3791 1114 3844 hoc
1142 3804 1298 3853 vero,
1335 3788 1412 3842 uti
1445 3787 1710 3852 diximus,
1754 3785 2110 3851 horrendum,

520 3887 956 3943 Christianorum
1014 3891 1356 3939 commutare
1397 3896 1619 3947 nomen,
1661 3882 1754 3950 qui
1809 3879 1864 3933 in
1914 3888 2111 3934 sancta

522 3979 766 4036 Ecclesia
791 3984 1108 4043 censentur,
1165 3991 1288 4046 qua:
1333 3976 1449 4031 sola
1479 3975 1685 4030 Christi
1749 3982 1806 4029 et
1843 3974 2110 4028 christia-

522 4087 720 4127 norum
765 4070 1132 4143 appellatione
1161 4076 1437 4133 contenta,
1471 4066 1770 4124 ascititium
1805 4081 1970 4121 omne
2007 4081 2111 4121 no-

522 4177 647 4216 men
710 4164 938 4232 respuit.
981 4161 1086 4216 Pro
1116 4161 1232 4226 illo,
1289 4162 1536 4232 inquam,
1571 4159 1796 4214 nomine
1828 4157 2112 4213 Audianos

522 4253 808 4323 appellari,
850 4253 1120 4308 coitiones
1178 4251 1318 4306 inter
1374 4265 1434 4306 se
1483 4247 1684 4312 facere,
1731 4262 1794 4302 ac
1845 4257 2111 4302 tesseram

523 4345 657 4398 meri
711 4345 952 4399 hominis
1012 4343 1235 4398 nomine
1281 4342 1608 4412 inscriptam
1651 4342 1891 4411 exigere.
1950 4337 2107 4400 Hazc,

524 4437 772 4509 inquam,
801 4438 1025 4492 minime
1053 4435 1277 4493 ferenda
1295 4443 1444 4498 sunt,
1469 4434 1720 4505 quamvis
1743 4431 1947 4501 alioqui
1973 4435 2112 4485 inte-

523 4531 798 4599 gerrimus
843 4529 914 4583 sit
949 4527 1232 4582 hominum
1267 4526 1358 4581 ille
1391 4531 1732 4588 conventus;
1769 4530 1934 4593 atque.
1960 4523 2109 4577 omni

2214 3325 2294 3378 ὃτι
2328 3326 2427 3377 οὐκ
2459 3323 2707 3396 εὔχονται
2741 3325 2879 3395 μετά
2907 3343 3068 3388 τινος,
3093 3323 3194 3378 κάν
3219 3343 3277 3378 τε
3307 3325 3417 3379 τῶν
3435 3326 3672 3397 δοκίμων
3700 3345 3802 3395 φα-

2214 3419 2302 3486 νῇ,
2333 3416 2429 3469 καὶ
2475 3415 2641 3486 μηδὲν
2680 3417 2760 3478 εἰς
2794 3416 3166 3487 κατηγόρησιν
3201 3415 3455 3487 ἐχόντων,
3499 3416 3632 3486 μηδὲ
3667 3416 3802 3488 μέμ-

2213 3507 2307 3576 ψιν
2357 3507 2613 3578 πορνείας
2654 3507 2687 3578 ῆ
2731 3508 2978 3578 μοιχείας
3023 3508 3056 3577 ἦ
3111 3507 3445 3572 πλεονεξίας,
3473 3508 3588 3562 ἀλλ’
3635 3509 3715 3562 ὅτι
3768 3512 3799 3563 ό

2215 3598 2457 3662 τοιοῦτος
2485 3601 2542 3652 έν
2561 3602 2624 3671 τῇ
2660 3599 2956 3670 Ἐκκλησία
2972 3600 3284 3668 συνάγεται.
3304 3600 3416 3652 Καὶ
3430 3599 3588 3653 τοῦτό
3606 3601 3722 3654 ἐστι
3737 3601 3801 3654 τὸ

2216 3691 2464 3764 φοϐερὸν,
2487 3693 2548 3746 τὺ
2574 3693 2916 3766 παραλλάξαι
2945 3693 3114 3764 δνομα
3139 3692 3482 3765 Χριστιανῶν
3507 3694 3604 3766 τῆς
3636 3695 3800 3763 ἀγίας

2228 3784 2576 3854 Ἐκκλησίας,
2623 3785 2725 3854 τῆς
2773 3785 2848 3856 μὴ
2889 3784 3118 3855 ἐχούσης
3160 3785 3410 3840 ἐπίθετον
3439 3787 3630 3857 ὄνομα,
3665 3785 3802 3841 ἀλλὰ

2219 3877 2379 3948 μόνον
2399 3877 2569 3948 ὄνομα
2594 3877 2832 3949 Χριστοῦ
2869 3877 2964 3930 καὶ
2994 3876 3354 3949 Χριστιανῶν,
3384 3879 3464 3942 εἰς
3503 3878 3672 3950 ὄνομα
3693 3879 3802 3932 Αὐ-

2213 3969 2327 4023 δίου
2386 3968 2690 4033 καλεῖσθαι,
2727 3967 3013 4022 συνθέσθαι
3050 3985 3108 4020 τε
3143 3969 3236 4021 καὶ
3269 3969 3622 4022 ἀπαιτεῖσθαι
3678 3969 3803 4023 σύν-

2215 4066 2367 4133 θημα
2408 4061 2758 4133 ἀνθρωπίνης
2803 4060 3038 4129 φύσεως,
3087 4063 3134 4114 εἰ
3173 4062 3268 4114 καὶ
3296 4062 3388 4114 ἐπὶ
3422 4061 3483 4115 τὸ
3507 4061 3803 4134 ἀκραιφνὲς

2215 4157 2301 4227 εἴη
2334 4155 2410 4227 τῷ
2453 4155 2572 4226 βίῳ,
2606 4155 2698 4208 καὶ
2722 4155 2872 4226 πάσῃ
2895 4154 3207 4227 δικαιοσύνῃ
3238 4155 3301 4208 τὸ
3324 4156 3513 4226 τάγμα
3546 4155 3806 4228 σεμνυνό-

2219 4265 2399 4318 μενον.
2433 4248 2626 4302 Πολλοὶ
2663 4248 2721 4303 δὲ
2749 4249 2843 4302 καὶ
2880 4249 3017 4320 μετὰ
3043 4249 3140 4319 τὴν
3172 4248 3381 4302 ἐκείνου
3416 4249 3675 4320 τελευτὴν
3707 4265 3802 4316 γε·

2213 4343 2405 4410 γόνασι
2445 4342 2544 4395 σὺν
2581 4343 2765 4406 αὐτοῖς
2795 4360 2855 4396 τε
2903 4342 2996 4396 καὶ
3044 4344 3161 4413 μετ’
3203 4340 3368 4395 αὐτὸν
3396 4342 3491 4396 τοῦ
3524 4341 3804 4413 τάγματος

2215 4432 2379 4486 αὐτοῦ
2410 4433 2720 4498 ἐπίσκοποι,
2747 4433 3011 4506 Οὐράνιός
3048 4452 3131 4498 τις
3153 4433 3255 4504 τῆς
3280 4434 3469 4507 Μέσης
3499 4436 3608 4488 τῶν
3632 4451 3806 4488 ποτα·

2218 4524 2354 4594 μῶνο
2393 4526 2488 4578 καὶ
2521 4525 2629 4580 ἀπὸ
2659 4525 2760 4596 τῆς
2800 4526 2839 4578 Γ
2841 4525 3026 4590 οτθίας
3055 4526 3112 4579 δὲ
3151 4525 3278 4597 ἔσχε
3333 4527 3508 4591 τινας,
3552 4529 3644 4581 καὶ
3677 4545 3805 4580 κατ-

523 4637 585 4676 ae
636 4619 905 4691 probitate
950 4619 1274 4688 justitiaque
1320 4617 1579 4672 venditet.
1633 4615 1761 4669 I’OSt
1791 4615 1938 4668 illius
1985 4629 2109 4668 vero

2221 4618 2445 4688 έστησεν
2471 4620 2670 4682 αὐτοὺς
2697 4618 3049 4683 ἐπισκόπους
3089 4619 3224 4674 ἀλλὰ
3255 4620 3351 4672 κα)⁸
3381 4621 3666 4684 Σιλουανός
3699 4639 3804 4685 τις,

523 4723 758 4769 mortem
817 4714 882 4769 ad
925 4718 1178 4768 eumdem
1224 4712 1377 4766 illum
1419 4716 1622 4766 emtum
1653 4708 1934 4763 adhaesere
1959 4719 2113 4760 com-

525 4807 711 4876 plures
739 4805 980 4874 episcopi
1001 4846 1014 4868 ,
1045 4804 1140 4858 sed
1181 4804 1236 4857 in
1282 4803 1473 4872 primis
1507 4799 1747 4856 Uranius
1780 4801 1832 4854 in
1865 4798 2117 4870 MeSOpoé

530 4895 720 4950 tamia.
759 4894 1071 4961 Quinetiam
1123 4909 1191 4949 ex
1230 4893 1350 4964 ipsa
1397 4890 1618 4946 Gotthia
1651 4890 1753 4944 sibi
1781 4889 1989 4959 aliquot
2022 4889 2118 4942 ad-

521 4987 728 5054 junxit,
776 4995 830 5040 et
857 4986 1146 5056 episcopos
1193 4984 1503 5040 constituit.
1548 4982 1754 5036 Pneter
1777 4997 1917 5049 quos
1948 4980 2116 5035 etiam

527 5081 786 5134 Silvanus
814 5087 868 5134 et
899 5079 989 5132 alii
1047 5078 1269 5148 quidam
1293 5078 1643 5137 exstiterunt.
1676 5091 1706 5127 e
1739 5075 1938 5144 quibus
1980 5089 2117 5128 non-

527 5173 663 5227 nulli
717 5172 917 5227 mortui
951 5177 1101 5236 sunt,
1161 5178 1216 5224 et
1260 5171 1403 5224 inter
1448 5169 1586 5223 alios
1622 5166 1883 5229 Uranius,
1929 5167 2020 5238 qui
2056 5182 2117 5221 se

528 5266 584 5318 in
647 5264 741 5319 illa
794 5265 955 5318 turba
988 5277 1100 5334 pm
1149 5262 1365 5316 czetet‘is
1421 5259 1698 5315 ellerebat.
1741 5257 1943 5314 Verum
1991 5266 2116 5328 post

528 5351 744 5419 Uranii,
791 5351 960 5424 828
983 5367 1048 5407 ac
1075 5351 1294 5424 Sylvani
1331 5351 1386 5404 in
1421 5349 1643 5405 Gotthia
1690 5348 1934 5419 episcopi
1967 5363 2115 5402 mor-

602 5509 621 5540 ί
661 5506 789 5578 Leg.
817 5507 1194 5578 χαριέστερον.

2215 4711 2307 4762 καὶ
2342 4710 2492 4764 ἄλλοι
2531 4711 2698 4776 τινὲς,
2737 4705 2811 4765 ὧν
2851 4712 3164 4782 συμϐέϐηκέ
3199 4730 3352 4776 τινας
3384 4713 3478 4766 τοῦ
3516 4713 3635 4783 βίου
3667 4715 3808 4768 παύ-

2216 4800 2432 4863 σασθαι,
2471 4801 2710 4871 μάλιστα
2741 4803 3023 4869 Οὐράνιον.
3060 4801 3230 4872 Ηῦχει
3268 4803 3375 4876 γὰρ
3405 4796 3560 4867 οὗτος
3599 4807 3806 4874 ἀναμέ-

2217 4909 2308 4944 σον
2333 4892 2577 4946 τοιούτου
2605 4894 2909 4964 τάγματος.
2936 4895 3091 4948 Μετὰ
3123 4895 3180 4948 δὲ
3226 4896 3322 4966 τὴν
3354 4895 3463 4948 τῶν
3490 4895 3805 4948 ἐπισκόπων

2215 4983 2396 5036 αὐτῶν
2423 4983 2630 5038 τούτων
2662 4986 2926 5056 Οὐρανίου
2976 4987 3069 5039 καὶ
3100 4987 3389 5040 Σιλουανοῦ
3423 4986 3518 5040 τοῦ
3573 4989 3637 5040 ἐκ
3675 4988 3802 5040 Γοτ-

2216 5075 2335 5139 θίας
2362 5075 2637 5147 τελευτὴν,
2669 5076 2854 5130 πολλοὶ
2880 5077 3224 5147 διελύθησαν,
3255 5080 3350 5132 καὶ⁵
3373 5080 3452 5142 εἰς
3475 5078 3652 5147 ὀλίγον
3673 5074 3803 5150 ἦλθε

2214 5165 2276 5217 τὸ
2302 5165 2506 5218 τούτων
2535 5165 2810 5238 σύστημα,
2847 5167 2904 5220 ἔν
2935 5185 2994 5220 τε
3029 5171 3141 5231 τοῖς
3186 5167 3378 5238 μέρεσι
3415 5167 3680 5232 Χαλκίδος
3705 5167 3803 5237 τῆς

2217 5259 2354 5329 πρὸς
2385 5261 2736 5331 Ἀντιοχείας,
2771 5263 2865 5314 καί
2895 5264 2953 5314 ἐν
2989 5265 3101 5324 τοῖς
3135 5263 3323 5333 μέρεσι
3362 5262 3454 5315 τοῦ
3491 5263 3778 5332 Εὐφράτου

2216 5349 2326 5402 Καὶ
2354 5349 2462 5419 γὰρ
2500 5351 2607 5404 ἀπὸ
2639 5352 2738 5422 τῆς
2769 5352 2808 5403 Γ
2811 5351 2996 5416 οτθίας
3025 5351 3357 5424 ἐδιώχθησαν
3385 5355 3436 5407 oi
3467 5354 3702 5417 πλείους,
3740 5351 3802 5406 οὐ

602 5625 714 5695 (28)
755 5624 925 5681 Ἔστι
954 5625 1064 5696 γὰρ
1100 5625 1181 5692 τῷ
1225 5625 1370 5680 ὄντι.
1404 5622 1529 5678 llaec
1558 5620 1850 5696 Epiphanii
1918 5619 2154 5679 fortasse
2194 5621 2551 5694 temporibus.
2600 5621 2666 5676 At
2706 5630 2864 5678 aetate
2895 5621 3222 5680 Theodoreti
3288 5623 3663 5680 Audianorum
3695 5621 3801 5678 ista

535 5694 822 5765 disciplina
852 5698 908 5751 in
940 5694 1215 5752 licentiam
1243 5711 1305 5752 ac
1339 5696 1618 5751 libidinem
1646 5694 1974 5748 desciverat.
