4134 6386
407 248 519 308 375

1050 243 1420 300 ADVERSUS
1459 242 1800 319 [LERESES
1838 243 1964 298 LIB.
1997 243 2083 299 Ill.
2127 243 2290 300 TOM.
2327 245 2368 302 l.
2392 276 2460 286 —
2499 243 2772 303 HAERES.
2815 245 2999 302 LXXI.

3567 246 3678 306 Π*⁵4

3568 274 3630 302 υἱ

3568 274 3630 302 ad

414 371 598 442 μόνον.
619 367 758 423 ἀλλὰ
781 368 877 421 καὶ
897 369 944 420 oi
963 367 1222 439 ἡμέτεροι
1247 368 1364 418 ἐκεῖ
1391 367 1725 437 Χριστιανοὶ,
1753 365 1973 438 διωγμοὶ

2099 375 2232 428 tem,
2272 366 2548 438 plerisque
2574 367 2642 422 ab
2665 383 2730 422 ea
2761 366 3000 421 factione
3024 365 3339 428 abstractis,
3374 363 3444 419 ad
3473 380 3678 436 paucos

415 461 653 534 μεγάλου
691 460 978 523 ἐνστάντος
1029 459 1134 512 ὑπὸ
1175 458 1436 528 βασιλέως
1491 459 1772 528 Ἕλληνος,
1821 457 1996 512 δεινοῦ

411 571 472 608 τε
503 552 797 623 γενομένου
833 552 926 604 καὶ
960 551 1095 621 πρὸς
1129 549 1290 620 ζῆλον
1335 550 1442 603 τῶν
1487 551 1796 621 Ῥωμαίων,
1821 551 1909 604 διὰ
1938 551 1999 605 τὸ

411 649 539 709 τοὺς
579 644 814 715 βασιλεῖς
853 643 960 696 τῶν
1006 642 1294 711 Ῥωμαίων
1337 637 1476 695 εἶναι
1509 644 1889 714 Χριστιανοὺς,
1937 643 1998 697 τὸ

414 743 522 794 πᾶν
559 740 704 808 γένος
731 736 840 789 τῶν
867 734 1209 806 Χριστιανῶν
1251 736 1347 788 ἀπ’
1383 735 1607 788 ἐκείνων
1636 735 1992 806 ἀπελαθῆναι.

415 835 490 886 Οὐ
544 832 720 884 λείπει
769 829 827 882 δὲ
875 826 1000 900 ῥίζα
1038 826 1248 894 σοφίας,
1278 826 1400 880 οὐδὲ
1442 827 1698 899 φύτευμα
1738 829 1992 892 πίστεως.

427 925 589 978 Ἀλλὰ
619 925 714 977 καὶ
741 925 788 975 εἰ
817 921 1033 975 δοκοῦσι
1068 921 1269 983 πάντες
1300 919 1636 991 ἀπηλάσϐαι,
1665 921 1882 984 πάντως
1915 923 1994 974 εί-

417 1017 502 1068 σὶν
527 1015 738 1069 ἐκεῖθεν
764 1013 1062 1085 ἄνθρωποι.
1111 1012 1229 1068 Οὐκ
1267 1015 1504 1083 ἐγχωρεῖ
1541 1013 1652 1085 γὰρ
1684 1013 1866 1082 λεῖψαι
1897 1012 1994 1084 τὴν

417 1109 600 1180 πηγὴν
626 1109 727 1175 τῆς
759 1107 1018 1170 πίστεως.
1046 1105 1240 1159 Πολλοὶ
1266 1102 1359 1160 οῦν
1390 1107 1847 1176 ἀναχωρήσαντες
1887 1105 1993 1159 τῶν

417 1199 595 1252 αὐτῶν
610 1199 886 1252 Αὺδιανῶν
902 1198 1002 1267 τῆς
1017 1196 1264 1261 Γοτοίας,
1285 1197 1496 1251 καὶτῶν
1513 1197 1682 1268 ἡμετέ
1691 1215 1795 1267 ρων
1812 1215 1877 1268 με
1887 1197 1993 1268 ρῶν

417 1293 651 1347 ἐνταῦθα
673 1291 937 1352 ἐλθόντες.
962 1289 1317 1361 παροικοῦσιν
1338 1289 1447 1342 ἀπὸ
1469 1289 1562 1342 τοῦ
1591 1289 1782 1360 χρόνου
1805 1288 1991 1341 τούτου

415 1383 550 1435 ἑτῶν
567 1381 862 1450 τεσσάρων.
881 1380 1042 1432 Ἀλλὰ
1053 1381 1148 1434 καὶ
1169 1380 1276 1433 ἀπὸ
1291 1379 1601 1448 τοῦΤαύρου
1621 1380 1777 1450 ὅρους
1792 1378 1994 1449 ἀνεχώ-

418 1491 587 1546 ρησαν
607 1473 767 1526 πάλιν
780 1471 848 1524 τὰ
864 1471 971 1525 τῶν
999 1470 1178 1525 αὐτῶν
1203 1471 1479 1524 Αὐδιανῶν
1505 1473 1861 1543 μοναστήρια,
1884 1471 1992 1525 ἀπό

414 1584 471 1620 τε
496 1567 594 1635 τῆς
618 1565 979 1633 Παλαιστίνης
1001 1565 1094 1616 καὶ
1125 1565 1223 1635 τῆς
1264 1563 1540 1634 Ἀραϐίας.
1575 1561 1712 1634 Ἤδη
1743 1563 1854 1634 γάρ
1882 1565 1988 1617 είσι

415 1655 870 1726 πεπλατυσμένοι.
906 1653 1105 1708 Λοιπὸν
1127 1653 1184 1706 δὲ
1212 1652 1402 1721 ὀλίγοι,
1431 1653 1522 1705 καί
1541 1652 1696 1720 ὀλίγα
1721 1655 1990 1726 μοναστή-

2101 458 2331 513 istorum
2361 467 2664 514 conventus
2692 458 2946 514 redactus
2976 465 3081 518 est,
3123 466 3288 526 atque
3319 456 3373 512 in
3398 456 3675 522 Chalcide,

2098 568 2219 622 qua
2253 552 2318 606 ad
2351 551 2698 606 Antiochiam
2746 553 2848 606 sita
2879 565 2984 614 est,
3019 563 3070 606 et
3092 550 3156 604 ad
3185 550 3513 622 Euphratem
3537 567 3678 607 rese-

2097 644 2195 698 dit.
2229 643 2362 697 Nam
2414 661 2444 699 e
2490 643 2709 697 Gotthia
2764 644 3008 714 plerique
3040 643 3180 713 pulsi
3220 650 3368 707 sunt,
3413 657 3519 696 una
3552 657 3676 698 cum

2098 735 2220 789 aliis
2248 735 2653 790 communionis
2681 743 2883 788 nostra
2910 729 3261 797 Christianis,
3299 746 3423 786 cum
3455 731 3524 786 ab
3555 746 3680 802 rege

2097 827 2331 897 quodam
2363 828 2550 896 gentili
2579 828 2770 897 ingens
2811 834 2958 882 esset
2989 840 3052 880 ac
3081 826 3374 880 vehemens
3404 824 3679 878 concitata

2096 920 2425 989 persecutio,
2453 934 2615 988 quam
2642 916 3013 973 Romanorum
3040 917 3339 987 prasertim
3367 915 3496 970 odio
3527 930 3679 969 com-

2095 1021 2368 1070 moverat,
2410 1010 2557 1080 quod
2610 1009 2887 1064 Romanos
2935 1009 3296 1078 imperatores
3333 1006 3677 1062 Christianos

2094 1117 2216 1156 esse
2234 1101 2442 1156 videret
2471 1120 2483 1154 :
2517 1102 2661 1155 unde
2693 1101 3067 1156 Christianum
3099 1116 3259 1155 omne
3296 1116 3491 1155 nomen
3529 1101 3678 1154 illinc

2093 1193 2446 1247 exterminari
2485 1193 2675 1247 voluit.
2702 1191 2901 1246 Verum
2933 1191 3086 1244 radix
3119 1192 3398 1261 sapientia
3424 1200 3518 1244 aut
3553 1190 3674 1244 lidei

2094 1293 2248 1339 satus
2301 1301 2410 1338 non
2471 1284 2670 1339 deﬁcit.
2731 1282 2798 1338 Et
2847 1299 3161 1353 quanquam
3209 1285 3348 1353 pulsi
3397 1283 3676 1354 fugatique

2092 1373 2391 1428 Christiani
2423 1389 2612 1428 omnes
2649 1375 2956 1437 videantur,
2993 1375 3243 1429 nonnulli
3280 1383 3460 1429 tamen
3496 1375 3676 1432 adhuc

2093 1474 2408 1536 supersunt.
2440 1465 2626 1535 Neque
2653 1467 2797 1521 enim
2829 1467 2949 1522 lidei
2991 1465 3112 1521 fons
3173 1481 3424 1521 arescere
3453 1468 3673 1536 penitus

2093 1565 2291 1629 potest.
2328 1557 2594 1624 Quocirca
2623 1559 2775 1614 multi
2815 1574 2885 1618 ex
2921 1559 3186 1613 Audianis
3208 1556 3425 1611 Gotthia
3451 1573 3514 1612 ac
3546 1575 3674 1628 pro-

2092 1651 2290 1706 vinciis
2334 1652 2542 1708 nostris
2588 1652 2829 1721 egressi,
2875 1661 2928 1707 et
2967 1652 3033 1706 ad
3082 1651 3376 1722 Euphratis
3421 1651 3672 1723 regiones

412 1765 523 1817 ρια·
547 1747 688 1818 τάχα
707 1747 764 1800 δὲ
788 1746 881 1800 καὶ
903 1746 1022 1798 δυσὶ
1034 1743 1247 1814 κώμαις
1263 1745 1320 1797 ὲν
1337 1746 1448 1808 τοῖς
1465 1745 1880 1816 προειρημένοις
1903 1746 1973 1815 μέ

2095 1743 2214 1799 illas
2255 1744 2507 1814 profecti,
2541 1752 2797 1815 quartum
2835 1744 2946 1814 jam
3001 1759 3204 1799 annum
3242 1746 3354 1800 illic
3398 1745 3667 1800 habitant.

412 1855 528 1909 ρεσι
545 1840 686 1893 κατὰ
701 1840 760 1892 τὸ
785 1837 1046 1908 ἐξώτερον
1066 1837 1230 1908 μέρος
1246 1836 1343 1906 τῆς
1365 1837 1646 1900 Χαλκίδος,
1671 1839 1764 1890 καὶ
1784 1838 1990 1890 ἐπέκει-

406 1949 473 1983 να
488 1931 801 1998 Δαμασκοῦ,
824 1929 1039 1984 καὶτῶν
1059 1929 1239 1999 μερῶν
1269 1929 1366 1999 τῆς
1394 1930 1814 1998 Μεσοποταμίας
1839 1931 1984 1984 ἐστὶν

405 2019 531 2090 ἄχρι
556 2021 717 2091 δεῦρο
739 2021 800 2074 τὸ
828 2021 1012 2091 τάγμα
1045 2021 1124 2083 εἰς
1139 2019 1316 2088 ὀλίγον
1345 2021 1625 2091 περιστὰν,
1655 2021 1730 2084 ὡς
1754 2022 1910 2090 ἔφην.

2093 1833 2293 1890 Adhac
2351 1849 2383 1889 e
2431 1833 2612 1888 Tauro
2666 1841 2848 1887 monte
2901 1849 2965 1888 ac
3025 1833 3314 1889 Palaestina
3377 1843 3428 1889 et
3471 1834 3668 1889 Arabia

2091 1927 2405 1982 eorumdem
2460 1928 2832 1982 Audianorum
2888 1930 3218 1984 monasteria
3268 1930 3477 1984 sublata
3520 1936 3668 1984 sunt.

2095 2020 2234 2076 Olim
2255 2021 2452 2091 quippe
2470 2036 2798 2090 magnopere
2816 2018 2996 2076 diﬂ‘usi
3018 2022 3408 2092 propagatique
3435 2021 3666 2076 fuerant.

405 2111 578 2168 llmlie
633 2130 762 2169 vero
805 2123 916 2168 tam
963 2115 1269 2178 hominum,
1313 2130 1476 2184 quam
1519 2117 1977 2170 monasteriorum
2018 2116 2353 2187 paucissimo
2388 2130 2618 2168 numero
2646 2123 2795 2176 sunt,
2837 2115 2974 2170 adeo
3005 2125 3065 2170 ut
3127 2117 3345 2172 duobus
3404 2116 3670 2171 duntaxat

403 2205 458 2256 iu
483 2206 981 2274 pagisdomicilium
1001 2205 1238 2260 habeant
1265 2205 1322 2260 in
1349 2221 1434 2272 ea,
1473 2223 1636 2277 quam
1682 2209 1816 2274 dixi,
1848 2209 2149 2279 provincia,
2212 2207 2314 2261 hoc
2344 2214 2428 2263 est
2485 2208 2742 2261 exteriori
2811 2206 3087 2263 Chalcidis
3126 2208 3318 2275 limite,
3361 2209 3503 2264 ultra
3565 2207 3671 2263 [la-

403 2309 647 2348 mascum
679 2302 734 2348 et
757 2293 1225 2364 Mesopotamiam,
1252 2295 1342 2350 ubi
1361 2294 1427 2348 ad
1461 2295 1564 2349 hoc
1595 2305 1808 2365 tempus
1829 2296 2122 2368 perexigua
2155 2295 2373 2349 illorum
2407 2297 2696 2351 multitudo
2720 2296 2888 2365 degit.

485 2385 623 2438 Ἀλλ’
672 2385 777 2448 ἓως
829 2378 930 2438 ὦδε
987 2385 1188 2448 ἱκανῶς
1244 2384 1337 2440 καὶ
1393 2387 1521 2458 περὶ
1571 2386 1776 2441 τούτων
1838 2388 1982 2458 ἔχειν

399 2479 658 2550 ἡγοῦμαι.
684 2477 792 2540 Οὒς
822 2475 1129 2548 παρελθὼν,
1161 2477 1322 2531 πάλιν
1361 2477 1430 2531 τὰ
1454 2478 1580 2548 ἑξῆς
1607 2479 1979 2550 διασκοπήσω,

397 2569 486 2622 ἵνα
523 2570 594 2638 μή
637 2586 690 2620 τι
732 2569 1054 2640 παραλείψω
1082 2569 1188 2622 τῶν
1227 2570 1307 2632 είς
1339 2569 1632 2640 διαιρέσεις
1664 2587 1722 2623 τε
1769 2572 1862 2624 καὶ
1892 2588 1981 2624 το-

400 2661 536 2730 μὰς,
591 2661 684 2713 καὶ
706 2662 785 2722 είς
840 2660 1171 2723 διαστάσεις,
1222 2662 1315 2714 καὶ
1359 2662 1440 2723 είς
1481 2662 1755 2732 σχίσματα
1800 2665 1856 2714 ἐν
1902 2662 1980 2733 τῷ

399 2753 589 2820 κόσμῳ
639 2750 1084 2820 συμϐεϐηκότων.
1136 2751 1201 2805 Ei
1251 2751 1360 2822 γὰρ
1417 2753 1512 2804 καὶ
1555 2755 1620 2822 τῇ
1655 2752 1836 2805 πίστει
1879 2754 1980 2806 οὐκ

397 2842 464 2893 ἂν
525 2840 956 2910 μεταλλάττοιεν,
1012 2843 1106 2895 καὶ
1155 2841 1233 2911 τῷ
1291 2843 1480 2913 τρόπῳ
1533 2844 1808 2908 τοσοῦτον,
1861 2844 1977 2898 ἀλλ’

393 2934 543 3000 ὅμως
604 2933 710 2984 πᾶν
763 2932 824 2984 τὸ
867 2931 1133 3002 διαιρεθὲν
1179 2934 1271 2986 καὶ
1319 2935 1378 2986 ἐν
1426 2934 1527 3004 βίῳ
1582 2936 1977 3006 ὀνομαζόμενον

2159 2385 2263 2440 Sed
2299 2385 2365 2441 de
2404 2386 2490 2441 his
2527 2386 2814 2442 hactenus.
2838 2385 2995 2441 Nunc
3026 2387 3091 2442 ad
3128 2388 3264 2444 alias
3290 2396 3664 2458 transeamus,

2087 2491 2153 2532 ne
2181 2476 2313 2546 quid
2368 2491 2397 2530 a
2438 2479 2600 2534 nobis
2645 2480 3106 2548 prater-mittatur,
3149 2482 3291 2551 quod
3344 2483 3666 2542 divisionem

2085 2569 2320 2639 aliquam
2379 2585 2441 2624 ac
2485 2571 2634 2625 velut
2675 2572 2972 2627 sectionem
3025 2574 3302 2640 Ecclesia,
3341 2576 3457 2632 sive
3498 2579 3667 2634 dissi-

2085 2661 2232 2715 dium
2261 2675 2324 2715 ac
2343 2661 2636 2716 divortium
2661 2665 2929 2718 attulerit.
2956 2664 3218 2732 Quamvis
3245 2669 3414 2734 enim,
3436 2669 3579 2740 quod
3598 2671 3666 2726 ad

2085 2751 2241 2805 (idem
2275 2761 2504 2822 spectat,
2535 2767 2597 2806 ac
2628 2770 2779 2809 more
2818 2756 2936 2825 ipso
2980 2759 3198 2826 rituque
3232 2774 3338 2814 non
3369 2760 3662 2815 admodum

2081 2844 2416 2914 discrepent.
2441 2847 2576 2900 nihil
2600 2863 2698 2903 nos
2732 2856 2936 2914 tamen,
2963 2851 3109 2920 quod
3149 2869 3367 2925 quoque
3401 2856 3563 2911 modo
3589 2857 3657 2912 ah

2083 2935 2324 2992 Ecclesia
2354 2938 2627 2993 divulsum
2663 2947 2828 3010 atque
2871 2941 3010 2997 inter
3069 2944 3330 3002 factiones
3357 2950 3662 3006 contrarias

394 3024 483 3093 ὑφ’
545 3025 699 3094 ἡμῶν
741 3024 885 3077 κατὰ
936 3027 995 3077 τὸ
1052 3026 1274 3079 δυνατὸν
1323 3028 1384 3079 οὐ
1454 3027 1973 3099 παραλειφθήσεται.

2082 3027 2418 3081 recensitum
2458 3027 2641 3090 fuerit,
2671 3045 2768 3098 pro
2801 3033 2942 3084 virili
2976 3043 3128 3102 parte
3161 3039 3658 3103 pratermittemus.

814 3137 1002 3188 ΚΑΤΑ
1051 3136 1544 3201 ΦΩΤΕΙΝΙΑΝΩΝ,

394 3249 781 3318 Πεντηκοστὴ
821 3249 1040 3317 πρώτη,
1082 3250 1119 3315 ἡ
1156 3249 1255 3302 καὶ
1300 3248 1714 3318 ἑϐδομηκοστὴ
1749 3249 1970 3319 πρώτη.

461 3360 541 3415 A'.
579 3359 861 3426 Φωτεινὸς,
896 3359 956 3426 ἐξ
985 3353 1153 3431 οὗπερ
1190 3361 1556 3422 Φωτεινιανοὶ,
1591 3363 1648 3414 ἐν
1691 3357 1868 3433 τούτῳ
1896 3362 1973 3432 τῷ

391 3451 568 3521 χρόνῳ
604 3451 874 3521 ἡκμασεν,
909 3449 1206 3512 ἐπίσκοπος
1238 3448 1476 3518 γεγονὼς
1513 3450 1612 3520 τῆς
1641 3451 1804 3518 ἁγίας
1844 3451 1973 3503 καθ-

391 3539 575 3610 ολικῆς
610 3540 956 3611 Ἑκκλησίας,
996 3540 1163 3610 μανίᾳ
1192 3540 1374 3611 ἀρθεὶς
1404 3540 1464 3592 οὐ
1504 3542 1824 3612 μικροτάτῃ,
1858 3540 1970 3594 ἀλλ’

389 3630 755 3702 ἐμϐρόντητος
813 3629 1051 3700 γεγονὼς
1089 3631 1227 3702 ὑπὲρ
1267 3631 1474 3695 πάντας
1507 3631 1633 3694 τοὺς
1656 3631 1761 3702 πρὸ
1785 3631 1968 3695 αὑτοῦ,

388 3723 548 3791 ὃμοια
569 3724 661 3776 καὶ
687 3723 940 3776 ὲπέκεινα
964 3725 1073 3776 τῶν
1103 3723 1317 3777 Παύλου
1351 3723 1444 3776 τοῦ
1468 3724 1827 3792 Σαμοσατέως
1852 3724 1968 3776 δια-

386 3814 706 3884 νενοημένος
734 3815 862 3882 περὶ
887 3814 980 3866 τοῦ
1024 3813 1153 3866 Υίοῦ
1196 3813 1290 3866 τοῦ
1319 3813 1454 3867 Θεοῦ
1487 3813 1751 3884 ὲξεμέσας
1779 3813 1970 3882 λόγους

385 3905 721 3968 ἀσυστάτους
764 3905 1133 3978 βλασφημίας.
1167 3901 1335 3970 Οῦτος
1363 3907 1419 3960 δὲ
1452 3908 1679 3978 ὡρμᾶτο
1707 3908 1818 3978 (29)
1861 3909 1969 3962 ἀπὸ

383 3997 631 4067 Σιρμίου.
685 3999 797 4052 Καὶ
843 4000 933 4052 ὅτε
976 3999 1075 4070 μὲν
1103 3999 1260 4052 τοῦτο
1298 3999 1359 4052 τὸ
1392 3999 1629 4064 ζιζάνιον
1671 3999 1747 4070 τῷ
1779 4001 1967 4071 κόσμῳ

383 4090 736 4160 εἰσηγήσατο,
767 4090 889 4143 τότε
921 4092 1035 4143 κατ’
1071 4091 1248 4143 ἐκεῖνο
1277 4091 1470 4161 καιροῦ
1504 4091 1598 4144 ἐπὶ
1627 4091 1968 4144 Κωνσταντίο

383 4199 474 4234 νου
493 4184 508 4213 ί
533 4182 626 4236 τοῦ
663 4183 947 4254 βασιλέως,
967 4185 1157 4254 καιρὸς
1183 4179 1252 4256 ἦν
1277 4185 1356 4248 είς
1386 4185 1466 4237 ἔτι
1488 4183 1648 4256 δεῦρο
1666 4185 1864 4256 περιῆν
1889 4185 1968 4256 τῷ

383 4274 505 4345 βίῳ,
538 4275 645 4329 ἀπὸ
680 4277 778 4347 τῆς
805 4278 862 4330 ὲν
895 4280 960 4348 τῇ
994 4278 1232 4349 Σαρδικῇ
1280 4278 1390 4349 (50)
1435 4277 1794 4349 συναχθείσης
1823 4278 1966 4331 δυτι-

2467 3141 2746 3199 CONTRA
2769 3143 3254 3213 PHOTINIANOS,

2379 3257 2508 3322 Qua:
2535 3268 2614 3312 est
2642 3259 2859 3313 Itwresis
2897 3259 2994 3323 LI,
3021 3261 3126 3316 sive
3152 3261 3360 3316 LXXI.

2147 3370 2186 3424 1.
2214 3368 2317 3424 Per
2363 3369 2504 3424 idem
2549 3378 2765 3440 tempus
2818 3369 3106 3434 Photinus,
3141 3389 3171 3427 a
3198 3389 3308 3443 quo
3347 3373 3657 3430 Pholittizuti

2073 3461 2414 3532 prodierunt,
2467 3461 2711 3525 emersit,
2756 3463 3039 3518 catholica
3083 3465 3337 3522 Ecclesia
3385 3467 3656 3538 quondam

2073 3553 2395 3622 episcopus;
2453 3553 2545 3623 qui
2580 3552 2722 3606 haud
2757 3553 3018 3609 mediocri
3061 3555 3246 3613 furore
3271 3559 3530 3629 percitus,
3563 3576 3656 3616 su-

2073 3644 2316 3712 periores
2373 3658 2564 3697 omnes
2593 3643 2807 3697 insania
2863 3647 3166 3715 superavit,
3209 3647 3509 3720 eademque
3529 3668 3652 3705 cum

2071 3733 2242 3789 Paulo
2279 3732 2660 3794 Samosaieno,
2699 3734 2809 3789 imo
2853 3738 3126 3792 atrociora
3169 3740 3415 3811 quadam
3449 3743 3515 3798 de
3560 3743 3653 3800 Dei

2071 3826 2210 3880 Filio
2234 3834 2412 3881 mente
2445 3827 2612 3897 829
2639 3829 2914 3900 concepit,
2947 3831 2999 3883 in
3035 3847 3196 3900 quem
3240 3833 3430 3904 plenos
3459 3842 3654 3890 contu-

2070 3917 2244 3971 melia
2282 3933 2584 3984 sermones,
2621 3936 2719 3974 nec
2779 3922 2886 3976 ulla
2914 3923 3196 3980 soliditate
3234 3926 3480 3982 lirmatos
3519 3944 3650 3983 em.-

2069 4011 2227 4063 muit.
2277 4009 2374 4064 llic
2417 4011 2673 4080 prodiens
2723 4011 2926 4068 Sirmio
2979 4014 3300 4072 Constantio
3348 4019 3649 4090 imperante

2069 4098 2256 4153 infelix
2280 4099 2544 4155 doctrina
2565 4117 2678 4156 sua
2701 4103 2888 4157 lolium
2923 4105 2975 4158 in
3000 4105 3134 4160 orbe
3161 4106 3562 4174 disseminavit,
3595 4119 3658 4165 et,

2069 4187 2138 4242 ad
2190 4190 2305 4244 hac
2358 4208 2532 4261 usque
2581 4200 2829 4264 tempora
2869 4198 3165 4267 superfuit,
3194 4215 3318 4256 cum
3360 4201 3413 4254 in
3459 4199 3648 4260 Sardi.-

2068 4280 2216 4334 censi
2265 4278 2579 4338 Occidentis
2612 4286 2822 4355 synodo
2860 4288 2931 4342 ob
2977 4291 3343 4347 exsecrandas
3391 4291 3646 4363 blasphe.

385 4369 483 4436 ιιῆς
531 4368 748 4422 συνόδου
803 4368 1170 4442 καθαιρεθεὶς,
1227 4371 1295 4424 δι’
1341 4372 1408 4441 ἣν
1448 4370 1682 4442 ὲξήμεσε
1725 4369 1964 4442 βλασφη-

2075 4371 2206 4428 mias
2235 4373 2514 4444 depositus
2535 4385 2702 4432 esset.

383 4460 532 4530 μίαν.

451 4619 464 4648 ¹
499 4617 791 4673 Mendosus
823 4619 992 4674 locus.
1030 4619 1156 4689 [ρει.
1184 4629 1364 4673 autem
1404 4620 1804 4673 Κωνσταντίου.

447 4774 559 4842 (29)
585 4769 853 4841 Οὗτοςδέ
872 4774 1124 4845 ὡρμᾶτο.
1160 4776 1782 4846 'Oppaaeatsapissime
1809 4777 1952 4846 apud

376 4844 739 4916 lipiphanium
774 4856 828 4900 et
865 4844 1002 4900 aliOs
1035 4848 1174 4900 idem
1223 4844 1368 4900 valet
1400 4844 1567 4916 atque
1599 4847 1767 4916 oriri;
1804 4844 1951 4916 quod

372 4914 559 4971 i-t'rios
604 4917 706 4970 hoc
759 4917 878 4969 loco
913 4932 1101 4971 verum
1152 4914 1612 4970 existimavimus.
1670 4914 1778 4970 Sed
1821 4914 1950 4970 cum

373 4985 642 5040 Photinus
670 5002 776 5039 non
809 4985 1033 5052 Sirmio,
1068 4987 1160 5040 sed
1195 5004 1257 5041 ex
1292 4987 1646 5055 Gallograecia
1683 4988 1952 5042 oriundus

375 5057 560 5121 fuerit,
608 5066 666 5110 ut
697 5058 749 5109 iu
780 5058 874 5112 lib.
913 5056 986 5110 De
1024 5057 1207 5125 script.
1241 5057 1426 5128 eet-les.
1462 5058 1656 5112 scribit
1683 5057 1954 5128 Hierony-

371 5144 517 5190 mus,
566 5128 873 5182 consultius
920 5127 1163 5182 arbitror
1211 5127 1504 5196 prodeundi
1551 5128 1817 5182 vocabulo
1846 5127 1949 5192 uti,

370 5198 820 5267 quamroriundi.
884 5198 1065 5263 Quare
1115 5198 1188 5250 ita
1241 5199 1420 5267 potius
1479 5198 1950 5266 interpretandum

373 5268 494 5320 fuit.
530 5266 637 5340 Hie
672 5267 869 5340 Sirmio
901 5268 1171 5340 prodiens,
1218 5266 1321 5321 etc.
1363 5267 1454 5340 δίο
1484 5269 1630 5340 enim
1659 5267 1946 5340 Allierony-

371 5353 494 5408 unus
525 5355 538 5391 :
570 5336 827 5392 Photinus
870 5336 933 5393 de
967 5338 1321 5407 Gallograecia
1361 5337 1607 5394 Marcelli
1632 5336 1946 5408 discipulus,

370 5405 558 5460 Sirmii
603 5409 878 5476 episcopus
909 5405 1214 5466 ordinatus.
1251 5421 1356 5476 etc.

445 5470 711 5546 (summa
743 5470 842 5545 τῆς
875 5480 945 5532 ἐν
975 5479 1050 5547 τῇ
1093 5470 1376 5547 Σαρδικῇ
1405 5479 1498 5533 Bis
1519 5477 1947 5534 condemnatum

367 5561 492 5619 esse
521 5547 814 5601 Photinum
850 5551 1019 5603 tradit
1053 5549 1419 5618 Epiphanius:
1455 5554 1690 5619 primum
1726 5550 1780 5603 in
1811 5549 1942 5604 Sar-

368 5617 578 5688 diceusi
608 5620 816 5687 synodo
846 5636 860 5682 ;
891 5630 1003 5673 tum
1033 5617 1430 5684 in’Sirmiensi,
1455 5617 1590 5674 'cum
1626 5621 1943 5688 imperatori

372 5687 694 5744 Cortstantio
724 5690 964 5746 libellum
998 5690 1308 5747 obtulisset.
1343 5689 1645 5762 Utrumque
1670 5687 1773 5746 sub
1799 5687 1946 5746 Cou-

2049 4777 2656 4865 sta'ntioyeelehratum.
2685 4780 2811 4837 Ideo
2851 4786 3633 4865 cor_rigendus_ﬂieronymus,

2048 4849 2141 4922 qui
2171 4864 2200 4900 a
2234 4847 2614 4922 Valentiniano
2645 4853 2838 4922 imper.
2867 4847 3081 4922 pulsu'm
3113 4859 3182 4912 ab
3221 4847 3476 4916 Ecclesia‘
3491 4847 3635 4920 Plui-1

2049 4921 2224 5000 tinum
2267 4918 2530 4974 alIirmat:
2557 4918 2817 5000 nisipost
2850 4918 3208 5000 Sirmiensem
3240 4932 3509 5000 synodum
3538 4918 3636 4990 oc-

2049 4989 2230 5061 cultos
2261 5000 2568 5046 conventus
2597 4989 2861 5050 habuisse
2891 4997 3216 5061 dixerimus,
3249 4989 3302 5055 e't
3330 5016 3361 5053 a
3388 4989 3633 5060 Valenti-

2049 5060 2217 5142 nianp
2245 5063 2616 5142 proscriptum
2643 5062 2833 5142 fuisse.
2859 5064 3014 5131 Quod
3039 5084 3193 5142 exeo
3206 5060 3408 5142 deduci
3433 5083 3627 5142 potest.

2049 5130 2205 5210 quod.
2244 5133 2295 5183 in
2339 5132 2568 5210 epistola
2610 5130 3128 5210 synodic_a_icoucilii
3165 5130 3532 5210 Aquileiensis
3559 5130 3626 5201 ad

2050 5199 2392 5280 Gratianum,
2427 5199 2690 5280 valentia.
2731 5205 3168 5280 et_TI:eod_osium
3214 5199 3341 5280 i'mp.
3392 5199 3628 5273 Amhro;

2047 5272 2266 5352 sniusac
2294 5275 2477 5326 caeteri
2512 5273 2755 5344 episcopi
2801 5276 2872 5329 ita
2907 5277 3012 5332 sub
3043 5272 3625 5352 linemseripserunt:

2048 5339 2398 5422 Photini‘anoa
2429 5359 2648 5422 quoque,
2690 5339 2818 5413 duos
2845 5360 2894 5400 et
2915 5349 3171 5414 superiori
3211 5351 3318 5422 lege
3351 5339 3628 5414 'censuistis

2044 5411 2218 5464 nullo:
2245 5412 2420 5484 facere
2445 5411 2628 5468 debere
2651 5411 2954 5478 conventus,
2979 5411 3134 5484 prout
3165 5411 3280 5483 iani
3299 5432 3349 5476 et
3381 5411 3626 5479 sacerdo;

2047 5490 2158 5533 tum
2186 5483 2406 5535 concilio
2440 5488 2695 5538 sententia
2740 5487 2792 5538 in
2828 5503 2914 5540 eos
2939 5488 3050 5542 lata
3073 5501 3170 5546 est.
3207 5491 3443 5548 Palinure
3473 5497 3622 5552 iusti-

2041 5565 2151 5619 per,
2188 5562 2244 5604 ut
2277 5554 2522 5622 quoniam
2566 5555 2619 5607 in
2653 5554 2932 5628 Sirmiensi
2965 5561 3154 5628 oppido
3195 5563 3367 5616 adhuc
3405 5582 3623 5625 conven-

2043 5631 2126 5676 tus
2157 5633 2355 5678 tentare
2383 5641 2470 5678 eos
2496 5627 2852 5695 cognovimus,
2885 5629 3160 5686 clementia
3193 5644 3383 5700 vestra,
3409 5645 3516 5694 etc.
