4134 6386
476 267 582 322 375

1864 276 1921 330 S.
1964 277 2300 332 EPIPHANII

3616 284 3721 340 37‘}

549 373 648 427 Hic
671 374 944 431 Christum
971 393 999 432 a
1027 380 1293 451 principio
1318 389 1476 453 negat
1497 384 1786 451 exstitisse,
1823 386 1916 440 sed
1937 387 2049 457 jam

2221 392 2422 445 Φάσκει
2452 393 2507 444 δὲ
2531 385 2682 455 οὗτος
2703 432 2716 449 .
2747 391 3000 464 άπαρχῆς
3048 392 3136 446 τὸν
3168 393 3402 464 Χριστὸν
3437 395 3511 466 μὴ
3548 392 3719 464 εἶναι,

478 479 593 526 tum
621 487 650 525 a
680 471 844 526 Maria
866 473 1089 544 Virgine
1116 476 1328 531 initium
1357 479 1656 547 accepisse,
1689 495 1750 533 ac
1783 491 2050 536 recentem

477 579 631 618 esse:
665 581 733 617 ex
772 581 880 633 quo
905 565 1161 635 Spiritus,
1197 567 1390 638 inquit,
1427 577 1649 626 sanctus
1689 572 1739 624 in
1776 572 1926 626 illum
1960 572 2054 627 de—

481 655 713 719 scendit,
741 664 796 709 et
821 671 852 710 e
883 654 1087 726 Spiritu
1114 667 1304 713 sancto
1330 660 1544 730 genitus
1572 669 1676 715 est.
1726 660 1896 727 Quem
1931 663 2054 732 qui-

477 746 601 802 dem
639 745 903 817 Spiritum
940 757 1188 804 sanctum
1219 750 1422 806 Christi
1475 767 1597 808 esse
1648 761 1831 822 putat,
1877 753 2053 806 audax

479 842 831 906 architectus,
879 850 933 897 et
977 844 1302 909 caelestium,
1355 860 1476 914 qua:
1521 861 1773 900 sermone
1797 847 2053 914 explicari

478 941 777 1001 nequeunt,
819 933 1116 989 dimensor.
1155 933 1281 988 Fuit
1325 936 1412 990 hic
1451 944 1699 1006 prompta
1730 937 1796 990 ad
1832 937 2054 1006 loquen-

478 1025 608 1079 dum
643 1041 706 1079 ac
752 1026 976 1081 volubili
1029 1028 1232 1098 lingua,
1265 1028 1402 1084 adeo
1443 1035 1503 1082 ut
1531 1029 1820 1099 plerosque
1860 1029 2054 1082 verbo-

479 1131 601 1170 rum
651 1117 764 1186 ipsa
803 1119 1270 1187 pronuntiatione,
1318 1129 1372 1177 et
1424 1119 1638 1176 dicendi
1677 1121 1953 1176 celeritate
1997 1121 2053 1174 in

480 1205 723 1262 fraudem
749 1216 934 1278 posset
959 1211 1252 1279 impellere.
1292 1209 1447 1281 Saepe
1475 1212 1618 1267 enim
1648 1228 1677 1266 a
1707 1212 1892 1267 multis
1915 1209 2056 1266 refu-

481 1304 626 1354 tatus
655 1309 761 1363 est,
799 1311 921 1369 post
951 1301 1096 1355 illam
1132 1301 1216 1357 sui
1249 1303 1623 1374 purgationem
1651 1318 1816 1372 quam
1846 1303 1900 1356 in
1926 1301 2056 1357 Sar-

479 1389 689 1446 dicensi
717 1393 924 1463 synodo
951 1393 1208 1464 suscepit,
1224 1409 1350 1448 cum
1380 1395 1449 1448 ab
1477 1396 1748 1464 episc0pis
1786 1395 2056 1465 pestifera:

483 1483 765 1548 doctrinae,
799 1499 959 1554 quam
997 1493 1374 1554 proposuerat,
1411 1486 1676 1539 rationem
1713 1484 1940 1541 reddere
1971 1493 2057 1541 est

479 1571 691 1642 jussus.
753 1572 962 1628 Etenim
1002 1574 1389 1630 Constantium
1425 1576 1806 1645 imperatorem
1846 1577 2054 1642 adiens,

483 1669 740 1730 tanquam
769 1662 952 1733 inique
981 1664 1261 1733 depositus
1292 1672 1458 1727 esset,
1495 1680 1676 1722 causa:
1703 1682 1816 1722 sua:
1839 1667 2057 1737 iudices

2154 483 2262 537 ἀπὸ
2295 483 2350 536 δὲ
2396 484 2610 554 Μαρίας
2662 485 2755 537 καὶ
2799 484 2956 554 δεῦρο
2996 484 3156 537 αὑτὸν
3210 485 3506 556 ὑπάρχειν·
3548 487 3715 552 ἐξότε,

2155 576 2318 646 φησὶ,
2355 575 2415 628 τὸ
2457 575 2679 644 Πνεύμα
2713 575 2774 627 τὸ
2823 575 2977 643 ἅγιον
3021 575 3251 645 ἐπῆλθεν
3286 577 3372 629 ἐπ’
3401 577 3593 640 αὑτὸν,
3625 579 3719 631 καὶ

2154 667 2415 736 ἐγεννήθη
2463 667 2526 718 ἐκ
2572 665 2888 736 Πνεύματος
2939 664 3115 732 ἁγίου.
3171 666 3244 718 Τὸ
3287 666 3345 718 δὲ
3393 665 3619 735 Πνεῦμα
3660 665 3721 717 τὸ

2155 757 2306 826 ἅγιόν
2339 774 2536 827 φησιν,
2567 757 2642 820 ὠς
2669 757 2938 828 τολμηρὸς
2972 756 3334 826 ἁρχιτέκτων,
3371 757 3612 825 νομίζειν
3641 752 3720 807 εἷ-

2154 867 2240 902 ναι
2265 848 2359 902 τοῦ
2390 847 2649 919 Χριστοῦ,
2684 849 2777 901 καὶ
2817 848 2892 911 ὡς
2945 847 3350 918 ούρανομέτρης
3381 847 3489 899 τῶν
3514 847 3723 899 ἀνεκδι-

2153 940 2393 1009 ηγήτων.
2413 939 2605 1007 Γέγονε
2631 939 2686 992 δέ
2701 934 2852 1001 οὗτος
2881 940 2909 991 ὁ
2937 937 3197 1000 Φωτεινδς
3223 937 3380 999 λάλος
3395 937 3485 990 τδν
3499 937 3720 1006 τρόπον»

2154 1032 2248 1082 καὶ
2275 1028 2596 1099 ὡξυμμένος
2627 1028 2726 1100 τὴν
2765 1027 3012 1096 γλῶτταν
3034 1068 3049 1091 ,
3084 1027 3312 1089 πολλοὺς
3340 1029 3398 1081 δὲ
3423 1028 3723 1097 δυνάμενος

2154 1123 2366 1192 ἀπατᾷν
2410 1123 2477 1192 τῇ
2531 1121 2624 1175 τοῦ
2675 1121 2833 1188 λόγου
2899 1122 3150 1191 προφορᾷ
3206 1121 3300 1172 καὶ
3357 1120 3718 1191 ἐτοιμολογίᾳ.

2156 1211 2424 1274 Πολλάκις
2450 1211 2558 1283 γὰρ
2586 1211 2689 1265 ὑπὸ
2721 1211 2931 1264 πολλῶν
2953 1210 3308 1282 ἐλεγχόμενος
3336 1213 3430 1265 καὶ
3461 1210 3600 1281 μετὰ
3626 1210 3721 1280 τὴν

2153 1304 2275 1356 τότε
2300 1304 2599 1374 γενομένην
2637 1305 2694 1356 ἐν
2719 1306 2785 1374 τῇ
2817 1304 3050 1376 Σαρδικῇ
3083 1304 3250 1358 αὑτοῦ
3296 1304 3589 1374 ἀπολογίᾳ,
3633 1305 3724 1356 ὅτε

2156 1396 2264 1450 ἀπὸ
2305 1395 2413 1448 τῶν
2453 1394 2765 1449 ἐπισκόπων
2809 1394 3012 1466 ἐκλήθη
3064 1395 3244 1448 δοῦναι
3276 1395 3433 1463 λόγον
3462 1397 3588 1465 περὶ
3626 1396 3724 1464 τῆς

2157 1487 2248 1538 ὑπ’
2275 1484 2436 1539 αὑτοῦ
2466 1484 2864 1555 προδληθείσης
2893 1483 3271 1546 κακοπιστίας.
3305 1485 3414 1537 Καὶ
3439 1483 3548 1554 γάρ
3572 1479 3724 1545 οὗτος

2157 1576 2353 1647 ἠξίωσε
2384 1577 2760 1630 Κωνστάντιον
2783 1576 2873 1628 τὸν
2901 1575 3144 1645 βασιλέα,
3172 1576 3248 1637 ὡς
3281 1574 3456 1644 μάτην
3485 1575 3726 1646 καθῃρη-

2160 1666 2348 1736 μένος,
2392 1667 2542 1728 ὅπως
2583 1666 2858 1735 ἀκροατὰς
2903 1664 3056 1718 λάϐοι
3089 1660 3280 1727 αὖθις,
3319 1663 3413 1716 τοῦ
3447 1662 3727 1728 ἀποδεῖξαι

483 1769 546 1808 ac
578 1753 976 1824 disceptatores
1007 1756 1178 1825 petiit,
1221 1757 1421 1826 quibus
1458 1757 1660 1814 frustra
1689 1760 1792 1814 sibi
1822 1759 2053 1830 abroga-

2169 1756 2346 1810 ἑαυτὸν
2383 1757 2558 1825 μάτην
2600 1756 3006 1826 καθῃρημένον.
3051 1755 3214 1809 Ὅθεν
3254 1757 3283 1808 ὁ
3328 1756 3425 1825 μὲν
3474 1755 3728 1823 βασιλεὺς

481 1855 596 1900 tum
639 1862 761 1903 esse
813 1849 1178 1904 sacerdotium
1229 1851 1501 1920 probaret.
1555 1851 1637 1906 0b
1675 1852 1727 1906 id
1761 1853 2056 1922 imperator

478 1938 694 2005 judices
727 1939 898 2004 misit,
943 1941 1085 2011 apud
1119 1957 1256 2011 quos
1297 1943 1388 1998 ille
1422 1958 1644 1999 causam
1677 1953 1878 2015 ageret,
1909 1943 2055 1998 Tha-

484 2031 709 2088 lassium
743 2040 796 2087 et
825 2032 1132 2099 Datianum,
1161 2034 1488 2101 Cerealium,
1530 2036 1794 2103 Taurum,
1832 2038 2058 2092 Marcel-

483 2122 678 2187 linum,
697 2123 1044 2188 Evanthium,
1071 2123 1378 2196 Olympium
1415 2135 1469 2180 et
1496 2125 1805 2190 Leontium,
1838 2126 2056 2180 datum-

482 2226 589 2279 que
629 2211 826 2266 Basilio
873 2212 1164 2284 Aneyrano
1205 2215 1504 2285 negotium,
1555 2224 1611 2269 ut
1643 2216 1794 2270 illum
1827 2217 2060 2272 interro-

485 2312 658 2372 garet,
691 2313 744 2358 et
766 2319 886 2372 qua:
913 2305 982 2360 ab
1005 2319 1071 2359 eo
1092 2313 1479 2376 purgarentur,
1507 2316 1600 2360 aut
1625 2307 2057 2371 admitterentur,

485 2394 772 2450 refelleret.
799 2395 922 2451 Fuit
945 2413 1073 2452 vero
1101 2398 1245 2452 haud
1269 2399 1562 2454 mediocris
1592 2399 1682 2453 illa
1709 2414 1834 2454 cum
1859 2400 2060 2455 Basilio

486 2495 738 2556 suscepta
792 2487 1108 2557 disputatio.
1188 2487 1293 2544 Sed
1343 2490 1689 2560 nequissimae
1735 2491 2064 2546 mulierculae

489 2595 660 2644 more,
708 2596 828 2650 quae
868 2581 1006 2637 fucis
1038 2581 1274 2637 colorem
1313 2582 1603 2648 adulterat,
1659 2587 1958 2641 sententias
2007 2585 2061 2638 in

487 2672 814 2743 disputando
845 2674 1134 2728 nonnullas
1165 2674 1472 2742 injiciebat:
1504 2690 1642 2744 quas
1672 2689 1701 2728 a
1731 2691 1896 2730 sensu
1925 2675 2065 2730 veri-

487 2764 618 2818 tatis
651 2750 1004 2818 abhorrentes
1037 2764 1327 2832 depravata
1361 2779 1460 2818 sua
1494 2764 1847 2835 intelligentia
1876 2779 2066 2818 corru—

489 2863 662 2925 perat.
723 2853 830 2910 Sed
859 2856 1128 2911 sermonis
1159 2856 1452 2910 calliditate
1495 2871 1560 2910 ac
1606 2857 1863 2926 loquendi
1894 2856 2066 2910 facili—

489 2957 600 3002 tate
626 2947 695 3001 ad
748 2947 836 3002 sui
867 2947 1288 3017 auditorumque
1325 2948 1698 3018 deceptionem
1721 2964 1844 3002 eum
1877 2947 2066 3018 primis

2156 1851 2274 1901 κατ’
2323 1850 2499 1900 ἐκεῖνο
2544 1848 2736 1919 καιροῦ
2778 1847 3049 1917 ἐξέπεμψε
3086 1847 3280 1918 κριτὰς
3329 1847 3424 1901 καὶ
3455 1847 3728 1916 ἀκροατάς

2156 1941 2257 2009 τῆς
2281 1939 2446 1992 αὐτοῦ
2479 1940 2777 2010 μελλούσης
2821 1940 3039 1992 ἔσεσθαι
3077 1940 3390 2007 ἀπολογίας,
3433 1939 3732 1992 Θαλάσσιον

2158 2031 2250 2084 καὶ
2297 2030 2555 2084 Δατιανὸν
2600 2031 2691 2083 καὶ
2717 2029 3010 2100 Κερεάλιον
3053 2031 3145 2082 καὶ
3187 2029 3400 2101 Ταῦρον
3439 2030 3534 2082 καὶ
3578 2031 3732 2099 Map-

2159 2123 2396 2176 κελλῖνον
2437 2125 2530 2178 καὶ
2571 2124 2830 2177 Εὑάνθιον
2867 2123 2959 2176 καὶ
2997 2123 3290 2194 Ὀλύμπιον
3335 2123 3430 2175 καὶ
3458 2124 3729 2180 Λεόντιον,

2160 2215 2440 2269 Βασιλείου
2473 2214 2567 2268 τοῦ
2612 2213 2972 2284 Ἀγκυριανοῦ
3002 2215 3098 2278 τὰς
3131 2214 3298 2268 αὐτοῦ
3326 2214 3548 2276 πεύσεις
3596 2217 3735 2285 ἐρω-

2158 2310 2380 2373 τῶντος,
2430 2309 2524 2362 καὶ
2559 2307 2929 2375 ἀντιλέγοντος
2973 2309 3084 2369 τοῖς
3123 2307 3212 2358 ὑπ’
3245 2305 3410 2360 αὑτοῦ
3449 2305 3735 2376 μέλλουσιν

2161 2399 2566 2469 ἀπολογεῖσθαι,
2610 2399 2642 2470 ἢ
2694 2399 2790 2453 καὶ
2840 2398 3255 2469 καταδέχεσθαι.
3308 2399 3384 2451 Οὐ
3429 2397 3632 2468 μικράν
3677 2396 3735 2449 δὲ

2160 2491 2394 2558 διάλεξιν
2434 2491 2568 2563 πρὸς
2610 2490 2701 2544 τὸν
2745 2490 2905 2543 αὐτὸν
2960 2489 3220 2560 βασιλέα³
3249 2491 3574 2558 ἐποιήσατο·
3616 2487 3735 2542 ἀλλ’

2163 2583 2350 2655 ὥσπερ
2379 2582 2894 2654 παρατετριμμένης
2922 2581 3132 2652 φαύλης
3153 2581 3408 2650 γυναικὸς
3431 2581 3491 2633 τὸ
3516 2581 3734 2652 χρῶμα,

2161 2675 2250 2729 διὰ
2277 2675 2384 2727 τῶν
2416 2675 2588 2743 λόγων
2611 2672 2775 2727 αὑτοῦ
2811 2672 3120 2744 παρέφερεν
3147 2674 3205 2726 ἐν
3235 2676 3301 2743 τῇ
3333 2671 3564 2737 διαλέξει
3595 2672 3737 2741 ρητὰ

2163 2763 2443 2818 ἀσύστατα
2485 2763 2621 2833 πρὸς
2650 2763 2749 2832 τὴν
2784 2761 3023 2836 διάνοιαν
3058 2762 3156 2832 τῆς
3188 2761 3482 2831 ἀληθείας,
3513 2761 3644 2814 ὄντα
3681 2761 3740 2813 δὲ

2165 2852 2331 2906 αὑτοῦ
2357 2855 2422 2924 τῇ
2457 2852 2634 2922 ἐννοίᾳ
2662 2851 3201 2922 παραπεποιημένως
3229 2851 3516 2922 νοούμενα.
3552 2851 3652 2904 Διὰ
3681 2851 3740 2902 δὲ

2165 2945 2265 3016 τῆς
2289 2943 2574 3014 ἀπατηλῆς
2618 2943 2782 2997 αὑτοῦ
2811 2942 3054 3013 φθογγῆς
3085 2943 3175 2996 καῖδ
3228 2943 3622 3012 ἐτοιμολογίας,
3659 2944 3741 3004 εἰς

490 3040 813 3104 instructus,
835 3039 998 3094 etiam
1031 3040 1162 3093 illud
1185 3039 1396 3108 jactare
1418 3048 1737 3110 arroganter
1764 3054 1931 3094 ausus
1960 3048 2064 3100 est,

2169 3033 2507 3104 κατασκευὴν
2549 3031 2716 3087 αὐτοῦ
2762 3050 2821 3086 τε
2870 3032 2966 3088 καὶ
3014 3033 3124 3087 τῶν
3163 3034 3474 3088 ἀκουόντων
3512 3032 3602 3085 διὰ
3639 3033 3742 3102 τῆς

429 3181 432 3184 .
491 3138 708 3184 centum
743 3145 802 3184 se
852 3129 1149 3200 Scriptum
1201 3129 1534 3185 testimoniis
1570 3129 1879 3199 opinionem
1913 3144 2067 3183 suam

493 3237 616 3276 esse
640 3221 1010 3290 probaturum.
1049 3220 1200 3275 Multi
1228 3220 1374 3276 enim
1406 3219 1669 3276 adversus
1691 3221 1842 3274 illum
1871 3220 1924 3273 in
1956 3233 2072 3273 cer-

496 3320 677 3367 tamen
720 3311 1138 3374 descenderunt,
1187 3319 1247 3365 ut
1290 3311 1344 3364 in
1388 3312 1527 3366 actis
1572 3309 1877 3364 collationis
1925 3308 2070 3363 illius

493 3419 622 3458 cum
657 3401 856 3458 Basilio
884 3403 1204 3473 reperimus,
1244 3418 1364 3472 qua:
1391 3417 1420 3454 a
1463 3403 1692 3456 notariis
1713 3409 1935 3470 excepta
1963 3407 2068 3463 est,

501 3495 705 3566 Anysio
757 3495 1100 3563 imperatoris
1148 3494 1458 3561 ministro‘,
1509 3503 1564 3548 et
1594 3493 1885 3547 Callicrate
1915 3508 2072 3547 exce-

497 3597 654 3658 ptore
681 3585 865 3640 Ruﬁni
893 3586 1157 3656 praefecti,
1188 3584 1456 3658 Olympio,
1490 3585 1656 3656 830
1679 3585 1887 3648 Niceta,
1922 3584 2072 3638 Basi-

497 3679 593 3741 lio,
608 3677 702 3747 qui
735 3684 892 3732 erant
909 3691 938 3729 a
956 3677 1235 3740 memoria,
1258 3676 1498 3746 Eutyche
1513 3686 1567 3730 et
1583 3675 1860 3730 Theodulo
1887 3674 2070 3729 Basilii

499 3769 750 3824 notariis.
800 3768 1010 3833 Quibus
1049 3768 1301 3822 omnibus
1344 3767 1684 3839 perscriptis,
1721 3775 1900 3820 tomus
1931 3782 2074 3822 unus

501 3857 822 3928 obsignatus
868 3858 934 3912 ad
986 3857 1363 3928 imperatorem
1403 3857 1821 3913 Constantinum
1873 3858 2073 3913 missus

503 3957 621 4015 est;
663 3949 802 4003 alius
847 3965 1014 4018 penes
1054 3951 1342 4023 synodum,
1389 3951 1479 4006 cui
1518 3950 1752 4006 Basilius
1790 3952 2072 4016 intererat,

506 4044 788 4097 remansit.
831 4043 1073 4099 Tertium
1103 4045 1328 4115 perinde
1356 4046 1703 4116 obsignatum
1733 4046 1873 4117 apud
1896 4063 1954 4103 se
1982 4062 2076 4102 c0-

505 4131 662 4186 mites
688 4131 1022 4200 habuerunt,
1051 4135 1142 4189 ubi
1167 4143 1277 4190 tota
1307 4136 1454 4192 illius
1501 4136 1772 4206 dogmatis
1805 4137 2076 4208 expositio

506 4222 901 4279 continebatur.

2171 3127 2416 3196 γλώσσης
2455 3123 2634 3178 αὐτῶν
2662 3123 3065 3195 ἡτοιμασμένος
3084 3163 3099 3190 ,
3132 3126 3227 3178 καὶ
3257 3124 3393 3196 μετὰ
3425 3125 3744 3195 καυχήσεως

2171 3219 2300 3290 περὶ
2326 3217 2426 3287 τῆς
2448 3216 2753 3280 ὑποθέσεως
2783 3218 2977 3270 ἐκατδν
3011 3217 3318 3288 μαρτυρίας
3347 3217 3535 3290 φέρειν
3563 3221 3592 3270 ὁ
3617 3234 3744 3285 γενο
3789 3233 3793 3236 λ

2170 3312 2330 3375 νάδας
2375 3309 2755 3381 ἐπηγγείλατο.
2806 3309 2916 3363 Καὶ
2961 3309 3073 3381 γὰρ
3122 3309 3274 3362 τῶν³
3328 3308 3417 3363 ἀεὶ
3482 3307 3741 3370 πολλάκις

2173 3403 2308 3474 πρὸς
2331 3402 2491 3454 αὐτὸν
2520 3399 2968 3463 ἀντιὸαλλόντων,
3002 3400 3078 3463 ὡς
3103 3401 3197 3453 καὶ
3229 3400 3288 3451 ἐν
3319 3403 3385 3470 τῇ
3417 3399 3552 3471 πρὸς
3579 3399 3745 3452 Βασί-

2172 3496 2312 3548 λειον
2348 3493 2576 3558 διαλέξει
2607 3492 2869 3562 εὕρομεν,
2905 3492 2962 3543 ἐν
2997 3489 3079 3554 οἷς
3130 3491 3422 3544 ἐκέλευσαν
3467 3492 3744 3562 ταχυγράσ

2174 3601 2289 3653 φοις
2323 3584 2576 3654 γράφειν,
2620 3581 2846 3650 Ἀνυσίῳ
2892 3581 3122 3651 διακόνῳ
3149 3581 3242 3633 τοῦ
3275 3581 3535 3651 βασιλέως
3563 3581 3581 3609 ⁸
3608 3580 3744 3650 (31),

2174 3677 2267 3729 καὶ
2317 3673 2679 3746 Καλλικράτει
2739 3672 3070 3744 ἐκσκέπτορι
3124 3672 3260 3741 (52)
3319 3672 3600 3740 Ῥουφίνου
3649 3671 3746 3723 τοῦ

2175 3766 2437 3836 ἐπάρχου,
2480 3765 2572 3818 καὶ
2614 3762 2893 3833 Ὀλυμπίῳ
2946 3763 3040 3815 καὶ⁹
3095 3762 3308 3833 Νικήτῃ
3350 3762 3444 3813 καὶ
3483 3759 3747 3829 Βασιλείῳ

2174 3855 2534 3928 Μεμοραδίοις
2567 3855 2698 3925 (55),
2729 3856 2821 3908 καὶ
2844 3854 3092 3923 Εύτυχεί,
3139 3854 3233 3905 καὶ
3259 3851 3553 3922 Θεοδούλῳ,
3590 3868 3749 3904 νοταο

2177 3951 2312 4022 ρίοις
2343 3949 2440 4001 τοῦ
2465 3947 2744 4000 Βασιλείου
2771 3946 2880 4015 (54)
2899 3963 2910 3974 ·
2945 3947 3039 3998 καὶ⁵
3064 3945 3344 4013 ἀπεστάλη
3376 3943 3749 4016 ἐσφραγισμέ-

2175 4058 2264 4105 νος
2318 4041 2480 4111 τόμος
2530 4034 2609 4103 εἷς
2659 4038 2736 4110 τῷ
2793 4038 3001 4108 βασιλεῖ
3056 4037 3527 4107 Κωνσταντίνῳ⁸’
3573 4031 3652 4098 εἷς
3691 4035 3749 4087 δὲ

2177 4133 2390 4203 ἔμεινεν
2432 4133 2489 4184 ἐν
2523 4134 2590 4202 τῇ
2621 4129 2760 4184 κατὰ
2789 4129 3066 4183 Βασίλειον
3103 4129 3331 4200 συνόδῳ·
3362 4129 3454 4181 καὶ
3483 4126 3640 4190 ἄλλος
3671 4127 3750 4178 τόο

2182 4241 2279 4294 μος
2330 4224 2466 4294 μετὰ
2509 4222 2616 4276 τῶν
2665 4223 2940 4291 κομήτων,
2985 4221 3245 4282 ὡσαύτως
3293 4220 3749 4292 ἐσφραγισμένος,

2179 4316 2253 4377 ὡς
2278 4316 2299 4346 ⁵
2333 4313 2400 4366 τὰ
2423 4314 2520 4382 τῆς
2551 4312 2716 4366 αὐτοῦ
2751 4312 3004 4375 ὑπονοίας
3036 4311 3361 4381 βεϐλημένα.

579 4398 642 4456 ll.
675 4399 845 4456 Porro
867 4417 990 4457 cum
1016 4403 1083 4458 de
1110 4403 1202 4459 illo
1242 4403 1474 4460 Basilius
1521 4406 1915 4473 sciscitaretur,
1940 4421 2066 4476 quo-

2253 4406 2329 4458 B'.
2373 4405 2572 4458 Εἵποτε
2601 4405 2709 4474 γὰρ
2740 4405 2769 4456 ὁ
2796 4404 3069 4465 Βασίλειος
3097 4402 3397 4473 ἠρώτησεν,
3426 4404 3506 4456 ὅτι
3543 4401 3660 4464 πῶς
3697 4403 3754 4454 αἱ

508 4492 672 4548 modo
718 4493 1014 4564 Scriptura:
1056 4511 1225 4551 sacra:
1270 4499 1338 4551 de
1378 4497 1606 4552 Domino
1660 4513 1724 4551 ac
1763 4495 1871 4552 Deo
1906 4495 2077 4551 Verbo

508 4584 790 4651 docerent,
827 4595 982 4642 «ante
1017 4590 1198 4642 omnia
1229 4589 1426 4644 saecula
1450 4587 1796 4661 Unigenitum
1823 4589 1994 4654 illum,
2023 4597 2078 4643 et

583 4743 601 4775 ¹
626 4745 735 4797 Alii
759 4743 943 4800 Basilii
973 4745 1220 4800 diacono.
1297 4749 1317 4777 '
1342 4747 1468 4802 Cor.
1499 4746 1796 4805 Βασίλειον.

511 4816 534 4847 ⁶
553 4812 617 4870 F.
637 4815 793 4868 ὅπου.

585 4924 697 4996 (3i)
744 4925 990 4990 Ἅνυσίῳ
1039 4928 1292 4996 διακόνῳ
1347 4931 1453 4985 τοῦ
1490 4931 1816 4996 βασιλέως.
1859 4928 2086 4984 Videtur

513 4993 1107 5071 Bact}§£00_leg.__8ed
1154 4993 1400 5053 nonnihil
1435 4993 1734 5071 suspensos
1773 4993 1873 5054 nos
1913 5007 2082 5059 tenet,

515 5065 660 5133 quod
688 5065 778 5140 hic
810 5065 996 5140 Basilii
1024 5067 1290 5140 diaconus
1325 5065 1650 5140 appellatur,
1685 5073 1941 5124 nimirum
1971 5071 2084 5140 An-

516 5135 727 5204 cyrani,
760 5136 852 5203 qui
907 5138 1110 5208 actoris
1160 5149 1343 5206 partes
1359 5135 1682 5194 sustinebat
1715 5159 1728 5194 :
1762 5156 1824 5193 ac
1858 5139 2086 5208 proinde

516 5214 806 5328 suspectus
833 5220 956 5260 esse
985 5206 1218 5262 Photino
1246 5209 1512 5264 diaconus
1539 5211 1682 5264 illius
1713 5206 1940 5278 poterat.

591 5275 607 5328 ί
647 5273 703 5328 2)
751 5276 1147 5328 Καλλικράτει
1193 5278 1566 5328 ἐκσκέπτοοι.
1613 5279 1891 5328 Ἐπαονοε

591 5273 703 5342 (32)
751 5276 1166 5350 Καλλικράτει
1188 5278 1566 5350 ρκσκέπτορι.
1613 5273 1891 5350 Ἐτέαρχος
1948 5295 2087 5350 prte-

516 5341 721 5417 fecttrm
751 5341 993 5417 prastorii
1032 5348 1322 5417 signiﬁcat.
1351 5341 1650 5404 Carnarius
1663 5341 2099 5416 vero'prmsidem

753 5412 1134 5470 ’Credideriin
1197 5417 1515 5487 praefectum
1575 5412 1834 5489 praetorio
1896 5418 2097 5488 lllyrici

546 5498 712 5538 uisse.

593 5552 725 5628 (55)Δ
759 5552 871 5606 Καὶ
902 5555 1199 5628 Βασιλείᾳ)
1238 5557 1648 5628 Μεμοραδίοις.
1695 5557 1952 5612 Fortasse
1987 5560 2097 5628 Με-

525 5621 830 5697 μοραρίοις,
873 5625 1030 5692 quasi
1082 5621 1430 5683 Memorario—s
1486 5621 1663 5692 vocet,
1695 5631 1787 5697 qui
1824 5639 1951 5683 sunt
1981 5627 2095 5680 Me-

521 5692 770 5747 moriales
799 5708 1072 5763 :quorum
1096 5697 1374 5766 proprium
1396 5715 1593 5756 munus
1619 5692 1734 5754 crat
1766 5700 1909 5770 leges
1937 5708 2093 5754 etre-

2185 4497 2325 4551 θεῖαι
2372 4497 2585 4568 Γραφαὶ
2631 4497 2939 4550 διδάσκουσι
2979 4495 3227 4566 περίτοῦ
3258 4497 3463 4566 Κυρίου
3487 4496 3578 4548 τοῦ
3618 4494 3754 4548 Θεοῦ

2184 4589 2356 4657 Λόγου
2388 4611 2406 4640 ι
2428 4589 2532 4658 πρὸ
2557 4587 2768 4642 αἰώνων
2791 4583 2928 4641 εἶναι
2951 4587 3042 4641 τὸν
3055 4588 3330 4656 Μονογενὶν·
3376 4589 3467 4642 καὶ
3501 4589 3597 4641 σὺν
3639 4589 3754 4645 Πα-

1893 4744 2066 4802 ³Ὲ.κ

2169 4763 2178 4797 ι
2207 4744 2336 4798 τῶν.
2411 4741 2438 4773 ⁸
2465 4741 2591 4796 Cor.
2627 4741 2904 4794 Βασιλείου
2935 4741 3080 4812 legit.
3157 4744 3177 4774 ⁵
3199 4741 3326 4796 Cor.
3371 4743 3754 4809 Κωνσταντίῳ,

2188 4928 2395 4995 scripta
2425 4923 2699 4995 excipere,
2731 4937 2795 4977 ac
2838 4923 3194 4995 perscribere.
3217 4923 3387 4995 Aliud
3417 4932 3502 4978 est
3532 4941 3760 4995 μεμορο-

2188 4991 2382 5062 φύλαξ,
2411 5001 2464 5048 et
2498 4991 2797 5063 μεμορίτης
2842 4991 2898 5046 in
2942 4993 3174 5063 concilio
3202 4991 3483 5056 Chalced.,
3530 4991 3638 5047 act.
3669 4991 3757 5059 tv;

2187 5067 2289 5119 hoc
2317 5073 2398 5119 est
2424 5066 2453 5116 ὁ
2483 5066 2539 5116 ἐν
2574 5062 2853 5133 μεμορίοις
2877 5062 3163 5133 κατοικῶν.
3204 5063 3307 5126 Qui
3355 5064 3420 5117 ad
3470 5065 3763 5120 memorias

2187 5144 2492 5203 martyrum
2526 5143 2580 5186 et
2621 5134 2677 5186 in
2709 5132 2957 5203 ecclesiis
2997 5133 3193 5203 ibidem
3225 5133 3505 5203 collocatis
3532 5133 3759 5203 habitat.

2259 5201 2370 5274 (54)
2402 5204 2708 5271 Νοταρίοις
2743 5202 2850 5254 τοῦ
2894 5202 3237 5274 Βασιλεία).
3285 5201 3414 5274 Cor.
3457 5202 3759 5274 Βασιλέως.

2189 5271 2505 5330 Habuerunt
2543 5281 2726 5326 tamen
2771 5273 2824 5324 in
2865 5271 3117 5326 conciliis
3144 5283 3195 5324 et
3226 5271 3470 5341 episcopi
3512 5273 3763 5327 notarios

2204 5361 2365 5407 suos,
2411 5353 2574 5411 atque
2613 5354 3035 5411 exceptoresac
3066 5341 3237 5394 ferme
3274 5342 3558 5411 diaconos,
3602 5350 3662 5394 ut
3695 5357 3762 5395 ex

2201 5415 2459 5470 Chalced.
2489 5409 2644 5467 conc.
2669 5409 2904 5465 constat.
2936 5409 3039 5463 Sed
3068 5419 3120 5463 et
3148 5410 3289 5478 apud
3318 5411 3548 5477 August.
3580 5412 3676 5465 lib.
3703 5427 3762 5466 ιιι

2199 5496 2382 5539 contra
2411 5483 2672 5537 Crescent.
2707 5497 2826 5548 cap.
2856 5480 2923 5533 29
2970 5484 3023 5532 in
3068 5480 3209 5533 Actis
3255 5481 3622 5534 consularibus
3662 5481 3768 5535 sub

2198 5555 2515 5624 ZenOphilo,
2563 5550 2932 5604 Nnndinarius
2966 5549 3189 5624 Silvani
3229 5549 3537 5606 Cirthensis
3585 5550 3767 5605 Dona-

2199 5620 2634 5680 tistm'diacouus
2663 5629 2920 5690 exceptor
2947 5620 3166 5674 dicitur.
